3892 6454
185 328 361 399 156]
500 370 508 377 ο
1374 334 1455 398 1N
1498 337 1938 402 LEVITICUM.
1974 363 2041 373 —
2086 338 2235 399 LIB.
2276 338 2378 399 VI.
2501 390 2505 396 .
3386 350 3523 417 1062

187 451 493 505 diritatem
520 460 667 506 tuam
697 451 831 504 sicut
853 448 1047 512 Aquila
1083 449 1149 501 ⁸³.
1180 448 1287 503 Sed
1319 457 1375 502 ct
1403 450 1472 504 tle
1498 452 1701 522 populo
1731 451 1827 505 Ju—
1859 461 1901 512 Λ
1938 451 2030 519 qui
2052 449 2363 505 oll‘eruntnr
2389 452 2444 504 in
2475 453 2805 520 sanctuario,
2846 455 2917 511 ita
2946 457 3229 527 duntaxat,
3266 471 3324 517 ut
3377 466 3522 522 intra

187 538 499 604 eteorum,
584 540 699 593 sive
746 538 1032 608 proditore
1070 537 1230 602 Juda,
1289 540 1598 593 communis
1677 540 1823 594 enim
1928 541 2108 595 velum
2138 557 2249 597 non
2276 542 2633 613 ingrediatur,
2652 561 2757 601 nec
2783 550 3006 606 accedat
3052 552 3118 605 ad
3170 555 3359 620 altare,
3393 559 3523 626 quia

186 642 423 682 corium
465 640 550 683 est
584 628 865 696 iniquitas,
899 628 1030 683 dicit
1061 644 1075 681 :
1103 628 1388 697 Fiautﬁlii
1418 630 1533 698 ejus
1577 631 1821 700 orpliani,
1929 632 2197 687 maculam
2226 633 2412 699 habet,
2441 647 2497 690 et
2536 640 2915 695 contaminare
2947 656 3059 696 non
3084 644 3247 699 debet
3269 656 3524 705 sanctua-

187 730 260 772 ει
288 737 436 774 υτον
464 722 578 790 ejus
607 722 766 774 vidua
794 721 860 785 ⁸³,
912 720 1089 790 ipsam
1145 728 1328 774 autem
1383 722 1724 790 repudiatam
1770 730 1827 777 et
1928 720 2069 774 rium
2101 736 2308 785 meum,
2341 737 2443 793 ego
2477 724 2749 781 Dominus
2777 728 2871 797 qui
2903 731 3190 785 sanctiﬁco
3226 748 3340 787 vos.
3390 754 3407 785 ι

184 813 452 868 Viduam
483 814 787 869 secundum
812 827 875 866 ea
896 828 1017 882 quae
1034 820 1164 866 ante
1201 813 1485 882 paululum
1521 814 1665 869 dicta
1695 824 1826 870 sunt
2001 811 2057 866 Si
2083 814 2386 868 secundum
2422 814 2659 870 litteram
2699 817 2844 873 hanc
2896 820 3241 876 sanctionem
3269 825 3522 895 accipere

185 904 607 975 intelligimus.
644 902 947 973 Repudiata
987 912 1073 958 est
1127 903 1275 958 enim
1306 920 1336 957 a
1391 905 1486 959 Dei
1537 906 1821 971 societate,

188 1010 351 1049 cum
384 996 548 1050 idolis
585 995 885 1059 fornicans,
911 1004 1136 1066 propter
1153 996 1299 1066 quod
1331 1011 1452 1050 eam
1486 997 1541 1051 in
1567 1000 1826 1071 eonjugio

188 1087 489 1157 accipere
523 1101 634 1140 non
656 1087 882 1156 patitur,
904 1096 963 1140 ut
1017 1087 1289 1158 intelligas
1327 1088 1455 1158 quia
1513 1104 1634 1143 eam
1694 1105 1826 1145 con-

194 1179 626 1241 versationem,
647 1193 769 1247 quae
800 1178 856 1231 in
887 1176 1100 1232 umbris
1152 1185 1207 1231 et
1261 1177 1451 1248 ﬁguris
1500 1188 1584 1234 est
1638 1181 1825 1249 prohi-

202 1272 378 1333 buit,
401 1279 458 1325 et
488 1271 544 1324 in
570 1270 723 1323 nullo
745 1269 797 1324 ei
829 1269 1244 1325 communicare
1310 1275 1426 1325 vult
1473 1271 1596 1335 hos,
1627 1273 1722 1342 qui
1772 1273 1824 1328 ei

211 1371 567 1434 exspectant
586 1378 684 1433 per
717 1362 886 1417 vitam
915 1362 1139 1427 bonam,
1193 1361 1469 1433 ﬁdemque
1521 1364 1820 1420 cohaerere.

212 1455 399 1510 Unde
442 1470 565 1510 cum
621 1455 792 1509 semel
848 1453 1072 1509 dixisset
1113 1469 1131 1509 :
1185 1454 1431 1508 Puellam
1459 1456 1715 1526 uirginem
1761 1458 1825 1510 de

202 1547 423 1617 populo
455 1563 568 1611 suo,
600 1547 709 1599 sive
730 1560 917 1614 genere
938 1561 1037 1598 suo
1076 1544 1334 1616 “accipiet,
1372 1561 1482 1600 non
1529 1554 1824 1601 contentus

206 1640 350 1705 fuit,
374 1639 647 1695 subdidit:
690 1637 938 1701 Viduam,
972 1646 1020 1692 et
1040 1638 1365 1692 meretricem
1403 1646 1456 1691 et
1484 1640 1823 1707 repudiatam

204 1748 329 1787 non
360 1732 600 1800 accipiet.
633 1729 951 1785 Secundum
982 1728 1128 1783 LXX
1161 1738 1346 1784 autem
1378 1748 1391 1784 :
1446 1730 1711 1802 Virginem
1758 1734 1823 1786 de

1927 903 2287 972 voluerimus,
2320 908 2595 975 quomodo
2648 908 2977 980 legislatoris
3025 928 3145 968 esse
3170 914 3325 984 juxta
3367 918 3520 973 vide—

1926 993 2075 1049 bitur
2098 996 2363 1051 intentio?
2400 998 2588 1068 Neque
2639 1001 2785 1054 enim
2829 1003 3111 1058 voluntate
3159 1020 3257 1060 sua
3291 1009 3520 1064 macula:

1929 1083 2250 1140 hominibus
2281 1088 2563 1142 eveniunt.
2623 1088 2912 1156 Quomodo
2958 1094 3089 1166 ergo
3147 1111 3258 1152 non
3327 1099 3522 1154 incon-

1928 1192 2122 1246 gruum
2152 1187 2237 1232 cst
2270 1178 2326 1232 in
2363 1180 2467 1238 his.
2499 1196 2621 1250 qua:
2638 1193 2833 1252 Sponte
2862 1200 2973 1241 non
3027 1187 3198 1256 ﬁunt,
3250 1193 3512 1246 sacerdo-

1928 1275 2041 1322 tem
2061 1268 2129 1322 ab
2160 1268 2339 1324 ollicio
2370 1273 2584 1341 repelli.
2616 1271 2757 1338 Quid
2791 1286 2974 1331 autem
3003 1286 3057 1332 et
3110 1279 3155 1333 si
3229 1281 3354 1350 quis
3412 1284 3518 1338 hoc

1927 1358 2109 1428 ipsum
2138 1361 2275 1433 legis
2304 1376 2643 1433 cognoscens
2698 1377 3068 1437 praeceptum,
3121 1374 3392 1429 sacerdoti
3428 1375 3516 1429 in-

1925 1452 2122 1508 videns
2142 1496 2156 1520 ,
2181 1454 2490 1509 membrum
2526 1455 2644 1525 ejus
2663 1497 2677 1522 ,
2705 1473 2928 1513 manum
2951 1502 2966 1525 ,
3014 1462 3102 1517 vel
3158 1464 3351 1532 pedem
3373 1509 3388 1532 ,
3420 1476 3519 1521 aut

1924 1546 2146 1611 oculum
2169 1587 2182 1606 ,
2202 1552 2301 1598 aut
2333 1545 2535 1616 aliquid
2565 1546 2715 1602 aliud
2735 1549 3008 1619 attriverit
3029 1593 3043 1616 ,
3071 1563 3167 1608 aut
3201 1555 3244 1609 si
3263 1571 3517 1627 pugnans

1926 1644 2114 1691 contra
2145 1637 2502 1708 alienigenas,
2519 1647 2574 1693 et
2596 1653 2694 1709 pro
2718 1642 2923 1697 sanctis
2949 1642 3045 1698 Dei
3073 1655 3346 1715 armatus,
3370 1665 3516 1719 prae-

1925 1744 2046 1785 esse
2061 1730 2210 1784 enim
2232 1731 2391 1786 bellis
2416 1731 2729 1788 sacerdotes
2750 1732 2805 1787 in
2838 1735 3264 1795 Deuteronomio
3284 1741 3351 1795 "9.
3366 1741 3517 1814 Moy-

204 1841 421 1895 genere
444 1840 538 1878 suo
564 1823 807 1892 accipiet,
837 1831 896 1878 ut
916 1822 1153 1892 primum
1177 1822 1311 1877 illud
1335 1820 1558 1893 quidem
1579 1825 1647 1879 de
1669 1825 1821 1880 omni
1854 1801 1895 1854 Β
1925 1836 2014 1877 ses
2044 1823 2339 1892 prmcepit,
2382 1823 2585 1879 vulnus
2620 1826 2830 1895 accepit
2851 1868 2866 1892 ,
2902 1842 2971 1881 ex
3003 1845 3112 1899 quo
3145 1833 3403 1902 quaelibet
3454 1801 3517 1891 Hei

208 1918 503 1988 intelligas
528 1915 785 1970 Ecclesiae
799 1930 1031 1986 corpore
1076 1929 1093 1967 :
1144 1915 1250 1970 hoc
1284 1925 1469 1970 autem
1492 1917 1820 1979 secundum.

208 2009 289 2063 de
318 2008 509 2061 anima
538 2007 711 2061 omni.
749 2006 1222 2074 Quemadmodum
1255 2007 1405 2062 enim
1464 2009 1703 2071 societas
1754 2012 1820 2065 ﬁ-

209 2102 453 2164 delium,
492 2100 570 2155 sic
591 2109 647 2154 et
669 2101 854 2154 anima
899 2100 1335 2170 uniuscujusque
1366 2103 1734 2171 sponsaDei,
1765 2113 1822 2160 et

210 2194 488 2250 Ecclesia:
542 2202 645 2248 est.
701 2193 812 2248 Cur
890 2201 1075 2247 autem
1119 2192 1507 2263 desponsatam
1558 2195 1663 2252 sibi
1707 2213 1819 2252 non

212 2287 345 2341 vult
380 2287 702 2357 participem
753 2285 872 2339 ﬁeri
921 2284 1169 2339 Judaicae
1219 2287 1647 2355 conversationi,
1702 2289 1820 2358 ipse

208 2379 503 2434 Subinlert
535 2396 548 2432 :

284 2473 374 2529 Ne
399 2472 736 2527 commisceat
753 2472 975 2540 stirpem
994 2472 1199 2541 generis
1215 2473 1322 2526 sui.
1390 2473 1586 2545 Vulgo,
1641 2474 1819 2545 gentis

210 2580 359 2620 sure.
386 2562 530 2618 LXX
569 2572 793 2617 autem:
828 2561 894 2615 Et
913 2578 1018 2615 non
1043 2562 1351 2632 profanabit
1399 2579 1580 2618 semen
1622 2566 1678 2617 in
1721 2580 1817 2633 ρο·

211 2659 349 2727 pulo
365 2672 479 2712 suo.
506 2655 649 2728 Ergo
681 2654 989 2726 prolanatio
1021 2654 1261 2710 ﬁdelium
1288 2664 1395 2717 est,
1440 2655 1499 2710 hi
1527 2656 1674 2710 enim
1692 2666 1821 2717 sunt

212 2765 413 2805 semen
434 2746 673 2818 etplebs
716 2746 887 2801 nostri
931 2745 1247 2810 sacerdotis,
1285 2743 1527 2800 Judaicis
1573 2747 1823 2802 moribus

213 2843 439 2897 seciati.
466 2841 533 2895 Et
568 2846 859 2910 propterea
883 2837 1086 2893 Paulus
1105 2837 1323 2892 dicebat
1354 2850 1366 2885 :
1410 2836 1672 2892 Evacuati
1698 2839 1820 2892 estis

211 2936 446 3000 Christo,
466 2934 553 3004 qui
575 2933 630 2986 in
647 2931 757 3003 lege
776 2930 1172 3001 justiﬁcamini,
1203 2947 1236 2984 a
1265 2931 1442 3001 gratia
1471 2931 1818 2986 excidistis".

215 3029 320 3084 llis
344 3027 608 3084 subdidit.

289 3120 407 3193 Ego
435 3120 691 3174 Dominus
717 3119 807 3190 qui
832 3117 1103 3186 sanctiﬁco
1158 3133 1298 3172 eum.
1341 3116 1399 3171 Id
1430 3124 1534 3183 est,
1563 3123 1816 3187 propter-
1844 3147 1884 3203 ο

213 3228 283 3269 ea
312 3228 456 3283 opus
493 3226 604 3266 non
636 3212 801 3266 habet
848 3210 983 3281 legis
1012 3209 1235 3280 ﬁguras,
1274 3224 1379 3264 nec
1404 3210 1814 3277 sacriﬁcia,nee

214 3305 658 3378 puriﬁcationes,
690 3304 950 3374 quoniam
1002 3316 1106 3373 ego
1144 3303 1408 3357 Dominus
1430 3318 1530 3373 pro
1560 3304 1816 3359 omnibus

217 3402 335 3457 illis
367 3409 423 3456 et
460 3398 785 3454 sacriﬁcium
816 3396 1041 3460 elﬁcior,
1069 3404 1125 3450 et
1184 3394 1527 3466 puriﬁcatio;
1556 3404 1611 3449 et
1640 3396 1815 3464 quod-

217 3509 443 3563 cunque
472 3491 675 3547 dixeris
697 3489 976 3561 pertinere
1014 3486 1081 3541 ad
1112 3486 1274 3542 aliam
1306 3485 1815 3541 sanetiﬁcationem.

217 3585 325 3653 Qui
359 3594 563 3649 autem,
599 3581 820 3653 quando
851 3579 1050 3641 viduae,
1083 3585 1139 3632 et
1178 3576 1505 3642 meretricis,
1565 3584 1621 3631 et
1650 3592 1817 3647 repu-

216 3679 384 3733 diata:
410 3675 747 3730 mentionem
774 3670 926 3734 fecit,
976 3669 1099 3734 has,
1144 3667 1342 3738 inquit,
1395 3682 1509 3721 non
1561 3667 1814 3738 accipiet,

214 3772 459 3826 dicimus
487 3768 659 3823 ethoc
687 3767 756 3820 de
800 3762 1185 3819 haereticorum
1208 3760 1605 3816 conventiculis
1649 3760 1810 3831 legis-

214 3865 452 3919 latorem
513 3858 717 3914 dixisse
746 3874 760 3910 :
793 3856 1030 3910 viduatae
1070 3851 1370 3907 suntenim
1404 3850 1501 3906 Dei
1561 3852 1815 3917 scientia,

210 3962 448 4027 propter
466 3950 611 4021 quod
640 3958 694 4004 ct
715 3964 745 4003 a
774 3948 993 4018 piorum
1026 3943 1415 4001 communione
1431 3944 1642 4014 expulsi
1663 3953 1812 4014 sunt,

211 4050 314 4104 sed
348 4058 405 4102 et
433 4045 776 4100 fornicamur
839 4038 1158 4110 incongruis
1193 4047 1248 4093 et
1281 4037 1507 4093 nefariis
1545 4038 1817 4109 dogmati-

208 4146 345 4198 ltus.
376 4141 519 4211 Ergo
551 4145 699 4192 recte
722 4133 941 4188 viduam
966 4131 1285 4202 prteposuit,
1326 4130 1623 4186 secundam
1653 4145 1813 4200 repu-

207 4238 450 4293 diutam,
486 4230 705 4285 tertiam
724 4225 1073 4281 meretricem
1100 4222 1348 4279 subdidit
1388 4223 1580 4276 harum
1605 4222 1815 4276 nullam

186 4328 328 4385 sibi
362 4324 624 4380 Dominus
656 4321 725 4376 ad
772 4318 1088 4374 societatem
1128 4316 1298 4381 ducit,
1321 4324 1384 4370 ut
1409 4329 1522 4369 non
1570 4313 1817 4384 polluant

213 4423 467 4477 ﬁdelium
505 4432 715 4481 semen,
748 4413 875 4484 quia
925 4419 1267 4481 corrumpunt
1315 4426 1482 4464 mores
1505 4409 1663 4463 bonos
1713 4408 1816 4462 col-

215 4515 405 4585 loquia
442 4511 585 4565 umla
625 4510 690 4562 ‘3.

289 4604 458 4660 Vsus.
495 4601 682 4657 16-23.
721 4619 739 4650 ι
775 4599 1124 4665 Locutusque
1162 4601 1248 4648 est
1273 4591 1541 4648 Dominus
1570 4591 1639 4647 ad
1671 4590 1817 4662 Moy-

213 4696 563 4753 sen-dicens.
595 4693 845 4762 Loquere
872 4689 940 4743 ad
968 4689 1151 4741 Aaron
1183 4701 1200 4742 :
1250 4683 1423 4740 llomo
1479 4683 1549 4738 de
1605 4683 1815 4737 semine

212 4802 318 4848 tuo
353 4807 451 4862 per
492 4786 725 4843 familias
752 4785 844 4854 qui
886 4779 1141 4837 habuerit
1180 4776 1451 4833 maculam
1486 4791 1595 4830 non
1621 4775 1816 4830 otl‘eret

221 4898 402 4956 panes
430 4879 661 4935 Domino
682 4875 796 4930 Deo
828 4889 927 4928 suo
957 4887 1029 4926 ne
1078 4869 1305 4924 accedat
1339 4868 1407 4922 ad
1442 4867 1814 4921 ministerium

222 4979 373 5049 ejus.
405 4974 462 5029 Si
483 4986 662 5028 caecus
690 4968 873 5031 fuerit,
920 4965 967 5021 si
1028 4962 1276 5027 claudus,
1347 4959 1463 5015 sive
1506 4974 1675 5028 parvo
1728 4960 1816 5013 rel

219 5067 438 5141 grandi,
466 5064 554 5122 vel
590 5068 732 5117 torto
765 5072 921 5122 naso,
956 5055 1002 5111 si
1033 5052 1207 5109 fracto
1232 5049 1387 5122 pede
1415 5050 1503 5104 vel
1535 5064 1722 5113 manu,
1767 5062 1815 5141 si

224 5140 445 5234 gibbus,
465 5159 514 5214 si
538 5159 742 5229 lippus,
779 5154 825 5210 si
854 5149 1168 5222 albuginem
1221 5143 1507 5200 habensin
1538 5142 1720 5234 oculo,
1768 5140 1815 5195 si

225 5233 409 5328 jugem
437 5252 699 5315 scabiem,
731 5247 776 5302 si
808 5241 1186 5314 impetiginem
1209 5238 1265 5292 in
1282 5249 1539 5328 corpore,
1559 5235 1648 5290 vel
1684 5233 1813 5328 her-

229 5323 438 5400 uiosus.
484 5340 675 5395 Omnis
716 5337 809 5409 qui
864 5332 1117 5389 habuerit
1167 5329 1438 5385 maculam
1482 5325 1550 5380 de
1603 5323 1812 5378 semine

232 5441 411 5491 Aaron
458 5432 781 5496 sacerdotis,
824 5442 936 5482 non
982 5423 1207 5480 accedet
1240 5420 1441 5476 offerre
1461 5416 1670 5473 hostias
1709 5415 1813 5469 Do-

234 5531 402 5597 mino,
437 5543 538 5583 nec
558 5541 725 5598 panes
747 5524 860 5578 Deo
886 5536 1008 5584 suo,
1033 5525 1290 5572 vescetur
1321 5522 1507 5569 tamen
1550 5508 1810 5581 panibus,

301 5713 345 5745 ιε
367 5709 529 5767 Mich.
554 5727 596 5774 ι,
631 5707 720 5761 16.
825 5704 871 5737 ιε
898 5682 1042 5759 Ρεει.
1091 5694 1244 5774 evnit,
1276 5697 1329 5751 9.

236 5801 384 5850 cuv,
411 5782 463 5838 8.
542 5782 583 5816 ⁵¹
621 5779 795 5849 llicg.
830 5791 941 5842 im,
972 5776 1022 5829 7.

1429 5694 1471 5726 ⁸⁵⁷
1497 5694 1670 5750 Galat.
1702 5711 1757 5755 v,
1798 5689 1853 5744 ὦ.

1115 5773 1160 5803 ⁸³
1190 5755 1327 5824 Gen.
1368 5783 1554 5834 nm,
1586 5768 1670 5821 l0.
1747 5762 1792 5794 ⁸³
1822 5756 1965 5814 l-‘sal.
1993 5771 2127 5821 xm,
2163 5755 2247 5810 £6.

1924 1929 1991 1968 ex
2020 1915 2544 1984 praedictismaculis
2577 1918 2855 1984 eveniret,
2909 1929 3145 1989 putasne
3180 1923 3377 1996 dignus
3396 1936 3518 1982 erat

1922 2013 2149 2075 propter
2182 2006 2286 2062 hoc
2313 2007 2381 2062 de
2410 2009 2716 2064 sacerdotio
2746 2014 3119 2068 removeri?ln
3139 2021 3513 2075 tantumenim

1923 2111 2036 2151 non
2087 2105 2216 2152 sunt
2262 2114 2552 2169 corporum
2583 2100 2811 2156 macula:
2863 2104 3261 2163 abominabiles
3288 2107 3419 2173 Deo,
3455 2120 3515 2164 ut

1924 2189 2215 2244 Dominum
2272 2191 2584 2247 illuminare
2635 2206 2815 2249 caecos
2854 2194 3025 2250 David
3083 2197 3290 2253 diceret
3321 2200 3389 2253 τσο.
3452 2200 3509 2255 Si

1921 2280 2391 2350 pulchritudinem
2428 2298 2539 2338 non
2570 2281 2755 2354 elegit,
2812 2299 2914 2339 nec
2956 2285 3240 2341 robustum
3287 2303 3509 2358 corpus,

1921 2385 2024 2424 nec
2054 2371 2202 2441 quod
2222 2370 2595 2427 videturhene
2642 2373 2903 2443 positum;
2957 2384 3019 2429 ut
3067 2376 3136 2430 ad
3196 2375 3508 2433 Samuelem

1919 2462 2129 2518 diceret
2173 2464 2242 2519 de
2272 2464 2482 2534 majore
2541 2464 2653 2520 ﬁlio
2695 2462 2868 2530 Jesse,
2938 2467 3062 2536 Quia
3124 2468 3361 2539 Speciem
3396 2470 3509 2524 Deo

1920 2554 2139 2625 placere
2160 2564 2489 2625 putaverat:
2540 2556 2664 2611 Non
2718 2559 2965 2627 respicies
3023 2561 3094 2613 ad
3148 2560 3350 2616 uultum
3394 2563 3509 2632 ejus

1922 2662 2087 2716 neque
2118 2647 2189 2700 ad
2220 2646 2559 2701 altitudinem
2586 2655 2811 2702 statura:
2837 2649 2973 2718 ejus,
3034 2651 3284 2720 quoniam
3338 2654 3509 2723 abjeci

1922 2754 2041 2792 eum
2075 2738 2143 2792 δι.
2172 2738 2338 2809 Atqui
2369 2754 2467 2793 rex
2492 2755 2603 2794 non
2631 2740 2888 2795 sacerdos
2945 2749 3066 2795 erat
3122 2744 3215 2812 qui
3273 2747 3510 2816 ungeba-

1924 2838 2046 2897 tur;
2083 2830 2195 2903 regi
2223 2839 2406 2886 autem
2440 2833 2751 2888 necessaria
2789 2843 2910 2888 erat
2935 2834 3147 2904 species
3195 2846 3249 2891 ct
3293 2840 3510 2909 magni-

1925 2925 2055 2978 tudo
2093 2924 2360 2995 corporis.
2396 2923 2506 2979 Sed
2563 2925 2695 2995 quid
2735 2924 2820 2981 his
2865 2926 3117 2980 addidit?
3181 2926 3291 2981 Nec
3344 2929 3508 2999 juxta

1923 3015 2176 3069 intuitum
2198 3014 2423 3073 hominis
2452 3016 2658 3085 judico.
2701 3016 2874 3072 Homo
2901 3017 3047 3073 videt
3068 3033 3132 3073 ea
3153 3036 3273 3090 quae
3294 3029 3507 3091 patent,

1924 3105 2069 3160 Deus
2087 3115 2271 3161 autem
2297 3106 2541 3161 intuetur
2583 3120 2674 3161 cor
2712 3122 2727 3173 ;
2763 3123 2858 3162 cor
2898 3108 3044 3163 enim
3104 3118 3397 3177 scrutatur,
3462 3113 3510 3168 si

1922 3199 2190 3281 maculam
2221 3200 2440 3265 haheat,
2473 3208 2529 3254 et
2549 3215 2644 3255 eos
2670 3200 2764 3271 qui
2786 3201 3115 3256 immaculati
3138 3211 3267 3258 sunt
3301 3205 3506 3271 animo,

1921 3291 2022 3345 hos
2044 3291 2252 3346 electos
2282 3291 2494 3361 judicat
2525 3309 2540 3347 :
2566 3307 2662 3347 eos
2690 3300 2877 3347 autem
2895 3294 2986 3363 qui
3012 3294 3284 3350 maculam
3306 3296 3361 3350 in
3386 3298 3510 3352 ani-

1920 3399 2008 3438 ma
2040 3384 2262 3447 habent,
2290 3384 2569 3454 reprobat.
2635 3382 2692 3438 Si
2734 3384 2882 3439 enim
2933 3385 3138 3440 malum
3198 3394 3282 3441 est
3356 3389 3511 3443 clau-

1919 3475 2103 3530 dicare
2138 3475 2388 3543 pedibus,
2409 3481 2504 3528 aut
2524 3474 2715 3530 oculos
2742 3473 2988 3530 inﬁrmos
3017 3475 3242 3544 habere;
3279 3486 3379 3533 eta
3395 3478 3510 3535 Deo

1905 3574 2198 3641 separant,
2223 3566 2501 3636 quomodo
2530 3566 2702 3633 Isaac,
2771 3567 3047 3637 quomodo
3080 3567 3250 3625 Iacob
3271 3570 3511 3643 caligare

1921 3657 2166 3725 permisit
2192 3664 2249 3711 et
2279 3657 2511 3711 salutem
2544 3658 2776 3727 perdere
2832 3658 3099 3713 visionis?
3123 3661 3328 3715 etenim
3354 3661 3510 3717 Isaac

1918 3760 2027 3800 non
2047 3747 2306 3818 cogn0vit
2330 3747 2521 3810 Iacob,
2569 3748 2713 3803 Esau
2747 3746 3040 3820 ﬁngentem
3078 3765 3394 3820 personam.
3432 3754 3508 3807 De

1916 3837 2084 3896 Jacob
2111 3850 2295 3896 autem
2327 3842 2531 3898 dictum
2561 3854 2677 3899 est:
2714 3843 2864 3898 Oculi
2886 3844 3059 3898 Israel
3087 3846 3381 3915 caligavere
3395 3864 3507 3916 pra:

1917 3933 2086 3988 nimia
2114 3944 2402 3997 senectute,
2436 3938 2485 3989 et
2511 3934 2655 3989 clare
2682 3936 2858 3990 videre
2889 3952 2991 3990 non
3036 3940 3329 4006 poterat".
3369 3938 3506 3995 Pro-

1916 4031 2104 4093 pterea
2134 4032 2190 4078 et
2213 4040 2361 4081 nunc
2385 4024 2662 4096 legislator
2695 4025 2777 4081 sic
2829 4024 3149 4082 indistincte
3192 4027 3260 4083 de
3291 4031 3504 4085 macula

1916 4111 2093 4163 sancit
2114 4109 2301 4166 dicens
2321 4112 2466 4166 enim
2490 4131 2503 4166 :

1992 4204 2166 4261 Homo
2193 4207 2256 4260 de
2285 4208 2481 4261 semine
2506 4216 2596 4261 tuo
2656 4208 2747 4278 qui
2812 4207 3057 4263 habuerit
3104 4200 3392 4265 maculam.
3440 4211 3505 4269 Et

1916 4303 2042 4355 cllm
2069 4314 2180 4354 non
2206 4299 2547 4355 distinxisset
2580 4300 2782 4369 locum,
2847 4299 2992 4354 illico
3030 4301 3273 4356 subdidit
3305 4320 3319 4357 :
3379 4294 3505 4357 Non

1916 4394 2093 4463 oﬁ'eret
2122 4408 2285 4461 panes
2318 4391 2426 4445 Deo
2478 4408 2573 4446 suo
2621 4407 2714 4447 nec
2766 4394 2977 4448 accedet
3024 4394 3097 4448 ad
3154 4395 3504 4450 ministerium

1848 4495 1892 4550 ι)
1921 4484 2056 4555 ejus.
2093 4482 2238 4539 LXX
2260 4492 2442 4538 autem
2472 4483 2662 4538 dicunt
2688 4501 2699 4535 :
2732 4483 2796 4538 In
2829 4500 2930 4555 quo
2955 4486 3114 4555 fuerit
3148 4485 3381 4551 macula,
3402 4503 3505 4540 non

1916 4575 2334 4632 acccdetVides
2367 4575 2512 4647 quia,
2548 4576 2603 4629 in
2636 4592 2745 4646 quo
2775 4576 2933 4643 dixit,
2958 4593 3071 4632 non
3131 4577 3188 4632 in
3234 4593 3502 4650 corpore,

1915 4670 1969 4724 in
2007 4669 2166 4725 nobis
2199 4678 2381 4723 autem
2411 4669 2634 4738 proprie
2672 4668 2796 4733 hoc,
2829 4669 2977 4738 quod
3011 4670 3065 4724 in
3098 4670 3281 4724 anima
3315 4682 3504 4726 nostra

1914 4772 2018 4831 est,
2057 4777 2179 4818 esse
2202 4761 2425 4817 dicitur.
2468 4762 2612 4833 Ergo
2634 4762 2887 4817 claudum
2907 4761 3060 4829 dicit,
3090 4762 3236 4817 viam
3262 4762 3357 4819 Dei
3381 4780 3505 4820 cor-

1915 4862 2279 4922 rumpentem,
2304 4850 2397 4921 qui
2432 4866 2497 4905 ex
2522 4858 2697 4921 parte,
2727 4851 2910 4906 divina
2940 4852 3217 4919 mandata,
3243 4862 3297 4907 et
3330 4853 3505 4924 legem

1917 4943 2204 5009 subvertit,
2234 4942 2305 4997 de
2328 4941 2528 5012 quibus
2555 4942 2610 4995 in
2637 4941 2869 4997 Psalmis
2899 4941 3029 4997 dicit
3069 4961 3081 4997 ;
3151 4942 3279 4998 Filii
3340 4928 3505 4998 alieni

1916 5034 2123 5088 mentiti
2148 5042 2269 5088 sunt
2292 5033 2441 5098 mihi,
2474 5032 2575 5102 filii
2597 5032 2760 5086 alieni
2802 5033 3248 5101 inveteraverunt,
3279 5043 3328 5088 et
3349 5034 3501 5087 clau-

1915 5130 2223 5184 dicaverunt
2256 5144 2289 5181 a
2319 5127 2521 5181 semitis
2558 5127 2669 5180 suis
2697 5128 2764 5179 ⁸³.
2811 5124 3284 5191 Quemadmodum
3355 5126 3505 5182 enim

1915 5220 2096 5275 claudi
2141 5234 2285 5274 unus
2349 5230 2448 5287 pes
2489 5230 2660 5271 sanus
2712 5231 2835 5272 esse
2900 5216 3137 5283 videtur,
3162 5217 3298 5271 alter
3318 5224 3504 5270 autem

1920 5314 2192 5369 claudicat
2229 5329 2241 5365 :
2303 5310 2383 5364 sic
2428 5318 2484 5363 et
2522 5309 2687 5380 hujus
2737 5323 2909 5363 unum
2964 5308 3237 5377 quidpiam
3283 5307 3503 5364 interim

1922 5421 2115 5462 sanum
2149 5418 2272 5459 esse
2295 5401 2533 5467 videtur,
2560 5401 2822 5471 gloriatur
2860 5402 3010 5456 enim
3039 5400 3245 5454 servire
3272 5414 3333 5453 se
3368 5397 3500 5453 Deo.

1923 5501 2082 5557 Aliud
2106 5508 2287 5554 autem
2318 5495 2592 5550 inﬁrmum
2626 5504 2732 5564 est,
2764 5495 2892 5551 dum
2924 5502 3239 5564 corrumpat
3286 5507 3503 5562 praeva-

1943 5686 1988 5718 "
2016 5685 2037 5739 Ι
2068 5683 2192 5738 Cor.
2234 5699 2324 5752 xv,
2366 5685 2457 5739 55.
2552 5681 2597 5714 "
2620 5680 2780 5736 Deut.
2819 5694 2909 5747 xx,
2958 5677 2981 5731 ί
3018 5690 3171 5746 seqq.
3278 5676 3321 5708 '°
3356 5674 3499 5732 Psal.
