3892 6408
233 374 377 439 1065

1382 383 1465 443 ΙΝ
1504 379 1948 443 LEVITICUM.
1989 407 2060 418 --
2093 383 2241 444 LIB.
2282 386 2381 447 VI.

3380 401 3517 469 ιοεδ

226 502 367 547 nare
396 493 763 548 sanctuarium
791 510 992 561 meum,
1018 497 1407 552 contaminatis
1423 499 1569 553 enim
1603 508 1824 554 sancto-
1854 509 1899 563 Α
1928 507 2151 567 cogunt,
2193 512 2249 555 et
2282 510 2479 571 putare
2525 506 2670 574 quod
2697 508 3033 578 superﬂuum
3085 513 3157 569 sit
3207 515 3305 573 Dei
3352 520 3518 576 mini-

225 597 374 647 rum,
407 595 570 654 atque
608 585 807 655 injuria
835 596 936 653 est,
958 589 1093 644 tales
1121 589 1190 644 ad
1230 591 1597 645 ministerium
1614 591 1822 655 offerri,

227 670 285 727 in
305 675 507 743 quibus
530 675 756 732 oﬁ‘endit
781 681 1033 750 pupulus,
1066 687 1122 736 et
1150 681 1240 752 qui
1275 688 1615 753 cognoscunt
1635 699 1825 739 eorum

223 768 493 834 maculas,
517 770 977 827 scandalizantur.
1020 773 1248 845 Propter
1278 775 1423 844 quod
1463 783 1519 830 et
1550 774 1752 831 Paulus
1779 776 1826 808 σι

226 858 603 916 testimonium
637 863 842 918 bonum
882 866 1108 931 habere,
1141 868 1209 922 ab
1258 869 1345 922 his
1388 868 1480 938 qui
1524 866 1656 923 foris
1673 878 1820 935 sunt,

222 953 568 1009 sacerdotem
620 955 755 1010 vult.
811 956 924 1012 Lex
966 968 1149 1019 autem
1195 960 1555 1028 conﬁrmavit,
1598 975 1664 1016 ea
1702 976 1824 1032 qua:

220 1042 375 1097 dicta
397 1054 547 1111 sunt,
577 1061 642 1101 ex
661 1048 893 1119 euquo‘d
924 1051 1061 1106 dixit
1094 1069 1108 1106 :

292 1135 413 1205 Ego
466 1138 723 1192 Dominus
784 1143 879 1211 qui
921 1143 1194 1213 sancti/ica
1225 1161 1334 1220 eos.
1374 1144 1671 1217 Egoquis?
1726 1147 1820 1217 qui

220 1228 486 1297 praecipio
512 1236 567 1284 et
601 1232 821 1286 mando.
860 1232 1090 1306 Perfecti
1145 1246 1324 1301 estote,
1374 1240 1821 1308 quemadmodum

217 1327 273 1369 et
298 1316 467 1371 Pater
490 1329 658 1372 vester
693 1320 912 1376 caelestis
938 1325 1200 1394 perfectus
1239 1335 1314 1378 est
1343 1326 1407 1378 ⁸⁵.
1448 1327 1510 1380 In
1530 1342 1640 1395 quo
1670 1326 1819 1380 enim

215 1408 441 1463 macula
468 1409 720 1466 Iicetuna
751 1414 1141 1483 praedictarum
1176 1424 1281 1479 est,
1313 1415 1402 1470 hic
1430 1430 1540 1471 non
1574 1424 1658 1471 est
1689 1431 1820 1486 per-

214 1499 423 1556 fectus.

295 1592 465 1647 Vens.
494 1593 584 1649 24.
617 1612 636 1646 ι
671 1595 911 1651 Locutus
930 1607 1015 1652 est
1047 1613 1174 1668 ergo
1214 1601 1429 1671 Moyses
1459 1601 1525 1655 ad
1552 1600 1731 1655 Aaron
1762 1611 1819 1656 et

216 1682 365 1738 mios
388 1685 530 1755 ejus,
554 1693 610 1739 et
638 1686 707 1741 ad
736 1702 956 1743 omnem
1002 1689 1168 1744 Israel
1201 1702 1396 1746 cuncta
1419 1706 1541 1761 quae
1568 1691 1670 1747 sibi
1698 1692 1817 1747 iuc-

213 1784 351 1830 rant
378 1776 662 1846 imperata.
700 1796 721 1830 ›

1930 590 2180 656 sterium,
2206 602 2263 647 et
2283 593 2517 664 justitia,
2544 606 2599 652 et
2615 597 2905 668 judicium.
2922 602 3196 670 Quantum
3210 610 3516 678 veroDeus,

1929 681 2042 737 sive
2073 685 2352 750 sacerdos,
2376 686 2493 744 sive
2521 688 2613 743 ﬁlii
2647 692 2788 762 ejus,
2822 693 2875 749 id
2901 705 2987 752 est
3008 697 3266 770 discipuli
3310 718 3511 773 pecca-
3589 732 3597 760 :-

1926 773 2741 849 verintiusancta,irascatur,
2783 786 3085 842 ostendunt
3138 803 3203 843 ea
3224 806 3346 861 qua:
3399 793 3519 848 Ileli
3594 844 3599 849 .

1923 872 1980 956 et
2002 864 2127 920 ﬁliis
2155 866 2275 937 ejus
2334 870 2705 941 contigerunt.
2739 871 3035 946 Propterea
3067 878 3309 934 subdidit
3346 899 3359 935 :
3402 882 3516 951 Ego

1922 955 2205 1025 Dominus,
2229 961 2371 1015 dices
2400 965 2472 1018 ad
2493 980 2599 1018 eos.
2636 965 2747 1036 Ego
2778 965 3061 1032 Dominus,
3091 970 3186 1041 qui
3216 970 3420 1027 irascor
3434 974 3519 1030 vi-
3589 985 3601 1042 ξ

1922 1047 2139 1115 delicet,
2174 1059 2232 1106 et
2248 1053 2492 1111 vindico.
2524 1055 2669 1123 Quid
2690 1067 2876 1114 autem
2908 1060 3091 1115 dixit?

1993 1135 2147 1191 Dices
2184 1140 2256 1193 ad
2287 1156 2372 1194 eos
2402 1150 2450 1195 et
2479 1152 2710 1213 posteros
2739 1162 2918 1201 eorum
2938 1164 2957 1202 :
2991 1147 3177 1204 Omnis
3223 1152 3395 1218 homo,
3425 1154 3517 1223 qui
3596 1132 3599 1135 Ι

1921 1233 2197 1286 accesserit
2238 1236 2301 1287 de
2347 1236 2510 1305 stirpe
2564 1249 2756 1304 vestra,
2813 1242 2884 1294 ad
2924 1257 2988 1295 ea
3040 1258 3158 1312 quae
3207 1254 3515 1297 consecrata

1914 1323 2061 1388 sunt,
2121 1334 2169 1377 et
2221 1340 2338 1396 quis
2401 1328 2701 1383 obtulerunt
2722 1331 2821 1399 ﬁlii
2846 1332 3016 1386 Israel
3044 1334 3289 1398 Domino,
3316 1336 3376 1389 in
3410 1350 3515 1405 quo

1920 1423 1996 1468 est
2045 1415 2407 1487 immunditia,
2465 1420 2655 1486 peribit
2707 1438 2889 1476 coram
2954 1424 3197 1480 Domino.
3250 1425 3363 1496 Ego
3394 1442 3512 1480 sum

1923 1504 2198 1560 Dominus.
2259 1507 2504 1563 Primum
2561 1510 2786 1580 quidem
2855 1515 3083 1569 seminis
3157 1517 3516 1571 sacerdotalis

1919 1598 2243 1652 memoriam
2281 1599 2516 1667 faciens,
2567 1613 2757 1672 aperte
2807 1605 2943 1659 illud
2991 1605 3340 1676 signiﬁcavit,
3387 1612 3518 1677 quia

1916 1704 2027 1742 non
2082 1690 2261 1745 solum
2318 1694 2703 1762 sacerdotem,
2751 1698 2849 1754 sed
2900 1713 3120 1752 omnem
3200 1706 3517 1754 sanctorum

1916 1781 2252 1850 ministrum,
2281 1785 2448 1840 etiam
2490 1788 2534 1841 si
2570 1799 2777 1844 sortem
2832 1791 2887 1844 in
2918 1792 3000 1846 eis
3030 1792 3282 1846 ultimam
3318 1792 3520 1848 liabe‘at

292 1868 432 1932 Quae
467 1870 731 1925 suntth
745 1881 866 1940 qua:
894 1871 1117 1926 locutus
1156 1874 1273 1929 est?
1297 1875 1374 1929 Ea
1403 1876 1653 1931 videlicet
1693 1892 1815 1945 quae
1845 1860 1889 1915 Β
1916 1881 1974 1927 ct
2033 1876 2415 1943 novissimam,
2468 1891 2799 1949 pnesentem
2822 1882 3015 1953 jubeat
3041 1886 3385 1940 sanctionem
3412 1902 3517 1941 cu-

214 1960 485 2029 praedicta
512 1968 659 2029 sunt,
693 1968 816 2032 quae
836 1962 978 2018 Deus
1027 1964 1247 2034 quidem
1272 1966 1338 2020 ad
1358 1965 1575 2038 Moysen
1601 1967 1814 2022 locutus

215 2064 329 2118 est,
350 2052 562 2123 Moyses
615 2063 802 2109 autem
845 2054 1050 2121 Aaron,
1078 2064 1133 2111 et
1155 2056 1280 2111 ﬁtiis
1302 2058 1441 2127 ejus,
1483 2068 1540 2113 et
1587 2058 1810 2128 pepulo,

215 2145 689 2200 sicut'oste'ndunt
717 2161 781 2200 ea
825 2162 948 2216 qua:
977 2162 1126 2202 nunc
1174 2149 1314 2203 lecta
1346 2159 1493 2215 sunt,
1536 2149 1759 2206 tradidit
1796 2166 1810 2203 :

214 2248 335 2290 non
360 2235 562 2292 lruStr’a
596 2238 714 2293 haec
743 2237 861 2308 lege
885 2238 1275 2310 distinguente,
1307 2238 1405 2293 sed
1455 2246 1515 2292 ut
1566 2239 1814 2310 Moyseos

215 2328 540 2399 dignitatem
566 2332 1002 2398 commendaret,
1030 2338 1085 2389 et
1111 2332 1429 2388 ostenderet
1456 2343 1664 2402 aperte,
1684 2331 1813 2402 quia

212 2422 342 2475 aliis
372 2423 593 2492 quidem
621 2439 814 2493 pauca,
845 2425 949 2496 ipsi
980 2441 1109 2481 vero
1134 2425 1319 2481 omnia
1338 2423 1481 2481 Deus
1494 2427 1816 2495 loqueretur

211 2521 447 2581 propter
474 2512 594 2581 ejus
630 2513 916 2583 justitiam,
950 2522 1005 2570 et
1055 2514 1345 2586 imaginem
1385 2522 1549 2583 quam
1595 2511 1816 2582 gerebat

212 2604 449 2659 Christi.
479 2605 743 2661 Similiter
777 2615 833 2661 et
869 2620 971 2662 nes
1010 2606 1442 2662 docensbabere
1458 2612 1723 2668 mentem,
1745 2603 1815 2658 ad

213 2708 563 2768 quaecunque
584 2697 819 2768 majores
849 2707 905 2753 et
931 2698 1286 2769 perfectiores
1314 2695 1569 2761 dixerint,
1631 2694 1813 2752 scien-

214 2800 305 2846 tes
335 2830 352 2859 ,
433 2791 561 2861 quia
640 2792 898 2848 continue
979 2790 1081 2862 ipsi
1165 2806 1405 2862 superna
1490 2789 1816 2861 operatione

212 2883 505 2940 fruuntur.
979 2953 988 2961 .
1166 2886 1173 2892 '

835 2976 1065 3033 CAPUT
1089 2977 1258 3033 XXII.

292 3070 460 3126 Vsus.
482 3071 589 3126 I-S.
632 3091 649 3123 ι
685 3069 926 3127 Locutus
940 3085 1158 3142 quoque
1185 3078 1270 3127 est
1293 3069 1558 3126 Dominus
1578 3071 1646 3126 ad
1663 3070 1817 3142 Moy—

213 3178 342 3229 sen,
381 3164 611 3219 dicens:
646 3163 895 3233 Loquere
947 3164 1020 3218 ad-
1059 3164 1261 3227 Aaron,
1301 3172 1357 3219 et
1380 3164 1448 3219 ad
1479 3163 1619 3219 ﬁlios
1667 3165 1809 3234 ejus,
1839 3204 1883 3262 Β

212 3266 280 3311 ut
310 3264 543 3311 caveant
597 3255 666 3310 ab
724 3255 811 3311 bis
833 3271 956 3325 quae
1003 3264 1325 3311 consecrata
1391 3263 1522 3310 sunt
1575 3255 1815 3309 ﬁliorum

212 3350 496 3414 Israel,et
533 3364 643 3403 non
681 3347 1059 3402 contaminent
1102 3362 1305 3403 nomen
1349 3345 1815 3402 sanctiﬁcatorum

212 3445 380 3510 mihi,
410 3460 531 3515 qua!
555 3445 658 3514 ipsi
686 3443 945 3499 olI‘erunt.
981 3441 1094 3513 Ego
1139 3440 1420 3495 Dominus.
1474 3439 1569 3493 Dic
1597 3439 1665 3492 ad
1696 3451 1814 3500 eos,

211 3546 272 3593 et
299 3539 367 3593 ad
402 3547 648 3608 posteros
675 3553 866 3593 eorum
897 3555 912 3590 :
949 3534 1141 3591 Omnis
1181 3535 1348 3588 homo
1368 3532 1459 3602 qui
1522 3528 1818 3586 accesserit

209 3633 286 3688 de
308 3632 485 3702 stirpe
516 3637 718 3693 vestra,
745 3631 813 3685 ad
846 3646 910 3684 ea
939 3644 1061 3699 quae
1087 3635 1405 3684 consecrata
1438 3633 1585 3689 sunt,
1625 3629 1681 3678 ct
1696 3636 1817 3692 qua:

207 3726 541 3782 obtulerunt
573 3724 665 3779 ﬁlii
695 3724 863 3779 Israel
894 3723 1141 3784 Domino,
1188 3721 1244 3775 in
1294 3735 1403 3790 quo
1453 3727 1538 3772 est
1573 3717 1818 3771 immun-

206 3817 382 3883 ditia,
424 3815 624 3886 peribit
651 3831 837 3870 coram
877 3813 1126 3869 Domino.
1155 3811 1269 3883 Ego
1298 3827 1419 3865 sum
1468 3809 1751 3863 Dominus.
1793 3824 1817 3857 »η

291 3908 436 3964 Nam
490 3906 886 3977 qualiscunque
928 3904 1164 3975 dignitas
1208 3901 1499 3958 sacerdotii
1523 3908 1626 3962 est,
1686 3897 1817 3954 huic

206 4000 372 4055 enim
397 4006 543 4053 sorte
566 3999 753 4052 datum
785 4007 887 4062 est,
921 4004 983 4052 ut
1009 3996 1274 4050 mediator
1300 3995 1372 4049 sit
1402 3994 1546 4048 inter
1570 3991 1742 4047 Deum
1761 3999 1819 4046 et

208 4089 499 4145 homines.
526 4088 591 4143 Et
620 4103 720 4159 per
746 4089 888 4143 hanc
931 4101 1103 4158 genus
1142 4092 1390 4140 nostrum
1441 4082 1685 4139 Creatori
1725 4097 1817 4137 re-

207 4179 567 4244 conciliatur,
603 4181 659 4235 in
691 4179 875 4249 lingua
898 4177 1240 4233 sacerdotum
1276 4190 1451 4229 nexus
1483 4173 1820 4230 etabsolutio

208 4280 539 4329 nostrorum
567 4280 916 4343 peccatorum
946 4269 1215 4327 consistit.
1235 4267 1488 4324 Ostendit
1508 4275 1691 4321 autem
1709 4263 1822 4319 Ma-

204 4365 435 4421 Iachias
459 4373 678 4434 quanta:
704 4361 988 4433 dignitatis
1010 4360 1377 4423 sitsacerdos,
1412 4366 1468 4413 et
1496 4368 1619 4428 quae
1652 4358 1721 4411 ab
1753 4372 1822 4412 eo

206 4466 511 4529 oporteant
538 4455 869 4526 exspectari.
897 4454 1036 4521 Quia
1064 4452 1260 4515 Labia,
1300 4451 1498 4521 inquit,
1530 4450 1823 4504 sacerdotis

1915 1965 2144 2021 stodire.
2205 1968 2405 2025 Diceris
2464 1981 2671 2041 autem,
2725 1976 2789 2028 de
2832 1976 2997 2045 stirpe
3027 1988 3221 2043 vestra,
3272 1979 3518 2035 ostendit

1914 2057 2062 2125 quod
2111 2074 2330 2129 semper
2359 2064 2642 2119 custodire
2688 2066 2793 2121 hoc
2842 2076 3095 2138 oporteat
3126 2080 3465 2142 praeceptum
3495 2091 3512 2126 :

1915 2157 1976 2204 ut
2022 2151 2119 2221 qui
2171 2153 2566 2218 immunditiam
2611 2161 2667 2213 in
2695 2163 2974 2233 semetipso
3001 2163 3155 2217 liabet
3187 2165 3403 2232 animm,
3435 2165 3519 2220 sic

1915 2241 2063 2295 enim
2090 2241 2230 2299 LXX
2261 2246 2453 2313 edunt,
2482 2264 2594 2304 non
2634 2253 2813 2307 solum
2862 2253 3172 2310 ministerio
3197 2261 3253 2309 et
3286 2258 3516 2327 mystico

1915 2331 2092 2388 ofﬁcio
2124 2350 2185 2389 se
2227 2336 2523 2406 abstineat,
2566 2341 2662 2396 sed
2696 2358 2800 2398 nec
2838 2351 3024 2415 tangat
3070 2360 3134 2400 ea
3171 2361 3294 2415 qua:
3329 2347 3514 2403 oblata

1915 2432 2066 2489 sunt,
2102 2438 2283 2496 neque
2316 2428 2385 2484 de
2412 2429 2494 2485 eis
2522 2442 2704 2487 sumat
2733 2452 2745 2488 :
2800 2437 3040 2490 mundus
3065 2437 3212 2492 enim
3246 2438 3315 2494 ad
3346 2454 3514 2494 mun-

1914 2515 1984 2570 da
2013 2516 2180 2572 debet
2213 2520 2501 2577 accedere.
2535 2522 2592 2578 Si
2636 2525 2758 2595 quis
2786 2536 2970 2581 autem
3014 2543 3126 2582 non
3164 2529 3244 2583 sic
3274 2530 3510 2598 accedit;

1915 2608 2118 2678 peribit
2143 2624 2330 2667 coram
2367 2614 2623 2683 Domino,
2653 2633 2980 2690 sernperque
3003 2621 3151 2676 hunc
3180 2622 3327 2678 Deus
3355 2638 3513 2678 aver-

1916 2710 2091 2767 satur,
2139 2714 2196 2760 et
2221 2706 2292 2761 ab
2342 2708 2493 2763 omni
2545 2711 2762 2781 repellit
2790 2714 3215 2784 participatione
3274 2724 3331 2771 et
3355 2728 3508 2772 com-

1916 2796 2179 2853 munione
2211 2799 2460 2869 spiritus.
2491 2799 2608 2857 Iloc
2643 2812 2829 2858 autem
2862 2807 3128 2859 aversatio
3163 2808 3388 2878 proprie
3418 2810 3514 2864 hic

1917 2884 2258 2959 intelligitur,
2297 2890 2447 2959 quod
2476 2890 2620 2947 LXX
2643 2892 2859 2961 dicunt,
2892 2895 3076 2964 perire
3105 2911 3293 2952 coram
3319 2898 3511 2954 Domi.

1915 2994 2012 3047 no,
2039 2989 2178 3036 teste
2213 2982 2405 3050 David,
2445 2983 2539 3054 qui
2570 2985 2685 3040 ait:
2722 2986 2845 3040 Non
2891 2996 3104 3042 avertas
3147 2990 3339 3059 {aciem
3362 3000 3514 3045 tuam

1917 3090 1951 3129 α
1977 3090 2079 3141 me,
2108 3085 2159 3129 et
2199 3073 2463 3146 Spiritum
2489 3087 2734 3133 sanctum
2769 3088 2919 3135 tuum
2940 3097 3005 3135 ne
3037 3083 3256 3153 auferas
3276 3100 3311 3136 α
3339 3099 3422 3138 me
3442 3086 3510 3138 θ’.

1916 3168 1978 3224 In
2007 3170 2094 3226 his
2126 3179 2311 3226 autem
2340 3188 2470 3228 vera
2499 3174 2700 3230 animat
2728 3175 2986 3245 perditio,
3020 3175 3147 3231 sive
3174 3176 3512 3231 extermina-

1916 3260 1994 3315 tio
2020 3269 2123 3328 est,
2159 3261 2213 3316 id
2242 3270 2329 3318 est
2370 3263 2482 3328 illa,
2532 3265 2603 3320 de
2638 3280 2746 3336 qua
2784 3265 3055 3321 Dominus
3098 3267 3157 3321 in
3204 3267 3518 3340 Evangeliis

1918 3352 2174 3410 dicebat:
2203 3355 2399 3411 Timete
2419 3370 2561 3424 eum,
2601 3359 2693 3427 qui
2727 3365 2899 3427 potest
2929 3367 2979 3411 et
3021 3358 3263 3413 animum
3304 3366 3357 3413 et
3396 3372 3518 3413 cor-

1915 3460 2014 3514 pus
2037 3450 2253 3516 perdere
2277 3449 2336 3501 in
2361 3448 2595 3519 gelienna
2616 3449 2682 3504 ⁸⁸.
2725 3448 2871 3521 Ergo
2924 3465 3035 3505 non
3078 3450 3284 3505 frustra
3319 3450 3518 3506 subdi-

1918 3537 2038 3591 dit:
2074 3537 2187 3608 Ego
2227 3536 2500 3591 Dominus.
2544 3536 2654 3592 Sed
2700 3538 3022 3603 ostendens,
3073 3540 3202 3609 quia
3253 3539 3349 3610 qui
3393 3540 3517 3595 haec

1920 3628 2090 3693 dicit,
2150 3630 2267 3698 ipse
2331 3637 2418 3684 est
2472 3628 2568 3699 qui
2620 3628 2774 3684 solus
2825 3631 3065 3687 animam
3121 3634 3352 3702 perdere
3409 3646 3515 3703 po-

1921 3729 2053 3776 test.

1997 3809 2159 3867 Vens.
2191 3812 2312 3868 4-8.
2351 3831 2373 3864 ς
2415 3811 2595 3869 Homo
2648 3811 2718 3867 de
2746 3811 2961 3866 semine
2983 3810 3189 3876 Aaron,
3223 3809 3316 3881 qui
3348 3808 3517 3867 fuerit

1920 3901 2192 3974 léprosus,
2227 3911 2323 3958 aut
2347 3903 2569 3973 patiens
2594 3900 2801 3956 ﬁuxum
2834 3900 3083 3965 seminis,
3118 3916 3229 3956 non
3260 3912 3517 3957 vescetur.

1920 3995 1988 4050 de
2028 3994 2112 4049 his
2145 4007 2269 4063 quae
2306 3993 2646 4048 sanctiﬁcata
2678 3996 2809 4048 sunt
2849 3993 3008 4058 mihi,
3058 3994 3235 4050 donec
3261 4001 3512 4051 sanetur.

1921 4085 2027 4152 Qui
2074 4086 2315 4157 tetigerit
2346 4085 2693 4140 immundum
2723 4100 2891 4155 super
2926 4092 3170 4153 mortuo,
3218 4096 3275 4141 et
3302 4101 3367 4142 ex
3402 4102 3516 4157 quo

1921 4178 2233 4249 egredietur
2262 4192 2448 4232 semen
2485 4176 2643 4247 quasi
2668 4177 2870 4242 coitus,
2892 4185 2948 4231 et
2973 4177 3066 4247 qui
3098 4178 3273 4249 tangit
3293 4178 3513 4247 reptile,

1922 4279 1979 4325 et
2009 4270 2293 4339 quodlibet
2336 4269 2683 4324 immundum
2713 4268 2874 4338 cujus
2911 4277 3090 4324 tactus
3113 4278 3196 4325 est
3234 4270 3512 4339 sordidus,

1922 4361 2240 4416 immundus
2278 4361 2384 4416 erit
2421 4376 2595 4430 usque
2642 4361 2711 4415 ad
2747 4375 3060 4431 vesperum,
3097 4369 3155 4416 et
3185 4377 3296 4416 non
3328 4376 3518 4418 vesce-

1927 4460 2014 4506 tur
2041 4452 2109 4506 de
2144 4452 2232 4506 his
2270 4467 2393 4521 qua:
2446 4450 2789 4507 sanctiﬁcata
2819 4460 2967 4506 sunt.
3017 4450 3124 4506 Sed
3153 4467 3278 4506 cum
3318 4451 3517 4508 laverit

206 4549 524 4606 custodiunt
553 4546 851 4606 scientiam,
875 4555 923 4597 et
957 4543 1122 4615 legem
1154 4543 1436 4614 exquirunt
1468 4557 1532 4595 ea;
1554 4557 1644 4594 ore
1668 4540 1807 4610 ejus,
1850 4549 1893 4604 1)
1923 4560 2147 4601 carnem
2183 4560 2339 4600 suam
2373 4561 2532 4616 aqua,
2570 4546 2978 4601 et‘occuhuerit
3021 4546 3123 4613 sol,
3183 4556 3314 4603 tunc
3352 4563 3515 4603 man.

208 4640 597 4715 quidanng
626 4638 838 4692 Domini
896 4637 1226 4692 exercituum
1281 4642 1356 4689 est
1395 4633 1461 4691 ³⁸.
1524 4631 1821 4704 Propterea

207 4751 348 4793 cum
377 4735 462 4789 his
478 4748 599 4803 quae
627 4741 753 4786 ante
770 4729 978 4785 sancita
1011 4735 1140 4783 sunt
1156 4727 1223 4782 de
1241 4724 1639 4791 sacerdotibus,
1656 4723 1823 4779 etiam

210 4834 345 4887 haec
366 4826 653 4901 praesen.
1825 4882 1835 4890 .

290 4923 538 4978 Causam
565 4921 631 4974 ab
654 4921 733 4974 his
746 4928 864 4990 quae
888 4925 1197 4971 consecrata
1218 4923 1341 4969 sunt
1375 4912 1611 4983 ﬁliorum
1629 4912 1819 4971 Israel.-

207 5025 269 5072 et
302 5028 409 5069 non
429 5013 787 5067 contaminent
823 5022 1013 5064 nomen
1040 5007 1499 5077 sanctiﬁcatorum
1524 5006 1674 5069 mihi,
1707 5020 1825 5075 qm

208 5108 325 5178 ipsi
348 5105 600 5177 aferunt.
627 5103 685 5157 Si
720 5109 907 5157 autem
939 5100 1028 5155 isti
1079 5098 1548 5163 aboniina‘biliter,
1578 5106 1634 5151 et
1672 5097 1823 5152 inor-

209 5201 432 5265 dinate,
463 5208 519 5252 et
539 5206 694 5252 extra
711 5206 933 5251 onlnem
1004 5192 1417 5264 religiositatem
1448 5190 1640 5261 βορειὶί
1666 5188 1825 5244 obla-

212 5290 496 5353 tionibus,
527 5298 585 5343 et
614 5285 700 5342 his
728 5299 1210 5357 qua'quocunqle
1265 5283 1430 5337 modo
1486 5279 1820 5336 sanctiﬁcata

210 5384 554 5447 oderuntm,
594 5379 978 5435 contaminant
1023 5388 1227 5432 nomen
1288 5374 1756 5431 sanctiﬁcatorum
1802 5391 1818 5427 :

208 5475 341 5534 sive
370 5474 675 5531 secundum
706 5471 867 5535 LXX,
914 5485 1104 5525 nautea
1152 5474 1398 5523 sanctum
1446 5467 1542 5522 Dei
1577 5466 1817 5537 priurum

210 5566 451 5638 quidem
483 5566 680 5635 ipsum,
718 5570 780 5618 ut
799 5561 891 5633 qui
927 5572 1024 5616 eos
1083 5560 1222 5615 tales
1283 5559 1511 5631 elegerit
1559 5558 1817 5628 blasphe-

208 5674 382 5718 mare
405 5658 589 5725 faciet,
615 5657 810 5713 deinde
833 5664 887 5711 et
937 5654 1197 5725 populum
1227 5651 1507 5708 offendere
1532 5652 1589 5706 in
1608 5651 1815 5707 sanctis

284 5834 337 5868 “
363 5833 389 5898 Ι
411 5835 555 5894 Tim.
581 5852 664 5901 ιιι,
685 5836 739 5889 7.
814 5836 859 5867 ⁵⁸
883 5832 1076 5888 Matth.
1097 5849 1150 5896 v,
1184 5831 1276 5886 48.
1335 5831 1380 5862 ⁸⁸
1412 5827 1641 5886 Slalacli.
1665 5841 1729 5891 ιι,
1760 5825 1813 5883 7.

1924 5827 1936 5860 ⁷
1975 5825 2119 5883 Psal.
2157 5842 2212 5893 L,
2242 5827 2331 5883 I5.
2406 5826 2451 5860 ⁸⁸
2479 5823 2675 5882 Matth.
2696 5841 2750 5896 ι,
2779 5824 2871 5881 28.

614 5932 888 5992 Ρηιιοι..
932 5927 1051 5991 Gn.
1098 5927 1321 5991 XCIII.

1924 4637 2086 4693 datus
2107 4646 2362 4691 vescatur
2390 4637 2460 4691 de
2481 4636 2860 4701 sanctiﬁcatis,
2889 4638 3018 4707 quia
3039 4638 3196 4692 cibus
3234 4638 3382 4694 illius
3404 4648 3511 4695 est.

1925 4728 2269 4784 Morticinnm
2301 4736 2358 4784 et
2378 4737 2597 4799 captum
2634 4744 2665 4783 a
2699 4729 2873 4784 bestia
2903 4744 3015 4783 non
3062 4729 3373 4794 comedent.
3410 4745 3518 4788 nec

1925 4823 2239 4893 polluen‘tur
2267 4822 2321 4876 in
2351 4821 2453 4876 eis.
2484 4823 2605 4892 Ego
2638 4836 2763 4876 sum
2797 4822 3086 4876 Dominus.
3135 4841 3156 4875 ι
3551 4824 3561 4833 ⁸

1997 4917 2169 4987 Cujus
2223 4914 2447 4985 quidem
2506 4915 2758 4986 leprosos
2802 4913 3259 4985 signiﬁcationem
3285 4953 3304 4980 ,
3358 4917 3523 4987 cujus

1926 5013 2110 5061 autem
2165 5004 2396 5060 seminis
2450 5003 2657 5071 ﬂuxum
2699 5004 2918 5073 patiens
2965 5013 3141 5076 gerat,
3170 5005 3268 5060 sed
3301 5014 3359 5059 et
3387 5007 3516 5076 quis

1926 5098 2132 5153 ﬂuxum
2193 5097 2424 5153 seminis
2463 5112 2564 5168 per
2607 5097 2883 5152 somnium
2930 5096 3195 5168 patiatur,
3226 5106 3284 5153 et
3306 5098 3517 5168 polluat

1928 5205 2079 5254 eum,
2111 5190 2187 5245 de
2215 5206 2325 5258 quo
2352 5189 2491 5255 ﬁuit,
2532 5189 2659 5260 quis
2686 5189 2759 5244 sit
2798 5188 2893 5259 qui
2922 5197 3157 5261 tangens
3191 5190 3383 5259 reptile
3407 5190 3515 5244 im-

1929 5280 2203 5336 mundunr
2227 5281 2518 5351 polluitur,
2568 5280 2753 5335 omnia
2799 5279 2961 5335 nobis
2991 5288 3049 5334 et
3084 5280 3386 5336 secundum
3420 5293 3514 5335 or-

1926 5360 2113 5428 dinem
2146 5374 2423 5445 superius.
2450 5373 2503 5427 in
2536 5373 2625 5428 his
2641 5387 2763 5443 quae
2791 5371 2863 5427 ad
2893 5371 3011 5427 haec
3032 5371 3334 5441 pertinent,
3369 5371 3512 5427 dicta

1926 5474 2079 5521 sunt.
2123 5464 2419 5521 Praesentis
2449 5475 2633 5520 autem
2672 5463 2811 5535 legis
2840 5462 3079 5518 intentio
3113 5476 3245 5517 vere
3269 5461 3511 5518 admira-

1923 5556 2068 5623 bilis,
2110 5566 2168 5612 et
2205 5556 2459 5613 ﬁdelibus
2497 5555 2646 5611 omni
2697 5556 2948 5612 custodia
2973 5554 3137 5625 digna
3171 5561 3278 5610 est.
3313 5551 3515 5610 Come-

1922 5651 2056 5705 dere
2087 5650 2237 5705 enim
2269 5658 2459 5704 sancta
2493 5648 2732 5719 pollutus
2762 5662 2935 5717 usque
2975 5644 3106 5701 dum
3141 5644 3511 5716 mundentur,

3077 5910 3155 5973 34
