3892 6408
484 355 623 419 1067
1698 350 2064 411 IIESYCHII
2110 349 2592 409 PRESBYTER!
3583 361 3686 430 mea

485 487 592 526 lion
648 474 784 536 vult,
830 472 924 526 sed
978 485 1079 524 nec
1117 469 1345 524 omnino
1378 484 1473 522 eos
1526 484 1623 537 per
1671 466 2068 521 abstinentiam
2101 470 2145 528 Α
2178 468 2360 537 prosis
2406 467 2552 521 dicta
2593 474 2744 531 sunt,
2797 475 2854 521 et
2901 466 3130 522 seminis
3163 465 3358 524 ﬂuxum
3387 472 3686 546 patientibus,

478 560 795 637 prohibere.
833 564 1126 633 Propterea
1159 580 1310 626 enirn,
1343 562 1434 632 qui
1464 576 1572 614 uno
1596 560 1841 630 quolibet
1871 560 2066 614 borum
2173 558 2535 628 approbatum
2571 567 2672 613 est.
2718 558 2782 612 Et
2813 574 3007 613 rursus
3035 558 3262 615 dicens:

480 658 722 727 pollutus
752 666 855 721 est,
891 658 981 712 hic
1004 656 1349 710 enumeravit
1378 654 1719 709 immundum
1749 668 1873 708 esse
1894 668 2069 723 usque
2240 651 2311 704 Et
2334 665 2513 721 exque
2537 650 2832 720 egredietur
2844 666 3018 703 semen
3039 651 3189 720 quasi
3210 652 3385 715 coitus,
3403 665 3448 708 et
3465 658 3545 725 qui
3563 664 3691 732 tangit

479 750 546 805 ad
574 766 883 821 vesperum.
917 750 1106 805 dicens
1130 766 1144 802 :
2171 740 2357 809 reptile
2382 749 2433 795 et
2455 742 2718 811 quodlibet
2740 742 3097 802 immundum.
3121 743 3269 813 cujus
3299 753 3459 801 tactus
3481 759 3545 803 est
3561 756 3695 807 sordi-

551 841 670 895 Non
724 851 955 896 vescatur
983 842 1048 894 de
1078 841 1179 901 his.
1226 856 1344 911 qua:
1394 840 1728 909 sanctiﬁcata
1761 850 1916 896 sunt:
1976 841 2067 895 sed

2169 832 2291 886 dus.
2324 831 2394 887 Ut
2424 831 2521 887 tibi
2545 832 2714 888 etiam
2746 832 2912 904 huius
2965 833 3344 889 maniiestaret
3376 830 3692 908 intellectum,

478 947 598 984 cum
639 931 826 984 laverit
880 946 1093 983 carnem
1133 946 1289 983 suam
1320 946 1487 996 aqua,
1525 938 1576 984 et
1605 930 1909 984 occubuerit
1962 930 2062 984 sol.
2170 935 2572 995 consequenter
2621 927 2925 981 secundum
2966 925 3136 1005 [LXX
3179 928 3415 982 addidit:
3441 930 3535 984 Aut
3565 949 3693 1003 supra

476 1022 778 1092 Vesperum
827 1031 882 1076 et
931 1037 1186 1077 occasum
1218 1022 1372 1086 solis,
1408 1021 1797 1093 pmnitentiam
1823 1040 1838 1089 ;
1867 1037 2065 1091 aquam
2166 1016 2450 1081 hominem,
2479 1019 2535 1070 in
2577 1035 2679 1088 quo
2708 1018 3004 1090 inquinavit
3040 1019 3210 1084 illum,
3238 1022 3505 1092 secundum
3534 1040 3696 1081 omnem

474 1133 605 1171 vero
635 1131 742 1185 qua
773 1130 892 1169 eam
925 1115 1091 1177 lavet,
1124 1114 1422 1186 lacrymam
1452 1114 1684 1169 dicens:
1733 1115 1803 1170 de
1838 1130 1944 1185 qua
1979 1115 2066 1170 di-
2166 1109 2561 1164 immunditiam
2597 1111 2783 1180 ipsius.
2852 1111 2936 1165 Ad
2971 1127 3300 1181 quamquam
3352 1113 3527 1169 horam
3577 1128 3695 1173 cura

470 1207 551 1261 sit
587 1205 751 1261 David
783 1224 795 1259 :
826 1203 1037 1259 Lavabo
1057 1222 1149 1272 per
1163 1205 1401 1276 singulas
1433 1214 1607 1259 noctes
1631 1204 1819 1259 lectum
1847 1222 2021 1259 meum
2043 1221 2064 1260 :
2166 1200 2407 1255 animam
2448 1201 2856 1257 immunditiam
2917 1211 3012 1257 aut
3081 1203 3433 1272 pollutionem
3495 1206 3695 1265 tradidit.

464 1297 721 1367 larrymis
748 1305 974 1350 stratum
1011 1314 1184 1351 meum
1210 1297 1395 1367 rigabo
1418 1298 1485 1349 ".
1543 1297 1904 1352 ldem'antem
1937 1312 2064 1351 ves-
2167 1295 2275 1351 Sed
2311 1306 2372 1352 ut
2409 1295 2828 1367 intelligibilitcr
2851 1297 3116 1367 accipias,
3149 1313 3272 1368 qua:
3298 1298 3412 1369 ipse
3443 1304 3697 1360 secundum

468 1404 681 1459 peram.
722 1389 804 1443 sic
854 1388 1013 1443 nobis
1047 1388 1451 1457 pmnitentiam,
1493 1400 1551 1443 et
1596 1390 1854 1459 gaudium
1895 1407 1960 1445 ex
1996 1406 2063 1445 ea
2165 1388 2404 1444 litteram
2471 1398 2698 1459 propter
2760 1389 3076 1445 Judaeorum
3157 1391 3417 1446 duritiam
3473 1398 3697 1464 exposuit,

467 1479 801 1551 signiﬁcavit
829 1499 842 1535 :
882 1481 963 1533 Ad
992 1496 1265 1549 vesperum
1291 1480 1655 1535 demorabitur
1699 1483 1877 1551 ﬂetus,
1911 1491 1960 1536 et
1991 1484 2063 1536 ad
2163 1490 2453 1549 propterea
2491 1479 2764 1535 subinl‘crt
2795 1481 2928 1546 base,
2956 1497 3020 1536 ex
3052 1483 3251 1552 quibus
3294 1483 3697 1555 signiﬁcationem

467 1573 794 1626 matutinum
843 1572 1120 1626 latitia”.
1179 1572 1412 1637 Quando
1463 1587 1595 1643 ergo
1634 1572 1888 1645 lacryntis
1938 1573 2062 1643 quis
2166 1571 2263 1625 tibi
2289 1571 2381 1626 det
2432 1571 2843 1642 contemplativi
2890 1572 3137 1642 spiritus.
3176 1574 3314 1629 Illud
3344 1585 3515 1631 autem
3537 1578 3697 1633 intelli-

468 1664 807 1733 paenitentiae
851 1664 1075 1718 ablutus
1120 1663 1287 1717 fuerit
1315 1704 1330 1726 ,
1379 1670 1511 1718 tunc
1553 1672 1741 1718 saneta
1785 1665 2058 1732 comedet,
2162 1678 2292 1733 gere
2346 1664 2445 1718 tibi
2497 1666 2733 1719 maxime
2786 1666 3028 1720 mandati
3078 1666 3246 1736 hujus
3305 1666 3436 1739 legis
3479 1670 3598 1726 utile
3636 1683 3699 1728 est

466 1754 592 1823 quia
625 1755 782 1824 panis
815 1754 938 1823 ejus
987 1764 1072 1809 est
1096 1753 1207 1813 ille.
1255 1754 1327 1829 de
1351 1769 1461 1824 quo
1504 1754 1767 1809 Dominus
1793 1754 1847 1808 in
1876 1754 2059 1811 Eran-
2096 1811 2133 1829 η
2164 1765 2329 1825 atque
2373 1756 2592 1827 iuvans,
2634 1758 2782 1827 quod
2818 1773 2929 1812 non
2966 1758 3114 1814 solos
3169 1759 3500 1827 sacerdotes,
3542 1765 3625 1819 sed
3658 1776 3697 1821 et

467 1846 622 1916 geliis
681 1845 895 1900 dicebat
926 1861 939 1898 :
974 1844 1041 1899 Et
1099 1845 1252 1913 panis
1295 1862 1449 1916 quem
1485 1862 1578 1915 ego
1601 1845 1757 1910 dabo,
1788 1862 1913 1899 caro
1942 1864 2058 1902 mea
2094 1844 2135 1866 υ
2163 1857 2358 1899 omnes
2415 1844 2815 1908 ministrantes,
2860 1861 2970 1901 non
3032 1862 3369 1914 prmsumere
3425 1850 3537 1905 sine
3581 1862 3697 1907 metu

465 1938 629 1994 “tu.
673 1936 826 2004 Quod
857 1946 913 1992 ει
948 1952 1097 1992 nunc
1149 1937 1305 2007 panis
1354 1938 1677 1992 memoriam
1727 1936 1956 2003 faciens,
2006 1949 2063 1995 οι
2163 1932 2492 1987 Sanctorum
2522 1935 2928 2005 perceptionem
2961 1937 3108 2000 vult,
3153 1938 3460 2011 intuerique
3487 1943 3696 1997 traditam

464 2044 606 2100 quos
657 2036 914 2100 oporteat
968 2028 1036 2084 de
1088 2042 1155 2084 eo
1211 2028 1503 2084 comedere
1534 2028 1905 2099 distinguens,
1956 2030 2057 2086 ad-
2161 2038 2193 2077 a
2227 2023 2346 2095 lege
2378 2024 2816 2092 distinctionem,
2843 2043 2965 2097 quae
3004 2028 3342 2098 pmnitentes
3361 2031 3567 2100 quidem
3592 2048 3698 2101 pra-

463 2123 643 2179 didit:
2162 2115 2309 2184 cepit
2333 2115 2400 2170 ad
2430 2127 2620 2171 sancta
2647 2118 2932 2182 accedere,
2973 2129 3103 2173 ante
3147 2128 3333 2175 autem
3372 2122 3698 2191 penitentiam

533 2214 873 2269 Morticinum
903 2224 951 2267 et
988 2222 1200 2282 captant
1246 2229 1279 2267 a
1316 2214 1481 2268 bestia
1522 2230 1626 2268 non
1656 2215 1925 2270 comedent
1966 2230 2059 2269 nec
2161 2205 2438 2275 Ρτοιιῖῦθῑο
2476 2206 2580 2273 Ουί
2616 2217 2801 2263 amem
2828 2224 2896 2264 ex
2934 2211 3145 2265 semine
3186 2221 3316 2266 sum
3343 2215 3516 2268 Aaron
3546 2228 3695 2269 sacer-

462 2307 764 2378 polluentur
812 2306 869 2358 in
897 2306 994 2359 eis.
1022 2305 1136 2376 Ego
1167 2322 1284 2359 sum
1329 2306 1607 2360 Dominus.
1642 2306 1715 2362 Ut
1758 2306 1867 2361 hoc
1908 2308 2058 2378 quod
2159 2297 2326 2361 dotis,
2357 2300 2619 2368 quoniam
2650 2301 2933 2356 Christum
2966 2318 3088 2357 esse
3127 2312 3379 2359 nostrum
3407 2306 3699 2361 sacerdotem

464 2400 673 2455 dictum
717 2408 837 2453 est:
873 2398 986 2469 Ego
1022 2396 1299 2464 Dominus,
1356 2413 1481 2455 cum
1521 2398 1736 2467 audias,
1781 2400 2058 2472 intelligas
2157 2392 2420 2457 didicisti,
2452 2402 2510 2448 et
2544 2395 2709 2465 bujus
2740 2395 2969 2467 ﬁguram
3004 2396 3189 2450 Aaron
3239 2412 3448 2469 gerere,
3490 2398 3596 2452 illos
3635 2400 3697 2452 in.

465 2493 615 2548 hunc
644 2491 956 2547 dicentem:
986 2491 1097 2562 Ego
1126 2508 1243 2546 sum
1274 2492 1450 2560 panis,
1479 2494 1571 2562 qui
1597 2494 1661 2547 de
1686 2492 1813 2548 caelo
1839 2495 2057 2549 descen-
2160 2486 2370 2557 tclliges
2425 2486 2546 2542 sine
2602 2487 2785 2558 aliqua
2843 2488 3146 2555 dubietate,
3231 2489 3323 2559 qui
3399 2490 3697 2559 baptismatis

462 2584 604 2640 di".
635 2584 743 2641 Per
789 2583 1143 2639 morticinum
1173 2591 1384 2648 autem,
1416 2593 1474 2640 et
1498 2600 1528 2638 a
1558 2584 1733 2639 bestia
1768 2597 2054 2656 captorum
2158 2578 2507 2648 adoptionem
2541 2579 2765 2648 habent,
2798 2589 2855 2634 et
2891 2596 3101 2645 sn-men,
3153 2582 3482 2653 c03natique
3510 2583 3632 2652 ejus,
3652 2594 3693 2636 ct

457 2676 917 2749 prohibitionem,
949 2691 1059 2730 non
1087 2686 1345 2746 oportere
1375 2692 1583 2732 mensae
1627 2678 1968 2749 participari,
2000 2689 2056 2734 et
2157 2686 2324 2726 omne
2355 2671 2501 2740 quod
2534 2672 2741 2728 dixeris
2781 2674 2848 2728 ad
2896 2673 3350 2744 conjunctionem
3404 2674 3537 2745 ejus,
3583 2685 3697 2731 recte

460 2786 667 2827 mensae
703 2769 1106 2826 daemoniorum
1159 2770 1458 2841 prmeepit;
1494 2770 1551 2825 in
1609 2770 1698 2825 his
1722 2773 1871 2826 enim
1924 2781 2055 2827 sum
2156 2763 2528 2833 appellantur.
2551 2764 2707 2820 Unde
2729 2775 2786 2820 et
2814 2783 2977 2836 genus
3005 2767 3251 2834 electum,
3275 2779 3332 2823 et
3352 2769 3522 2840 regale
3545 2784 3696 2824 sacer-

457 2878 592 2920 vere
632 2863 949 2927 morticina,
1001 2871 1058 2918 et
1088 2878 1120 2917 a
1145 2862 1342 2918 bestiis
1383 2871 1565 2934 capta.
1615 2862 1756 2930 Quia
1790 2864 1941 2919 enim
1975 2865 2053 2919 si-
2156 2856 2382 2922 dotium,
2410 2868 2467 2912 et
2489 2875 2614 2929 gens
2641 2872 2829 2913 sancta
2850 2860 2915 2926 ",
2955 2872 3183 2932 prapter
3215 2864 3583 2930 cognationem
3603 2864 3696 2931 eius

458 2955 575 3012 mul
629 2968 875 3020 sanetus,
920 2954 1083 3009 simul
1111 2964 1168 3010 et
1196 2955 1437 3011 nutritor
1467 2956 1795 3011 substantias
1848 2964 2056 3013 nostra:
2154 2948 2525 3018 appellamur-
2555 2951 2636 3006 Ad
2664 2968 2805 3021 quos
2835 2967 2968 3023 ergo
3002 2965 3058 3008 et
3088 2970 3215 3025 Quae
3252 2966 3550 3027 sequuntur
3565 2957 3693 3011 dicit:

460 3046 821 3119 intelligibilis
853 3046 1149 3117 praedictus
1184 3047 1347 3117 panis
1379 3056 1484 3113 est,
1519 3062 1624 3102 nec
1650 3048 1895 3117 pollutus
1923 3065 2051 3104 eum
2232 3039 2393 3097 Vnus.
2454 3041 2506 3096 9ο
2566 3061 2585 3093 ι
2650 3041 2980 3098 Custodicnt
3028 3058 3310 3116 praecepta
3361 3063 3479 3103 mea
3531 3058 3696 3102 utnon

459 3138 750 3210 percipere
780 3139 1063 3209 praecepit,
1095 3154 1199 3194 nec
1229 3154 1423 3195 rursus
1444 3140 1739 3197 inundatos
1767 3141 2049 3212 prohiberi
2080 3157 2124 3218 ρ
2156 3133 2481 3204 subiaceant
2542 3141 2789 3204 peccato,
2843 3146 2896 3190 et
2952 3139 3262 3194 moriantur
3320 3140 3376 3195 in
3420 3139 3697 3195 sanctuario

459 3233 597 3289 vult.
643 3231 951 3302 Utrumque
990 3232 1138 3286 enim
1178 3232 1342 3302 plane
1391 3240 1447 3288 et
1493 3232 1698 3287 Paulus
1737 3234 2000 3304 prmeepit
2036 3251 2048 3286 :
2156 3239 2279 3277 cum
2317 3224 2632 3294 polluerunt
2689 3225 2845 3282 illud.
2882 3226 2997 3300 Ego
3040 3229 3311 3286 Dominus
3341 3232 3435 3303 qui
3466 3231 3699 3288 sanetilico

458 3324 763 3395 Quicunque
817 3325 959 3379 enim
1008 3323 1242 3379 comedet
1293 3341 1520 3395 panem,
1576 3334 1626 3379 et
1667 3326 1801 3380 bibet
1832 3326 2053 3380 calicem
2155 3314 2297 3369 il103-
2334 3334 2354 3367 ι

458 3416 678 3471 Domini
706 3417 943 3489 indigne,
994 3434 1116 3472 reus
1147 3418 1246 3471 erit
1287 3418 1520 3489 corporis
1556 3427 1603 3473 et
1632 3419 1907 3490 sanguinis
1942 3419 1995 3472 Di

2226 3410 2369 3481 Ergo
2426 3419 2698 3481 praecepta
2754 3411 2990 3478 Domini,
3042 3412 3095 3467 i-l
3144 3423 3232 3477 est
3278 3414 3390 3483 les,
3442 3413 3697 3470 custodiam

457 3509 590 3562 mini
607 3508 675 3566 ⁷³.
709 3506 851 3564 Ecce
880 3508 982 3563 iste
1011 3518 1098 3565 est
1134 3510 1374 3579 pollutus
1411 3519 1467 3565 et
1518 3511 1856 3567 immundus.
1891 3512 1994 3567 llut

2159 3498 2479 3564 districtum,
2511 3507 2568 3554 et
2594 3500 2964 3556 obedientiam
3024 3503 3578 3576 intransgressibilcm
3621 3522 3696 3559 nc-

457 3601 603 3656 enim
637 3601 901 3673 intelligis
938 3603 1259 3660 omnimodo
1303 3603 1526 3676 indigne
1580 3605 1988 3672 eomedentem,

2161 3589 2450 3643 cessariam
2479 3589 2763 3655 habentia,
2796 3592 2941 3647 sicut
2965 3592 3391 3663 perﬂeientibus
3413 3612 3497 3661 ea,
3527 3604 3579 3651 et
3601 3610 3698 3651 san‘

455 3702 769 3749 εεηριοι-υιη
803 3692 1145 3764 prohibitum
1187 3695 1627 3766 participatione,
1672 3696 1817 3764 Quid
1861 3707 2048 3753 autem
2150 3681 2524 3748 etiticationis,
2558 3692 2615 3738 et
2639 3682 3053 3754 justilicatiunis
3093 3697 3150 3741 et
3198 3689 3395 3745 salutis
3425 3704 3578 3745 causa
3607 3685 3698 3743 elli-

455 3785 541 3842 his
594 3785 848 3841 addidit?
885 3785 1074 3842 probe,
1104 3799 1285 3843 amem
1344 3806 1399 3843 σε
1436 3790 1612 3853 homo.
1642 3798 1692 3844 ει
1717 3790 1795 3844 ,ιε
1820 3794 1885 3845 αθ
1908 3808 2048 3861 pane
2150 3772 2396 3838 ciuntur,
2443 3772 2523 3828 sic
2550 3776 2764 3844 peccati
2812 3783 2869 3832 et
2915 3776 3110 3832 mortis
3167 3780 3698 3853 transgredientibus:

451 3878 544 3934 mo
569 3879 712 3945 edat,
748 3888 797 3934 ει
818 3878 885 3934 de
909 3879 1076 3936 οαιίεε
1095 3880 1315 3936 bibat”.
1336 3882 1439 3948 Qui
1463 3892 1652 3938 amem
1681 3884 2045 3955 semetipsum
2148 3866 2293 3936 quod
2331 3867 2384 3920 in
2414 3868 2562 3922 omni
2586 3867 2807 3937 quidem
2838 3878 2926 3925 est
2944 3870 3084 3938 lege,
3118 3881 3175 3926 et
3200 3872 3255 3927 in
3285 3875 3439 3929 omni
3461 3871 3696 3933 mandato,

450 3970 665 4039 probat.
730 3970 775 4026 εί
837 3973 1051 4044 peccati
1108 3972 1213 4028 sibi
1275 3974 1533 4030 conscius
1560 3985 1667 4041 εει,
1698 3985 1755 4030 ει
1787 3975 2046 4046 pollutio.
2148 3959 2323 4015 multo
2376 3960 2552 4031 magis
2613 3969 2795 4017 tamen
2852 3962 2907 4017 in
2967 3962 3302 4022 Sanctorum
3364 3966 3696 4039 perceptione.

449 4075 576 4115 nem
610 4060 810 4117 animae
847 4078 908 4118 se
953 4062 1162 4118 habere
1209 4061 1397 4131 sentit,
1430 4063 1667 4134 pmnitet
1695 4064 1817 4119 sine
1848 4063 1986 4118 dubi

2158 4051 2392 4125 Quisquis
2412 4055 2551 4108 enim
2574 4056 2645 4110 ad
2672 4066 2757 4119 ea,
2788 4065 2938 4111 extra
2981 4074 3143 4128 quam
3181 4070 3407 4131 oportet,
3443 4060 3695 4117 accesserit.

450 4151 518 4208 Et
543 4163 668 4224 post
697 4154 1084 4223 paenitentiam
1116 4155 1185 4211 de
1219 4171 1363 4226 pane
1412 4156 1727 4222 comedere,
1761 4164 1819 4211 et
1851 4155 1987 4211 bibei

2158 4146 2404 4202 iudicium
2451 4148 2547 4201 sibi
2609 4150 2770 4203 sumit
2804 4157 2854 4204 et
2916 4161 3158 4205 mortem.
3188 4153 3330 4208 Nam
3356 4163 3412 4209 et
3434 4154 3616 4209 Paulus
3644 4151 3695 4205 de

432 4260 643 4300 “rursus
676 4246 745 4301 de
774 4237 1173 4303 calice'sancto
1218 4254 1275 4302 et
1322 4247 1613 4317 impolluto
1642 4253 1844 4315 potest.
1881 4244 2039 4313 Quod
2148 4237 2348 4293 talibus
2391 4237 2694 4296 Corinthiis
2734 4240 3052 4298 scribebat:
3109 4243 3214 4310 Qui
3255 4248 3395 4301 enim
3446 4246 3695 4302 manducet

446 4345 633 4394 autem
669 4337 986 4409 frequenter
1013 4340 1082 4395 de
1120 4340 1227 4395 hac
1292 4339 1581 4394 sanctione
1637 4338 1897 4403 diximus,
1932 4338 2039 4394 dici
2143 4338 2193 4383 et
2223 4329 2372 4397 bibit,
2400 4331 2666 4401 judicium
2699 4333 2800 4388 sibi
2840 4337 3131 4390 mandarat
3163 4347 3212 4391 et
3245 4339 3375 4393 bibit
3407 4355 3506 4393 non
3530 4336 3695 4409 dijudi-

445 4439 503 4486 et
526 4446 676 4487 nunc
703 4433 1074 4487 necessarium
1099 4444 1203 4499 εει,
1226 4432 1449 4504 prodest
1477 4432 1626 4487 enim
1659 4432 2031 4497 audientibus,
2070 4500 2097 4504 _
2143 4441 2272 4478 cans
2313 4441 2503 4495 corpus
2555 4425 2788 4482 Domini.
2834 4427 3127 4498 Propterea
3160 4432 3303 4486 inter
3348 4450 3434 4487 vos
3464 4432 3605 4485 multi
3627 4431 3694 4482 iu-

446 4523 499 4577 id
530 4531 633 4582 est.
664 4523 792 4593 quia
838 4525 1085 4594 leprosos
1134 4533 1185 4580 et
1230 4500 1458 4579 seminis
1513 4522 1721 4577 ﬂuxum
1759 4522 2034 4592 patientes
2068 4500 2111 4555 θ
2139 4519 2304 4587 ﬁrmi,
2332 4529 2383 4573 et
2408 4520 2711 4585 imbecilles,
2749 4531 2799 4575 et
2834 4523 3109 4577 dormiunt
3144 4526 3305 4580 multi
3325 4527 3390 4593 ⁷⁸,
3426 4526 3478 4581 id
3503 4533 3581 4580 est
3600 4537 3694 4577 mo-

443 4615 737 4671 sensibiles
781 4616 1059 4687 legislator
1092 4632 1203 4672 non
1239 4615 1611 4681 abominatnr,
1644 4629 1826 4684 neque
1880 4613 2031 4669 enim
2142 4610 2381 4665 riuntur.
2431 4610 2749 4669 Secundum
2804 4614 2909 4670 hoe
2958 4614 3127 4687 igitur
3175 4618 3411 4673 verbum
3448 4617 3694 4689 legislator

443 4706 774 4771 voluntarie,
829 4709 926 4764 sed
982 4708 1143 4763 inviti
1197 4709 1339 4763 hanc
1381 4708 1695 4777 passionem
1734 4706 2031 4771 sustinent,
2140 4703 2422 4761 sancivit:

441 4798 538 4854 sed
602 4814 699 4854 eos
755 4801 848 4869 qui
892 4803 1135 4855 animam
1198 4801 1492 4871 leprosam,
1555 4809 1650 4854 aut
1704 4798 1907 4853 ﬂuxum
1940 4813 2031 4852 se-
2212 4796 2521 4851 Custodiam
2546 4811 2809 4869 praecepta
2850 4818 2990 4866 mea,
3028 4812 3085 4855 ut
3116 4819 3220 4857 non
3260 4804 3691 4875 subjaceantpec-

426 4891 605 4947 minis
634 4892 934 4963 patientem
967 4894 1195 4949 habent.
1230 4891 1529 4964 Propterea
1564 4893 1795 4949 dicens:
2139 4899 2259 4946 cato
2283 4900 2334 4946 et
2382 4893 2685 4948 moriantur
2724 4912 2819 4967 per
2851 4912 2936 4950 ea.
2989 4896 3058 4953 Et
3108 4912 3233 4967 qua:
3268 4906 3563 4961 estcausa,
3591 4906 3689 4965 qua

509 4981 788 5052 Leprosus,
819 4993 869 5038 et
900 4985 1106 5054 [luxum
1129 4984 1343 5039 seminis
1372 4985 1600 5052 patiens,
1634 5003 1742 5041 non
1766 5002 2025 5055 vescatur,
2140 4984 2310 5041 infert
2337 4996 2569 5042 mortem
2594 4988 2617 5042 ?
2646 4988 2785 5044 Cum
2812 4989 3111 5060 polluerint
3138 4991 3295 5047 illttd.
3338 4991 3540 5061 Iniuria
3565 4988 3689 5043 enim

435 5075 600 5130 donec
628 5086 868 5131 sanetur.
901 5074 1188 5141 Quomodo
1222 5086 1503 5146 oporteret
1528 5078 1632 5135 hoc
1659 5079 1910 5155 intelligi,
1944 5083 2030 5137 in-
2138 5077 2439 5132 sanctuarii
2483 5087 2541 5133 et
2570 5079 2802 5149 pollutio
2846 5090 2952 5147 est,
2985 5081 3271 5137 sordidum
3311 5080 3607 5153 quempiam
3632 5073 3687 5129 ad

437 5168 1029 5236 terpretansaddidit:
1076 5168 1178 5233 Qui
1220 5169 1447 5238 tetigerit
1482 5171 1824 5228 immundum
1867 5191 2029 5244 super
2136 5170 2340 5225 munda
2384 5172 2668 5230 accedere.
2715 5173 2874 5230 Unde
2922 5191 3048 5230 cum
3086 5175 3355 5246 quosdam
3400 5176 3468 5232 de
3503 5173 3598 5227 viis
3636 5182 3688 5223 ac

436 5271 725 5325 niortmim,
744 5259 866 5315 sive
884 5261 1185 5316 secundum
1212 5260 1602 5326 LXX,omncm
1626 5264 2026 5321 immunditiam
2135 5262 2359 5331 sepibus
2403 5264 2472 5320 ad
2516 5265 2760 5336 nuptias,
2807 5283 2930 5337 quae
2974 5269 3031 5323 in
3085 5268 3402 5340 evangelica
3460 5260 3685 5337 parabola

434 5350 667 5414 animae;
712 5351 1076 5407 immunditiae
1109 5362 1293 5408 autem
1333 5354 1556 5418 animae,
1602 5366 1825 5425 peccata
1868 5372 2022 5425 sunt,
2132 5353 2293 5410 dictae
2318 5363 2470 5421 sunt,
2502 5367 2884 5423 convocasset,
2927 5360 3217 5416 inveniens
3246 5360 3556 5431 quempiam
3583 5368 3683 5410 sor-

434 5454 666 5509 quarum
723 5441 969 5510 quietiam
1040 5442 1273 5512 leprosa:
1329 5451 1482 5508 sunt,
1534 5444 1784 5514 quaedam
1814 5446 2021 5502 ﬂuxum
2131 5445 2258 5501 dida
2293 5448 2549 5506 vestitum
2593 5451 2754 5518 stola,
2804 5451 2861 5506 in
2898 5468 3058 5510 omna
3092 5453 3327 5524 nuptiali
3370 5448 3684 5508 discumben-

434 5528 663 5584 seminis
690 5529 984 5599 patientes,
1033 5533 1178 5587 sicut
1206 5548 1237 5587 a
1270 5534 1451 5598 nobis,
1487 5534 1540 5589 in
1570 5535 1658 5591 bis
1682 5551 1806 5606 quae
1838 5537 1907 5592 de
1945 5539 2024 5594 le—
2132 5550 2244 5594 tem
2304 5543 2562 5613 expellit,
2598 5553 2655 5598 ct
2704 5545 2759 5598 in
2810 5546 3066 5603 tenebras
3122 5547 3316 5619 projici
3375 5536 3679 5614 praecepit"-

504 5735 668 5820 f’nPs.
699 5755 774 5805 γι,
798 5739 884 5820 (ἴλη
926 5742 1331 5820 ‘_'Ps._§x_t_x.6_.
1408 5746 1451 5777 "
1483 5745 1640 5820 Joan.
1663 5763 1736 5820 rt,
1769 5748 1856 5802 52.
1936 5751 1979 5781 τ’
2010 5749 2041 5805 il

2127 5793 2138 5805 .
2179 5750 2268 5807 5|.
2347 5751 2394 5785 ⁷³
2423 5751 2550 5810 Cor.
2586 5770 2663 5820 xi,
2688 5753 2779 5809 27.
2857 5754 2901 5787 ⁷³
2923 5755 3054 5811 ibid.
3078 5754 3168 5811 ‘28.
3246 5750 3336 5806 '-"l
3389 5749 3526 5805 Petr.
3557 5741 3663 5811 11,9.

426 5804 777 5875 ηιουωι,
817 5811 1021 5877 29,50.
1098 5815 1139 5846 ττ
1169 5815 1362 5871 Matth.
1391 5832 1521 5883 xxu,
1558 5818 1645 5882 ιι,
1677 5804 1762 5872 is.
