3892 6408
371 349 513 415 1039

1519 351 1600 411 IN
1635 347 2072 411 LEVITICUM.
2106 371 2173 381 --
2213 346 2357 406 LIB.
2389 347 2490 408 VI.

3492 353 3627 420 1070

364 467 534 536 Atqui
561 481 754 522 omnes
790 475 1102 536 peccatores
1131 473 1309 532 erant,
1339 467 1433 537 qui
1462 466 1674 521 invitati
1704 474 1855 526 sunt,
1892 471 1948 516 et
1980 472 2023 524 Α
2121 458 2283 516 Vens.
2336 462 2423 516 11.
2477 479 2495 512 ι
2542 459 2715 526 Quem
2778 470 2958 516 autem
3006 464 3259 521 sacerdos
3304 470 3519 536 emerit,
3569 484 3628 529 et

365 569 662 628 propterea
718 559 787 613 de
817 559 922 613 viis
952 568 1009 613 ct
1035 559 1100 613 de
1126 559 1353 628 sepibus
1377 558 1555 629 colligi
1585 557 1942 611 dicebantur:

322 676 329 677 ί
360 650 465 704 sed
492 665 617 704 cum
652 651 841 704 mutati
872 651 1043 719 prius,
1073 660 1129 703 et
1155 661 1382 719 peccato
1412 664 1511 718 per
1560 648 1945 717 paenitentiam

362 741 694 809 semetipsos
718 741 1107 808 cxspoliantes,
1133 749 1265 794 tunc
1289 740 1359 795 de
1389 753 1546 795 caena
1562 739 1942 793 comederunt.

363 830 471 885 llic
493 843 675 885 autem
705 830 926 885 sordida
955 831 1139 885 adhuc
1167 829 1396 884 indutus
1422 829 1630 898 peccati
1656 828 1815 890 stola,
1833 843 1942 881 non

364 924 714 991 exspoliatus
749 938 854 976 nec
899 930 1291 987 commutatus,
1329 921 1538 992 ingredi
1586 921 1643 975 in
1670 928 1860 974 sancta
1891 929 1947 973 et

360 1015 572 1068 munda
593 1014 955 1083 praesumpsit.
981 1012 1211 1066 Multum
1232 1027 1363 1083 ergo
1399 1012 1702 1067 secundum
1733 1019 1947 1081 tempus

352 1103 479 1168 hoc
502 1104 605 1175 legi
640 1104 913 1172 adjectum
947 1114 1028 1159 cst
1047 1122 1063 1158 :

438 1193 555 1264 Ego
590 1195 841 1248 Dominus
869 1196 959 1264 qui
988 1196 1257 1264 sancti/ica
1300 1194 1437 1247 illos.
1470 1194 1528 1248 Id
1559 1202 1662 1260 est,
1692 1192 1785 1264 qui
1815 1209 1948 1263 pec-

360 1293 586 1339 calores
628 1295 865 1340 mutatos
908 1287 1189 1339 duntaxat
1220 1286 1279 1339 in
1324 1285 1651 1339 Sanctorum
1699 1299 1947 1340 commu-

360 1376 534 1430 nione
595 1376 834 1441 recipio:
887 1391 1109 1430 avet-sor
1159 1385 1345 1430 autem
1385 1375 1603 1445 quando
1655 1365 1850 1444 polluti
1892 1384 1950 1430 et

361 1467 542 1537 iniqui
576 1475 922 1536 permanent.

439 1559 603 1615 Vens.
636 1561 723 1614 10.
776 1579 793 1611 ε
831 1558 1023 1614 Omnis
1066 1558 1380 1628 alienigena
1424 1572 1537 1611 non
1586 1534 1839 1612 comedet
1880 1556 1951 1611 de

358 1652 740 1706 sanctiﬁcatis.
772 1651 1078 1720 lnquilinus
1101 1650 1429 1726 sacerdotis,
1473 1658 1528 1704 et
1558 1649 1947 1715 mercenarius,

361 1757 481 1796 non
518 1751 810 1796 vescantur
831 1743 932 1797 eis.
972 1761 991 1794 ›

2043 554 2138 623 qui
2160 554 2488 609 vernaculus
2528 554 2725 608 domus
2765 553 2886 623 ejus
2914 554 3102 623 fuerit,
3137 558 3193 611 hi
3230 562 3523 618 comedent
3554 580 3623 619 ex

2043 644 2144 698 eis.
2180 662 2199 695 ι

2115 734 2251 801 Quia
2296 736 2651 809 alienigenas,
2702 738 2904 809 impios
2929 738 3185 797 videlicet
3207 751 3263 797 et
3289 743 3561 809 inﬁdeles,
3590 764 3622 802 a

2044 827 2462 896 participatione
2495 829 2808 883 divinorum
2862 831 3162 899 prohibuit,
3214 836 3457 890 ostendit
3490 838 3621 907 quia

2043 927 2099 972 et
2123 918 2177 971 hi
2206 919 2253 972 si
2292 928 2575 975 mutentur
2596 921 2665 976 ab
2693 937 2908 988 errore,
2951 930 3007 977 et
3035 924 3103 979 ad
3135 924 3417 982 Christum
3469 945 3627 985 acce-

2042 1008 2194 1072 dant,
2224 1010 2495 1078 permittit
2532 1027 2653 1080 qua:
2702 1023 2890 1067 sancta
2927 1023 3074 1069 sunt.
3111 1015 3282 1072 Nemo
3307 1019 3456 1073 enim
3488 1023 3625 1076 alie-

2044 1097 2243 1168 nigena
2278 1114 2376 1168 per
2408 1109 2657 1155 naturam
2682 1110 2785 1166 est,
2821 1103 2915 1157 sed
2960 1104 3241 1160 voluntate
3263 1107 3482 1176 quidam
3518 1109 3627 1165 sibi

2044 1188 2355 1243 asciverunt
2404 1190 2789 1246 alienationem
2820 1193 3007 1249 aDeo.
3058 1194 3339 1267 Quotquot
3388 1216 3518 1271 ergo
3558 1218 3627 1257 cx

2046 1278 2133 1333 bis
2161 1280 2519 1351 intelligibilis
2559 1283 2823 1337 sacerdos
2857 1284 3100 1352 possidet
3128 1288 3427 1356 cmptitios,
3459 1290 3514 1345 id
3539 1302 3630 1347 est

2045 1377 2314 1438 quotquot
2355 1370 2488 1424 emit
2535 1387 2633 1440 per
2679 1372 3046 1441 evangelicam
3082 1375 3386 1431 doctrinam
3426 1387 3483 1433 et
3507 1395 3630 1450 gra-

2048 1462 2202 1516 tiam.
2232 1460 2358 1517 Haac
2390 1472 2472 1518 est
2503 1464 2651 1517 enim
2683 1462 2897 1518 Domini
2919 1466 3252 1536 conquisitio
3280 1480 3332 1523 et
3358 1472 3623 1528 accrbmn

2046 1563 2328 1623 argentum
2385 1563 2504 1609 est:
2559 1557 2847 1627 Argentum
2882 1558 3002 1627 igne
3052 1560 3420 1614 examinatum
3469 1571 3625 1617 ternr

2047 1646 2409 1715 purgatum“,
2448 1648 2685 1703 redemit
2714 1658 2896 1704 autem
2933 1665 3049 1714 eos,
3084 1652 3176 1720 qui
3206 1652 3253 1706 ei
3295 1649 3479 1700 νυΙιιιιι
3511 1662 3626 1701 scr-

2047 1738 2183 1791 virc.
2237 1737 2353 1791 Alio
2390 1749 2568 1793 autem
2601 1740 2767 1803 nulla,
2820 1742 2963 1796 sicut
3011 1741 3205 1797 Petrus
3264 1744 3422 1810 dixit,
3442 1745 3611 1815 pretio

438 1831 820 1887 Necessarium
873 1834 978 1888 hoc
1009 1833 1326 1888 mandatum
1383 1843 1486 1897 est,
1532 1848 1604 1920 nc
1633 1832 1775 1888 forte
1818 1833 1951 1903 adji-
1982 1811 2024 1868 Β
2051 1826 2213 1894 empti
2239 1827 2382 1890 estis,
2416 1829 2573 1882 nolite
2601 1829 2719 1898 ﬁeri
2744 1831 2880 1883 servi
2906 1831 3254 1886 hominum“.

362 1939 498 2001 cere
527 1924 780 1978 omnibus
831 1924 1169 1989 inﬁdelibus,
1205 1935 1260 1980 et
1286 1925 1468 1994 impiis
1495 1940 1740 1980 mensam
1784 1925 1948 1995 Spiri-

330 2062 339 2063 ,
366 2015 534 2068 talem
560 2025 845 2083 putemus:
874 2029 975 2068 nec
1004 2016 1131 2083 quia
1158 2014 1282 2068 vita:
1309 2014 1464 2083 panis
1497 2014 1812 2085 mysterium
1839 2013 1949 2069 Do-

362 2106 633 2169 minjcum
655 2105 875 2171 dicitur,
898 2115 1189 2175 pr0pterea
1212 2114 1466 2175 oportere
1488 2104 1772 2176 percipere
1794 2105 1948 2160 illum

363 2200 534 2254 etiam
573 2213 686 2263 eos,
717 2198 812 2267 qui
836 2198 1016 2251 adhuc
1037 2214 1068 2251 a
1093 2197 1198 2251 ﬁde
1228 2196 1392 2251 alieni
1419 2206 1569 2261 sunt,
1594 2197 1946 2253 arbitremur.

363 2290 703 2361 Alienigena:
755 2304 886 2360 ergo
937 2298 1068 2344 sunt
1122 2305 1315 2345 omnes
1369 2289 1463 2360 qui
1506 2288 1597 2343 Dei
1628 2288 1802 2357 legem
1834 2305 1947 2343 non

364 2380 699 2451 suscipiunt,
746 2395 849 2434 nec
907 2379 1238 2451 evangelicae
1291 2379 1590 2450 participes
1640 2380 1949 2434 etiiciuntur

363 2473 577 2543 gratiae.
609 2472 758 2527 Nihil
786 2472 933 2526 enim
983 2473 1037 2525 hi
1068 2472 1378 2541 proximum
1411 2471 1660 2527 aﬁinitati
1695 2470 1813 2539 Dei,
1849 2487 1948 2527 ne-

362 2580 478 2635 que
504 2573 795 2633 cOgnatum
844 2563 1091 2618 scicntia:
1129 2564 1250 2633 ejus
1286 2563 1353 2618 de
1382 2578 1448 2616 eo
1479 2562 1784 2633 intelligere
1814 2577 1947 2632 pos-

365 2664 540 2709 sunt:
572 2654 716 2709 unde
761 2662 817 2708 et
841 2653 1184 2724 alienigenae,
1236 2654 1380 2708 sicut
1425 2653 1582 2723 quia
1607 2653 1948 2708 daemonibus

365 2748 727 2810 scdueuntur,
774 2756 831 2801 et
861 2747 1242 2817 cognationem
1283 2762 1474 2801 eorum
1512 2746 1949 2817 amplectuntur,

367 2839 426 2892 hi
454 2840 600 2892 enim
635 2854 666 2893 a
693 2838 872 2902 nobis,
898 2847 953 2892 et
978 2853 1006 2891 a
1043 2837 1154 2892 Deo
1187 2837 1354 2892 alieni
1383 2846 1534 2902 sunt,
1564 2847 1716 2892 recte
1755 2836 1949 2908 appel-

365 2929 574 2988 lantur,
626 2929 694 2983 de
751 2928 949 2998 quibus
1004 2928 1174 2982 David
1221 2928 1528 2998 psallebat:
1576 2928 1738 2997 Eripe
1765 2944 1866 2994 me,
1896 2936 1948 2981 et

366 3022 536 3075 libera
570 3038 652 3076 me
687 3022 751 3075 de
785 3038 948 3075 manu
998 3020 1232 3090 ﬁliorum
1287 3020 1605 3086 alienorum,
1632 3037 1855 3092 quorum
1890 3036 1947 3074 os

2121 1915 2225 1970 Sed
2252 1928 2300 1971 et
2330 1920 2598 1972 vernaculi
2630 1921 2765 1988 ejus.
2799 1920 2851 1974 Id
2892 1931 2995 1987 est,
3028 1923 3122 1992 qui
3147 1924 3203 1977 in
3235 1922 3341 1978 ﬁde
3370 1923 3493 1993 ejus
3522 1942 3625 1981 nu-

2050 2007 2183 2070 triti,
2200 2016 2255 2063 et
2277 2007 2331 2061 in
2345 2007 2671 2079 intelligibili
2684 2011 3071 2076 domo,Christi
3091 2013 3345 2068 videlicet
3364 2014 3626 2083 Ecclesia,

2053 2099 2268 2154 educati
2306 2109 2437 2155 sunt
2476 2117 2573 2171 per
2606 2112 2893 2171 parentum
2938 2103 3123 2158 ﬁdem.
3162 2105 3226 2158 lli
3271 2106 3340 2160 de
3388 2106 3626 2175 panibus

2048 2193 2166 2260 eius
2187 2193 2427 2264 mysticis
2456 2203 2510 2248 et
2542 2194 2943 2249 vivideantihds
2974 2198 3290 2251 comedent.

2122 2281 2282 2348 Vens,
2319 2284 2407 2337 12.
2450 2302 2469 2336 ι
2511 2284 2567 2338 Si
2599 2284 2705 2339 ﬁlia
2737 2287 3038 2342 sacerdotis
3068 2287 3299 2342 cuilibet
3335 2303 3397 2342 ex
3423 2291 3628 2359 popqu

2049 2381 2213 2443 nupta
2240 2373 2424 2438 fuerit,
2450 2375 2518 2429 de
2546 2375 2631 2430 bis
2656 2392 2779 2445 qua:
2812 2378 3151 2433 sanctiﬁcata
3184 2388 3312 2434 sunt
3339 2379 3407 2433 de
3433 2381 3628 2450 primi-

2048 2466 2139 2521 tiis
2162 2482 2271 2520 non
2305 2477 2580 2522 vescetur.
2629 2467 2727 2522 Sin
2768 2475 2951 2524 autem
3002 2470 3167 2526 vidua
3202 2472 3288 2526 vel
3339 2472 3626 2542 repudiata

2045 2557 2252 2627 absque
2280 2558 2468 2614 liberis
2498 2575 2716 2615 reversa
2761 2560 2927 2615 fuerit
2967 2562 3033 2616 ad
3055 2563 3278 2618 domum
3319 2565 3488 2635 patris
3513 2566 3624 2630 sui,

2046 2649 2189 2705 sicut
2214 2651 2391 2721 puella
2446 2660 2827 2715 consueverat,
2882 2654 3060 2709 aletur
3116 2657 3257 2710 cibis
3309 2658 3482 2727 patris
3513 2658 3622 2713 sui.

2047 2739 2239 2798 Omnis
2277 2744 2583 2815 alienigena
2630 2746 2955 2802 comedendi
2981 2762 3048 2801 ex
3089 2748 3172 2803 eis
3197 2765 3309 2804 non
3339 2750 3505 2807 habet
3526 2767 3628 2822 po-

2046 2841 2323 2889 testalcm.
2356 2853 2376 2886 ι
2746 2897 2752 2902 η

2118 2924 2272 2989 Quod
2301 2933 2485 2979 autem
2538 2935 2727 2981 nostra
2757 2928 3038 2985 translatio
3067 2930 3234 2986 habet
3265 2949 3280 2986 :
3311 2930 3370 2987 Si
3396 2932 3513 3002 ﬁlia
3536 2948 3629 2990 sa-

2048 3017 2271 3071 cerdotis
2299 3017 2519 3072 cuilibet
2541 3035 2604 3073 ea:
2627 3020 2822 3090 populo
2847 3030 3008 3089 nupta
3039 3023 3220 3090 fuerit,
3255 3022 3397 3079 LXX
3422 3026 3624 3084 edunt:

365 3111 604 3165 locutum
635 3120 709 3166 est
753 3112 1045 3165 vanitatem
1061 3112 1129 3165 ⁷⁸.
1180 3110 1284 3177 Qui
1311 3119 1495 3168 autem
1526 3113 1827 3182 loquuntur
1850 3127 1948 3167 va-
1973 3149 2017 3207 Ο
2049 3107 2123 3162 Et
2152 3109 2267 3177 ﬁlia
2310 3111 2595 3165 sacerdotis
2642 3121 2807 3181 nupta
2857 3114 3016 3184 fuerit
3044 3116 3244 3169 homini
3295 3118 3626 3190 alienigena.

366 3202 621 3267 nitatem,
651 3203 884 3257 maxime
912 3217 1250 3271 paganorum
1278 3202 1391 3269 ﬁlii,
1424 3201 1517 3271 qui
1546 3210 1825 3257 terrenam
1859 3219 1948 3259 sa-

366 3296 656 3365 pientiam,
690 3303 744 3349 et
784 3294 1097 3363 animalem,
1147 3304 1204 3350 et
1245 3295 1596 3361 diabolicam,
1641 3296 1948 3351 secundum

363 3386 515 3456 quod
539 3386 615 3441 ait
643 3385 902 3450 Jacobus,
936 3386 1141 3442 habent
1157 3387 1225 3439 τ’.
1246 3385 1384 3443 Cum
1424 3387 1511 3442 his
1538 3387 1774 3444 dicimus
1810 3389 1948 3443 alie-

362 3478 646 3550 nigenam,
676 3477 769 3547 qui
797 3493 919 3547 quae
943 3479 1121 3533 aliena
1162 3487 1292 3552 sunt
1317 3495 1350 3533 a
1377 3479 1641 3551 dignitate
1669 3481 1944 3552 mysterii,

363 3569 438 3623 de
470 3583 536 3622 eo
589 3568 944 3639 intelligunt:
994 3550 1456 3639 quemadmodum
1486 3571 1555 3625 ad
1581 3550 1765 3627 cibum
1796 3588 1948 3628 com-

363 3677 614 3726 munem,
642 3662 717 3716 ita
743 3662 811 3717 ad
848 3661 1094 3717 divinum
1122 3664 1411 3729 accedunt,
1449 3672 1506 3719 et
1532 3664 1832 3720 carnaliter
1861 3666 1947 3721 di-

363 3752 498 3805 vina
535 3760 591 3806 et
648 3751 1329 3833 cmlestiaxconspiciunt:
1381 3762 1533 3809 recte
1576 3769 1706 3826 ergo
1745 3756 1814 3810 ab
1862 3755 1948 3811 his

361 3841 532 3896 etiam
570 3843 689 3897 talis
719 3843 1062 3912 prohibetur.
1099 3842 1400 3913 lnquilinus
1428 3854 1611 3899 autem
1647 3847 1949 3902 sacerdotis

360 3939 475 3995 est,
501 3932 592 4001 qui
623 3947 731 3985 non
757 3946 894 4001 pure
928 3932 984 3985 in
1032 3931 1153 4000 ejus
1181 3931 1360 3985 aulam
1401 3931 1734 4001 ingreditur,
1766 3944 1947 4001 neque

364 4023 736 4078 reverentiam
779 4022 999 4093 dignam
1048 4021 1100 4075 ei
1150 4021 1377 4091 prabet,
1436 4029 1533 4075 aut
1580 4021 1946 4092 diligentiam.

362 4113 844 4181 Quemadmodum
872 4115 1021 4169 enim
1074 4113 1379 4183 inquilinus
1423 4114 1766 4169 solummodo
1791 4131 1947 4170 suam

361 4206 484 4276 agit
510 4205 821 4270 utilitatem,
857 4213 913 4259 et
959 4219 1058 4274 per
1092 4204 1334 4275 singulos
1357 4203 1478 4259 dies
1514 4215 1799 4274 exspectat
1841 4207 1948 4260 mi-

361 4297 540 4369 grari,
580 4313 692 4352 non
746 4308 929 4351 autem
970 4282 1295 4366 pertinet‘ei
1331 4296 1374 4351 si
1405 4296 1531 4366 jura
1585 4297 1780 4352 domus
1825 4299 1948 4368 qui-

363 4393 497 4445 dam
548 4389 810 4458 diripiant
840 4397 935 4443 aut
972 4388 1320 4454 subtrahant,
1359 4388 1442 4443 sic
1473 4398 1601 4443 sunt
1650 4390 1727 4456 hi,
1758 4390 1852 4460 qui
1889 4391 1945 4444 in

2049 3200 2171 3256 Non
2216 3202 2375 3259 nobis
2425 3202 2623 3260 sulﬁcit
2680 3204 2738 3259 in
2773 3203 2879 3261 ﬁde
2922 3208 3122 3261 nutriri
3179 3209 3406 3276 Christi,
3441 3211 3536 3266 sed
3571 3221 3631 3269 et

2049 3309 2393 3365 permanere,
2424 3304 2481 3351 et
2511 3311 2762 3352 crescere
2807 3296 2865 3351 in
2891 3312 2981 3363 ea,
3008 3306 3064 3353 et
3104 3299 3241 3355 nulli
3286 3302 3629 3374 alienigena-

2048 3398 2192 3448 rum,
2222 3384 2277 3438 id
2306 3392 2412 3450 est,
2462 3386 2691 3441 alterius
2721 3401 2753 3441 a
2795 3386 2908 3442 Deo
2939 3387 3231 3458 dogmatis,
3273 3400 3369 3446 aut
3403 3392 3630 3449 alterius

2048 3471 2203 3542 legis,
2230 3472 2318 3527 vel
2345 3474 2578 3529 actionis
2610 3475 2978 3531 commisceri.
3015 3477 3129 3532 Nec
3153 3479 3247 3548 qui
3286 3480 3355 3534 de
3382 3483 3630 3551 patribus

2049 3579 2238 3621 sumus
2280 3566 2550 3632 ﬁdelibus,
2589 3567 2710 3623 ideo
2734 3568 2846 3638 jam
2882 3569 2940 3623 in
2974 3571 3179 3625 sanctis
3212 3586 3626 3642 praesumamus,

2046 3658 2155 3713 nisi
2182 3658 2369 3714 ﬁdeles
2404 3660 2781 3729 persistamus.
2810 3659 3108 3731 Propterea
3130 3662 3241 3718 ﬁlia
3273 3665 3630 3737 intelligibilis

2048 3749 2367 3814 sacerdotis,
2396 3750 2450 3805 id
2481 3759 2585 3816 est,
2628 3750 2815 3805 anima
2869 3752 3051 3807 omnis
3099 3764 3420 3825 regenerata
3463 3758 3531 3810 ab
3560 3773 3629 3812 eo

2047 3840 2466 3911 per'baptisma,
2498 3841 2543 3895 si
2578 3843 2698 3895 viro
2751 3841 3075 3912 alienigenae
3106 3843 3402 3914 conjuncta
3439 3845 3626 3911 fuerit,

2046 3950 2171 4004 qua:
2200 3935 2268 3990 ad
2299 3935 2655 4006 alienigenas,
2685 3935 2838 3991 verbi
2870 3936 3324 4006 gratia,Judaeos,
3362 3956 3628 4012 paganos,

2046 4034 2142 4080 aut
2172 4025 2458 4081 haereticos
2496 4027 2751 4095 pertinet,
2786 4041 2976 4096 agens,
3009 4035 3065 4083 et
3089 4028 3408 4084 societatem
3433 4045 3627 4087 eorum

2045 4116 2382 4186 amplectens
2431 4117 2689 4186 primitiis
2734 4118 3221 4184 sanctiﬁcatorum,
3270 4121 3325 4175 id
3357 4131 3464 4186 est,
3501 4140 3627 4177 cor-

2046 4223 2181 4278 pore
2208 4208 2435 4280 mystico
2468 4224 2581 4264 non
2615 4218 2887 4265 vescetur.
2921 4211 3019 4265 Sin
3051 4228 3184 4268 vero
3225 4213 3332 4268 ﬁlia
3364 4216 3623 4270 sacerdo-

2049 4301 2120 4355 tis
2146 4300 2342 4355 eﬂ'ecta
2372 4316 2468 4371 per
2494 4317 2613 4357 eam
2642 4318 2764 4373 qua:
2792 4304 2938 4358 dicta
2995 4316 3082 4360 est
3125 4307 3625 4376 regenerationem,

2048 4392 2363 4463 alienigena:
2388 4394 2680 4462 conjuncta
2727 4394 2894 4448 fuerit
2935 4395 3249 4451 haereticum
3280 4398 3407 4468 quid
3435 4415 3623 4470 agens.

363 4479 552 4534 divina
587 4479 711 4532 aula
750 4489 974 4548 propter
998 4493 1125 4532 suas
1168 4478 1455 4542 utilitates,
1497 4478 1683 4550 gloriae
1713 4480 1946 4535 forsitan
1980 4484 2023 4537 D
2054 4484 2138 4538 vel
2170 4484 2458 4540 Judaicum
2513 4486 2600 4540 vel
2639 4487 2842 4556 gentile
2871 4507 2886 4543 :
2918 4498 2973 4543 et
3013 4488 3175 4544 vidua
3237 4489 3379 4545 facta
3434 4492 3622 4554 fuerit,

362 4579 467 4626 aut
517 4580 757 4641 quaestus
797 4570 1173 4641 pecuniarum,
1216 4578 1312 4625 aut
1353 4570 1582 4626 alterius
1621 4570 1945 4641 hujusmodi

364 4664 688 4719 ministrant
712 4679 895 4727 causa,
919 4678 1067 4718 nunc
1096 4671 1278 4718 autem
1298 4663 1633 4733 diligentiam
1656 4665 1943 4727 exhibent,

362 4770 446 4809 ne
473 4755 596 4823 quis
631 4770 820 4808 eorum
859 4764 1172 4823 corrumpat
1215 4754 1485 4817 ordinem,
1522 4770 1594 4809 ne
1638 4757 1765 4824 quis
1806 4756 1948 4810 male

364 4844 573 4899 divinis
610 4844 748 4899 aulis
794 4854 849 4900 ct
903 4845 1088 4913 inique
1122 4853 1322 4899 utatur.
1357 4844 1472 4900 Hoc
1497 4847 1679 4915 ipsum
1717 4855 1772 4902 et
1798 4863 1947 4902 mer-

363 4939 653 4991 cenarium
708 4935 960 5001 dicimus,
992 4937 1060 4992 de
1099 4952 1209 5006 quo
1239 4935 1373 4990 dicit
1402 4937 1665 4992 Dominus
1698 4954 1712 4990 :
1743 4942 1945 4993 Merce-

362 5031 582 5091 narius,
615 5038 662 5081 et
696 5029 786 5098 qui
834 5045 936 5081 non
986 5036 1062 5082 est
1097 5037 1297 5098 pastor,
1356 5027 1509 5096 cujus
1550 5045 1655 5083 non
1677 5040 1799 5083 sunt
1831 5046 1946 5085 oves

362 5102 618 5188 proprias,
657 5118 790 5171 videt
821 5117 1002 5187 lupum
1040 5120 1350 5185 uenientem,
1384 5129 1433 5172 et
1465 5120 1684 5173 dimittit
1725 5136 1864 5186 oves,
1897 5129 1947 5173 et

366 5213 527 5278 lupus
580 5211 830 5281 dispergit
888 5226 998 5274 eas,
1054 5210 1180 5280 quia
1240 5211 1598 5264 mercenarius
1634 5222 1731 5276 est,
1762 5220 1810 5265 et
1843 5228 1946 5265 non

365 5306 597 5375 pertinet
624 5305 672 5358 ei
697 5305 761 5358 de
786 5303 1043 5359 ovibus“.
1074 5304 1186 5358 Hos
1231 5311 1381 5360 recte
1407 5320 1438 5358 a
1472 5313 1787 5360 sanctorum
1816 5321 1946 5375 pro-

2050 4576 2135 4629 vel
2166 4576 2467 4646 repudiata,
2496 4576 2808 4646 relinquens
2842 4594 3087 4635 errorem
3119 4582 3382 4651 funditus,
3407 4594 3463 4639 ct
3488 4601 3626 4655 quo-

2051 4666 2342 4721 dammodo
2366 4668 2636 4737 sepeliens
2662 4669 2835 4731 illum,
2871 4679 2927 4725 et
2957 4671 3026 4726 ab
3055 4672 3244 4742 iniquo
3277 4677 3627 4746 semetipsum
3689 4673 3693 4679 ’

2051 4754 2341 4813 absolvens
2366 4760 2780 4825 commixtione,
2832 4776 3052 4817 reversa
3098 4763 3268 4819 fuerit
3307 4767 3360 4819 in
3400 4768 3625 4823 domum

2052 4861 2204 4901 suam
2235 4856 2546 4917 paternam,
2596 4849 2648 4904 id
2692 4859 2796 4914 est,
2855 4850 3178 4917 Ecclesiam,
3227 4863 3282 4909 et
3323 4860 3626 4913 secundum

2049 4938 2393 5006 juventutcm
2417 4955 2595 5006 suam,
2626 4941 2680 4994 in
2711 4957 2817 5011 qua
2846 4942 3118 5011 fervebat,
3151 4961 3275 5000 cum
3308 4948 3477 5002 sacris
3505 4951 3611 5021 dog

2050 5029 2287 5083 matibus
2310 5029 2435 5085 ﬁdei
2486 5031 3246 5104 nutriebatur,juvenescens
3309 5038 3624 5103 virtutibus,

2052 5130 2109 5175 ct
2135 5123 2323 5192 virago
2349 5123 2418 5177 ab
2450 5122 2555 5177 illis
2590 5125 2882 5195 appellata,
2918 5127 2986 5183 de
3045 5129 3248 5197 quibus
3279 5129 3372 5182 Dei
3402 5130 3628 5199 spiritus

2051 5214 2118 5269 ad
2141 5215 2418 5270 Christum
2454 5216 2508 5269 in
2539 5216 2781 5273 Canticis
2835 5219 3088 5276 diccbat:
3127 5220 3452 5291 Unguentum
3510 5223 3631 5292 επα-

2051 5323 2168 5360 sum
2196 5316 2269 5361 est
2300 5324 2487 5363 nomen
2509 5316 2676 5378 tuum,
2704 5321 2977 5381 propterea
3004 5312 3400 5366 adulescentum
3429 5314 3630 5369 dilexe-

365 5397 529 5454 liibet
556 5397 942 5468 perceptione:
989 5413 1168 5467 neque
1195 5396 1345 5451 enim
1384 5407 1516 5453 sunt
1540 5398 1690 5469 digni
1722 5399 1980 5470 partici-'
2058 5409 2181 5453 runt
2206 5399 2337 5453 te“:
2364 5400 2435 5455 de
2464 5402 2698 5470 panibus
2733 5403 2905 5472 patris
2934 5402 3038 5467 sui,
3084 5404 3134 5457 id
3170 5412 3275 5469 est,
3304 5405 3511 5459 Christi
3535 5420 3633 5462 co-

364 5488 493 5561 pari
541 5490 642 5555 eis,
702 5504 824 5558 qua:
876 5489 964 5544 vel
1015 5488 1306 5555 desidiose,
1340 5489 1426 5545 vel
1466 5498 1691 5560 propter
1747 5489 1952 5559 aliquid
2059 5493 2260 5547 medat.
2302 5493 2368 5547 Si'
2410 5491 2558 5547 enim
2609 5504 2838 5549 matrem
2891 5496 3192 5551 Ecclesiam
3252 5498 3632 5568 unusquisque

363 5581 721 5636 commodum
751 5587 939 5653 agunt.
2041 5595 2312 5650 nostrum,
2337 5595 2396 5640 et
2425 5593 2635 5655 patrem
2682 5587 2963 5641 Christum
3000 5588 3415 5658 habctLomnis
3437 5591 3635 5646 alieni-

461 5716 515 5800 τε.
538 5718 628 5773 Ps.
659 5720 965 5800 C§Llil,§.n
1027 5721 1072 5753 "°
1099 5720 1289 5800 Jac_ob.
1323 5738 1404 5789 Ill,
1439 5722 1530 5779 19.
1634 5722 1682 5755 ⁸⁸
1704 5720 1861 5778 Joan-
1896 5739 1930 5777 Χ

2053 5723 2111 5790 Ξ,
2170 5725 2257 5779 15.
2354 5726 2398 5758 ⁸⁸
2440 5724 2687 5792 Psal.1l,
2722 5726 2774 5780 7.
2877 5723 3108 5784 “ICor.
3144 5745 3219 5798 vi,
3251 5726 3352 5799 20;
3403 5747 3502 5798 vn,
3530 5730 3631 5800 εἴη

1027 5721 1072 5753 ⁷⁸
1099 5720 1289 5778 Jacob.
1323 5738 1404 5789 Ill,
1439 5722 1530 5779 19.

362 5790 394 5850 ι
421 5788 568 5846 Pctr.
603 5805 640 5856 ι,
661 5791 749 5847 18.

850 5792 897 5825 ⁸³
926 5789 1082 5846 Cant.
1108 5807 1147 5858 ι,
1178 5793 1234 5847 2.
