3892 6430
320 314 464 416 ίιοιι
1528 346 1888 409 ΙΙΕΒΥΕΙΙΙΙ
1926 343 2396 405 PRESBYTER!
3459 340 3595 410 um

310 482 464 541 .geua
488 466 806 522 comedendi
826 482 890 521 ex
915 464 995 520 eis
1015 479 1123 518 non
1151 464 1319 519 habet
1336 470 1687 535 potestatem,
1718 460 1768 513 id
1794 468 1898 523 est,
1935 466 1975 519 Α
2006 472 2105 526 per
2131 458 2255 527 ejus
2285 456 2570 519 virtutem,
2604 465 2659 511 et
2686 457 2958 527 prolatum
2989 456 3057 512 ab
3089 472 3156 513 eo
3182 457 3448 527 verbum,
3470 474 3594 529 qua:

328 558 424 631 qui
476 558 653 613 aliena
694 559 915 613 Christo
944 567 999 612 et
1027 556 1238 627 legibus
1271 556 1393 625 ejus
1442 562 1500 608 et
1548 552 1735 624 gloriae
1771 553 1901 620 agit.
2006 548 2284 615 videntur,
2343 555 2455 603 tam
2516 548 2851 602 sanctiﬁcata
2912 557 3060 614 sunt,
3098 564 3267 619 quam
3328 558 3592 604 cunctum

316 652 461 720 Ejus
484 651 630 706 enim
661 651 749 704 lex
796 659 881 704 est
916 649 1078 703 :Non
1119 647 1312 704 dabitis
1358 653 1604 699 sanctum
1662 642 1902 707 canibus,
2006 640 2187 695 carnis
2223 643 2505 695 excedunt
2526 655 2774 695 sensum.
2821 638 2992 695 Recte
3023 656 3153 710 ergo
3183 640 3398 696 addidit
3437 656 3454 694 :
3485 640 3594 695 Nec

329 763 492 816 neque
523 743 746 799 mittatis
778 741 1101 811 margaritas
1124 746 1321 792 vestras
1350 746 1475 790 ante
1502 733 1765 805 porcos“.
2007 732 2443 785 contaminabunt
2477 731 2811 800 sanctiﬁcata
2837 731 3070 800 filiorum:
3094 731 3291 795 Israel,
3319 747 3439 803 qua:
3469 733 3596 802 οπε-

399 837 565 892 Vsns.
617 832 804 889 ib-lﬁ.
844 851 861 884 ι
922 831 1025 898 Qui
1076 829 1376 885 comederit
1429 827 1499 882 de
1556 824 1909 882 sanctiﬁcatis
2008 832 2130 876 runt
2170 822 2417 887 Domino,
2471 840 2537 878 ne
2581 825 2715 891 forte
2762 825 3058 878 sustineant
3097 825 3441 895 iniquitatem
3488 828 3596 879 de-

316 943 426 989 per
484 923 869 998 ignorantiam,
911 922 1072 976 addet
1116 921 1364 990 quintam
1421 927 1633 989 partem
1684 930 1810 971 cum
1841 929 1910 970 eo
2009 916 2121 970 (icti
2154 919 2260 979 sui,
2300 932 2418 969 cum
2454 917 2787 985 sanctiﬁcata
2827 917 3162 972 comederint.

328 1019 472 1088 quod
514 1015 752 1071 comedit
800 1024 857 1068 et
897 1013 1048 1067 dabit
1085 1012 1355 1066 sacerdoti
1406 1011 1463 1065 in
1513 1010 1907 1075 sanctuarium,
2081 1007 2185 1074 Qui
2217 1008 2366 1063 enim
2401 1007 2626 1063 Christo
2659 1016 2887 1062 suorum
2927 1008 3312 1078 mysteriorum
3354 1006 3597 1063 sanctiﬁ-

328 1125 430 1164 nec
462 1106 913 1163 contaminahunt
947 1103 1283 1162 sanctiﬁcata
1328 1103 1561 1157 ﬁliorum
1595 1102 1756 1157 Israel
1788 1117 1910 1171 qua:
2011 1105 2283 1157 cntionem
2316 1104 2608 1173 imputant,
2640 1112 2697 1157 et
2728 1104 2999 1158 addentes
3043 1103 3401 1172 sibimetipsis
3429 1102 3593 1172 quin-

328 1200 571 1253 oﬁ'crunt
624 1197 875 1259 Domino,
930 1212 1000 1250 ne
1049 1195 1193 1250 forte
1225 1194 1535 1249 sustineant
1565 1193 1909 1262 iniquitatem
2013 1203 2120 1247 tam
2164 1210 2286 1263 qua:
2336 1194 2547 1263 prolata
2580 1202 2687 1256 est,
2722 1194 2981 1249 videlicet
3008 1194 3238 1248 verbum
3270 1193 3415 1263 cjus,
3449 1193 3594 1263 quod

326 1290 509 1344 delicti
542 1288 624 1342 sui
650 1303 774 1342 cum
806 1285 1143 1341 sanctiﬁcata
1189 1285 1550 1340 comederint.
1583 1284 1696 1354 Ego
1724 1282 1910 1338 Domi-
2013 1294 2235 1340 nostros
2276 1286 2531 1355 producit
2569 1298 2769 1339 sensus
2806 1286 2874 1340 ad
2911 1285 3251 1346 sublimiora,
3298 1301 3411 1339 non
3460 1299 3593 1339 con-

323 1398 434 1436 nus
462 1380 555 1450 qui
588 1378 871 1435 sanctiﬁco
902 1393 1016 1434 eos.
1057 1396 1076 1430 ι
1744 1408 1765 1433 ι
2015 1379 2284 1443 taminant
2328 1387 2519 1433 sancta
2558 1386 2897 1441 sanctorum,
2932 1386 3125 1447 utpote
3157 1378 3339 1448 qualia
3382 1386 3603 1446 Oportet

392 1471 603 1527 Sancta
646 1480 962 1525 sanctorum
984 1476 1111 1524 sunt
1143 1468 1360 1538 proprie
1385 1467 1589 1524 Christi
1631 1469 1909 1539 mysteria,
2014 1468 2082 1521 de
2133 1468 2213 1522 eis
2260 1468 2648 1539 intelligentis,
2699 1468 2794 1522 sed
2847 1482 2952 1521 nec
3011 1468 3283 1522 inducunt
3330 1478 3500 1536 super
3542 1481 3601 1521 se

330 1565 456 1634 quia
488 1563 660 1633 ipsius
693 1570 776 1617 est
810 1576 1029 1630 corpus,
1064 1560 1263 1630 dequo
1292 1559 1510 1615 Gabriel
1539 1560 1608 1614 ad
1644 1538 1910 1630 virginem
2016 1538 2358 1629 iniquitaiem
2402 1558 2586 1613 delicti
2639 1557 2693 1612 in
2740 1556 3081 1611 comedenda
3136 1565 3326 1611 sancta
3375 1566 3603 1611 sancto-

329 1655 546 1708 dicebat
571 1671 585 1706 :
612 1650 842 1722 Spiritus
866 1660 1079 1705 sanctus
1120 1634 1447 1719 superveniet
1481 1652 1538 1704 in
1568 1662 1638 1713 te,
1669 1660 1715 1703 et
1743 1651 1912 1704 virtus
2017 1668 2137 1706 rum
2170 1669 2184 1704 :
2219 1667 2321 1705 nec
2350 1651 2500 1705 enim
2533 1662 2591 1705 ut
2621 1650 2686 1704 ad
2720 1664 3069 1704 communem
3102 1649 3311 1709 cibum.
3338 1649 3436 1704 sed
3461 1649 3606 1704 sicut

331 1747 592 1800 ditissimi
642 1744 972 1799 obnmbrabit
1012 1744 1125 1805 tibi,
1174 1744 1289 1796 ideo
1324 1744 1462 1813 quod
1494 1752 1740 1796 nascetur
1768 1760 1832 1797 ea:
1865 1753 1914 1797 te
1948 1808 1982 1816 _
2017 1745 2082 1798 ad
2114 1745 2427 1814 mysticum,
2459 1752 2515 1797 et
2545 1742 2787 1797 terribile
2815 1751 2869 1796 ct
2894 1742 3120 1816 cteleste
3146 1742 3418 1798 accedunt
3452 1751 3510 1796 et
3536 1742 3607 1795 ad

318 1848 572 1893 sanctum
598 1837 892 1903 vocabitur,
914 1836 1082 1890 Filius
1108 1835 1201 1891 Dei
1225 1836 1295 1887 ⁸⁸.
1457 1845 1512 1889 et
1542 1834 1728 1898 Isaias,
1773 1833 1912 1889 San-
1946 1808 1985 1863 Β
2014 1808 2188 1906 (ιιιιηιιιι⁷
2221 1834 2314 1904 qui
2362 1844 2569 1888 temere
2621 1832 2910 1896 accedunt,
2947 1846 3060 1885 non
3108 1812 3433 1901 simpliciter
3474 1846 3608 1900 pec-

328 1940 454 1984 ctus
500 1928 780 1992 Dominus,
814 1936 871 1981 et
901 1927 955 1981 in
981 1925 1108 1981 altis
1140 1926 1367 1992 habitat,
1407 1926 1461 1980 in
1493 1925 1616 1981 sinu
1658 1925 1914 1980 videlicet
2014 1939 2160 1994 cant,
2193 1927 2292 1982 sed
2330 1926 2673 1997 iniquitatem
2716 1925 2899 1981 delicti
2935 1924 3021 1979 sui
3054 1933 3276 1995 portare
3313 1923 3604 1978 dicuntur.

333 2019 531 2075 Patris.
563 2019 647 2073 A-b
673 2021 780 2074 hoc
825 2019 972 2074 enim
999 2034 1109 2073 non
1145 2019 1321 2074 solum
1370 2017 1708 2088 alienigenas
1744 2024 1800 2072 et
1828 2018 1914 2071 in-
2015 2020 2281 2076 Delictum
2318 2030 2500 2074 autem
2534 2018 2755 2088 proprie
2793 2033 2823 2072 a
2875 2016 3188 2086 lcgislatore
3234 2015 3439 2071 dicitur
3475 2031 3609 2085 pec-

330 2110 597 2183 quilinos,
628 2121 685 2167 et
741 2112 1116 2166 mercenarios
1167 2109 1423 2166 sacriﬁcii
1480 2111 1787 2182 prohibuit,
1817 2111 1912 2168 sed
2015 2124 2220 2178 catum,
2247 2112 2392 2184 quod
2433 2112 2490 2166 in
2525 2110 2695 2165 Deum
2740 2109 3126 2174 committitur,
3165 2117 3222 2163 et
3256 2122 3323 2163 ea
3368 2123 3495 2177 quae
3537 2107 3609 2163 ad

330 2218 437 2258 nec
455 2217 553 2271 per
580 2201 940 2274 ignorantiam
975 2200 1259 2272 percipere
1290 2203 1566 2271 praecepit.
1606 2201 1713 2257 Per
1757 2202 1916 2274 igno-
2016 2206 2125 2262 hoc
2166 2205 2445 2276 pertinent
2472 2204 2527 2257 in
2558 2201 2867 2265 sacriﬁciis,
2899 2212 3022 2270 qua
3069 2212 3174 2271 pro
3216 2200 3436 2255 delictis
3468 2199 3608 2255 οπε-

330 2291 562 2347 rantiam
609 2301 792 2347 autem
820 2292 1079 2363 percipit,
1126 2291 1219 2361 qui
1250 2291 1511 2347 virtutem
1545 2295 1666 2364 ejus
1732 2302 1788 2349 et
1832 2293 1917 2348 di-
2018 2306 2238 2361 runtur,
2287 2295 2499 2365 pridem
2556 2292 2919 2348 ostendimus.
2974 2290 3132 2346 Unde
3181 2299 3238 2345 et
3283 2306 3434 2346 nunc
3479 2306 3605 2345 cum

328 2384 593 2455 guitatem
640 2385 873 2455 ignorat,
918 2383 1012 2454 qui
1044 2384 1246 2452 nescit,
1296 2386 1423 2455 quia
1471 2400 1675 2457 corpus
1727 2386 1918 2442 hocet
2016 2391 2249 2446 dixisset
2293 2407 2306 2443 :
2351 2388 2432 2443 Ne
2479 2389 2613 2459 forte
2666 2387 2960 2440 sustineant
3020 2385 3361 2455 iniquitatem
3427 2385 3607 2438 delicti

329 2477 550 2549 sanguis
571 2484 655 2531 est
682 2477 984 2532 secundum
1013 2477 1324 2544 veritatem,
1356 2477 1451 2533 sed
1505 2480 1762 2550 mysteria
1790 2480 1918 2550 qui-
2016 2485 2100 2538 sui
2136 2502 2148 2536 :
2181 2492 2331 2537 recte
2383 2480 2627 2536 subdidit
2657 2498 2668 2533 :
2703 2480 2813 2550 Ego
2849 2479 3139 2543 Dominus,
3191 2478 3282 2549 qui
3334 2477 3607 2547 sanctiﬁco

327 2568 452 2622 dem
486 2568 739 2638 percipit,
774 2568 954 2623 nescit
988 2575 1174 2624 autem
1209 2571 1593 2639 mysteriorum
1626 2571 1917 2627 virtutem.
2019 2589 2124 2627 eos.
2176 2572 2504 2633 Ostendens,
2534 2571 2662 2641 quia
2704 2571 2987 2634 delictum,
3023 2570 3077 2624 id
3127 2579 3213 2625 est
3254 2569 3508 2640 impietas
3548 2571 3604 2624 in

326 2659 410 2713 Ad
434 2675 598 2728 quem
633 2659 891 2715 Salomon
914 2660 1049 2714 dicit
1077 2660 1161 2715 vel
1187 2661 1359 2731 magis
1412 2661 1662 2730 spiritus,
1713 2664 1806 2731 qui
1862 2665 1915 2718 in
2019 2663 2216 2724 Deum,
2266 2661 2650 2729 incompetens
2692 2668 3008 2714 sanctorum
3043 2658 3325 2728 perceptio
3359 2659 3605 2728 appella—

330 2764 396 2801 eo
430 2759 516 2803 est
547 2748 807 2814 :Quando
842 2750 1057 2816 sederis,
1115 2759 1171 2803 ut
1206 2751 1449 2806 comedas
1483 2768 1602 2806 cum
1657 2754 1913 2823 principe,
2020 2762 2130 2807 tur.
2160 2750 2358 2806 Tendit
2395 2751 2542 2805 eltim
2581 2750 2650 2804 ad
2692 2748 2865 2804 Deum
2916 2750 3315 2805 sanctiﬁcatum
3363 2765 3480 2813 eos,
3512 2752 3602 2821 qui

328 2840 603 2910 diligenter
621 2842 833 2895 attende
870 2856 987 2910 qua:
1025 2842 1195 2910 posita
1226 2825 1349 2895 sunt
1384 2850 1508 2896 ante
1549 2843 1678 2898 te“.
1717 2843 1920 2913 Aperte
2020 2842 2187 2897 modo
2216 2859 2326 2913 quo
2354 2856 2478 2912 opm
2494 2850 2592 2908 tet,
2625 2857 2689 2895 ea
2734 2851 2979 2906 sumunt,
3007 2851 3062 2897 et
3088 2841 3186 2912 qui
3215 2842 3602 2898 sanctiﬁcatio-

314 2942 384 2986 -et
411 2931 526 3002 ipse
557 2933 918 3003 compellens,
944 2942 1002 2987 et
1022 2948 1226 3004 cogens
1250 2948 1400 3001 eum,
1435 2934 1532 3004 qui
1563 2935 1781 3007 ignorat
1819 2936 1917 2990 ad-
2018 2936 2107 2991 nis
2159 2950 2347 2997 causa,
2388 2950 2499 2989 non
2551 2942 2735 2988 autem
2789 2933 3270 2989 contaminationis
3320 2934 3600 3004 proposuit

308 3024 458 3076 [dere
486 3022 732 3091 quintam
773 3030 985 3092 partem
1015 3041 1027 3076 :
1064 3022 1184 3077 haec
1210 3023 1360 3078 enim
1399 3025 1593 3094 quinta
1622 3026 1806 3081 addita
1840 3027 1920 3081 in-
2018 3043 2180 3083 suum
2212 3028 2556 3099 mysterium.
2594 3027 2862 3081 Admirari
2906 3038 3089 3081 autem
3119 3026 3288 3082 nimis
3320 3028 3597 3099 legislatu-

329 3114 573 3185 telligere
610 3129 713 3168 nos
744 3114 1165 3185 intelligibiliter
1207 3116 1392 3171 divina
1414 3126 1470 3172 et
1494 3119 1721 3189 mystica
1753 3118 1906 3173 facit.
1939 3152 1982 3211 α
2021 3136 2136 3176 rem
2167 3129 2405 3190 oportet,
2442 3122 2567 3190 quia
2616 3121 2820 3189 ubique
2852 3119 3197 3175 districtione
3237 3134 3375 3177 usus
3415 3130 3518 3187 est,
3547 3131 3597 3177 ct

326 3203 465 3268 Quid
490 3204 561 3258 sit
592 3213 772 3259 autem
801 3204 1013 3273 quinta,
1043 3205 1159 3275 ipsa
1180 3214 1232 3261 te
1261 3207 1426 3261 verba
1452 3208 1780 3278 legis-latoris
1811 3210 1911 3265 do-
1947 3203 1981 3211 ⁷
2022 3211 2368 3264 Dominicum
2434 3210 2801 3264 ministerium
2879 3210 3230 3278 signiﬁcans,
3295 3212 3592 3267 secundum

325 3311 452 3349 cere
482 3305 727 3366 possunt,
760 3296 837 3350 ait
860 3296 1008 3351 enim
1037 3313 1051 3349 :
1080 3296 1248 3351 Addet
1281 3299 1525 3369 quintam
1555 3309 1762 3369 partem
1793 3318 1914 3355 cum
2016 3302 2163 3357 LXX
2208 3302 2477 3356 duntaxat
2532 3302 2946 3355 translationem
2969 3344 2983 3367 ,
3030 3312 3348 3356 sanctorum
3402 3306 3592 3358 Sancta

300 3403 386 3441 reo
407 3388 546 3458 quod
574 3387 813 3441 comedit.
842 3387 911 3442 Et
946 3388 1222 3458 quomodo
1242 3389 1362 3458 ejus
1388 3390 1532 3459 quod
1568 3391 1680 3461 jam
1730 3407 1915 3446 come-
2017 3395 2149 3449 illud
2179 3393 2490 3465 appellavit,
2528 3394 2654 3464 quia
2693 3392 3021 3448 sacriﬁcium
3055 3393 3245 3448 Sancti
3281 3406 3591 3449 sanctorum

318 3479 410 3531 dit
454 3486 509 3531 et
564 3479 926 3547 consumpsit,
972 3478 1176 3533 addere
1229 3480 1351 3549 quis
1394 3480 1643 3550 quintam
1689 3482 1915 3552 potest?
2016 3495 2121 3541 est.
2162 3487 2329 3541 lsrael
2366 3495 2547 3540 autem
2583 3485 2792 3541 addens
2821 3484 3033 3540 ﬁdelem
3064 3486 3325 3556 populum
3368 3502 3466 3557 per
3495 3488 3592 3542 hoc

306 3584 505 3640 .neque
535 3569 682 3624 enim
708 3570 854 3625 aliud
883 3579 986 3637 est,
1016 3580 1113 3626 aut
1135 3572 1396 3628 aliunde:
1435 3574 1534 3629 sed
1580 3575 1649 3630 de
1681 3576 1821 3646 ipso,
1856 3586 1913 3631 et
2014 3579 2362 3650 signiﬁcavit,
2402 3578 2453 3632 id
2491 3586 2576 3632 est
2610 3588 2758 3642 eum,
2790 3577 2884 3647 qui
2916 3588 3016 3648 per
3045 3578 3332 3648 mysticum
3365 3578 3471 3632 hoc
3508 3592 3593 3632 sa-

303 3677 449 3715 .eum
503 3676 590 3725 eo,
644 3662 729 3716 vel
769 3662 912 3717 sicut
954 3662 1122 3729 LXX,
1164 3682 1323 3735 super
1371 3667 1567 3735 ipsum,
1596 3668 1755 3739 jubet
1783 3670 1910 3726 addi
2014 3672 2281 3727 criﬁcium
2320 3671 2489 3725 Deum
2523 3669 2691 3724 videt.
2742 3670 2809 3723 Et
2846 3678 3132 3739 propterea
3173 3671 3394 3739 proprie
3432 3671 3594 3726 Israel

324 3752 592 3821 quintam.
662 3754 803 3824 Ergo
848 3755 1039 3824 quinta
1103 3757 1225 3826 ejus
1257 3773 1422 3828 super
1475 3759 1678 3830 ipsum,
1728 3776 1912 3817 sermo
2013 3764 2337 3836 appellatur.
2392 3761 2455 3815 lli
2503 3776 2847 3832 quaecunque
2887 3772 3215 3818 consecrant
3258 3764 3513 3822 Domino.
3543 3763 3591 3817 id

310 3849 429 3905 est,
466 3841 559 3910 qui
592 3842 838 3911 prolatus
869 3848 953 3900 est
986 3847 1057 3901 ab’
1095 3847 1216 3918 ipso
1246 3850 1488 3915 Christo,
1520 3866 1689 3921 super
1721 3853 1909 3908 Domi-
2011 3867 2098 3913 est
2135 3870 2257 3928 quae
2286 3872 2352 3910 ex
2396 3856 2705 3926 semetipsis
2746 3856 2800 3909 in
2835 3854 3069 3919 Domini,
3103 3868 3225 3910 cum
3268 3856 3592 3912 sacriﬁcium

326 3928 513 3983 nicum
547 3933 889 4001 mysterium.
927 3935 1049 4006 Ipse
1086 3937 1236 3991 enim
1278 3939 1478 3995 liberat
1521 3957 1622 3997 nos
1651 3943 1719 3998 ab
1750 3943 1911 4014 igno-
2011 3949 2273 4012 oﬁ‘erunt,
2308 3947 2507 4002 Sancta
2540 3956 2854 4001 sanctorum
2901 3946 3066 4014 ﬁunt;
3113 3960 3313 4017 corpus
3348 3949 3496 4002 enim
3530 3964 3593 4003 ex

304 4023 522 4087 mantia,
555 4034 911 4095 removetque
954 4043 1057 4084 nos
1082 4030 1337 4100 ,additus,
1375 4033 1596 4088 carnale
1627 4035 1907 4106 quippiam
2012 4044 2093 4098 eis
2126 4041 2416 4098 conﬁcitur
2446 4038 2678 4105 Christi,
2708 4040 2821 4110 qui,
2854 4041 2978 4109 quia
3013 4040 3253 4111 primitia
3282 4049 3367 4096 est
3394 4052 3593 4096 nostra:

306 4118 379 4164 κει
410 4121 690 4169 terrenum
724 4117 790 4171 de
821 4119 1031 4173 sanctis
1087 4121 1371 4186 arbitrari,
1422 4125 1523 4178 sed
1547 4125 1733 4181 divine
1754 4143 1819 4182 ea

2055 4133 2456 4204 inspersi‘onis,
2524 4139 2672 4185 recte
2744 4145 2809 4183 ex
2875 4116 3078 4184 nostris
3144 4130 3403 4197 primitiis
3462 4146 3592 4189 con-

323 4204 641 4272 spiritaliter
687 4209 863 4279 accipi
904 4212 1101 4276 sancit,
1147 4215 1292 4283 quod
1327 4215 1515 4283 quinta
1554 4219 1773 4286 proprie
1802 4235 1905 4273 no—
2010 4228 2169 4281 stitit.

322 4297 599 4351 minatur:
631 4299 758 4367 quia
787 4302 878 4370 qui
910 4301 965 4355 in
1006 4303 1168 4358 nobis
1202 4315 1284 4358 cst
1312 4304 1534 4360 divinus
1562 4305 1821 4376 Spiritus.
1851 4320 1907 4365 ct
2079 4317 2243 4373 Vsus.
2295 4314 2484 4370 l7-‘2l.
2547 4334 2566 4368 ι
2621 4314 2858 4370 Locutus
2910 4314 3173 4371 Dominus
3227 4316 3293 4370 ad
3347 4308 3588 4387 Moysen,

321 4403 504 4443 sermo
548 4405 711 4459 quem
751 4393 972 4449 tradidit
1016 4395 1113 4464 qui
1140 4396 1193 4448 in
1228 4396 1388 4451 nobis
1440 4408 1588 4463 sunt,
1624 4404 1906 4472 componit
2006 4411 2197 4466 dicens
2227 4428 2241 4465 :
2275 4409 2523 4479 Loquere
2561 4407 2627 4462 ad
2666 4409 2869 4470 Aaron,
2902 4418 2957 4462 et
2985 4409 3050 4461 ad
3090 4407 3231 4463 ﬁlios
3259 4409 3398 4479 ejus.
3438 4419 3495 4464 et
3524 4411 3589 4464 ad

316 4492 540 4542 sensus,
566 4489 626 4535 et
653 4496 765 4536 non
789 4483 964 4538 solum
1013 4493 1263 4539 nostrum
1291 4494 1507 4557 gustum
1549 4489 1803 4557 producit
1834 4508 1853 4546 ιι

2053 4515 2199 4554 mnes
2224 4498 2365 4553 ﬁlios
2390 4498 2579 4561 Israel,
2598 4498 2863 4566 dicesque
2890 4498 2957 4551 ad
2984 4510 3079 4551 eos
3103 4512 3117 4550 :
3148 4495 3320 4553 liomo
3334 4500 3402 4554 de
3430 4501 3590 4555 domo

310 4572 662 4640 mysterium,
717 4574 811 4630 sed
838 4584 895 4630 et
921 4577 1188 4642 auditum,
1240 4587 1295 4632 et
1342 4578 1539 4641 visum,
1573 4590 1627 4635 ct
1669 4591 1847 4638 tacturi

2051 4592 2196 4653 smel,
2234 4599 2289 4645 et
2321 4590 2390 4645 de
2434 4589 2681 4655 advenis,
2717 4590 2810 4660 qui
2853 4590 3103 4644 habitant
3151 4592 3294 4660 apud
3343 4607 3464 4657 vos,
3499 4591 3588 4663 qui

312 4670 376 4715 et
399 4661 705 4725 odoratum,
739 4665 813 4720 ita
844 4675 905 4721 ut
932 4668 1011 4721 nil
1053 4668 1107 4722 in
1135 4669 1216 4723 eis
1245 4669 1440 4724 minori
1475 4673 1694 4737 rationi,
1722 4684 1777 4729 et
1812 4676 1849 4729 ir

2051 4679 2270 4737 btnlerit
2317 4682 2650 4737 oblationem
2697 4696 2875 4747 suam,
2922 4683 3008 4737 vel
3053 4692 3176 4737 vota
3227 4682 3467 4747 solvens,
3506 4661 3588 4737 vel

318 4750 491 4806 ﬁrmat
524 4754 689 4809 menti
725 4754 1054 4824 proximum,
1092 4757 1275 4814 dehis
1303 4760 1572 4828 videlicet,
1598 4779 1725 4833 qua
1742 4767 1898 4821 vaide
2004 4782 2200 4844 sponte
2250 4773 2508 4839 oﬁ’erens,
2543 4773 2807 4844 quidquid
2855 4772 2986 4829 illud
3032 4774 3292 4830 obtulerit
3332 4776 3390 4830 in
3435 4777 3587 4831 holo—

316 4857 553 4937 superna
586 4855 735 4911 sunt,
768 4848 1137 4917 suspicemur.
1165 4850 1492 4921 Quicunque
1532 4870 1662 4926 ergo
1691 4859 1899 4913 sancti’
2001 4873 2255 4920 caustum
2307 4865 2547 4926 Domini,
2586 4876 2649 4920 ut
2698 4865 2963 4920 oﬁ‘eratur
3005 4882 3106 4937 per
3146 4884 3264 4933 vos,
3312 4871 3585 4925 masculus

314 4934 473 5034 θρέψ’
516 4938 1000 5034 Ρθτίξηοτδξξιί-θηι
1033 4944 1363 5010 comederit.
1415 4947 1673 5017 ignorans
1708 4962 1898 5006 e‘orlmt
1999 4956 2380 5012 inmaculatus
2409 4972 2476 5013 ex
2509 4959 2704 5023 bobus,
2739 4967 2795 5012 e't
2830 4976 2895 5013 ex
2929 4960 3124 5015 ovibus
3152 4967 3208 5015 et
3247 4975 3313 5015 ex
3359 4962 3536 5032 capris
3568 4980 3580 5017 :

310 5028 591 5091 virtutem,
633 5028 777 5084 sicut
808 5029 1085 5087 diximus:

2075 5051 2343 5103 maculam
2377 5050 2657 5117 habuerit,
2700 5068 2809 5105 non
2846 5053 3109 5117 oll‘eretis,
3152 5070 3332 5124 neque
3362 5056 3468 5110 erit
3496 5072 3581 5110 ac-

382 5115 551 5171 ‘Addet
602 5121 842 5189 quintam
888 5123 1003 5192 ejus
1050 5141 1209 5195 super
1251 5144 1329 5191 eo,
1362 5136 1410 5181 et
1448 5131 1592 5184 dabit
1638 5133 1850 5187 sacerdo

2045 5140 2287 5210 eplahile.
2338 5139 2511 5196 llomo
2556 5115 2650 5212 qui
2698 5143 2960 5197 obtulerit
3004 5115 3280 5199 victimam
3330 5147 3582 5215 paciﬁco-

310 5211 385 5304 in.
401 5212 803 5304 sanctuarium.
845 5211 1349 5272 Sanctiﬁcationem
1379 5222 1524 5276 enim
1562 5225 1774 5293 mystici
1806 5242 1897 5281 sa—
2002 5242 2119 5284 rum
2155 5230 2406 5295 Domino,
2435 5232 2521 5287 vel
2553 5242 2675 5286 vota
2708 5233 2948 5296 solvens,
2981 5234 3066 5289 vel
3099 5244 3294 5304 sponte
3324 5211 3579 5300 oﬂ‘erens,

309 5297 524 5395 clriﬁcii,
565 5310 643 5395 et-
676 5316 706 5355 a
757 5304 1115 5360 sensibilihus
1148 5308 1211 5362 ad
1250 5309 1608 5382 intelligibilia
1663 5316 1897 5370 transla-
2003 5331 2109 5376 tam
2136 5324 2204 5377 de
2242 5324 2420 5379 bobus
2459 5330 2621 5395 quam
2663 5326 2731 5380 de
2766 5327 2980 5388 ovibus.
3012 5297 3420 5384 immaculatum
3450 5297 3581 5385 om».

310 5395 553 5488 tionem,
600 5390 729 5488 sive
768 5397 1295 5488 commutationem,
1348 5401 1398 5455 ei
1456 5403 1548 5471 qui
1598 5418 1765 5459 verus
1814 5416 1898 5462 est
1999 5424 2115 5480 rel,
2167 5424 2228 5469 ut
2278 5418 2613 5488 acccptahilc
2662 5418 2750 5472 sit.
2804 5419 2995 5474 Omnis
3047 5418 3258 5473 macula
3310 5436 3423 5476 non
3482 5425 3581 5476 crit

308 5481 586 5549 sacerdos,
640 5483 899 5540 videlicet
952 5488 1193 5554 Christo,
1247 5500 1468 5560 oportet
1520 5494 1675 5560 dari,
1710 5497 1760 5552 id
1812 5506 1896 5552 est
2000 5504 2052 5557 in
2088 5520 2173 5559 co.
2214 5524 2235 5557 ι

298 5568 413 5641 ipsi
461 5573 530 5628 de
574 5575 655 5631 eis
686 5577 1016 5633 miraculum
1069 5583 1264 5637 cedere
1313 5594 1370 5639 et
1413 5585 1683 5657 imputare
1719 5608 1731 5645 :
1766 5591 1891 5661 quia
2067 5596 2186 5653 Non
2224 5600 2397 5657 solum
2434 5602 2745 5659 sacerdotes
2771 5618 2801 5659 a
2839 5602 3140 5674 pollutione
3174 5605 3410 5661 mundos
3440 5619 3575 5673 esse,

378 5738 429 5811 θ
452 5749 639 5807 Matth.
668 5769 763 5821 vn,
797 5754 848 5810 ϐ’.
924 5758 969 5790 ⁸⁸
992 5758 1121 5816 Luc.
1153 5777 1189 5829 |,
1221 5762 1311 5819 52.
1387 5766 1432 5798 ⁸⁸
1461 5766 1623 5823 Prov.
1657 5784 1778 5835 χιιι,
1821 5769 1866 5825 l.

1619 5811 1623 5821 .
1657 5784 1778 5835 xm,
1821 5769 1866 5825 Ι.
3128 5765 3156 5780 ’
