3892 6430
361 386 502 456 1073

358 593 489 662 pit:
525 604 582 648 ut
629 601 686 646 tu
735 608 1054 663 cognoscas,
1105 595 1198 664 qui
1251 609 1311 650 es
1357 594 1530 650 ﬁdelis
1583 595 1714 662 Deo,
1760 607 1815 651 et
1857 596 1949 666 qui

355 685 564 740 oblatio
603 685 654 740 ei
695 701 795 756 per
850 687 1235 744 holocaustum
1292 689 1646 760 intelligibilis
1699 689 1948 744 sacriﬁcii

355 777 541 832 factus
574 793 654 841 es,
687 778 813 846 quia
843 779 992 832 omni
1028 779 1327 847 pollutione
1357 781 1615 836 mundam
1656 797 1778 836 esse
1817 797 1951 835 con-

356 872 736 926 versationem
803 883 952 926 tuam
1009 881 1258 942 oportet,
1329 883 1385 927 et
1449 874 1768 944 impollutus
1833 890 1952 929 esse

354 962 823 1028 quemadmodum
865 964 1196 1030 sacerdotes,
1243 966 1486 1030 studeas,
1520 966 1645 1036 quia
1691 975 1747 1020 et
1790 965 1950 1021 Chri-

357 1061 507 1116 stus,
537 1068 658 1122 quae
686 1063 742 1108 ut
771 1064 996 1125 agerent
1030 1057 1283 1126 apostoli,
1308 1057 1586 1126 praecepit.
1622 1057 1748 1112 llmc
1773 1058 1952 1112 omnia

356 1159 461 1198 eos
493 1145 706 1206 tradere
721 1147 1058 1202 discentibus
1076 1149 1336 1219 pt-zrcepit
1365 1151 1637 1220 gentibus,
1663 1151 1738 1204 ait
1767 1151 1911 1208 enim
1937 1169 1949 1204 :

358 1233 565 1288 Euntcs
605 1237 781 1290 docete
827 1253 1003 1290 omnes
1051 1247 1248 1307 gentes,
1283 1239 1611 1308 baptizantes
1645 1256 1731 1292 cas
1765 1241 1818 1292 in
1861 1256 1954 1292 uo-

361 1329 509 1391 mine
541 1329 741 1393 Patris,
779 1341 825 1384 et
858 1331 1004 1393 Filii,
1041 1341 1090 1384 et
1119 1330 1351 1399 Spiritus
1387 1334 1580 1397 sancti,
1606 1333 1846 1387 docentes
1871 1350 1954 1386 eos

364 1423 634 1476 custodire
690 1440 1014 1494 qmrcunque
1065 1426 1315 1478 mandavi
1366 1426 1508 1478 vobis
1547 1426 1614 1477 ⁸⁷.
1659 1424 1783 1479 Sive
1827 1441 1955 1494 ergo

358 1515 492 1584 quis
527 1516 830 1572 secundum
876 1516 1298 1581 confessionem,
1335 1517 1450 1571 sive
1496 1519 1798 1573 secundum
1840 1535 1957 1573 om—

363 1622 495 1660 nem
536 1607 907 1662 conditionem
942 1625 1094 1664 suam
1131 1611 1510 1664 holocaustum
1541 1611 1653 1664 Deo
1687 1611 1951 1680 promisit,

359 1699 534 1754 vitam
589 1699 845 1753 videlicet
895 1701 1215 1770 perfectam,
1271 1702 1377 1756 hoc
1427 1711 1508 1756 cst
1561 1718 1749 1758 verum
1805 1703 1957 1757 holo-

362 1799 641 1856 caustum,
673 1806 704 1846 a
735 1792 1036 1860 pollutione
1062 1795 1264 1849 munda
1305 1795 1469 1850 debet
1499 1810 1620 1848 esse
1649 1796 1766 1864 ejus
1802 1797 1952 1850 obla-

365 1883 482 1950 tio;
531 1900 711 1954 neque
759 1887 904 1940 enim
948 1888 1104 1942 aliter
1153 1889 1469 1956 suscipitur.
1514 1885 1720 1942 OlIeret
1769 1898 1952 1944 autem

363 1991 472 2045 per
503 1977 932 2044 confessionem,
971 1979 1114 2032 sicut
1155 1979 1296 2032 LXX
1334 1981 1551 2042 dicunt,
1583 1982 1680 2050 qui
1726 1981 1777 2034 in
1817 1997 1955 2051 qua-

362 2083 584 2136 cunque
606 2069 934 2124 neceSsitatc
949 2071 1374 2136 coiistitutus,et
1394 2088 1458 2126 ex
1482 2088 1544 2126 ea
1568 2081 1952 2146 compunctus,

362 2161 847 2216 conversationem
876 2163 1164 2231 quamdam
1182 2165 1292 2218 Deo
1322 2181 1420 2236 per
1442 2174 1627 2219 votum
1644 2165 1952 2238 pollicetur.

365 2248 686 2306 Secundum
713 2255 1152 2322 supradictorum
1184 2264 1366 2314 autem
1387 2257 1704 2322 editionem,
1731 2258 1957 2312 electio-

365 2357 494 2396 nem
529 2342 847 2400 invenimus
891 2347 1120 2411 dictam,
1171 2347 1260 2404 ubi
1310 2365 1412 2404 nos
1447 2357 1666 2418 sponte,
1701 2350 1954 2405 dicimus.

369 2434 408 2488 Ε
423 2444 678 2505 trnmque
694 2437 837 2492 enim
861 2439 1003 2501 hanc
1027 2440 1356 2494 oblationem
1376 2441 1490 2495 sive
1510 2457 1627 2495 eam
1649 2459 1770 2512 quae
1789 2457 1853 2497 ex
1869 2461 1958 2500 ne-

361 2525 647 2592 cessitate,
681 2527 795 2582 sive
825 2543 945 2582 eam
968 2545 1090 2600 quae
1121 2531 1412 2599 Spontelit,
1434 2533 1704 2602 proponit,
1730 2535 1954 2590 dicens:

362 2617 610 2672 Reddam
640 2620 734 2672 tibi
752 2631 870 2674 vota
899 2638 1013 2674 mea
1055 2639 1171 2692 qua’
1202 2624 1712 2679 distinazeiuntlabia
1737 2645 1876 2689 mea,
1912 2639 1960 2682 et

361 2725 486 2778 qua:
518 2709 755 2764 locutum
785 2721 860 2765 est
893 2729 947 2766 os
979 2730 1151 2766 meum
1182 2716 1236 2767 in
1268 2717 1610 2771 tribulatione
1641 2736 1758 2772 mea
1785 2719 1856 2773 ⁸⁸.
1893 2721 1962 2776 ΕΙ.

362 2815 562 2855 rursus
612 2820 626 2855 :
686 2803 997 2860 Voluntaria
1059 2808 1163 2860 oris
1213 2808 1314 2860 mei
1354 2808 1681 2878 beueplacita
1709 2813 1814 2883 fac,
1850 2814 1960 2868 Do-

363 2895 513 2954 mine
544 2896 612 2948 ”.
665 2894 870 2954 Horum
923 2899 1160 2967 primum
1217 2900 1464 2969 quidem,
1503 2904 1822 2971 praedictum
1861 2925 1962 2963 vo-

366 2996 514 3051 tum,
557 2987 673 3042 sive
707 2990 1138 3057 confessionem,
1175 2992 1296 3046 sine
1337 2993 1518 3065 aliqua
1557 2995 1836 3054 dubietate
1875 2999 1962 3054 in-

365 3080 691 3150 telligimus.
756 3083 1094 3140 Electionem
1152 3095 1374 3150 autem,
1429 3087 1547 3142 sive
1602 3098 1960 3158 Spontaneam

362 3172 731 3238 oblationem,
786 3174 891 3230 hoc
942 3177 1089 3245 quod
1143 3177 1387 3233 secundo
1436 3179 1557 3234 loco
1599 3181 1806 3236 dictum
1853 3193 1956 3244 est.
1988 3200 2032 3256 ο

364 3263 606 3332 Oportet
635 3276 842 3329 autem,
872 3267 986 3322 sive
1019 3279 1278 3338 operator
1319 3271 1559 3325 mandati
1597 3272 1668 3327 sit
1698 3274 1792 3343 qui
1825 3275 1963 3334 olle-

368 3365 460 3410 ret
507 3357 910 3423 holocaustum,
951 3361 1042 3416 hic
1083 3371 1168 3416 est
1209 3364 1356 3416 enim
1402 3379 1469 3417 ex
1513 3367 1778 3420 armentis
1821 3368 1964 3426 offe-

366 3463 530 3513 rens,
572 3449 688 3505 sive
715 3451 970 3520 simplex,
1006 3454 1134 3523 quia
1171 3454 1259 3509 hic
1287 3465 1463 3510 estex
1487 3458 1681 3513 ovibus
1712 3475 1726 3513 :
1757 3459 1873 3516 sive
1897 3476 1962 3516 ex

368 3543 781 3610 peccatoribus,
826 3545 915 3598 hie
958 3553 1043 3600 cst
1086 3546 1230 3602 enim
1281 3548 1348 3603 de
1397 3549 1623 3620 capris:
1660 3553 1964 3610 masculum

366 3649 501 3688 esse
535 3636 679 3704 quod
710 3636 928 3704 offeret,
956 3639 1008 3698 id
1041 3648 1126 3694 est
1156 3655 1278 3694 cum
1313 3652 1498 3696 mente
1533 3643 1692 3708 virili,
1725 3654 1781 3708 et
1813 3645 1962 3711 torti,

368 3737 434 3781 et
484 3728 686 3794 stabili,
733 3738 788 3784 et
827 3747 952 3785 cum
1004 3733 1208 3787 valenti
1260 3733 1385 3800 ﬁde,
1424 3745 1590 3805 atque
1637 3738 1965 3796 inconcussa

368 3818 582 3876 offerre
617 3823 700 3874 vel
737 3821 944 3883 offerri,
980 3833 1041 3884 ut
1079 3824 1323 3880 offerens
1363 3826 1484 3881 talis
1515 3829 1587 3881 sit
1621 3829 1800 3897 qualis
1852 3831 1964 3897 ille,

368 3930 542 3984 quem
577 3913 834 3970 Salomon
871 3917 924 3976 in
965 3915 1278 3974 Proverbiis
1321 3920 1581 3975 dicebat:
1616 3922 1794 3976 Virum
1832 3925 1967 3994 ﬁde-

370 4008 482 4072 lem
510 4006 658 4060 labor
687 4016 761 4061 est
792 4009 1025 4063 invenire
1054 4010 1122 4062 ⁸ο.
1157 4010 1307 4076 Idem
1351 4021 1434 4066 est
1473 4021 1530 4066 et
1561 4013 1603 4067 si
1633 4014 1964 4072 sacriﬁcium

369 4099 736 4170 paciﬁcornm
770 4101 971 4156 offeret
1000 4102 1142 4170 quis,
1164 4103 1217 4158 id
1245 4113 1353 4170 est,
1372 4120 1481 4160 non
1516 4105 1660 4166 illam
1688 4123 1810 4176 qua:
1839 4125 1968 4178 per-

371 4192 523 4246 fecta
560 4200 646 4247 est
682 4193 734 4246 in
775 4194 1116 4263 philosophia
1141 4195 1330 4258 vitam,
1361 4197 1522 4256 veluti
1549 4213 1690 4262 eam,
1726 4216 1848 4268 qua:
1885 4210 1971 4256 est

377 4286 442 4338 in
493 4301 605 4358 non
660 4286 1012 4356 possidendo,
1058 4287 1144 4340 vel
1199 4287 1256 4340 in
1287 4287 1620 4358 virginitate,
1664 4290 1732 4344 de
1771 4291 1970 4359 quibus

379 4376 656 4433 Dominus
687 4378 898 4440 dicebat
930 4395 943 4431 :
980 4377 1100 4431 Non
1143 4394 1324 4432 omnes
1365 4381 1583 4449 capiunt
1609 4380 1680 4446 9‘,
1709 4382 1805 4436 sed
1857 4398 1972 4437 me-

378 4469 651 4535 diocrem,
691 4486 814 4539 qua}
854 4471 1014 4526 nobis
1051 4479 1311 4540 procurat
1355 4470 1674 4526 omnimodo
1712 4473 1966 4539 salutem,

1492 395 1576 459 IN
1609 393 2052 456 LEVITICUM.
2090 416 2159 426 -
2193 394 2340 454 LIB.
2374 395 2475 453 ΥΕ.

259 495 264 499 ’
354 504 456 557 sed
486 510 543 556 et
570 501 894 569 oblationes,
927 521 1048 574 qua:
1079 521 1108 560 a
1139 506 1342 576 populo
1375 505 1706 572 offeruntur,
1740 521 1951 579 przece-
1982 511 2027 570 Α
2057 492 2342 561 discimus.
2387 506 2769 562 Verumtamen
2801 518 2854 564 et
2888 525 3043 563 ovem
3077 511 3391 566 sensibilem
3426 513 3468 566 si
3499 514 3640 568 olle-

3511 396 3640 459 1074

2055 619 2144 658 ras
2192 603 2326 668 Deo,
2363 613 2459 657 aut
2504 603 2722 668 bovem,
2759 612 2852 656 aut
2883 620 3124 674 capram,
3156 613 3250 658 aut
3290 604 3494 674 aliquid
3541 607 3642 660 hu-

2051 694 2328 764 iusmodi,
2384 705 2444 758 ut
2491 695 2643 752 verbi
2699 695 2907 767 gratia,
2961 697 3335 752 sacerdotibus
3385 698 3642 770 primitiae

2054 789 2274 854 dentur,
2318 797 2414 843 aut
2454 805 2724 859 pauperes
2755 805 2818 844 ex
2852 805 2918 844 eo
2953 799 3264 860 pascantur,
3309 801 3401 845 aut
3437 791 3641 847 sanctis

2055 881 2262 950 aliquot
2315 881 2683 936 ministerium
2733 881 2867 946 ﬁat,
2911 889 3006 934 aut
3053 881 3221 935 divini
3279 882 3464 950 templi
3508 898 3641 936 con-

2055 973 2310 1037 structio,
2366 974 2448 1030 vel
2487 974 2708 1044 aliquod
2753 975 2900 1030 aliud
2955 989 3095 1044 opus
3148 974 3294 1044 quod
3345 975 3410 1028 ad
3459 973 3637 1044 ipsum

2057 1066 2300 1134 pertinet
2335 1067 2525 1132 Deum,
2567 1078 2625 1120 et
2654 1075 2941 1136 propterea
2987 1066 3365 1120 holocaustum
3410 1065 3637 1128 dicitur,

2059 1157 2364 1226 pollutione
2406 1167 2590 1212 careat
2635 1159 2798 1212 etiam
2844 1159 2960 1212 haec
3007 1157 3230 1212 oblatio.
3273 1157 3380 1212 Sed
3414 1173 3536 1226 qua:
3568 1156 3640 1210 sit

2060 1249 2174 1302 haec
2225 1247 2487 1318 pollutio,
2541 1249 2626 1302 lex
2679 1248 2881 1313 tacuit,
2934 1248 3095 1304 nobis
3143 1247 3281 1302 dans
3332 1246 3638 1318 intelligere

2057 1355 2243 1394 veram
2291 1340 2677 1409 pollutionem,
2723 1349 2778 1393 et
2822 1354 3036 1394 cavere.
3074 1340 3172 1394 Est
3204 1347 3386 1392 autem
3425 1338 3540 1392 haec
3571 1352 3638 1390 ex

2058 1431 2269 1501 rapina,
2303 1440 2357 1485 et
2397 1431 2690 1499 iniustitia,
2731 1431 2903 1484 aliave
2947 1429 3175 1484 avaritia
3221 1429 3455 1496 offerre;
3501 1427 3634 1484 abo-

2059 1523 2319 1578 niinabilc
2365 1530 2452 1577 est
2487 1522 2638 1583 enim
2681 1523 2826 1592 apud
2873 1520 3067 1583 Deum,
3099 1529 3153 1576 et
3195 1537 3304 1575 non
3353 1529 3634 1590 acceptum

2059 1615 2130 1681 ei,
2166 1615 2238 1669 ita
2276 1622 2335 1669 ut
2375 1615 2540 1670 nimis
2579 1631 2674 1684 per
2713 1615 3040 1683 prophetam
3073 1613 3290 1668 Judceos
3318 1613 3384 1666 de
3415 1612 3520 1666 hoc
3550 1627 3636 1665 re-

2059 1706 2449 1775 prclicnderet.
2492 1704 2593 1770 Qui
2631 1705 2906 1773 (edi/iratis
2941 1702 3066 1757 Sion
3106 1705 3159 1756 in
3197 1702 3558 1772 sanguinibus,
3589 1709 3638 1754 et

2058 1796 2353 1850 Jerusalem
2402 1798 2457 1850 in
2496 1797 2775 1865 iniquitate
2803 1795 2871 1849 9’.
2912 1795 3005 1849 Sic
3052 1796 3201 1850 enim
3255 1794 3433 1848 littera
3475 1792 3638 1862 hujus

2059 1887 2358 1946 sanctionis
2411 1896 2468 1941 ct
2521 1887 2748 1957 spiritus
2804 1895 3182 1942 conservatur.
3230 1886 3286 1939 Si
3333 1885 3555 1956 quidem
3606 1903 3638 1938 a

2057 1979 2215 2033 nobis
2269 1979 2436 2032 semel
2491 1979 2895 2050 exponentibns
2939 1979 3199 2044 audistis,
3245 1979 3372 2047 quia
3421 1975 3642 2047 quando

2057 2069 2187 2122 dicit
2228 2070 2312 2122 lex
2352 2085 2364 2122 :
2402 2066 2596 2132 Homo,
2647 2067 2820 2131 homo,
2875 2076 3094 2137 oportet
3143 2083 3268 2122 cum
3321 2067 3642 2122 considera-

2059 2161 2207 2214 tione
2240 2161 2489 2230 spiritus,
2523 2170 2578 2215 et
2614 2159 2854 2214 mandati
2896 2160 3136 2214 litteram
3168 2159 3396 2212 intueri.

2129 2250 2294 2306 Vens.
2337 2251 2531 2308 22-25,.
2571 2269 2589 2302 I
2634 2250 2690 2303 Si
2727 2266 2930 2312 Circum
2986 2250 3172 2314 fuerit,
3215 2249 3258 2304 si
3305 2249 3558 2312 fractum,
3597 2248 3641 2301 si

2058 2343 2373 2398 cicatricem
2430 2343 2661 2406 habens,
2702 2343 2746 2396 si
2797 2343 3051 2412 papulain
3104 2350 3199 2395 aut
3247 2341 3510 2406 scabiem,
3558 2342 3642 2392 vel

2060 2433 2462 2504 impetiginem,
2495 2449 2603 2487 non
2637 2431 2883 2485 ofl'eretis
2918 2447 2980 2484 ea
3015 2431 3265 2496 Domino,
3297 2446 3476 2498 neque
3509 2431 3642 2485 ado-

2060 2523 2241 2578 lebitis
2274 2540 2340 2577 ex
2371 2522 2450 2578 eis
2480 2538 2644 2592 super
2669 2523 2840 2575 altare
2868 2521 3102 2575 Domini.
3133 2521 3351 2586 Bovem,
3378 2531 3432 2574 et
3460 2537 3641 2584 ovem,

2060 2633 2213 2682 aure,
2243 2627 2299 2672 et
2326 2617 2499 2673 cauda
2525 2617 2844 2684 amputatis,
2870 2614 3177 2670 voluntarie
3207 2613 3407 2668 offerre
3440 2621 3640 2682 potest,

2061 2719 2249 2768 votum
2282 2725 2348 2764 ex
2381 2709 2468 2763 his
2499 2708 2630 2766 solvi
2665 2723 2777 2761 non
2810 2716 3010 2776 potest.
3039 2708 3212 2760 Omne
3242 2706 3463 2768 animal,
3500 2703 3645 2773 quod

2061 2804 2148 2859 vel
2176 2802 2451 2866 contritis,
2485 2800 2568 2854 vel
2596 2799 2795 2864 tonsis,
2824 2798 2908 2852 vel
2942 2797 3126 2861 sectis,
3161 2798 3466 2866 ablatisque
3495 2796 3648 2850 testi-

2062 2893 2204 2948 culis
2233 2901 2338 2958 est,
2372 2907 2483 2944 non
2527 2888 2775 2944 offerelis
2819 2887 3070 2951 Domino,
3103 2897 3159 2940 et
3188 2886 3241 2939 in
3279 2896 3423 2940 terra
3466 2894 3648 2940 vestra

2065 2985 2169 3039 hoc
2202 2983 2428 3040 omnino
2459 2997 2568 3038 non
2605 2980 2840 3036 iacietis.
2877 2979 2952 3034 De
2991 2994 3157 3044 manu
3188 2977 3503 3048 alienigena:
3537 2992 3649 3030 non

2063 3074 2312 3130 offeretis
2358 3087 2529 3144 panes
2587 3071 2818 3126 Domino
2865 3070 2979 3125 Deo
3029 3079 3233 3134 vestro,
3284 3078 3340 3122 et
3387 3067 3648 3138 quidquid

2065 3167 2212 3222 aliud
2240 3166 2372 3221 dare
2391 3163 2666 3220 voluerint
2689 3163 2818 3233 quia
2846 3170 3101 3232 corrupta
3133 3170 3189 3216 et
3218 3160 3488 3216 maculata
3522 3170 3650 3217 sunt

2066 3258 2273 3323 omnia,
2308 3273 2417 3313 non
2460 3255 2771 3326 suscipiatis
2803 3270 2887 3312 ea.
2922 3273 2941 3308 ι

2135 3351 2301 3416 Aliud
2333 3351 2423 3407 hic
2451 3350 2670 3406 videtur
2709 3349 2986 3421 legislator
3029 3347 3283 3413 innuere,
3319 3348 3485 3403 multa
3517 3363 3650 3402 con-

2067 3447 2401 3503 sideratione
2433 3445 2681 3512 dignum.
2715 3443 2789 3497 De
2826 3443 2911 3496 his
2939 3459 3060 3512 quae
3089 3442 3399 3498 offeruntur
3438 3442 3652 3508 altario,

2067 3558 2176 3598 non
2207 3542 2256 3596 ei
2287 3554 2467 3595 sermo
2494 3545 2600 3603 est,
2627 3545 2759 3592 sunt
2781 3545 2964 3591 autem
2993 3536 3085 3606 qui
3116 3536 3402 3606 mysticum
3434 3543 3490 3590 et
3524 3551 3654 3591 san-

2067 3642 2284 3688 ctorum
2329 3630 2566 3685 ollicium
2615 3627 2942 3683 sortiuntur.
2991 3628 3093 3681 Per
3142 3628 3479 3682 sanctionem
3527 3642 3656 3698 ergo

2067 3727 2427 3790 anteriorem,
2456 3723 2716 3780 mundam
2743 3737 2866 3778 esse
2894 3738 2923 3775 a
2953 3723 3253 3794 pollutione
3281 3722 3470 3793 populi
3500 3723 3654 3776 obla-

2070 3822 2275 3884 tionem
2300 3817 2647 3889 praecipiens,
2673 3815 2818 3885 quod
2851 3815 3164 3868 necessarie
3195 3814 3359 3869 nimis
3387 3814 3441 3866 in
3469 3813 3656 3867 unius-

2069 3913 2338 3983 cujusque
2378 3908 2794 3965 conversatione
2840 3907 3176 3961 intellcctuni
3221 3915 3319 3960 est.
3375 3905 3532 3958 Nunc
3568 3904 3652 3958 di-

2071 4010 2328 4057 numerat
2357 4019 2370 4031 ο
2399 4015 2537 4070 quos
2564 4015 2677 4053 non
2711 4007 2963 4067 Oporteat
2990 3997 3185 4054 altario
3215 3997 3424 4060 offerri,
3455 4005 3510 4050 et
3540 3995 3654 4065 pri-

2071 4108 2222 4149 mum
2269 4092 2402 4147 dicit
2449 4107 2514 4145 ex
2563 4091 2645 4145 eis
2691 4105 2919 4145 caecum.
2955 4088 3058 4154 Qui
3099 4087 3246 4141 enim
3292 4086 3653 4158 ignorantiam

2071 4189 2235 4244 habet
2296 4185 2430 4251 Dei,
2476 4183 2752 4254 quomodo
2797 4180 3132 4239 ministrabit
3195 4180 3328 4244 Deo,
3384 4195 3487 4234 nec
3536 4179 3653 4248 ipso

2073 4279 2396 4350 dignitatem
2427 4277 2608 4330 sciens
2639 4275 2779 4344 ejus,
2818 4273 2885 4327 ad
2917 4273 3072 4343 cuius
3100 4269 3463 4326 ministerium
3494 4287 3658 4324 voca-

2075 4383 2185 4439 tur,
2223 4386 2328 4426 nec
2357 4371 2478 4424 aliis
2510 4368 2697 4424 valens
2742 4365 3052 4436 exponere?
3089 4364 3256 4449 Unde.
3282 4374 3338 4418 et
3379 4363 3660 4434 negligens

2075 4467 2221 4535 circa
2272 4480 2370 4520 eos
2418 4463 2521 4520 erit
2559 4481 2572 4516 :
2611 4461 2862 4516 nesciens
2912 4459 3254 4523 divinorum,
3308 4459 3508 4527 quibus
3561 4459 3661 4512 mi-

377 4563 489 4618 etsi
539 4579 647 4620 non
703 4563 1017 4631 assequitur
1066 4579 1148 4626 ea,
1182 4579 1304 4632 qua:
1350 4565 1417 4620 ad
1464 4565 1861 4633 prophetarum
1915 4577 1972 4620 ct
2005 4564 2047 4619 D
2077 4559 2295 4624 nistrat,
2327 4557 2588 4611 virtutem
2618 4572 2631 4608 :
2663 4553 2853 4623 quales
2881 4561 3040 4606 erant
3075 4551 3293 4622 quidam
3324 4550 3658 4631 Jndmorum,

377 4653 761 4722 apostolorum
819 4668 1132 4712 mensuram
1193 4655 1446 4707 tendunt.
1501 4653 1666 4708 Stella
1734 4657 1873 4712 enim
1940 4675 1972 4710 a

377 4744 542 4799 stella
571 4745 742 4814 dilfert
784 4744 841 4796 in
875 4743 1122 4800 claritate
1150 4744 1216 4808 9’,
1253 4745 1556 4799 secundum
1590 4747 1734 4815 quod
1777 4747 1976 4802 Paulus

381 4834 626 4890 dicebat.
669 4834 776 4888 Sed
817 4844 872 4888 et
899 4834 993 4892 hic
1038 4834 1344 4895 masculum
1395 4851 1624 4890 necesse
1663 4846 1747 4891 est
1780 4836 1977 4893 offerat

382 4927 804 4992 imulaculatuin
835 4946 850 4982 :
884 4928 1002 4982 haec
1032 4935 1089 4981 et
1114 4927 1210 4986 ﬁlii
1242 4926 1434 4992 Israel,
1475 4937 1532 4982 et
1563 4930 1789 4984 advenae
1822 4929 1976 4986 vide-

383 5020 542 5084 licet,
577 5030 644 5076 ει.
675 5022 770 5091 qui
817 5036 967 5076 nunc
1005 5021 1074 5076 ad
1123 5021 1291 5080 ﬁdem
1318 5032 1628 5085 venerunt,
1667 5024 1976 5094 adiectique

385 5123 526 5171 sunt
548 5115 708 5173 nobis
735 5117 807 5170 ad)
835 5131 1024 5170 errore
1049 5116 1332 5182 exteriori,
1361 5117 1615 5172 similiter
1640 5117 1976 5172 custodiant.

381 5209 474 5267 Ex
517 5225 630 5278 quo
670 5209 821 5268 enim
874 5209 1073 5278 aliquis
1123 5211 1291 5264 vitam
1341 5209 1660 5280 promiserit
1699 5209 1811 5264 Deo
1854 5225 1979 5279 per-

389 5300 592 5355 [cctam
639 5309 698 5355 et
747 5311 1221 5366 otiosummatam,
1271 5318 1382 5366 non
1431 5301 1542 5371 jam
1599 5301 1976 5371 praetendere,

391 5393 544 5462 quod
576 5401 794 5464 tempus
826 5394 1058 5448 multum
1087 5394 1140 5447 in
1173 5409 1364 5449 errore
1392 5393 1581 5458 luerit,
1609 5395 1829 5463 poterit,
1853 5394 1980 5463 quia

392 5501 504 5539 nec
540 5495 790 5556 tempore
839 5487 1017 5541 virtus
1065 5495 1210 5556 eget,
1251 5495 1312 5540 ut
1354 5487 1627 5550 discatur;
1674 5501 1800 5539 mox
1836 5485 1980 5539 enim

392 5588 456 5636 ut
509 5594 631 5634 eam
695 5579 1170 5644 aifectaverimus,
1239 5577 1702 5648 quemadmodum
1765 5587 1982 5632 utamur

487 5781 533 5813 ⁸⁷
561 5781 750 5836 Matth.
787 5797 976 5843 xxviii,
1017 5781 1102 5839 l9.
1137 5779 1228 5832 9.0.
1305 5779 1350 5810 ³⁸
1385 5777 1525 5833 Psal.
1559 5793 1680 5837 ων,
1708 5777 1791 5829 ll.

401 5845 446 5875 "
469 5851 489 5910 ι
511 5854 638 5909 Cor.
669 5870 754 5919 xv,
779 5852 867 5906 iii.
946 5853 989 5883 ⁹³
1023 5851 1186 5905 λιίοιι.
1219 5851 1396 5918 iti,l0.
1475 5849 1648 5903 "15a.
1677 5865 1782 5914 Lvt,
1829 5847 1908 5900 10.

1892 5777 1935 5807 ⁸³
1966 5774 2106 5831 l‘sal.
2140 5788 2326 5838 cxvni,
2365 5770 2484 5826 l08.

2079 4653 2148 4708 de
2186 4652 2386 4721 quibus
2411 4649 2558 4704 Deus
2605 4649 2660 4703 in
2709 4647 2845 4703 Isaia
2883 4647 3142 4702 dicebat:
3180 4646 3374 4711 Videte,
3409 4646 3661 4715 quoniam

2080 4762 2256 4800 omnes
2297 4747 2618 4804 nescierunt,
2651 4734 2880 4795 uniuersi
2921 4757 3076 4794 canes
3104 4740 3256 4803 muti,
3287 4754 3388 4792 non
3433 4736 3662 4790 valentes

2082 4839 2284 4892 latrare
2318 4837 2387 4890 9‘.
2420 4835 2774 4890 Confractum
2815 4833 2898 4887 vel
2933 4831 3231 4886 contritum
3273 4829 3513 4886 secundo
3545 4829 3664 4883 loco

2082 4931 2286 5002 posuit,
2316 4930 2475 4998 cujus
2515 4929 2661 4982 enim
2680 4941 2886 4980 manus
2906 4941 2970 4981 ac
3001 4925 3197 4993 pedes,
3239 4926 3484 4980 actiones
3513 4921 3666 4976 vide-

2082 5024 2228 5087 licet,
2251 5030 2308 5078 et
2338 5021 2403 5076 ad
2423 5022 2603 5075 Deum
2643 5019 2838 5072 itinera
2869 5017 3150 5073 confracta
3182 5015 3484 5071 eontritave
3513 5021 3663 5074 sunt,

2082 5131 2155 5170 ne
2208 5115 2300 5169 hic
2344 5113 2565 5184 quidem
2607 5110 2765 5166 altari
2810 5099 3125 5164 ministrare
3168 5109 3366 5178 dignus
3399 5114 3485 5161 est
3528 5123 3541 5159 :
3577 5103 3666 5158 cui

2083 5206 2344 5263 convenit
2374 5204 2504 5258 illud
2535 5202 2680 5272 quod
2719 5199 2930 5256 Psaltes
2973 5200 3048 5254 ait
3081 5217 3094 5253 :
3129 5197 3407 5260 Contritio,
3440 5203 3488 5248 et
3530 5193 3667 5262 infe-

2083 5299 2257 5352 licitas
2285 5295 2343 5351 in
2370 5296 2467 5349 viis
2504 5309 2707 5348 eorum.
2739 5290 2848 5347 Sed
2883 5307 2987 5346 nec
3014 5289 3106 5360 qui
3137 5288 3377 5358 linguam
3417 5283 3666 5346 incisam,

2083 5389 2388 5446 secundum
2431 5384 2574 5440 LXX
2617 5386 2803 5448 habet,
2833 5383 2886 5437 id
2924 5392 3010 5438 est
3039 5382 3084 5436 si
3121 5380 3243 5450 quis
3270 5395 3368 5450 per
3393 5377 3668 5434 sordidam

2088 5481 2278 5544 vitam,
2314 5477 2569 5534 ﬁduciam
2610 5473 2844 5529 docendi
2892 5470 3149 5543 perdidit,
3187 5468 3277 5525 cui
3327 5467 3406 5522 ait
3450 5464 3617 5520 David
3652 5481 3667 5517 :

2090 5567 2367 5622 Peccatori
2407 5574 2582 5622 autem
2635 5563 2770 5620 dixit
2792 5562 2931 5619 Deus
2961 5557 3183 5624 :Quare
3228 5567 3286 5613 tu
3325 5571 3550 5612 enarra:
3582 5554 3671 5623 iu-

2587 5767 2631 5801 ”
2664 5764 2823 5822 Prov.
2853 5780 2941 5827 xx,
2966 5758 3021 5814 6.
3148 5759 3191 5791 ⁹¹
3221 5756 3418 5813 Matth.
3446 5770 3558 5816 xxx,
3585 5752 3672 5809 Η.
