3892 6408
387 403 522 470 1075

1566 405 1927 466 HESYCHII
1972 402 2448 465 PRESBYTERI

3484 401 3602 470 1026

384 527 560 580 stitias
581 526 822 581 meas"?
843 525 1107 581 Similiter
1132 525 1433 581 secundum
1453 523 1615 591 LXX,
1645 534 1694 579 et
1719 524 1967 593 formicu-
1993 530 2042 588 Α
2068 520 2208 577 culis
2245 528 2349 585 est,
2394 516 2490 588 qui
2532 515 2699 572 illatis
2737 514 2841 571 sibi
2906 513 3295 571 tentationibus
3331 518 3607 583 tribulatio-
3636 539 3644 549 '

382 618 573 682 losum,
609 617 742 673 dicit
781 626 964 673 autem
1008 632 1135 672 eum
1172 616 1266 687 qui
1301 625 1598 688 occupatus
1638 624 1722 671 est
1751 615 1807 669 in
1833 628 1965 684 ope—

382 708 538 762 ribus
574 707 810 763 terrenis
838 716 896 763 et
924 708 1298 773 saecularibus,
1327 707 1419 777 qui
1451 707 1804 777 semetipsum
1836 705 1964 759 huic

383 798 701 869 cogitationi
741 799 987 869 deputat,
1023 798 1075 853 id
1115 807 1200 854 est
1231 799 1323 868 qui
1357 798 1607 854 comedat
1630 805 1686 852 et
1712 796 1883 857 bibat,
1910 805 1966 850 et

380 888 478 957 qui
503 889 607 943 alia
635 890 832 945 similia
859 890 1081 960 cogitat,
1106 897 1163 945 et
1191 890 1282 960 qui
1314 889 1667 954 thezaurizat,
1700 888 1962 958 quoniam

382 979 504 1035 hazc
525 980 637 1035 vita
665 981 1019 1036 formicarum
1040 991 1362 1053 estsemper
1384 982 1485 1037 sibi
1512 995 1841 1051 congregare
1875 995 1962 1045 ea,

381 1083 503 1135 qua:
547 1068 612 1122 ad
654 1078 904 1123 ventrem
952 1070 1251 1140 pertinent,
1285 1071 1556 1141 siquidem
1606 1078 1663 1125 et
1705 1068 1963 1124 Salomon

381 1156 437 1209 in
474 1156 786 1211 Proverbiis
823 1157 992 1213 dicit:
1023 1159 1164 1214 Vade
1207 1163 1278 1215 ad
1319 1160 1619 1231 formicam,
1650 1176 1681 1213 ο
1717 1161 1883 1229 piger,
1915 1167 1965 1214 et

379 1248 656 1302 considera
703 1250 818 1304 vias
862 1251 977 1319 ejus
1012 1252 1079 1307 ".
1130 1252 1269 1318 Quia
1319 1252 1467 1307 enim
1516 1252 1583 1306 ad
1627 1252 1963 1322 operandum

380 1341 594 1409 pigrum
635 1343 987 1410 provocabat,
1017 1353 1309 1413 propterea
1355 1342 1760 1399 transmittebat
1801 1358 1962 1410 eum,

380 1432 525 1486 situt
550 1431 618 1486 ad
650 1432 1014 1503 operatricem
1051 1433 1355 1500 formicam,
1390 1449 1500 1488 non
1535 1444 1595 1488 ut
1628 1434 1753 1488 talia
1783 1434 1963 1505 qualia

382 1524 611 1580 formica
642 1535 988 1596 operaretur,
1021 1527 1115 1583 sed
1164 1537 1226 1583 ut
1257 1527 1611 1583 aamularetur
1656 1527 1961 1593 formicam,

379 1631 521 1685 opus
549 1615 616 1670 ad
652 1616 858 1687 majora
899 1618 1215 1684 transferre,
1252 1620 1305 1675 id
1349 1627 1432 1675 est
1470 1618 1536 1673 ad
1574 1603 1811 1689 agendas
1850 1616 1964 1670 vir-

381 1717 547 1762 tutes.
575 1707 735 1765 Unde
759 1710 897 1765 LXX
927 1711 1220 1766 ediderunt
1251 1730 1265 1766 :
1298 1711 1367 1765 Et
1397 1712 1592 1781 efﬁcere
1623 1710 1718 1764 illa
1750 1709 1963 1780 sapien-

381 1797 504 1852 tior.
533 1797 623 1853 Sic
662 1814 788 1870 ergo
816 1800 1003 1863 homo,
1048 1815 1171 1856 cum
1207 1801 1387 1856 divina
1423 1802 1632 1866 studet,
1663 1799 1963 1870 sapientior

2063 612 2336 681 nibusque
2370 609 2558 675 cessit,
2590 608 2899 677 animaeque
2949 622 3061 662 suae
3102 606 3470 675 fortitudinem,
3500 631 3608 684 per.

2064 702 2205 758 didit
2234 721 2247 756 :
2280 717 2389 756 non
2419 701 2565 755 enim
2610 707 2827 769 oportet
2874 698 2978 753 hoc
3021 698 3249 769 perpeti,
3281 715 3379 755 nec
3412 706 3609 763 omnino

2064 791 2261 847 cedere
2293 788 2602 845 imminenti
2641 787 2804 847 hosti.
2837 797 2999 856 atque
3039 787 3315 857 alﬂigenti.
3348 789 3493 847 Unde
3520 793 3611 851 Da-

2062 885 2151 939 vid
2180 884 2256 938 ait
2291 901 2303 937 :
2342 883 2404 938 Ut
2434 883 2560 949 quid
2601 882 2769 934 tristis
2818 882 3021 946 incedo,
3058 881 3183 935 dum
3213 883 3386 953 afﬂigit
3419 904 3493 939 me
3521 889 3610 943 iui-

2063 976 2229 1029 micus
2262 975 2320 1028 “l
2366 972 2614 1044 Oportet,
2646 972 2844 1041 inquit,
2876 988 2964 1025 me
3002 971 3237 1042 gaudere
3265 981 3320 1027 et
3342 976 3609 1042 exsultare,

2064 1074 2254 1137 utpote
2281 1065 2373 1135 qui
2405 1064 2473 1120 ad
2503 1074 2780 1119 certamen
2821 1079 3004 1127 vocor,
3049 1064 3104 1117 in
3136 1079 3244 1132 quo
3286 1064 3453 1119 victor
3476 1069 3611 1122 exsi-

2064 1169 2205 1214 stam
2241 1178 2254 1214 :
2289 1175 2414 1213 nam
2446 1167 2502 1213 et
2536 1156 2779 1212 victoriae
2810 1157 3032 1211 modum
3068 1156 3314 1211 subdidit
3345 1176 3357 1211 :
3388 1159 3541 1229 Spera
3567 1161 3613 1215 in

2063 1253 2306 1316 Domino,
2335 1252 2585 1323 quoniam
2615 1249 2897 1317 conﬁtebor
2929 1248 3030 1313 illi,
3057 1249 3294 1303 salutare
3321 1248 3483 1305 cultus
3510 1255 3611 1320 mei,

2063 1356 2113 1400 et
2145 1346 2282 1400 Deus
2312 1361 2455 1399 meus
2483 1344 2528 1399 '.
2576 1342 2754 1398 Sectis
2785 1342 3087 1412 ablatisque
3120 1342 3383 1397 testiculis
3413 1353 3506 1407 est,
3534 1347 3614 1416 qui

2064 1453 2171 1492 una
2204 1437 2419 1492 actione
2454 1451 2644 1501 prava,
2677 1434 2954 1505 animique
2996 1434 3276 1505 impietate
3320 1444 3376 1490 et
3421 1447 3617 1492 secante

2062 1527 2208 1582 sicut
2246 1527 2504 1587 cultrum,
2533 1534 2589 1580 et
2625 1524 2933 1590 auferente,
2971 1524 3428 1593 quemadmodum
3473 1526 3618 1580 nimis

2062 1619 2251 1683 eﬂ'era,
2292 1628 2349 1674 et
2386 1618 2653 1688 direptrix
2683 1631 2878 1671 manus
2905 1618 3262 1686 semetipsum
3293 1616 3618 1687 abscindens,

2062 1716 2119 1762 et
2147 1707 2407 1762 auferens
2449 1722 2479 1761 a
2524 1707 2915 1777 conjunctione
2954 1706 3073 1771 Dei,
3105 1723 3225 1776 qua:
3257 1717 3342 1762 est
3378 1707 3432 1762 in
3464 1708 3611 1763 virtuv

2062 1802 2231 1866 tibus,
2262 1800 2566 1855 secundum
2616 1800 2763 1869 quod
2807 1798 3067 1863 diximus,
3100 1798 3349 1868 privatus
3386 1800 3545 1870 prole,
3575 1810 3617 1853 et

378 1887 632 1955 edicitur,
685 1890 752 1946 ab
810 1891 903 1945 illo
955 1892 1050 1962 qui
1108 1901 1325 1947 terrena
1376 1900 1656 1963 operatur.
1703 1872 1962 1961 Papulam
1994 1891 2037 1944 ll
2064 1892 2235 1963 signis
2279 1891 2453 1947 virilis
2503 1890 2859 1962 cognitionis,
2894 1905 3129 1960 quorum
3179 1890 3380 1945 damno
3418 1892 3527 1962 ipse
3572 1908 3619 1949 se

380 1981 613 2047 habens,
664 1983 752 2037 vel
796 1984 1072 2049 scabiem,
1129 1984 1406 2039 detractor
1456 1983 1794 2054 intelligitur,
1834 1983 1961 2054 quia

382 2074 658 2144 pessimus
699 2076 818 2145 ejus
862 2075 1102 2137 morbus.
1134 2085 1190 2131 et
1227 2076 1585 2146 asperrimum
1614 2076 1736 2146 ejus
1764 2075 1964 2131 vulnus

379 2172 513 2222 est:
553 2168 704 2223 nullo
756 2168 905 2223 enim
957 2167 1320 2224 medicamine
1376 2167 1536 2223 facile
1580 2174 1766 2238 potest
1812 2168 1961 2222 miti-

377 2258 517 2330 gari.
568 2259 904 2332 impetiginis
953 2261 1181 2326 habens,
1227 2260 1526 2316 fornicator
1569 2270 1674 2328 est,
1723 2262 1963 2318 maculat

378 2348 526 2404 enim
555 2365 716 2406 suum
753 2366 975 2423 corpus,
1021 2363 1244 2423 propter
1278 2353 1423 2424 quod
1463 2352 1661 2409 Paulus
1693 2354 1905 2409 dicebat
1942 2371 1957 2407 :

377 2442 483 2508 Qui
538 2454 716 2499 autem
770 2447 1085 2516 fornicatur,
1132 2448 1188 2501 in
1236 2463 1425 2517 corpus
1472 2462 1627 2499 suum
1674 2455 1852 2515 peccat
1890 2447 1957 2501 ".

374 2532 594 2589 Nullum
629 2550 761 2605 ergo
791 2536 988 2590 horum
1019 2536 1269 2607 deputari
1304 2536 1372 2590 ad
1413 2535 1780 2591 ministerium
1818 2536 1959 2590 alta-

375 2624 452 2678 ris
499 2623 727 2694 spiritus
775 2624 1102 2694 legislatoris
1152 2626 1291 2679 vult.
1340 2623 1638 2694 Propterea
1677 2626 1797 2679 ait:
1838 2624 1960 2679 Non

374 2714 598 2783 o/feretis
625 2730 687 2768 ea
721 2713 967 2780 Domino,
990 2731 1084 2769 nec
1108 2715 1383 2770 adolebitis
1411 2732 1475 2769 ea:
1499 2716 1571 2769 eis
1604 2731 1759 2784 super
1784 2714 1960 2770 altare

371 2804 609 2859 Domini.
659 2805 789 2860 Sive
839 2807 1141 2862 secundum
1189 2805 1332 2861 LXX
1373 2826 1388 2862 :
1426 2806 1546 2860 Non
1591 2808 1803 2877 offerent
1848 2808 1958 2861 [uec

374 2896 619 2955 nomine,
656 2905 706 2949 et
742 2912 899 2965 super
948 2897 1124 2951 altare
1173 2914 1277 2952 non
1324 2898 1538 2950 dabitur
1578 2898 1642 2951 de
1687 2898 1761 2952 eis
1800 2915 1958 2966 super

370 2984 545 3040 altare
575 2985 822 3041 Domino.
859 2985 1205 3042 Sacriﬁcium
1244 2996 1426 3043 autem
1464 2986 1808 3058 paciﬁeorum
1842 3004 1954 3042 non

368 3076 543 3135 addit.
576 3078 1041 3148 quemadmodum
1085 3080 1374 3151 superius;
1405 3080 1555 3134 oumi
1598 3080 1760 3135 modo
1787 3079 1952 3134 intel-

369 3167 526 3238 ligas.
550 3168 617 3223 de
646 3168 731 3223 his
751 3167 844 3238 qui
869 3171 1141 3240 mysteriis
1166 3170 1501 3243 ministrant,
1532 3170 1660 3225 dici.
1690 3168 1754 3223 Hi
1784 3170 1946 3225 etiam

371 3257 753 3313 holocaustum
799 3273 923 3314 esse
967 3275 1107 3330 opus
1148 3242 1375 3325 habent,
1436 3242 1604 3315 vitam
1651 3259 1948 3331 perfectam

308 3397 316 3405 .
364 3362 425 3407 et
477 3362 912 3410 consummatam
972 3363 1217 3426 agentes.
1275 3354 1417 3422 Quid
1470 3352 1652 3409 autem
1713 3354 1798 3409 his
1850 3353 1952 3410 ad-

367 3446 506 3501 didit
524 3446 549 3498 ?
1069 3455 1080 3467 '

441 3535 632 3592 Bovem
664 3548 714 3593 et
745 3555 913 3605 ovem,
954 3556 1085 3594 aure
1116 3550 1165 3596 et
1202 3543 1374 3597 cauda
1417 3545 1729 3614 amputatis,
1759 3544 1946 3598 volun—

368 3630 509 3683 tarie
554 3630 737 3699 oﬂ'erre
780 3640 951 3703 potest
981 3648 1002 3689 ε
1032 3641 1207 3685 votum
1247 3642 1425 3687 autem
1463 3650 1528 3688 ea:
1559 3636 1639 3689 Itis
1678 3636 1807 3689 solvi
1845 3650 1949 3688 non

365 3728 553 3788 potest.
599 3718 764 3775 Omne
804 3720 1011 3774 animal
1048 3723 1187 3791 quod
1232 3720 1315 3775 vel
1349 3723 1603 3789 contritis,
1641 3725 1719 3777 vel
1763 3726 1944 3786 tonsis,

364 3809 449 3863 vel
487 3811 640 3865 sectis
679 3811 974 3882 ablatisque
1015 3812 1267 3866 testiculis
1306 3822 1400 3876 est,
1434 3830 1536 3867 non
1569 3815 1792 3884 oﬁ‘eretis
1838 3816 1947 3871 Do-

363 3900 532 3953 mino.
566 3901 861 3971 Disciplina
883 3918 1014 3972 ergo
1037 3903 1227 3967 multa,
1252 3911 1307 3957 et
1330 3918 1453 3972 qua:
1475 3904 1704 3960 decebat
1729 3906 1946 3978 legisla-

366 3997 566 4057 torem,
595 3992 662 4046 ad
707 3992 874 4063 hujus
913 3993 1325 4050 distinctionem
1371 3994 1640 4052 sermonis
1677 4012 1809 4053 usus
1839 4007 1944 4062 est,

362 4096 528 4150 quam
570 4090 625 4136 et
660 4082 715 4137 in
762 4084 1135 4154 superioribus
1173 4086 1439 4142 custodiri
1468 4096 1706 4156 oportet.
1741 4089 1945 4142 Aurem

363 4181 548 4227 autem
592 4183 927 4244 amputatam
964 4174 1151 4242 habet,
1183 4178 1276 4248 qui
1325 4177 1713 4233 inobedientiae
1754 4179 1946 4233 morbo

363 4263 608 4337 languet,
642 4267 733 4336 qui
777 4268 1212 4323 detractionibus
1254 4268 1475 4338 gaudet,
1510 4267 1603 4336 qui
1644 4266 1947 4322 delectatur

364 4356 619 4427 turpibus
649 4359 952 4425 auditibus,
982 4360 1076 4429 qui
1113 4361 1282 4414 honos
1326 4374 1610 4413 sermones
1639 4369 1940 4414 aversatur.

361 4446 607 4503 Caudam
640 4459 974 4520 amputatam
1010 4451 1193 4514 habet,
1225 4450 1316 4518 qui
1353 4450 1421 4504 de
1448 4449 1764 4505 novissimis
1794 4451 1944 4521 cogi-

2064 1984 2320 2054 subjecit.
2364 1984 2517 2039 Alter
2547 1993 2631 2038 est
2664 1983 2934 2054 siquidem
2966 1983 3059 2054 qui
3101 1983 3364 2053 paulatim
3404 1986 3617 2040 conteri-

2064 2086 2176 2142 tur,
2217 2084 2274 2132 et
2323 2076 2481 2141 alter,
2523 2074 2617 2145 qui
2666 2074 2849 2130 subito
2896 2074 3280 2144 semetipsum,
3333 2085 3490 2145 atque
3529 2093 3620 2132 una

2062 2167 2203 2222 mala
2223 2166 2438 2221 actione
2468 2165 2620 2236 prole
2650 2166 2917 2219 virtutum
2952 2164 3151 2235 privat,
3183 2168 3620 2234 quemadmodmn

2062 2258 2272 2323 Simon,
2304 2257 2560 2328 pecuniis
2590 2272 2775 2311 emere
2814 2256 3020 2311 donum
3054 2257 3143 2312 Dei
3179 2258 3460 2313 aestimans
3488 2261 3526 2324 ³,
3550 2271 3619 2314 est

2061 2349 2291 2405 eti‘ectus
2341 2366 2372 2403 a
2420 2360 2569 2405 sorte
2617 2349 2739 2419 ejus
2790 2348 3022 2403 alienus.
3073 2348 3180 2403 Sed
3238 2365 3403 2404 unam
3449 2351 3619 2406 barum

2059 2441 2400 2497 macularum
2443 2440 2740 2511 quispiam,
2768 2441 2855 2495 vel
2894 2456 3043 2496 nunc
3079 2441 3379 2507 dictarum,
3404 2443 3487 2497 vel
3516 2459 3621 2513 qme

2058 2534 2272 2611 pridem
2319 2533 2789 2587 dinumeravinius
2834 2531 3076 2599 habens,
3118 2543 3214 2589 aut
3262 2535 3619 2590 mandatorum

2058 2633 2145 2678 est
2188 2631 2467 2693 operator,
2516 2631 2572 2677 et
2619 2632 2908 2693 propterea
2956 2624 3161 2680 vitulus
3198 2641 3213 2678 :
3258 2634 3354 2680 aut
3390 2626 3617 2696 simplex,

2057 2726 2115 2770 et
2159 2715 2278 2769 ovis
2320 2716 2627 2785 appellatur
2673 2730 2738 2769 ex
2788 2716 2912 2780 hoc,
2959 2718 3266 2772 secundum
3312 2720 3451 2789 quod
3498 2719 3618 2774 LXX

2056 2807 2249 2873 edunt,
2298 2822 2399 2877 pro
2438 2822 2507 2862 eo
2547 2808 2692 2877 quod
2737 2816 2926 2862 nostra
2968 2809 3260 2864 translatio
3302 2812 3460 2865 habet
3496 2829 3507 2866 :
3540 2810 3615 2865 Vo-

2057 2898 2291 2953 luntarie
2338 2899 2514 2968 offerri
2554 2908 2741 2968 potest.
2793 2899 3022 2955 Occides
3068 2916 3132 2955 ea
3178 2901 3534 2972 tibimetipsi;
3572 2910 3620 2957 ut

2054 3007 2165 3046 non
2196 2992 2344 3045 omni
2386 2991 2550 3047 modo
2590 2991 2712 3047 illos
2740 3007 3081 3056 aversemur,
3118 3009 3223 3049 nec
3267 2994 3321 3048 in
3354 3004 3502 3065 parte
3531 2994 3618 3047 iui-

2053 3083 2183 3138 miei
2213 3083 2562 3153 deputemus,
2587 3084 2682 3139 sed
2707 3085 3003 3140 doceamus
3025 3101 3140 3149 eos,
3165 3096 3220 3142 et
3250 3088 3616 3143 exhortemur:

2052 3175 2306 3245 Nunquid
2330 3176 2420 3243 qui
2450 3176 2609 3237 cadit,
2640 3192 2743 3229 non
2776 3178 2992 3246 adficiet
3028 3188 3085 3233 ut
3116 3190 3383 3251 resurgat,
3419 3190 3507 3234 aut
3544 3180 3619 3249 qui

2053 3285 2269 3323 aversus
2309 3278 2387 3323 est
2433 3285 2536 3322 non
2566 3278 2855 3323 revertetur
2883 3270 2940 3323 "?
2977 3269 3164 3326 Occidi
3207 3282 3397 3327 autem
3444 3273 3620 3327 dicun-

2055 3375 2145 3420 tur
2193 3365 2503 3421 mortiﬁcati
2537 3375 2765 3436 peccato
2830 3382 2929 3436 per
2983 3367 3438 3432 admonitionem,
3468 3366 3620 3436 utju-

2054 3458 2219 3513 stitise
2279 3459 2484 3513 vivant.
2541 3457 2635 3514 lia:
2677 3466 2857 3511 autem
2924 3458 3256 3526 occisiones,
3314 3461 3474 3514 nobis
3531 3458 3621 3512 illis

2052 3549 2183 3605 licet
2221 3550 2590 3612 commisceri,
2638 3549 2734 3605 sed
2766 3565 2864 3620 pro
2892 3560 3020 3605 voto
3061 3566 3169 3605 non
3220 3551 3514 3606 offeramus
3542 3563 3622 3605 eas

2051 3639 2186 3704 Deo,
2219 3641 2270 3695 id
2302 3650 2386 3696 est
2414 3641 2482 3695 ad
2516 3640 2881 3696 ministerium
2917 3641 3038 3710 ejus
3074 3643 3367 3712 mysticum
3405 3659 3508 3698 non
3541 3656 3621 3695 eas

2052 3732 2395 3787 ordinemus.
2447 3732 2590 3802 Ergo
2633 3732 2929 3802 quamlibet
2971 3733 3356 3802 praedictarum
3403 3733 3620 3789 maculae

2052 3838 2174 3877 rum
2207 3823 2495 3888 habentes,
2533 3824 2577 3877 si
2614 3823 2992 3893 paenitentiam
3033 3827 3248 3895 egerint
3278 3841 3446 3896 Super
3468 3841 3547 3888 ea,
3574 3833 3621 3878 et

2050 3915 2220 3969 occisi
2274 3914 2483 3969 fuerint
2535 3915 2954 3971 mortificationc
3004 3917 3217 3986 peccati
3274 3918 3619 3988 suscipiamus

2049 4007 2271 4076 quidem
2316 4021 2435 4068 eos,
2479 4013 2535 4059 et
2576 4006 2885 4059 membrum
2921 4008 3229 4062 communis
3259 4009 3505 4080 corporis
3534 4007 3621 4061 ha-

2047 4095 2276 4150 beamus
2307 4111 2321 4149 :
2352 4094 2480 4165 quia
2511 4091 2751 4148 Christus
2778 4097 2917 4149 venit
2944 4098 3003 4150 in
3033 4098 3173 4151 hunc
3209 4100 3484 4162 mundum,
3510 4112 3617 4166 pec-

2048 4195 2251 4238 catores
2297 4185 2472 4239 salvos
2520 4186 2697 4256 facere
2722 4186 2765 4251 ';
2817 4188 3008 4241 altario
3058 4197 3245 4244 autem
3293 4190 3479 4244 olTerri
3521 4204 3617 4243 non

2047 4276 2192 4330 licet.
2233 4275 2364 4339 llac,
2414 4286 2474 4330 ut
2515 4285 2672 4346 puto,
2721 4279 3077 4336 distinctione
3117 4291 3173 4336 et
3216 4283 3440 4349 Paulus,
3498 4281 3617 4337 seri-

2049 4366 2185 4421 bens
2251 4366 2319 4420 ad
2375 4365 2716 4431 Cotinthios,
2771 4386 2906 4425 usus
2962 4381 3090 4426 est:
3135 4373 3343 4442 Scripsi
3395 4375 3531 4428 vobis
3570 4374 3618 4426 in

2046 4455 2292 4524 epistola,
2328 4473 2431 4509 non
2459 4459 2786 4514 commisceri
2817 4462 3136 4531 fornicariis,
3171 4480 3275 4517 non
3308 4466 3489 4531 utique
3522 4465 3618 4534 for-

362 4546 463 4602 tat,
498 4539 623 4606 quia
667 4540 837 4595 cauda
887 4550 974 4597 est
1024 4550 1267 4595 extrema
1315 4556 1441 4609 pars
1484 4540 1752 4611 corporis.
1802 4539 1944 4596 Sunt
1973 4563 2016 4618 υ
2048 4547 2269 4601 nicariis
2296 4548 2479 4601 mundi
2514 4549 2695 4616 huius,
2725 4560 2825 4607 aut
2849 4553 3047 4616 auctris,
3078 4563 3172 4607 aut
3202 4558 3505 4624 rapacibus.
3535 4561 3619 4607 aut

360 4644 494 4700 ergo
529 4631 748 4700 proprie
778 4630 1008 4685 caudam
1040 4639 1373 4699 amputatam
1420 4632 1703 4696 habentes,
1737 4632 1831 4702 qui
1874 4647 1939 4686 ea

358 4738 484 4793 quae
525 4732 654 4778 sunt
706 4723 1027 4786 novissima,
1068 4723 1280 4792 abjecta
1327 4739 1390 4777 ac
1443 4724 1589 4787 vilia,
1618 4733 1673 4779 et
1714 4724 1939 4778 minima

358 4814 630 4883 pendunt.
670 4815 764 4883 qui
807 4815 942 4868 nihil
982 4814 1203 4869 sibimet
1241 4815 1294 4867 in
1327 4815 1527 4870 futuris
1564 4815 1777 4871 saeculis
1812 4817 1936 4871 the-

359 4905 661 4961 saurizant.
688 4906 781 4974 qui
828 4906 1024 4960 futuris
1064 4921 1175 4960 non
1216 4907 1524 4975 provident,
1564 4907 1658 4977 qui
1691 4907 1882 4963 dicunt
1916 4924 1932 4963 :

359 4994 736 5050 Manducentus
776 5005 827 5051 et
877 4996 1134 5060 bibamus,
1194 5014 1313 5051 cras
1359 5000 1499 5052 enim
1539 5000 1825 5054 moriemur
1865 4999 1934 5054 ⁸⁸.

357 5085 626 5142 Contritis
658 5087 924 5143 testiculis
950 5096 1057 5153 est,
1088 5088 1180 5158 qui
1216 5089 1475 5159 paulatim
1507 5100 1790 5147 crescente
1817 5107 1936 5146 ma-

354 5177 497 5243 litia,
532 5177 766 5233 conterit
803 5193 957 5233 suam
991 5178 1047 5234 in
1080 5180 1373 5235 virtutibus
1411 5181 1642 5250 prolem,
1672 5190 1729 5236 et
1758 5181 1935 5252 signa,

354 5281 459 5336 per
486 5282 608 5336 qua:
640 5268 722 5323 vir
759 5269 936 5340 possit
979 5270 1222 5340 agnosci.
1253 5270 1355 5335 Qui
1392 5280 1450 5327 et
1486 5282 1634 5328 recte
1676 5273 1937 5343 reproba-

356 5366 467 5422 tur,
516 5358 645 5427 quia
702 5360 1029 5432 sibimetipsi
1079 5361 1135 5415 in
1186 5362 1388 5418 talibus
1433 5365 1661 5428 nocuit,
1715 5365 1783 5420 de
1831 5378 1939 5433 quo

355 5448 492 5505 dixit
529 5451 697 5508 David
732 5472 746 5508 :
780 5455 919 5512 Dum
965 5458 1393 5527 confringantur‘
1417 5458 1594 5510 omnia
1639 5473 1757 5511 ossa
1793 5474 1933 5523 mea,

358 5542 808 5610 exprobrauerunt
829 5564 912 5602 me
933 5550 1023 5619 qui
1057 5547 1313 5602 tribulant
1344 5564 1427 5601 me
1449 5547 1517 5601 ".
1550 5548 1746 5604 Tonsis
1778 5549 1935 5604 testi-

432 5752 481 5783 "
513 5762 650 5817 Psal.
675 5781 821 5825 xux.
850 5767 937 5822 16.

1044 5771 1090 5803 ⁸⁸
1114 5769 1275 5826 Prov.
1304 5788 1381 5833 vt,
1404 5770 1457 5828 6.

364 5828 452 5887 15.
526 5832 548 5863 ²
579 5833 713 5888 ibid.

1561 5772 1608 5805 ’⁷
1633 5772 1650 5827 l
1680 5773 1806 5830 Cor.
1843 5790 1918 5837 vr,
1949 5772 2034 5828 18.

795 5837 814 5866 ⁸
848 5837 966 5893 Act.
1001 5850 1114 5911 vn‘t,
1139 5842 1229 5899 ‘20.
1305 5843 1442 5899 ‘Ps.
1473 5860 1561 5911 XL,
1605 5845 1658 5900 9.
1735 5846 1756 5876 ⁵
1784 5843 1828 5899 ll
1858 5844 1996 5900 Tim.
2026 5861 2062 5915 ι,
2092 5844 2180 5900 13.
2258 5845 2322 5898 ⁸1
2358 5844 2485 5901 Cor.
2516 5862 2571 5915 ν,
2606 5846 2759 5902 9-12.

2049 4640 2205 4693 idolis
2252 4639 2620 4703 servientibus,
2667 4630 2963 4696 debueratis
3008 4645 3146 4698 enim
3189 4662 3255 4699 ea:
3299 4646 3398 4699 hoc
3440 4645 3617 4699 mundo

2049 4731 2232 4784 exisse.
2265 4730 2419 4784 Nunc
2447 4741 2624 4784 autem
2653 4732 2839 4799 scripsi
2873 4732 3015 4786 vobis
3049 4749 3151 4786 non
3184 4733 3529 4787 commisceri.
3567 4730 3617 4785 Si

2048 4822 2092 4875 is
2120 4821 2211 4890 qui
2238 4824 2405 4892 frater
2428 4822 2751 4887 nominatur,
2779 4831 2873 4876 aut
2905 4824 3196 4893 fornicator
3223 4834 3320 4887 est,
3355 4834 3446 4878 aut
3478 4822 3616 4877 idolis

2049 4913 2297 4977 seruiens,
2341 4921 2435 4966 aut
2494 4928 2721 4979 auarus,
2767 4917 3053 4982 detractor,
3090 4924 3183 4969 aut
3229 4916 3490 4980 ebriosus,
3530 4921 3614 4966 aut

2048 5019 2243 5073 rapax,
2275 5020 2396 5058 cum
2430 5004 2733 5073 hujusmodi
2765 5021 2857 5059 uec
2891 5007 3061 5060 cibum
3093 5024 3305 5061 sumere
3330 5012 3371 5062 ⁵.
3412 5007 3615 5061 Fratres

2044 5094 2339 5149 nominans
2387 5094 2517 5161 illic,
2565 5109 2663 5149 eos
2713 5095 2808 5165 qui
2858 5095 3054 5151 altario
3110 5098 3445 5161 ministrant,
3496 5094 3612 5164 quia

2044 5183 2280 5257 maxime
2312 5198 2429 5245 eos.
2461 5184 2555 5254 qui
2598 5185 2864 5241 doctrinae
2901 5188 3077 5243 sortiti
3111 5196 3243 5243 sunt
3281 5188 3610 5259 dignitatem.

2043 5285 2098 5332 et
2140 5276 2342 5347 quibus
2384 5286 2633 5347 praeesse
2665 5278 2884 5348 populis
2924 5280 3194 5335 creditum
3229 5290 3335 5335 est.
3379 5279 3440 5334 lli
3478 5276 3610 5333 enim

2044 5368 2089 5423 si
2123 5369 2255 5438 quid
2289 5368 2396 5425 tale
2440 5369 2754 5430 habuerint,
2788 5371 2968 5426 modis
3007 5372 3262 5427 omnibus
3291 5379 3504 5443 oportet
3532 5384 3610 5424 so-

2042 5459 2301 5514 cietatem
2360 5474 2551 5515 eorum
2603 5462 2846 5515 aversari
2892 5480 2906 5516 :
2957 5464 3087 5533 quia
3141 5480 3309 5535 super
3364 5462 3607 5533 populum

2043 5550 2322 5606 abundare
2346 5552 2646 5607 virtutibus
2672 5552 2729 5607 hi
2749 5553 2840 5622 qui
2865 5565 3125 5625 praesunt,
3146 5572 3374 5612 necesse
3398 5555 3604 5615 habent,

2135 5772 2487 5848 falcem“,
2518 5774 2631 5848 '52.”
2681 5779 2757 5848 4”
2786 5773 2874 5834 Ps.
2921 5795 3030 5848 xu,
3063 5776 3151 5834 11.
3229 5777 3248 5810 ί
3279 5776 3371 5835 Ps.
3404 5792 3529 5845 XLII,
3551 5773 3599 5842 9-.

3158 6021 3191 6039 ﬁ
