3892 6456
278 365 449 436 ⁵1077

1444 383 1528 443 ΙΝ
1565 379 2006 443 LEVITICUM.
2045 405 2113 416 —
2150 379 2299 439 LIB.
2329 378 2432 440 VI.

3464 381 3599 446 1073

294 496 362 543 et
407 489 517 561 ipsi
563 493 797 548 maxime
839 510 962 552 esse
1001 497 1124 552 sine
1170 497 1407 553 macula.
1452 495 1586 552 Nam
1628 497 1904 567 quomodo
1934 502 1977 559 Α
2006 512 2094 568 ges
2128 496 2316 549 matris
2345 505 2450 548 tua:
2475 494 2538 547 “.
2563 494 2795 560 Quando
2830 510 2958 567 ergo
2988 497 3185 569 aliquis
3209 500 3382 570 gratia
3414 498 3597 558 Evan-

295 581 445 636 alias
475 585 775 641 emundare
807 603 836 641 a
872 588 1271 658 pollutionibus
1301 591 1571 661 possunt?
1605 590 1673 645 de
1701 589 1900 660 quibus

296 670 430 728 haec
459 674 734 744 legislator
764 680 1024 750 praecepit
1054 698 1065 734 :
1101 680 1166 735 Et
1197 683 1252 735 in
1286 693 1429 737 terra
1459 694 1631 737 vestra
1661 683 1756 736 hoc
1786 699 1902 735 om-

293 764 437 817 nino
464 782 566 819 non
595 769 834 838 faciatis,
854 781 902 825 et
930 774 994 826 de
1019 790 1180 828 manu
1207 774 1518 846 alienigena!
1545 792 1646 829 uon
1679 775 1902 845 otferetis

292 872 476 924 partes
523 858 749 915 Domino
791 861 898 917 Deo
950 874 1140 930 vestro,
1173 880 1221 920 et
1270 869 1525 938 quidquid
1571 868 1720 922 aliud
1772 870 1903 922 dare

295 949 591 1013 voluerint,
636 954 763 1023 quia
814 968 1068 1024 corrupta
1119 966 1169 1012 et
1216 961 1488 1013 maculata
1535 969 1657 1013 sunt
1699 960 1901 1026 omnia,

292 1057 413 1093 nou
442 1044 740 1114 suscipiatis
766 1063 853 1100 ea.

381 1131 495 1189 Nec
531 1150 635 1189 nos
670 1154 802 1208 ergo
839 1138 895 1192 in
938 1147 1083 1195 terra
1118 1152 1304 1198 nostra
1339 1144 1668 1213 quibusdam
1714 1147 1900 1201 talium

294 1225 652 1282 macularum
681 1230 922 1284 studimn
956 1232 1170 1288 demus.
1198 1234 1297 1289 Est
1326 1244 1507 1290 autem
1540 1247 1679 1291 terra
1714 1249 1902 1294 nostra

295 1318 457 1372 bona
512 1323 883 1390 conversatio,
935 1340 1056 1394 quae
1104 1338 1376 1399 prmcepta
1425 1339 1506 1385 est
1548 1347 1646 1401 per
1689 1332 1903 1388 divinas

292 1410 647 1481 Scripturas,
673 1429 835 1483 quam
860 1433 889 1469 a
916 1416 1026 1471 Deo
1057 1419 1239 1473 colere
1264 1422 1633 1491 percepimus.
1664 1422 1770 1478 Sed
1801 1439 1904 1479 nec

292 1502 652 1575 alienigenae,
689 1508 948 1563 videlicet
977 1509 1069 1578 qui
1103 1511 1301 1564 doctus
1332 1522 1440 1576 est,
1479 1522 1537 1567 et
1564 1514 1809 1583 adjectus
1835 1515 1904 1570 de

293 1594 465 1658 foris,
501 1596 626 1651 talia
671 1598 815 1654 dona
862 1599 973 1655 Deo
1015 1599 1270 1655 offerenti
1313 1602 1476 1658 medii
1521 1606 1695 1659 simus
1730 1624 1742 1659 :
1776 1607 1903 1676 quia

296 1689 592 1758 corruptio
622 1688 681 1742 in
709 1690 789 1744 eis
821 1700 925 1756 est,
954 1706 1058 1747 nos
1084 1701 1273 1747 autem
1300 1693 1412 1748 Deo
1442 1695 1762 1767 incorrupto
1787 1712 1904 1752 ser-

293 1778 491 1833 \imus
540 1798 555 1834 :
598 1783 871 1837 maculam
928 1783 1154 1849 habent,
1198 1799 1303 1840 nos
1344 1795 1528 1842 autem
1568 1787 1622 1842 in
1666 1788 1900 1844 Ecclesia

295 1871 701 1940 ministramus,
725 1877 815 1930 cui
844 1875 1048 1932 dictum
1078 1886 1163 1931 est
1192 1893 1222 1930 a
1247 1893 1483 1948 sponso:
1509 1879 1636 1933 Tota
1672 1880 1892 1948 pulchra

293 1978 378 2025 es,
412 1966 656 2030 proxima
694 1984 834 2031 mea,
866 1977 914 2022 et
948 1969 1161 2023 macula
1194 1981 1398 2025 nonest
1432 1974 1488 2025 in
1522 1983 1571 2043 te
1600 1974 1640 2026 ⁷.
1684 1973 1758 2027 De
1786 1990 1893 2042 qua

293 2054 510 2113 Paulus
547 2058 764 2115 dicebat
801 2081 815 2115 :
851 2063 913 2118 Ut
947 2063 1204 2117 exhiberet
1250 2065 1350 2118 sibi
1379 2065 1666 2135 gloriosam
1710 2065 1893 2122 Eccle-

290 2149 440 2201 siam
466 2166 567 2203 non
591 2151 867 2207 habentem
894 2154 1183 2220 maculam,
1214 2166 1309 2209 aut
1335 2173 1542 2228 rugam,
1567 2166 1661 2211 aut
1686 2158 1893 2229 aliquid

293 2240 605 2311 lmjusmodi
629 2242 673 2296 ⁸.
717 2242 945 2314 Propter
972 2247 1121 2317 quod
1149 2249 1289 2304 nihil
1317 2251 1587 2305 maculam
1621 2252 1835 2321 habens
1861 2267 1891 2307 a

295 2333 462 2387 nobis
504 2335 615 2389 Deo
645 2336 935 2393 offeretur.

371 2428 537 2482 Vens.
556 2430 739 2486 26-28.
771 2452 788 2483 ι
813 2432 1163 2505 Locutusque
1182 2444 1268 2491 est
1292 2436 1553 2491 Dominus
1572 2436 1640 2491 ad
1665 2435 1886 2508 Moysen

289 2518 490 2574 dicens
522 2538 536 2575 :
572 2520 698 2586 Bos,
744 2524 884 2588 ovis,
931 2535 988 2579 et
1032 2540 1217 2594 capra,
1258 2540 1382 2578 cum
1426 2527 1613 2596 genita
1663 2528 1887 2594 fuerint,

291 2621 512 2680 septem
560 2613 756 2668 diebus
798 2629 961 2671 erunt
1014 2617 1119 2672 sub
1160 2618 1329 2672 ubere
1376 2619 1569 2674 matris
1617 2635 1753 2675 sum.
1793 2620 1892 2677 Die

290 2712 487 2759 autem
515 2716 726 2773 octavo,
746 2718 802 2763 et
825 2709 1111 2781 deinceps,
1135 2711 1322 2789 offerri
1353 2723 1612 2781 poterunt
1638 2714 1888 2780 Domine,

288 2793 419 2849 sive
448 2795 541 2850 ille
570 2797 690 2860 bos,
724 2798 841 2853 sive
876 2800 965 2853 illa
999 2801 1138 2867 ovis,
1167 2817 1276 2856 non
1307 2802 1739 2861 immolabuutur
1783 2824 1892 2862 una

290 2885 391 2940 die
423 2902 549 2941 cum
580 2888 785 2944 fetibus
814 2891 953 2945 suis.
990 2910 1010 2943 ι

373 2977 550 3033 Mater
573 2981 755 3037 omnis
781 2982 1036 3039 animalis
1070 2986 1258 3057 utique
1289 3000 1484 3043 natura
1522 2998 1624 3051 est.
1657 2991 1760 3045 sub
1791 2993 1891 3047 hac

289 3086 468 3126 omne
516 3088 690 3144 genus
740 3075 1047 3145 hominum,
1100 3089 1451 3149 peccatorum
1492 3093 1547 3136 et
1594 3083 1891 3152 justorum,

290 3169 519 3233 septem
553 3164 748 3222 diebus
774 3177 882 3233 est,
913 3166 989 3226 ab
1011 3181 1200 3226 octava
1236 3183 1420 3228 autem
1451 3172 1560 3243 iam
1597 3190 1729 3229 non.
1757 3175 1892 3230 Nam

289 3254 405 3308 etsi
437 3267 693 3327 operator
716 3262 842 3330 quis
871 3262 945 3318 sit
973 3265 1378 3332 mandatorum,
1403 3266 1491 3341 vel
1521 3266 1774 3337 simplex,
1807 3269 1897 3323 vel

290 3355 581 3416 peccator,
626 3359 722 3406 aut
759 3367 830 3407 ex
875 3364 1186 3423 peccatore,
1220 3365 1433 3425 septem
1474 3356 1686 3423 diebus,
1722 3358 1776 3414 id
1812 3368 1898 3414 est

290 3453 469 3494 omne
523 3456 770 3510 praesens
822 3446 1127 3513 saeculum,
1179 3456 1400 3518 oportet
1444 3464 1571 3503 eum
1621 3451 1899 3507 sustinere

290 3546 648 3604 quaecunque
703 3545 902 3593 natura
953 3540 1265 3607 desiderat,
1317 3544 1783 3613 quemadmodum
1840 3553 1897 3599 et

291 3625 371 3679 de
402 3624 682 3683 Salvatore
716 3629 900 3687 dicere
932 3635 1284 3705 praesumpsit
1315 3636 1536 3698 Paulus.
1568 3638 1892 3707 ostendens,

290 3718 432 3787 quia
474 3735 542 3776 ex
596 3733 786 3778 nostra
835 3734 1032 3782 natura
1081 3729 1384 3784 secundum
1439 3746 1661 3786 carnem
1718 3731 1896 3788 factus

290 3812 509 3881 absque
552 3821 802 3883 peccato,
836 3819 1022 3873 omnia
1057 3836 1254 3890 passus
1296 3831 1382 3878 est
1425 3839 1547 3893 quae
1586 3833 1746 3880 erant
1796 3842 1896 3880 ua-

295 3905 650 3972 turaz’.Quia
707 3917 891 3964 autem
955 3912 1109 3981 pueri
1163 3915 1714 3972 communicaverunt
1767 3934 1896 3972 san-

293 3995 468 4062 guine
497 4005 554 4051 et
582 4012 770 4064 carne,
803 4000 1060 4058 similiter
1083 4012 1141 4058 et
1170 4003 1262 4060 ille
1290 4006 1644 4077 participavit
1673 4009 1891 4065 iisdem.

294 4086 410 4140 Sed
439 4089 662 4156 quando
699 4092 866 4147 vitam
901 4104 1231 4163 przesentem
1271 4098 1481 4168 egressi
1519 4098 1809 4167 fuerimus,
1840 4113 1897 4158 et

294 4177 353 4232 in
406 4179 495 4235 die
543 4183 688 4237 bona
737 4195 1080 4243 mortuorum
1132 4192 1557 4249 resurrectionis
1603 4196 1893 4252 constituti

295 4271 592 4343 fuerimus,
625 4291 690 4331 ex
728 4287 877 4344 tunc,
907 4288 964 4333 et
995 4280 1276 4352 deinceps,
1313 4298 1479 4340 omne
1511 4285 1773 4340 saeculum
1810 4287 1896 4341 fu-

296 4374 487 4419 turum
523 4382 634 4420 non
660 4368 772 4437 jam
800 4371 902 4425 sub
941 4378 1133 4440 matre,
1166 4389 1288 4442 quae
1324 4375 1468 4431 dicta
1495 4386 1600 4440 est,
1636 4377 1845 4433 erimus
1878 4396 1892 4433 :

292 4473 484 4527 neque
529 4460 678 4514 enim
724 4461 816 4517 hic
859 4465 1205 4521 naturalibus
1247 4469 1670 4525 necessitatibus
1708 4470 1893 4536 subju—

2003 588 2126 657 gelii
2153 595 2448 660 generatus
2481 587 2667 655 fuerit,
2710 592 3010 644 secundum
3050 592 3194 662 quod
3226 592 3302 647 ait
3350 593 3551 648 Paulus
3586 613 3600 653 :

2002 680 2067 734 In
2100 680 2308 736 Christo
2333 682 2475 735 enim
2489 680 2613 736 Iesu
2647 697 2741 752 per
2769 682 3117 753 Evangelium
3134 701 3226 753 ego
3249 701 3336 738 uos
3356 685 3512 755 genui
3531 686 3598 749 ¹²,

2004 771 2108 825 sub
2169 768 2498 842 intelligibili
2538 780 2714 825 matre
2748 771 3013 833 Ecclesia,
3040 771 3126 826 vel
3162 771 3335 842 gratia
3386 779 3599 840 septem

2004 865 2141 929 dies,
2206 871 2378 919 totam
2433 862 2691 917 videlicet
2744 872 3073 933 praesentem
3128 863 3318 925 vitam,
3358 877 3483 933 quae
3541 862 3597 916 in

2003 965 2213 1026 septem
2236 954 2352 1011 dies
2374 956 2628 1016 volvitur,
2652 954 2757 1011 erit
2785 954 2994 1026 legibus
3007 956 3126 1025 ejus
3143 964 3199 1010 et
3216 955 3597 1010 sanctionibus

2002 1048 2287 1105 obediens.
2318 1047 2409 1104 Sic
2454 1048 2605 1104 enim
2648 1058 2840 1105 octava
2874 1049 2985 1112 die,
3012 1049 3068 1102 in
3112 1056 3360 1118 tempore
3406 1064 3593 1103 resur-

2010 1141 2311 1203 rectionis,
2360 1141 2567 1195 donum
2620 1142 2728 1197 erit
2773 1150 2830 1196 et
2880 1141 3058 1196 hostia
3119 1139 3352 1196 Domino
3402 1156 3418 1194 :
3468 1139 3595 1210 quia

2005 1232 2315 1301 hujusmodi
2355 1248 2465 1286 non
2497 1233 2673 1287 solum
2703 1233 2933 1299 animas,
2970 1232 3066 1289 sed
3093 1241 3149 1289 et
3167 1247 3399 1304 corpora
3427 1231 3595 1287 sacri-

2006 1323 2187 1377 ficium
2258 1329 2511 1377 sanctum
2556 1322 2925 1393 placitumque
2961 1324 3221 1395 suscepit.
3276 1322 3360 1378 Tu
3405 1329 3589 1377 autem

2004 1423 2227 1484 propter
2248 1414 2353 1469 hoc
2385 1413 2528 1484 quod
2568 1415 2818 1483 sequitur
2839 1415 2989 1471 disce
3013 1432 3028 1468 :
3052 1414 3172 1470 Sive
3211 1415 3304 1469 ille
3333 1414 3456 1486 bos,
3487 1414 3595 1468 sive

2002 1506 2098 1559 illa
2131 1507 2264 1571 ovis,
2291 1523 2392 1560 non
2420 1506 2835 1560 immolabantur
2858 1523 2965 1561 una
2992 1507 3076 1561 die
3098 1523 3216 1560 cum
3249 1507 3437 1577 fetibus
3460 1506 3590 1560 suis.

2075 1595 2176 1653 llic
2205 1595 2523 1651 nominibus
2554 1596 2688 1668 ipsis
2718 1596 2863 1652 aliud
2910 1612 3104 1652 rursus
3150 1596 3413 1653 ostendit.
3473 1595 3594 1650 Non

2003 1698 2220 1757 oportet
2265 1688 2416 1743 enim
2466 1705 2585 1755 eos,
2640 1689 2736 1760 qui
2774 1688 2986 1745 Pascha
3027 1690 3404 1760 evangelicum
3449 1689 3596 1743 cele-

2004 1782 2185 1845 brant,
2220 1781 2372 1850 quod
2419 1782 2578 1836 nobis
2608 1780 2848 1837 Ecclesia
2890 1781 3132 1847 tradidit,
3182 1780 3351 1852 legale
3391 1778 3597 1834 Pascha

1933 1864 1974 1917 Β
2002 1888 2283 1945 peragere,
2312 1875 2457 1944 quod
2483 1875 2679 1931 bovem
2716 1883 2773 1931 et
2793 1890 2951 1931 ovem
2976 1874 3253 1947 legislator
3291 1875 3482 1929 dicens
3521 1873 3595 1928 si-

1994 1967 2216 2038 gniﬁcat
2241 1985 2256 2021 :
2285 1967 2412 2037 quia
2442 1969 2562 2024 haec
2588 1968 2851 2040 przecepit
2884 1968 3096 2040 Moyses
3125 1968 3182 2022 in
3216 1967 3305 2022 die
3342 1967 3593 2032 Paschae,

1994 2060 2139 2130 quod
2166 2059 2427 2115 traditum
2471 2069 2558 2115 est
2603 2059 2811 2119 Judaeis
2857 2061 3164 2126 immolare,
3194 2060 3270 2115 ait
3305 2059 3491 2114 enim:
3526 2057 3595 2113 Et

1994 2151 2296 2206 immolabis
2323 2150 2533 2206 Pascha
2564 2150 2793 2206 Domino
2820 2151 2931 2206 Deo
2970 2165 3080 2218 tuo,
3110 2167 3226 2204 oves
3261 2160 3307 2203 et
3335 2150 3484 2203 boves
3510 2148 3591 2201 “:

1994 2243 2139 2297 sicut
2190 2242 2601 2297 Deuteronomii
2656 2243 2793 2298 liber
2853 2243 3148 2298 ostendere
3173 2249 3374 2311 potest.
3426 2241 3596 2296 Fetus

1992 2342 2179 2389 autem
2230 2334 2449 2398 horum,
2489 2333 2713 2390 Paschze
2756 2335 2944 2405 hujus,
3007 2334 3122 2389 sive
3161 2332 3372 2388 Veteris
3400 2332 3595 2389 Testa-

1994 2428 2185 2491 menti,
2219 2436 2275 2487 et
2319 2428 2440 2499 ejus
2463 2444 2586 2499 quze
2634 2429 2688 2483 in
2722 2428 2908 2501 ﬁguris
2955 2440 3043 2485 est
3064 2428 3374 2484 traditionis
3404 2446 3418 2483 :
3454 2430 3592 2485 dixit

1993 2520 2141 2575 enim
2175 2519 2321 2576 fetus
2345 2520 2485 2591 ejus,
2515 2521 2856 2576 [lontinicum
2906 2520 3073 2592 igitur
3102 2520 3335 2581 Pascha,
3367 2531 3594 2593 propter

1994 2613 2293 2668 novitatem
2312 2613 2595 2683 temporis,
2626 2622 2681 2668 et
2708 2615 2834 2683 quia
2865 2614 2931 2668 ad
2970 2613 3444 2668 confirmationem
3489 2630 3591 2669 ve-

1998 2704 2172 2760 ritatis
2209 2705 2436 2775 ﬁguram
2486 2706 2822 2775 praecedens,
2874 2705 3046 2759 multo
3101 2721 3224 2760 eum
3278 2704 3592 2776 significans

1997 2806 2245 2866 tempore
2289 2797 2749 2867 quemadmodum
2800 2797 3134 2866 parturiens,
3186 2806 3335 2852 recte
3397 2810 3592 2867 parere

1995 2889 2216 2944 dicitur.
2239 2888 2359 2944 Non
2388 2904 2520 2959 ergo
2559 2899 2818 2958 oportere
2846 2904 2948 2942 nos
2985 2889 3253 2943 habentes
3299 2868 3355 2942 in
3411 2889 3592 2943 maui-

1995 2980 2121 3046 bus,
2152 2989 2208 3036 et
2234 2989 2683 3038 consummantcs
2714 2997 2901 3035 verum
2944 2981 3285 3052 mysterium,
3322 2981 3475 3051 sequi
3525 2983 3591 3034 ti-

1998 3090 2185 3144 guras,
2210 3090 2334 3144 quae
2355 3073 2611 3144 praedicta
2642 3082 2771 3128 sunt
2802 3076 3217 3130 demonstrant:
3243 3090 3421 3143 neque
3443 3074 3589 3128 enim

1997 3171 2083 3220 est
2106 3164 2357 3234 ejusdem
2388 3166 2653 3233 temporis
2686 3182 2700 3219 :
2734 3166 2828 3221 sed
2856 3167 3002 3221 aliud
3045 3166 3265 3237 quidem
3317 3165 3592 3236 pertinere

1997 3256 2066 3311 ad
2098 3255 2351 3327 ﬁguram,
2387 3256 2533 3312 aliud
2566 3267 2748 3313 autem
2782 3259 2847 3313 ad
2886 3260 3198 3323 veritatem,
3230 3256 3323 3327 qui
3360 3265 3592 3326 utraque

1997 3347 2228 3403 sancivit
2247 3351 2527 3420 przecepit.
2560 3349 2790 3420 Propter
2815 3351 2958 3420 quod
2990 3361 3045 3405 ct
3072 3350 3325 3407 Christus
3354 3351 3589 3421 primum

1996 3438 2298 3494 celebravit
2360 3439 2656 3510 figurarum
2688 3439 2896 3496 Pascha
2931 3459 2944 3495 :
2972 3450 3096 3512 post
3142 3457 3358 3497 umnam
3382 3454 3589 3502 autem,

1999 3530 2396 3600 intelligibilem
2429 3533 2612 3599 tradit,
2641 3542 2697 3588 et
2718 3543 3047 3605 angustante
3077 3550 3197 3589 eam
3223 3544 3470 3605 tempore
3492 3549 3593 3605 pro

1997 3623 2086 3679 die
2129 3623 2320 3678 horam
2374 3625 2705 3691 immutavit,
2729 3627 2815 3681 vel
2853 3627 3027 3698 magis
3079 3627 3245 3681 etiam
3296 3627 3464 3697 diem,
3510 3626 3590 3681 sic

1997 3715 2143 3769 enim
2168 3716 2239 3771 ad
2279 3732 2587 3787 vesperam,
2615 3729 2825 3789 quartae
2869 3719 3096 3775 decimae
3125 3719 3254 3784 diei,
3282 3733 3440 3773 creua
3485 3717 3585 3772 lu-

1997 3808 2167 3863 daica:
2196 3809 2467 3878 paschalis
2498 3811 2809 3866 festivitatis
2837 3812 3151 3867 celebratur
3176 3829 3188 3865 :
3218 3817 3341 3881 post
3369 3810 3474 3865 hoc
3493 3825 3585 3863 au-

2001 3904 2107 3950 tcm
2149 3894 2399 3949 Christus
2430 3897 2701 3965 propriam
2741 3897 2961 3951 tradidit
2988 3912 3198 3952 C(euam
3239 3903 3410 3965 :post
3458 3909 3584 3949 ves-

1997 3997 2187 4051 peram
2220 3999 2350 4055 ergo
2375 3992 2584 4054 quartae
2610 3984 2835 4039 decima:
2862 3985 2968 4039 dici
2999 3984 3241 4039 tradidit.
3278 3984 3436 4050 Quod
3484 3997 3586 4035 au-

1999 4085 2106 4130 tem
2135 4086 2259 4147 post
2288 4092 2577 4148 vesperum
2593 4086 2677 4133 est
2711 4087 2945 4149 tempus,
2968 4078 3194 4133 alterius
3227 4078 3335 4134 dici
3372 4078 3585 4134 initium

1997 4167 2317 4222 omnimodo
2345 4176 2472 4223 est:
2510 4168 2799 4239 oportebat
2837 4169 2983 4223 enim
3020 4170 3125 4224 hoc
3153 4170 3269 4224 lieri
3302 4169 3370 4223 ad
3410 4182 3590 4225 osten-

1997 4258 2206 4313 sionem
2258 4259 2516 4329 temporis
2547 4259 2674 4330 quia
2722 4261 2942 4330 quando
2986 4260 3156 4316 Vetus
3186 4261 3348 4316 tinem
3399 4263 3586 4328 sumit,

1998 4358 2131 4402 tunc
2152 4346 2366 4403 Novum
2390 4349 2605 4418 incipit.
2637 4348 2905 4404 Antforte
2935 4349 3080 4405 fetus
3115 4349 3236 4404 illos
3265 4349 3347 4404 lex
3380 4334 3587 4421 signifié

1997 4446 2105 4501 cat,
2135 4439 2203 4493 de
2226 4439 2429 4508 quibus
2451 4438 2615 4493 Isaias
2640 4439 2856 4495 dicebat
2886 4456 2900 4494 :
2938 4440 3077 4494 Puer
3114 4450 3271 4495 natus
3305 4452 3381 4495 est
3421 4441 3587 4523 nobis,

292 4548 570 4606 cvhimus.
598 4550 797 4609 Octava
819 4566 996 4610 autent
1017 4557 1104 4612 die
1127 4559 1303 4629 oﬁerri
1324 4563 1535 4630 poterit.
1561 4561 1717 4628 Quod
1748 4531 1891 4618 ωὶχ
1929 4544 1969 4598 D
1998 4531 2142 4599 ﬁlius
2166 4533 2323 4586 dum"
2352 4542 2426 4630 Ὗ
2451 4533 2599 4586 nabis
2627 4532 2693 4587 η’
2721 4533 3088 4630 I_'_‘_Chrisw_m
3112 4536 3260 4630 enim
3295 4535 3413 4589 ham
3467 4551 3588 4605 quin

293 4642 386 4696 sic
410 4643 584 4700 edunt
613 4663 626 4698 :
662 4645 813 4700 Dona
848 4657 1026 4703 autem
1060 4650 1261 4706 hostias
1295 4653 1544 4717 Domino,
1581 4656 1632 4711 id
1661 4665 1745 4713 est
1773 4673 1898 4728 per-

296 4737 445 4792 fecta
479 4746 534 4792 et
574 4739 808 4807 integra.
847 4740 901 4795 hi
940 4741 1034 4811 qui
1074 4742 1129 4796 in
1165 4744 1266 4799 hac
1298 4744 1411 4803 vita
1446 4754 1904 4818 praeparaverunt

292 4829 637 4886 oblationem
677 4848 852 4887 suam.
888 4833 1184 4890 Sciendum
1224 4844 1311 4891 est
1340 4846 1549 4901 autem,
1581 4840 1729 4910 quod
1754 4856 1894 4910 quo-

292 4922 451 4976 niam
511 4924 791 4978 mutabilis
845 4934 930 4981 est
993 4935 1184 4982 nostra
1244 4928 1391 4994 vita,
1452 4930 1897 5001 mutationesque

294 5012 504 5085 multas
561 5021 616 5067 et
661 5014 976 5070 voluntates
1026 5017 1279 5088 suscipit,
1321 5028 1516 5074 octava
1560 5020 1649 5075 die
1690 5021 1896 5076 oblatio

293 5113 551 5173 accepta,
583 5106 638 5159 in
668 5109 868 5163 saeculo
898 5108 1109 5164 scilicet
1141 5109 1330 5166 futuro
1362 5113 1454 5177 sit,
1490 5122 1716 5183 propter
1747 5114 1892 5183 quod

293 5198 441 5253 dixit
484 5195 739 5253 Salomon
773 5218 788 5254 :
827 5199 960 5255 Ante
994 5212 1216 5257 mortem
1248 5220 1312 5258 ne
1351 5204 1535 5259 laudes
1577 5221 1893 5276 quemquam

293 5285 571 5338 hominum
594 5287 659 5341 ³ο.
686 5286 823 5342 Cum
844 5298 1031 5345 autem
1057 5291 1175 5346 haec
1195 5291 1269 5348 ita
1291 5308 1351 5348 se
1376 5293 1636 5357 habeant,
1662 5303 1893 5350 matrem

297 5393 498 5432 rursus
524 5376 825 5434 Ecelesiam
869 5390 924 5435 et
952 5383 1209 5452 gratiam,
1259 5400 1382 5455 quae
1405 5386 1460 5440 in
1491 5401 1557 5441 ea
1588 5395 1695 5450 est,
1730 5387 1893 5442 intel—

296 5471 557 5540 ligamus,
617 5472 686 5527 de
747 5461 1165 5542 qua'Salomon
1228 5477 1285 5531 in
1347 5477 1658 5533 Proverbiis
1712 5480 1888 5534 dicit:

293 5559 466 5627 Audi,
498 5560 598 5629 ﬁli,
624 5561 962 5632 disciplinam
1003 5566 1172 5634 patris
1219 5566 1318 5633 tui,
1350 5578 1399 5621 et
1439 5583 1503 5622 ne
1533 5568 1795 5622 dimiseris
1820 5568 1892 5622 Ie-

406 5764 429 5794 "
454 5763 615 5819 Cant.
648 5783 722 5820 ιν.
751 5768 803 5821 7.

298 5832 344 5864 ”
369 5833 533 5891 Deut.
569 5854 678 5901 xw,
709 5839 770 5893 ‘2.

917 5765 937 5796 "
970 5766 1171 5838 Ephes.
1199 5787 1250 5834 γ,
1279 5771 1367 5826 27.

847 5838 887 5869 ”
918 5838 1020 5893 lsa.
1054 5856 1125 5905 is,
1163 5842 1215 5896 6.

1471 5773 1490 5803 ⁹
1523 5772 1693 5828 ιιςιπ.
1737 5792 1810 5840 tv,
1846 5776 1929 5831 lii.

2002 4634 2305 4694 sequuntur
2344 4625 2488 4681 dicta
2539 4636 2688 4681 sunt.
2732 4625 2827 4682 llic
2853 4642 2986 4696 ergo
3016 4626 3179 4694 fetus,
3218 4628 3331 4684 sive
3385 4643 3588 4683 secuti--

2000 4717 2129 4771 dum
2159 4716 2323 4781 LXX,
2355 4718 2630 4774 filiusuon
2683 4721 2872 4775 eadem
2907 4721 2996 4774 die
3044 4719 3099 4773 in
3129 4735 3235 4790 qua
3287 4720 3489 4775 vitulus
3535 4731 3588 4775 et

1999 4808 2117 4862 ovis
2145 4807 2387 4863 Judaicze
2417 4809 2727 4864 festivitatis
2744 4810 3116 4864 occidebatur.
3144 4809 3347 4875 Quarta
3373 4811 3584 4864 decima

2000 4899 2145 4954 enim
2187 4898 2275 4953 die
2312 4897 2521 4955 Pascha
2576 4902 2937 4969 celebrantes,
2969 4902 3021 4954 in
3050 4902 3349 4957 crastinum
3400 4901 3586 4957 lesum

2000 4990 2412 5046 cruciﬁxeruut.

2071 5103 2236 5160 Vens.
2268 5106 2461 5162 29-5-2.
2494 5125 2511 5157 ι
2538 5104 2596 5159 Si
2627 5104 3043 5161 immolaveritis
3066 5107 3304 5161 hostiam
3334 5121 3433 5177 pro
3462 5122 3589 5178 gra-

2000 5197 2201 5252 tiarum
2230 5197 2446 5254 actione
2475 5198 2705 5253 Domino
2735 5207 2795 5253 ut
2816 5200 2990 5269 possit
3016 5215 3141 5255 esse
3168 5199 3471 5270 placabilis,
3494 5215 3590 5256 eo-

1999 5294 2125 5348 dem
2148 5294 2236 5351 die
2271 5294 2558 5350 comeditis
2595 5310 2738 5358 eam,
2768 5310 2876 5349 non
2931 5295 3240 5350 remanebit
3292 5294 3587 5365 quidquam

2002 5388 2056 5441 in
2087 5402 2248 5442 mane
2275 5388 2502 5443 alterius
2527 5387 2657 5444 diei.
2686 5387 2800 5459 Ego
2829 5389 3112 5443 Dominus.
3135 5387 3418 5444 Custodite
3441 5403 3593 5443 utan-

2000 5477 2125 5531 data
2178 5492 2321 5539 mea,
2347 5486 2403 5532 et
2440 5476 2605 5532 facite.
2626 5492 2711 5532 ea.
2733 5475 2847 5547 Ego
2882 5476 3167 5531 Dominus.
3206 5474 3286 5530 Ne
3329 5475 3589 5545 polluatis

2002 5585 2203 5624 nomen
2231 5578 2482 5625 sanctum
2512 5584 2699 5624 meum
2730 5578 2789 5623 ut
2815 5566 3127 5624 sanctiﬁccr
3158 5569 3214 5624 in
3238 5567 3420 5623 medio
3451 5566 3589 5622 tilio-

2046 5775 2085 5806 ¹⁰
2112 5774 2262 5831 Eccl.
2290 5790 2347 5845 ιι,
2374 5775 2462 5831 50.
2578 5776 2618 5807 “
2650 5777 2811 5833 Prov.
2838 5791 2877 5843 ι,
2912 5775 2964 5833 8.
3080 5775 3123 5807 ¹¹
3177 5777 3192 5831 l
3224 5775 3349 5832 Cor.
3380 5794 3455 5847 tv,
3498 5777 3587 5835 iii.
