3892 6454
290 280 295 286 ’
377 325 512 389 1079

1564 324 1927 385 HESYCHII
1975 326 2447 391 PRESBYTERI

3515 334 3634 401 1080

372 435 819 508 rumisraeLEgo
839 434 1103 489 Dominus
1124 433 1963 505 quisanetilicovoseteduxide
1995 445 2201 500 Ausus
2257 448 2363 503 est,
2412 438 2717 515 planiorem
2788 441 2909 511 ejus
2972 440 3217 498 ellicicns
3284 443 3643 504 intellectum.

372 540 450 584 ter
464 544 519 582 ra
535 527 754 600 Egypti
770 538 828 584 ut
842 543 1019 584 essem
1036 527 1191 583 vobis
1217 526 1273 580 in
1302 526 1492 583 Deum.
1507 526 1620 596 Ego
1637 525 1917 583 Dominus.
1932 545 1952 578 ›

445 618 601 672 Sicut
631 618 1060 673 satisfactionem
1080 632 1189 671 non
1219 616 1388 670 habet
1440 616 1485 669 si
1515 616 1958 686 quisinchoante

371 708 525 763 Novo
548 707 926 775 Testamento,
955 710 1235 765 veteribus
1287 709 1514 771 serviat,
1532 719 1597 778 et
1635 710 1959 781 evangelica

373 800 771 872 prtedicatione
833 814 1088 857 currente
1142 791 1445 856 secundum
1487 800 1726 856 litteram
1773 801 1955 868 vivat;

371 894 572 963 injuria
593 904 677 949 est
701 896 848 950 enim
884 895 1024 965 ejus,
1054 894 1143 965 qui
1174 903 1404 964 utraque
1432 893 1642 962 sanxitf,
1680 909 1794 949 non
1816 902 1959 948 tem-

371 986 600 1054 poribus
626 987 695 1040 ab
735 1002 800 1040 eo
830 986 1104 1041 distinctis
1128 986 1470 1049 obediamus,
1536 986 1616 1039 sic
1673 986 1795 1041 sine
1849 986 1960 1041 ulla

372 1078 531 1131 venia
566 1085 652 1132 est
682 1085 875 1148 putare
899 1077 1234 1147 quempiam,
1266 1076 1352 1130 vel
1407 1076 1637 1130 omnino
1692 1077 1958 1147 cogitare,

372 1168 499 1238 quia
542 1169 599 1223 in
628 1167 815 1223 futuro
842 1177 1089 1238 tempore
1134 1170 1476 1239 Operandum
1506 1169 1716 1238 aliquid
1741 1185 1958 1234 eorum,

373 1275 494 1329 qua:
515 1276 664 1314 nunc
684 1261 844 1319 nobis
875 1262 942 1316 ad
973 1261 1312 1332 operandum
1350 1270 1625 1331 praecepta
1664 1270 1961 1325 sunt,con-

371 1358 644 1406 servatur.
678 1349 738 1405 Si
770 1368 892 1421 ergo
919 1351 1276 1405 immolaveris
1298 1351 1525 1403 hostiam
1542 1350 1637 1421 pro
1658 1351 1961 1421 gratiarum

367 1443 579 1498 actione
619 1443 866 1503 Domino.
925 1443 1312 1515 Evangelicam
1374 1444 1426 1498 ei
1480 1443 1961 1499 conservationem

367 1537 724 1608 promittens,
749 1538 865 1592 haec
889 1547 974 1607 est
999 1538 1145 1593 enim
1174 1537 1474 1608 gratiarum
1504 1537 1739 1591 actionis
1779 1537 1960 1592 hostia

369 1630 628 1695 Domino,
668 1629 795 1699 quia
828 1645 1171 1705 «juzecunque
1198 1630 1266 1685 ad
1313 1629 1533 1684 laudem
1582 1629 1701 1699 ejus
1727 1637 1783 1683 et
1840 1628 1962 1700 glo-

368 1719 508 1774 riam
529 1722 833 1791 pertinent,
863 1721 1098 1792 peragit.
1135 1719 1297 1787 Quod
1325 1720 1667 1776 demonstrat
1695 1721 1961 1776 Dominus

2067 528 2287 602 A‘ngpti
2346 532 2494 589 enim
2548 531 2756 586 exitum
2811 548 2925 587 non
2956 532 3168 599 frustra
3203 546 3548 591 memoratus
3592 550 3640 597 et

2065 621 2199 676 illud
2221 623 2627 690 demonstrans,
2650 625 2777 695 quia
2812 626 3282 696 quemadmodum
3312 627 3407 697 qui
3452 633 3639 700 egressi

2066 725 2196 770 sunt
2229 716 2298 772 de
2350 716 2609 789 Egypto.
2639 735 2750 773 non
2781 718 2894 789 jam
2945 734 3010 774 ea
3050 735 3172 789 quae
3220 718 3468 791 Egyptii
3526 739 3641 793 age-

2065 808 2216 872 bant,
2250 810 2327 864 sic
2349 819 2404 864 et
2432 811 2654 881 quando
2681 828 2783 866 nos
2812 812 2954 868 Deus
2988 813 3138 883 ejicit
3156 815 3225 870 de
3252 817 3638 884 pmscntivita,

2065 921 2175 959 non
2194 907 2305 975 jam
2335 922 2498 977 agere
2527 923 2590 962 ea
2615 924 2737 978 qua:
2800 909 2852 965 in
2885 925 2949 964 ea
3001 921 3132 965 sunt
3186 925 3511 980 possumus.
3560 912 3644 969 Est

2065 997 2211 1051 enim
2242 997 2510 1069 {Egyptus
2539 998 2922 1071 intelligibilis,
2956 1016 3202 1071 praesens
3236 1002 3498 1066 mundus,
3529 1006 3641 1075 quia

2065 1086 2333 1159 [Egyptus
2362 1090 2783 1145 contenebratio
2818 1092 3239 1161 interpretatur.
3277 1091 3642 1151 Tenebrisau-

2068 1188 2200 1246 tem,
2232 1191 2287 1236 et
2318 1184 2621 1237 secundum
2656 1184 2800 1253 quod
2821 1183 3058 1237 diximus
3097 1182 3327 1248 nebula,
3391 1183 3472 1237 vel
3527 1187 3644 1247 cali-

2067 1271 2216 1342 gine,
2241 1274 2534 1342 praesentia
2566 1282 2695 1328 sunt
2729 1274 2956 1345 repleta,
2990 1274 3044 1328 in
3078 1283 3298 1328 tantum
3333 1283 3396 1327 ut
3424 1273 3647 1334 Joannes

2066 1363 2135 1418 de
2174 1362 2406 1419 Domino
2446 1364 2655 1420 diceret
2688 1382 2701 1418 :
2739 1365 2855 1419 Lux
2884 1367 2941 1420 in
2971 1367 3195 1421 tenebris
3234 1367 3400 1434 lucet,
3437 1378 3486 1422 et
3516 1379 3646 1423 tene«

2070 1455 2176 1509 bra:
2206 1472 2321 1509 eam
2364 1472 2466 1509 non
2502 1457 3009 1525 comprehenderunt
3030 1457 3094 1510 ”.
3128 1455 3370 1528 Propter
3404 1458 3545 1527 quod
3560 1474 3647 1515 nos

2067 1547 2333 1603 Dominus
2357 1547 2502 1603 Deus
2528 1549 2785 1603 videlicet
2828 1565 2894 1603 ex
2919 1548 3248 1620 intelligibili
3286 1548 3522 1620 Egypto
3558 1550 3647 1608 bac

2067 1639 2272 1703 educit,
2295 1648 2354 1693 ut
2390 1641 2463 1693 sit
2492 1649 2684 1694 noster
2719 1638 2883 1703 Deus,
2927 1656 3039 1694 non
3086 1639 3216 1709 quia
3256 1656 3537 1705 nuncnon
3553 1652 3646 1707 εει,

2068 1730 2161 1785 sed
2194 1730 2322 1800 quia
2342 1747 2451 1786 non
2478 1747 2672 1786 omnes
2704 1748 2828 1785 eum
2851 1732 3203 1795 confitemur,
3244 1748 3430 1802 neque
3458 1748 3647 1803 cogno-

369 1812 655 1882 apostolis,
690 1812 882 1868 dicens
908 1813 1143 1867 :Luceat
1194 1812 1288 1867 lum
1319 1822 1493 1866 vestra
1530 1829 1707 1866 coram
1730 1814 1966 1867 homini-
1998 1827 2039 1882 Β
2069 1824 2295 1877 scimus.
2356 1823 2512 1878 Tunc
2569 1833 2750 1878 autem
2809 1823 3224 1893 conﬁtebimur,
3281 1834 3418 1878 tunc
3473 1839 3647 1881 omnes

370 1906 488 1969 bus,
526 1913 584 1958 ut
610 1905 824 1960 videant
852 1905 989 1959 bona
1020 1913 1190 1959 vestra
1217 1922 1399 1975 opera,
1429 1914 1477 1959 et
1508 1904 1802 1977 gloriﬁcent
1848 1904 1961 1959 Pa-

374 2004 508 2048 trem
532 2004 763 2049 vostrum
787 1996 878 2065 qui
911 1997 968 2049 in
994 1994 1135 2049 caelis
1157 2005 1232 2050 est
1261 1996 1326 2049 ¹⁸.
1360 1995 1679 2051 Immolatur
1712 1996 1961 2061 Domino,

375 2094 437 2139 ut
454 2085 626 2154 possit
651 2098 776 2139 esse
814 2084 1120 2155 placabilis,
1143 2086 1290 2155 quod
1320 2084 1464 2140 LXX
1493 2085 1785 2140 ediderunt
1812 2103 1825 2140 :
1859 2086 1964 2139 Ac-

375 2184 526 2253 cepta
561 2176 1091 2241 uobisimmolabitis,
1122 2177 1175 2231 id
1197 2186 1301 2244 est,
1338 2177 1406 2232 ad
1440 2177 1851 2247 suscipiendum
1884 2177 1959 2232 di-

375 2284 482 2340 gne
504 2268 818 2339 praedictam
854 2271 1330 2325 conversationem
1389 2286 1639 2341 agamus,
1668 2269 1968 2340 perﬁcien-

376 2372 463 2415 tes
481 2375 624 2424 eam,
658 2369 714 2416 et
744 2376 855 2415 non
916 2361 1266 2417 imminutam
1304 2361 1701 2432 relinquentes,
1740 2368 1969 2433 propter

374 2452 524 2524 quod
545 2463 601 2509 et
620 2454 861 2510 subdidit
883 2472 897 2509 :

450 2543 653 2599 Eodem
675 2547 759 2600 die
787 2547 1069 2601 comedetis
1100 2563 1183 2613 ea,
1214 2562 1318 2601 non
1359 2547 1649 2602 remanebit
1674 2548 1968 2618 quidquam

374 2637 437 2689 in
468 2653 627 2691 mane
654 2638 876 2692 alterius
910 2639 1033 2696 diei.
1088 2639 1145 2693 In
1170 2647 1418 2709 tempore
1448 2639 1597 2693 enim
1625 2640 1751 2701 hoc,
1778 2639 1839 2714 in
1861 2655 1972 2710 quo

376 2727 487 2782 hoc
507 2728 654 2798 quod
688 2730 895 2783 dictum
927 2737 1033 2793 est,
1081 2728 1408 2784 sacriﬁcium
1434 2729 1836 2799 promittimus,
1873 2744 1972 2783 co-

377 2818 603 2873 medere
634 2818 791 2883 illud,
821 2820 877 2874 id
904 2829 988 2874 est
1009 2820 1226 2889 operari
1274 2827 1330 2873 et
1364 2820 1643 2889 complere
1684 2820 1970 2876 debemus.

376 2906 527 2964 Nihil
566 2916 751 2962 autem
797 2908 867 2963 de
906 2909 987 2965 eis
1014 2911 1068 2963 in
1102 2924 1263 2964 mane
1292 2909 1632 2978 relinquere,
1661 2918 1723 2964 ut
1769 2910 1975 2980 aliquid

379 3009 667 3055 remaneat
692 3001 1049 3071 reliquiarum
1076 3012 1281 3057 nostra;
1333 3002 1776 3057 conversationis
1798 3002 1975 3057 incor-

380 3101 619 3158 rectum,
651 3108 835 3163 neque
859 3093 1311 3164 inconsumptum
1341 3094 1409 3149 de
1454 3093 1773 3159 virtutibus,
1797 3103 1854 3149 et
1891 3095 1975 3148 in-

2066 1916 2443 1984 subjiciemur,
2466 1915 2607 1970 Tunc
2624 1917 2724 1969 erit
2745 1915 2882 1971 Deus
2902 1916 3083 1970 omnia
3110 1917 3167 1970 in
3188 1914 3457 1982 omnibus,
3472 1932 3646 1986 quem-

2068 2008 2360 2064 admodum
2395 2008 2595 2063 Paulus
2617 2008 2835 2079 scripsit
2861 2003 2922 2055 “'.

2631 2141 2861 2199 CAPUT
2902 2142 3093 2198 XXIII.

2143 2260 2309 2315 Vens.
2348 2260 2466 2314 1-3.
2518 2278 2537 2311 ς
2569 2260 2811 2315 Locutus
2837 2267 2925 2315 est
2965 2259 3236 2315 Dominus
3286 2259 3358 2313 ad
3405 2257 3643 2329 Moysen.

2071 2353 2263 2409 dicens
2290 2368 2303 2405 :
2333 2352 2586 2421 Loquere
2627 2352 2755 2406 tiliis
2795 2351 2985 2416 Israel,
3013 2361 3070 2407 et
3103 2352 3262 2407 dices
3294 2352 3364 2406 ad
3403 2366 3534 2405 eos:
3566 2349 3646 2404 lia

2072 2454 2203 2500 sunt
2234 2444 2387 2500 feria:
2411 2445 2655 2508 Domini,
2679 2460 2819 2516 quas
2838 2445 3109 2500 vocabitis
3126 2455 3378 2500 sanctas.
3413 2441 3517 2498 Sex
3539 2442 3648 2496 die-

2071 2535 2405 2591 busfacietis
2434 2551 2573 2607 opus
2600 2554 2613 2591 :
2642 2537 2760 2592 dies
2814 2540 3103 2607 septimus,
3123 2536 3257 2607 quia
3293 2536 3512 2591 Sabbati
3570 2549 3646 2588 re-

2073 2631 2230 2698 quies
2258 2636 2362 2690 est,
2396 2629 2687 2685 vocabitur
2727 2638 2970 2692 sanctus,
3006 2645 3172 2684 onme
3233 2644 3377 2700 Opus
3432 2643 3539 2682 non
3580 2626 3650 2680 ia-

2076 2722 2235 2776 cietis
2277 2723 2331 2775 in
2350 2736 2438 2776 eo.
2482 2720 2787 2774 Sabbatum
2812 2718 3028 2773 Domini
3064 2728 3150 2775 est
3179 2721 3239 2774 in
3268 2718 3483 2774 cunctis
3512 2715 3646 2772 babi-

2078 2813 2380 2868 tationibus
2413 2812 2631 2867 vestris.
2645 2828 2663 2861 ι

2151 2904 2211 2961 Si
2260 2902 2811 2958 subtiliterattendas
2868 2903 2985 2957 haec
3014 2917 3136 2972 quae
3200 2902 3350 2957 dicta
3412 2910 3541 2956 sunt
3598 2898 3645 2953 in

2077 2996 2450 3067 praesentibus
2480 2994 2814 3067 legislatoris
2855 2996 3058 3061 verbis,
3111 2995 3370 3064 invenies
3404 3011 3526 3050 eum
3555 3009 3648 3048 non

2083 3087 2259 3142 solum
2313 3084 2768 3154 contemplationi
2831 3085 2989 3156 legis,
3017 3086 3114 3140 sed
3143 3094 3202 3140 et
3240 3085 3501 3140 inlittera
3551 3084 3647 3152 ipsa

381 3187 746 3256 operatumin
772 3186 962 3242 futuro
978 3188 1180 3243 seculo
1195 3188 1593 3254 custodiamus,
1624 3189 1843 3258 quando
1857 3187 1969 3257 iam
2000 3166 2043 3225 α
2084 3177 2447 3233 intentionem
2466 3176 2696 3247 spiritus
2728 3178 3174 3247 interponentem
3215 3195 3231 3231 ε
3265 3177 3461 3232 dicens
3486 3175 3645 3230 enim:

382 3292 497 3333 non
521 3286 607 3333 est
638 3279 851 3333 licitum
885 3280 1124 3350 operari.
1178 3279 1334 3345 Quod
1368 3290 1521 3336 recte
1554 3297 1716 3337 mane
1747 3281 1969 3347 dicitur,

386 3370 443 3424 id
464 3379 572 3435 est,
625 3370 754 3441 quia
792 3384 903 3425 nox
934 3386 1182 3441 praesens
1220 3372 1333 3427 vita
1355 3381 1578 3443 propter
1600 3387 1724 3428 eam
1746 3388 1869 3444 qure
1918 3373 1974 3426 in

387 3477 453 3516 ea
485 3477 637 3518 nunc
658 3472 745 3518 est
775 3462 975 3517 nebula
1000 3463 1346 3518 nominatur.
1408 3462 1522 3534 Ego
1549 3465 1827 3531 Dominus,
1879 3481 1974 3518 cu-

386 3555 579 3609 stodite
600 3556 857 3609 mandata
879 3572 996 3610 mea
1022 3564 1071 3608 et
1088 3555 1248 3625 facile
1270 3572 1360 3611 ea.

464 3642 576 3713 Ego
609 3640 891 3711 Dominus,
916 3645 1008 3715 qui
1046 3646 1138 3702 hic
1165 3646 1386 3717 quidem
1439 3646 1613 3717 legem
1676 3650 1977 3722 constituo,

388 3737 463 3792 ibi
496 3738 680 3792 autem
708 3737 1034 3821 judico,qui
1061 3739 1424 3812 intelligibilia
1457 3742 1659 3796 talenta
1689 3745 1828 3800 meis
1859 3761 1980 3801 ser-

389 3828 478 3884 vis
509 3830 587 3861 ¹⁸¹
611 3830 665 3883 in
699 3833 953 3901 praesenti
1006 3833 1208 3887 saeculo
1247 3833 1314 3887 ad
1343 3835 1681 3904 operandum
1721 3837 1869 3897 dedi.
1924 3840 1980 3892 in

390 3916 643 3975 futurum
666 3922 908 3978 rationes
935 3938 1058 3978 cum
1087 3924 1167 3979 eis
1193 3939 1363 3994 pono,
1395 3936 1449 3981 et
1493 3928 1821 3983 talentorqu
1846 3946 1982 4001 ope-

392 4008 663 4065 rationem
692 4013 872 4084 exigo.

468 4103 584 4175 Ego
620 4103 920 4160 Dominus:
948 4122 1010 4160 ne
1033 4106 1284 4178 polluatis
1308 4125 1496 4163 nomen
1517 4128 1687 4165 meum
1716 4122 1982 4166 sanctum.

392 4194 637 4252 Pollutio
669 4198 818 4252 enim
865 4207 951 4252 est
991 4198 1291 4263 Creatoris,
1322 4208 1379 4254 et
1410 4200 1773 4271 blasphemia,
1833 4204 1876 4259 si
1928 4204 1983 4258 in

397 4288 592 4343 eodem
620 4303 722 4343 nos
751 4288 969 4353 ordine,
996 4289 1086 4344 vel
1109 4302 1257 4354 actu,
1315 4307 1424 4361 quo
1445 4307 1593 4347 nunc
1643 4308 1837 4348 sumus
1896 4310 1987 4349 re-

398 4379 656 4433 suscitet.
690 4379 832 4445 Quid
859 4381 1007 4434 enim
1035 4391 1335 4438 commutat
1374 4383 1642 4439 mundum
1674 4387 1843 4453 hunc,
1861 4387 1908 4442 si
1932 4388 1983 4441 in

398 4470 609 4526 eisdem
637 4471 920 4526 doloribus
952 4482 1010 4528 et
1037 4473 1318 4528 laboribus
1344 4475 1595 4530 erimus?

479 4559 548 4614 Ut
568 4563 872 4633 sanctificer
890 4564 946 4617 in
982 4565 1155 4618 medio
1176 4564 1410 4633 ﬁliorum
1444 4566 1634 4623 Israel.
1674 4568 1794 4624 Non
1826 4570 1985 4635 dixit,

400 4650 737 4717 sanctiﬁcor,
800 4652 897 4709 sed
988 4650 1322 4722 Sanctiﬁcer,
1391 4652 1634 4711 futurum
1692 4662 1992 4717 ostendens

405 4754 645 4814 tempus.
680 4745 739 4800 in
778 4744 968 4816 quoin
1006 4745 1191 4800 medio
1218 4745 1460 4801 virorum
1522 4748 1759 4806 ﬁliorum
1818 4751 1990 4809 Israel

405 4835 801 4892 sanctiﬁcatur.
830 4836 953 4892 Non
980 4836 1127 4892 enim
1170 4852 1363 4893 omnes
1415 4838 1508 4909 qui
1576 4857 1644 4897 ex
1694 4842 1884 4913 Israel,
1934 4847 1993 4901 bi

404 4938 537 4984 sunt
569 4929 760 4997 Israel,
790 4931 888 4987 sed
922 4929 1244 5000 quicunque
1278 4930 1441 4987 Israel
1472 4936 1855 5005 cognationem
1898 4955 1991 4994 so-

404 5020 607 5076 cietate
627 5022 893 5077 virtutum
928 5021 1052 5091 ejus
1080 5030 1322 5084 servant,
1372 5022 1475 5089 Qui
1499 5041 1706 5094 pacem,
1743 5029 1891 5085 sicut
1913 5032 1992 5086 ait

402 5112 630 5179 Paulus,
661 5122 711 5168 et
741 5114 1153 5169 sanctimoniam
1173 5113 1500 5179 custodiunt,
1536 5117 1650 5171 sine
1688 5135 1793 5188 qua
1840 5137 1993 5176 nemo

405 5204 600 5259 videbit
652 5201 1024 5269 Deum".Qui
1047 5212 1233 5259 autem
1298 5207 1639 5273 custodiunt,
1701 5211 1993 5281 videbunt,

406 5298 799 5369 propterquod
822 5296 936 5351 ait:
966 5294 1282 5366 Sancti/icer
1335 5299 1395 5352 in
1433 5300 1608 5354 medio
1647 5318 1848 5358 eorum.
1879 5303 1993 5374 Ego

413 5390 672 5446 Dominus
695 5391 786 5462 qui
823 5390 1094 5459 sancti/ica
1117 5406 1226 5457 vos,
1255 5400 1305 5446 et
1323 5393 1483 5446 eduxi
1504 5394 1567 5446 de
1589 5405 1732 5447 terra
1752 5395 1998 5467 Egypti,
2030 5403 2041 5415 '

415 5493 472 5538 at
504 5501 669 5541 essem
707 5484 849 5539 vobis
885 5485 942 5537 in
977 5484 1163 5539 Deum.
1223 5484 1333 5540 Sed
1360 5498 1415 5540 et
1433 5485 1580 5542 bono
1601 5487 1710 5542 line
1747 5488 1818 5545 ad
1876 5504 1994 5545 rem

487 5687 535 5773 "O
566 5684 756 5743 Matth.
801 5706 856 5755 v,
914 5688 997 5746 I6.

417 5778 461 5816 ⁸⁸
478 5780 653 5839 Hebr.
677 5798 754 5853 tv,
786 5786 840 5841 1.

1134 5692 1196 5724 ¹³⁹
1224 5692 1413 5749 Matth.
1472 5707 1629 5761 xvur,
1686 5690 1758 5749 9.5
1822 5708 1938 5765 seq.

2077 3272 2194 3328 Illa:
2221 3281 2345 3327 sunt
2376 3274 2523 3344 feria:
2580 3272 2794 3327 Domini
2816 3287 2949 3343 quas
2981 3271 3235 3325 vocabitis
3286 3281 3517 3324 sanctas.
3571 3266 3648 3321 Hc

2076 3376 2199 3421 sunt
2230 3367 2539 3439 festivitates
2573 3381 2705 3421 mea:
2732 3382 2751 3419 :
2781 3381 2907 3420 mox
2948 3364 3195 3419 subdidit
3245 3381 3259 3417 :
3339 3362 3445 3418 Sea:
3496 3359 3652 3415 diebus

2079 3461 2287 3532 facietis
2320 3476 2472 3530 opus.

2152 3551 2382 3623 Oportet
2409 3552 2632 3621 quidem
2664 3549 2773 3605 hoc
2824 3558 3026 3608 tacere,
3084 3547 3276 3603 dicere
3329 3554 3507 3601 autem
3548 3554 3648 3613 quae

2081 3655 2394 3715 sequuntur
2426 3662 2441 3699 :
2471 3645 2592 3698 Dies
2613 3644 2886 3711 septimus,
2929 3643 3055 3712 quia
3096 3639 3326 3695 Sabbati
3350 3639 3542 3709 requies
3569 3642 3645 3695 est.

2082 3737 2355 3793 vocabitur
2372 3747 2608 3791 sanctus.
2644 3736 2751 3791 Sed
2782 3736 2935 3791 feriis
2962 3745 3326 3800 conuectens,
3362 3732 3465 3789 Sea:
3490 3729 3648 3785 diebus

2090 3831 2301 3903 facietis
2330 3845 2481 3899 opus,
2512 3829 2754 3883 ostendit
2773 3829 2901 3899 quia
2940 3829 3130 3905 primze
3169 3827 3343 3893 ferite,
3373 3827 3483 3880 sive
3513 3820 3644 3876 festi-

2086 3923 2228 3977 vitas
2260 3923 2404 3992 apud
2426 3922 2600 3992 legem
2632 3921 2853 3991 operari
2886 3931 2992 3983 est,
3023 3919 3243 3988 operari
3273 3925 3455 3973 autem
3506 3913 3646 3971 bona,

2088 4023 2375 4085 propterea
2405 4014 2555 4067 enim
2586 4013 2665 4067 ait
2698 4029 2711 4065 :
2756 4011 2859 4067 Sea:
2906 4012 3089 4065 diebus
3120 4010 3332 4083 facietis
3352 4023 3494 4078 opus.

2161 4107 2299 4172 Quia
2333 4105 2519 4159 omnia
2540 4104 2702 4159 valde
2724 4113 2858 4159 sunt
2876 4104 3038 4167 bona,
3073 4117 3422 4173 quascunque
3450 4098 3582 4152 Deus
3601 4093 3645 4148 in

2090 4215 2188 4256 sex
2234 4199 2432 4254 diebus
2481 4197 2789 4253 constituit.
2846 4195 3103 4251 Secunda
3154 4205 3340 4250 autem
3386 4189 3643 4251 festivitas,

2089 4290 2535 4363 praecedentibus
2570 4290 2661 4343 bis
2681 4289 2964 4359 operibus,
3013 4287 3265 4357 septimm
3290 4285 3395 4341 diei
3456 4277 3646 4349 requies

2091 4393 2176 4441 est
2243 4401 2257 4437 :
2303 4398 2467 4453 quam
2512 4382 2864 4437 festivitatem
2912 4396 3081 4435 nemo
3111 4380 3414 4441 celebrare,
3445 4372 3530 4444 qui
3554 4381 3645 4424 non

2016 4487 2352 4564 DOperatus
2413 4486 2499 4532 est
2548 4477 2689 4531 bona
2748 4490 2915 4547 opera
2974 4486 3031 4530 et
3081 4475 3243 4546 digna
3275 4474 3402 4535 Deo,
3452 4462 3644 4564 poterit.

2096 4558 2232 4624 Nam
2254 4582 2361 4623 nec
2389 4567 2614 4632 frustra,
2650 4567 2795 4621 Deus
2826 4566 3038 4636 quippe
3063 4574 3185 4619 erat
3204 4565 3299 4634 qui
3328 4558 3643 4630 loquebatur,

2094 4662 2190 4732 qui
2229 4661 2367 4716 nihil
2396 4659 2601 4714 frustra
2628 4659 2892 4728 loquitur,
2916 4658 3069 4729 prius
3119 4657 3196 4711 ait
3218 4673 3232 4709 :
3254 4656 3359 4712 Sea:
3388 4652 3555 4708 diebus
3575 4644 3644 4716 fa-

2094 4754 2242 4809 cietis
2269 4769 2419 4822 opus,
2444 4763 2500 4806 et
2522 4761 2648 4822 post
2672 4752 2781 4805 hoc
2809 4766 2822 4804 :

2175 4846 2295 4901 Dies
2324 4847 2596 4916 septimus,
2624 4846 2716 4916 qui
2760 4844 2983 4899 Sabbati
3030 4846 3236 4916 requies
3265 4852 3359 4904 est,
3409 4835 3645 4894 vocabitur

2098 4949 2336 4995 sanctus.
2374 4940 2481 5000 Sed
2506 4940 2573 4994 ad
2600 4939 3004 5003 ostensionem,
3037 4948 3098 4993 ut
3129 4939 3173 4992 si
3226 4937 3347 5008 quis
3388 4932 3450 4986 ad
3492 4929 3644 4982 imita‘

2101 5034 2309 5088 tionem
2369 5031 2463 5087 Dei
2540 5031 2684 5085 bona
2733 5030 2844 5100 agit
2879 5038 2937 5084 et
2964 5029 3339 5099 consequitur,
3367 5026 3465 5079 hoc
3489 5025 3563 5073 est
3594 5012 3643 5068 in

2098 5138 2197 5178 sex
2221 5122 2413 5177 diebus
2438 5120 2653 5191 operari
2690 5138 2703 5174 :
2730 5118 2821 5176 ltic
2854 5119 3181 5191 intelligibili
3216 5112 3501 5188 requiescit
3526 5104 3643 5160 Salt-

2098 5218 2249 5282 bato,
2283 5216 2353 5270 de
2381 5231 2491 5285 quo
2522 5213 2728 5268 Paulus
2744 5214 3001 5269 dicebat:
3044 5213 3362 5289 Timeamus,
3427 5221 3484 5260 ne
3528 5201 3640 5289 [οτξθ

2097 5307 2285 5361 relicta
2302 5306 2684 5377 pollicitatione
2724 5307 3026 5360 introeundi
3060 5307 3117 5358 in
3141 5286 3369 5374 requiem
3396 5296 3558 5371 ipsius,
3579 5286 3640 5340 υἱ·

2111 5401 2306 5454 deatur
2328 5417 2394 5454 ea;
2417 5401 2563 5455 nobis
2591 5400 2786 5471 aliquis
2819 5401 2993 5455 deesse
3023 5401 3090 5453 ‘9.
3153 5398 3314 5454 Caret
3340 5393 3470 5449 enim
3518 5390 3637 5439 ηιιηο

2106 5492 2198 5547 illa
2228 5492 2440 5563 requie,
2468 5492 2560 5563 qui
2590 5509 2699 5548 non
2732 5501 3012 5563 operatur.
3072 5492 3207 5560 Quae
3237 5500 3291 5546 et
3314 5492 3484 5544 vocata
3532 5486 3637 5530 5³η·

3156 5691 3199 5723 ιθ
3230 5691 3249 5744 l
3277 5687 3395 5745 Cor.
3439 5690 3517 5741 sv,
3558 5662 3628 5723 33-

2049 5690 2275 5750 “Hebr.
2324 5709 2402 5762 ιι,
2440 5694 2523 5751 Ib.
2615 5694 2656 5727 ¹⁷
2692 5690 2849 5748 Joan.
2902 5707 2941 5760 ι,
3000 5692 3054 5747 5.

2020 5890 2057 5897 οη.
