3892 6416
151 364 301 429 1081

1317 381 1400 440 IN
1437 384 1880 448 LEVITICUM.
1919 413 1990 425 -
2023 392 2170 451 LIB.
2204 393 2304 453 VI.

3314 399 3450 466 1082

144 483 247 572 ita
282 475 505 541 dicitur,
529 477 656 548 quia
680 481 912 544 vocatis,
976 483 1043 539 de
1098 485 1296 554 quibus
1361 488 1565 546 Paulus
1608 493 1685 547 ait
1740 511 1752 545 :
1787 509 1829 564 Α
1862 497 2058 552 vitales
2084 499 2430 568 imperatoris
2457 508 2609 568 sunt,
2641 502 2696 556 in
2726 503 2927 572 quibus
2965 506 3222 564 victorias
3242 519 3296 562 ct
3331 519 3448 562 tro-

141 566 373 623 Scimus
396 572 520 639 quia
556 574 861 630 timentibus
885 575 1050 632 Deum
1087 581 1267 632 omnia
1291 595 1642 652 cooperantur
1698 587 1753 640 in

139 657 373 722 bonum.
400 663 479 716 Itis
505 667 596 736 qui
619 669 902 720 secumlum
938 672 1268 739 propositum
1308 677 1479 727 vocati
1518 687 1638 729 sunt
1663 678 1706 709 ³⁰
1735 697 1747 732 :

139 753 504 824 intelligibile
534 759 856 827 deputatum
894 773 976 816 est
1011 761 1335 830 Sabbatum,
1373 766 1460 821 bis
1483 770 1573 838 qui
1619 786 1748 824 san-

135 844 477 900 ctimoniam
527 853 1108 918 consequuntur,sine
1175 871 1279 924 qua
1351 874 1502 911 nemo
1557 860 1750 912 videbit

139 934 332 988 Deum
354 938 419 992 ¹¹.
445 939 598 992 'l'unc
628 957 790 994 ntimo
847 958 986 1010 opus
1013 959 1122 997 non
1190 946 1454 1000 faciemus
1484 965 1498 1011 ;
1536 958 1749 1019 tempus

139 1027 309 1079 enim
340 1039 552 1083 nonest
584 1030 635 1082 in
668 1031 758 1082 illo
795 1034 998 1086 swculo
1035 1037 1318 1102 opcrandi.
1352 1038 1582 1107 Propter
1602 1040 1747 1108 quod

137 1127 205 1170 et
233 1118 482 1172 subdilit
508 1137 519 1172 :
545 1119 839 1174 Sabbatum
875 1123 1087 1178 Domini
1115 1136 1189 1180 est
1223 1129 1277 1180 in
1305 1131 1500 1182 cunctis
1531 1132 1744 1184 habita~

139 1211 386 1265 tionibus
415 1214 615 1266 vestris.
641 1215 943 1270 Sabhatum
997 1219 1210 1272 Domini
1276 1237 1501 1282 vocans,
1559 1222 1613 1278 id
1664 1233 1749 1278 est

136 1305 450 1374 requiem:
500 1305 798 1360 Sabbatum
861 1309 1005 1364 enim
1053 1312 1272 1380 requies
1328 1313 1744 1384 interpretatur,

138 1413 278 1465 quae
317 1397 368 1449 in
407 1407 653 1466 tempore
687 1409 791 1463 est,
853 1417 961 1470 quo
1008 1405 1270 1472 populum
1317 1421 1476 1459 suum
1525 1423 1556 1460 a
1607 1424 1746 1479 pra:-

140 1488 412 1542 sentibus
472 1490 754 1546 laboribus
827 1503 882 1546 et
946 1496 1329 1551 vexationibus
1390 1499 1744 1568 requiescere

139 1579 306 1639 facit,
338 1581 404 1634 de
427 1597 535 1650 quo
561 1582 639 1634 sic
671 1582 872 1637 Paulus
906 1584 1071 1638 dicit:
1105 1586 1244 1656 Ergo
1270 1587 1586 1658 relinquitur
1609 1589 1745 1643 Sab-

141 1671 416 1725 batismus
450 1673 644 1741 papqu
674 1674 767 1727 Dei
793 1675 859 1728 ".
888 1673 988 1740 Qui
1022 1676 1169 1729 enim
1225 1677 1506 1747 ingressus
1550 1689 1634 1732 est
1688 1681 1743 1733 in

143 1765 404 1833 requiem
437 1766 738 1832 eiusctiam
775 1767 889 1836 ipse
919 1751 1190 1837 requievit
1229 1771 1297 1824 ab
1315 1773 1574 1840 operibus
1603 1773 1739 1839 suis,

140 1853 299 1906 sicut
331 1859 387 1905 et
415 1868 444 1906 a
481 1853 613 1916 suis,
643 1854 806 1908 Deus.
837 1855 1118 1922 AdlelL'l'lS
1147 1866 1329 1910 autem
1362 1859 1524 1911 nimis
1555 1862 1741 1914 subse-
1783 1863 1826 1918 B
1852 1896 1971 1938 ηιηι

142 1953 396 2012 quenter
428 1962 440 1996 :
477 1945 540 1999 In
563 1947 765 2000 cunctis
788 1946 1204 2000 habitationibus
1256 1950 1459 2002 vestris.
1495 1950 1750 2020 Utetper

146 2038 255 2089 hoc
289 2037 720 2092 satisfaceretde
754 2039 956 2092 sarculo
1003 2041 1188 2094 l'utnro
1221 2057 1278 2095 se
1312 2043 1479 2112 loqui.
1503 2044 1749 2098 Ptmscns

143 2128 300 2182 enim
336 2131 571 2184 mundus
621 2132 992 2203 peregrinatio
1011 2143 1113 2196 est,
1153 2135 1416 2189 habitatio
1445 2144 1530 2189 est
1562 2147 1745 2191 autem

142 2236 275 2288 quzc
307 2222 571 2288 sequitur.
604 2222 778 2276 Nemo
805 2226 953 2281 enim
987 2226 1053 2280 de
1088 2226 1195 2279 illis
1255 2227 1745 2282 mansionibusseu

139 2313 590 2367 habitationibus
615 2317 835 2385 migrat,
873 2334 1011 2384 quas
1038 2320 1208 2372 semel
1257 2320 1431 2374 Sortiti
1457 2319 1742 2382 fuerimus.

144 2405 288 2470 Quia
318 2418 501 2460 autem
531 2408 830 2464 Sabbatum
859 2411 1080 2479 requies
1101 2411 1523 2481 interpretatur,
1563 2414 1744 2466 mani-

146 2499 316 2560 festat
380 2502 712 2570 reliquorum
770 2503 1133 2572 interpretum
1187 2505 1372 2558 editio.
1435 2504 1543 2562 Pro
1571 2507 1740 2570 enim,

151 2589 382 2646 Sabbati
419 2593 662 2661 requies,
700 2593 1000 2648 Sabbatum
1045 2596 1693 2652 sabbatismiediderunt.

222 2684 390 2742 Vsus.
423 2686 531 2740 4-7.
572 2707 591 2738 ι
629 2687 722 2743 Ila:
763 2697 892 2742 sunt
924 2705 1054 2762 ergo
1076 2690 1230 2744 ferite
1262 2690 1482 2747 Domini
1509 2701 1738 2757 saneta},

147 2793 288 2847 quas
311 2778 592 2833 celebrare
626 2779 843 2837 debetis
872 2783 1217 2852 temporibus
1250 2782 1383 2847 suis,
1417 2798 1608 2836 mense
1623 2783 1742 2854 pri-

146 2886 238 2925 mo
273 2880 468 2940 quarta
513 2872 722 2928 decima
747 2872 840 2928 die
866 2873 1075 2928 mensis
1115 2874 1179 2928 ad
1222 2890 1532 2943 vesperum,
1567 2873 1744 2927 Phase

141 2961 490 3027 Domiuiest,
528 2971 584 3017 et
622 2965 810 3034 quinta
864 2966 1077 3018 decima
1113 2967 1201 3022 die
1227 2968 1431 3020 mensis
1457 2966 1621 3036 hujus
1649 2982 1741 3022 δοσ-

139 3056 409 3110 lemnitas
453 3073 764 3126 azymorum
833 3058 1051 3111 Domini
1103 3067 1205 3113 est.
1271 3059 1493 3129 Septem
1550 3059 1744 3114 diebus

139 3163 338 3217 azyma
361 3148 683 3202 comedetis.
713 3148 835 3203 Dies
873 3149 1085 3218 primus
1125 3151 1231 3203 erit
1265 3149 1420 3203 vobis
1441 3150 1742 3208 celeberri-

135 3255 294 3303 mus,
333 3249 684 3310 sanctusque.
717 3240 892 3295 Omne
923 3257 1062 3310 opus
1095 3241 1291 3295 servile
1321 3257 1427 3296 non
1460 3242 1743 3296 facietisin

130 3350 224 3396 eo,
279 3334 380 3388 sed
411 3333 655 3388 oﬁeretis
685 3335 1010 3388 sacrilicium
1044 3334 1098 3386 in
1129 3335 1251 3404 igne
1285 3334 1513 3389 Domino
1532 3343 1742 3404 septem

127 3428 368 3482 diebus.
433 3426 558 3480 Dies
610 3436 796 3480 autem
849 3427 1115 3496 septimus
1173 3428 1278 3481 crit
1332 3428 1743 3492 celeberrimus,

121 3519 471 3586 nullumque
497 3533 637 3585 Opus
671 3517 868 3572 servile
909 3518 1001 3570 ﬁet
1037 3519 1088 3570 in
1122 3533 1240 3570 eo.»

204 3612 332 3684 Age
365 3627 511 3665 nunc
537 3612 580 3664 si
609 3611 761 3673 libet,
831 3609 1051 3664 Judazos
1109 3610 1530 3679 interrogemus,
1584 3609 1744 3679 cujus

118 3703 213 3758 rei
259 3703 436 3774 gratia
473 3719 581 3755 non
616 3703 806 3771 (prima
841 3703 1053 3756 decima
1091 3703 1180 3756 die
1211 3702 1742 3773 festivitatcmagere

114 3795 342 3867 jussit.
368 3795 421 3848 in
452 3812 562 3864 quo
595 3795 801 3848 Pascha
845 3794 1226 3864 imaginarium
1280 3780 1593 3857 ﬁebatfsed
1627 3810 1744 3848 nte-

119 3889 388 3943 moriam
443 3890 666 3958 quidem
705 3888 835 3942 facit
895 3888 1036 3957 ejus,
1106 3887 1462 3941 festivitatem
1540 3893 1742 3952 turben,

119 3981 329 4052 prima
396 3996 728 4051 azymorum,
763 3996 885 4048 qua:
935 3990 1054 4033 erat
1105 3989 1230 4050 post
1259 3980 1426 4049 illam,
1465 3980 1579 4034 ﬁeri
1606 3979 1745 4036 deﬁ-

122 4074 332 4128 niunt.
369 4072 710 4145 Manifestum
744 4081 828 4126 est
879 4081 1084 4137 autem,
1121 4072 1247 4140 quia
1280 4073 1422 4127 scire
1458 4074 1503 4127 is
1537 4073 1627 4145 qui
1664 4073 1745 4125 le-

126 4179 272 4233 gem
309 4162 524 4230 accipit,
559 4162 687 4231 quid
724 4161 937 4215 intersit
998 4161 1140 4216 inter
1171 4163 1395 4232 ﬁguram
1438 4171 1493 4216 et
1548 4161 1748 4215 verita-

131 4267 263 4314 tem
282 4253 580 4318 desideral,
607 4263 660 4308 et
699 4255 827 4325 quia
857 4254 1055 4325 ﬁguras
1089 4255 1249 4318 scire,
1286 4255 1546 4325 quoniam
1575 4255 1745 4309 dedu-

132 4358 288 4402 cunt
319 4348 386 4401 ad
422 4349 730 4412 veritatem,
754 4349 980 4420 dignum
1041 4357 1146 4416 est,
1181 4347 1527 4403 festivitatem
1561 4358 1746 4402 autem

134 4455 316 4512 agere
339 4447 489 4504 tunc,
518 4440 740 4509 quando
771 4440 972 4494 veritas
1004 4455 1126 4512 qurc
1156 4440 1210 4493 in
1265 4440 1450 4510 ﬁguris
1490 4441 1746 4502 contine-

1857 603 1975 658 pma
2010 599 2202 644 contra
2253 592 2441 648 hostes
2473 594 2668 658 erexit,
2697 596 2928 654 salvavit
2955 607 3164 668 gentes,
3196 599 3448 655 civitates

1859 682 2153 750 acquisivit
2191 701 2202 736 :
2236 684 2316 739 sic
2345 693 2402 740 et
2427 686 2656 753 Christi,
2690 688 2744 742 in
2783 689 2986 757 quibus
3007 700 3258 745 nostrum
3274 707 3446 761 genus

1858 772 2106 838 salvavit,
2137 782 2191 827 et
2223 784 2469 830 nostram
2533 778 2909 848 captivitatem
2974 781 3326 850 conquisivit,
3389 791 3447 838 et

1858 859 2235 916 baereditaten'.
2267 878 2330 918 ex
2365 865 2620 934 gentibus
2655 867 2980 937 sibimetipsi
3047 870 3227 940 regale
3262 885 3447 924 sacer-

1857 950 2088 1015 dotium,
2144 963 2362 1022 gentem
2418 965 2691 1020 sanctam,
2726 959 2986 1026 populum
3063 959 3446 1029 acquisitinnis

1855 1043 2158 1098 constituit.
2199 1047 2411 1101 Deinde
2449 1065 2572 1103 cum
2606 1060 2890 1118 oporteret
2923 1052 3108 1106 dicere
3139 1053 3442 1106 secundum

1857 1133 2019 1200 LXX,
2045 1138 2128 1190 ha:
2154 1149 2361 1196 vocatae
2379 1150 2758 1211 sanctac,.quas
2784 1144 3052 1198 vocabitis
3073 1161 3165 1198 cas
3185 1145 3240 1198 in
3280 1146 3438 1198 festi-

1856 1231 2117 1286 vitatibus
2159 1232 2381 1296 vestris,
2417 1235 2533 1288 hzec
2575 1247 2761 1290 nostra
2798 1238 3316 1307 translatio-planius
3347 1240 3446 1293 ha-

1855 1321 1966 1388 bet,
2001 1323 2191 1378 dicens
2213 1327 2550 1393 temporibus
2593 1329 2713 1380 suis
2745 1345 2892 1382 :non
2931 1331 3067 1384 dixit
3091 1332 3171 1384 sic
3196 1332 3263 1385 de
3286 1332 3440 1385 festi-

1855 1414 2119 1470 vitatibus
2148 1432 2363 1484 eorum,
2403 1434 2515 1471 non
2549 1419 2654 1474 illis
2710 1421 2802 1488 qui
2834 1422 3083 1476 serviunt
3116 1423 3320 1492 ﬁgurae,
3349 1426 3444 1480 sed

1854 1506 2132 1576 ﬁdelibus,
2155 1520 2210 1563 et
2243 1511 2674 1580 suscipientibus
2732 1514 3111 1580 festivitatem,
3149 1517 3245 1574 has
3293 1533 3445 1570 com-

1853 1610 2040 1670 petere
2069 1600 2398 1658 festivitates
2444 1607 2760 1672 ostendens,
2818 1623 3052 1677 quarum
3086 1625 3190 1666 una
3227 1618 3331 1674 est,
3377 1611 3445 1665 de

1853 1709 1958 1761 qua
1997 1694 2116 1749 Ιιειξο
2135 1695 2267 1750 dicit
2302 1715 2314 1748 :

1923 1785 2105 1840 Mense
2123 1789 2318 1856 primo,
2345 1798 2540 1856 quarta
2581 1790 2788 1842 decium
2835 1793 2921 1844 die
2957 1794 3146 1848 mensis
3172 1793 3242 1848 ad
3267 1809 3444 1862 vespe-

1992 1878 2166 1937 Pltase
2187 1881 2400 1933 Domi-ni
2422 1891 2518 1940 est.
2541 1881 2783 1942 Primum
2801 1900 3075 1948 mensem,
3101 1897 3312 1955 tempus
3335 1887 3447 1941 Do-

1853 1973 2070 2030 minicae
2099 1973 2372 2042 passionis
2402 1987 2550 2030 recte
2591 1975 2824 2032 dicimus
2853 1977 2910 2030 in
2946 1994 3054 2046 quo
3109 1981 3446 2036 conveniunt

1852 2067 2086 2121 maxime
2122 2076 2176 2120 et
2200 2067 2318 2122 hinc
2348 2069 2414 2122 ad
2447 2069 2664 2138 Moysen
2690 2071 2852 2125 verba
2875 2087 2907 2126 a
2930 2071 3046 2126 Deo
3069 2074 3220 2126 diota
3250 2091 3261 2126 :
3295 2079 3446 2127 Men-

1851 2157 1921 2211 sis
1944 2157 2029 2208 llic
2059 2156 2201 2209 vobis
2229 2157 2554 2225 principium
2602 2160 2882 2223 mensium,
2931 2162 3142 2228 primas
3176 2165 3275 2215 erit
3304 2164 3446 2217 vobis

1849 2251 1902 2301 in
1937 2251 2198 2304 mensibus
2229 2251 2358 2306 armi
2389 2250 2452 2302 ³³.
2483 2250 2698 2308 Initium
2722 2252 2869 2305 enim
2901 2262 2957 2305 et
2987 2252 3266 2322 ingressus
3288 2269 3445 2308 novas

1849 2341 1994 2406 vitae,
2023 2349 2080 2396 et
2110 2357 2263 2402 nunc
2297 2358 2326 2394 a
2349 2341 2514 2400 nobis
2535 2342 2804 2398 inchoatae
2839 2345 3278 2399 conversationis
3325 2355 3441 2399 est.

1851 2432 2169 2500 Vc-spertina
2185 2441 2455 2501 tempora,
2485 2433 2537 2488 in
2574 2432 2772 2501 quibus
2803 2434 3070 2487 Dominus
3095 2436 3340 2497 advenit,
3362 2435 3446 2488 di-

1847 2524 1938 2578 cit.
1961 2523 2204 2582 Joannes
2221 2525 2367 2578 enim
2400 2524 2494 2588 ait,
2530 2523 2743 2586 Fitioli.
2791 2526 3076 2580 novissima
3114 2527 3242 2578 born
3281 2527 3442 2578 est".

1844 2618 1926 2670 Ad
1968 2633 2262 2686 vesperum
2295 2616 2504 2675 Pascha
2551 2615 2898 2676 Dominicum
2932 2618 3143 2672 factum
3175 2626 3279 2671 est.
3333 2616 3445 2681 Qui

1844 2725 2058 2778 passus,
2093 2725 2202 2764 non
2230 2725 2360 2768 mox
2395 2719 2638 2778 tempora
2697 2711 3015 2766 ﬁnivit..sed
3066 2710 3288 2778 reliquit
3345 2726 3446 2763 no-

1845 2800 2082 2858 vissima:
2131 2800 2280 2854 horae
2323 2808 2377 2858 et
2444 2799 2775 2868 vespertinae
2830 2800 3108 2868 reliquias,
3162 2801 3212 2854 in
3241 2800 3446 2869 quibus

1845 2902 2338 2961 oporteatcurrere
2374 2893 2840 2961 praedicationem,
2889 2901 2944 2947 ct
2979 2893 3036 2947 in
3081 2908 3188 2961 ίι-ιιο
3221 2908 3446 2947 omnem

1847 2994 2047 3039 terram
2079 2995 2333 3055 penetret
2359 2985 2596 3042 salutare
2635 2986 2888 3040 verbum.
2926 2986 3032 3040 Sed
3072 2995 3130 3040 et
3153 2991 3218 3039 ad
3253 3003 3447 3055 vespe-

1847 3093 1991 3139 rum,
2031 3077 2147 3130 sive
2174 3077 2358 3132 medio
2408 3077 2848 3145 vespertinortmi
2894 3076 3107 3130 Pascha
3161 3077 3444 3146 proprium

1772 3203 1814 3258 ο
1850 3171 2212 3240 praeveniens,
2245 3175 2467 3228 eruécm
2508 3183 2661 3226 suam
2686 3167 2944 3225 Christus
2970 3167 3289 3223 celebravit.
3349 3166 3446 3221 Die

1851 3263 1999 3316 enim
2060 3261 2393 3331 imaginariae
2453 3260 2768 3319 festivitatis
2823 3261 3122 3326 Paschalis,
3165 3277 3286 3330 qua:
3329 3269 3449 3315 erat

1849 3366 2039 3425 quarta
2070 3355 2284 3415 decima
2331 3363 2457 3424 post
2521 3370 2735 3412 cumam
2781 3354 3208 3424 superseusibile
3256 3370 3445 3407 verum

1847 3449 2078 3512 Pascha,
2105 3450 2250 3518 quod
2287 3449 2352 3504 ad
2383 3449 2508 3517 ejus
2535 3448 2862 3518 mysterium
2915 3447 3248 3517 pertinebat,
3276 3447 3447 3501 disci-

1846 3542 1994 3613 palis
2021 3543 2262 3600 tradidit.
2299 3543 2444 3612 Ergo
2469 3550 2526 3596 et.
2551 3557 2661 3598 nox
2685 3549 2804 3596 erat
2833 3541 2970 3610 jam,
2993 3541 3216 3609 quando
3243 3557 3444 3609 panem

1845 3631 2014 3688 Judas
2047 3631 2114 3684 de
2148 3645 2302 3687 creua
2329 3630 2421 3688 illa
2456 3630 2755 3699 accipiens,
2800 3630 2870 3684 ad
2935 3629 3150 3684 Domini
3211 3629 3447 3684 traditio-

1847 3740 1971 3786 nem
2003 3724 2208 3782 esibat.
2252 3723 2515 3792 Sequenti
2541 3731 2726 3780 anu-tn
2768 3723 2877 3786 die,
2936 3738 3057 3791 qua:
3105 3721 3212 3780 fuit
3252 3722 3443 3790 quinta

1849 3817 2083 3881 decima,
2145 3815 2354 3872 Pascha
2387 3815 2569 3870 crucis
2614 3815 2898 3884 implebat.
2927 3812 3162 3883 Propter
3181 3813 3330 3882 quod
3389 3812 3444 3866 in

1849 3909 2036 3978 quin-ta
2064 3907 2280 3967 decitna
2303 3907 2509 3965 mensis
2540 3906 2705 3976 huius
2723 3907 2837 3971 die,
2889 3905 3236 3964 festivitatem
3301 3905 3444 3959 hanc

1848 4019 2009 4073 agere
2032 4002 2310 4071 legislator
2341 4000 2624 4070 praacepit,
2656 4009 2709 4054 et
2735 3999 2793 4054 in
2835 3999 2954 4068 ipsa
2991 3998 3316 4053 celebritate
3351 4013 3443 4050 so-

1849 4094 2190 4152 lemnitatem
2220 4107 2534 4162 azyntorum
2585 4089 2800 4146 Doutiui
2831 4089 3175 4158 praidicavit.
3210 4087 3266 4140 Si
3293 4085 3441 4140 enim

1850 4190 2129 4244 celebrare
2183 4187 2232 4241 ci
2280 4186 2494 4243 Pascha
2560 4185 2782 4254 preprie
2852 4193 2909 4238 et
2965 4198 3095 4237 vere
3165 4181 3439 4242 volumus,

1849 4281 2024 4352 azymi
2055 4281 2124 4335 ab
2141 4279 2294 4334 omni
2319 4277 2527 4332 malitia
2561 4293 2690 4331 esse
2721 4277 3010 4338 debemus,
3045 4284 3101 4327 et
3130 4274 3298 4327 multo
3324 4287 3441 4325 ma-

1851 4377 1935 4446 gis
1965 4392 1995 4429 a
2018 4373 2245 4428 Iudaico
2271 4387 2460 4428 errore
2487 4380 2548 4426 et
2601 4379 2888 4424 vewstate.
2936 4369 3094 4428 Unde
3147 4375 3440 4435 posuwam

1849 4467 2051 4522 Paulus
2076 4464 2234 4528 dixit,
2255 4463 2463 4522 Pascha
2482 4471 2726 4517 nostrth
2743 4459 3056 4516 immolatus
3078 4458 3436 4518 estﬂliristus,

136 4544 262 4596 ίυτν
305 4533 614 4595 advenerit’
679 4532 996 4586 memoriam
1048 4533 1315 4606 Si‘1"i-‘lcm
1350 4533 1480 4587 fac“
1539 4543 1748 4602 (warm
1780 4559 1823 4613 D
1855 4559 2100 4615 subdidit
2131 4575 2144 4610 :
2174 4556 2610 4626 Epulemur,nou
2636 4556 2691 4608 in
2715 4556 2969 4624 fermento
2990 4552 3175 4611 veteri,
3200 4565 3440 4617 nequem

136 4627 405 4690 decimae,
440 4625 567 4696 quia
595 4625 824 4695 ﬁguram
857 4621 1116 4679 habebat.
1155 4625 1530 4684 Festivitatem
1555 4635 1739 4684 autem

137 4736 314 4792 agere
350 4718 542 4788 quinta
575 4718 788 4772 decima
821 4719 1101 4788 prmcepit,
1136 4719 1263 4787 quia
1287 4719 1343 4776 in
1370 4719 1489 4790 ipsa
1543 4735 1739 4778 verum

138 4823 236 4870 est
265 4812 495 4876 Pascha,
533 4812 600 4866 de
626 4827 735 4880 quo
762 4810 963 4864 Paulus
989 4810 1204 4868 dicebat
1239 4828 1251 4862 :
1277 4810 1744 4870 Pnscbanoslrum

139 4905 459 4962 immolatus
499 4913 574 4966 cst
610 4903 844 4961 Christus
869 4901 936 4956 ".
971 4901 1077 4961 Sed
1131 4903 1282 4980 ipsos
1317 4902 1429 4974 iam
1455 4918 1746 4964 sermones

141 4997 534 5060 discutiamus.

219 5089 322 5144 Hm
342 5101 460 5147 sunt
477 5088 628 5159 feria:
655 5087 864 5142 Domini
895 5096 1090 5144 sancta:
1111 5104 1243 5157 quas
1271 5087 1533 5146 celebrare
1553 5087 1747 5150 debetis

146 5182 470 5254 temporibus
482 5183 612 5241 suis.
640 5181 821 5250 Quare
841 5197 950 5238 non
973 5181 1128 5247 dixit,
1151 5181 1325 5240 Ferja:
1347 5180 1603 5250 Domino,
1625 5183 1744 5248 sed,

146 5277 336 5340 Feriis
365 5276 622 5338 Domini?
657 5276 768 5336 Aut
812 5274 996 5332 forsan
1055 5275 1208 5338 illum
1255 5276 1563 5334 auditorem
1611 5276 1746 5352 legis

148 5381 498 5433 contestans.
519 5371 646 5449 quia
673 5386 783 5428 non
808 5369 1136 5446 simpliciter
1163 5373 1488 5429 festivitates
1517 5374 1639 5439 has,
1677 5373 1744 5428 de

149 5467 356 5540 quibus
389 5475 473 5524 est
505 5481 708 5528 sermo,
733 5464 998 5520 celebrari
1055 5466 1168 5526 Deo
1197 5467 1282 5522 lex
1328 5467 1610 5540 praesepit.
1647 5467 1744 5526 sed

151 5560 283 5632 quia
305 5559 426 5629 ejus
457 5565 586 5620 sunt
614 5556 870 5631 propriae.
920 5556 1064 5623 Quia
1098 5560 1562 5629 quemadmodum
1590 5559 1744 5614 [esti-

221 5763 267 5796 ³⁸
289 5760 454 5818 Rom.
480 5779 598 5825 vin,
641 5765 731 5819 28.

805 5765 846 5795 ²¹
878 5764 1043 5819 llcbr.
1126 5783 1224 5834 xu,
1253 5768 1335 5823 li.

151 5832 240 5908 v"!
269 5833 395 5892 Cor.
427 5852 480 5903 τ’,
512 5836 564 5890 8.

642 5837 684 5867 ³⁷
713 5835 871 5890 .loan.
908 5852 1024 5902 γης,
1056 5838 1144 5892 δι.

1415 5769 1458 5799 ¹²
1483 5765 1650 5822 llcbr.
1694 5782 1766 5836 tv,
1800 5768 1852 5823 9.

1847 4657 2100 4723 fermento
2131 4650 2354 4703 malitiae
2378 4658 2427 4702 et
2451 4647 2832 4718 nequitiw,sed
2883 4647 2940 4699 in
2969 4643 3170 4713 azymis
3215 4643 3440 4696 sinceri-

1848 4746 1974 4799 tatis
2030 4754 2079 4799 et
2141 4743 2381 4797 veritatis
2422 4742 2488 4796 ³⁸.
2547 4743 2615 4796 Et
2644 4755 2756 4794 non
2775 4739 2846 4794 ad
2877 4749 3116 4808 tempus,
3148 4736 3243 4790 sed
3289 4734 3440 4788 θωπί

1847 4845 2035 4891 nostra
2063 4835 2173 4889 vita
2201 4850 2230 4888 a
2273 4833 2545 4892 fermento
2567 4833 2795 4888 malitiae
2843 4831 3034 4888 mundi
3091 4844 3212 4885 csse
3276 4828 3442 4882 debe-

1848 4941 1972 4983 mus
1998 4942 2012 4990 ;
2043 4931 2333 4993 propterea
2351 4924 2460 4985 ait:
2486 4921 2692 4992 Septem
2716 4922 3118 4990 diebusmzyma
3138 4917 3438 4975 comedetis.

1851 5015 1954 5068 Per
1977 5013 2348 5082 scptenarium
2371 5028 2664 5074 numerum
2699 5013 2764 5067 de
2790 5011 2939 5067 omni
2968 5010 3128 5066 nobis
3157 5009 3262 5064 vita
3295 5023 3439 5076 pm-

1850 5107 1896 5164 ci
1905 5107 2080 5178 piens.

1922 5199 2084 5258 Vsus.
2121 5199 2175 5256 8.
2213 5217 2232 5254 ί
2273 5199 2398 5260 Dies
2420 5197 2634 5268 primus
2674 5196 2780 5251 erit
2830 5197 2990 5255 vobis
3039 5195 3438 5252 celeberrimus

1851 5299 2180 5354 etsanctus,
2220 5307 2383 5352 omne
2401 5308 2538 5360 opus
2569 5291 2768 5348 servile
2815 5305 2925 5346 non
2955 5289 3164 5344 facietis
3207 5287 3258 5344 in
3287 5302 3371 5340 eo.
3410 5305 3431 5338 ι

1924 5383 2061 5442 illud
2092 5383 2240 5440 cutim
2309 5384 2626 5444 otnnimodo
2677 5383 2873 5438 servile
2911 5397 3031 5438 esse
3048 5396 3188 5449 opus
3208 5380 3436 5447 spiritus

1855 5473 2054 5540 innuit,
2094 5476 2162 5529 de
2194 5491 2304 5544 quo
2332 5477 2411 5530 ait
2449 5475 2712 5531 Dominus
2749 5493 2760 5528 :
2808 5477 2974 5529 Amen
3007 5490 3162 5527 auten
3195 5474 3312 5526 dico
3346 5488 3437 5525 vo-

1853 5565 1950 5630 bis,
1971 5565 2059 5634 qui
2086 5566 2213 5635 facit
2241 5576 2531 5635 peccatum,
2567 5583 2744 5624 servus
2763 5575 2837 5622 est
2866 5565 3065 5633 peccati
3096 5563 3162 5616 ".
3202 5563 3256 5617 Si
3285 5563 3434 5618 enim

1934 5770 1977 5801 ’³
2013 5767 2176 5824 lCor.
2210 5787 2262 5837 v,
2284 5770 2335 5824 7.
2419 5769 2462 5801 “
2495 5769 2666 5825 Exod.
2696 5769 2863 5836 xn,‘3.
2938 5767 2983 5801 "
3012 5767 3029 5823 l
3059 5766 3220 5823 Joan.
3245 5781 3306 5834 ιι,
3343 5765 3430 5822 18.

2419 5769 2462 5801 ⁸⁸
2495 5769 2666 5825 Exod.
2696 5769 2863 5836 xn,‘3.
