3892 6414
426 440 441 457 κ
506 388 645 457 1083
1728 386 2091 447 HESYCIIII

507 516 638 555 veru
651 514 697 552 :n
739 499 1084 556 celebramus
1108 500 1336 567 Pascha,
1369 501 1580 573 peccati
1608 501 1895 556 servitium
1913 500 2090 571 fugia—

507 608 631 647 mus
664 611 677 647 :
709 593 836 663 quia
868 593 1139 659 Christus,
1200 596 1295 667 qui
1320 611 1421 666 pro
1459 595 1619 651 nobis
1657 609 1853 665 passus
1904 603 2010 659 est,
2061 609 2094 647 a

509 694 741 755 peccato
765 702 867 743 nos
895 696 953 742 et
977 689 1241 745 servitute
1269 689 1389 758 ejus
1432 688 1689 744 liberavit
1720 704 1734 740 :
1782 703 1893 741 non
1963 688 2094 757 quia

509 776 688 844 prima
716 776 807 831 die
835 791 1000 831 omne
1025 793 1164 847 opus
1194 779 1395 833 servile
1444 793 1557 832 non
1616 778 1735 832 ﬁeri
1796 779 2088 849 praecepit,

508 867 634 922 aliis
662 878 842 923 autem
865 869 1062 924 diebus
1102 871 1223 925 ideo
1247 886 1412 941 opera
1428 871 1511 942 agi
1527 870 1756 926 servilia
1792 871 2091 943 praeepit:

509 959 633 1014 vide
658 975 789 1031 ergo
827 961 961 1031 quid
991 962 1238 1016 subdidit
1271 981 1285 1019 :

574 1051 676 1106 Sed
710 1054 937 1124 offeratis
987 1057 1312 1125 sacriﬁcium
1340 1059 1396 1111 in
1428 1060 1548 1130 igne
1584 1059 1829 1114 Domino.
1849 1060 1977 1115 Sive
2032 1068 2093 1113 ut

508 1140 650 1195 LXX
688 1162 701 1197 :
729 1143 970 1215 Oﬂ'eretis
1021 1148 1450 1204 holocautomata
1480 1150 1706 1206 Domino
1731 1161 1927 1222 septem
1978 1153 2093 1207 die-

508 1236 622 1291 bus.
657 1237 781 1294 Dies
805 1248 989 1295 autem
1024 1242 1295 1311 septimus
1324 1243 1431 1298 erit
1453 1243 1723 1299 celebrior
1741 1253 1799 1300 et
1827 1245 2093 1310 sanctior,

509 1330 830 1401 nullumque
859 1348 999 1403 opus
1059 1333 1258 1389 servile
1290 1334 1506 1391 facietis
1546 1336 1603 1391 in
1641 1352 1729 1391 eo.
1764 1336 2094 1392 llolocauto—

509 1432 654 1479 mata
683 1439 813 1495 ergo
841 1434 1050 1493 septem
1075 1426 1270 1481 diebus
1303 1426 1491 1482 oﬂ‘erri
1550 1429 1897 1500 prrecipiens,
1922 1430 2096 1485 absti-

509 1532 643 1571 nere
672 1517 838 1573 etiam
859 1519 928 1573 ab
954 1518 1213 1573 omnibus
1238 1520 1499 1590 operibus
1552 1521 1848 1577 servilibus
1906 1521 1963 1575 in
2014 1522 2096 1577 eis

508 1609 790 1678 praecepit.
815 1609 1102 1676 Quomodo
1122 1610 1271 1666 enim
1298 1611 1421 1681 quis
1441 1611 1825 1667 holocaustum
1868 1613 1982 1668 Deo
2005 1612 2066 1668 of
2069 1642 2097 1654 -

510 1699 669 1765 feret,
725 1701 947 1757 diabolo
973 1703 1191 1774 dignus,
1250 1713 1347 1758 aut
1392 1704 1610 1760 servilia
1641 1705 1844 1777 agens?
1891 1706 2096 1762 Deinde

510 1806 623 1845 non
650 1791 830 1847 solum
861 1794 1121 1863 primam,
1144 1795 1241 1850 sed
1274 1804 1331 1851 ct
1360 1796 1648 1866 septimam
1673 1806 1965 1868 propterea
1998 1815 2097 1854 no-

510 1879 762 1947 minavit,
791 1882 928 1937 utin
980 1883 1152 1952 prima
1196 1893 1254 1940 et
1302 1886 1358 1940 in
1386 1886 1616 1956 septima
1643 1895 1808 1941 totam
1840 1902 2095 1958 compre-

510 1973 964 2030 henderetvitam
991 1977 1310 2033 humanam.
1367 1977 1461 2033 llla
1492 1978 1639 2033 enim
1700 1979 1941 2044 initium,
1994 1980 2097 2034 ista

509 2072 694 2120 autem
724 2064 886 2120 tinem
915 2066 1082 2123 habet
1133 2067 1190 2122 in
1220 2083 1326 2138 qua
1379 2069 1565 2125 omnia
1614 2071 2095 2140 comprehendun-

509 2162 618 2207 tur.
662 2152 891 2210 Videtur
916 2165 1099 2211 autem
1141 2169 1195 2212 et
1221 2159 1325 2213 hoc
1362 2160 1678 2230 praecipere,
1704 2169 1762 2215 ut
1793 2162 1839 2216 is
1867 2162 1960 2231 qui
1993 2162 2096 2215 im-

506 2240 713 2309 buitur,
744 2243 861 2299 sive
899 2244 1149 2300 initiatur
1177 2248 1458 2318 mysterio,
1484 2249 1697 2303 nullum
1734 2264 1876 2319 opus
1898 2251 2097 2306 servile

506 2342 680 2405 agat:
727 2344 945 2406 oportet
989 2338 1195 2409 quippe
1235 2339 1388 2393 illum
1422 2356 1606 2412 agere,
1662 2358 1785 2412 qua:
1830 2344 2097 2401 libertatis

504 2434 653 2493 sunt,
687 2427 813 2497 quia
844 2443 946 2483 nos
983 2428 1247 2486 Dominus
1269 2431 1519 2489 liberavit
1553 2450 1652 2504 per
1678 2450 1804 2489 eum
1837 2436 1928 2506 qui
1948 2437 1999 2492 ei
2021 2438 2098 2492 si-

504 2528 705 2590 gnatus
728 2530 833 2576 est.
857 2522 912 2576 Si
940 2530 1125 2577 autem
1149 2524 1352 2594 aliquid
1374 2534 1499 2595 post
1514 2526 1619 2583 hoc
1645 2529 1836 2597 egerit,
1852 2530 1998 2598 quod
2029 2531 2097 2584 ad

504 2610 825 2666 servitutem
848 2613 1109 2682 pertinet,
1139 2629 1385 2684 peccans
1409 2625 1470 2671 ut
1494 2617 1680 2680 homo,
1728 2618 1921 2673 saltem
1952 2620 2095 2690 ejus,

503 2719 628 2773 quae
680 2704 748 2759 ad
798 2703 964 2758 finem
995 2715 1102 2770 est,
1160 2706 1431 2763 libertatis
1450 2709 1787 2780 diligentiam
1811 2720 1984 2780 gerat,
2041 2722 2100 2767 et

504 2793 759 2851 intendat
809 2811 919 2866 quo
963 2797 1126 2852 modo
1172 2807 1362 2853 noster
1409 2798 1535 2854 finis
1582 2799 1762 2856 bonus
1806 2801 2093 2871 ciliciatur,

503 2886 783 2953 quomodo
821 2888 1054 2958 septima
1081 2888 1222 2955 dies,
1276 2897 1498 2961 tempus
1554 2892 1833 2959 videlicet,
1880 2894 1935 2949 in
1987 2911 2098 2966 quo

507 2978 823 3047 transimus,
854 2995 1019 3035 omne
1071 2996 1211 3051 opus
1261 2982 1466 3038 servile
1501 2999 1610 3038 non
1647 2985 1867 3040 habeat.
1920 2986 1976 3040 In
2029 3005 2097 3043 eo

505 3072 651 3126 enim
684 3073 740 3127 in
764 3090 874 3143 quo
895 3089 998 3128 nos
1022 3073 1168 3129 Deus
1200 3073 1498 3142 invenerit,
1542 3076 1595 3130 in
1635 3077 1753 3147 ipso
1774 3087 1830 3133 et
1848 3079 2098 3149 judicare

2138 376 2615 448 PRESBYTERI
3612 393 3716 463 mat

2124 507 2167 560 Α
2197 500 2396 554 mentis
2433 500 2568 567 suis,
2595 501 2651 555 in
2680 498 2906 555 odorem
2938 500 3325 556 suavissimum
3381 498 3604 559 Domino.
3640 506 3715 564 Fa-

2197 591 2356 646 cictis
2381 601 2438 646 et
2461 592 2675 646 hircum
2706 608 2806 663 pro
2828 600 3077 663 peccato,
3129 594 3375 663 duosque
3410 609 3565 664 agnos
3596 602 3717 656 anni-

2196 685 2370 749 culos,
2405 684 2613 740 hostias
2635 685 3008 756 pacificorum.
3039 685 3287 757 Cumque
3317 686 3597 745 elevaverit
3645 708 3717 748 cas

2196 777 2451 833 sacerdos
2475 793 2602 833 cum
2631 778 2863 845 panibus
2894 777 3259 847 primitiarum
3298 793 3475 833 coram
3516 780 3719 852 Domino,

2197 867 2396 922 cedent
2418 867 2474 920 in
2511 883 2671 921 usum
2706 869 2846 938 ejus.
2882 868 2951 922 Et
3005 868 3272 923 vocabitis
3294 868 3438 924 hunc
3468 870 3597 924 diem
3616 874 3722 927 cele-

2198 960 2519 1026 berrimum,
2557 969 2722 1031 atque
2748 960 3181 1025 sanctissimum,
3213 976 3377 1017 omne
3400 977 3531 1032 opus
3564 966 3722 1021 servile

2197 1052 2309 1103 non
2349 1048 2565 1105 facietis
2620 1050 2676 1103 in
2725 1066 2813 1104 eo.
2851 1048 3181 1121 Legitimutn
3240 1050 3611 1120 sempiternum
3648 1056 3724 1110 erit

2198 1143 2254 1197 in
2313 1142 2531 1198 cunctis
2599 1141 2947 1207 habitaculis,
3033 1151 3089 1197 et
3154 1143 3588 1213 generationibus
3657 1164 3725 1203 ve-

2198 1234 2345 1290 stris.
2376 1253 2395 1287 ι

2269 1326 2408 1392 Quia
2443 1326 2604 1397 longe
2634 1344 2665 1380 a
2704 1325 2963 1396 praesenti
3017 1327 3137 1398 lege
3169 1327 3409 1398 populus
3457 1326 3720 1388 Judaeon

2199 1424 2304 1481 est,
2325 1416 2445 1487 ipsa
2460 1417 2657 1473 docere
2680 1431 2784 1471 nos
2809 1418 2976 1473 verba
2994 1427 3228 1488 possunt
3248 1419 3510 1474 discussa.
3531 1421 3727 1494 Arguun-

2199 1516 2291 1561 tur
2322 1516 2531 1570 autem.
2563 1523 2743 1578 neque
2768 1509 3075 1563 secundum
3108 1509 3350 1565 litteram
3379 1511 3643 1581 impleutes
3664 1532 3724 1584 ea,

2197 1615 2302 1654 nec
2339 1600 2599 1669 spiritum
2644 1600 2974 1671 intelligere,
3007 1602 3101 1672 qui
3149 1601 3203 1656 in
3256 1604 3341 1657 eis
3364 1613 3467 1665 est,
3513 1606 3725 1661 valentes.

2196 1690 2386 1747 Altero
2417 1691 2505 1747 die
2534 1691 2711 1762 prima
2756 1693 3013 1748 videlicet
3044 1709 3364 1764 azymorum
3393 1694 3578 1750 offerre
3598 1698 3727 1752 maui-

2200 1782 2411 1853 pulum,
2448 1793 2504 1837 et
2533 1798 2692 1838 ovem
2740 1783 3026 1839 immolare
3059 1800 3227 1855 super
3254 1800 3382 1840 eum
3433 1790 3673 1857 praecepit.
3696 1792 3726 1843 Α

2128 1844 2171 1903 Β
2199 1844 2288 1926 die
2336 1844 2543 1937 autem,
2600 1870 2656 1924 in
2713 1886 2822 1941 quo
2881 1872 2984 1926 hoc
3031 1844 3371 1943 tiu-septem
3420 1844 3727 1931 hebdomadas

2199 1964 2500 2028 numerari,
2531 1972 2587 2018 et
2616 1965 2852 2019 alterum
2881 1964 3025 2019 diem
3055 1964 3266 2020 ultima:
3292 1965 3645 2031 hebdomade,
3672 1968 3726 2021 sic

2198 2055 2557 2112 Pentecostes
2633 2057 2913 2112 celebrare
2966 2056 3326 2112 festivitatem
3380 2058 3434 2111 in
3502 2042 3597 2123 his,
3643 2075 3727 2128 qua

2197 2166 2347 2205 nunc
2376 2151 2511 2205 dixit
2536 2150 2821 2221 pra-cepit.
2853 2150 3087 2218 Quidam
3108 2160 3296 2205 autem
3319 2153 3397 2206 sic
3434 2151 3726 2206 inveniuntur

2197 2238 2553 2295 Pentecostes
2604 2240 2961 2295 festivitatem
3009 2241 3320 2296 celebrare.
3348 2243 3389 2294 A
3435 2241 3595 2311 prima
3623 2243 3738 2317 enim.

2198 2347 2543 2404 azymorum,
2574 2348 2688 2387 non
2733 2343 2917 2388 autem
2942 2349 2970 2387 a
2998 2333 3110 2395 die,
3145 2333 3200 2387 in
3263 2350 3372 2404 qua
3424 2335 3726 2403 manipulum.

2198 2440 2320 2495 quae
2338 2425 2514 2495 prima
2539 2439 2858 2495 azymorum
2894 2425 2949 2478 in
2981 2425 3292 2479 crastinum
3325 2424 3557 2479 secunda
3582 2422 3725 2478 videli-

2198 2528 2288 2574 cet
2326 2518 2467 2583 dies,
2505 2526 2892 2588 computantes
2943 2518 3214 2573 celebrari
3248 2518 3465 2572 sibimet
3516 2515 3725 2572 l’etttecoo

2198 2615 2338 2661 stem
2375 2606 2698 2676 praedicant.
2735 2603 2970 2675 Propter
2989 2606 3138 2677 quod
3167 2605 3253 2660 cis
3287 2603 3548 2661 Dominus
3576 2605 3725 2674 impro-

2199 2713 2401 2767 perans
2450 2697 2597 2767 quod
2653 2699 2961 2752 secundum
3006 2697 3255 2752 litteram
3339 2702 3451 2752 non
3496 2696 3727 2768 implerent

2198 2791 2373 2854 legem
2427 2790 2644 2845 dicebat
2682 2807 2695 2843 :
2728 2789 2794 2844 Et
2851 2807 3004 2845 nemo
3058 2807 3124 2845 ea:
3159 2791 3308 2845 nobis
3362 2792 3488 2861 facit
3533 2792 3724 2864 legem”.

2198 2884 2444 2941 Ecclesia
2466 2892 2648 2939 autem
2668 2882 2800 2940 facit
2827 2884 2970 2940 sicut
2998 2900 3148 2940 nunc
3181 2885 3512 2941 ostenditur.

2270 3002 2596 3071 Locutusque
2654 3011 2733 3056 est
2786 3001 3045 3057 Dominus
3111 3006 3187 3059 ad
3272 3005 3503 3076 Moysem
3553 3002 3731 3056 ditent:

2198 3093 2435 3165 Loquere
2459 3094 2585 3164 ﬁliis
2614 3093 2805 3157 Israel,
2830 3105 2879 3149 et
2909 3096 3050 3150 dices
3109 3097 3183 3150 ad
3233 3114 3351 3152 eos:
3409 3097 3532 3154 Cum
3567 3093 3732 3165 ingressi

504 3162 1055 3235 promittit.’Pro'ptcr
1083 3167 1225 3237 quod
1246 3177 1303 3223 et
1335 3165 1523 3235 David,
1546 3168 1608 3222 In
1623 3170 1752 3239 ﬁne,
1774 3170 1841 3224 ne
1863 3187 2095 3225 corrum-

2205 3162 2410 3240 fueritis
2442 3162 2662 3252 terram,
2704 3202 2867 3256 quam
2894 3203 2988 3257 ego
3031 3187 3168 3241 dabo
3198 3188 3353 3241 vobis
3379 3198 3428 3242 et
3475 3185 3732 3243 messueritit

505 3272 625 3324 pas,
649 3256 916 3325 plurimos
955 3258 1295 3314 Psalmorum
1326 3262 1656 3330 praescrihit.

578 3346 745 3403 Vens.
770 3350 926 3405 9-14.
956 3370 975 3402 ι
1010 3351 1361 3423 Locutusque
1386 3362 1470 3409 est
1499 3354 1766 3412 Dominus
1788 3357 1855 3412 ad
1876 3355 2094 3428 Moysen

505 3440 697 3496 dicens
727 3457 741 3495 :
781 3440 1030 3512 Loquere
1046 3444 1172 3500 ﬁliis
1192 3445 1379 3513 Israel,
1413 3455 1471 3502 et
1504 3448 1658 3504 dices
1681 3448 1750 3503 ad
1781 3464 1877 3505 eos
1913 3467 1927 3503 :
1959 3449 2097 3505 Cum

509 3535 736 3606 ingressi
761 3537 975 3592 fueritis
1010 3547 1210 3593 terram
1251 3555 1414 3611 quam
1463 3556 1567 3611 ego
1619 3543 1759 3597 dabo
1819 3544 1992 3610 vobis,
2043 3553 2101 3598 et

508 3625 847 3681 messueritis
872 3637 1085 3698 segetes
1118 3638 1278 3684 terra:
1325 3639 1543 3696 vestrae,
1577 3630 1768 3687 feretis
1791 3633 2100 3703 manipulos

508 3718 804 3786 Spicarum,
836 3720 1107 3789 primitias
1129 3721 1326 3776 messis
1366 3731 1584 3787 vestras,
1629 3725 1697 3779 ad
1733 3726 2097 3780 sacerdotem.

508 3806 611 3871 Qui
663 3808 863 3863 levabit
906 3809 1228 3865 fasciculum
1279 3826 1464 3866 coram
1507 3812 1739 3868 Domino
1762 3824 1820 3868 ut
1843 3824 2100 3885 accepta-

509 3897 637 3954 bilis
664 3900 737 3954 sit
765 3917 862 3971 pro
886 3902 1061 3957 vobis.
1094 3903 1284 3957 Altero
1315 3904 1406 3959 die
1445 3905 1705 3972 Sabbato,
1733 3908 2102 3963 sanctiﬁcabit

511 3990 685 4058 illum,
706 4002 870 4062 atque
907 3995 961 4048 in
1000 3995 1192 4049 eodem
1209 3994 1299 4050 die
1319 4012 1429 4066 quo
1467 3998 1781 4068 manipulus
1802 4015 2100 4055 consecra-

512 4094 622 4152 tur,
655 4085 897 4140 caedetur
917 4102 1091 4158 agnus
1115 4088 1503 4145 immaculatus
1552 4090 1847 4145 anniculus
1868 4090 1922 4144 in
1947 4091 2103 4146 holo-

511 4189 762 4234 caustum
790 4178 1042 4246 Domino,
1072 4190 1128 4236 et
1160 4181 1459 4239 libamenta
1493 4182 1798 4238 afferentur
1851 4199 1979 4239 cum
2034 4199 2102 4238 eo

512 4270 637 4324 (tua:
670 4269 899 4326 decimas
939 4272 1131 4328 simila:
1175 4290 1487 4344 conspersae
1535 4274 1659 4329 oleo
1708 4274 1765 4327 iu
1813 4275 2102 4329 iucensmn

515 4358 747 4414 Domino
767 4361 1101 4434 odoremque
1125 4367 1537 4430 suavissimum,
1570 4365 1681 4420 liba
1710 4380 1931 4435 quoque
1965 4368 2100 4429 vini,

513 4459 705 4520 quarta
727 4469 853 4524 pars
872 4455 989 4510 hin.
1019 4456 1222 4514 Panem
1258 4468 1316 4514 et
1340 4459 1642 4529 polentam,
1686 4466 1744 4513 et
1770 4459 1949 4528 pultes
1990 4474 2103 4512 non

514 4545 813 4601 comedetis
837 4563 902 4602 ex
921 4559 1125 4618 segete,
1145 4566 1321 4619 usque
1350 4550 1420 4605 ad
1455 4548 1602 4604 diem
1629 4564 1741 4619 quo
1769 4547 2017 4603 oneratis
2033 4564 2103 4603 ex

514 4650 577 4690 ea
605 4634 712 4690 Deo
730 4646 935 4705 vestro,
969 4650 1304 4711 praeceptum
1326 4649 1411 4697 est
1431 4640 1827 4710 sempiternum
1860 4638 1913 4692 in
1933 4655 2102 4709 gene-

515 4729 844 4799 rationibus,
877 4733 1203 4804 cunctisque
1248 4732 1574 4789 habitaculis
1631 4732 1851 4787 vestris.
1899 4732 2105 4787 Nume-

520 4822 711 4879 rabitis
739 4840 869 4896 ergo
895 4827 964 4881 ab
993 4828 1168 4883 altero
1184 4827 1278 4883 die
1304 4827 1552 4892 Sabbati,
1590 4827 1645 4881 in
1692 4842 1803 4896 quo
1827 4826 2105 4883 obtulistis

519 4918 855 4990 manipulum
889 4922 1274 4992 primitiarum,
1300 4934 1507 4992 septem
1524 4923 1894 4979 hebdomadas
1913 4923 2105 4994 plenas

521 5026 695 5081 usque
723 5013 791 5067 ad
821 5013 965 5069 diem
995 5014 1224 5069 alteram
1265 5014 1593 5085 expletionis
1624 5014 1986 5070 hebdomadas
2018 5030 2107 5069 sc-

518 5105 728 5174 plimte,
771 5106 824 5161 id
846 5116 931 5162 est
976 5109 1375 5179 quinquaginta
1428 5109 1592 5164 dies:
1631 5119 1689 5165 et
1721 5109 1805 5164 sic
1862 5109 2110 5165 oﬂeretis

519 5197 847 5253 sacrificium
877 5215 1077 5253 novum
1114 5201 1364 5268 Domino,
1391 5217 1460 5256 ex
1495 5203 1752 5257 omnibus
1779 5202 2110 5257 habitaculis

519 5291 737 5345 vestris.
770 5289 947 5347 Panes
970 5291 1334 5363 primitiarum
1376 5296 1514 5350 duos
1534 5298 1602 5351 de
1631 5296 1848 5351 duabus
1878 5295 2110 5352 decimis

521 5381 715 5438 simila:
745 5383 1112 5449 fermentatus,
1143 5402 1282 5456 quos
1319 5388 1566 5457 coquetis
1600 5389 1655 5443 in
1692 5387 1967 5458 primitias
2000 5385 2105 5442 Do-

523 5477 681 5530 mini.
710 5476 1077 5546 Offeretisque
1103 5493 1229 5532 cum
1261 5480 1496 5547 panibus
1519 5489 1729 5549 septem
1798 5494 1969 5549 agnos
2009 5478 2113 5531 itu-

524 5568 825 5624 utaculatos
855 5568 1163 5636 anniculos,
1191 5578 1247 5623 et
1272 5570 1502 5624 vitulum
1532 5571 1599 5626 de
1623 5580 1878 5625 armento
1912 5586 2105 5635 unum,

525 5667 581 5712 et
607 5660 808 5715 arietes
839 5660 996 5726 duos,
1020 5668 1076 5715 et
1112 5670 1276 5715 erunt
1326 5661 1378 5714 in
1415 5663 1794 5717 holocaustum
1822 5678 1946 5715 cum
1972 5661 2111 5716 liba-

2199 3286 2396 3347 segt-tes
2428 3286 2585 3331 terra:
2618 3286 2823 3337 vestraz.
2875 3278 3103 3347 offeratis
3158 3278 3461 3345 manipulos
3498 3283 3730 3345 spicarum,

2200 3370 2467 3436 primitias
2497 3369 2681 3423 messis
2718 3379 2904 3424 vestra:
2943 3371 3012 3422 ad
3051 3371 3404 3424 sacerdotem.
3454 3369 3548 3435 Qui
3592 3368 3731 3422 levabit

2201 3460 2515 3531 fasciculum
2572 3476 2752 3514 corant
2803 3460 3052 3523 Domino,
3097 3469 3152 3512 ut
3186 3460 3529 3528 arceptabilis
3566 3459 3623 3511 sit
3668 3472 3734 3525 pro

2200 3553 2362 3607 vobis.
2397 3551 2620 3606 Terram
2652 3567 2683 3605 a
2717 3552 2825 3605 Deo
2844 3552 3050 3617 datam,
3075 3551 3458 3622 evangelicam
3491 3545 3732 3603 doctrinam

2201 3655 2257 3700 ct
2286 3644 2763 3701 conversationem
2792 3644 3119 3714 frequenter
3150 3643 3471 3697 docuimus.
3497 3639 3606 3712 Ipsa
3626 3636 3732 3691 enim

2203 3747 2349 3793 terra
2386 3737 2609 3804 dicitur,
2660 3746 2890 3808 propter
2942 3736 3155 3792 fructus
3187 3736 3463 3791 virtutum
3492 3731 3576 3803 qui
3619 3745 3671 3782 ex
3691 3742 3734 3781 ea

2202 3828 2478 3881 oriuntur.
2514 3826 2598 3881 Ab
2637 3826 2758 3896 ipso
2779 3835 2965 3881 autem
2996 3823 3110 3881 Deo
3143 3825 3277 3880 data
3308 3836 3412 3889 est,
3451 3836 3613 3892 neque
3630 3816 3734 3874 enim

2204 3914 2509 3970 mediatore
2529 3914 2598 3968 ad
2631 3914 2776 3969 hanc
2804 3927 2941 3968 usus
2961 3921 3069 3977 est,
3111 3913 3208 3968 sed
3236 3912 3458 3982 proprio
3483 3926 3543 3966 ea
3572 3919 3736 3963 annun-

2204 4006 2501 4061 tiavitore.
2541 4005 2775 4072 Quando
2824 4020 2954 4076 ergo
2993 4005 3225 4076 ingressi
3259 4015 3411 4069 sunt,
3456 4014 3509 4059 et
3545 4014 3735 4058 messue-

2205 4108 2337 4155 runt
2390 4109 2607 4170 segetes
2675 4099 2819 4169 ejus,
2884 4097 2943 4153 hi
2992 4098 3085 4168 qui
3139 4106 3509 4169 susceperunt
3551 4094 3734 4149 salutare

2204 4191 2457 4245 verbum.
2504 4189 2583 4243 llli
2624 4189 2773 4244 enim
2796 4197 2931 4244 sunt
2964 4198 3021 4244 et
3048 4205 3351 4257 messores,
3401 4200 3456 4244 et
3480 4180 3735 4252 intelligibi-

2205 4284 2282 4337 les
2317 4291 2528 4353 segetes
2543 4282 2611 4337 ad
2631 4298 2770 4352 quos
2801 4281 3067 4337 Dominus
3088 4282 3342 4338 dicebat:
3368 4282 3547 4339 Messis
3573 4279 3734 4349 quidem

2207 4374 2401 4438 multa,
2435 4375 2671 4445 operarii
2704 4383 2884 4429 autem
2916 4376 3102 4445 pauci,
3135 4385 3320 4447 rogate
3347 4376 3616 4430 Dominum
3639 4382 3733 4421 mea

2206 4470 2300 4529 sis.
2350 4476 2407 4522 ut
2448 4469 2628 4522 mittat
2671 4469 2945 4538 operarios
3007 4470 3067 4522 in
3105 4468 3568 4530 messemsuam”,
3586 4461 3736 4533 quibus

2139 4547 2183 4602 ί)
2216 4563 2387 4616 etiam
2429 4560 2583 4617 verbi
2631 4561 2957 4632 mysterium
3002 4561 3255 4628 credidit,
3293 4570 3431 4617 tunc
3471 4557 3644 4614 messis
3681 4550 3735 4605 sic

2212 4662 2427 4705 matura
2470 4660 2611 4716 erat,
2661 4658 2724 4705 ut
2773 4650 3042 4706 Dominus
3080 4651 3324 4705 diceret:
3379 4650 3562 4705 Levate
3607 4639 3735 4698 oculos

2210 4751 2432 4807 uestros,
2453 4743 2624 4797 videte
2650 4743 2907 4813 regiones,
2950 4745 3077 4814 quia
3105 4742 3246 4797 alba:
3275 4752 3397 4797 sunt
3421 4742 3535 4811 jam
3560 4737 3621 4791 ad
3658 4746 3736 4787 me-

2214 4833 2428 4886 tendum
2446 4832 2515 4886 “.
2568 4831 2908 4903 Manipnlum
2945 4841 3129 4888 autem
3176 4833 3559 4903 primitiarum,
3588 4820 3736 4880 intelli-

2213 4923 2395 4994 gibilis
2429 4924 2688 4980 sacerdos
2724 4923 3225 4995 Christus-corpus
3256 4923 3538 4995 proprium
3579 4915 3735 4973 oﬂ‘cre-

2216 5018 2328 5072 bat.
2394 5016 2531 5084 Quia
2583 5017 2731 5073 enim
2786 5018 3091 5087 capitulum
3149 5018 3267 5072 sive
3325 5029 3530 5071 summa
3570 5003 3734 5064 messis.

2215 5107 2373 5163 verbi
2422 5108 2682 5164 videlicet
2729 5109 3007 5174 salutaris,
3049 5119 3105 5164 et
3146 5109 3348 5165 divina:
3394 5094 3736 5178 praedicationis

2216 5208 2561 5255 mortuorum
2595 5208 2716 5256 erat
2772 5199 3126 5265 resurrectio,
3155 5200 3229 5255 ita
3261 5210 3320 5255 ut
3349 5198 3542 5254 Paulus
3583 5195 3736 5248 clama-

2218 5300 2335 5346 ret:
2376 5290 2483 5345 Viri
2514 5291 2799 5356 Pharisaei,
2829 5292 2895 5345 de
2921 5307 3010 5362 spe
3041 5300 3092 5346 et
3153 5291 3527 5346 resurrectione
3552 5290 3734 5340 mortuo:

2215 5400 2335 5438 rum
2362 5401 2456 5456 ego
2496 5385 2718 5456 judieor
2762 5386 2915 5440 hodie
2933 5387 2999 5450 ³¹,
3033 5386 3323 5456 oportebat
3368 5376 3732 5438 satisfactionem

2215 5475 2373 5545 sequi
2416 5476 2846 5546 praedicationis,
2888 5493 3016 5531 nam
3062 5485 3118 5531 et
3143 5475 3433 5530 subsecuta
3474 5478 3568 5525 est.
3607 5461 3735 5554 Vetus

2217 5566 2364 5619 enim
2400 5566 2739 5636 manipulus,
2768 5576 2825 5621 et
2852 5582 2995 5621 verae
3035 5564 3293 5636 primitiae
3336 5570 3528 5617 nostrae
3568 5560 3730 5607 missu.

2219 5675 2369 5715 nunc
2401 5661 2761 5733 intelligihilis
2805 5661 3065 5718 sacerdos
3099 5659 3373 5727 Christus,
3432 5663 3608 5726 corpus
3638 5652 3732 5713 IW'

626 5823 674 5854 ³⁸
697 5837 857 5893 Joan.
881 5857 980 5903 vn,
1006 5840 1090 5896 l9.
1166 5839 1419 5897 "Matth.
1457 5859 1528 5909 ιχ,
1564 5843 1653 5898 57.
1732 5843 1774 5873 ³⁰
1804 5840 1958 5896 .loan.
1994 5856 2066 5907 tv,
2096 5842 2099 5889 ἰ

2260 5840 2300 5871 ³¹
2335 5839 2456 5895 Act.
2484 5856 2639 5903 XXIII.
2674 5840 2726 5895 6.
