3892 6414
124 422 270 491 1085

1248 420 1330 479 ΙΝ
1372 415 1811 479 LE'v'lTICUM.
1845 440 1916 452 --
1954 417 2102 477 LIB.
2136 418 2235 481 VI.

3242 426 3377 495 1036
3428 496 3435 499 μ

118 539 309 609 prium
337 552 369 592 a
396 536 627 592 mortuis
650 536 958 602 suscitavit,
991 534 1057 591 de
1088 549 1198 605 quo
1227 532 1425 587 Paulus
1456 531 1700 586 dicebat:
1734 538 1776 590 Α
1881 528 1946 582 Et
1988 531 2257 600 polentam
2294 536 2344 585 et
2389 532 2561 600 pultes
2614 549 2718 586 non
2764 500 3043 589 comedetis
3072 552 3135 590 εκ
3182 550 3372 608 segete,

119 632 284 686 Nunc
311 640 488 685 autem
543 629 782 685 Christus
812 630 1098 683 resurrexit
1144 645 1177 681 a
1240 626 1480 687 mortuis,
1515 623 1701 693 primi-

120 727 213 778 tia:
278 724 649 778 dormientium
668 723 733 775 ³³.
787 721 895 776 Sed
929 721 1149 791 quando
1198 720 1302 773 hoc
1358 717 1563 785 factum
1593 723 1699 776 est,

115 818 299 871 altera
318 816 408 870 die
443 814 638 869 offeret
690 814 820 868 illud
848 813 1124 868 sacerdos.
1184 811 1316 866 Esse
1354 819 1535 863 autem
1587 805 1701 876 pri-

116 925 271 962 mam
301 909 445 963 diem
466 905 765 961 Dominica:
820 903 1113 975 passionis,
1164 917 1223 956 ea
1253 916 1371 971 quae
1422 906 1550 953 ante
1595 899 1700 951 hoc

116 1000 386 1063 diximus,
414 998 797 1058 ostenderunt,
829 997 885 1050 in
931 1012 1039 1065 qua
1082 995 1343 1049 Dominus
1408 1008 1561 1046 suam
1600 990 1701 1044 ho-

113 1091 288 1158 stiam
316 1105 422 1144 non
452 1089 570 1143 sine
594 1088 802 1141 ratione
836 1085 1192 1157 dispensavit.
1238 1085 1341 1137 Sed
1369 1083 1493 1152 quia
1525 1081 1698 1151 prima

112 1196 440 1253 azymorum
494 1180 641 1243 haec,
701 1190 756 1233 et
810 1179 983 1249 prima
1041 1175 1320 1231 Paschalis
1386 1171 1698 1228 festivitatis

113 1273 426 1335 dicebatur,
476 1270 648 1325 altera
697 1271 814 1325 dies
859 1268 1129 1339 passionis
1185 1267 1514 1321 resurrectio
1564 1264 1692 1318 fuit:

113 1365 287 1434 hujus
331 1363 409 1418 rei
456 1362 650 1434 gratia,
704 1377 828 1416 cum
869 1361 1141 1431 potuisset
1194 1360 1397 1421 dicere,
1455 1356 1695 1411 secunda

114 1469 433 1526 azymorum
461 1452 658 1509 offeret
691 1453 803 1511 ,hoc
854 1452 1131 1517 sacerdos,
1160 1467 1267 1505 non
1304 1450 1385 1504 sic
1432 1448 1590 1514 dixit,
1635 1457 1697 1502 ut

111 1564 227 1603 non
289 1547 357 1600 ad
413 1546 842 1615 subsequentem
892 1544 1036 1599 diem
1094 1543 1399 1606 deduceret
1449 1549 1692 1594 nostram

108 1637 528 1710 cogitationem,
581 1636 678 1691 sed
731 1635 882 1690 etin
931 1634 1231 1689 crastinum
1285 1633 1497 1702 primae.
1557 1630 1696 1686 Dicit

103 1740 301 1785 autem
334 1728 820 1794 resurrectionem,
853 1728 981 1796 quia
1014 1725 1473 1796 quemadmodum
1502 1723 1696 1778 crasti—

102 1838 222 1877 nus
271 1822 392 1877 dies
420 1821 690 1875 hodierno
728 1818 994 1881 succedit,
1046 1818 1125 1872 sic
1176 1816 1445 1872 successit
1473 1814 1690 1869 Domini

104 1915 360 1985 passioni
398 1913 751 1968 resurrectio.
799 1910 878 1966 Tu
908 1919 1092 1965 autem
1122 1909 1343 1964 attende
1390 1923 1453 1963 ea
1477 1923 1597 1977 qua:
1636 1907 1692 1961 in

107 2008 586 2076 subsequentibus
652 2005 934 2068 dicuntur,
1002 2012 1056 2057 et
1123 2001 1414 2056 verborum
1480 1998 1689 2053 custodi

107 2100 535 2156 districtionem.
568 2099 812 2152 Primum
843 2097 990 2151 enim
1030 2095 1373 2164 manipulum
1424 2091 1695 2162 primitia-

105 2210 259 2258 rum,
310 2191 659 2248 sacerdotem
716 2189 959 2245 ostendit
1002 2188 1348 2251 offerentem,
1399 2195 1521 2255 post
1586 2183 1693 2237 hoc

100 2294 296 2338 autem
326 2283 434 2336 ait:
466 2280 635 2350 Atque
666 2281 724 2332 in
766 2280 945 2332 eodem
982 2279 1067 2331 die
1114 2293 1216 2347 quo
1240 2275 1541 2345 manipulus
1572 2291 1693 2327 con-

99 2384 375 2441 sacratur,
411 2373 627 2427 cedetur
670 2388 840 2442 agnus
890 2371 1271 2424 immaculatus
1309 2368 1590 2421 anniculus
1636 2369 1692 2420 in

101 2466 476 2520 holocaustum
512 2464 758 2517 Domino.
985 2515 997 2522 ,

176 2560 382 2613 Volens
409 2573 507 2613 nos
526 2562 582 2610 in
609 2556 700 2612 die
722 2571 829 2625 qua
856 2554 1198 2609 celebramus
1259 2549 1475 2606 Domini
1505 2564 1689 2604 resur-

100 2652 435 2717 rectionem,
491 2658 548 2704 ct
599 2647 865 2716 manipuli
912 2645 1312 2714 intelligibilem
1361 2642 1694 2698 oblationem

97 2745 473 2809 celebramus,
521 2757 632 2796 non
688 2739 934 2794 oblivisci
993 2736 1261 2792 Dominici
1315 2732 1593 2805 sacrificii,
1629 2747 1695 2786 ex

100 2852 219 2907 quo
256 2835 413 2890 nobis
446 2843 530 2888 est
559 2832 764 2887 oblatio
783 2828 1048 2900 manipuli
1076 2848 1089 2884 :
1115 2830 1212 2884 sed
1256 2827 1456 2883 cedere
1491 2839 1692 2895 agnum

100 2927 521 2985 immaculatum
553 2924 873 2980 anniculam
907 2922 963 2977 in
1011 2922 1392 2977 holocaustum
1441 2918 1692 2972 Domino.

98 3021 514 3093 lntelligihilem
571 3032 792 3089 agnum,
837 3016 1056 3071 Domini
1086 3013 1440 3069 traditionem
1491 3011 1695 3064 immo-

95 3116 287 3169 lantes
335 3113 585 3183 mystice,
640 3118 696 3166 et
756 3108 1052 3164 offerentes
1093 3124 1108 3161 :
1160 3105 1335 3176 ipsius
1373 3110 1582 3168 autem,
1637 3111 1697 3156 ut

96 3204 442 3262 sacriﬁcium
474 3203 736 3258 cedentes
761 3199 1085 3255 memoriam
1110 3198 1260 3252 fecit.
1302 3195 1495 3266 Neque
1547 3194 1692 3249 enim
1723 3221 1764 3275 ο

94 3299 286 3361 aliter,
321 3295 417 3350 sed
466 3310 563 3364 per
614 3294 734 3363 ejus
763 3291 1174 3347 meditationem
1233 3298 1291 3344 et
1347 3290 1604 3344 virtutem
1660 3304 1691 3342 a

94 3389 408 3446 sensilibus
430 3388 496 3441 ad
529 3385 890 3456 intelligibilia
923 3383 1332 3438 transferuntur
1365 3397 1429 3436 ea
1474 3397 1595 3452 qute
1635 3380 1689 3435 in

95 3478 197 3531 illo
231 3474 501 3531 sacriﬁcio
532 3484 890 3545 peraguntur.
924 3471 992 3526 Et
1020 3472 1167 3542 quod
1197 3471 1304 3527 hoc
1352 3479 1435 3526 est
1473 3470 1689 3527 sacriﬁ-

93 3566 289 3622 cium?
317 3565 455 3620 Dute
489 3566 705 3620 decima:
732 3564 926 3618 simila:
980 3579 1273 3632 conspersa:
1298 3561 1432 3616 oleo.
1461 3560 1690 3631 Oportet

93 3660 255 3713 enim
285 3659 432 3713 scire
482 3658 785 3729 perfectam
827 3655 1247 3716 humanitatem,
1280 3663 1334 3709 et
1389 3653 1687 3724 perfectam

91 3750 450 3807 divinitatem
474 3759 912 3819 contemperare,
939 3748 991 3802 id
1020 3758 1102 3802 est
1123 3747 1177 3801 in
1202 3762 1371 3801 unum
1395 3746 1690 3802 convenire

89 3843 152 3898 in
187 3842 343 3907 oleo,
377 3842 432 3897 id
460 3851 546 3897 est
580 3857 676 3912 per
708 3857 829 3896 eam
857 3856 1021 3910 quam
1055 3840 1200 3894 circa
1226 3853 1328 3893 nos
1354 3839 1690 3893 habetcum-

88 3936 419 4005 passionem
460 3935 586 3989 :sic
641 3934 788 3988 enim
821 3932 1152 3987 sacriﬁcium
1213 3931 1350 3985 odor
1404 3931 1689 3986 suavitatis

87 4028 346 4083 Domino
406 4026 706 4092 invenitur,
765 4026 1109 4096 sapientibus
1160 4024 1321 4079 nobis
1363 4025 1431 4078 de
1474 4040 1539 4078 eo
1568 4040 1688 4093 qua:

86 4123 272 4195 digna
311 4130 463 4175 sunt.
504 4121 565 4175 ln
596 4120 798 4190 quibus
848 4130 1036 4173 autem
1089 4116 1442 4182 sacrificium,
1499 4124 1554 4171 et
1592 4132 1690 4185 per

74 4230 237 4286 quos
265 4214 470 4285 agitur,
493 4213 767 4284 quomodo
793 4212 1105 4268 celebratur
1159 4209 1521 4280 intelligibilis
1561 4209 1687 4280 agni
1732 4253 1747 4265 .

73 4304 329 4369 oblatio,
358 4304 503 4373 quod
554 4305 804 4370 sequitur
861 4301 1123 4357 ostendit.
1181 4299 1372 4369 Neque
1426 4299 1573 4352 enim
1632 4297 1687 4352 in

68 4394 390 4466 sanguine,
420 4408 599 4462 neque
630 4408 729 4462 per
775 4389 1168 4445 irrationabilia
1206 4388 1482 4451 animalia,
1514 4386 1684 4442 sacri-

66 4486 284 4540 ﬁcium
344 4499 375 4538 a
443 4484 602 4539 nobis
661 4483 808 4539 Deus
863 4481 1116 4551 suscipit,
1182 4480 1486 4536 secundum
1539 4479 1685 4550 quod

59 4576 391 4648 sequentia
422 4574 787 4638 demonstrat,
821 4572 898 4626 ait
935 4571 1117 4625 cnim:
1224 4638 1229 4643 λ

147 4668 304 4721 Liba
352 4681 554 4735 quoque
586 4664 717 4727 vini,
752 4671 948 4734 quarta
982 4676 1107 4729 pars
1135 4659 1247 4724 Itin,
1284 4673 1476 4728 panem
1512 4666 1560 4711 et
1590 4674 1688 4726 po-

56 4766 328 4819 lentam.
355 4757 494 4825 Quia
527 4757 750 4811 dubium
790 4755 1034 4809 futurum
1091 4763 1212 4809 erat
1243 4752 1450 4817 forsan,
1492 4768 1522 4806 a
1562 4751 1687 4822 qui—

55 4853 192 4908 bus
227 4846 558 4919 mysterium
591 4843 866 4910 sacriﬁcii,
914 4841 1059 4912 quod
1106 4856 1206 4910 per
1248 4839 1531 4894 Christum
1578 4848 1683 4904 est,

58 4942 245 5015 quod
312 4938 569 5010 superius
616 4937 856 4992 diximus
906 4934 1271 4989 celebratur:
1326 4932 1496 4986 habes
1555 4945 1685 4986 ecce

60 5028 465 5102 intelligibilis
495 5025 865 5082 Melchisedec
889 5022 1244 5081 oblationem,
1278 5036 1398 5091 quae
1444 5019 1500 5073 in
1542 5033 1688 5089 pane

67 5138 139 5180 et
170 5125 319 5177 vino
348 5119 653 5191 perﬁcitur,
707 5118 760 5171 in
793 5132 898 5188 qua
935 5125 1127 5186 quarta
1159 5128 1285 5183 pars
1311 5113 1404 5166 hin
1443 5112 1498 5165 in
1534 5109 1690 5165 libris

67 5218 210 5274 vini
238 5215 501 5279 offertur,
535 5220 597 5267 ut
626 5228 724 5283 per
754 5220 1006 5281 quartam
1022 5206 1403 5277 Evangelicam
1436 5203 1690 5258 traditio-

80 5323 259 5373 nem,
316 5321 440 5376 quae
474 5305 530 5358 in
564 5303 722 5358 libris
754 5312 1009 5371 ,quatuor
1036 5306 1151 5353 est:
1204 5313 1304 5367 per
1367 5294 1688 5349 libationem

74 5415 234 5457 vero
267 5396 621 5452 Dominicum
658 5406 970 5448 sermonem
1000 5388 1354 5460 signiﬁcaret,
1395 5399 1523 5441 cum
1559 5384 1638 5437 ait
1673 5399 1687 5436 :

86 5493 201 5547 Hic
224 5498 307 5546 est
330 5505 477 5543 meus
509 5487 728 5556 sanguis
759 5485 849 5555 qui
896 5498 994 5552 pro
1027 5481 1168 5535 vobis
1188 5479 1437 5549 {nudetur
1454 5478 1534 5530 "z
1569 5476 1688 5531 sine

81 5580 498 5641 imminutione
537 5579 682 5632 enim
715 5575 1023 5646 signiﬁcare
1056 5570 1350 5642 legislatori
1397 5568 1575 5622 visum
1606 5575 1690 5622 cst

84 5675 314 5735 Christi
338 5670 687 5744 mysterium,
715 5675 938 5740 propter
966 5663 1116 5734 quod
1149 5672 1205 5717 et
1233 5659 1510 5718 subdidit:

1728 1870 1766 1926 ll

174 5850 219 5883 ³²
260 5847 436 5906 lCor.
464 5864 555 5914 xv,
589 5846 674 5900 12.
754 5846 798 5878 ³³
824 5843 991 5899 Marc.
1033 5858 1144 5907 xxv,
1183 5838 1303 5894 124.

1381 5835 1426 5868 ³⁸
1449 5834 1489 5890 ιι
1526 5834 1651 5890 Cor.
1678 5852 1731 5902 v,
1761 5833 1842 5888 l7.

1805 636 1966 690 usque
1994 622 2066 674 ad
2087 620 2227 674 diem
2256 638 2358 692 quo
2410 624 2642 693 offeratis
2674 641 2739 678 ex
2764 643 2826 680 ea
2854 626 2962 680 Deo
2995 638 3185 682 vestro.
3220 629 3375 684 Prat-

1803 724 2005 781 ceptum
2034 721 2110 765 est
2138 715 2510 781 sempiternum
2537 717 2591 768 in
2627 720 3049 786 generationibus
3074 723 3378 790 cunctisque

1800 802 2119 857 habitaculis
2146 806 2351 859 vestris.
2391 806 2518 860 Sive
2557 812 2856 862 secundum
2889 810 3028 865 LXX
3056 829 3069 865 :
3118 811 3184 865 Et
3215 813 3376 882 [ricta

1802 896 2044 950 cedrineu
2090 913 2193 949 non
2235 900 2649 966 manducabitis,
2686 918 2848 973 usque
2900 907 2958 957 in
3005 904 3153 958 illam
3204 907 3375 973 ipsam

1801 987 1936 1039 diem
1969 1003 2233 1058 quousque
2285 989 2507 1058 oﬂ'cretis
2536 1009 2755 1046 numera
2813 993 2923 1048 Deo
2952 1007 3142 1049 vestro.
3190 997 3377 1066 Legiti-

1801 1092 1944 1129 mttm
1968 1087 2221 1131 a'ternum
2253 1080 2307 1131 in
2328 1083 2597 1150 progenies
2630 1095 2847 1138 vestras.
2882 1085 3084 1139 Novam
3137 1102 3374 1140 conver-

1799 1162 2063 1217 sationem
2115 1164 2514 1227 inchoahimus,
2569 1170 2883 1238 priusquam
2910 1172 3027 1225 dies
3066 1172 3369 1234 advenerit,

1798 1263 2091 1324 antequam
2123 1256 2379 1324 praedicta
2412 1257 2556 1311 bona
2594 1257 2705 1313 Deo
2740 1261 3087 1323 offerrentur.
3117 1276 3183 1314 ex
3244 1263 3369 1330 qui-

1797 1345 1900 1400 bus
1939 1347 2110 1409 nobis,
2147 1363 2268 1417 qua:
2307 1358 2389 1401 est
2435 1348 2490 1401 in
2536 1349 2757 1405 Christo
2805 1368 2943 1406 nova
3010 1362 3279 1416 creatura,
3313 1363 3373 1408 ct

1798 1455 1937 1494 nova
1963 1443 2313 1495 conversatio
2345 1444 2671 1497 annuntiata
2706 1453 2808 1505 est,
2848 1446 2914 1499 de
2962 1462 3066 1515 qua
3099 1448 3175 1501 ait
3227 1446 3359 1499 l'an-

1796 1533 1913 1586 lus:
1941 1530 2001 1587 Si
2027 1549 2132 1603 qua
2163 1535 2220 1586 in
2249 1532 2456 1589 Christo
2483 1550 2615 1588 nova
2644 1546 2910 1597 creatura,
2944 1550 3118 1591 vetera
3149 1538 3369 1589 transie-

1796 1630 1939 1688 runt,
1973 1640 2089 1676 ecce
2116 1626 2259 1693 facta
2283 1633 2406 1676 sunt
2426 1640 2557 1678 nova
2580 1627 2759 1679 omnia
2796 1642 2861 1680 ea:
2890 1626 3017 1692 Deo,
3048 1628 3137 1697 qui
3193 1641 3375 1680 recon-

1795 1715 1999 1768 ciliavit
2059 1731 2152 1768 nos
2201 1715 2302 1768 sibi
2346 1715 2432 1769 “.
2489 1714 2705 1771 Oblatio
2778 1717 2928 1771 enim
3011 1716 3363 1786 praesentium

1795 1807 2087 1871 donorum,
2120 1823 2281 1876 quam
2307 1822 2430 1863 esse
2469 1808 2788 1879 mysterium
2819 1808 3092 1877 Unigeniti
3120 1806 3373 1861 ostendi-

1798 1914 1941 1961 mus,
1973 1898 2475 1969 reconciliavitnos
2515 1900 2643 1964 Deo,
2690 1910 2745 1953 et
2783 1899 2963 1953 cibum
3006 1897 3168 1952 nobis
3215 1912 3373 1951 novae

1797 1990 2035 2060 polentae
2060 2000 2117 2044 et
2143 1991 2397 2060 pultium,
2434 1993 2550 2045 sive
2577 1999 2636 2044 ut
2668 1989 2830 2054 LXX,
2863 1998 3130 2059 cgtrorum
3166 1987 3374 2058 pratsti-

1799 2080 1883 2132 tit.
1930 2077 2048 2132 Non
2080 2079 2226 2132 enim
2273 2094 2415 2133 nova
2475 2079 2678 2146 solum,
2721 2079 2817 2134 sed
2860 2088 2918 2135 et
2947 2087 3118 2149 cytra,
3164 2075 3371 2131 Christi

1797 2182 2067 2241 praecepta
2095 2180 2225 2225 sunt
2253 2174 2369 2224 sive
2398 2178 2455 2222 ut
2508 2172 2724 2225 mollia:
2764 2170 2842 2225 sic
2899 2171 3046 2224 enim
3086 2176 3236 2239 cytra
3277 2167 3370 2221 alii

1797 2263 2128 2332 interpretes
2176 2262 2488 2316 ediderunt.
2523 2262 2621 2316 Est
2660 2276 2789 2332 ergo
2817 2261 2998 2316 mollis
3045 2259 3368 2329 evangelica

1796 2354 2134 2424 praedicatio.
2162 2354 2415 2425 Accipite,
2442 2355 2590 2408 enim
2621 2354 2718 2419 ait,
2764 2355 2959 2424 jugum
3007 2368 3203 2417 meum,
3238 2350 3367 2420 quia

1792 2462 1954 2500 suave
1974 2455 2048 2499 est
2071 2447 2144 2497 ³⁸;
2177 2446 2290 2500 sive
2324 2455 2386 2499 ut
2420 2445 2674 2500 manibus
2716 2448 2954 2500 contrita
2989 2453 3045 2498 et
3072 2445 3366 2497 mundata:

1795 2548 1947 2608 t-ytra
1978 2537 2124 2592 enim
2157 2546 2212 2590 et
2242 2537 2347 2591 hoc
2375 2535 2790 2604 interpretatur,
2826 2535 2953 2605 quia
3004 2534 3206 2589 Christi
3237 2533 3371 2600 dog-

1797 2640 1943 2683 mata
2022 2629 2295 2683 aclionem
2356 2629 2582 2698 exigunt
2651 2637 2706 2682 et
2769 2626 3166 2682 correctionem
3222 2622 3370 2692 quod

1797 2736 1990 2774 tnanus
2022 2719 2357 2789 signiﬁcant.
2408 2717 2742 2786 I’razceptum
2788 2728 2861 2771 est
2895 2716 3271 2784 sempiternum
3314 2713 3373 2765 in

1795 2813 2239 2885 generationibus,
2296 2812 2601 2881 cunctisque
2641 2809 2953 2863 habitaculis
3006 2807 3210 2861 vestris.
3257 2806 3373 2858 Nec

1797 2906 1946 2960 enim
1975 2905 2149 2967 locus,
2196 2918 2301 2958 nec
2335 2914 2550 2972 tempus
2603 2903 2854 2956 immutat
2899 2900 3103 2955 Christi
3168 2907 3373 2971 mystc-

1797 3000 1963 3061 rimn,
1999 3012 2099 3067 per
2144 2996 2291 3065 quod
2340 2994 2524 3049 ﬂoruit
2589 3002 2738 3049 totus
2784 2992 3044 3059 mundus,
3108 3002 3165 3045 et
3208 2990 3375 3044 totius

1802 3099 1958 3143 terra:
1984 3087 2269 3150 habitatio,
2303 3085 2648 3141 concorditer
2679 3099 2742 3139 ea
2782 3100 2903 3153 qua:
2935 3084 3001 3137 ad
3032 3098 3155 3139 eum
3202 3082 3375 3152 perti-

1798 3191 1952 3247 nent,
2007 3182 2265 3236 custodit.
2326 3179 2452 3234 llaec
2498 3188 2681 3233 autem
2725 3177 3005 3247 legislator
3049 3177 3279 3241 dicens,
3318 3182 3375 3228 ct

1800 3273 2225 3329 resurrectionis
2254 3271 2598 3335 describens,
2621 3269 2922 3322 secundum
2948 3267 3168 3321 modum
3209 3281 3372 3337 quem

1798 3367 2108 3438 oportebat,
2161 3364 2430 3436 gratiam,
2478 3364 2545 3416 ad
2588 3363 3001 3422 Pentecostem,
3052 3374 3217 3428 quam
3272 3373 3376 3412 nos

1798 3458 2161 3519 celebramus,
2204 3468 2513 3508 sermonem
2540 3451 2812 3506 convertit
2838 3450 3062 3503 dicens:

1867 3547 2226 3602 Numerabitis
2243 3562 2364 3616 ergo
2383 3544 2449 3595 ab
2474 3543 2643 3597 altero
2665 3543 2751 3596 die
2771 3541 3011 3607 Sabbati,
3036 3541 3092 3594 in
3113 3557 3215 3612 quo
3233 3540 3376 3595 obtu-

1798 3644 1934 3697 listis
1990 3639 2325 3710 manipulum
2357 3637 2737 3708 primitiarum,
2775 3645 2973 3705 septem
3021 3635 3374 3689 hebdomadas

1796 3735 1981 3806 plenas
2008 3749 2170 3802 usque
2192 3731 2263 3784 ad
2282 3731 2509 3782 alterum
2535 3728 2673 3781 diem
2693 3727 3005 3797 expletionis
3030 3727 3373 3782 hebdomadas

1795 3828 2052 3898 septimae,
2077 3826 2131 3878 id
2150 3832 2246 3887 est,
2274 3821 2658 3893 quinquaginta
2682 3822 2811 3883 dies,
2850 3832 2899 3873 et
2925 3821 3000 3872 sic
3026 3819 3250 3889 oﬂ'eretis
3275 3835 3370 3873 sa-

1796 3921 2050 3989 criﬁcium
2083 3932 2272 3970 novum
2312 3914 2559 3967 Domino.
2597 3911 2735 3978 Quia
2787 3911 2952 3981 hujus
2997 3909 3368 3978 Pentecostes,

1794 4024 1976 4079 neque
2010 4015 2227 4076 tempus
2259 4020 2437 4073 neque
2471 4018 2738 4058 numerus
2767 4017 2797 4056 a
2819 4002 3023 4072 populo
3051 4001 3368 4056 ludaeorum

1794 4101 2123 4163 custoditur,
2142 4097 2476 4152 sufﬁcienter
2492 4096 2546 4150 in
2565 4094 2940 4164 superioribus
2956 4104 3238 4148 ostensum
3259 4104 3366 4159 est,

1794 4212 1823 4249 a
1841 4193 2004 4248 nobis
2023 4201 2205 4247 autem
2234 4206 2358 4245 cum
2387 4187 2873 4258 contemplatione,
2907 4196 2962 4243 et
2980 4188 3158 4243 littera
3189 4198 3372 4244 custo-

1793 4284 1961 4358 ditur.
2014 4280 2238 4334 Planius
2287 4293 2417 4348 ergo
2464 4277 2744 4348 legislator
2799 4276 3164 4330 intentionem
3214 4264 3371 4332 suam

1794 4376 2168 4430 demonstrare
2190 4371 2400 4434 volens,
2425 4372 2494 4425 ab
2520 4370 2691 4425 altero
2716 4369 2805 4424 die
2839 4369 3056 4425 Sabbati
3092 4372 3372 4426 numerari

1794 4468 2053 4540 praecepit
2080 4465 2472 4537 quinquaginta
2505 4464 2644 4524 dies,
2686 4462 3026 4518 Dominicum
3060 4464 3202 4518 diem
3242 4481 3373 4536 pro-

1724 4574 1765 4627 ῃ
1795 4561 1883 4613 cul
1912 4558 2078 4613 dubio
2107 4556 2296 4611 volens
2327 4554 2556 4626 intelligi
2593 4572 2607 4609 :
2642 4554 2731 4607 hic
2754 4553 2900 4608 enim
2935 4564 3018 4608 est
3043 4554 3212 4608 altera
3253 4556 3373 4610 dies

1793 4649 2036 4705 Sabbati.
2100 4649 2158 4702 In
2203 4649 2305 4702 hac
2365 4647 2513 4701 enim
2554 4645 2887 4700 resurrectio
2941 4647 3080 4701 facta
3112 4657 3216 4713 est,
3265 4663 3370 4716 qua

1793 4741 2148 4797 hebdomadze
2176 4747 2540 4792 numerantur
2567 4746 2799 4807 septem,
2825 4752 2999 4806 usque
3033 4738 3098 4791 ad
3136 4739 3371 4811 alterum

1789 4831 1930 4885 diem
1960 4828 2292 4899 expletionis
2316 4827 2690 4881 hebdomadas.
2724 4827 3008 4881 Dominica
3035 4844 3226 4883 rursus
3258 4830 3371 4893 die.

1789 4922 2145 4977 Pentecostes
2178 4920 2519 4974 celebramus
2538 4918 2914 4985 festivitatem,
2948 4919 3002 4974 in
3046 4938 3154 4990 qua
3198 4924 3373 4977 sancti

1793 5014 2032 5084 Spiritus
2055 5013 2349 5066 adventum
2376 5011 2698 5064 meruimus.
2716 5009 2836 5064 Non
2862 5012 3061 5065 frustra
3082 5030 3146 5067 eo
3164 5023 3373 5084 septem

1792 5104 2259 5160 hebdomadarum
2288 5103 2581 5157 advmtum
2611 5104 3007 5167 custodientes,
3039 5105 3133 5159 sed
3190 5115 3248 5159 ut
3274 5120 3376 5160 nos

1792 5210 2269 5268 cognosceremus,
2319 5195 2447 5264 quia
2496 5193 2637 5247 nihil
2687 5204 2868 5259 vetus,
2920 5195 3059 5249 nihil
3112 5197 3374 5251 saeculare

1792 5292 2054 5363 praecepit
2093 5291 2236 5345 Deus
2277 5306 2459 5360 agere,
2509 5290 2756 5358 nihilque
2803 5290 3143 5359 corruptioni
3199 5287 3372 5342 veteri

1796 5377 2125 5447 proximum,
2155 5376 2395 5444 quicum
2444 5375 2673 5443 cupiunt
2713 5376 3015 5443 percipere.
3053 5373 3118 5426 Et
3171 5388 3374 5427 novum

1798 5468 2126 5523 sacriﬁcium
2177 5468 2410 5522 Domino
2436 5476 2566 5521 tunc
2609 5467 2795 5521 olferri
2841 5466 3025 5535 jussit,
3076 5465 3375 5520 adveniens

1796 5563 1941 5617 cnim
1966 5561 2201 5631 Spiritus
2231 5569 2396 5614 totam
2431 5570 2673 5613 nostram
2706 5561 2870 5612 vitam
2896 5558 3201 5621 renovavit,
3225 5557 3375 5627 quod

1798 5652 2138 5708 confirmavit
2165 5652 2364 5706 Christi
2393 5650 2765 5715 traditionem,
2784 5658 2837 5705 ct
2868 5648 3126 5705 stabilivit
3147 5665 3379 5705 convcr-

1922 5831 1965 5863 ”
1988 5829 2176 5885 Matth.
2221 5845 2296 5896 XI,
2331 5829 2418 5886 50.
