3892 6404
598 352 735 420 1087

1785 360 2145 429 IIESYCHII
2187 361 2660 425 PRESBYTERI

3653 381 3747 451 1088

599 473 869 535 sationem
913 489 1077 544 quam
1122 474 1176 529 in
1212 473 1317 533 illis
1347 474 1599 543 perfecit,
1631 475 1707 530 ait
1739 477 1921 531 enim:
1951 477 2024 531 De
2048 494 2163 532 meo
2193 484 2236 534 Α
2267 488 2447 547 potest
2473 481 2661 535 dicere
2688 480 2949 536 Christus
2979 478 3156 547 locus,
3184 483 3284 541 nisi
3317 486 3369 541 in
3392 486 3574 557 Spiritu
3597 508 3745 559 sancto.

590 565 840 632 accipiet,
874 573 925 617 et
963 565 1299 623 annuntt'trbit
1329 566 1471 619 vobis
1490 566 1555 618 ³⁸.
1602 564 1836 638 Propter
1879 568 2024 638 quod
2052 584 2164 625 non

592 654 698 708 alia
723 653 1079 710 hebdomadis
1108 657 1198 710 die
1224 657 1466 722 advenit,
1499 657 1594 713 sed
1618 658 1673 713 in
1703 674 1809 728 qua
1837 662 2166 716 resurrectio

593 746 735 801 facta
765 756 870 810 est,
902 756 957 803 et
978 747 1292 818 manipulus
1331 749 1684 822 intelligihilis
1713 750 1926 807 oblatus
1954 760 2059 816 est,
2106 762 2167 809 ut

594 847 652 891 et
684 838 789 893 hoc
816 838 1093 907 probaret,
1134 838 1278 907 quod
1317 854 1456 894 nova
1503 843 1868 903 conversatio,
1900 857 2022 911 qua
2064 858 2167 898 nos

597 929 902 994 renovavit,
929 928 1210 983 liberanda
1233 946 1262 982 a
1291 930 1645 999 corruptione
1670 933 1956 987 vetustatis
1980 949 2165 988 resur-

594 1018 839 1072 rectione
869 1019 1091 1085 Christi,
1126 1028 1182 1073 et
1201 1020 1377 1074 sancti
1406 1020 1645 1091 Spiritus
1662 1022 1901 1078 adventu
1918 1032 2165 1079 correcta

594 1114 701 1162 est.
736 1106 1045 1163 Manifestat
1089 1117 1272 1164 autem
1302 1109 1507 1166 oblatio
1536 1110 1657 1182 ipsa
1692 1112 1933 1183 speciem
1973 1112 2165 1169 hostia:

592 1212 755 1265 quam
792 1198 1051 1266 praecepit
1084 1198 1218 1251 ﬁeri.

664 1286 729 1340 Et
754 1289 833 1340 sic
860 1289 1085 1358 oﬂ'eretis
1104 1289 1423 1357 sacriﬁcium
1454 1306 1641 1344 novum
1664 1291 1909 1357 Domino,
1958 1309 2022 1347 ea:
2051 1310 2166 1347 om-

592 1377 743 1430 nibus
770 1378 1189 1445 habitationibus
1214 1382 1422 1435 vestris.
1454 1381 1632 1439 Panes
1660 1385 2022 1450 primitiarum
2038 1387 2167 1439 duos

599 1486 665 1522 ea:
688 1469 896 1524 duabus
923 1473 1137 1525 decimis
1187 1472 1375 1527 simin
1400 1475 1746 1544 fermentatus,
1787 1492 1912 1543 quos
1937 1480 2165 1547 coquetis

592 1558 644 1610 in
675 1560 942 1627 primitias
970 1561 1205 1625 Domini,
1242 1573 1291 1617 et
1322 1565 1546 1634 oﬂ‘eretis
1563 1582 1678 1619 cum
1717 1569 1943 1636 panibus
1970 1580 2164 1639 septem

596 1666 761 1719 agnos
807 1651 1204 1719 immaculatos,
1249 1656 1546 1721 anniculos,
1586 1657 1808 1719 vitulum
1836 1660 1900 1719 de
1929 1674 2164 1717 armento

591 1758 776 1807 unum,
827 1751 877 1797 et
908 1745 1098 1823 arietes
1128 1747 1279 1800 duos.
1327 1745 1537 1805 Novum
1594 1751 1918 1806 sacriﬁcium
1977 1754 2164 1809 dicens

2272 570 2415 639 Ergo
2436 586 2547 624 non
2567 582 2724 625 extra
2750 571 3015 629 rationem
3040 589 3164 633 cum
3196 585 3399 645 septem
3424 580 3564 649 agnis
3582 584 3747 646 vitulum

2271 659 2342 714 de
2366 670 2624 715 armento
2653 676 2895 731 praesens
2925 664 3172 721 continet
3194 665 3411 731 oblatio,
3437 670 3522 724 sed
3542 674 3752 735 evidenter

2272 749 2548 820 signiﬁcat
2580 750 2735 804 illum
2766 767 2833 804 ex
2858 761 3109 807 armento
3138 754 3428 822 Abraham,
3452 756 3750 833 lsaac,Jacob,

2272 848 2331 894 et
2368 838 2535 895 David
2576 841 2880 896 secundant
2929 859 3153 898 carnem
3182 844 3401 900 factum.
3449 848 3572 905 Huic
3616 856 3753 916 arietes

2272 930 2411 984 duos
2440 931 2821 986 immaculatos
2855 934 3167 1003 conjunxit,
3222 937 3529 993 excellentia
3572 948 3753 1006 mandata

2271 1029 2327 1075 et
2360 1021 2616 1088 virtutes,
2658 1040 2795 1097 quas
2823 1027 2977 1094 sequi
3008 1027 3142 1080 alias
3171 1027 3320 1081 velut
3346 1045 3473 1084 oves
3503 1046 3693 1101 oportet.
3715 1041 3762 1095 ln‘

2272 1112 2362 1167 liis
2386 1115 2555 1178 enim,
2584 1124 2774 1184 utpote
2805 1117 3031 1188 intelligi
3044 1118 3204 1171 bilem
3226 1118 3500 1174 inimicum
3520 1128 3755 1185 vcnlilanti-

2270 1202 2396 1268 bus,
2430 1205 2712 1259 munimen
2746 1216 2801 1260 et
2823 1208 3235 1262 indemnitatcm
3279 1210 3493 1265 habent.
3527 1213 3637 1279 Qus:
3673 1232 3756 1276 sunt

2270 1303 2452 1350 autem
2493 1294 2643 1350 base?
2667 1295 2726 1351 Si
2754 1299 2830 1352 vis
2859 1301 3115 1368 perfectus
3143 1316 3270 1363 esse,
3303 1302 3451 1367 vade,
3481 1306 3618 1356 vende
3638 1312 3754 1362 antnia

2272 1404 2389 1457 quae
2426 1388 2604 1454 habes,
2636 1397 2682 1441 et
2714 1389 2780 1442 da
2811 1391 3149 1460 pauperibus.
3188 1401 3235 1444 et
3276 1393 3420 1457 veni,
3447 1410 3632 1464 sequere
3654 1401 3752 1454 tua".

2270 1478 2563 1535 Maximum
2627 1482 2831 1551 quippe
2884 1484 3200 1537 mandatum
3269 1494 3375 1547 est,
3440 1488 3645 1547 vendere
3684 1507 3756 1560 qua

2270 1568 2438 1623 habet
2469 1581 2523 1625 et
2559 1570 2692 1633 dare
2719 1573 3081 1643 pauperibus:
3133 1575 3429 1628 maximum
3459 1585 3618 1630 autem
3659 1586 3754 1648 sequi

2269 1660 2571 1725 Christum,
2607 1671 2663 1716 ut
2695 1679 2821 1718 cum
2876 1664 3137 1735 despectu
3166 1665 3448 1735 quippiam
3504 1669 3754 1735 possidendi,

2270 1753 2439 1806 etiam
2501 1754 2685 1808 omnia
2741 1769 2903 1824 agere
2982 1756 3286 1809 secundum
3350 1756 3652 1811 voluntatem
3701 1759 3753 1813 lui

593 1832 731 1902 legis
785 1836 1052 1891 sacriﬁcia
1098 1846 1164 1892 .ut
1213 1846 1400 1893 vetera
1451 1841 1714 1907 excludit,
1782 1844 2163 1917 Evangelicam
2202 1830 2241 1884 Β
2270 1844 2486 1898 Domini
2515 1846 2855 1911 Studeamus.
2894 1846 3007 1900 lloc
3040 1857 3123 1901 est
3157 1848 3307 1900 enim
3350 1862 3473 1901 eum
3508 1850 3752 1917 scqni.lla~c

592 1931 776 1974 autem
802 1938 900 1991 pro
924 1923 1038 1987 illis
1065 1925 1386 1981 introduxit.
1422 1928 1629 1984 Deinde
1659 1931 1887 1997 addens,
1921 1941 1984 1989 de
2018 1936 2165 1989 [tabi-

591 2013 878 2070 tationibus
939 2017 1146 2083 vestris,
1224 2016 1522 2075 Ecclesiam
1590 2021 1953 2093 signiﬁcavit,
2006 2029 2167 2098 eique

589 2102 797 2168 offerri,
827 2120 947 2176 quae
987 2107 1131 2163 dicta
1159 2121 1289 2171 sunt
1329 2114 1557 2183 aptavit.
1586 2113 1777 2186 Neque
1816 2119 1962 2174 enim
1995 2121 2162 2177 dixit:

589 2194 664 2247 Ex
697 2197 951 2253 omnibus
984 2200 1326 2269 habitaculis,
1355 2207 1472 2269 sed,
1511 2206 1597 2262 Ea:
1625 2212 1864 2266 omnibus
1898 2213 2166 2270 habitacu-

587 2286 654 2339 Iis
685 2290 868 2343 vestris
889 2308 907 2345 :
939 2301 997 2346 ut
1022 2293 1271 2350 absolute
1298 2298 1615 2354 ostenderet
1643 2302 1856 2372 aliquod
1884 2306 2167 2363 habitacu-

586 2376 698 2431 lum
731 2382 1091 2451 praecipnum,
1135 2386 1202 2440 de
1233 2403 1340 2456 quo
1364 2389 1439 2444 ait
1486 2392 1690 2447 David:
1728 2394 1881 2450 Beati
1905 2401 1995 2468 qui
2022 2401 2166 2455 habi-

584 2473 698 2518 tant
728 2469 783 2520 in
810 2470 961 2524 domo
991 2473 1243 2530 tua”.Et
1274 2493 1495 2533 rursus:
1522 2481 1690 2536 Unam
1712 2477 1837 2552 p'etii
1856 2503 1888 2538 a
1917 2487 2161 2557 Domino,

582 2556 724 2611 hanc
744 2563 1032 2632 requiram,
1054 2574 1109 2617 ut
1130 2567 1414 2623 inhabilem
1438 2572 1491 2623 in
1521 2573 1674 2627 domo
1698 2574 1909 2632 Domini
1927 2583 2163 2637 omnibus

584 2648 767 2705 diebus
794 2655 918 2707 vita:
968 2658 1173 2710 meae“.
1222 2659 1289 2714 Et
1314 2676 1485 2729 panes
1529 2664 1748 2732 quidem
1796 2670 2158 2738 primitiarum

587 2739 747 2807 duos,
776 2742 949 2815 legem
975 2759 1029 2803 et
1065 2749 1456 2822 Evangelium;
1488 2771 1657 2824 panes
1695 2761 1841 2814 enim
1890 2773 2019 2821 sunt
2054 2766 2159 2820 cibi

584 2826 894 2887 animarum
927 2834 1188 2904 ﬁdelium,
1224 2843 1572 2901 continentes
1598 2859 1726 2904 sunt
1748 2860 1931 2908 autem
1955 2864 2008 2910 et
2044 2860 2159 2927 pri-

582 2918 887 2990 mitiarum,
942 2926 1058 2983 sive
1108 2940 1166 2984 ut
1195 2931 1358 3001 LXX,
1395 2940 1676 2999 separati:
1709 2944 1964 3011 quoniam
2006 2949 2157 3004 onmi

583 3011 806 3079 quidem
843 3016 1109 3088 sapientia
1138 3032 1266 3080 sunt
1299 3026 1562 3098 praecipui
1598 3047 1611 3085 :
1641 3031 1711 3088 ab
1741 3048 1803 3089 ea
1827 3045 2007 3093 autem
2034 3054 2158 3109 quae

582 3101 828 3157 exterior
854 3115 959 3169 est,
1016 3115 1250 3180 separati
1303 3117 1562 3185 videlicet
1606 3130 1662 3175 et
1699 3126 1958 3196 sejuncti.
2019 3101 2162 3188 S-uut

584 3204 714 3263 ergo
743 3210 808 3250 ex
828 3196 1041 3254 duabus
1070 3204 1296 3261 decimis
1327 3211 1519 3267 similte
1546 3213 1906 3287 fermentatae,
1934 3238 1997 3277 ex
2034 3224 2162 3280 doc-

580 3285 733 3341 trina
757 3303 880 3357 quze
925 3293 1226 3361 perfectam
1262 3299 1356 3379 Dei
1388 3303 1726 3364 divinitatem
1757 3321 1813 3367 et
1860 3285 2157 3385 perfectam

582 3373 986 3439 humanitatem
1018 3389 1204 3453 tradit,
1232 3376 1333 3448 nec
1358 3394 1519 3451 aliter
1540 3400 1700 3469 coqui
1730 3404 1838 3459 nisi
1860 3373 1965 3477 per
1996 3410 2157 3465 talem

584 3467 895 3526 doctrinam
951 3487 1204 3545 possunt.
1276 3482 1383 3539 Sed
1458 3467 1717 3559 primitias
1774 3467 1971 3559 horum
2030 3513 2162 3558 sunt

587 3558 837 3618 Domino.
873 3565 1089 3625 Primus
1112 3574 1258 3628 enim
1280 3575 1563 3646 Dominus,
1591 3585 1682 3654 qui
1706 3587 1881 3659 legem
1907 3594 2154 3661 perfecit.

581 3658 639 3705 et
671 3652 1025 3726 Evangelium
1056 3674 1179 3732 post
1204 3667 1308 3722 hoc
1327 3670 1516 3731 docuit
1540 3691 1553 3727 :
1578 3652 1789 3742 dudite‘,
1815 3652 1940 3749 quia
1961 3652 2157 3747 dictum

579 3756 656 3798 est
684 3748 949 3813 antiquis:
997 3753 1115 3808 Non
1158 3761 1378 3817 occides.
1437 3765 1550 3837 Ego
1602 3782 1779 3827 autent
1809 3776 1925 3829 dico
1971 3781 2157 3834 vobis:

582 3834 765 3893 Omnis
796 3843 885 3911 qui
921 3844 1173 3909 irascitur
1208 3853 1368 3924 fratri
1409 3873 1505 3912 suo
1550 3861 1661 3916 sine
1685 3880 1847 3922 causa
1903 3886 2021 3925 reus
2058 3875 2157 3937 erit

572 3927 863 3998 judicio”.
916 3936 1215 4010 Conjunxit
1261 3948 1406 4002 enim
1462 3950 1556 4007 hic
1609 3953 1783 4026 legem
1838 3927 2154 4035 Evangelia,

579 4032 805 4091 prOpter
828 4029 976 4114 quod
1011 4031 1134 4101 ejus
1156 4036 1410 4104 primitiae
1449 4041 1728 4100 dicuntur.
1761 4048 1914 4114 Quod
1961 4029 2019 4108 et
2048 4029 2156 4110 Lu;

577 4124 671 4164 cas
704 4113 1057 4185 conﬁrmans,
1108 4123 1379 4192 primitias
1430 4144 1591 4186 veras
1627 4135 1787 4191 nobis
1833 4142 2150 4209 ostendens,

576 4203 798 4273 scripsit
822 4225 835 4260 :
868 4207 1111 4266 Primum
1149 4217 1354 4285 quidem
1376 4237 1663 4277 sermonem
1690 4226 1790 4296 feci
1816 4231 1879 4283 de
1899 4234 2151 4303 omnibus,

577 4310 606 4347 ο
657 4293 953 4371 Theopltile,
1008 4320 1125 4374 qua:
1173 4308 1325 4377 carpit
1367 4308 1518 4365 Jesus
1566 4293 1740 4384 facere
1793 4328 1842 4372 et
1891 4293 2150 4382 docere“:

574 4386 785 4446 Oﬁ'erre
811 4401 994 4448 autem
1027 4396 1108 4451 eis
1141 4407 1351 4468 septem
1381 4416 1552 4472 agnos
1586 4405 1966 4469 immaculatos
1995 4419 2155 4472 anni-

2271 1952 2403 2007 ergo
2429 1938 2707 2002 mandata,
2748 1947 2935 2006 utpote
2963 1948 3186 2008 propter
3216 1939 3606 1994 immaculatain
3651 1948 3753 1995 vitam

2268 2034 2324 2079 et
2350 2026 2647 2095 perfectam
2705 2029 3030 2089 constituta.
3071 2029 3277 2083 arietes
3303 2032 3642 2099 appellantur,
3680 2034 3751 2102 quia

2268 2118 2471 2172 arietes
2493 2119 2641 2173 omni
2677 2136 2838 2190 grege
2874 2120 3294 2175 excellentiores
3336 2135 3482 2177 sunt.
3517 2123 3752 2178 ilorumsa-

2270 2209 2540 2264 criﬁcium
2572 2221 2625 2265 et
2652 2211 2836 2264 libatio
2869 2212 3101 2266 scientia
3141 2212 3400 2269 videlicet
3437 2224 3491 2269 et
3541 2218 3749 2270 correctio:

2269 2303 2407 2356 odor
2459 2304 2748 2358 suavitatis
2797 2317 2881 2357 est
2929 2304 3182 2375 Domino,
3230 2307 3325 2361 ille
3377 2307 3444 2362 de
3497 2325 3595 2378 quo
3628 2309 3750 2364 Paulus

2269 2394 2517 2449 diccbat.
2552 2395 2663 2449 Deo
2685 2407 2860 2450 autem
2896 2400 3122 2468 gratias,
3172 2403 3262 2471 qui
3311 2421 3510 2472 semper
3551 2406 3751 2473 triumphat

2269 2502 2360 2540 nos
2375 2487 2429 2540 in
2449 2486 2653 2542 Christo
2681 2488 2825 2551 Jesu,
2846 2498 2893 2541 et
2925 2491 3136 2545 odorem
3154 2494 3394 2548 scientite
3421 2512 3526 2549 sua?
3541 2498 3752 2566 manifestat

2266 2594 2359 2647 per
2390 2594 2502 2644 nos,
2530 2579 2653 2648 quia
2683 2578 2877 2633 Christi
2904 2579 3072 2635 bonus
3105 2583 3235 2635 odor
3262 2601 3446 2639 sumus
3460 2585 3519 2639 “.
3547 2586 3753 2639 Verumta-

2268 2681 2396 2719 men
2453 2680 2563 2720 non
2620 2682 2791 2737 usque
2847 2669 2914 2721 ad
2948 2669 3063 2722 haec
3106 2670 3447 2726 oblationem
3496 2672 3756 2727 Pentecoste:

2268 2757 2480 2812 statuit.
2519 2756 2657 2812 Dicit
2689 2768 2871 2813 autem
2897 2769 2953 2815 ct
2986 2762 3219 2832 reliqua,
3242 2765 3373 2833 quia
3411 2767 3625 2819 maxime
3651 2766 3755 2835 spiri-

2270 2850 2374 2917 tui,
2404 2849 2563 2918 cujus
2585 2850 2848 2919 preedicta
2885 2850 3158 2907 festivitas
3185 2864 3292 2912 est.
3328 2857 3580 2926 perfectio
3609 2872 3757 2925 rumpe.

2270 2938 2351 2990 tit.
2383 2932 2529 2998 Quid
2560 2953 2687 3011 ergo
2722 2938 2835 2999 ait?
2879 2938 3106 2995 Facietis
3140 2951 3187 2994 et
3223 2943 3429 2997 hircum
3463 2962 3551 3013 pro
3599 2957 3755 3013 peccato.

2268 3025 2612 3085 Pmnitentise
2641 3032 2993 3087 introducens
3020 3048 3358 3090 sermonem.
3392 3035 3618 3110 Duosque
3656 3052 3757 3108 agna

2266 3122 2559 3184 mttticulos.
2582 3124 2778 3179 hostias
2810 3124 3173 3194 paci/iceram.

2334 3212 2427 3267 llla
2484 3211 2639 3267 Pauli
2692 3214 2945 3270 mandata
3000 3216 3350 3286 signiﬁcans,
3400 3218 3578 3272 Pacem
3628 3236 3755 3281 meum,

2264 3303 2462 3374 inquit,
2495 3286 2778 3374 sequimini
2822 3322 2939 3371 cunt
2989 3310 3251 3373 omnibus,
3315 3321 3365 3364 et
3416 3311 3755 3368 sanctimoniam.

2261 3399 2375 3451 sine
2418 3399 2603 3468 quibus
2650 3416 2799 3454 nemo
2837 3401 3025 3454 videbit
3072 3400 3322 3458 Deum".
3380 3404 3509 3470 Qua:
3548 3404 3653 3473 quia
3691 3418 3752 3473 per

2262 3489 2625 3558 apostolicam
2681 3490 2924 3563 linguam
2976 3509 3233 3563 expressa
3302 3507 3492 3564 erant,
3539 3496 3686 3551 offerri
3718 3509 3754 3546 ea

2260 3580 2528 3663 prmecpit
2584 3596 2709 3635 cum
2785 3582 3016 3652 panibus
3084 3585 3453 3653 primitiarum
3515 3601 3634 3656 quos
3682 3598 3757 3638 esse

2261 3667 2463 3721 Christi
2507 3666 2810 3722 doctrinam
2858 3670 3116 3724 diximus.
3151 3670 3207 3724 ln
3242 3675 3594 3742 sequentibus
3633 3686 3756 3725 rursus

2260 3760 2371 3815 ait:
2430 3759 2662 3831 Cumque
2699 3761 2979 3815 elcvaverit
3037 3780 3099 3817 ea
3155 3768 3405 3819 sacerdos
3450 3784 3561 3819 cum
3606 3762 3756 3834 panibus

2259 3853 2623 3924 primitiarum
2665 3869 2844 3907 coram
2876 3854 3120 3912 Domino.
3153 3857 3469 3913 Secundum
3497 3858 3617 3913 LXX
3639 3865 3755 3910 autem

2260 3945 2371 3999 sic:
2408 3943 2470 3997 Et
2493 3945 2762 4014 separabit
2790 3961 2851 3999 ea
2881 3950 3122 4002 sacerdos
3149 3953 3492 4019 separatione
3522 3946 3756 4018 ειιηινραηίο

2259 4039 2353 4092 bus
2382 4036 2745 4106 printitiarum
2776 4046 2900 4105 ante
2927 4037 3234 4109 Dominum,
3271 4060 3393 4097 cum
3426 4045 3607 4098 duobus
3641 4039 3754 4109 agnis.

2261 4127 2581 4199 signiﬁcans
2608 4129 2697 4181 cui
2729 4127 2981 4191 Domino.
3010 4131 3106 4184 ait.
3125 4131 3449 4203 Cedentqne
3478 4137 3528 4189 iu
3568 4132 3756 4198 ususejus

2258 4218 2866 4273 saccrdotisoﬁercntis
2900 4237 2986 4288 ca,
3020 4222 3519 4282 videlicctChrisli.
3541 4227 3638 4297 ipse
3660 4223 3754 4277 enim

2256 4319 2447 4366 noster
2499 4311 2780 4372 sacerdos,
2815 4313 2932 4383 ipse
2984 4329 3174 4371 noster
3211 4319 3478 4375 Dorninus
3505 4328 3595 4373 cst.
3640 4316 3754 4385 Ipsius

2256 4403 2404 4457 sicut
2436 4418 2611 4475 panes
2642 4404 3028 4474 pritnitiarum,
3081 4410 3161 4462 sic
3189 4419 3245 4464 et
3286 4412 3411 4479 agni
3457 4412 3752 4466 mandatorum

573 4477 729 4536 culos
761 4485 1048 4554 prrecepit,
1090 4488 1235 4543 dona
1261 4490 1577 4561 signiﬁcans
1593 4511 1715 4565 quae
1744 4511 1873 4556 sunt
1901 4505 2147 4575 spiritus,
2184 4502 2226 4558 D
2257 4498 2649 4568 praedictorum
2695 4506 2844 4562 sunt,
2909 4498 3026 4568 ipse
3071 4503 3216 4554 enim
3270 4512 3409 4566 erat,
3446 4504 3532 4572 qui
3563 4502 3607 4556 in
3646 4497 3754 4551 Paulo

573 4571 643 4625 de
663 4574 862 4641 quibus
880 4578 1136 4635 Salomon
1170 4580 1225 4635 in
1257 4581 1567 4643 Proverbiis
1585 4588 1803 4646 dicebat
1834 4611 1845 4648 :
1874 4571 2148 4666 sapientia

571 4662 852 4731 wdiﬁcavit
909 4669 1010 4722 sibi
1062 4672 1294 4741 domum,
1351 4678 1514 4730 erexit
1552 4679 1823 4739 columnas
1868 4698 2062 4756 septem
2080 4692 2144 4752 ³⁸,

568 4748 793 4810 Planius
839 4770 1022 4816 autem
1087 4761 1253 4821 Isaias
1286 4766 1527 4833 tradidit,
1564 4769 1635 4825 Et
1668 4777 1946 4844 requiescet
1991 4797 2149 4851 super

568 4860 687 4898 eum
712 4848 949 4915 Spiritus
973 4853 1266 4915 Domini".
1318 4858 1432 4915 Nec
1475 4863 1645 4920 tacuit
1680 4882 1824 4936 quae,
1852 4871 1938 4924 vel
1987 4848 2147 4942 cujus

571 4938 788 4992 numeri
839 4953 1028 4998 essent
1095 4946 1258 5013 dona,
1321 4953 1614 5014 subintulit
1669 4957 1818 5012 enim
1858 4976 1872 5013 :
1913 4938 2146 5031 Spiritus

567 5029 846 5098 sapientia:
876 5043 925 5087 et
970 5036 1282 5105 intellectus,
1319 5044 1537 5111 spiritus
1567 5042 1849 5105 consilii'et
1874 5029 2147 5123 fortitudi-

570 5118 672 5185 nis,
731 5121 950 5190 spiritus
999 5126 1233 5187 scientiw
1266 5139 1315 5182 et
1377 5133 1609 5200 pietatis,
1647 5144 1696 5188 et
1740 5118 1974 5204 intplebit
2026 5156 2146 5194 eum

568 5211 791 5278 spiritus
815 5213 1020 5270 timoris
1053 5218 1263 5274 Domini
1284 5222 1344 5277 ³³.
1372 5225 1557 5295 Agnos
1578 5236 1761 5282 autem
1808 5229 1923 5294 inec
1952 5232 2145 5303 appel-

570 5301 645 5355 lat
685 5304 852 5365 dona,
901 5308 969 5363 ad
1032 5313 1405 5371 ostensionem
1456 5318 1583 5386 quia
1625 5319 1862 5390 Spiritus
1917 5301 2139 5379 sanctus

568 5408 737 5448 unum
766 5406 850 5471 est
877 5399 929 5452 in
954 5400 1194 5467 Christo,
1218 5405 1286 5459 de
1305 5422 1411 5483 quo
1434 5409 1639 5471 dictum
1668 5420 1755 5469 est
1778 5429 1791 5464 :
1814 5412 1947 5475 Ecce
1961 5413 2139 5485 Agnus

566 5487 683 5555 Dei,
720 5505 834 5545 ecce
877 5494 966 5564 qui
1017 5495 1153 5549 tollit
1203 5510 1422 5567 peccata
1474 5502 1732 5561 mundi”.
1770 5502 1925 5565 Unde
1981 5521 2140 5562 nemo

632 5688 678 5766 ’,⁵
705 5688 861 5745 ³0³11.
898 5710 1006 5766 δνι.
1038 5696 1125 5766 Η»,
1158 5696 1241 5751 l5.
1337 5700 1380 5731 ⁸⁷
1409 5700 1499 5757 Ps.
1523 5719 1748 5766 Lxxxm,
1771 5704 1824 5759 5.

1901 5705 1947 5738 ³⁵
1988 5706 2076 5762 Ps.
2107 5725 2251 5774 xxvi,
2295 5712 2346 5765 i.

2256 4589 2600 4658 loquebatur,
2634 4590 2751 4661 ipse
2795 4593 3004 4651 omnia,
3069 4609 3190 4662 qua:
3241 4595 3388 4649 dicta
3425 4605 3564 4657 sunt,
3602 4589 3751 4647 obtulit-

2255 4681 2451 4736 Paccm
2480 4683 2624 4735 enim
2650 4684 2718 4737 de
2753 4698 2859 4752 quo
2884 4683 3084 4739 Paulus
3113 4687 3358 4751 mandat,
3393 4687 3591 4756 primus
3628 4680 3751 4734 Durni-

2253 4790 2359 4829 nus
2398 4773 2685 4844 discipulis
2716 4775 3082 4837 annuntiavit,
3135 4786 3188 4830 et
3219 4777 3639 4835 sanctimoniam,
3663 4772 3751 4826 sicut

2251 4876 2475 4923 sanctus
2528 4877 2865 4934 sanctorum,
2917 4885 3082 4940 super
3119 4887 3313 4926 omnes
3345 4870 3636 4931 custodivit,
3671 4877 3749 4918 nam

2249 4960 2368 5032 ipse
2399 4968 2519 5015 erat
2565 4960 2633 5015 de
2662 4977 2771 5030 quo
2808 4960 3024 5017 Gabriel
3065 4962 3258 5034 virgini
3313 4965 3450 5019 dixit
3482 4981 3495 5017 :
3534 4962 3749 5029 Propterea

2249 5052 2388 5124 quod
2417 5061 2663 5106 nascetur
2696 5069 2759 5106 ea:
2788 5062 2836 5106 te
2862 5054 3415 5113 sanctum,vocabitur
3443 5053 3601 5108 Filius
3623 5047 3748 5103 Dei”.

2248 5143 2640 5203 Verumtamen
2678 5144 2720 5199 si
2750 5144 2834 5199 vis
2870 5146 2977 5205 diei
3001 5146 3068 5200 de
3098 5162 3209 5218 quo
3232 5164 3415 5203 sermo
3436 5156 3535 5211 est,
3567 5152 3749 5209 compre-

2248 5237 2492 5292 hendere
2532 5237 2938 5303 excellentiam,
2974 5239 3449 5299 conﬁrmationem
3474 5251 3640 5295 eorum
3670 5243 3747 5300 quis

2248 5329 2317 5385 de
2334 5345 2402 5385 eo
2432 5330 2575 5386 dicta
2596 5338 2745 5391 sunt.
2778 5332 3013 5402 respice.

2319 5423 2386 5477 Et
2421 5423 2675 5485 vocabilis
2706 5424 2843 5477 hunc
2873 5424 3010 5478 diem
3042 5424 3431 5479 celeberrimum
3478 5434 3617 5493 atque
3635 5428 3743 5513 sunt:

2248 5516 2533 5582 tissimunt,
2561 5532 2714 5575 omne
2735 5532 2863 5585 opus
2890 5516 3074 5570 servile
3102 5532 3202 5571 non
3225 5517 3426 5588 facietis
3459 5516 3510 5569 in
3545 5530 3611 5569 ea.
3642 5508 3743 5566 Lett-

3396 5715 3436 5746 "
3460 5709 3601 5764 Prov.
3627 5723 3683 5761 Ix.
3708 5703 3737 5754 Ιο

2425 5710 2469 5742 ³⁸
2491 5710 2680 5764 Matth.
2720 5729 2770 5776 γ,
2793 5712 2885 5765 2⁸2.
2962 5712 3007 5746 ⁴⁰
3036 5717 3155 5769 Act.
3191 5732 3229 5778 ι,
3270 5716 3317 5769 l.

567 5754 611 5787 δ’
646 5758 749 5813 lsu.
787 5777 860 5827 χι,
892 5764 947 5817 2.
997 5754 1048 5796 ’³⁸³
1070 5754 1199 5820 ibid.
1249 5768 1292 5800 “
1319 5754 1948 5839 Joantvt,Vibii—Ii’diatth.
1971 5794 2079 5845 tux,
2111 5779 2144 5833 ἓ

2270 5754 2321 5813 εἴ
2336 5754 2387 5834 ἰι
2406 5754 2770 5849 ςυῖῖ“ιίζ”ἱί’,’
2787 5754 2885 5837 [δῖ’
2911 5786 2928 5815 ι
2984 5754 3251 5851 ιιὲῑὶῗχῖί,
3273 5754 3369 5842 ἰἰ.
3409 5754 3601 5837 "illi
3627 5754 3736 5839 In.
