3892 6410
127 380 264 447 1089

1255 385 1335 445 IN
1375 381 1815 448 LEVITICUM.
1857 406 1923 416 —
1964 382 2113 442 LIB.
2145 382 2247 446 VI.

3216 380 3379 450 ’1090

119 498 310 550 timum
357 498 733 568 sempiternum
783 500 884 554 erit
933 500 990 553 in
1046 502 1244 555 cunctis
1292 501 1604 555 habitaculis
1650 508 1700 553 et
1729 503 1773 559 A
1871 495 2082 568 Pauper
2135 478 2319 554 autem
2376 508 2433 555 et
2481 478 2571 555 hic
2606 499 2828 566 dicitur,
2859 500 2984 571 quia
3009 513 3234 573 propter
3275 520 3381 560 uos

120 589 542 658 generationibus
564 593 767 644 uestris.
799 590 939 658 Quid
979 606 1110 662 ergo
1146 591 1200 645 in
1222 607 1285 645 ea
1321 600 1435 647 est:
1470 593 1613 661 quod
1641 592 1694 646 in

122 678 213 733 his
238 679 503 733 excellet?
528 679 666 735 Ecce
694 680 841 734 enim
864 690 920 735 et
939 680 1076 735 alios
1103 680 1220 735 dies
1257 690 1478 736 sanctos
1506 680 1696 750 appel-

123 767 220 833 lat,
253 770 349 824 sed
400 769 548 825 etde
597 771 702 826 hoc
744 771 980 840 primum
1022 770 1217 841 inquit,
1270 781 1326 825 et
1354 772 1698 841 appellabitis

120 859 279 915 hunc
317 860 461 914 diem
490 861 933 925 celeberrimum,
959 869 1015 915 et
1043 869 1167 931 post
1197 862 1298 917 hoc
1320 880 1332 915 :
1353 871 1515 932 atque
1538 878 1699 918 sanc-

117 956 415 1022 tissimum,
450 968 511 1012 ut
560 958 615 1011 in
645 973 712 1012 eo
744 973 1112 1028 cognosceres
1145 960 1279 1029 quid
1330 970 1384 1014 et
1425 977 1549 1015 cum
1579 961 1698 1016 aliis

119 1062 433 1113 commune,
474 1058 529 1103 et
556 1049 684 1119 quid
734 1049 787 1103 in
822 1066 881 1104 se
912 1052 1194 1121 proprium
1234 1053 1439 1118 habet;
1472 1054 1529 1107 in
1577 1056 1696 1122 ipso

121 1138 269 1192 enim
292 1140 533 1210 gentium
578 1144 788 1196 vocatio
820 1159 929 1198 non
964 1147 1245 1215 przrdicari
1283 1149 1483 1211 solum,
1520 1150 1613 1204 sed
1643 1157 1696 1203 et

121 1232 337 1299 operari
374 1234 558 1301 cmpit,
588 1236 807 1302 quando
833 1235 1039 1302 Part/ti,
1073 1248 1122 1291 et
1150 1238 1312 1304 Medi,
1346 1250 1393 1294 et
1427 1240 1694 1305 Elamita',

120 1330 173 1374 ct
196 1324 287 1392 qui
315 1323 555 1376 habitant
584 1322 1034 1394 Mesopotamiam,
1057 1330 1319 1393 Jmla’am,
1354 1342 1400 1385 et
1440 1333 1696 1400 Pamphi-

124 1412 273 1479 liam,
313 1430 616 1484 onunesque
658 1419 879 1487 reliquae
912 1430 1120 1488 gentes,
1156 1439 1289 1491 quas
1317 1422 1492 1478 Lucas
1532 1426 1696 1479 dinu~

122 1503 373 1568 meravit,
414 1506 600 1558 audire
646 1507 944 1574 apostolos,
1001 1511 1195 1580 linguis
1256 1514 1366 1566 suis
1423 1514 1695 1584 magnalia

116 1595 219 1647 Dei
248 1595 592 1665 loquentes",
627 1600 1096 1670 prtedicautesqne
1125 1612 1430 1672 eruperunt.
1477 1605 1695 1660 Nullum

115 1702 249 1756 ergo
278 1704 417 1756 opus
459 1688 655 1743 servile
684 1690 737 1743 in
764 1691 856 1745 illo
887 1693 974 1747 die
1004 1693 1289 1759 faciamus,
1322 1696 1378 1749 id
1418 1704 1523 1758 est,
1552 1696 1698 1764 quod

113 1777 185 1830 ad
213 1777 533 1831 servitutem
565 1781 823 1848 pertinet,
850 1782 942 1836 sed
978 1781 1276 1851 legitimum
1302 1782 1694 1851 sempiternum

1800 605 2006 660 pauper
2033 590 2208 648 factus
2235 602 2318 647 est
2342 608 2464 647 curn
2498 593 2651 648 dives
2677 603 2842 657 esset,
2872 603 2930 648 ut
2961 595 3109 649 illius
3135 610 3374 666 pauper-

1799 690 1909 738 tate
1931 695 2032 736 nos
2057 684 2255 739 divites
2288 699 2577 752 essemus;
2632 687 2728 739 sed
2777 695 2833 740 et
2865 687 3095 750 advena,
3131 686 3258 756 quia
3273 695 3378 741 etst

1799 773 1852 827 in
1882 775 2102 845 propria
2131 777 2305 838 venit,
2343 777 2431 831 sui
2459 792 2582 832 eum
2651 786 2833 831 tamen
2874 793 2985 832 non
3022 787 3375 847 receperunt.

1799 865 1942 921 Huic
1986 882 2117 937 ergo
2147 883 2208 922 ea
2238 868 2552 938 relinques;
2601 869 2751 923 solus
2776 880 2960 924 autem
2989 871 3094 925 scit
3119 886 3240 937 quos
3270 886 3378 925 no-

1798 957 1882 1013 bis
1910 967 2214 1022 remanent,
2242 969 2462 1030 propter
2480 962 2624 1030 quod
2653 976 2756 1016 nec
2783 960 3038 1032 colligere
3063 977 3378 1031 possumus,

1800 1065 1922 1119 quae
1954 1058 2012 1104 ut
2038 1051 2157 1119 ipse
2182 1053 2414 1123 colligat,
2444 1063 2695 1122 separata
2740 1062 2891 1115 sunt,
2923 1062 3060 1107 teste
3085 1053 3253 1109 Paulo
3282 1056 3376 1122 qui

1799 1142 1932 1196 dicit
1964 1141 2284 1197 :Oaltitudo
2311 1145 2585 1212 sapientiae
2607 1154 2657 1198 et
2687 1147 2919 1199 scientia:
2943 1145 3076 1199 Dei!
3100 1162 3260 1216 quam
3288 1147 3368 1200 in-

1799 1234 2433 1301 comprehensibiliasunt
2444 1236 2656 1304 judicia
2716 1237 2829 1305 ejus
2886 1247 2934 1291 ct
2993 1237 3377 1308 inuestigabiles

1797 1327 1896 1380 vite
1924 1327 2036 1395 ejus
2064 1329 2128 1380 δι.

1872 1417 2034 1472 Vens.
2095 1418 2186 1482 24,
2250 1418 2339 1473 ‘25.
2405 1438 2423 1470 ‹
2477 1419 2833 1490 Locutusque
2889 1430 2980 1476 est.
3017 1421 3280 1478 Dominus
3309 1425 3376 1478 ad

1798 1509 2018 1579 Moysen
2077 1510 2267 1564 dicens
2303 1528 2315 1563 :
2364 1509 2614 1579 Loquere
2655 1512 2779 1566 ﬁliis
2806 1513 2974 1567 Israel
3023 1530 3035 1566 :
3068 1514 3252 1569 Mense
3286 1530 3377 1568 se-

1799 1602 1970 1671 ptimo
1995 1603 2170 1672 prima
2191 1603 2279 1657 die
2313 1605 2538 1668 mensis,
2572 1605 2678 1659 erit
2726 1605 2878 1659 vobis
2907 1606 3202 1660 Sabbatum
3257 1624 3375 1662 me-

1799 1694 2029 1747 moriale
2053 1695 2433 1763 clangentibus
2467 1695 2630 1757 tubis,
2676 1703 2731 1749 et
2776 1696 3061 1749 vocabitur
3099 1705 3374 1750 sanetum.

1798 1784 1974 1839 Omne
2001 1801 2138 1855 opus
2172 1786 2367 1840 servile
2387 1802 2498 1840 non
2536 1787 2756 1842 facietis
2788 1788 2843 1841 in
2892 1803 2979 1855 eo,
3020 1797 3076 1842 et
3127 1788 3379 1843 oll'eretis

114 1869 176 1922 in
237 1869 453 1924 cunctis
507 1870 833 1925 habitaculis
890 1881 946 1926 et
988 1872 1437 1942 generationibus
1491 1873 1695 1928 nostris
1726 1857 1769 1912 Β
1798 1876 2181 1930 holocaustum
2200 1875 2451 1930 Domino.
2493 1895 2513 1928 ›

116 1975 423 2025 servemus,
456 1962 595 2015 nihil
621 1963 821 2017 servile
853 1973 1145 2033 operantes
1177 1965 1231 2018 in
1284 1974 1553 2034 tempore,
1585 1980 1694 2034 quo

118 2051 184 2105 ad
217 2064 321 2107 nos
348 2053 495 2106 venit
512 2051 771 2122 Spiritus,
798 2054 923 2123 quia
959 2056 1051 2107 ubi
1075 2052 1304 2125 Spiritus
1332 2054 1570 2122 Domini,
1621 2055 1695 2108 ibi

113 2138 355 2203 libertas,
380 2140 520 2195 sicut
546 2139 748 2195 Paulus
780 2142 1000 2211 scripsit
1022 2135 1087 2188 "-

189 2250 349 2306 Vens.
376 2253 465 2306 2‘3.
497 2271 516 2303 ι
544 2251 838 2322 Postquam
866 2258 1048 2307 autem
1082 2254 1422 2308 messueritis
1451 2264 1692 2326 segetem

112 2352 278 2397 teme
297 2352 516 2410 vestrae,
544 2359 654 2397 non
677 2344 937 2399 secabitis
958 2360 1079 2398 eam
1101 2361 1272 2415 usque
1288 2346 1353 2399 ad
1375 2346 1571 2412 solum,
1592 2362 1695 2401 nec

109 2444 469 2490 remanenlcs
496 2437 678 2506 Spicas
702 2437 992 2508 colligetis,
1015 2438 1109 2493 sed
1135 2438 1467 2508 pauperibus
1523 2448 1577 2494 et
1601 2455 1695 2509 pe-

112 2527 350 2596 regrinis
384 2528 668 2583 dimittatis
690 2545 804 2583 eas.
835 2530 948 2601 Ego
987 2529 1252 2584 Dominus
1275 2529 1418 2585 Deus
1437 2540 1637 2585 vester.
1668 2550 1687 2583 ι

185 2609 328 2674 Quia
365 2611 568 2680 pietate
608 2612 769 2681 plena
830 2622 960 2667 sunt
1002 2628 1121 2682 quae
1144 2628 1293 2667 nunc
1348 2613 1463 2684 lege
1498 2615 1693 2683 prteci-

108 2703 369 2771 piuntur,
404 2713 657 2773 apertum
690 2713 792 2759 cst.
826 2703 1059 2775 Propter
1082 2706 1228 2775 quod
1269 2722 1330 2759 ca
1360 2706 1615 2760 custodiri
1641 2717 1695 2762 et

108 2795 420 2849 secundum
453 2795 685 2850 litteram
733 2804 969 2867 oportet,
1007 2797 1101 2851 sed
1154 2797 1331 2865 majus
1382 2812 1570 2852 eorum
1606 2797 1694 2851 lu-

107 2902 271 2941 crum
321 2889 713 2959 contemplatio
758 2890 1019 2959 possidet.
1053 2889 1131 2942 'l‘u
1175 2898 1355 2944 autem
1384 2891 1488 2944 hoc
1521 2890 1574 2943 in
1615 2890 1695 2944 eis

106 2985 268 3039 nota,
296 2976 423 3045 quia
483 2993 607 3031 cum
640 2978 837 3032 similia
888 2978 972 3033 his
1018 2994 1272 3048 superius
1320 2979 1692 3050 praecepisset,

104 3081 228 3118 non
260 3074 443 3120 tamen
478 3067 668 3121 eadem
725 3067 978 3131 sancivit,
1023 3069 1126 3122 hoc
1178 3075 1358 3122 autem
1402 3072 1692 3123 verborum

103 3154 228 3224 ipsa
254 3156 933 3219 immutatiodemonstrat,
961 3154 1035 3210 ibi
1056 3158 1256 3211 etenim
1270 3157 1377 3210 ait:
1405 3157 1525 3211 Non
1549 3175 1693 3211 com-

104 3247 327 3316 plebitis
364 3251 669 3303 utcssionem
701 3259 947 3312 uestram,
982 3250 1073 3303 hic
1096 3256 1314 3303 autem:
1346 3246 1464 3303 Non
1501 3249 1700 3303 secabi-

107 3336 179 3389 tis
211 3352 333 3388 eam
359 3353 519 3404 usque
553 3338 624 3389 ad
657 3336 847 3398 solum,
891 3346 948 3390 ut
998 3335 1362 3390 diﬂ‘erentiam
1407 3335 1576 3405 ipsam
1628 3352 1693 3389 ex

103 3429 521 3496 pernmtatione
562 3429 852 3483 verborum
885 3429 1270 3500 intelligamus.
1292 3426 1515 3481 Terram
1557 3427 1694 3480 ﬁde-

104 3516 253 3573 lium
276 3534 397 3575 esse
428 3520 739 3592 prmdictam
764 3536 793 3574 a
817 3521 934 3592 lege
965 3520 1057 3575 Dei
1087 3520 1558 3573 conversationem
1587 3518 1697 3571 frc-

108 3620 361 3680 quenter
378 3617 746 3670 ostendimus;
790 3616 955 3685 hujus
998 3612 1218 3677 messio,
1258 3619 1378 3681 post
1418 3624 1698 3665 resurrec-

111 3703 331 3757 tionem
358 3703 658 3760 Salvatoris
701 3722 729 3758 a
758 3705 1008 3765 mortuis,
1058 3713 1111 3757 ct
1173 3701 1467 3756 adventum
1524 3698 1695 3752 sancti

111 3791 385 3860 Spiritus,
418 3792 617 3847 ﬂoruit.
650 3791 715 3846 Et
748 3810 856 3847 non
901 3793 1120 3862 quidem
1152 3805 1371 3845 omnem
1412 3787 1696 3842 scientiam

106 3899 289 3952 quam
340 3885 584 3939 habituri
627 3884 849 3947 sumus,
891 3884 1112 3954 quando
1165 3883 1230 3936 ad
1286 3882 1466 3950 ipsum
1526 3878 1699 3931 Deum

104 3978 475 4043 venerimus,
542 3979 705 4032 tradit
780 3978 1009 4033 verbum
1067 3971 1520 4045 praedicationis:
1571 3977 1702 4024 sunt

102 4081 305 4125 autem
331 4086 454 4140 qua:
473 4071 754 4141 relinquit,
782 4079 969 4140 utpote
995 4083 1115 4138 qum
1159 4080 1309 4121 nunc
1344 4064 1502 4119 nobis
1543 4076 1701 4116 reve-

102 4161 214 4215 lari
252 4177 364 4215 non
398 4171 646 4230 possunt.
676 4165 740 4217 Et
769 4168 1053 4231 propterea
1092 4160 1263 4229 legem
1298 4157 1439 4211 hanc
1476 4155 1528 4207 in
1559 4168 1700 4223 prte-

100 4253 281 4308 dictis
322 4253 712 4308 festivitatibus
772 4251 1119 4322 interposuit,
1155 4259 1211 4304 et
1250 4248 1357 4303 ait:
1414 4244 1703 4316 Postquam

98 4347 447 4399 messueritis
476 4355 697 4416 segetem
729 4355 883 4399 terra:
912 4354 1119 4408 vestr-tv,
1161 4358 1265 4396 non
1308 4338 1553 4395 secabitis
1582 4352 1701 4390 eam

96 4454 282 4509 usque
304 4439 378 4492 ad
406 4437 592 4492 solum.

1867 1966 2246 2036 Septenarium
2277 1983 2571 2021 numerum
2625 1968 2939 2023 evidentem
2964 1984 3155 2039 gerere
3201 1978 3259 2024 et
3286 1970 3377 2024 in-

1796 2058 2155 2114 dubitabilem
2191 2059 2681 2114 consummationis
2710 2059 2939 2131 ﬁguram
2963 2062 3081 2116 sive
3113 2063 3377 2117 uniuscu-

1723 2214 1727 2219 θ
1788 2151 1991 2220 jusque
2033 2161 2306 2215 nostrum,
2341 2151 2457 2204 sive
2495 2151 2829 2222 generalem.
2872 2153 3041 2206 multa
3071 2153 3292 2208 quidem
3322 2161 3378 2209 et

1794 2245 1901 2299 alia
1932 2245 2253 2309 ostendunt,
2303 2244 2435 2300 illud
2473 2254 2657 2298 autem
2718 2244 2974 2308 maxime,
3029 2245 3163 2313 quia
3232 2245 3377 2307 Deus

1795 2338 1852 2394 in
1885 2339 1972 2393 die
1996 2339 2225 2409 septima
2244 2341 2480 2393 cessavit
2505 2340 2575 2394 ab
2604 2340 2865 2407 operibus
2894 2340 3031 2405 suis,
3057 2339 3195 2393 dans
3216 2338 3374 2393 nobis

1794 2448 1863 2486 ex
1897 2431 2011 2500 ipsa
2042 2431 2283 2500 requiem
2311 2440 2553 2486 nostram
2595 2431 2895 2500 conjicere,
2926 2430 2995 2485 de
3021 2446 3129 2501 qua
3174 2431 3377 2487 Paulus

1794 2526 1870 2580 ait
1909 2542 1924 2578 :
1954 2524 2056 2589 Qui
2082 2527 2218 2579 enim
2248 2527 2515 2595 ingressus
2541 2534 2618 2578 est
2668 2525 2724 2578 in
2758 2523 2929 2581 illam
2983 2524 3234 2594 requiem,
3289 2536 3378 2578 rc-

1794 2619 1984 2688 quieuit
2030 2619 2140 2684 ipse
2199 2617 2265 2671 ab
2319 2618 2561 2670 omnibus
2591 2616 2834 2685 operibus
2867 2616 2998 2679 suis,
3032 2617 3381 2685 quemadmo-

1793 2712 2042 2763 dumeta
2072 2710 2182 2763 suis
2216 2710 2351 2763 Deus
2371 2710 2440 2761 δ’.
2476 2709 2585 2762 Sed
2628 2708 2847 2763 initium
2876 2708 3381 2765 consummatimtis

1795 2807 2127 2867 temporum,
2172 2797 2390 2851 Domini
2422 2805 2506 2850 est
2534 2796 2802 2851 adventus
2830 2805 3054 2865 propter
3083 2795 3380 2865 quodiliud

1792 2891 2146 2946 novissimam
2179 2890 2370 2943 horam
2398 2888 2641 2943 Joannes
2689 2889 3031 2958 evangelista
3054 2887 3378 2957 appellavit,

1793 2983 1870 3035 ait
1898 2981 2043 3035 enim
2076 2997 2090 3035 :
2128 2978 2332 3046 Filioli,
2368 2980 2645 3033 novissima
2665 2979 2795 3031 liora
2828 2987 2901 3031 est
2928 2979 2995 3031 ⁸³.
3017 2977 3200 3033 Sedet
3223 2976 3380 3033 Jaco-

1795 3074 1897 3127 bus
1926 3090 1940 3125 :
1971 3072 2106 3126 Ecce
2128 3072 2294 3141 judea:
2327 3080 2452 3125 ante
2493 3071 2725 3140 jauuam
2742 3079 2848 3123 stat
2878 3069 2947 3124 “.
2982 3069 3099 3125 Hoc
3158 3081 3377 3141 tempus

1796 3166 2031 3235 primam
2055 3163 2273 3232 septimi
2326 3163 2535 3217 mensis
2558 3162 2703 3216 sicut
2744 3161 3072 3231 principium
3105 3177 3375 3216 consum-

1799 3255 2080 3320 mationis,
2110 3262 2262 3307 recte
2284 3253 2372 3307 lex
2397 3253 2713 3322 appellavit.
2760 3253 2857 3306 Est
2879 3253 3044 3306 etiam
3077 3253 3239 3307 nobis
3285 3268 3377 3307 re-

1799 3347 1989 3417 quies;
2020 3346 2148 3416 quia
2179 3361 2281 3398 nos
2316 3344 2385 3399 ab
2410 3344 2673 3413 operibus
2728 3342 2888 3396 malis
2910 3342 3107 3396 carnis
3160 3342 3376 3407 refecit,

1801 3451 1858 3496 et
1883 3457 1911 3494 a
1931 3439 2063 3510 jugo
2092 3439 2240 3509 gravi
2260 3438 2548 3492 liberavit:
2578 3435 2756 3489 Venite
2778 3435 2939 3500 enim,
2967 3434 3164 3504 inquit,
3201 3453 3380 3490 omnes

1801 3534 1892 3604 qui
1923 3532 2177 3586 laboratis
2208 3539 2256 3583 et
2287 3529 2494 3582 onerati
2520 3528 2666 3592 estis,
2699 3535 2748 3581 et
2778 3543 2870 3596 ego
2916 3526 3158 3595 reﬁciam-
3193 3543 3283 3582 vos
3306 3529 3377 3583 ⁸⁵.

1802 3624 1872 3681 Ει
1900 3637 2129 3677 rursus:
2162 3620 2359 3675 Discite
2398 3636 2433 3673 α
2467 3637 2568 3683 me,
2605 3619 2729 3687 quia
2760 3619 2911 3671 mitis
2937 3634 3055 3672 sum
3092 3627 3141 3670 et
3168 3616 3380 3671 humilis

1805 3717 1984 3781 corde,
2017 3724 2063 3769 et
2105 3714 2380 3767 invenietis
2404 3712 2638 3783 requiem
2658 3711 2940 3764 animabus
2966 3711 3150 3764 uestris
3165 3711 3233 3762 ⁸⁸.
3266 3708 3383 3764 Hoc

1805 3821 1861 3865 et
1890 3807 2206 3864 memoriale
2245 3807 2497 3860 tubarum
2546 3810 2672 3858 est:
2709 3802 2970 3872 prmdicat
3017 3802 3163 3855 enim
3196 3801 3375 3856 Salva-

1807 3900 1942 3956 toris
1970 3898 2452 3960 resurrectionem,
2490 3909 2614 3964 quae
2675 3893 2999 3948 tnemoriale
3025 3900 3109 3947 est
3137 3906 3383 3945 commn-

1806 3995 1895 4051 nis
1921 4002 2259 4050 mortuorum
2301 3988 2744 4051 resurrectionis,
2771 4005 2894 4057 quae
2958 3987 3021 4041 in
3052 4002 3189 4043 voce
3224 3987 3384 4041 tuba-

1808 4103 1928 4142 rum
1956 4066 2272 4156 magnarum
2318 4091 2373 4136 et
2426 4079 2747 4135 terribilium
2796 4079 3076 4134 edicitur:
3125 4078 3193 4133 In
3229 4079 3385 4147 jussu

1814 4178 2108 4240 Dominico,
2139 4177 2195 4229 in
2222 4191 2343 4228 voce
2372 4171 2693 4241 archangeli,
2724 4171 2781 4223 in
2839 4170 2960 4224 tuba
3014 4170 3110 4225 Dei
3130 4171 3196 4235 ⁸⁷,
3246 4170 3391 4225 sicut

1809 4270 2013 4325 Paulus
2032 4267 2241 4323 docuit.
2293 4265 2406 4319 Hoc
2439 4274 2653 4333 tempus
2699 4262 2988 4317 vocabitur
3017 4270 3264 4317 sanctum
3287 4263 3393 4315 Do-

1812 4360 1988 4422 mino,
2028 4358 2156 4427 quia
2186 4355 2553 4419 vocationem,
2587 4367 2709 4422 qua:
2728 4352 2785 4406 in
2810 4351 3242 4406 sanctiﬁcatione
3282 4358 3386 4415 est,

1813 4450 2059 4522 possidet
2090 4465 2104 4500 :
2137 4463 2202 4503 ex
2224 4462 2330 4517 qua
2383 4445 2626 4513 adoptio,
2671 4459 2792 4512 quae
2836 4443 2907 4497 ad
2970 4459 3095 4497 eum
3147 4442 3393 4513 pertinet

173 4529 249 4583 In
299 4544 369 4583 eo
426 4528 567 4599 quod
598 4528 774 4584 dicit:
810 4527 933 4581 Non
963 4526 1205 4580 secabitis
1259 4539 1378 4578 eam
1425 4536 1584 4591 usque
1634 4516 1704 4571 ad

88 4624 314 4687 solum,
349 4637 415 4675 ea
447 4621 791 4690 signiﬁcavit,
826 4636 948 4690 quae
979 4619 1138 4674 nobis
1179 4616 1246 4672 ad
1286 4617 1504 4686 plenam
1522 4613 1705 4668 scien-

92 4712 247 4763 tiam
271 4719 329 4763 et
364 4710 661 4778 perlectam
703 4711 925 4773 desunt,
991 4719 1218 4780 propter
1250 4708 1396 4776 quod
1425 4715 1481 4760 et
1509 4703 1703 4759 subdi-

85 4804 226 4856 dit:
258 4800 375 4854 Nec
398 4812 724 4856 remanentcs
744 4804 919 4872 spiras
949 4801 1224 4872 colligatis.
1243 4799 1314 4854 Ut
1335 4814 1445 4853 non
1467 4805 1704 4852 conten-

84 4896 343 4956 damus,
375 4910 553 4964 neque
604 4893 809 4950 frustra
865 4908 1131 4948 conemur
1190 4908 1253 4947 ea
1302 4905 1423 4961 qua:
1458 4898 1701 4943 nostram

1812 4546 2021 4599 vocatis
2048 4539 2279 4594 ellieitur
2317 4555 2331 4591 :
2364 4537 2532 4591 Omne
2559 4551 2689 4604 opus
2722 4534 2906 4589 seruile
2957 4550 3061 4588 non
3090 4534 3299 4604 facietis
3335 4535 3395 4589 in

1812 4649 1890 4693 eo,
1923 4640 1973 4684 et
2013 4629 2237 4700 oﬂ‘eretis
2279 4626 2643 4681 holocaustum
2681 4624 2931 4679 Domino.
3008 4674 3011 4676 .

1878 4720 1999 4774 Non
2034 4728 2118 4773 est
2149 4718 2297 4771 enim
2319 4716 2431 4786 jam
2459 4724 2679 4784 tempus
2717 4728 2884 4783 Opera
2935 4713 3158 4768 servilia
3207 4728 3394 4785 agere,

1807 4813 1934 4883 quia
1996 4808 2196 4866 sufﬁcit
2242 4808 2582 4878 praeteritum
2651 4815 2872 4875 tempus
2921 4806 2986 4859 ad
3049 4806 3395 4863 voluntatem

1743 4581 1784 4633 Ι)

88 4986 344 5059 fugiunt
394 4988 709 5045 scientiam.
756 4987 821 5043 Et
864 4996 1156 5059 propterea
1184 4986 1253 5041 de
1277 4998 1528 5039 messura
1582 4996 1704 5051 quae

90 5078 325 5135 cadere
351 5080 629 5145 dicuntur,
654 5080 910 5152 colligere
967 5093 1073 5133 nec
1120 5090 1437 5148 possumus,
1468 5073 1566 5129 sed
1613 5087 1708 5127 re-

90 5177 443 5246 linquamus
480 5191 544 5229 ea
580 5174 803 5229 Christo
831 5188 995 5244 quem
1056 5171 1376 5245 signiﬁcans
1427 5166 1706 5238 legislator

90 5272 338 5328 addidit
371 5290 383 5326 :
415 5272 748 5342 Pauperibus
775 5281 823 5325 et
855 5269 1144 5340 peregrinis
1169 5268 1404 5321 dimittes
1425 5281 1540 5320 eas.
1576 5262 1707 5318 Sive
1746 5308 1749 5315 .

91 5362 432 5419 secundum
463 5362 608 5417 LXX
641 5379 654 5414 :
687 5360 924 5430 Pauperi
950 5368 999 5415 et
1030 5359 1298 5430 proselyto
1327 5353 1590 5425 relinques
1615 5368 1702 5406 ea.

91 5455 181 5510 Et
212 5452 347 5526 quis
382 5463 467 5508 est
498 5453 626 5509 hic?
651 5452 793 5513 Audi
816 5451 961 5522 quod
992 5448 1280 5520 sequiturc
1311 5443 1424 5515 Ego
1445 5444 1705 5499 Dominus

90 5548 269 5604 Deus
291 5557 481 5601 vester.

220 5764 277 5831 f9
315 5765 436 5821 Aet.
475 5780 537 5831 tt,
574 5763 660 5818 10·

181 5828 233 5862 ’⁵
263 5834 460 5892 Hattb.
487 5828 560 5900 xl,
583 5835 674 5889 98.

755 5763 804 5797 ⁵ο
831 5760 871 5815 li
894 5759 1021 5817 Cor.
1061 5775 1144 5823 tn,
1173 5759 1260 5813 i7.

1338 5756 1383 5788 ⁸¹
1407 5754 1568 5808 Rom.
1587 5768 1648 5810 ιι.
1679 5753 1770 5807 55.

753 5834 800 5867 ⁸⁸
834 5832 964 5887 ibid.
993 5831 1084 5886 29.
1135 5818 1205 5862 ’⁸⁷
1236 5825 1475 5883 lThess.
1505 5840 1579 5891 tv,
1613 5823 1701 5877 15.
1776 5821 1823 5854 ⁸⁸
1851 5821 2010 5875 llom.
2035 5833 2111 5885 vt,
2145 5819 2233 5882 15,
2262 5818 2349 5873 19.

1807 4901 2076 4974 gentium,
2111 4899 2166 4952 in
2200 4913 2309 4968 quo
2332 4906 2483 4969 gesta
2519 4904 2649 4950 sunt
2689 4910 2856 4965 opera
2876 4894 3121 4958 servilia,
3143 4906 3201 4951 et
3224 4897 3396 4952 debe-

1810 5007 1953 5058 mus,
1974 4988 2432 5061 quemadmodum
2487 4987 2839 5041 exhibuimus
2887 4988 3133 5041 membra
3208 4989 3397 5043 nostra

1812 5099 1964 5139 arma
1991 5080 2297 5151 iniquitatis
2328 5079 2395 5134 ad
2424 5078 2788 5148 iniquitatem,
2822 5077 2893 5132 ita
2933 5078 3195 5133 exhibere
3219 5093 3396 5132 mem-

1815 5175 1910 5230 bra
1935 5182 2124 5228 nostra
2146 5187 2298 5227 arma
2341 5170 2592 5242 justitize,
2623 5170 2678 5223 in
2707 5169 3149 5224 sanctiﬁcatione
3177 5169 3243 5223 ⁸⁸.
3282 5167 3394 5223 Hoc

1813 5276 1896 5322 est
1924 5267 2071 5320 enim
2108 5265 2305 5319 iterum
2336 5264 2737 5318 holocaustum.

1884 5353 2049 5408 Vens.
2088 5351 2281 5405 27-59.
2308 5369 2328 5402 ι
2367 5350 2713 5418 Locutusque
2735 5357 2820 5403 est
2852 5347 3117 5402 Dominus
3156 5346 3223 5401 ad
3243 5344 3395 5417 Moy-

1812 5458 1934 5509 sen,
1988 5442 2226 5496 dicens:
2289 5440 2512 5493 Decimo
2558 5438 2648 5493 die
2694 5438 2900 5492 mensis
2955 5437 3120 5506 hujus
3175 5436 3396 5506 septimi

1813 5534 1931 5590 dies
1968 5531 2348 5602 expiationum
2407 5528 2515 5583 erit
2557 5528 2974 5593 celeberrimus,
3006 5538 3060 5585 et
3106 5525 3399 5583 vocabitur

1848 5752 1894 5783 ¹¹²
1925 5748 2094 5804 llebr.
2116 5746 2285 5809 rv,10.
2396 5748 2482 5806 ⁸³1
2511 5748 2671 5806 Joan.
2714 5764 2773 5817 ιι,
2824 5747 2914 5804 18.
2988 5746 3036 5781 ⁸⁵
3063 5743 3178 5802 Jac.
3212 5761 3269 5814 ν,
3301 5742 3355 5800 9.
