3892 6422
563 341 697 405 1091

1764 336 2129 398 IlESYCIIlI
2168 336 2645 398 PRESBYTEBI

3622 360 3713 422 1092

560 454 806 509 sanctus,
845 443 1203 516 amigetisque
1231 442 1444 499 animas
1475 450 1690 499 vestras
1724 443 1780 497 in
1822 458 1890 497 eo
1923 444 2134 499 etoll'e-
2166 449 2209 506 Α
2240 444 2444 513 facietis
2481 445 2534 496 in
2570 454 2801 514 tempore
2856 445 2964 499 diei
3028 449 3209 517 hujus.
3264 447 3318 505 ln
3375 454 3713 526 holocautoume

560 538 695 593 retis
726 534 1105 591 holocaustum
1139 534 1388 590 Domino.
1418 535 1594 590 Omne
1621 550 1760 605 opus
1789 536 1987 589 servile
2034 552 2145 589 non

561 631 775 687 facietis
806 632 861 686 in
884 639 1130 700 tempore
1160 628 1267 683 diei
1300 629 1485 698 hujus,
1547 628 1674 697 quia
1709 627 1828 682 dies
1880 628 2147 698 propitia-

562 725 729 780 tionis
760 733 865 789 est,
899 733 959 778 ut
992 722 1320 793 propitietur
1363 721 1517 776 vobis
1550 721 1813 776 Dominus
1839 720 1985 775 Deus
2048 736 2149 775 ve-

564 827 697 873 ster.
715 816 905 872 Omnis
927 816 1107 869 anima
1136 831 1255 885 qua:
1277 814 1473 868 alllicta
1498 829 1608 868 non
1629 814 1793 869 fuerit
1820 814 1874 868 in
1912 814 2002 869 die
2021 814 2146 881 hoc,

562 908 765 979 peribit
813 910 881 963 de
931 907 1147 977 populis
1206 905 1341 959 suis.
1378 903 1444 958 Et
1500 921 1619 975 quae
1650 905 1833 974 operis
1868 903 2148 975 quippiam

562 993 777 1059 fecerit,
811 993 1005 1048 delebo
1021 1008 1140 1047 eam
1165 992 1234 1047 dc
1254 991 1456 1062 populo
1490 1008 1610 1047 suo.
1643 992 1795 1047 Nihil
1820 1008 1950 1063 ergo
1965 991 2150 1063 operis

562 1084 773 1141 facietis
806 1087 859 1138 in
888 1100 975 1138 eo.
1006 1082 1342 1154 Legitimum‘
1397 1082 1797 1152 sempiternum
1842 1083 1949 1137 erit
1994 1083 2150 1137 vobis

563 1175 621 1229 in
646 1175 856 1230 cunctis
882 1173 1334 1245 generationibus
1358 1181 1416 1227 et
1468 1172 1903 1227 habitationibus
1927 1171 2149 1233 vestris,

565 1265 979 1335 Sabbatumque
1009 1266 1217 1335 requiei
1248 1272 1372 1330 est;
1401 1264 1651 1335 allligetis
1687 1265 1898 1318 animas
1916 1270 2147 1317 vestras.

563 1355 662 1411 Die
691 1374 833 1411 notio
857 1357 1061 1411 mensis
1082 1356 1324 1427 septimi,
1348 1372 1378 1410 a
1404 1371 1632 1426 vespere
1652 1370 1825 1427 usque
1850 1355 1921 1410 ad
1952 1368 2151 1424 vespe-

562 1464 686 1502 rum
707 1448 1058 1503 celebrabitis
1091 1447 1328 1502 Sabbata
1360 1457 1562 1502 vestra.
1605 1465 1623 1499 ι

636 1542 806 1595 Recte
834 1539 1032 1594 Paulus
1058 1540 1357 1594 Corinthiis
1391 1538 1676 1594 deludzcis
1729 1537 1949 1608 scripsit
1980 1553 1998 1592 :
2026 1537 2152 1593 Hcce

566 1632 745 1684 omnia
768 1632 822 1685 in
858 1631 1033 1702 ﬁgura
1060 1631 1429 1703 contingebant
1479 1632 1607 1689 illis.
1645 1631 1857 1700 Scripta
1889 1640 2010 1685 sunt
2050 1647 2151 1684 au-

566 1732 673 1776 tem
694 1725 764 1777 ad
785 1733 1020 1777 nostram
1048 1725 1448 1791 correptionem,
1498 1725 1554 1777 in
1584 1740 1711 1795 quos
1748 1723 1878 1793 ﬁnes
1926 1723 2148 1778 sarculo-

564 1828 686 1867 rum
713 1813 1028 1868 devenerunt
1056 1816 1123 1869 ".
1155 1814 1311 1881 Quod
1327 1816 1476 1869 enim
1508 1815 1559 1869 in
1610 1815 1717 1870 line
1748 1816 1935 1870 saeculi
1965 1825 2148 1870 actum
2182 1791 2222 1845 Β

564 1910 653 1957 est
693 1901 988 1959 Salvatoris
1012 1905 1353 1974 mysterium,
1388 1922 1509 1976 quae
1531 1914 1588 1960 et
1620 1914 1821 1975 quanta
1844 1922 1909 1960 ex
1927 1921 1994 1961 eo
2032 1907 2148 1961 dis-

568 2002 796 2063 pensata
831 1994 962 2060 sint,
1012 1996 1175 2065 plane
1214 2011 1311 2065 per
1358 1997 1651 2066 praesentia
1685 1995 1965 2067 legislator
1985 1996 2152 2068 signi-

566 2084 768 2141 ﬁcavit.
801 2085 942 2152 Quid
972 2102 1103 2158 ergo
1136 2088 1294 2143 nobis
1314 2089 1515 2151 innuit,
1546 2087 1633 2142 vel
1664 2088 1795 2159 quid
1825 2089 2150 2161 sancitgra-

566 2175 641 2231 tia
662 2175 887 2239 Christi,
910 2186 964 2232 et
996 2178 1312 2248 praedicatio
1344 2177 1497 2248 ejus?
1548 2178 1713 2249 Spem
1746 2179 1934 2248 utique
1999 2195 2151 2234 mor-

564 2271 785 2316 tuorum
836 2265 1276 2331 resurrecﬁonis,
1340 2267 1507 2322 vitam
1565 2283 1690 2322 cum
1758 2268 2046 2333 modestia,
2095 2278 2151 2324 et

566 2352 893 2420 humilitate,
930 2364 985 2411 et
1007 2357 1063 2410 in
1091 2357 1340 2412 ciborum
1369 2359 1725 2425 abstinentia,
1761 2369 1817 2413 et
1842 2375 1965 2430 qua:
1989 2360 2149 2414 estin

555 2446 823 2517 despectu
849 2450 1228 2518 praesentium,
1264 2458 1427 2521 atque
1488 2451 1750 2521 despectu
1806 2452 2148 2522 possidendi,

564 2538 798 2609 aliisque
825 2541 1124 2596 virtutibus
1152 2559 1165 2595 :
1199 2557 1337 2612 quas
1393 2553 1636 2614 agentes,
1674 2551 1928 2614 tanquam
1960 2544 2153 2599 incola:

566 2628 670 2684 hac
718 2639 865 2685 terra
896 2634 1122 2697 utimur,
1165 2641 1353 2702 utpote
1379 2634 1580 2688 nonad
1631 2634 1854 2706 longum
1912 2644 2148 2705 tempus,

564 2720 662 2775 sed
696 2722 763 2776 ad
791 2738 1120 2793 perparvum
1151 2723 1205 2777 in
1237 2738 1303 2777 eo
1328 2734 1601 2794 ponentes
1631 2726 2151 2798 tabernacula,quia

564 2826 755 2866 eorum
785 2829 907 2882 qua:
931 2813 1078 2869 dicta
1108 2825 1259 2882 sunt,
1281 2817 1716 2886 unumquodque.
1760 2817 1813 2871 in
1844 2818 1948 2873 hac
1977 2817 2153 2890 pleni-

566 2903 756 2959 tudine
787 2914 1097 2975 temporum
1134 2922 1234 2977 per
1255 2909 1630 2981 evangelicam
1666 2911 1835 2965 nobis
1852 2926 2123 2967 conversa

566 2994 771 3049 tionem
797 2997 1055 3065 praedicta
1082 3006 1231 3053 sunt.
1264 2998 1575 3069 Septimum
1600 3016 1867 3068 mensem,
1892 3002 1981 3057 hic
2001 3004 2147 3057 enim

2246 531 2489 601 quidem,
2517 542 2948 588 consummatam
2976 535 3163 599 vitam.
3195 551 3247 594 et
3272 543 3489 610 perfecte
3515 549 3715 614 iubere“.

2248 629 2357 675 tem
2390 621 2661 679 Domino:
2693 625 2747 679 in
2773 641 2887 680 non
2949 627 3201 684 faciendo
3249 642 3419 690 autem
3460 654 3597 698 omne
3626 664 3717 719 Opus

2251 720 2595 768 terrenorum
2624 730 2851 785 operum
2876 718 3262 776 abstinentiam
3283 726 3538 785 ostendit:
3559 718 3661 806 ergo
3684 756 3719 798 οι

2247 803 2413 858 nimis
2448 817 2855 876 consequenter
2876 809 3083 864 addidit
3120 829 3132 865 :
3184 811 3317 877 Quia
3352 817 3452 870 dies
3471 803 3721 889 propitiatio-

2250 895 2330 948 nis
2358 904 2454 960 est,
2485 904 2540 949 ut
2562 899 2878 968 propitiatur
2909 900 3050 954 vobis
3089 900 3336 957 Dominus
3364 905 3487 961 Deus
3537 924 3677 970 vester.

2322 984 2562 1057 Utraque
2591 988 2705 1043 haec
2722 988 3043 1059 ostendens,
3072 992 3201 1061 quia
3255 1002 3309 1048 et
3340 996 3437 1052 hoc
3469 1010 3543 1054 est
3574 1012 3724 1077 tempus

2249 1078 2319 1133 ad
2373 1080 2818 1150 propitiationem
2843 1083 3004 1138 nobis
3062 1099 3093 1138 a
3123 1084 3235 1139 Deo
3256 1087 3516 1157 donatum,
3565 1096 3610 1150 in
3654 1115 3725 1170 quo

2250 1183 2475 1243 peccata
2527 1188 2719 1230 nostra
2743 1177 2971 1232 veniens
2999 1179 3264 1236 Dominus
3292 1182 3457 1250 diluit,
3484 1195 3533 1240 et
3557 1190 3651 1257 quia
3690 1196 3725 1250 in

2250 1279 2359 1332 quo
2385 1264 2503 1319 haec
2535 1275 2926 1336 exspectamus
2959 1277 3207 1338 tempore
3242 1272 3377 1326 nihil
3403 1274 3625 1332 debemus
3658 1292 3727 1338 ter-

2252 1368 2514 1409 renorum
2545 1370 2729 1426 agere.
2763 1357 2968 1413 Deinde
3005 1359 3179 1430 legem
3204 1365 3532 1431 protrahens,
3565 1381 3611 1424 et
3624 1372 3727 1429 Chri.

2252 1453 2337 1499 sto
2358 1445 2775 1501 advocationem
2831 1450 3102 1518 praebens,
3120 1454 3212 1523 qui
3258 1454 3422 1510 dixit:
3447 1458 3612 1515 Discite
3637 1480 3662 1518 a
3682 1484 3728 1521 nu

2250 1538 2377 1607 quia
2409 1539 2551 1591 mitis
2582 1555 2695 1592 sum
2716 1549 2763 1593 et
2790 1540 3004 1597 humilis
3032 1550 3211 1611 corde,
3232 1556 3280 1600 et
3309 1550 3556 1605 invenietis
3576 1558 3730 1625 requiem

2251 1632 2535 1687 animabus
2574 1635 2759 1688 uestris
2779 1635 2824 1666 “
2846 1676 2862 1701 ,
2911 1636 2989 1691 ait
3020 1656 3032 1690 :
3067 1638 3251 1693 Omnis
3281 1642 3454 1697 anima
3485 1661 3586 1715 quis
3603 1649 3727 1717 σῷαί

2253 1736 2356 1773 non
2386 1722 2546 1791 fuerit
2575 1724 2629 1774 in
2656 1723 2740 1775 die
2769 1722 2883 1790 hoc,
2923 1725 3112 1793 peribit
3144 1726 3210 1779 de
3244 1728 3442 1796 populis
3468 1733 3580 1786 suis.
3606 1733 3729 1805 Neque

2252 1813 2398 1867 enim
2451 1815 2697 1884 sequitur
2738 1813 3041 1880 Christum,
3098 1818 3192 1888 qui
3239 1819 3354 1874 haec
3406 1822 3631 1887 saurivit,
3651 1827 3730 1881 etin

2253 1915 2463 1961 tantum
2498 1909 2854 1977 semetipsum
2908 1909 3237 1975 humiliavit,
3292 1923 3352 1967 ut
3407 1912 3585 1969 Paulus
3614 1918 3663 1972 de
3693 1935 3731 1975 eo

2252 1999 2461 2053 diceret
2504 2016 2518 2053 :
2578 2000 2899 2054 llumiliuvit
2968 2004 3328 2072 semetipsum,
3376 2007 3534 2077 [actus
3576 2010 3732 2065 obedittu

2254 2109 2415 2163 usque
2449 2094 2519 2147 ad
2546 2103 2787 2159 mortem,
2820 2105 3043 2151 mortem
3078 2106 3261 2151 autem
3295 2101 3458 2153 crucis
3482 2101 3539 2153 ⁶¹.

2323 2184 2428 2240 Sed
2451 2195 2500 2239 et
2519 2202 2638 2256 quis
2665 2188 2836 2257 operis
2862 2189 3136 2259 quippiam
3190 2191 3393 2261 fecerit,
3424 2191 3581 2245 delebo
3601 2198 3731 2249 eamdi

2252 2279 2446 2350 populo
2481 2295 2614 2333 meo.
2654 2279 2805 2334 Nihil
2850 2297 2971 2351 ergo
2992 2284 3165 2351 operis
3217 2284 3421 2354 facietis
3442 2285 3493 2337 in
3520 2284 3731 2355 ealegati-

2254 2389 2402 2426 mum
2431 2373 2808 2441 sempiternum
2829 2374 2928 2426 erit
2951 2373 3093 2427 vobis
3150 2374 3208 2427 in
3232 2377 3429 2430 cunctis
3474 2379 3733 2446 generationi-

2254 2464 2349 2518 bus
2396 2474 2446 2518 et
2473 2464 2885 2518 habitationibus
2922 2465 3128 2519 vestris.
3161 2466 3256 2520 Sic
3294 2466 3395 2521 hoc
3421 2468 3545 2522 dixit
3565 2478 3735 2537 tanquam

2253 2556 2299 2612 si
2324 2554 2527 2626 populo
2571 2553 2884 2609 Judteorum
2918 2565 3253 2626 praeceptum
3303 2558 3373 2611 sit
3403 2574 3415 2609 :
3451 2559 3677 2613 sicautcm
3705 2574 3737 2613 se

2253 2661 2364 2702 non
2394 2647 2564 2701 habet
2592 2667 2602 2700 :
2631 2644 2889 2701 omnibus
2917 2646 3065 2700 enim
3089 2645 3173 2699 lex
3210 2646 3515 2702 communis
3554 2658 3633 2711 est,
3663 2648 3739 2717 quia

2255 2726 2396 2794 ctad
2426 2754 2619 2793 omnes
2647 2736 2911 2794 Dominus
2941 2738 3197 2793 dicebat:
3252 2738 3543 2809 Operamim'
3588 2757 3663 2793 non
3693 2741 3739 2792 ci-

2254 2831 2376 2885 bum
2403 2832 2494 2902 qui
2520 2832 2656 2900 perit
2687 2830 2752 2895 “,
2776 2829 2916 2884 nihil
2946 2829 3135 2884 volens
3156 2846 3261 2885 nos
3294 2831 3499 2900 operari
3524 2837 3741 2885 terrenum.

2254 2918 2404 2975 Bene
2437 2936 2568 2991 ergo
2592 2931 2647 2975 et
2678 2920 2960 2989 sapienter
2988 2920 3300 2975 custodiam
3361 2921 3634 2974 vacationis
3664 2936 3741 2986 pro-

2253 3015 2456 3069 ducere
2474 3014 2540 3068 ad
2569 3014 2855 3085 majorem
2885 3012 3413 3082 contemplationem
3441 3013 3622 3079 volens,
3643 3010 3742 3066 addi-

565 3099 833 3182 uumerus
887 3088 1422 3182 consummationem
1476 3099 1788 3161 temporum
1844 3092 2151 3164 signiﬁcare
2178 3123 2220 3182 ο
2254 3107 2363 3161 (lit:
2389 3106 2678 3161 Sabbutum
2710 3105 2902 3175 requiei
2933 3113 3030 3158 est.
3071 3103 3170 3158 Vel
3203 3104 3350 3159 sicut
3373 3103 3507 3158 LXX
3536 3122 3549 3158 :
3585 3102 3742 3157 Sabim

565 3177 874 3242 consuevit,
898 3178 1153 3233 omnibus
1174 3178 1362 3250 ﬁguris
1408 3188 1466 3235 et
1512 3182 1820 3237 necessarie
1853 3196 2152 3239 conserva-

565 3267 668 3322 vit.
707 3266 965 3323 Dividens
989 3278 1172 3323 autem
1197 3285 1279 3336 ea,
1322 3286 1477 3341 spem
1533 3280 1876 3327 mortuorum
1902 3289 2153 3330 resurre-

566 3359 787 3424 ctionis,
812 3375 910 3430 per
934 3362 1256 3416 neomenias
1279 3363 1496 3432 septimi
1547 3364 1754 3419 mensis
1796 3366 2048 3435 superius
2074 3368 2153 3422 si-

569 3449 867 3521 gniﬁcavit,
922 3451 979 3504 in
1043 3467 1148 3521 qua
1181 3459 1236 3506 et
1266 3453 1522 3507 tubarum
1573 3455 1893 3510 memoriale
1944 3457 2152 3526 posuit,

567 3540 695 3611 quia
725 3542 781 3597 in
843 3544 969 3598 tuba
1004 3543 1099 3599 Dei
1144 3554 1531 3615 exspectamus
1557 3555 1806 3602 mortuos
1839 3563 2151 3620 resurgere.

569 3635 701 3690 Eam
722 3645 927 3701 autem,
952 3653 1077 3707 qua:
1099 3646 1185 3692 est
1211 3638 1266 3691 in
1310 3638 1641 3705 humilitate,
1668 3650 1723 3695 et
1748 3640 1998 3695 ciborum
2053 3642 2154 3696 ab-

566 3728 830 3782 stinentia
857 3728 1022 3783 vitam
1048 3767 1065 3793 ,
1102 3745 1196 3799 per
1227 3730 1496 3786 decimam
1532 3733 1759 3797 mensis,
1785 3732 1855 3787 de
1877 3748 1985 3802 qua
2002 3749 2155 3789 nunc

566 3818 807 3889 loquitur
839 3821 915 3893 (in
955 3821 1185 3875 transitu
1209 3822 1356 3877 enim
1383 3824 1586 3879 saeculo
1608 3824 1709 3889 uti,
1762 3834 1819 3878 et
1851 3825 2057 3880 exitum
2083 3826 2154 3881 de

566 3927 637 3967 eo
658 3922 1002 3982 exspectare,
1036 3928 1136 3983 per
1159 3913 1537 3981 festivitatem,
1556 3931 1718 3985 quam
1745 3931 1775 3970 a
1793 3915 1985 3985 quinta
2005 3917 2155 3972 deci-

564 4018 653 4058 ma
675 4003 939 4073 incipere,
963 4014 1085 4073 post
1106 4006 1384 4075 paululum
1410 4006 1663 4063 invenies
1682 4022 1810 4081 eum
1824 4006 2147 4078 dicentem),

565 4095 857 4167 signiﬁcat.
888 4096 996 4153 Sed
1022 4113 1144 4168 quae
1176 4099 1462 4169 pertinent
1507 4098 1579 4153 ad
1640 4099 1957 4169 praesentia,
2030 4114 2154 4170 per-

565 4195 897 4242 scrutemur.

639 4276 974 4350 Locutusque
1007 4289 1082 4336 est
1115 4280 1373 4334 Dominus
1402 4280 1474 4333 ad
1523 4278 1740 4349 Moysen
1764 4280 1942 4335 dicens
1966 4297 1986 4336 :
2047 4281 2151 4335 De-

567 4370 702 4424 cimo
740 4375 932 4426 mensis
956 4373 1115 4443 hujus
1142 4372 1355 4441 septimi
1373 4372 1458 4425 die
1489 4373 1855 4439 expiationum
1876 4373 1976 4426 erit
2011 4374 2150 4428 cele-

2252 3195 2605 3251 Sabbatorum
2638 3204 2791 3249 erunt
2818 3194 2982 3248 vobis.
3018 3194 3091 3249 Ut
3138 3209 3238 3264 per
3270 3196 3372 3248 hoc
3398 3192 3742 3265 intelligibilcin-

2253 3287 2562 3358 telligamus
2611 3286 2935 3353 Sabbatum,
2992 3285 3138 3356 quod
3187 3286 3498 3341 Judaeorum
3534 3283 3745 3340 excedebat

2251 3376 2649 3441 infirmitatem,
2680 3377 3142 3447 quemadmodum
3163 3386 3222 3431 et
3259 3377 3455 3432 Sancta
3476 3385 3744 3431 sanctorum:

2252 3474 2478 3536 propter
2500 3465 2645 3534 quod
2671 3465 2750 3519 eis
2778 3480 2882 3519 nec
2901 3463 3141 3518 Sabbata
3172 3473 3353 3520 erant.
3387 3463 3489 3517 Sed
3513 3470 3560 3516 et
3582 3459 3746 3513 cantico-

2254 3574 2374 3612 rum
2406 3556 2663 3623 Cantica;
2690 3572 2800 3611 non
2836 3556 3153 3627 intelligunt
3180 3556 3330 3609 enim
3382 3570 3558 3610 eorum
3593 3567 3682 3621 qua
3702 3547 3744 3600 ibi

2254 3652 2454 3722 scripta
2477 3659 2607 3705 sunt
2630 3651 2912 3706 virtutem.
2939 3642 3007 3704 Et
3032 3664 3195 3703 omne
3218 3648 3364 3719 quod
3403 3645 3662 3703 secundum
3698 3639 3747 3693 le-

2254 3759 2373 3815 gem
2392 3758 2669 3814 anagogen
2697 3742 2912 3811 recipit,
2937 3740 3043 3795 hoc
3065 3741 3335 3795 excedere
3354 3739 3634 3794 Judmorum
3647 3747 3746 3787 meu-

2253 3849 2409 3889 suras
2440 3832 2830 3901 intelligamus.
2861 3829 2982 3885 Jam
3013 3837 3203 3884 autem
3230 3830 3373 3894 vide,
3406 3829 3589 3900 quibus
3606 3838 3748 3881 sermo-

2251 3920 2415 3975 nibus
2448 3935 2580 3974 usus
2600 3928 2685 3973 est
2709 3936 2722 3971 :
2746 3918 2811 3972 Et
2830 3917 3066 3989 aﬂligetis
3095 3919 3309 3971 animus
3330 3928 3542 3972 vestras.
3568 3916 3643 3969 Die
3664 3924 3749 3964 non

2250 4014 2443 4068 mensis
2467 4011 2677 4083 septimi
2700 4028 2732 4063 a
2756 4026 2965 4079 vespere
2998 4026 3163 4082 usque
3194 4012 3267 4064 ad
3306 4026 3565 4080 vesperum
3590 4005 3750 4060 celebra-

2252 4103 2374 4156 bitis
2424 4099 2665 4155 Sabbata
2714 4109 2911 4154 uestra.
2958 4097 3307 4171 Reeapitulat
3359 4115 3486 4170 ergo
3517 4089 3749 4152 humilitatis

2250 4195 2500 4261 verbum,
2533 4193 2658 4264 quia
2685 4192 3001 4263 frequenter
3026 4192 3160 4247 illud
3177 4192 3433 4247 Christus
3454 4189 3635 4248 docuit,
3649 4180 3749 4255 quini

2251 4298 2509 4339 coronam
2577 4290 2759 4336 autem
2820 4281 2991 4347 illam,
3063 4290 3121 4335 et
3146 4281 3415 4335 virtutum
3461 4278 3751 4372 basiniatque

2253 4369 2684 4435 subsistentiam,
2712 4369 2974 4439 apostolis
2997 4368 3305 4425 constituit.
3331 4361 3610 4439 lnquisilus
3637 4361 3751 4422 enim,

566 4462 841 4527 berrimus,
875 4474 923 4518 et
957 4464 1230 4518 vocabitur
1276 4472 1509 4529 sanctus,
1573 4463 1912 4534 aﬂligetisque
1934 4466 2145 4521 animas
2178 4466 2223 4521 D
2246 4460 2372 4531 quis
2399 4461 2572 4530 maior
2586 4468 2733 4514 esset
2757 4460 2815 4515 in
2842 4475 3014 4531 regno
3045 4461 3337 4525 cmlorum,
3371 4458 3629 4530 respondit
3651 4450 3754 4517 πρηὺ

563 4565 766 4610 vestras
788 4556 844 4609 in
860 4573 919 4611 eo
946 4558 1032 4611 die
1082 4572 1219 4611 nono
1268 4555 1464 4610 mensis
1489 4573 1523 4610 a
1572 4573 1797 4627 vespere.
1845 4559 2148 4616 Ostendere

565 4646 1012 4715 propitiationem
1045 4647 1208 4702 nobis
1231 4661 1262 4700 a
1320 4647 1563 4715 peccatis
1590 4648 1845 4703 videlicet
1872 4650 2152 4705 liberatio-

564 4751 692 4792 nem
724 4737 781 4791 in
805 4738 1133 4807 humilitate,
1166 4749 1223 4795 et
1250 4739 1545 4795 alllietione
1574 4739 1772 4795 anima:
1805 4741 2012 4810 acquiri
2066 4741 2148 4796 le-

564 4827 791 4898 gislator
823 4829 1120 4886 desiderat.
1155 4830 1309 4885 llanc
1330 4839 1514 4885 autem
1544 4845 1705 4903 agere
1727 4846 1760 4886 a
1794 4847 2027 4901 vespere
2047 4833 2146 4887 de-

563 4920 778 4986 bemus,
804 4923 859 4977 id
889 4931 995 4990 est,
1014 4937 1083 4976 ex
1123 4922 1241 4992 ipsa
1267 4922 1615 4992 paenitentia,
1667 4923 1811 4979 sicut
1872 4924 2141 4995 incipien-

564 5020 648 5067 tes
688 5032 702 5067 :
737 5014 863 5084 quia
916 5024 973 5069 et
1008 5013 1261 5070 Christus
1312 5013 1528 5068 initium
1588 5030 1703 5069 sua:
1739 5014 2147 5085 praedicationis

564 5105 944 5175 paenitentiam
990 5105 1141 5161 fecit.
1171 5106 1277 5161 Sed
1330 5107 1671 5177 pmnitentite
1720 5111 1886 5162 vitam
1940 5108 2144 5163 bonam

563 5195 1024 5265 supersediﬁcare,
1087 5197 1501 5267 perfectamque
1552 5208 1609 5253 et
1660 5198 1957 5254 virtutibus
2003 5214 2143 5254 con-

563 5296 1159 5356 summatam,necessc
1214 5291 1499 5346 habemus.
1554 5290 1624 5346 Et
1664 5300 1955 5363 propterea
2005 5294 2142 5348 sub-

563 5377 736 5433 didit:

633 5470 704 5527 Et
731 5473 957 5543 oﬂeretis
994 5472 1361 5528 holocaustum
1393 5472 1637 5530 Domino.
1665 5474 1831 5532 Omne
1859 5490 1988 5545 opus
2042 5491 2147 5530 non

635 5669 682 5703 ⁸³
718 5667 736 5722 l
768 5668 898 5725 Cor.
925 5687 982 5737 ι,
1019 5670 1107 5727 ll.

1184 5672 1229 5705 "
1245 5673 1437 5730 Matth.
1470 5690 1549 5741 χι,
1578 5671 1669 5729 29.

565 5751 644 5805 vr,
660 5739 753 5807 25,
772 5739 861 5794 28.

2248 4567 2452 4621 cunque
2490 4551 2848 4605 humiliaverit
2878 4568 2934 4606 se
2964 4553 3102 4605 sicut
3144 4552 3404 4622 parvulus
3430 4552 3528 4617 hic,
3547 4543 3754 4612 istemajot

2254 4653 2330 4699 est
2357 4646 2413 4698 in
2445 4660 2605 4716 regno
2626 4644 2894 4700 ecelorum.
2927 4643 3083 4711 Quod
3108 4654 3292 4701 autem
3327 4645 3460 4701 dixit
3490 4662 3502 4698 :
3535 4642 3574 4697 Α
3599 4648 3752 4707 vespere

2247 4752 2423 4808 usque
2442 4736 2510 4792 ad
2537 4753 2850 4808 vesperum,
2881 4747 3072 4808 aperte
3105 4738 3347 4794 volentis
3386 4746 3471 4793 est
3490 4749 3674 4803 semper
3691 4744 3752 4783 su-

2250 4829 2592 4902 perﬂuorum
2651 4839 2707 4885 et
2735 4846 3002 4885 vanorum
3051 4832 3396 4887 vacationem
3430 4829 3633 4886 studeri.
3655 4821 3753 4878 Unde

2251 4922 2515 4977 Dominus
2540 4937 2645 4978 nec
2688 4937 2914 4977 causam
2970 4923 3157 4979 dicere
3233 4925 3528 4988 concedit;
3571 4912 3754 4991 ρι’ωεθρῖί

2248 5016 2612 5084 enim,neque
2630 5014 2698 5069 de
2726 5013 2933 5080 tunica,
2949 5030 3129 5085 neque
3152 5015 3220 5071 de
3241 5025 3397 5071 veste
3420 5015 3610 5083 litigare
3628 5001 3753 5071 “,St‘tl

2245 5120 2355 5160 nec
2374 5107 2617 5175 cogitare
2638 5105 2770 5175 quid
2811 5107 3160 5172 comedatur,
3188 5116 3286 5161 aut
3321 5106 3451 5178 quid
3481 5105 3681 5161 bibatur,
3698 5101 3754 5147 θυι

2245 5196 2377 5267 quid
2410 5199 2674 5252 vestiatur
2702 5197 2769 5264 “,
2799 5214 2989 5253 verum
3027 5198 3144 5270 ipse
3202 5199 3432 5263 docens,
3492 5203 3542 5252 et
3565 5190 3753 5248 Sabbalo-

2245 5306 2367 5346 rum
2414 5291 2749 5348 annuntians
2778 5290 3098 5361 Sabbatum,
3157 5292 3212 5347 in
3231 5308 3342 5363 quo
3362 5304 3518 5346 omne
3539 5291 3696 5344 cessat.
3723 5284 3755 5328 εί

2254 5385 2369 5440 sola
2400 5400 2521 5454 quas
2555 5384 2649 5440 Dei
2678 5394 2826 5450 sunt,
2880 5388 3269 5452 ostenduntur,
3329 5386 3442 5440 sola
3486 5380 3754 5459 porriguntur

2254 5491 2376 5546 qua:
2397 5476 2549 5532 utilia
2576 5485 2725 5545 sunt,
2753 5486 2917 5549 atque
2944 5480 3247 5551 expediunt
3276 5478 3491 5533 animae.

1786 5674 1830 5707 ⁶¹
1857 5671 2061 5744 Philip.
2103 5687 2168 5740 ll,
2191 5671 2246 5729 8.
2353 5673 2398 5707 “
2420 5670 2579 5730 Joan.
2616 5692 2691 5743 vi,
2714 5678 2805 5733 27.
2908 5677 2954 5712 ⁶³
2983 5677 3177 5735 Matth.
3206 5694 3363 5747 xviii,
3396 5678 3449 5733 4.
3546 5673 3586 5706 ⁸⁸
3618 5661 3753 5725 N311"-
