3892 6416
185 384 323 446 1093

1334 381 1414 439 ΙΝ
1460 377 1901 440 LEVITICUM.
1928 407 1996 421 --
2036 382 2182 443 LIB.
2221 382 2337 446 VI.

3323 399 3464 465 1094

247 501 414 555 Vsus.
453 495 642 553 55-56.
681 517 700 549 ς
757 498 824 551 Et
848 497 1064 551 locutus
1102 503 1187 549 est
1227 494 1490 579 Dominus
1513 495 1581 549 ad
1613 494 1761 565 Moy-
1793 502 1836 556 Α
1867 496 2196 568 initiumque
2243 500 2364 569 ejus
2402 513 2457 556 et
2497 501 2665 558 basis.
2714 500 2933 560 Primus
3005 508 3250 579 quidcm,
3314 517 3461 571 sitm

170 606 298 655 seu,
323 589 515 644 dicens
549 608 562 642 :
594 589 846 656 L’oqnere
873 587 999 642 ﬁliis
1034 587 1205 641 Israel
1231 573 1249 639 τ’
1285 590 1328 639 Α
1367 588 1563 656 quinto
1607 586 1761 640 deci-

172 699 270 737 mo
297 682 385 736 die
416 681 622 736 mensis
662 681 824 751 hujus
857 680 1097 749 septimi,
1128 687 1288 733 erunt
1327 678 1476 733 ferite
1505 678 1766 733 taberna-

172 771 426 825 culorum
450 779 661 839 septem
685 763 878 823 diebus
912 767 1165 821 Domino.
1199 765 1326 821 Dies
1362 767 1575 836 primus
1599 781 1765 821 voca-

172 864 329 921 bitur
363 862 755 917 celeberrimus
780 869 942 929 atque
972 858 1371 914 sanctissimus.
1421 858 1597 913 Omne
1623 872 1765 927 opus

176 955 507 1012 servilenon
535 952 766 1017 facietis,
794 961 848 1006 et
872 960 1082 1021 septem
1124 949 1316 1005 diebus
1378 948 1629 1005 otl‘eretis
1659 949 1763 1005 ho-

174 1048 425 1103 locausta
460 1044 711 1100 Domino.
749 1044 871 1098 Dies
891 1058 1110 1113 quoque
1130 1051 1361 1097 octavus
1385 1043 1492 1097 erit
1519 1042 1766 1097 celeber-

179 1136 359 1191 rimus
386 1145 549 1205 atque
572 1133 972 1196 sanctissimus,
1005 1143 1060 1186 et
1107 1131 1352 1187 oﬁ‘eretis
1384 1132 1762 1195 holocaustum

180 1225 438 1280 Domino.
471 1225 564 1279 Est
578 1225 724 1279 enim
749 1232 925 1277 cmtus
951 1231 1117 1292 atque
1145 1224 1394 1278 collecta.
1418 1224 1595 1278 Omne
1625 1239 1765 1294 opus

174 1317 381 1372 servile
407 1331 517 1369 non
548 1313 761 1369 facietis
788 1314 842 1367 in
873 1330 959 1367 eo.
999 1332 1018 1365 ι

252 1408 355 1462 llic
387 1421 650 1476 usurpare
667 1405 993 1475 sapientiam
1028 1406 1213 1460 saeculi
1268 1416 1325 1461 et
1385 1406 1762 1462 transitorium

175 1501 304 1567 ejus
335 1512 517 1560 nosse,
544 1504 598 1551 et
634 1495 955 1565 temporale,
993 1510 1103 1549 non
1130 1496 1308 1550 solum
1362 1498 1439 1552 ait
1486 1498 1767 1568 legislatu-

175 1608 300 1646 rcm
338 1588 667 1661 significare,
701 1587 795 1641 sed
814 1594 871 1640 et
897 1594 1154 1655 oportere
1208 1588 1427 1642 oculum
1461 1589 1666 1643 habere
1694 1589 1764 1643 ad

175 1682 447 1737 sarculum
478 1679 746 1733 futurum.
773 1674 887 1731 Hoc
934 1691 1067 1747 ergo
1092 1684 1149 1730 et
1202 1692 1300 1746 per
1338 1693 1650 1743 numerum,
1710 1688 1765 1734 et

173 1789 281 1844 per
313 1769 657 1827 tabernacula
682 1768 802 1823 sine
833 1767 1013 1837 aliqua
1061 1768 1401 1823 dubitatione
1427 1769 1671 1824 invenies
1696 1770 1761 1824 fi-

1867 587 2194 657 principium
2221 590 2275 643 in
2305 591 2527 647 Christo
2556 596 3009 661 conversmionis,
3068 608 3122 654 et
3172 605 3458 660 exordium

1868 679 2179 734 futurorum
2213 691 2316 737 est.
2344 682 2582 740 Octavus
2603 696 2807 753 autem,
2840 697 2902 742 ut
2930 688 3021 758 qui
3059 702 3315 759 praesenti
3335 711 3460 748 suc-

1867 772 2269 854 cedit‘saeculo
2311 792 2475 846 quem
2531 780 2798 848 septimus
2842 797 3107 837 numerus
3152 785 3460 854 significare

1867 846 2087 917 dicitur.
2119 863 2225 920 Sed
2248 875 2303 920 et
2338 867 2381 921 si
2412 868 2535 937 quis
2552 846 2642 923 hic
2660 870 2801 925 sicut
2821 872 2874 925 in
2924 846 3282 929 tabernaculo
3312 876 3458 931 habi-

1868 960 1966 1016 tat,
1991 953 2211 1008 etsieut
2249 957 2627 1024 pertransieus
2684 961 2971 1026 mundum,
3000 961 3089 1016 hic
3123 963 3258 1019 vivit
3295 982 3309 1021 :
3347 965 3458 1022 iste

1867 1042 1969 1096 etsi
2003 1044 2235 1097 necdum
2266 1060 2347 1111 re,
2373 1054 2556 1103 tamen
2578 1049 2653 1103 rei
2687 1050 2889 1104 virtute
2919 1051 3033 1120 jam
3078 1050 3322 1108 futurum
3355 1070 3458 1110 Ste-

1867 1133 2359 1190 culnmhabetzid
2383 1153 2571 1207 agens,
2623 1141 2767 1210 quod
2788 1157 2969 1212 neque
3022 1143 3090 1198 ad
3161 1147 3451 1201 materiam

1869 1225 2130 1294 pertinet,
2167 1243 2347 1297 neque
2393 1231 2460 1283 ad
2514 1230 2967 1300 inquietudinem,
3002 1238 3147 1305 quod
3175 1239 3322 1295 illius
3372 1249 3460 1296 est

1868 1319 2150 1388 proprium
2187 1330 2411 1389 propter
2435 1324 2580 1391 quod
2606 1332 2662 1377 et
2709 1324 2974 1381 Dominus
3041 1331 3325 1399 apostolis,
3367 1340 3457 1387 nt-

1868 1420 1999 1479 pote
2047 1412 2211 1465 talem
2246 1413 2618 1469 hmreditatem
2654 1416 2979 1488 eligentibus
3021 1422 3164 1487 vitae,
3189 1424 3406 1480 dicebat
3438 1443 3452 1479 ε

1867 1500 2105 1571 Regnum
2134 1502 2231 1556 Dei
2259 1505 2404 1558 intra
2436 1522 2526 1559 vos
2552 1516 2628 1560 est
2665 1508 2729 1561 “.
2762 1506 2867 1563 Sed
2900 1519 2957 1565 et
2987 1511 3116 1567 illud
3146 1516 3452 1571 secundum

1868 1591 2011 1646 LXX
2041 1595 2342 1649 notandqu
2374 1605 2478 1658 est,
2512 1598 2640 1667 quia
2696 1601 2936 1669 primum
2956 1604 3176 1672 quidem
3207 1608 3454 1662 vocalem

1866 1692 2115 1737 sanctum
2149 1686 2270 1740 sine
2289 1687 2663 1744 additamento
2693 1699 2748 1745 et
2799 1692 3153 1750 distinctione
3211 1697 3460 1752 nomina-

1869 1773 1968 1828 vit.
1993 1773 2068 1828 De
2093 1786 2289 1829 octavo
2313 1785 2497 1832 autem
2524 1781 2769 1834 vocalem
2820 1795 3073 1838 sanctum
3109 1787 3321 1852 dicens,
3360 1790 3459 1842 ad-

172 1875 461 1937 guratum.
493 1862 692 1928 Quinta
728 1859 939 1913 decima
997 1858 1266 1928 siquidem
1291 1860 1380 1914 die
1408 1861 1652 1916 inchoari
1683 1861 1766 1916 fe-
1798 1845 1840 1899 Β
1869 1865 2029 1930 didit,
2055 1866 2155 1919 erit
2181 1867 2344 1934 vobis,
2378 1877 2439 1922 ut
2467 1871 2614 1939 quod
2630 1872 2765 1927 dixit
2795 1890 2809 1927 :
2851 1876 2972 1941 erit,
3004 1890 3072 1930 ex
3107 1893 3175 1932 eo
3212 1845 3458 1935 futurum

173 1957 478 2013 stivitatem
511 1951 791 2023 prazcepit.
824 1950 907 2003 Ex
957 1957 1168 2019 septem
1210 1961 1393 2005 autem
1417 1960 1473 2006 et
1505 1960 1631 2007 octo
1675 1952 1767 2008 hic

173 2057 265 2104 est
322 2059 583 2101 numerus
633 2039 993 2111 compositus,
1048 2055 1281 2109 quorum
1358 2056 1502 2095 unus
1545 2041 1766 2112 quidem

173 2146 428 2211 praesens
449 2136 731 2199 saeculum,
749 2134 887 2189 alter
899 2143 1083 2187 autem
1114 2131 1310 2203 ﬁgurat
1329 2132 1595 2186 futurum.
1614 2131 1768 2187 Unde

174 2247 236 2290 et
277 2232 625 2289 festivitatem
664 2237 874 2299 septem
935 2227 1129 2282 diebus
1157 2226 1525 2282 consummari
1580 2226 1771 2297 praeci-

176 2329 365 2399 piens,
421 2326 559 2380 alios
584 2339 776 2379 rursus
843 2324 963 2379 dies
990 2322 1379 2378 celeberrimos
1428 2331 1591 2391 atque
1638 2337 1770 2377 san-

176 2421 464 2475 ctissimos
501 2414 975 2480 commemoravit,
1007 2423 1197 2468 etnec
1239 2412 1608 2467 dinumerat-it
1647 2428 1770 2467 eam

176 2528 309 2567 cum
358 2518 593 2581 septem,
630 2507 724 2561 scd
759 2507 944 2577 posuit
974 2515 1316 2576 sequentem,
1337 2514 1392 2559 et
1410 2519 1672 2560 scmotam
1701 2506 1770 2560 ab

174 2604 329 2669 aliis,
354 2604 498 2657 sicut
537 2603 782 2655 futurum
816 2600 1074 2655 sacculum
1102 2598 1353 2667 sequitur
1381 2598 1600 2667 quidem
1625 2614 1771 2669 pne-

175 2713 333 2757 sens,
366 2695 514 2750 aliud
548 2703 731 2748 autem
765 2707 926 2762 quam
957 2691 1063 2745 hoc
1084 2698 1188 2744 est.
1223 2690 1446 2759 Septem
1469 2706 1601 2763 ergo
1652 2692 1770 2746 die.

176 2790 291 2844 bus
306 2788 655 2842 festivitatem
676 2783 1178 2838 Taberuaeulornm
1195 2783 1508 2853 appellavit.
1526 2783 1772 2849 Quicun-

177 2898 296 2955 que
324 2881 473 2936 enim
509 2887 570 2933 ut
602 2875 961 2932 tabernaculo
1010 2884 1283 2944 praesente
1320 2874 1526 2930 mundo
1578 2875 1770 2943 utitur,

179 2977 277 3032 hic
306 2973 658 3030 festivitatem
712 2970 767 3023 in
802 2983 871 3023 eo
935 2966 1161 3031 habere,
1224 2975 1281 3021 et
1327 2967 1497 3022 trctari
1549 2977 1775 3039 propter

177 3065 358 3125 futuri
403 3060 871 3132 exspectationem
924 3067 1128 3129 potest,
1162 3067 1220 3114 et
1262 3058 1578 3129 quicunque
1646 3060 1770 3125 scit,

1867 1956 2220 2027 signiﬁcaret,
2250 1958 2660 2016 distinctionem
2692 1973 2875 2018 autem
2930 1966 3072 2034 ejus,
3102 1969 3249 2038 quod
3298 1969 3459 2034 dixit,

1871 2049 2036 2110 vobis,
2071 2050 2390 2104 ostenderet
2413 2070 2425 2103 :
2446 2051 2573 2121 quia
2597 2053 2806 2122 primus
2839 2056 3062 2125 quidem
3093 2059 3347 2115 omnibus
3364 2075 3460 2114 vo-

1867 2140 2001 2194 calis
2024 2148 2316 2196 etsanctus
2364 2153 2470 2209 est,
2513 2145 2643 2214 quia
2694 2160 2889 2202 omnes
2937 2148 3025 2202 hic
3054 2157 3110 2203 et
3130 2149 3249 2204 sine
3274 2150 3467 2206 distin-

1869 2232 2079 2297 ctione,
2105 2231 2174 2286 ad
2201 2234 2713 2300 sanetiiicationem,
2768 2246 2824 2292 et
2843 2238 2911 2293 ad
2957 2240 3098 2294 bene
3140 2241 3460 2308 vivendum,

1867 2332 1925 2377 et
1953 2322 2020 2377 ad
2054 2339 2278 2378 cursum
2302 2324 2635 2382 baereditatis
2666 2327 2975 2385 futurorum
3011 2333 3281 2387 bonorum
3348 2334 3462 2388 Do-

1869 2418 2056 2472 minus
2092 2417 2329 2482 vocavit,
2354 2434 2479 2474 nam
2528 2430 2585 2475 et
2614 2422 2733 2477 sine
2757 2424 2864 2477 ulla
2885 2425 3240 2481 distinctione
3260 2428 3461 2498 praedi-

1869 2510 2033 2565 cabat
2067 2527 2079 2564 :
2120 2511 2299 2565 Venite
2323 2513 2396 2564 ad
2420 2528 2500 2565 me
2526 2528 2722 2577 eomes,
2753 2517 2844 2583 qui
2872 2514 3148 2581 laboratis,
3178 2526 3227 2571 et
3256 2521 3461 2573 onerati

1870 2601 2014 2665 estis,
2050 2611 2099 2655 et
2126 2617 2219 2673 ego
2253 2603 2489 2670 reﬁciam
2512 2619 2602 2658 vos
2645 2607 2711 2658 ⁸⁷.
2750 2606 2809 2659 ln
2840 2606 3025 2662 futuro
3047 2618 3230 2664 autem
3249 2612 3463 2667 vocatio

1871 2692 2214 2748 haereditatis
2245 2695 2537 2757 bonorum,
2567 2711 2679 2750 non
2715 2699 2956 2752 omnium
2990 2709 3095 2760 est.
3129 2702 3224 2755 sed
3242 2716 3457 2769 eorum,

1872 2785 1967 2856 qui
1992 2793 2316 2855 praesentem
2346 2787 2691 2842 vocationem
2758 2802 3141 2860 susceperunt,
3194 2801 3250 2848 et
3278 2794 3462 2849 taber-

1876 2877 2196 2932 naculorum
2225 2878 2598 2947 festivitatem,
2633 2881 2878 2936 scientes
2932 2885 3059 2953 quia
3120 2887 3364 2956 prmterit
3406 2887 3466 2941 li-

1875 2983 2009 3039 gura
2058 2969 2224 3039 hujus
2285 2971 2498 3033 mundi,
2572 2973 2975 3029 custodierunt.
3038 2976 3268 3046 Propter
3314 2981 3464 3050 quod

1875 3062 2020 3115 vobis
2043 3063 2186 3117 dixit
2235 3062 2340 3117 illis
2382 3064 2733 3131 exclamans,
2780 3067 2874 3136 qui
2913 3068 2991 3122 sic
3012 3069 3289 3125 vixerunt.
3333 3072 3462 3129 Haec

173 3158 313 3229 quia
340 3155 388 3211 si
420 3164 639 3209 terrena
665 3152 864 3206 domus
916 3149 1272 3204 habitationis
1305 3149 1469 3220 hujus
1516 3149 1779 3205 dissolva-
1804 3194 1847 3251 ο
1881 3169 1941 3208 se
1967 3155 2040 3208 ita
2084 3154 2308 3221 habere,
2360 3155 2478 3225 ipse
2504 3157 2703 3211 iterum
2732 3159 3008 3214 ostendit:
3037 3161 3129 3231 qui
3157 3163 3305 3218 enim
3370 3164 3462 3220 hic

174 3260 297 3312 tur,
320 3245 607 3301 :cdilicatio
645 3259 756 3297 non
790 3240 1104 3295 manufacta
1133 3256 1259 3295 eum
1292 3241 1346 3294 in
1389 3241 1544 3296 caelis
1597 3242 1777 3296 susci—

175 3340 318 3411 piat.
349 3336 586 3391 Primam
620 3342 806 3389 autem
867 3342 1078 3403 septem
1112 3331 1325 3387 dierum
1356 3332 1773 3387 celeberrimam

175 3445 351 3504 atque
379 3427 784 3485 sanctissimam
812 3424 1127 3496 appellavit.
1188 3424 1292 3490 Qui
1327 3424 1476 3479 enim
1508 3425 1774 3494 scitpne-

173 3525 435 3583 sentibus
483 3531 741 3593 tanquam
777 3520 1133 3576 tabernaculo
1182 3519 1280 3580 uti,
1320 3518 1495 3589 prima
1522 3514 1663 3583 dies,
1719 3518 1772 3573 id

173 3627 270 3676 est
298 3617 519 3672 initium
560 3624 617 3670 et
639 3612 971 3685 principium
1031 3627 1061 3666 a
1117 3610 1553 3667 sanctificatione
1608 3626 1775 3667 voca-

180 3715 355 3768 tionis
389 3708 602 3779 incipit,
639 3715 931 3778 propterea
951 3713 1007 3760 et
1032 3704 1198 3758 nimis
1224 3714 1635 3772 consequenter
1663 3703 1769 3758 ait:

176 3806 350 3862 Omne
382 3818 510 3872 opus
528 3799 712 3854 servile
743 3814 846 3852 non
865 3797 1091 3868 facietis.
1123 3794 1258 3863 Quia
1295 3795 1432 3850 nulli
1478 3796 1534 3850 in
1574 3796 1774 3850 saeculo

175 3897 460 3958 serviunt,
479 3891 572 3962 qui
599 3900 860 3960 tanquam
905 3888 1320 3943 tabernaculum
1364 3894 1421 3941 et
1459 3887 1773 3942 transitoria

174 4008 244 4047 ea
274 3997 401 4060 qtae
433 3987 488 4042 in
520 4001 587 4041 eo
617 3993 765 4047 sunt,
803 3982 1115 4037 attendunt.
1147 3979 1254 4035 Sed
1268 3989 1324 4034 et
1356 3989 1562 4049 septem
1580 3978 1775 4035 diebus

175 4081 503 4138 holocausta
543 4075 729 4131 oﬂerri
759 4072 1046 4143 praecepit,
1073 4070 1372 4126 ostendens
1388 4079 1647 4141 Oportere
1672 4086 1771 4141 per

172 4188 351 4230 omne
403 4180 617 4240 tempus
675 4167 974 4237 perfectam
1045 4162 1520 4218 conversationem
1592 4162 1770 4232 sequi.

172 4266 417 4336 Quando
469 4278 600 4333 ergo
652 4262 733 4316 sic
783 4264 1112 4329 praesentem
1168 4256 1337 4311 vitam
1373 4254 1766 4325 percurrimus,

168 4373 317 4417 tunc
380 4354 797 4412 celeberrimum
846 4359 1011 4420 atque
1065 4346 1473 4402 sanctissimum
1516 4354 1768 4399 octavum

167 4453 357 4514 diem,
393 4447 640 4503 secutum
659 4443 915 4500 videlicet
936 4440 1178 4507 futurum
1208 4437 1496 4502 habemus,
1531 4446 1769 4490 vocante

1882 3248 2021 3302 dixit
2050 3264 2064 3300 :
2101 3248 2276 3303 Venite
2304 3254 2376 3303 ad
2409 3267 2492 3304 me
2514 3266 2693 3305 omnes
2714 3253 2804 3322 qui
2827 3251 3105 3320 laboratis,
3153 3264 3204 3310 et
3254 3259 3462 3312 onerati

1876 3341 2025 3406 estis,
2057 3350 2108 3395 et
2145 3357 2240 3411 ego
2286 3342 2522 3411 reﬁciam
2546 3358 2657 3407 vos,
2695 3345 2751 3398 in
2785 3346 3028 3415 requiem
3058 3346 3316 3404 videlicet
3369 3350 3461 3405 fu-

1876 3435 2022 3493 turi,
2060 3432 2147 3487 sic'
2165 3449 2358 3488 rursus
2386 3435 2633 3505 quedam
2684 3436 2817 3491 dicit
2849 3437 2916 3492 de
2947 3437 3134 3494 futuro
3167 3456 3180 3493 :
3252 3440 3458 3505 Venite,

1873 3524 2131 3578 benedicti
2177 3525 2361 3581 Patris
2392 3528 2512 3595 mei,
2563 3530 2818 3599 percipite
2876 3547 3093 3600 regnum
3142 3534 3282 3603 quod
3317 3535 3463 3591 vobis

1873 3625 2239 3686 praeparatum
2269 3628 2344 3671 est
2368 3618 2446 3670 “‘z
2481 3620 2814 3676 subtrahens
2866 3622 2972 3677 hoc
3019 3624 3166 3692 quod
3221 3625 3459 3694 dixerat,

1875 3724 2053 3763 omnes
2101 3724 2120 3763 :
2183 3709 2311 3779 quia
2368 3711 2523 3765 multi
2585 3713 2795 3782 quidem
2852 3716 3048 3781 vocati,
3124 3718 3285 3785 pauci
3335 3736 3458 3774 vero

1874 3801 2027 3855 electi
2052 3801 2119 3854 “’.

1947 3891 2114 3948 Vens.
2143 3892 2234 3953 57,
2265 3891 2354 3946 58.
2390 3909 2409 3943 ι
2448 3891 2541 3947 lla:
2575 3903 2702 3948 sunt
2738 3894 2890 3950 ferite
2915 3892 3154 3966 Dumini,
3192 3916 3329 3970 quas
3361 3918 3459 3956 vo-

1875 3984 2074 4040 cabitis
2099 3983 2489 4039 celeberrimas
2537 3993 2706 4054 atque
2730 3987 3129 4054 sanctissimas,
3184 3992 3457 4048 oﬂ'eretis-

1873 4091 1981 4146 que
2023 4075 2080 4129 in
2130 4076 2212 4130 eis
2243 4074 2553 4131 oblationes
2589 4074 2826 4133 Domino
2880 4079 3197 4138 holocausta
3236 4093 3292 4138 et
3323 4084 3459 4140 liba-

1874 4176 2077 4233 menta,
2102 4168 2257 4238 juxta
2290 4168 2456 4222 ritum
2484 4168 2916 4241 uniuscujusque
2940 4172 3068 4234 diei,
3104 4176 3458 4247 exceptisque

1874 4260 2125 4317 Sabbatis
2161 4259 2398 4325 Domini,
2423 4260 2692 4331 donisque
2740 4263 2939 4319 vestris
2963 4273 3020 4319 et
3046 4280 3171 4334 qua:
3213 4266 3460 4323 oﬂ'eretis

1873 4368 1942 4409 ex
1971 4361 2121 4417 voto,
2154 4352 2237 4407 vel
2261 4368 2384 4422 quae
2407 4360 2604 4421 sponte
2636 4352 2880 4410 tribuitis
2908 4353 3165 4412 Domino.
3214 4375 3236 4410 ι

1943 4444 2077 4499 Vide
2129 4444 2249 4498 illas
2277 4443 2604 4513 apostolicas
2644 4459 2811 4500 voces
2853 4463 2867 4500 :
2923 4447 3142 4519 Semper
3191 4453 3455 4522 gaudete,

164 4559 285 4599 nos
316 4541 372 4596 in
406 4545 710 4611 praeparata
760 4533 967 4589 sanctis
994 4535 1156 4595 bona,
1204 4546 1272 4586 eo
1309 4530 1400 4601 qui
1455 4545 1557 4585 nos
1601 4538 1657 4585 et
1709 4529 1767 4586 in
1802 4553 1846 4610 ι)
1875 4537 1988 4591 sine
2025 4536 2415 4589 intermissione
2439 4545 2609 4601 orate,
2636 4536 2691 4590 in
2732 4539 2972 4593 omnibus
3006 4542 3213 4612 gratias
3233 4543 3458 4612 agite".

166 4637 287 4692 bac
308 4630 729 4689 conversatione
756 4627 998 4684 vocavit:
1051 4640 1177 4679 nam
1207 4633 1263 4679 et
1309 4622 1453 4677 LXX
1476 4623 1555 4678 sic
1580 4624 1772 4679 edide-

166 4735 317 4783 nunt
336 4743 351 4780 :
367 4726 489 4780 Dies
506 4731 720 4778 octavus
737 4719 931 4774 vocalis
951 4735 1009 4772 sa
1018 4725 1165 4771 nctus
1182 4716 1305 4770 erit.
1325 4715 1479 4770 Tunc
1495 4730 1626 4786 ergo
1647 4716 1777 4772 oile-

163 4825 360 4877 rimus
384 4818 700 4872 holocausta
723 4813 954 4867 Domino
976 4827 1098 4882 qute
1133 4812 1224 4865 hic
1248 4811 1773 4879 praeparaverimus.

255 4913 354 4967 Est
411 4910 547 4965 enim
605 4917 767 4962 cretus
792 4916 949 4976 atque
974 4903 1214 4958 collecta.
1277 4900 1371 4956 Vel
1406 4902 1549 4958 sicut
1580 4902 1725 4958 LXX
1757 4921 1771 4958 :

167 5005 452 5075 Egressus
482 5009 579 5067 est,
627 4998 754 5069 quia
788 4998 918 5052 hinc
943 4995 1147 5059 exitus,
1192 4994 1304 5050 illic
1342 4994 1609 5050 habitatio
1665 5004 1771 5060 est,

166 5097 334 5152 sicut
360 5084 435 5149 ait
456 5091 659 5148 Paulus
700 5106 713 5144 :
747 5090 916 5160 Cupio
937 5087 1150 5144 dissolvi
1199 5096 1247 5140 et
1278 5103 1389 5141 esse
1459 5103 1575 5141 cum
1614 5085 1775 5141 Chri-

167 5189 352 5245 sto“.
383 5186 559 5243 Omne
583 5200 723 5257 opus
749 5183 948 5241 servile
982 5196 1094 5237 non
1146 5180 1436 5242 faciemus,
1468 5184 1598 5249 quia
1631 5181 1777 5235 sicut

168 5281 367 5353 angeli
409 5280 501 5334 Dei
556 5290 806 5349 tempore
855 5276 952 5330 illo
1003 5270 1232 5330 erimus.
1283 5272 1600 5327 Sedctboc
1619 5280 1771 5338 nota,

98 5362 109 5368 ’
170 5372 468 5445 quomodo
522 5371 714 5426 eadem
761 5369 830 5424 de
858 5367 1041 5437 primo
1080 5375 1137 5418 et
1198 5373 1394 5420 octavo
1425 5363 1581 5429 dicit,
1646 5364 1776 5433 quia

170 5468 358 5525 unius
381 5462 787 5536 quodammodo
813 5470 1046 5529 uterque
1082 5455 1299 5511 virtutis
1335 5462 1488 5518 sunt,
1527 5468 1778 5510 resurre-

170 5558 393 5619 ctionis
425 5558 627 5629 quippe
643 5557 761 5613 dies
775 5570 899 5626 quae
922 5561 1007 5609 est
1037 5550 1343 5607 substantia
1374 5547 1544 5604 futuri
1567 5547 1775 5614 saeculi,

1873 4625 2130 4681 Consona
2172 4624 2430 4681 videntur
2503 4641 2628 4682 esse
2687 4629 2803 4682 haec
2831 4631 3193 4698 prmsentibus
3214 4631 3461 4689 Mosaicae

1876 4719 2174 4777 sanctionis
2200 4720 2403 4775 verbis.
2436 4720 2579 4775 Ecce
2628 4721 2777 4776 enim
2807 4722 3135 4778 festivitates
3194 4726 3461 4795 quasdam

1876 4813 2185 4886 praecipuas
2213 4813 2492 4884 legislator
2515 4829 2820 4884 exponens,
2865 4830 3001 4885 quas
3064 4826 3121 4870 et
3165 4817 3461 4875 celeberri-

1877 4923 1997 4962 mas
2032 4915 2198 4977 atque
2233 4914 2450 4962 sanctas
2492 4907 2818 4972 nominavit,
2876 4908 3197 4978 permiscuit
3216 4910 3297 4966 eis
3320 4925 3463 4982 quo-

1880 5001 2083 5058 tidiana
2112 5000 2375 5057 libamina
2399 5010 2454 5054 et
2484 5000 2777 5056 sacrificia.

1950 5089 2054 5145 lla:
2078 5099 2201 5144 sunt
2221 5090 2360 5143 enim
2386 5090 2536 5161 ferite
2568 5089 2783 5144 Domini
2835 5106 2969 5161 quas
3019 5090 3272 5147 vocabitis
3326 5092 3464 5148 cele-

1878 5182 2136 5237 berrimas
2152 5191 2312 5248 atque
2329 5181 2712 5236 sanctissimas.
2747 5181 2814 5236 Et
2842 5198 2967 5236 cum
3023 5192 3305 5252 oporteret
3322 5183 3465 5238 hanc

1876 5282 1974 5327 aut
1998 5272 2142 5327 illam
2166 5273 2373 5338 dicere,
2404 5288 2516 5326 non
2541 5272 2621 5327 sic
2641 5271 2797 5335 dixit,
2833 5272 2928 5328 sed
2959 5273 3203 5328 subdidit
3230 5271 3466 5345 κοπετο-

1880 5365 2049 5434 tisque
2077 5364 2136 5417 in
2154 5363 2230 5418 eis
2258 5363 2549 5418 oblationes
2599 5363 2829 5418 Domino
2871 5364 3179 5418 holocausta
3227 5373 3276 5418 et
3329 5364 3466 5419 liba-

1885 5465 2085 5521 menta,
2099 5456 2262 5526 juxta
2314 5457 2476 5509 ritum
2509 5455 2923 5526 uniuscujusque
2961 5456 3087 5512 diei.
3120 5452 3189 5510 Et
3213 5454 3331 5526 ipse
3366 5469 3468 5510 nos

1885 5547 2148 5619 gaudere,
2195 5553 2252 5601 et
2287 5544 2638 5602 festivitatem
2705 5560 2889 5616 agere,
2939 5554 2997 5600 et
3016 5549 3137 5600 sine
3187 5544 3469 5603 intermis-
3503 5534 3516 5548 ⁸

257 5743 307 5774 ’⁸
340 5739 545 5810 Philip.
574 5756 613 5806 ι,
637 5738 731 5796 23.
806 5734 1004 5791 “Luc.
1036 5747 1168 5798 xvu,
1197 5729 1289 5785 2|.
1370 5730 1415 5761 ⁸⁷
1448 5726 1639 5784 Matth.
1668 5743 1750 5794 xt,
1771 5725 1863 5781 28.
1945 5723 1991 5758 ⁸⁸
2010 5721 2202 5779 Matth.
2227 5738 2354 5789 xxv,
2386 5720 2474 5775 54.
2550 5720 2596 5755 ⁶’
2628 5718 2819 5777 Matth.
2843 5732 2982 5790 xxtt,
3010 5718 3098 5776 14.
3175 5718 3265 5774 "l
3300 5716 3469 5776 Thes.

174 5828 242 5880 ν.
283 5813 472 5870 16—18.
