3892 6454
495 377 630 445 1095

1683 379 2045 440 HESYCHII
2082 377 2557 438 PRESBYTERI

3601 375 3710 446 10%

490 495 644 551 sione
666 506 826 547 orare
857 492 991 547 vult.
1028 490 1143 546 lloc
1178 500 1413 562 estergo
1439 490 1754 561 quotidiana
1775 492 1985 557 libatio,
2014 501 2070 546 et
2101 497 2144 551 Α
2177 507 2249 546 ra:
2274 531 2291 555 ,
2348 491 2419 544 ab
2479 489 2745 560 operibus
2818 488 3077 543 videlicet
3136 487 3370 541 terrenis
3434 496 3711 545 cessantes:

487 585 840 646 sacriﬁcium,
890 584 1005 638 sive
1061 584 1462 650 holocaustum,
1513 598 1636 653 quae
1686 592 1817 637 tunc
1863 582 2068 638 oll'erre

490 690 803 746 possumus,
834 673 1299 743 quandocorpora
1334 680 1524 727 nostra
1590 673 1827 728 hostiam
1886 673 2068 727 vivam

491 765 605 821 Deo
660 765 1073 824 exhibuerimus
1105 773 1160 818 et
1198 766 1446 819 membra
1488 771 1701 830 nostra,
1751 780 1874 833 qua:
1938 772 2070 818 sunt

493 875 658 931 super
680 871 900 922 terram,
955 858 1493 921 mortificaverimus,
1553 859 1837 928 paratique
1894 857 2071 912 fueri-

492 968 616 1009 mus
645 952 721 1007 ire
751 953 817 1007 ad
885 950 1193 1019 Dominum,
1249 967 1372 1007 cum
1424 951 1595 1006 Paulo
1638 952 1923 1006 dicentes:
1958 950 2072 1021 Ego

495 1046 634 1100 enim
664 1045 784 1113 jam
812 1045 1034 1109 delibor,
1064 1056 1113 1099 et
1159 1055 1366 1114 tempus
1412 1060 1542 1115 nteit:
1593 1043 1931 1097 resolutionis
1985 1043 2073 1096 in-

492 1146 600 1192 stat
629 1138 696 1191 '“.
729 1138 959 1215 Propter
992 1139 1094 1193 hoc
1146 1139 1358 1193 addidit
1391 1156 1403 1191 :
1453 1137 1801 1207 Exceptisque
1833 1135 2076 1191 Sabbntis

492 1231 727 1295 Domini,
788 1232 1039 1300 donisque
1081 1231 1288 1293 vestris,
1322 1238 1370 1284 et
1425 1244 1542 1299 qua:
1571 1230 1793 1299 oﬁ‘eretis
1820 1244 1885 1282 ea:
1937 1238 2074 1293 voto,

492 1324 575 1377 vel
596 1338 713 1400 quia
733 1331 916 1391 sponte
944 1321 1173 1374 tribuitis
1200 1320 1448 1373 Domino.

566 1415 770 1483 Aperte
802 1412 933 1489 illud
958 1412 1203 1475 tradens,
1231 1412 1361 1480 quia
1423 1426 1592 1481 super
1644 1409 2077 1465 declinationem

496 1503 789 1567 malorum,
825 1503 929 1557 hoc
958 1501 1381 1565 estSabbatum,
1415 1511 1471 1556 et
1517 1517 1684 1571 super
1727 1501 1863 1555 alias
1914 1500 2081 1569 justi-

499 1595 625 1657 tias,
682 1610 818 1665 quas
886 1595 998 1648 Deo
1050 1594 1354 1648 secundum
1411 1602 1628 1663 tempus
1681 1592 2079 1662 promittimus,

498 1686 792 1755 aliquando
849 1685 897 1740 ei
951 1685 1243 1754 jejunium,
1320 1683 1614 1752 aliquando
1674 1683 2081 1751 possessionum

494 1778 855 1842 oblationem,
880 1778 964 1830 vel
995 1777 1050 1830 in
1095 1776 1355 1846 periculis
1412 1776 1762 1830 venientibus
1785 1775 1966 1839 nobis,
1999 1773 2084 1827 Vrl

500 1869 809 1923 voluntarie
870 1868 1240 1938 promittimus
1295 1885 1308 1920 :
1373 1874 1661 1936 pr0pterea
1710 1875 1962 1919 votorum
2032 1875 2087 1920 et

502 1972 931 2034 spontaneorum
960 1960 1264 2031 quotidiani
1290 1959 1578 2014 ministerii
1637 1959 1748 2013 Deo
1779 1971 1944 2029 atque
1957 1975 2087 2030 pet¥

501 2054 655 2125 petui
689 2054 962 2119 sacrificii,
998 2052 1269 2122 siquidem
1301 2051 1445 2106 actio
1464 2051 1613 2119 iusta
1641 2060 1745 2113 est,
1801 2051 2086 2106 debitores

503 2164 715 2213 sumus,
745 2157 804 2201 ut
824 2156 1065 2201 nostram
1098 2160 1319 2199 omnem
1343 2145 1406 2206 ei.
1427 2144 1589 2198 vitam
1620 2143 1940 2208 oll‘eramus,
1999 2144 2089 2198 di-

502 2248 693 2294 centes
725 2238 1187 2308 quemadmodum
1209 2246 1265 2291 et
1298 2236 1496 2290 Paulus
1517 2235 1693 2289 dixit:
1730 2234 1851 2289 Vivo
1905 2244 2089 2290 autem

502 2344 607 2385 non
629 2329 745 2399 jam
781 2345 895 2399 ego,
930 2329 1055 2382 vivit
1071 2345 1193 2388 vero
1219 2329 1275 2381 in
1328 2343 1410 2381 nte
1442 2325 1700 2381 Christus.
1737 2324 1887 2390 Quod
1911 2336 2092 2381 autem

501 2437 642 2477 nunc
668 2423 779 2475 vivo
809 2422 866 2475 in
894 2437 1073 2487 carne,
1104 2421 1160 2473 in
1187 2420 1290 2489 ﬁde
1320 2420 1432 2474 vivo
1461 2419 1588 2473 Filii
1636 2417 1756 2480 Dei,
1791 2418 1881 2482 qui
1906 2419 2091 2491 dilexit

503 2520 687 2577 me,_et
713 2512 933 2565 tradidit
967 2512 1312 2578 semetipsum
1340 2526 1436 2579 pro
1466 2526 1547 2563 me
1578 2509 1623 2540 ⁷³
1659 2524 1670 2558 :
1707 2512 2093 2580 propterun

501 2612 561 2658 et
586 2619 690 2658 nos
717 2602 917 2657 offerre
949 2602 1001 2657 ei
1071 2603 1241 2657 vitam
1292 2612 1540 2656 nostram
1593 2608 1839 2670 oportet,
1868 2603 1998 2671 quia
2041 2614 2097 2659 et

504 2691 623 2763 ipse
650 2692 1017 2760 semetipsum
1036 2706 1136 2761 pro
1184 2691 1348 2746 nobis
1370 2691 1588 2746 obtulit.

576 2782 744 2836 Vsus.
776 2783 964 2837 59-44.
1007 2802 1026 2834 ‹
1059 2782 1103 2837 Α
1135 2784 1336 2853 quinto
1362 2783 1580 2839 decimo
1616 2800 1748 2856 ergo
1771 2786 1859 2842 die
1892 2788 2099 2841 mensis

505 2873 748 2944 septimi,
800 2874 1022 2944 quando
1070 2875 1540 2945 congregaveritis
1612 2892 1807 2932 omnes
1886 2879 2098 2934 fruetus

506 2971 669 3020 terrae
716 2976 931 3029 vestrae,
993 2966 1346 3021 celebrabitis
1399 2964 1563 3021 ferias
1620 2968 1837 3024 Domini
1884 2982 2097 3041 septem

508 3057 724 3114 diebus.
756 3058 849 3113 Die
882 3058 1058 3129 primo
1115 3068 1171 3114 et
1201 3059 1292 3114 die
1322 3067 1517 3113 octavo
1546 3061 1653 3114 erit
1684 3060 2007 3131 Sabbatum,
2042 3064 2098 3120 id

2171 583 2309 637 festa
2334 583 2681 638 celebremus
2704 589 2919 651 septem
2942 582 3080 644 dies,
3115 581 3166 635 id
3197 588 3285 635 est
3310 587 3480 633 totam
3511 590 3714 639 nostram

2170 677 2367 732 demus
2397 677 2563 731 vitam
2597 676 2654 729 in
2693 675 2880 731 divina
2921 674 3218 728 festivitate
3259 672 3617 727 celebranda:
3645 674 3718 731 Die

2173 779 2357 824 autem
2384 770 2556 840 primo
2586 770 2809 840 requies,
2849 777 2900 822 et
2930 767 3014 822 die
3045 777 3228 821 octavo
3253 767 3482 836 requies.

2200 870 2211 879 ‘
2243 861 2363 916 Non
2400 863 2512 932 iam
2558 862 2815 931 septimo,
2860 874 2989 915 cum
3028 872 3262 913 numero
3302 869 3514 927 septem
3543 859 3719 916 dictum

2176 955 2533 1011 festivitatem
2566 955 2650 1026 agi
2693 954 3100 1026 proposuisset,
3151 954 3245 1008 sed
3276 961 3495 1015 octavo,
3525 951 3719 1022 primum

2175 1046 2419 1117 quidem,
2448 1047 2576 1117 quia
2612 1046 2695 1100 his
2726 1047 2819 1116 qui
2867 1047 3171 1099 secundum
3204 1044 3449 1097 litteram
3481 1044 3637 1113 legem
3660 1055 3722 1098 te-

2178 1148 2335 1205 nent,
2385 1138 2740 1193 festivitatem
2777 1138 3063 1193 celebrare
3102 1146 3213 1189 non
3262 1135 3416 1199 licet,
3452 1150 3589 1190 novo
3608 1141 3723 1197 enim

2179 1241 2497 1301 segregatus
2549 1237 2634 1285 est
2682 1230 2904 1300 pOpulo,
2960 1229 3053 1299 qui
3107 1228 3419 1296 scitlegetn
3469 1230 3726 1287 secundum

2180 1319 2436 1388 Spiritum
2494 1318 2764 1387 accipere,
2824 1326 2880 1370 et
2938 1325 3195 1370 octavum
3241 1315 3555 1378 honorare,
3599 1332 3725 1386 quem

2182 1407 2422 1462 diximus
2490 1406 2803 1477 signiﬁcare
2868 1414 3216 1458 mortuorum
3288 1405 3722 1461 resurrectionem.

2184 1497 2456 1564 Secundo,
2488 1499 2615 1568 quia
2647 1512 2815 1552 unam
2851 1497 3107 1551 virtutem
3141 1496 3351 1550 habent
3381 1507 3440 1549 et
3487 1497 3728 1564 primum

2185 1599 2446 1659 octavus;
2491 1592 2618 1661 quia
2667 1599 2894 1646 octavus
2943 1590 3061 1659 ipse
3132 1598 3219 1643 est
3256 1595 3316 1643 et
3368 1590 3590 1657 primus,
3636 1594 3727 1659 qua

2188 1680 2305 1754 ipse
2330 1692 2417 1738 est
2457 1682 2790 1753 principium
2845 1681 3013 1735 futuri
3063 1681 3275 1735 saeculi.
3326 1680 3532 1734 Deinde
3568 1682 3727 1749 primus

2189 1777 2326 1839 dies,
2368 1776 2463 1846 qui
2514 1785 2599 1830 est
2632 1775 2847 1828 initium
2890 1774 3051 1827 factae
3099 1772 3533 1842 prtedicationis,
3570 1775 3617 1826 in
3654 1776 3725 1828 line

2190 1869 2516 1924 saeculorum
2573 1868 2817 1937 requiem
2875 1868 3145 1921 continet.
3199 1866 3570 1935 Requiescere
3622 1869 3727 1921 enim

2187 1975 2291 2015 nos
2319 1960 2474 2023 facit,
2497 1974 2623 2014 cum
2653 1975 2756 2013 nos
2781 1973 2811 2014 a
2843 1967 3196 2027 peccatorum
3237 1957 3524 2011 laboribus
3557 1958 3723 2017 liberal.

2189 2066 2289 2124 per
2320 2054 2528 2107 donum
2559 2051 2910 2121 baptismatis
2934 2051 3092 2120 cujus
3121 2051 3248 2121 quia
3296 2050 3523 2120 figuram
3553 2050 3726 2103 imtnda-

2189 2147 2269 2201 tio
2301 2146 2546 2216 gerebat,
2577 2160 2701 2214 qua:
2733 2152 3000 2198 creatura
3038 2159 3138 2213 per
3190 2144 3309 2197 Noe
3345 2157 3599 2210 aquarum
3629 2144 3725 2196 dilu-

2189 2240 2280 2296 vio
2314 2239 2482 2303 venit,
2519 2246 2670 2293 recte
2702 2237 2771 2292 de
2816 2236 2920 2292 hoc
2952 2235 3239 2290 dicebatur
3272 2253 3287 2288 :
3332 2234 3435 2287 Hic
3472 2235 3725 2304 requiescere

2193 2345 2287 2384 nos
2348 2329 2507 2398 faciet
2534 2328 2599 2381 ab
2651 2327 2892 2381 omnibus
2932 2327 3175 2392 operibus
3230 2327 3460 2388 nostris,
3487 2335 3535 2377 et
3561 2331 3617 2377 de
3640 2326 3724 2377 reli-

2193 2424 2334 2492 quiis
2369 2438 2629 2475 manuum
2683 2429 3007 2482 nostrarum,
3042 2428 3091 2473 et
3124 2436 3156 2472 a
3198 2429 3350 2473 terra
3402 2420 3488 2471 cui
3516 2418 3726 2472 maledin'l

2197 2516 2457 2569 Dominus
2486 2513 2640 2567 Deus.
2672 2512 2959 2581 Simulque
2986 2512 3197 2581 primus
3215 2511 3365 2576 dies,
3402 2508 3726 2564 exordiumii-

2196 2606 2396 2661 delicct
2453 2602 2891 2673 praedicationis,
2946 2600 3220 2671 promittit
3276 2601 3620 2671 posteriorem
3661 2613 3729 2649 rc-

2195 2700 2403 2769 quiem,
2466 2712 2630 2767 quam
2662 2705 2888 2751 octavus
2928 2695 3113 2760 habet,
3164 2694 3220 2748 id
3283 2701 3391 2757 est,
3451 2700 3727 2746 mortuorum

2199 2788 2556 2855 resurrectio,
2585 2799 2640 2845 et
2677 2804 2906 2861 regnum
2956 2787 3125 2843 futuri
3162 2786 3379 2850 saeculi,
3417 2785 3484 2840 de
3511 2798 3608 2854 quo
3628 2783 3728 2853 psal-

2199 2882 2347 2940 lebat
2376 2882 2546 2936 David
2581 2899 2596 2936 :
2636 2880 2899 2951 Exsurge,
2936 2864 3181 2943 Domine,
3213 2879 3273 2931 in
3300 2878 3529 2947 requiem
3554 2874 3725 2929 tuane“.

2201 2972 2339 3039 Quia
2371 2973 2518 3027 enim
2551 2981 2845 3042 utramque
2869 2972 3116 3040 requiem
3138 2970 3432 3024 exordium
3463 2966 3725 3037 evangelica

2201 3065 2607 3135 praedicationis
2644 3064 2912 3135 possidet,
2943 3064 3068 3117 audi
3101 3063 3233 3132 quid
3270 3062 3508 3132 primum
3535 3058 3727 3114 Christus

506 3158 593 3236 est
622 3150 861 3218 requies.
899 3150 1253 3220 Sumetisque
1278 3150 1436 3205 vobis
1455 3149 1543 3204 die
1565 3152 1744 3221 primo
1779 3153 1988 3210 fructus
2005 3171 2099 3210 ar-
2127 3178 2170 3236 ε
2204 3158 2449 3213 humano
2483 3157 2667 3227 generi
2694 3155 3046 3226 praedicavit:
3078 3154 3465 3209 Pcenitentiam
3497 3153 3635 3223 agite,
3661 3167 3730 3217 ap-

507 3235 659 3290 boris
685 3236 1111 3306 pulcherrimae:
1149 3240 1504 3310 spatulasque
1544 3246 1871 3314 palmarum,
1908 3254 1963 3300 et
2015 3261 2104 3299 ra-

509 3341 630 3380 mos
656 3327 785 3397 ligni
823 3327 1119 3384 densarum
1167 3331 1472 3398 frondium,
1518 3347 1570 3391 et
1627 3337 1826 3392 salices
1867 3338 1937 3392 de
2000 3347 2105 3393 tor-

510 3427 688 3483 rente,
722 3430 777 3473 et
801 3420 1115 3476 laetabimiui
1152 3439 1335 3480 coram
1370 3427 1601 3484 Domino
1627 3430 1739 3485 Deo
1773 3442 1975 3498 vestro,
2011 3448 2104 3487 ce-

511 3508 901 3580 lebrabitisquc
936 3515 1341 3573 solemnitatem
1369 3521 1487 3589 ejus
1514 3531 1724 3592 septem
1763 3523 1963 3578 diebus
2006 3540 2106 3594 per

512 3617 718 3656 annum
762 3620 775 3655 :
830 3606 1139 3675 legitimum
1175 3614 1577 3683 sempiternum
1608 3617 1718 3672 erit
1747 3617 1800 3671 in
1865 3634 2104 3689 genera-

512 3694 758 3751 tionibus
796 3700 1012 3755 vestris.
1047 3700 1232 3757 Mense
1265 3707 1499 3775 septimo
1556 3708 1693 3764 festa
1726 3711 2102 3776 celebrabitis,

512 3799 569 3843 et
604 3791 926 3846 habitabilis
959 3794 1011 3847 in
1037 3797 1372 3853 umbraculis
1422 3814 1634 3871 septem
1673 3804 1890 3858 diebus.
1914 3803 2106 3859 Omnis

512 3882 609 3952 qui
643 3899 709 3937 cx
754 3900 954 3953 genere
988 3896 1071 3940 est
1112 3888 1296 3951 Israel,
1347 3895 1594 3948 manebit
1624 3895 1680 3948 in
1715 3897 2103 3962 tabernaculis,

515 3981 578 4027 ut
603 3975 818 4029 discant
851 3979 1061 4047 posteri
1096 3982 1283 4047 vestri,
1336 3986 1484 4053 quod
1521 3986 1577 4040 in
1611 3988 1982 4044 tabernaculis
2010 3990 2108 4044 ha-

513 4063 691 4121 bitare
723 4067 946 4123 fecerim
986 4071 1125 4126 lilios
1175 4073 1361 4139 Israel,
1388 4093 1513 4132 cum
1548 4081 1846 4134 educerem
1881 4096 1979 4135 eos
2036 4081 2106 4135 de

517 4163 665 4210 terra
695 4155 938 4228 Egypti.
967 4160 1079 4230 Ego
1114 4161 1376 4218 Dominus
1400 4166 1543 4221 Deus
1598 4176 1799 4224 vester.
1833 4170 2106 4225 Locutus»

517 4262 624 4316 que
663 4257 749 4303 est
802 4249 1017 4322 Moyses
1070 4269 1237 4324 super
1266 4257 1715 4314 solemnitatibus
1775 4260 1992 4315 Domini
2039 4261 2108 4317 ad

516 4336 660 4394 ﬁlios
683 4340 870 4396 lsrael.
921 4362 941 4394 ι

587 4429 759 4487 Tutos
783 4450 886 4491 nos
912 4437 1188 4509 legislator
1214 4456 1340 4496 esse
1399 4442 1652 4512 prmcipit
1681 4446 1866 4499 san-iiii
1904 4446 2100 4513 futuri,

517 4526 576 4576 et
608 4537 938 4593 prtesenlem
964 4529 1133 4583 vitam
1177 4532 1245 4586 ad
1281 4532 1411 4587 illud
1459 4543 1741 4603 coaptare.
1803 4536 2102 4607 Propterea

515 4628 641 4669 cum
687 4619 989 4689 compleret
1047 4621 1404 4678 festivitatum
1455 4627 1704 4689 verbum,
1757 4629 1922 4684 iterat
1955 4644 2103 4687 nunc

518 4706 998 4765 tabernaculorum
1062 4713 1446 4781 festivitatem,
1509 4718 1638 4788 quia
1721 4722 1892 4776 totius
1963 4724 2101 4794 legis

518 4812 729 4855 summa
758 4811 843 4857 est
874 4820 985 4858 non
1030 4806 1247 4862 inhiare
1293 4811 1676 4878 praesentibus,
1705 4828 1883 4885 neque
1909 4815 2099 4871 adhae-

518 4905 641 4945 rere
671 4896 926 4960 terrenis,
960 4900 1057 4953 sed
1079 4901 1222 4956 scire
1252 4903 1381 4971 quia
1408 4903 1665 4973 inquilini
1701 4905 1756 4959 in
1806 4923 1872 4962 ea
1911 4918 1968 4963 et
2001 4925 2101 4979 pe-

517 4986 718 5055 regrini
747 5003 958 5052 sumus,
992 4991 1133 5047 sicut
1164 5009 1356 5049 omnes
1388 5004 1573 5065 patres
1604 4999 1801 5054 nostri.

587 5080 632 5130 Α
668 5080 851 5148 quinto
905 5083 1106 5137 decimo
1143 5102 1267 5156 ergo
1317 5088 1403 5141 die
1447 5090 1640 5144 mensis
1686 5092 1923 5160 septimi.
1968 5091 2106 5148 Esse

517 5182 764 5225 mensem
813 5174 1107 5241 septimum
1159 5179 1593 5249 complctioncm
1633 5183 1753 5237 sive
1808 5184 2105 5252 plenitudi-

516 5274 644 5313 nem
675 5270 985 5333 temporum
1015 5266 1277 5337 diximus.
1326 5270 1565 5338 Quintus
1612 5276 1864 5332 dccimus
1892 5289 2100 5346 autem,

516 5359 708 5415 utpote
749 5368 815 5407 ex
874 5366 1087 5425 septem
1134 5367 1375 5417 etuocto
1426 5374 1688 5422 constans
1728 5372 2101 5441 evangelicam

515 5441 984 5511 praedicationem,
1033 5465 1156 5519 quae
1216 5467 1283 5507 ex
1340 5457 1602 5525 praesenti
1654 5458 1766 5514 vita
1823 5471 1880 5516 et
1915 5461 2102 5518 futura

515 5530 788 5600 consistit,
820 5535 1109 5606 significat,
1144 5539 1287 5596 hanc
1315 5559 1674 5614 componens,
1718 5548 1863 5605 illam
1888 5567 2103 5623 praepa—

516 5635 667 5681 rans.
695 5626 927 5693 Quando
958 5638 1477 5707 congregaverimus
1501 5655 1697 5698 omnes
1741 5642 1957 5702 fructus
1988 5655 2105 5702 ter-

620 5803 664 5838 "
695 5803 742 5859 Il
773 5804 915 5862 Tim.
948 5824 1024 5879 tv,
1054 5811 1106 5868 6.

1208 5815 1253 5847 "
1301 5814 1418 5873 Gal.
1444 5835 1504 5887 tt,
1532 5819 1624 5876 20.
1697 5821 1745 5857 ’⁷³
1770 5822 1917 5881 Psal.
1939 5840 2099 5892 cxxv,
2123 5824 2176 5882 8.

2206 3250 2579 3320 propinquavit
2609 3251 2750 3303 enim
2774 3264 2994 3320 regnum
3022 3245 3355 3302 emtorem“.
3386 3246 3485 3300 Per
3516 3243 3728 3315 poeniten-

2209 3343 2337 3398 tiam
2368 3357 2398 3397 a
2423 3343 2701 3397 laboribus
2742 3342 2868 3395 vitae
2894 3357 3017 3411 quae
3040 3341 3095 3394 in
3123 3341 3370 3411 peccatis
3414 3334 3517 3399 est.
3545 3334 3728 3406 requiem

2210 3435 2536 3504 praedicans,
2570 3443 2628 3490 et
2657 3450 2811 3505 spem
2853 3434 2909 3488 in
2944 3449 3116 3504 regno
3150 3433 3422 3487 caelorum
3462 3431 3637 3486 futura:
3671 3438 3732 3479 re-

2207 3527 2378 3597 quiei.
2416 3528 2523 3581 Sed
2567 3527 2777 3597 primus
2822 3527 3042 3597 quidem
3072 3526 3237 3580 habet
3269 3524 3511 3593 requiem
3539 3538 3566 3576 a
3593 3533 3730 3590 pecta-

2212 3630 2389 3675 torum
2422 3621 2725 3675 laboribus.
2758 3621 2840 3673 Ab
2871 3636 2938 3674 eo
2972 3627 3176 3681 tamen,
3211 3620 3309 3688 qui
3342 3624 3557 3674 vocatus
3581 3622 3648 3669 est
3667 3627 3731 3664 sn-

2208 3711 2563 3783 perzcditicari
2645 3714 2774 3769 huic
2816 3713 3053 3782 requiei,
3100 3713 3370 3767 virtutum
3426 3708 3730 3779 operationem

2207 3806 2408 3876 exiget.
2462 3805 2694 3876 Propter
2730 3806 2877 3876 quod
2916 3805 3179 3858 Dominus
3205 3802 3343 3859 dicit
3380 3823 3393 3858 :
3425 3803 3649 3856 Discitea
3676 3809 3731 3848 ue

2208 3900 2335 3968 quia
2398 3900 2540 3953 mitis
2596 3914 2713 3953 sum
2744 3909 2793 3952 et
2839 3897 3053 3952 Immitis
3097 3899 3270 3961 corde,
3312 3907 3362 3952 et
3418 3893 3731 3949 itwenirtisre-

2209 3993 2383 4061 quiem
2434 3993 2716 4046 animabus
2744 3993 3011 4046 vestris".
3064 3991 3357 4046 Subinfert
3395 4010 3406 4045 :
3435 3990 3608 4061 Jugum
3631 3983 3728 4038 enim

2209 4098 2385 4137 meum
2412 4098 2572 4137 suave
2595 4093 2690 4145 est,
2716 4090 2763 4137 et
2793 4098 2924 4138 onus
2945 4099 3119 4137 meum
3151 4083 3263 4137 leve
3286 4084 3333 4115 ⁷⁸
3351 4100 3365 4136 :
3386 4082 3524 4136 hanc
3553 4091 3650 4147 quae
3670 4080 3726 4126 est

2209 4186 2334 4230 cum
2380 4177 2572 4244 requie
2618 4177 2995 4245 operationem
3042 4175 3311 4231 virtutum
3363 4173 3624 4229 mandans.
3661 4165 3726 4219 llic

2209 4276 2393 4321 autem
2452 4267 2761 4338 legislator,
2823 4283 2947 4323 cum
3010 4266 3369 4322 festivitatem
3444 4262 3725 4337 praedicasset
3800 4250 3801 4259 “

2210 4366 2421 4429 septem
2452 4360 2691 4425 dierum,
2733 4360 2977 4431 primum
3006 4360 3127 4428 ejus
3161 4359 3310 4415 diem
3337 4359 3568 4430 requiem
3593 4348 3726 4422 appel-

2211 4451 2383 4506 lavit:
2413 4459 2558 4507 tacet
2597 4461 2780 4507 autem
2823 4463 3121 4522 sequentes
3168 4454 3310 4520 dies,
3344 4461 3404 4508 ut
3437 4467 3528 4522 per
3571 4442 3726 4502 hocsi-

2136 4521 2179 4576 D
2208 4543 2430 4615 gniﬁcet
2475 4553 2734 4616 oportere
2779 4521 3079 4601 virtutibus
3128 4561 3353 4615 Operam
3400 4521 3544 4600 dare.
3577 4535 3726 4594 Deinde

2209 4637 2276 4692 ad
2331 4646 2587 4693 octavum
2637 4637 2781 4693 diem
2838 4638 3101 4693 transfert
3146 4639 3417 4709 requiem,
3469 4632 3722 4691 ostendens.

2208 4730 2336 4800 quia
2395 4730 2584 4785 ﬁdeles
2631 4739 2688 4785 et
2727 4732 3031 4786 servientes
3083 4732 3185 4803 legi
3232 4732 3352 4796 Dei,
3403 4744 3523 4785 vera
3564 4721 3725 4793 requies

2210 4821 2399 4877 saeculi
2444 4821 2613 4876 futuri
2643 4831 2746 4877 est.
2784 4821 2926 4888 Quid
2974 4838 3105 4894 ergo
3149 4838 3252 4879 nos
3285 4824 3337 4879 iu
3374 4830 3480 4878 tota
3507 4821 3604 4876 vita
3632 4828 3722 4883 ορθ-

2209 4914 2341 4976 rari,
2379 4925 2432 4970 et
2470 4915 2616 4970 unde
2643 4915 2905 4971 inchoare
2935 4917 3309 4987 operationem
3337 4915 3573 4987 oportet?

2283 5003 2616 5073 Sumetisque
2658 5006 2798 5060 vobis
2846 5006 2932 5060 die
2977 5008 3151 5076 primo
3198 5011 3400 5081 fructus
3434 5003 3614 5060 arboris
3635 4994 3721 5068 tm!"

2215 5097 2506 5163 cherrima,
2567 5098 2915 5167 spatuiasque
2970 5100 3298 5169 palmarum,
3344 5110 3392 5156 et
3445 5111 3599 5153 ramos
3632 5086 3723 5159 ligni

2214 5189 2502 5243 densarum
2551 5190 2843 5259 pendium,
2898 5199 2948 5246 et
2971 5194 3159 5247 salices
3185 5195 3249 5248 de
3281 5202 3516 5255 torrente,
3550 5197 3588 5241 et
3611 5185 3720 5238 lam-

2206 5282 2399 5337 bimi‘m'
2433 5294 2615 5336 coram
2659 5281 2881 5339 Domino
2908 5285 3016 5340 Deo
3046 5296 3240 5354 vestro,
3272 5284 3648 5350 celebrabitiqu
3661 5288 3719 5328 εο-

2212 5373 2543 5429 lentnitatem
2588 5375 2705 5444 ejus
2754 5386 2951 5449 septem
2991 5379 3194 5436 diebus.
3226 5380 3376 5448 Quod
3412 5380 3716 5448 oporteatpi‘r

2210 5476 2433 5519 omnem
2485 5465 2655 5519 vitam
2711 5467 3012 5524 virtutibus
3068 5485 3294 5540 operam
3356 5471 3497 5533 dare,
3540 5475 3649 5534 quas
3678 5456 3715 5510 in

2210 5554 2485 5611 fructibus
2511 5564 2569 5611 et
2602 5558 2769 5614 ramis
2797 5560 3191 5630 praedictorum
3214 5564 3474 5633 lignorum
3501 5551 3713 5628 signiﬁca-

2210 5646 2313 5715 vit,
2360 5646 2479 5716 ipse
2524 5662 2794 5707 numerus
2846 5662 2899 5709 te
2941 5663 3155 5725 septem
3201 5657 3411 5713 dierum
3442 5654 3619 5721 absque
3638 5641 3712 5699 ulla

3449 5833 3491 5869 "
3515 5825 3621 5887 ibid.
3645 5818 3693 5874 99

2289 5825 2340 5861 τι
2368 5825 2563 5885 Matth.
2597 5845 2682 5899 ut,
2716 5831 2773 5888 2.
2857 5836 2901 5873 7'
2929 5824 3122 5896 Matth.
3151 5855 3225 5908 ιι,
3258 5839 3346 5898 28.
