3892 6408
313 360 457 429 10οἿ

1478 358 1561 419 IN
1596 355 2126 419 LEVITICUM.—
2159 356 2306 417 LIB.
2347 355 2448 415 VI.
3462 362 3596 429 1098

308 475 601 535 dubietate
644 474 949 539 confirmat.
997 471 1136 541 Quia
1192 489 1329 528 vero
1373 488 1439 527 ex
1490 472 1606 542 ipsa
1643 471 1906 526 inchoare
1937 475 1982 530 Α
2082 467 2243 521 Sume
2268 477 2314 520 ct
2342 467 2549 521 salices.
2585 466 2896 523 Secundum
2928 468 3090 531 LXX,
3116 470 3366 536 κλάδους,
3396 492 3595 545 ramos,

308 571 582 629 debemus
632 567 938 631 vocatione,
998 581 1065 622 ex
1123 582 1227 636 qua
1293 564 1555 635 prmdicta
1585 571 1671 618 est
1701 561 1907 617 Christi

306 659 675 733 intelligibilis
724 660 973 730 requies,
1033 675 1158 730 quae
1213 659 1391 729 prima
1436 666 1523 712 est
1592 654 1908 711 festivitatis

307 753 461 818 dies,
488 748 842 806 manifestum
875 757 998 804 est:
1047 762 1212 819 quem
1245 747 1392 802 diem
1427 745 1686 818 superius
1714 744 1908 815 appel-

305 843 454 900 ‘avit
492 843 724 914 requiei.
776 842 940 896 Nunc
985 849 1169 897 autem
1229 841 1286 895 in
1343 855 1411 895 eo
1444 838 1659 894 fructus
1692 838 1909 893 arboris

303 936 702 1009 pulcherrimae
727 951 945 993 sumere
972 934 1256 1006 praecepit,
1304 934 1425 989 illos
1464 932 1738 995 videlicet,
1772 946 1909 1003 quos

304 1032 376 1088 in
408 1030 583 1102 primo
628 1030 845 1085 Psalmo
882 1028 1055 1085 David
1089 1028 1365 1084 cantavit:
1403 1025 1468 1081 Et
1503 1027 1601 1081 erit
1648 1035 1910 1096 tanquam

307 1121 520 1193 lignum
548 1128 686 1193 quod
722 1120 1024 1191 plantatum
1061 1130 1136 1175 est
1171 1137 1319 1175 secus
1341 1123 1591 1174 decursus
1620 1133 1906 1189 aquarum,

302 1217 456 1287 quod
491 1215 721 1286 fructum
764 1231 920 1268 suum
965 1213 1111 1267 dabit
1156 1214 1213 1267 in
1274 1222 1506 1280 tempore
1546 1211 1698 1265 suo"
1731 1229 1745 1264 :
1781 1209 1909 1264 Pul-

304 1308 511 1363 chrum
572 1306 723 1360 enim
764 1305 898 1360 dicit
951 1314 1388 1375 temporaneum,
1420 1314 1475 1359 et
1511 1314 1906 1375 opportunum,

304 1398 371 1453 id
403 1407 488 1454 est
516 1399 609 1468 qui
674 1397 729 1452 in
782 1407 1033 1468 tempore
1090 1405 1196 1464 est,
1236 1404 1292 1451 et
1324 1396 1546 1451 virtutis
1581 1395 1910 1466 opportunis

306 1490 664 1562 temporibus
714 1489 1021 1563 peragitur,
1076 1501 1139 1544 ut
1186 1488 1507 1543 nullatenus
1546 1488 1604 1543 in
1660 1495 1911 1558 tempore

299 1584 560 1654 iustitiae,
593 1583 869 1653 fugientes
893 1597 1042 1644 eam,
1077 1580 1421 1637 declinemus
1460 1580 1528 1635 ad
1571 1581 1909 1650 compassio—

303 1690 467 1731 nem.
498 1674 588 1731 Ait
640 1675 829 1731 enim:
885 1670 1007 1729 Non
1042 1673 1371 1728 misereberis
1426 1674 1652 1742 pauperi
1676 1673 1731 1725 in
1758 1672 1910 1742 judi-

307 1770 485 1828 cio".
527 1770 668 1838 Quia
708 1780 772 1847 ζει
820 1770 1058 1842 iustitia,
1088 1779 1145 1824 et
1173 1770 1506 1840 compassio,
1539 1778 1595 1823 et
1624 1771 1909 1838 quodlibet

2012 559 2062 613 id
2092 569 2196 624 est,
2252 558 2629 623 continentiae,
2667 558 2913 629 castique
2961 561 3227 632 conjugii.
3270 562 3418 617 Salix
3447 568 3593 619 enim

2010 651 2405 706 continentiam
2457 651 2752 724 signiﬁcat,
2809 652 2937 722 quia
2994 650 3233 708 fructum
3266 671 3377 710 non
3414 656 3593 712 facit:

2009 742 2147 797 sicut
2206 759 2305 797 nec
2336 744 2706 812 continentes,
2748 747 2840 817 qui
2894 757 3025 802 sunt
3046 748 3161 803 veri
3198 751 3461 817 eunuchi,
3501 753 3596 822 qui

2009 846 2388 892 cas:raverunt
2421 853 2480 892 se
2520 847 2747 909 propter
2769 854 3000 910 regnum
3032 841 3320 909 calorum,
3352 842 3597 901 fructum

2008 927 2308 997 quemlibet
2368 927 2683 985 seusibilem
2744 928 2979 996 faciunt,
3042 926 3110 986 ad
3156 947 3296 1002 quos
3327 934 3472 989 Deus
3498 950 3599 1006 per

2011 1020 2202 1074 Isaiam
2262 1020 2590 1092 prophetam
2657 1020 2830 1077 dicit:
2889 1014 3011 1077 Non
3074 1022 3217 1078 dicat
3271 1024 3540 1083 eunuchus
3576 1041 3598 1082 .'

2010 1108 2147 1176 Quia
2176 1108 2374 1184 lignum
2396 1110 2611 1167 aridum
2634 1131 2727 1185 ego
2751 1131 2870 1169 sum
2888 1131 2907 1168 :
2930 1114 3057 1186 quia
3090 1116 3228 1171 dabo
3255 1117 3328 1171 eis
3359 1118 3415 1171 in
3441 1102 3598 1188 domo

2011 1216 2151 1266 mea.
2180 1215 2231 1258 et
2268 1203 2323 1259 in
2354 1206 2520 1260 muris
2555 1205 2683 1261 meis
2718 1207 2886 1262 locum
2936 1210 3268 1264 nominatum
3295 1252 3308 1274 ,
3348 1211 3537 1267 melius
3563 1229 3598 1265 α

2009 1296 2138 1365 ﬁliis
2165 1306 2214 1352 et
2242 1297 2476 1368 ﬁliabus,
2522 1315 2711 1353 nomen
2740 1302 3117 1370 sempiternum
3147 1303 3282 1357 dabo
3319 1304 3393 1358 eis
3409 1304 3477 1361 ’°.
3506 1300 3603 1359 Di-

2007 1391 2185 1445 cimus
2243 1399 2430 1449 autent
2484 1390 2709 1447 salieem
2751 1407 2942 1463 gerere
2995 1395 3283 1462 orationis,
3330 1412 3436 1451 nec
3484 1413 3598 1463 non

2009 1484 2349 1553 pmnitentia:
2388 1483 2639 1556 ﬁguram.
2671 1485 2764 1539 Sic
2791 1501 2922 1557 ergo
2948 1497 3005 1541 et
3029 1488 3175 1543 illud.
3193 1488 3338 1559 quod
3364 1505 3394 1543 a
3425 1488 3599 1546 David

2008 1572 2216 1626 dictum
2251 1582 2355 1639 est,
2390 1573 2764 1646 intelligamus
2795 1592 2810 1629 :
2842 1574 3015 1647 Super
3040 1578 3267 1648 ﬂumina
3285 1574 3595 1654 Babylonis,

2007 1664 2119 1719 illic
2172 1667 2402 1722 sedimus
2451 1676 2501 1723 et
2558 1670 2818 1738 ﬂeuimus,
2873 1669 3000 1724 dum
3061 1668 3464 1729 recordaremur
3519 1673 3599 1727 tui

2007 1754 2153 1810 Siou.
2182 1756 2248 1811 In
2287 1759 2557 1825 salicibus,
2576 1761 2634 1815 in
2665 1759 2838 1817 medio
2860 1759 2976 1833 ejus
3004 1765 3369 1834 suspendimus
3393 1781 3598 1837 organa

306 1831 574 1930 dixeris,w
602 1844 762 1919 suum
818 1831 1036 1934 tempus
1085 1831 1455 1932 opportunum
1526 1863 1711 1928 habet,
1762 1862 1904 1917 sicut

2011 1857 2196 1902 nostra
2219 1849 2287 1903 ⁹¹.
2323 1847 2603 1906 Orationis
2632 1850 2804 1917 enim,
2834 1831 2893 1908 et
2931 1831 3276 1924 pcenitentia:
3322 1856 3598 1928 lacrymaa,

306 1954 520 2010 Paulus
552 1955 723 2011 dicit:
766 1950 1031 2026 Alligatus
1069 1970 1122 2008 es
1173 1954 1370 2008 uxori?
1404 1953 1513 2007 noli
1541 1969 1776 2025 quaerere
1816 1972 1905 2009 so-

309 2047 592 2102 lationem.
652 2045 873 2102 Solutus
920 2060 973 2101 es
1016 2046 1081 2101 ab
1126 2047 1333 2101 urere?
1362 2046 1470 2100 noli
1509 2063 1745 2118 quaerere
1775 2064 1908 2101 uxoa

311 2139 508 2195 rem".
544 2137 609 2193 Et
640 2137 900 2194 Salomon
946 2139 1024 2193 ait
1051 2155 1064 2191 :
1100 2138 1286 2192 Omnis
1319 2139 1394 2192 rei
1425 2148 1669 2210 tempus:
1703 2149 1906 2210 tempus

310 2228 548 2294 tacendi,
580 2238 633 2283 et
675 2239 880 2300 tempus
909 2229 1177 2300 loquendi.
1227 2238 1430 2301 tempus
1461 2229 1604 2296 belli,
1631 2239 1679 2284 et
1704 2240 1907 2302 tempus

310 2319 467 2388 pacis
483 2318 555 2374 '°:
584 2328 642 2375 et
680 2321 854 2375 multa
886 2320 973 2375 bis
1005 2320 1226 2376 similia.
1291 2318 1448 2377 Unde
1497 2331 1554 2376 et
1613 2319 1744 2376 Saul
1776 2336 1908 2378 con-

311 2413 610 2468 demnatus
671 2421 776 2477 est,
807 2412 935 2484 quia
973 2414 1120 2486 Agag
1171 2424 1325 2469 extra
1365 2424 1583 2484 tempus
1634 2417 1904 2486 pepercit,

311 2512 374 2558 et
395 2517 722 2580 compassus
752 2512 858 2570 est,
889 2520 1001 2575 quo
1030 2514 1276 2575 tempore
1307 2521 1434 2561 eum
1477 2506 1578 2561 hoc
1605 2522 1714 2560 non
1741 2520 1906 2577 opor-

312 2594 470 2649 tebat
499 2595 679 2650 facere
698 2596 744 2628 ⁸³
776 2613 790 2650 :
834 2612 938 2652 nec
968 2598 1260 2668 Oportebat
1297 2612 1425 2653 eum
1475 2612 1726 2668 parcere,
1781 2614 1909 2653 cum

314 2687 468 2740 Deus
523 2688 782 2757 jussisset
845 2697 1018 2742 totum
1062 2687 1323 2743 Amalech
1377 2688 1638 2759 disperdi.
1695 2686 1753 2743 Si
1781 2700 1955 2762 ergo-

312 2777 534 2832 [ructus
567 2779 780 2834 arboris
811 2781 1133 2849 sumpseris,
1175 2780 1243 2835 de
1273 2781 1476 2850 quibus
1506 2781 1584 2835 ait
1613 2779 1765 2836 Joel:
1799 2780 1911 2835 No-

310 2870 409 2925 lite
456 2873 638 2926 timere
681 2872 940 2926 animalia
1001 2873 1263 2943 regionis,
1316 2875 1441 2943 quia
1482 2874 1913 2943 germinaverunt

307 2963 553 3029 speciosa
598 2963 807 3027 deserti,
882 2962 1013 3033 quid
1074 2973 1122 3017 et
1176 2964 1378 3036 lignum
1432 2964 1616 3018 attulit
1681 2966 1912 3037 fructum

311 3069 474 3107 suum
493 3054 540 3084 "
570 3073 583 3108 :
636 3052 744 3109 Sed
769 3061 825 3108 et
854 3052 1076 3109 Cantica
1134 3054 1489 3110 Canticorum
1516 3075 1528 3111 :
1589 3053 1696 3109 Sub
1724 3057 1912 3110 umbra

2006 1939 2075 1994 de
2103 1941 2301 2009 quibus
2380 1943 2457 1997 ait
2504 1944 2707 1999 Isaias:
2756 1944 2906 2001 Sicut
2948 1947 3140 2003 salices
3170 1962 3328 2016 super
3377 1958 3601 2017 prreter‘

2004 2031 2225 2101 ﬂuentes
2279 2036 2533 2105 aquas“,
2577 2037 2953 2093 continentem
3012 2040 3428 2096 commistionis
3496 2058 3597 2098 ne-

2006 2125 2298 2180 cessariam
2357 2124 2596 2190 habent.
2653 2126 2707 2183 in
2764 2138 3011 2201 tempore
3071 2146 3182 2202 quo
3237 2130 3595 2190 oderantur:

2007 2217 2153 2286 quod
2209 2218 2552 2275 demonstrat
2610 2217 2810 2277 Paulus
2838 2239 2851 2277 :
2881 2222 3058 2279 Nolite
3087 2227 3349 2296 fraudare
3376 2228 3601 2285 invicem

2009 2308 2217 2375 dicens,
2272 2308 2373 2364 nisi
2396 2328 2460 2365 ea:
2505 2326 2757 2367 consensu
2790 2313 2861 2367 ad
2891 2324 3115 2384 tempus,
3149 2327 3207 2371 ut
3249 2320 3444 2374 vacetis
3469 2336 3597 2375 ora-

2010 2402 2161 2465 tioni,
2216 2404 2343 2472 quia
2386 2415 2593 2459 castum
2641 2414 2844 2476 oportet
2882 2424 2991 2462 esse
3032 2409 3340 2483 conjugium
3358 2412 3426 2466 ⁹³.
3476 2411 3599 2485 Ipse

2010 2502 2202 2546 rursus
2224 2493 2322 2547 ait.
2349 2491 2715 2548 Salvabuntur
2740 2507 2921 2550 autem
2947 2512 3038 2567 per
3065 2497 3303 2567 ﬁliorum
3342 2518 3601 2570 procrea-

2012 2584 2226 2650 tionem,
2251 2585 2298 2639 si
2321 2588 2711 2654 permanserint
2741 2589 2796 2641 in
2830 2589 2952 2660 ﬁde,
2978 2601 3029 2644 et
3077 2592 3360 2659 charitate,
3384 2604 3433 2649 et
3473 2612 3600 2651 sano

2012 2677 2354 2747 ctiﬁcatione,
2408 2696 2524 2734 cum
2576 2682 2861 2736 sobrietate
2882 2683 2947 2741 ".
2986 2679 3051 2740 Et
3082 2685 3280 2741 iterum
3310 2705 3325 2742 :
3361 2687 3600 2744 Honora.

2013 2769 2113 2824 bile
2153 2771 2493 2837 cartuubium,
2525 2784 2573 2827 et
2599 2772 2779 2828 thorus
2829 2769 3285 2836 inmaculatus”.
3325 2779 3434 2837 Sed
3483 2782 3604 2838 haec

2014 2861 2084 2918 de
2140 2870 2385 2919 torrente
2442 2878 2683 2935 sumere,
2740 2865 2807 2923 de
2859 2871 3118 2938 praesenti
3182 2872 3437 2929 videlicet
3464 2874 3599 2942 vita,

2016 2959 2234 3008 torrens
2276 2950 2421 3009 enim
2447 2964 2673 3026 propter
2703 2957 3020 3022 transitum,
3055 2952 3171 3015 sive
3194 2961 3490 3017 decursum
3522 2963 3601 3019 sie

2016 3043 2128 3097 mul
2160 3054 2344 3099 autem
2377 3055 2433 3101 et
2457 3059 2682 3117 propter
2713 3046 2986 3119 hyemem,
3014 3066 3180 3121 quam
3220 3051 3389 3110 habet
3416 3052 3598 3110 diver~

310 3143 433 3214 ejus
465 3161 623 3216 quam
653 3145 968 3211 αεείάεναυί,
997 3145 1248 3202 Videlicet
1279 3147 1510 3213 (ζιη-ίειί,
1543 3147 1686 3209 παῖς
1716 3158 1765 3202 ει
1794 3151 1910 3218 [νει-
1939 3182 1980 3238 C
2015 3149 2198 3238 sarum
2252 3138 2636 3200 tentatiouum,
2699 3149 2865 3209 atque
2926 3140 3347 3198 tribulationum
3373 3182 3389 3209 ,
3449 3155 3603 3202 recte

310 3243 434 3288 ctus
467 3234 585 3304 ejus
611 3234 780 3289 dulcis
807 3235 1010 3306 gutturi
1038 3252 1150 3290 meo
1170 3236 1235 3289 ⁸³.
1263 3234 1705 3291 Pulcherrimum
1729 3251 1906 3300 sume,

306 3328 498 3383 omnia
519 3330 664 3383 enim
695 3344 820 3399 quae
855 3330 987 3384 iecit
1016 3330 1160 3385 Deus
1181 3372 1195 3393 ,
1231 3340 1289 3385 et
1328 3330 1472 3385 bona
1511 3339 1643 3385 sunt
1675 3331 1730 3384 iu
1763 3340 1908 3386 tem-

311 3437 453 3492 pore
479 3436 600 3476 suo.
638 3421 747 3477 Sed
781 3431 838 3477 et
868 3422 1071 3478 Paulus
1099 3423 1176 3478 ait
1205 3441 1221 3481 :
1260 3421 1452 3478 Omnia
1492 3432 1667 3477 vestra
1700 3424 1912 3478 honeste

304 3513 600 3567 secundum
624 3514 855 3568 ordinem
870 3513 1156 3583 ﬁant“"’:
1174 3514 1319 3583 quod
1336 3522 1585 3584 oporteat
1600 3515 1773 3585 aptari
1797 3514 1908 3568 vir-

308 3612 464 3660 tutes
492 3606 723 3676 tempori
756 3606 1091 3678 signiﬁcans.
1128 3605 1269 3677 Ergo
1302 3605 1515 3660 fructus
1538 3605 1754 3661 arboris
1778 3606 1909 3677 pul-

303 3696 606 3750 cherrima:
638 3736 654 3762 ,
729 3696 1107 3766 principaliter
1151 3694 1408 3751 Christus
1427 3694 1455 3760 ,’
1490 3687 1704 3751 fructus
1762 3697 1910 3753 illius

304 3788 449 3858 ligni
506 3798 610 3855 est,
646 3788 713 3844 de
751 3806 861 3858 quo
921 3789 974 3843 in
1011 3789 1149 3844 lsaia
1206 3789 1414 3844 dictum
1452 3796 1556 3844 est.
1593 3789 1908 3863 Egredietur

300 3881 465 3952 virga
499 3881 563 3935 de
606 3872 784 3935 radice
829 3881 994 3946 Jessc,
1047 3895 1097 3936 et
1139 3883 1237 3953 ﬂos
1278 3882 1342 3937 de
1362 3883 1547 3937 radice
1568 3884 1682 3953 ejus
1718 3901 1908 3939 ascen-

300 3971 498 4026 det“:
548 3971 643 4028 Dei
696 3974 989 4045 genitricis
1023 3973 1282 4035 videlicet
1305 3974 1553 4046 virginis.
1591 3975 1904 4032 Secundum

302 4060 482 4117 LXI.
534 4061 655 4133 Ipse
724 4064 931 4132 fructus
990 4062 1273 4132 speciosus.
1335 4062 1532 4119 Omnia
1595 4065 1743 4121 enim
1788 4067 1907 4137 ipse

300 4152 599 4222 dispensat
619 4160 869 4222 tempore
900 4162 1236 4222 Opportune.
1276 4153 1332 4209 Si
1365 4159 1548 4209 autem
1578 4155 1784 4225 aliquid
1818 4172 1906 4211 se—

300 4242 557 4298 cundum
583 4243 705 4312 ejus
734 4243 930 4313 legem,
963 4252 1018 4297 et
1061 4243 1239 4297 zelum
1276 4252 1379 4308 est,
1413 4241 1560 4311 quod
1590 4255 1903 4298 correctum

301 4335 485 4391 fuerit
529 4337 585 4391 in
636 4334 823 4399 verbo,
879 4334 1057 4389 autin
1088 4350 1277 4406 opere,
1330 4335 1434 4389 hoc
1472 4335 1637 4391 etiam
1694 4334 1905 4392 fructus

299 4430 597 4500 speciosus
624 4441 772 4484 recte
808 4429 1032 4484 dicitur.
1076 4430 1308 4484 Sumere
1351 4436 1539 4483 autem
1573 4434 1628 4484 et
1655 4430 1903 4500 spatulas

2014 3226 2352 3291 nominatur,
2409 3229 2482 3284 ita
2523 3240 2583 3284 ut
2634 3231 2802 3285 David
2844 3231 2912 3286 de
2944 3231 3167 3289 Christo
3213 3234 3443 3301 diceret,
3472 3238 3602 3307 quia

2012 3326 2068 3371 et
2122 3317 2239 3387 ipse
2265 3318 2335 3373 de
2364 3322 2570 3375 mundo
2616 3330 2672 3376 et
2701 3321 2823 3391 ejus
2881 3324 3353 3395 tribulationibus,
3409 3337 3603 3399 utpote

2010 3409 2206 3465 similis
2232 3413 2395 3467 nobis
2423 3413 2675 3480 ell‘ectus,
2712 3417 2993 3485 gustavit:
3034 3417 3110 3473 De
3142 3428 3374 3476 torrente
3414 3422 3471 3476 in
3513 3423 3605 3478 via

2009 3501 2157 3567 bibit,
2187 3513 2462 3573 propterea
2498 3504 2757 3558 exultauit
2785 3515 2945 3575 caput
2961 3507 3028 3561 ’⁸.
3065 3509 3337 3566 Exaltavit
3362 3513 3510 3567 enim
3544 3513 3604 3567 in
3647 3550 3666 3566 σ

2009 3608 2172 3648 cruce
2203 3595 2475 3663 pendens.
2507 3594 2856 3667 Crucitigitur
2900 3607 3108 3663 autent,
3144 3603 3270 3672 quia
3303 3618 3372 3659 ex
3407 3615 3601 3679 nostra

2009 3694 2255 3740 torrente
2284 3686 2473 3741 bibere
2527 3688 2698 3742 semel
2742 3689 2928 3761 elegit.
2985 3690 3091 3758 Qui
3123 3709 3256 3765 ergo
3299 3693 3416 3751 haec
3461 3699 3593 3769 agit,

2008 3787 2215 3849 septem
2265 3779 2463 3834 diebus
2490 3786 2665 3835 totum
2716 3782 2971 3839 videlicet
3007 3794 3247 3857 tempus,
3292 3787 3473 3845 laetari
3494 3805 3597 3860 po-

2010 3874 2136 3923 test.
2170 3863 2275 3923 Sed
2323 3868 2492 3924 laetari
2521 3876 2651 3924 ante
2698 3871 2991 3927 Dominum
3030 3890 3143 3929 non
3191 3877 3515 3946 impiorum,
3539 3890 3599 3935 et

2008 3970 2362 4030 peccatorum
2397 3961 2614 4032 gaudio.
2661 3955 2779 4016 Non
2811 3973 2886 4018 est
2916 3968 3106 4020 etenim
3135 3968 3370 4039 gaudere
3392 3970 3597 4041 impiis,

2007 4051 2132 4104 dicit
2192 4050 2533 4119 Dominus",
2587 4053 2792 4124 quippe
2846 4055 2940 4125 qui
3008 4058 3062 4112 in
3115 4059 3511 4131 voluptatibus,
3542 4073 3601 4119 et

2006 4142 2453 4213 corruptionibus
2481 4142 2836 4202 festivitatem
2870 4148 3098 4216 habent,
3132 4152 3228 4206 sed
3266 4153 3322 4207 in
3356 4153 3598 4210 Domino

2007 4232 2284 4289 lmtamini.
2336 4234 2479 4301 Quid
2536 4247 2721 4292 autem
2776 4250 2861 4295 est
2895 4255 3081 4298 coram
3106 4242 3340 4301 Domino
3380 4246 3602 4303 laetari?

2006 4330 2064 4385 Id
2095 4338 2198 4405 est,
2253 4331 2307 4385 iu
2355 4348 2422 4387 eo
2455 4334 2704 4400 credere,
2769 4346 2825 4390 et
2869 4352 2968 4407 pro
2999 4353 3066 4393 eo
3120 4340 3253 4409 pati.
3312 4340 3425 4411 Hoc
3450 4343 3602 4399 enim

2006 4414 2200 4479 Petrus
2245 4424 2501 4496 gaudium
2534 4441 2598 4479 ex
2628 4442 2737 4497 quo
2766 4438 3001 4495 constet,
3054 4431 3417 4491 demonstrat.
3450 4435 3601 4492 Scri-

303 4526 639 4594 palmarum,
677 4523 728 4576 id
768 4531 854 4577 est
885 4521 1301 4592 iuvenescentia
1327 4519 1559 4591 iustitia:
1580 4521 1897 4592 genimina:
1937 4540 1979 4596 ι)
2007 4515 2291 4588 psitergn.
2326 4516 2430 4571 Per
2457 4519 2616 4587 fidem
2667 4521 2738 4574 ad
2788 4520 3035 4586 salutem,
3079 4533 3332 4593 paratum
3378 4527 3602 4583 revelari

296 4615 493 4670 Justus
516 4614 664 4669 enim
693 4614 827 4668 sicut
851 4613 1031 4685 palma
1066 4610 1353 4683 ﬂorebit",
1387 4612 1556 4668 David
1596 4613 1751 4669 dixit.
1796 4615 1904 4671 Sed

298 4707 440 4779 quia
464 4703 533 4761 de
558 4706 740 4779 palma
769 4705 908 4760 nihil
939 4715 1042 4770 est,
1087 4706 1551 4777 quemadmodum
1587 4721 1688 4759 nec
1722 4706 1789 4761 de
1825 4708 1905 4762 eis

297 4799 574 4871 quijuste
602 4799 816 4865 vivunt,
854 4788 1000 4869 quod
1028 4799 1210 4869 respui
1239 4799 1449 4868 possit:
1606 4811 1612 4817 .
1720 4800 1723 4803 η
1795 4865 1797 4868 ⁴

378 4890 542 4948 Sume
570 4900 621 4947 et
677 4907 855 4945 ramos
876 4882 1014 4961 ligni
1043 4889 1343 4961 densarum
1382 4890 1670 4961 frondium.
1702 4888 1905 4946 Omnes

296 4982 539 5055 quidem,
579 4965 1122 5049 virtutumfructus,
1166 4982 1403 5036 maxime
1454 4988 1637 5038 autem
1689 4978 1906 5038 miseri-

300 5076 589 5132 cordiam:
639 5072 867 5146 oportet
915 5075 1064 5130 enim
1117 5085 1238 5128 eam
1295 5087 1418 5130 esse
1472 5073 1813 5140 continuam,
1848 5084 1901 5128 rt

264 5175 748 5237 ‘permanentem.
808 5164 976 5232 Quod
1065 5163 1426 5219 Ecclesiastes
1482 5165 1896 5219 commendans.

299 5255 517 5322 Oleum,
573 5254 772 5327 inquit,
838 5256 903 5309 de
929 5254 1103 5324 capite
1151 5262 1243 5308 tuo
1272 5267 1377 5307 non
1406 5252 1620 5323 deﬁciat
1644 5255 1710 5309 ⁸⁸.
1745 5255 1811 5310 Et
1843 5255 1896 5308 in

303 5347 659 5403 Proverbiis:
694 5347 816 5401 Non
833 5347 982 5401 dicas
1001 5361 1020 5398 :
1051 5344 1187 5399 Vade
1219 5354 1270 5399 et
1309 5356 1567 5399 revertere
1589 5355 1636 5399 et
1668 5348 1900 5400 crastino

302 5441 445 5495 dabo
469 5440 586 5504 tibi,
622 5456 740 5494 cum
765 5440 947 5494 statim
973 5437 1143 5507 possis
1163 5413 1296 5492 dare
1310 5436 1377 5491 ⁸⁸.

2014 4608 2325 4676 intempore
2368 4609 2649 4664 novissimo
2701 4611 2757 4664 in
2814 4628 2917 4682 quo
2946 4613 3274 4682 exsultabis,
3336 4618 3602 4675 modicum

1970 4698 1975 4704 ’
2016 4714 2155 4752 nunc
2190 4695 2236 4752 si
2266 4709 2472 4770 oportet
2517 4703 2830 4761 contristari
2858 4704 2921 4785 in
2944 4705 3109 4781 uariis
3130 4708 3601 4773 .tentationibus”.

2016 4791 2106 4845 Sic
2162 4784 2590 4848 novissimorum
2626 4804 2938 4864 temporum
2984 4796 3214 4870 ﬁguram
3242 4800 3388 4872 gerit
3425 4804 3636 4874 septi-.

1982 4898 2142 4967 “mus
2176 4885 2403 4939 mensis.
2442 4884 2734 4943 Festivitas
2765 4898 2818 4943 et
2848 4890 3106 4961 gaudium
3134 4906 3233 4961 per
3264 4892 3448 4962 ﬁdem,
3480 4910 3602 4965 qua:

2015 4985 2099 5030 est
2147 4975 2200 5029 in
2232 4977 2478 5044 Christo,
2506 4988 2561 5034 et
2594 4995 2694 5050 pro
2742 4982 3094 5051 passionibus
3148 4985 3269 5054 ejus
3329 4984 3436 5041 Sed
3465 4963 3641 5074 q—uo-:

2013 5071 2177 5126 modo
2212 5071 2354 5127 hanc
2387 5070 2741 5127 festivitatem
2768 5088 3152 5131 consummare
3189 5070 3238 5131 et
3273 5078 3601 5142 concludere

2005 5161 2335 5228 debeamus,
2364 5163 2667 5243 ostendunt
2699 5167 2814 5221 ha-c
2849 5166 3178 5239 legislatoris
3209 5169 3397 5224 verba.
3443 5203 3479 5233 -_
3558 5204 3567 5229 .

2077 5252 2539 5328 Celebrabitisque
2563 5257 2903 5329 festivitatem
2936 5257 3057 5329 ejus
3079 5268 3277 5328 septem
3304 5258 3483 5315 diebus
3509 5276 3603 5330 per

2004 5348 2553 5422 anuum.Legitimum
2577 5352 2952 5419 smpiternam
2981 5351 3080 5404 erit
3104 5353 3161 5404 in
3182 5350 3602 5420 generationibus

1914 5466 1927 5479 ε
2003 5436 2207 5496 vestris.
2242 5434 2424 5496 Mense
2450 5444 2671 5512 septimo
2712 5444 2848 5513 festa
2879 5441 3229 5513 celebrabitis,
3257 5455 3307 5499 et
3331 5445 3601 5499 habita“-

412 5596 459 5629 τ’
480 5595 635 5669 [ἐλι.
672 5614 713 5664 ι,
745 5596 800 5649 5.
829 5667 855 5669 η
914 5595 1318 5669 ⁷⁸ΑΕξ-οᾴζἉιιι
1341 5636 1355 5660 ,
1389 5595 1467 5669 ὅ.-
1488 5664 1501 5669 _
1557 5594 1650 5669 "_l_
1681 5594 1807 5669 (ξω.
1830 5611 1904 5650 vu

2011 5598 2079 5669 ἵν
2118 5598 2172 5669 ξυ
2205 5595 2350 5669 Eccl.
2381 5614 2464 5660 ιιι,
2496 5598 2518 5652 Ι
2557 5614 2677 5666 seq.
2751 5599 2797 5631 ⁸¹
2830 5597 3008 5669 lReg.
3043 5615 3132 5665 xv,
3161 5600 3214 5655 8.
3286 5599 3333 5632 ⁸¹
3362 5596 3505 5655 loel.
3538 5618 3599 5666 ιι,

300 5668 398 5724 ‘29.
471 5663 790 5731 "ﬁant",
828 5667 883 5722 5.
957 5665 1076 5697 3"“
1108 5663 1277 5729 lCor,
1305 5680 1415 5729 xlv,
1439 5664 1528 5719 40.
1606 5667 1654 5696 ⁸⁸⁸
1692 5664 1794 5719 lsa.
1830 5682 1881 5730 χ,
1909 5668 1958 5719 l.

2036 5667 2081 5699 ⁸⁷
2116 5667 2257 5722 Psal.
2294 5683 2402 5731 xei,
2444 5668 2529 5722 15.
2605 5669 2652 5701 ⁸⁸
2674 5668 2821 5724 Eccl.
2864 5685 2940 5730 Ix,
2971 5667 3025 5724 8.
3127 5672 3174 5704 ⁸³
3209 5669 3369 5729 Prov.
3398 5687 3481 5737 tu,
3508 5672 3600 5727 28.

300 5741 352 5773 ’°
378 5737 504 5810 issi.
537 5740 725 5810 unt,
749 5741 814 5810 in
840 5805 852 5810 _
879 5735 921 5769 "
947 5734 1040 5790 Ps.
1072 5735 1460 5810 εςρῳινιηριεζ
1530 5736 1577 5768 ’³
1608 5736 1731 5810 l'sai.
1766 5753 1853 5801 xv,
1885 5741 1904 5791 Δ

2052 5737 2100 5770 θ’
2132 5741 2153 5805 ι,
2182 5741 2307 5793 (.or.
2344 5755 2437 5806 vn,
2462 5738 2515 5792 5.
2590 5740 2638 5771 “
2668 5739 2684 5793 l
2720 5739 2860 5794 'l'im.
2896 5754 2957 5804 ιι,
2986 5739 3039 5796 9.
3116 5743 3164 5775 ’⁵
3183 5741 3355 5801 Hebr.
3394 5734 3514 5810 mi,
3542 5743 3601 5804 αὖ.

300 5812 348 5844 ⁸⁵
377 5809 469 5865 Ps.
496 5824 606 5876 crx,
636 5809 691 5863 7.
769 5807 814 5839 "
838 5805 944 5862 lsa.
974 5822 1100 5869 Lvu,
1125 5806 1217 5861 2t.
1293 5807 1341 5838 ³⁸
1372 5805 1388 5859 Ι
1430 5806 1574 5859 Petr.
1611 5822 1646 5873 i,
1681 5809 1735 5860 6.

597 5909 870 5965 ιἈΤιιοι..
912 5906 1029 5963 (In.
1066 5900 1281 5964 XCUI.

3200 5902 3277 5966 35
