3892 6428
470 324 608 394 1099

1674 316 2049 378 HESYCHII
2092 310 2573 377 PRESBYTERI

3620 313 3728 381 1100

404 424 538 501 (ftis
561 436 978 498 in‘umbraculis
1006 434 1193 493 uestris
1213 440 1411 507 septem
1435 432 1633 489 diebus.
1667 432 1741 489 Ut
1771 442 1885 490 toto
1923 449 2067 506 prte-
2093 435 2142 496 Α
2173 433 2354 489 omnis
2411 434 2504 504 qui
2559 447 2625 488 ex
2675 445 2878 504 genere
2938 427 3111 486 Israel
3157 436 3271 496 est,
3319 425 3440 483 sive
3473 433 3729 490 secundum

454 534 633 593 ‘senti
665 532 885 599 saeculo,
914 528 1377 602 quemadmodum
1429 526 1789 582 tabernaculo
1818 535 2061 593 utamur,

475 628 556 685 sic
584 627 730 683 enim
761 638 888 681 eum
920 621 1184 679 Ezechias
1225 618 1546 692 appellavit,
1582 618 1815 676 dicens:
1861 617 2065 685 Quieuit

415 784 419 789 ι
466 716 748 788 generatio
782 731 922 777 mea,
973 712 1162 767 ablata
1219 719 1269 765 et
1322 706 1600 764 convoluta
1624 717 1699 762 est
1723 725 1756 762 a
1786 725 1889 773 me,
1912 709 2068 780 quasi

478 809 879 868 tabernaculum
909 803 1262 878 pastorum”.
1314 801 1438 857 Non
1470 815 1617 872 ergo,
1649 800 1940 856 transitum
1979 800 2066 856 vel

477 905 770 961 decursum
824 899 944 970 ejus
978 899 1321 970 ignoramus,
1378 892 2065 967 divitias‘eongregantes,

414 976 418 985 ’
476 998 565 1056 vel
611 995 804 1052 domos
855 1006 1081 1064 magnas
1138 988 1519 1045 aediﬁcantes:
1580 970 1677 1042 sed
1712 985 2070 1058 quemadmo-

473 1091 607 1148 dum
653 1088 857 1144 Paulus
907 1085 1025 1141 ait:
1069 1083 1436 1147 Intendamus,
1485 1080 1613 1153 quia
1661 1088 1868 1150 tempus
1919 1079 2072 1135 breue

414 1160 422 1171 ’
475 1192 571 1248 est,
628 1188 687 1237 ut
736 1185 964 1234 ementes
1003 1177 1139 1231 sicut
1171 1192 1276 1230 non
1325 1183 1555 1230 ementes
1597 1173 1785 1234 simus,
1825 1180 1875 1225 et
1903 1172 2071 1241 possi-

476 1275 678 1339 dentes,
715 1281 971 1344 tanquam
1012 1286 1119 1325 non
1154 1269 1502 1340 possidentes,
1531 1275 1581 1321 et
1615 1274 1820 1321 utentes
1876 1266 2072 1319 mundo

477 1367 592 1434 hoc,
639 1374 698 1421 ut
728 1380 833 1420 non
881 1373 1106 1418 utentes.
1143 1360 1393 1417 Praeterit
1443 1360 1584 1415 enim
1648 1358 1822 1431 ﬁgura
1887 1357 2075 1412 mundi

479 1460 639 1528 huius
656 1460 699 1514 ί.
1376 1465 1385 1473 ’

548 1553 731 1610 Omnis
754 1551 845 1622 qui
883 1566 949 1605 ea:
983 1564 1170 1621 genere
1202 1554 1279 1601 est
1307 1542 1503 1612 Israel,
1542 1545 1775 1601 manebit
1807 1546 1863 1600 in
1894 1544 2073 1599 taber-

480 1643 706 1707 naculis,
737 1649 792 1696 ut
821 1641 1025 1695 discant
1058 1636 1252 1709 posteri
1286 1634 1467 1701 vestri,
1504 1637 1641 1705 quod
1662 1635 1718 1688 in
1756 1633 2079 1688 tabernacu-

2171 518 2337 581 LXX.
2386 525 2660 595 indigena,
2693 522 2746 579 id
2780 530 2867 578 est
2900 536 3033 577 vere
3078 520 3306 585 nobilis,
3346 532 3513 574 verus
3536 518 3730 580 Israelita

2172 616 2409 674 Abrahae
2461 618 2661 683 haeres,
2709 616 2805 688 qui
2857 615 3093 687 patriam
3141 623 3199 671 et
3238 628 3442 686 genus,
3482 621 3537 667 et
3571 615 3732 673 domus

2174 717 2436 780 paternas
2492 708 2734 779 reliquit,
2789 716 2846 779 et
2897 707 2954 762 in
2990 704 3369 762 tabernaculis
3396 719 3520 767 cum
3540 704 3674 762 Isaac
3693 719 3733 763 et

2174 805 2367 874 Iacob,
2443 804 2831 861 cohaeredihus
2898 802 3294 875 promissionis
3357 801 3587 858 habitat.
3636 802 3738 870 Qui:

2174 908 2361 955 autem
2410 914 2524 955 non
2560 908 2776 970 septem
2820 906 3037 953 tantum
3083 896 3289 952 diebus
3335 893 3585 950 habitare
3609 894 3659 949 in
3679 905 3740 951 ta.

2174 991 2494 1049 bernaculis
2546 1007 2739 1048 verum
2794 990 3104 1046 Israelitam
3159 986 3459 1058 legislator
3494 986 3623 1052 vult,
3667 990 3738 1045 sed

2174 1101 2272 1157 per
2320 1085 2470 1141 hunc
2515 1098 2808 1140 numerum
2861 1097 3088 1137 omnem
3119 1080 3299 1135 vitam
3359 1078 3642 1148 signiﬁcat,
3670 1080 3742 1135 ﬁlii

2176 1178 2284 1233 hoc
2308 1176 2578 1243 Ionadab,
2612 1176 2707 1233 ﬁlii
2741 1175 2991 1239 Rechab,
3016 1183 3072 1230 et
3104 1189 3170 1229 ea
3202 1186 3337 1244 qua:
3371 1171 3442 1227 de
3469 1172 3549 1227 eis
3577 1176 3741 1245 scripta

2176 1281 2306 1328 sunt
2361 1286 2461 1342 per
2520 1269 2773 1327 Ieremia:
2828 1266 3205 1340 prophetiam,
3270 1265 3504 1320 docent.
3569 1263 3744 1323 [labent

2178 1366 2324 1421 enim
2350 1364 2473 1420 sic:
2526 1363 2596 1418 Et
2646 1362 2968 1417 obediuimus
3014 1360 3129 1414 voci
3169 1357 3433 1415 Ionadab
3459 1356 3743 1427 ﬁliiRecltab

2177 1458 2347 1527 patris
2393 1456 2582 1519 nostri,
2625 1456 2683 1509 in
2734 1454 2974 1508 omnibus
3000 1469 3119 1524 quae
3135 1451 3398 1523 pracepit
3424 1450 3588 1515 nobis,
3616 1452 3684 1505 ita
3707 1463 3746 1505 ut

2179 1567 2283 1605 non
2308 1549 2600 1605 biberemus
2651 1547 2852 1609 vinum,
2883 1547 3085 1601 cunctis
3133 1545 3329 1600 diebus
3382 1542 3596 1609 nostris,
3620 1555 3746 1599 noset

2180 1640 2425 1695 mulieres
2476 1649 2691 1705 nostrae,
2764 1648 2812 1693 et
2863 1654 2969 1693 non
3041 1637 3447 1707 ardiﬁcaremus
3495 1637 3660 1690 domos
3701 1638 3749 1690 ad

479 1732 549 1789 δίε
572 1732 812 1787 habitare
838 1730 1051 1803 fecerim
1101 1727 1240 1796 ﬁlios
1269 1724 1460 1793 Israel,
1511 1741 1631 1779 cum
1669 1726 1945 1780 eduxerim
1987 1740 2074 1779 €08
2116 1798 2139 1803 _
2179 1731 2550 1793 habitandum.
2574 1739 2623 1786 ει
2668 1733 2898 1795 vineam,
2931 1738 2980 1783 et
3011 1746 3226 1801 agrum,
3273 1738 3327 1783 ει
3360 1738 3634 1784 segnem“);
3677 1745 3746 1782 ηοιι

476 1826 549 1880 de
592 1834 735 1879 ταντα
769 1798 1011 1894 Εξιυριί-
1059 1819 1174 1892 Ego
1214 1818 1473 1874 Dominus
1517 1817 1659 1872 Deus
1688 1825 1874 1873 uester.
1909 1816 2075 1875 Vides
2112 1798 2151 1855 Β
2182 1825 2486 1889 habuimus,
2535 1825 2624 1879 sed
2669 1823 3024 1878 habitavimus
3051 1798 3120 1876 vin
3167 1820 3564 1886 tabernaculis,
3590 1830 3634 1873 et
3658 1820 3742 1877 obe-

480 1917 608 1989 quia
640 1914 825 1988 ﬁgura:
849 1916 936 1970 lue
963 1914 1166 1985 populo
1195 1911 1532 1976 Iudaeorum,
1565 1920 1623 1967 et
1648 1911 1918 1983 imagines
1950 1926 2070 1966 ma-

479 2006 663 2078 jorum
715 2004 1103 2078 mysteriorum
1130 2003 1271 2059 datae
1300 2010 1466 2057 sunt:
1500 2011 1558 2058 et
1582 2009 1874 2072 propterea
1911 2001 2075 2057 habi-

484 2107 604 2155 tare
637 2098 694 2153 in
727 2096 1121 2160 tabernaculis,
1178 2103 1235 2150 et
1276 2092 1758 2150 tabernaculorum
1805 2092 2077 2149 festivita-

485 2201 596 2247 tem
625 2191 904 2247 celehrare
948 2188 1087 2259 jussi
1133 2193 1284 2250 sunt,
1345 2195 1406 2242 ut
1457 2202 1569 2242 non
1623 2185 2079 2242 obliviscerentur

484 2282 828 2341 liberationis
877 2281 1180 2356 Egyptiae:
1230 2281 1327 2338 sed
1368 2282 1475 2337 hoc
1510 2280 1735 2351 quidem
1768 2280 2079 2337 secundum

484 2375 743 2438 litteram,
795 2372 1116 2444 spiritaliter
1142 2383 1327 2428 autem
1362 2380 1422 2427 ut
1457 2372 1877 2427 reminiscamur
1904 2414 1920 2437 ,
1949 2371 2080 2443 quia

484 2465 553 2522 de
604 2465 935 2542 intelligihili
977 2464 1212 2537 Egypto
1258 2463 1481 2520 liberati
1540 2479 1752 2531 sumus,
1803 2463 1859 2520 id
1890 2472 1977 2520 cst
2014 2464 2085 2521 ab

485 2556 844 2630 intelligibilis
861 2558 1165 2614 Pharaonis
1195 2557 1480 2622 servitute,
1515 2572 1638 2628 quae
1662 2565 1749 2613 est
1778 2557 2082 2613 secundum

485 2650 899 2721 corruptionem
963 2648 1203 2704 laterum
1255 2648 1543 2729 praesentis
1596 2649 1806 2715 saeculi,
1871 2663 1979 2718 qua
2031 2647 2080 2704 si

485 2742 612 2811 quis
674 2741 836 2811 plene
880 2755 1068 2796 carere
1118 2739 1256 2805 vult,
1289 2739 1347 2795 in
1397 2739 1771 2796 tabernaculis
1823 2739 2079 2807 habitet,

487 2829 660 2888 Deum
695 2847 855 2889 suum
903 2830 1123 2887 imitans
1161 2830 1478 2888 dicentem:
1518 2829 1707 2902 Vulpes
1736 2831 1915 2903 foveas
1980 2831 2084 2885 Ira-

487 2925 628 2993 bent,
678 2934 728 2981 et
757 2924 994 2981 uolucres
1035 2924 1151 2980 coeli
1182 2925 1409 2981 nidum:
1442 2923 1618 2981 l'ilius
1660 2934 1840 2980 autem
1862 2925 2086 2981 hominis

490 3033 595 3073 non
625 3018 778 3075 habet
811 3017 898 3073 ubi
931 3025 1091 3088 caput
1114 3034 1272 3074 suum
1308 3018 1525 3074 reclinet
1542 3018 1587 3075 ³.
1621 3017 1869 3075 Manebit
1897 3024 2084 3074 autem

2182 1917 2387 1972 dientes
2408 1917 2626 1987 fecimus
2656 1915 2818 1985 juxta
2867 1915 3045 1968 omnia
3083 1930 3202 1985 qua:
3245 1912 3509 1984 prlecepit
3553 1911 3744 1965 Jonudal

2182 2020 2337 2081 pater
2378 2017 2551 2064 noster
2568 2007 2609 2064 ³.
2649 2007 2741 2064 Sic
2781 2021 3082 2078 supernam
3125 2006 3407 2075 quietem,
3454 2012 3510 2059 et
3551 2018 3651 2058 non
3696 2003 3747 2057 di-

2182 2102 2468 2174 spertitam
2527 2100 2719 2167 vitam,
2771 2110 2829 2157 et
2881 2098 3005 2155 sine
3055 2100 3240 2171 aliqua
3304 2096 3598 2153 vexatione
3649 2097 3741 2166 justi

2187 2193 2545 2257 studuerunt,
2608 2191 2704 2263 qui
2761 2196 3067 2262 potuerunt
3121 2187 3446 2258 intelligere
3500 2184 3744 2255 spiritalem

2187 2283 2429 2342 fructum
2460 2291 2723 2354 tanquam
2766 2283 2986 2339 botrum
3019 2283 3163 2337 inter
3192 2280 3332 2335 folia
3363 2277 3609 2334 caelatum
3636 2275 3744 2331 litte-

2193 2393 2293 2436 τω.
2325 2376 2439 2434 Has
2470 2376 2600 2432 ﬁliis
2632 2376 2799 2431 Israel
2835 2374 3171 2431 festivitates
3201 2372 3427 2445 Moyses
3455 2372 3653 2427 locutus
3675 2377 3743 2434 est,

2191 2468 2248 2524 in
2302 2468 2506 2540 quibus
2563 2483 2666 2523 nos
2719 2468 2995 2530 laetemur,
3031 2466 3173 2522 festa
3199 2466 3560 2522 celebrantes
3590 2462 3638 2516 in
3664 2461 3744 2531 lege

2188 2560 2306 2626 Dei,
2337 2570 2396 2617 et
2420 2563 2554 2631 ‘quaa
2589 2561 2662 2615 ab
2691 2574 2758 2616 eo
2790 2559 3048 2615 ordinata
3080 2566 3234 2622 sunt,
3277 2556 3587 2614 secundum
3609 2554 3744 2608 inten-

2186 2654 2395 2709 tionem
2428 2653 2550 2724 ejus
2573 2662 2818 2724 agentes,
2853 2660 2910 2708 et
2935 2668 3037 2724 pro
3065 2652 3306 2706 materia
3340 2664 3468 2721 quae
3497 2654 3642 2703 vexat
3668 2646 3737 2699 ho-

2186 2747 2420 2811 minem,
2449 2754 2665 2817 partem
2693 2746 2898 2802 bonam
2929 2744 3220 2817 eligamus,
3248 2744 3579 2799 charitatem
3602 2736 3742 2800 Patris,

2194 2839 2426 2913 gratiam
2457 2838 2606 2905 Filii,
2638 2837 2956 2894 societatem
2984 2837 3163 2893 sancti
3190 2835 3462 2908 Spiritus.
3485 2832 3588 2906 Ipsi
3621 2830 3742 2903 gloria

2194 2931 2252 2987 in
2283 2931 2488 2988 saecula
2516 2930 2868 2987 seculorum.
2895 2928 3095 2985 Amen.

1285 3190 3719 3217 Μ

1587 3367 1951 3458 LIBER
2052 3361 2685 3458 SEPTIMUS.

584 3817 595 3821 ρ
634 3744 643 3755 υ
852 3794 855 3797 λ
1052 3736 1296 3796 carm
1326 3737 1519 3795 xxuv.

502 3836 515 3863 ³
557 3829 732 3890 Vens.
767 3831 883 3888 1-4.
922 3829 1039 3887 «Et
1062 3832 1284 3888 loeutus
1314 3837 1405 3887 est
1431 3827 1700 3885 Dominus
1734 3829 1801 3886 ad
1844 3827 2089 3902 Moysen,

454 3920 977 4007 ‘dicenszpraecipe
1023 3924 1153 3981 ﬁliis
1208 3923 1397 3989 Israel,
1431 3930 1492 3979 ut
1514 3920 1753 3978 oderant
1781 3920 1882 3978 tibi
1908 3921 2093 3977 oleum

454 4024 562 4081 ede
589 4021 749 4079 olivis
776 4020 1135 4093 purissimum
1168 4033 1232 4074 ac
1274 4017 1543 4083 lucidum,
1577 4014 1647 4071 ad
1669 4012 2090 4071 concinnandas

450 4114 747 4171 ‘lneernas
804 4112 1009 4186 ju‘giter
1046 4120 1202 4168 extra
1234 4110 1418 4166 velum
1454 4107 1780 4175 testimonii,
1813 4106 1869 4161 in
1907 4105 2093 4161 taber-

465 4189 752 4262 naculum
813 4203 1058 4260 fmderis.
1115 4202 1399 4272 Ponetque
1460 4213 1556 4253 eas
1609 4198 1795 4253 Aaron
1856 4210 2092 4267 vespere

456 4314 668 4370 meque
698 4299 753 4353 ir.
790 4313 951 4353 nume
992 4310 1177 4352 coram
1215 4293 1451 4349 Domino
1489 4290 1664 4356 cultu,
1693 4293 1915 4361 rituque
1960 4305 2089 4361 per-

456 4396 664 4461 ’petuo
702 4390 756 4444 in
800 4385 1250 4460 generationibus
1280 4380 1505 4439 vestris.
1541 4379 1722 4451 Super
1758 4380 2091 4436 candelabro

453 4476 1197 4550 ‘mundissimaponentur
1245 4490 1470 4546 semper
1526 4474 1582 4529 in
1636 4483 1937 4544 conspectu
1982 4471 2090 4527 Do-

454 4560 463 4565 ’
489 4572 647 4628 mini.
684 4589 703 4624 ι

562 4663 729 4718 Plena
780 4669 839 4716 et
884 4674 1037 4716 nunc
1071 4657 1237 4715 bonis
1268 4655 1616 4722 multivaria,
1661 4666 1720 4713 et
1768 4657 2091 4714 multimoda

486 4756 577 4810 lex
622 4753 873 4824 spiritus,
904 4766 1010 4808 nec
1053 4751 1203 4807 enim
1254 4748 1547 4820 exquirere
1589 4764 1654 4805 ea
1701 4765 1822 4820 quae
1863 4759 1993 4805 sunt
2022 4751 2090 4806 ad

489 4842 893 4901 correctionem
944 4841 1283 4913 placentium
1331 4841 1445 4896 Deo
1493 4848 1550 4895 et
1595 4856 1718 4911 quae
1762 4852 2086 4913 perpetuam

381 5004 391 5021 ἱ
489 4936 661 4992 vitam
706 4933 870 4989 nobis
919 4932 1279 5004 conquirant,
1321 4942 1521 4989 cessat.
1567 4932 1739 5004 Cujus
1784 4948 1914 5006 ergo
1954 4932 2088 5006 ligu-

490 5041 610 5083 ram
652 5027 777 5091 hoc,
812 5026 959 5096 quod
990 5040 1141 5079 nunc
1172 5025 1483 5097 expositum
1519 5034 1605 5081 est
1635 5040 1665 5080 a
1699 5025 1836 5098 lege,
1875 5028 2082 5083 eande-

2119 3740 2164 3805 C
2199 3755 2370 3806 mum,
2402 3737 2459 3795 in
2492 3753 2594 3812 quo
2632 3749 2787 3796 erant
2820 3738 3168 3807 candelabra,
3192 3748 3252 3801 et
3291 3755 3495 3804 mensa,
3524 3746 3569 3793 et
3600 3748 3741 3806 propo-

2197 3834 2323 3889 sitio
2348 3848 2553 3903 panum
2574 3831 2618 3887 ⁴.
2651 3831 2862 3890 Deinde
2887 3833 3164 3906 quomodo
3194 3834 3321 3892 haec
3345 3848 3468 3905 quae
3495 3830 3610 3886 talia
3630 3832 3735 3888 sunt,

2196 3923 2579 3997 intelligentur
2625 3936 2914 3997 exponens
2968 3925 3089 3998 ipse
3136 3941 3338 3983 rursus
3380 3921 3625 3984 Ilehrzeis.
3653 3932 3737 3971 um-

2197 4016 2351 4071 bram
2385 4014 2580 4071 babere
2613 4016 2777 4089 legem
2807 4013 2829 4049 ⁸
2865 4015 3024 4072 dixit.
3060 4014 3203 4089 Ergo
3233 4032 3341 4089 per
3371 4015 3622 4075 umbram,
3650 4020 3737 4063 eor-

2197 4123 2304 4179 pus
2341 4109 2699 4179 exquiramus
2731 4127 2744 4162 :
2783 4109 3191 4167 Candelabrum
3236 4125 3374 4182 ergo
3411 4107 3627 4165 dicimus
3651 4110 3737 4155 esse

2196 4199 2573 4272 evangelicam
2620 4200 3123 4267 conversationem,
3162 4201 3218 4256 in
3254 4216 3370 4272 qua
3413 4197 3645 4255 Christus
3676 4190 3733 4243 lu-

2196 4305 2381 4347 cernae
2416 4292 2581 4348 modo
2618 4291 2988 4363 exsplendere
3027 4292 3263 4349 virtutes
3301 4290 3544 4365 pracipit
3571 4306 3583 4342 :
3611 4284 3733 4340 Nemo

2198 4386 2362 4451 enim,
2385 4384 2584 4455 inquit,
2610 4386 2899 4440 accendens
2924 4385 3218 4451 lucernam,
3238 4398 3396 4458 ponet
3423 4400 3535 4440 eam
3554 4380 3633 4436 sub
3654 4389 3732 4430 m0-

2197 4479 2306 4541 dio,
2341 4478 2432 4532 sed
2475 4495 2633 4549 super
2679 4477 3079 4544 candelabrum,
3114 4489 3172 4534 ut
3215 4479 3392 4534 luceat
3431 4474 3644 4533 omnibus
3670 4463 3732 4536 qui

2192 4570 2251 4624 in
2284 4571 2439 4625 domo
2466 4579 2588 4624 sunt
2622 4570 2663 4624 '.
2697 4568 2795 4624 His
2819 4568 3062 4626 lucernis
3090 4571 3276 4627 oleum
3313 4571 3633 4636 eleemosyua
3655 4565 3726 4617 est.

2193 4663 2324 4734 quia
2356 4672 2411 4718 et
2437 4661 2738 4734 jejunium,
2773 4672 2831 4720 et
2865 4661 3171 4736 virginitas,
3202 4672 3261 4719 et
3297 4664 3495 4725 oratio,
3530 4667 3581 4713 et
3612 4647 3729 4726 jusﬁ'

2193 4756 2289 4819 tia,
2324 4763 2381 4810 et
2424 4754 2605 4810 omnis
2652 4755 2800 4823 actio
2845 4756 2992 4810 bona
3033 4771 3135 4827 per
3174 4752 3593 4814 misericordiam
3627 4741 3726 4798 dile-

2193 4844 2397 4900 ctionis
2428 4860 2733 4916 pauperum
2810 4845 3094 4918 irrigatur,
3135 4854 3192 4902 et
3253 4845 3617 4905 custodiuntur
3667 4832 3724 4889 ίιι·

2192 4938 2633 5011 exstinguibiles.
2662 4938 2819 5006 Quod
2847 4941 3207 4998 manifestam
3227 4941 3501 5013 lampades
3533 4932 3723 5005 αυίηαυε

2193 5031 2472 5087 fatuarum
2525 5031 2802 5101 virginum
2830 5033 2852 5065 "
2883 5050 2896 5086 :
2936 5050 3079 5104 quae,
3116 5037 3247 5106 quia
3296 5027 3588 5095 dilectionis
3624 5032 3723 5093 Ρ³¹¹⁶

380 5110 391 5115 ﬁ
487 5118 826 5201 labrum,“
866 5118 1151 5200 lucernae,
1198 5096 1254 5173 et
1301 5118 1485 5173 oleum
1535 5096 1771 5191 gerant,
1800 5135 1864 5174 ex
1904 5120 2089 5176 verbis
2119 5096 2165 5153 θ
2194 5138 2390 5195 perum
2427 5096 2970 5180 minus—habuerunt.
3000 5096 3209 5190 oleum,
3242 5141 3276 5181 a
3312 5136 3511 5198 sponso
3540 5113 3722 5174 exclusi

487 5209 628 5281 ipsis
648 5196 837 5283 legens
864 5208 1079 5265 discere
1108 5194 1311 5279 potest,
1341 5208 1478 5264 illud
1500 5207 1678 5276 Pauli,
1710 5212 1855 5279 quod
1878 5210 1947 5266 ad
1978 5211 2088 5267 He-

486 5303 668 5360 braeos
695 5301 943 5373 scripsit,
968 5301 1040 5358 ad
1067 5301 1393 5357 memoriam
1421 5302 1577 5372 prius
1616 5317 1884 5359 revocans
1919 5322 1932 5359 :
1969 5307 2084 5360 Ila-

466 5396 598 5451 'buit
636 5396 848 5468 quidem
887 5404 937 5449 et
976 5395 1125 5465 prius
1153 5394 1566 5465 justiﬁcationes
1596 5396 1842 5462 cultum,
1878 5407 1928 5452 et
1958 5414 2085 5452 san-

468 5494 627 5544 etum
657 5487 938 5544 saeculare.
971 5486 1400 5542 Tabernaculum
1440 5487 1580 5542 enim
1623 5490 1824 5559 factum
1860 5498 1935 5544 est
1968 5490 2084 5557 pri-

2195 5226 2344 5273 sunt.
2372 5215 2483 5274 Sed
2506 5227 2727 5290 oportet
2749 5219 2936 5276 oleum
2962 5234 3087 5275 esse
3114 5220 3383 5289 olivarum
3404 5202 3716 5290 purissimum

2193 5317 2256 5365 ut
2282 5325 2395 5364 non
2431 5325 2500 5367 ex
2534 5299 2833 5388 iniustitia,
2864 5326 3047 5382 neque
3076 5328 3142 5369 ex
3174 5312 3468 5384 rapacitate
3496 5289 3715 5388 dilecti?"i

2191 5417 2498 5474 pauperum
2540 5386 2869 5472 serviamus,
2903 5421 3088 5477 neque
3118 5408 3184 5462 ad
3224 5403 3635 5464 ostentationem.

2191 5494 2351 5550 olivis
2379 5503 2565 5551 autem
2594 5508 2701 5564 est,
2731 5498 2777 5552 si
2819 5514 2885 5553 ex
2917 5476 3082 5554 bonis
3111 5498 3408 5563 laboribus,
3439 5502 3489 5549 et
3515 5503 3570 5545 ex
3589 5476 3713 5556 just?

549 5684 731 5770 "dea.
754 5697 988 5770 “sint,
1020 5664 1109 5742 12.
1160 5660 1217 5770 ς’
1252 5688 1282 5743 .l
1305 5685 1433 5770 por.
1468 5705 1567 5755 vn,
1596 5647 1804 5770 εθτδζιί
1848 5696 1940 5770 __'_
1963 5691 2155 5770 Matth.
2184 5713 2305 5770 vui,
2328 5698 2434 5764 ﬁt;
2469 5699 2602 5757 Luc.
2638 5718 2713 5769 rx,
2751 5700 2844 5759 58.
2919 5707 2941 5740 ³
2974 5701 3090 5759 Jer.
3134 5721 3298 5770 xxxv,
3328 5701 3472 5760 6-10.
3540 5685 3701 5745 ’Πάνυ

478 5766 571 5826 Ax,
601 5754 654 5824 i,
687 5757 741 5813 2.
831 5757 1044 5814 'Hehr.
1090 5758 1205 5824 x,l.

1305 5759 1326 5790 '
1360 5759 1490 5817 Luc.
1522 5777 1644 5830 vnt,
1679 5761 1768 5818 16.
1848 5762 2087 5819 'Matth.
2113 5782 2237 5833 xxv,
2264 5759 2469 5847 isch,
