3892 6416
334 457 433 512 tias
482 456 766 527 pecuniis,
821 453 908 515 vel
962 459 1312 531 possessione
1368 463 1684 534 perﬁciatur

332 548 489 604 enim
519 548 679 605 oliva:
706 550 998 616 umbrasse,
1028 562 1085 608 et
1116 553 1411 611 fructuosa!
1450 554 1601 614 recie
1639 559 1922 630 appellan-

336 649 453 695 tur.
502 639 923 698 Lucidissimum
974 654 1179 713 autem,
1209 655 1270 702 ut
1311 663 1422 703 non
1467 665 1570 720 pro
1607 651 1776 722 gloria
1819 652 1925 707 hu-

335 747 505 788 mana
537 734 942 806 eleemosynam
988 736 1273 793 faciamus.
1313 739 1543 810 Oportet
1579 758 1711 814 ergo
1740 744 1959 798 lucer—'

335 837 470 878 nam
517 825 658 879 hanc
702 840 921 897 semper
970 829 1222 895 accendi,
1255 840 1408 885 extra
1455 832 1632 886 velum
1669 834 1925 890 videlicet

335 918 590 986 corporis
633 915 883 971 Christi:
925 919 1029 974 hoc
1076 920 1222 975 enim
1272 937 1396 977 esse
1441 924 1782 996 intelligibile
1830 941 1924 981 vc—

335 1007 479 1070 lum,
508 1024 606 1079 per
638 1009 807 1064 nmlta
837 1011 1205 1082 praecedentia
1234 1014 1668 1071 demonstratum
1710 1027 1815 1073 est.
1859 1018 1923 1072 In

336 1102 683 1155 tabernaculo
718 1111 903 1157 autem
937 1105 1166 1174 fmderis,
1201 1106 1319 1162 sive
1349 1117 1409 1162 ut
1443 1108 1585 1163 LXX
1616 1111 1921 1176 testimonii,

336 1193 393 1248 id
438 1201 522 1248 est
554 1195 609 1246 in
641 1195 800 1258 celo,
833 1195 888 1249 in
924 1212 1034 1265 quo
1065 1195 1313 1253 habitare
1349 1196 1521 1256 Deum
1567 1202 1921 1258 manifestum

335 1296 427 1342 est
458 1304 473 1340 :
504 1297 800 1358 utrumque
832 1304 983 1361 ergo
1030 1305 1060 1345 a
1104 1291 1414 1363 legislature
1455 1295 1658 1351 dictum
1695 1304 1781 1352 est
1811 1317 1825 1352 :
1864 1298 1922 1354 Si

333 1382 489 1435 enim
534 1397 879 1451 quacunque
921 1383 1156 1439 facimus
1193 1387 1526 1457 pauperibus
1551 1388 1595 1455 ⁸,
1640 1375 1757 1444 haec
1800 1399 1922 1444 tan-

332 1486 505 1541 quam
533 1473 638 1527 sibi
671 1473 833 1539 facta,
869 1475 913 1528 is
939 1475 1032 1545 qui
1075 1486 1302 1545 propter
1331 1493 1431 1532 nos
1464 1477 1643 1533 factus
1671 1489 1756 1533 est
1785 1496 1922 1549 pau-

331 1576 456 1635 per,
486 1564 739 1635 imputat,
768 1574 918 1620 recte
945 1572 1074 1620 ante
1100 1580 1299 1637 corpus
1329 1566 1668 1624 Dominicum
1700 1571 1920 1627 lucerna

331 1656 697 1726 eleemosynae
736 1657 1068 1725 incenditur,
1105 1660 1199 1714 sed
1242 1669 1424 1715 tamen
1455 1670 1507 1717 et
1538 1661 1591 1716 in
1620 1663 1759 1718 coelo
1796 1681 1810 1717 :
1846 1664 1921 1719 ibi

331 1747 484 1801 enim
554 1762 721 1802 suos
760 1750 1050 1804 thesauros
1100 1750 1504 1808 misericordes
1572 1757 1916 1825 permittunt.

332 1834 567 1905 Propter
609 1836 755 1904 quod
794 1838 1103 1892 succendat
1152 1852 1271 1894 eam
1311 1840 1514 1908 Aaron,
1551 1843 1668 1898 sive
1723 1859 1921 1898 secun-
1950 1866 1992 1921 Β

331 1927 467 1983 dum
520 1925 682 1991 LXX,
722 1935 772 1980 et
828 1927 929 1996 ﬁlii
978 1932 1112 2000 ejus.
1154 1930 1407 1987 Christus
1458 1934 1640 1999 enim,
1694 1935 1786 2007 qui
1837 1944 1921 1991 est

329 2036 501 2076 verus
561 2022 844 2086 sacerdos,
904 2038 1211 2094 pauperum
1255 2028 1692 2097 compassionem
1754 2031 1918 2101 cepit.

331 2112 626 2166 Imitantur
679 2122 863 2168 autem
936 2129 1099 2181 eum,
1157 2117 1473 2188 quicunque
1533 2119 1652 2189 ejus
1721 2120 1919 2175 lucrari

330 2203 685 2273 adoptionem
721 2205 934 2259 volunt.

408 2278 675 2367 Ponetque
705 2312 797 2350 eas
829 2296 1031 2364 Aaron,
1060 2298 1144 2354 vel
1176 2298 1318 2354 sicut
1350 2300 1487 2355 LXX
1527 2302 1800 2357 incendent
1832 2315 1922 2358 eas

332 2389 540 2451 Aaron,
567 2396 618 2441 et
638 2387 739 2456 ﬁlii
769 2389 884 2457 ejus
907 2405 939 2441 a
962 2405 1172 2467 vespere
1202 2406 1364 2460 usque
1393 2408 1567 2447 mane.
1603 2392 1658 2446 ld
1687 2404 1771 2447 est
1801 2381 1921 2448 sine

329 2479 676 2545 cessatione,
719 2479 847 2550 quia
892 2489 949 2534 et
988 2478 1248 2535 Salomon
1297 2482 1517 2538 dicebat
1565 2503 1578 2538 :
1629 2483 1808 2539 Oleum
1859 2487 1923 2539 de

328 2569 510 2637 capite
544 2579 635 2624 tuo
675 2584 779 2624 non
814 2570 1027 2639 deﬁciat
1055 2572 1099 2636 ’,
1140 2580 1202 2625 ut
1242 2584 1526 2644 oporteret
1562 2575 1923 2648 eleemosmte

328 2660 618 2717 lucernam
674 2661 971 2718 incendere
1030 2664 1293 2719 continue
1349 2660 1668 2730 ostendens,
1715 2676 1770 2723 et
1818 2669 1924 2723 hoc

329 2752 517 2823 ipsum
570 2768 755 2809 coram
804 2753 1057 2818 Domino,
1090 2756 1233 2811 sicut
1280 2757 1396 2827 ipse
1436 2758 1702 2814 Dominus
1739 2759 1922 2817 dixit:

328 2843 403 2900 Te
437 2853 613 2900 autem
641 2847 867 2918 faciente
922 2846 1325 2918 elemosynam,
1365 2851 1563 2904 nesciat
1581 2851 1795 2905 sinistra
1829 2861 1921 2906 tua

326 2937 461 3004 quid
506 2938 674 3007 faciat
718 2939 932 2993 dextera
987 2948 1102 3003 tua,
1139 2952 1196 2993 ut
1240 2940 1568 3010 elemosyna
1608 2951 1701 2997 tua
1748 2944 1819 2997 sit
1866 2946 1924 2999 in

326 3027 659 3096 abscondito,
708 3039 757 3084 et
797 3029 966 3086 Pater
1007 3041 1149 3086 tuus
1171 3033 1263 3102 qui
1309 3035 1446 3087 uidet
1498 3035 1554 3087 in
1601 3035 1921 3103 abscondito,

326 3121 516 3176 reddet
546 3122 640 3177 tibi
669 3123 735 3178 ¹⁰.

1458 328 2028 415 άπιςιιιζνπιρωι.
2062 380 2130 391 —
2168 353 2315 414 LIB.
2344 354 2479 417 VII.

2993 315 3022 329 ο

3474 364 3611 432 1102

1734 487 1749 522 :
1803 459 1925 524 haec
1956 483 1996 538 Α
2029 468 2149 538 ejus
2175 486 2188 523 :
2215 468 2470 524 Christus
2496 469 2642 524 enim
2667 470 2784 541 ipse
2809 470 3004 551 plenus
3030 482 3111 528 est
3137 473 3354 545 spiritu,
3378 478 3566 538 dicens
3594 501 3607 538 :

2027 560 2263 630 Spiritus
2283 560 2502 616 Domini
2528 579 2686 631 super
2718 580 2820 622 me.
2859 574 3073 635 propter
3096 568 3235 637 quod
3262 572 3410 625 unxit
3439 589 3520 630 me
3543 576 3609 630 ⁸⁵.

2030 652 2209 724 Super
2237 670 2398 724 quem
2429 654 2486 708 in
2516 655 2697 724 specie
2737 656 3007 712 columbaa
3037 658 3104 713 de
3138 659 3278 713 caelo
3317 661 3616 720 descende-

2025 745 2137 800 bat.
2168 744 2273 800 Sed
2305 756 2355 800 et
2384 747 2555 817 ignem
2589 748 2706 800 veni
2739 748 2947 803 mittere
2974 766 3130 818 super
3161 759 3380 819 terram,
3411 764 3460 809 et
3499 757 3614 810 uolo

2025 847 2081 891 ut
2111 839 2432 892 accendatur
2459 838 2523 890 η.
2551 840 2686 894 Cum
2723 840 2887 908 hujus
2921 840 3160 897 lucerna:
3192 842 3370 919 ignem
3406 846 3614 917 signiti-

2024 934 2206 992 caret,
2259 927 2494 981 dicebat.
2547 928 2693 982 Nam
2742 937 2797 982 et
2846 928 2964 999 ipse
3020 929 3145 985 filiis
3199 932 3314 988 suis
3367 935 3608 1000 tradidit,
3698 978 3703 983 .

2024 1018 2243 1088 quando
2281 1017 2563 1073 insulilans
2603 1020 2882 1089 apostolis,
2921 1021 3135 1077 dicebat
3166 1040 3179 1079 :
3212 1022 3450 1095 Accipite
3485 1026 3610 1097 Spi-

2024 1111 2186 1163 ritum
2238 1121 2479 1164 sanctum
2513 1111 2575 1164 ιτ.
2615 1110 2722 1167 Sed
2769 1112 2989 1167 lucerna
3026 1113 3130 1168 ista
3172 1100 3331 1170 aliter
3365 1100 3489 1173 non}
3521 1119 3610 1173 in-

2024 1197 2294 1263 cenditur,
2325 1197 2430 1250 nisi
2472 1212 2570 1267 per
2598 1198 2763 1251 vitam
2801 1201 3080 1266 mundam,
3110 1211 3166 1256 et
3193 1212 3292 1272 ρει·
3316 1194 3609 1261 ιυιινετειι-

2024 1287 2229 1342 tioncm
2260 1287 2675 1354 lucidissimam,
2705 1288 2820 1344 sive
2857 1291 3081 1346 claram.
3118 1293 3221 1359 Qui
3258 1304 3438 1349 autem
3484 1298 3607 1353 talis

2022 1394 2135 1433 non
2177 1388 2283 1445 est,
2322 1380 2545 1450 spiritus
2577 1381 2632 1435 in
2672 1395 2738 1435 eo
2781 1383 3179 1454 exstinguetur.
3230 1385 3418 1457 Neque
3460 1390 3607 1445 enim

1974 1524 1980 1529 .
2021 1472 2140 1526 sine
2185 1487 2349 1528 causa
2394 1471 2595 1528 Paulus
2645 1474 3075 1540 contestabatur,
3131 1474 3391 1548 Spiritum
3449 1484 3611 1537 nolite

2022 1566 2350 1636 exstinguere
2373 1564 2418 1597 ¹⁸
2450 1583 2463 1618 :
2496 1565 2550 1619 in
2582 1565 2740 1620 nobis
2767 1581 2910 1632 esse,
2936 1566 3230 1624 incendere
3262 1571 3381 1639 ejus
3412 1587 3611 1641 opera-

2022 1656 2225 1712 tionem
2253 1665 2310 1712 et
2339 1658 2709 1729 exstinguere,
2736 1666 2833 1712 aut
2858 1658 3143 1716 studentes
3176 1676 3261 1728 ea,
3292 1663 3492 1732 quibus
3522 1666 3609 1720 in-

2022 1747 2311 1814 cendatur,
2364 1756 2459 1802 aut
2519 1747 2894 1819 negligentes,
2950 1748 3237 1806 evidenter
3292 1754 3607 1811 ostendens.

2021 1837 2199 1893 Nimis
2234 1852 2367 1908 ergo
2404 1840 2674 1905 ordinate,
2708 1840 3148 1910 quandoquidem
3188 1843 3426 1901 lucerna:
3455 1862 3610 1904 men-

2023 1929 2229 1983 tionem
2270 1930 2419 1997 facit,
2449 1945 2558 1984 non
2606 1941 2787 1986 autem
2826 1933 3196 2000 lucernarum,
3233 1937 3359 2006 quia
3390 1938 3457 1996 de
3491 1940 3609 2011 ipso

2022 2030 2212 2076 sancto
2234 2020 2474 2091 loquitur
2498 2018 2727 2093 Spiritu,
2757 2023 2839 2079 Sic
2865 2024 3018 2090 dicit,
3045 2036 3101 2081 ut
3131 2026 3355 2084 lucerna
3393 2046 3610 2102 semper

2023 2114 2234 2176 ardeat,
2267 2122 2378 2167 tam
2408 2115 2528 2185 eius
2551 2116 2912 2171 aeternitatem
2953 2119 3271 2187 ostendens,
3293 2123 3418 2191 quia
3444 2138 3609 2194 spon-

2023 2212 2099 2271 te,
2130 2213 2186 2260 et
2220 2221 2284 2260 ex
2333 2222 2429 2260 sua
2471 2208 2798 2262 auctoritate.
2840 2210 3212 2266 succenditur.
3247 2212 3382 2278 Quia
3423 2224 3606 2270 autem

2022 2295 2372 2351 lucernarum
2410 2298 2726 2351 memoriam
2763 2299 2912 2364 fecit,
2948 2298 3447 2371 dicit-Operationes
3487 2306 3610 2376 Spi-

2024 2385 2185 2439 ritus.
2236 2384 2408 2440 Aiunt
2451 2395 2632 2440 autem
2669 2386 2806 2442 LXX
2841 2384 3163 2444 :Incendent
3207 2392 3447 2447 lucernas
3485 2406 3611 2451 ante

2024 2475 2311 2532 Dominum
2354 2494 2515 2548 usque
2555 2493 2731 2543 mane,
2776 2479 2882 2534 hoc
2930 2482 3304 2550 ostendentes,
3344 2484 3468 2556 quia
3506 2503 3610 2541 nos

2022 2582 2161 2639 opus
2233 2569 2498 2625 habemus
2570 2570 2872 2625 accendere
2944 2572 3290 2641 operationes
3352 2577 3610 2645 spiritalis

2024 2661 2185 2733 ignis,
2217 2661 2498 2715 materiam
2533 2661 2614 2715 eis
2643 2660 3145 2726 subministrantes,
3174 2678 3238 2719 ex
3278 2667 3479 2735 quibus
3514 2684 3608 2722 ac-

2024 2753 2183 2809 cendi
2225 2754 2359 2808 vult.
2395 2752 2551 2820 Quod
2598 2763 2780 2808 autem
2821 2754 2976 2820 dixit,
3011 2772 3171 2827 usque
3198 2774 3374 2824 mane,
3417 2760 3470 2815 id
3501 2770 3606 2827 est,

2025 2857 2200 2914 usque
2246 2843 2314 2899 ad
2363 2828 2624 2899 seculum
2668 2854 2985 2911 venturum,
3022 2853 3154 2900 tunc
3200 2861 3309 2901 non
3353 2849 3464 2919 jam
3508 2866 3611 2906 nos

2025 2936 2341 3001 incendere,
2374 2949 2554 3006 neque
2584 2937 2886 2991 accendere
2915 2951 3055 3006 opus
3081 2937 3366 2995 habemus.
3404 2942 3609 2998 Omnes

2024 3028 2172 3083 enim
2217 3027 2425 3083 erimus
2464 3027 2757 3099 spiritales,
2795 3027 2887 3098 qui
2923 3027 3082 3083 nobis
3113 3028 3433 3101 dignitatem
3466 3033 3609 3090 hanc

2025 3119 2082 3174 in
2114 3120 2219 3177 hoc
2242 3120 2444 3176 saeculo
2469 3121 2990 3192 comparaverimus.

412 3211 569 3266 lianc
606 3214 771 3285 legem
815 3216 1102 3270 habeamus
1142 3216 1287 3270 cultu
1334 3218 1546 3289 rituque
1576 3229 1826 3289 perpetuo
1864 3220 1918 3274 in

2093 3211 2255 3267 Vens.
2291 3212 2408 3268 5-9.
2448 3230 2468 3265 ι
2510 3213 2763 3286 Accipies
2795 3228 3013 3283 quoque
3043 3213 3300 3281 similam,
3331 3224 3384 3271 et
3404 3231 3605 3288 coque:

324 3307 760 3376 generationibus
791 3309 983 3362 nostris
1013 3325 1173 3379 super
1202 3310 1517 3364 candelabro
1550 3314 1917 3369 mundissimo.

328 3396 393 3452 Id
454 3406 539 3451 est
603 3400 970 3470 evangulicam
1039 3402 1547 3465 conversationem,
1619 3406 1919 3459 secundum

325 3488 479 3557 quod
517 3488 628 3555 jam
675 3490 933 3545 diximus.
982 3490 1067 3545 Ab
1109 3491 1258 3545 omni
1299 3492 1444 3547 enim
1486 3493 1604 3548 haec
1635 3493 1831 3558 ironia,
1863 3502 1921 3549 et

328 3580 606 3650 hypocrisi
651 3582 854 3636 munda
901 3590 1005 3643 est,
1036 3588 1226 3652 utpote
1265 3584 1518 3639 lucernas
1557 3585 1919 3656 eleemosynte

322 3676 464 3725 ante
493 3670 807 3737 Dominum,
834 3683 889 3728 et
922 3689 1032 3729 non
1080 3686 1209 3729 ante
1249 3675 1502 3729 homines
1537 3675 1916 3733 incendentes.

323 3761 520 3833 Usque
559 3780 720 3819 mane
748 3775 931 3822 autem
972 3767 1351 3835 incendamus,
1388 3768 1441 3821 in
1477 3770 1732 3838 praesenti
1763 3769 1918 3825 vide-

322 3855 464 3912 licet
509 3857 729 3912 saeculo.
771 3856 1005 3924 Quando
1049 3860 1197 3914 enim
1249 3874 1410 3914 mane
1461 3860 1699 3916 illuxerit
1748 3860 1916 3917 futuri

321 3948 539 4013 saeculi,
563 3948 674 4018 jam
713 3948 939 4004 nonest
962 3964 1129 4019 super
1160 3936 1379 4020 tempus
1406 3950 1744 4020 operationis
1769 3951 1918 4006 elee-

325 4053 600 4109 mosynte,
647 4039 795 4110 quod
843 4048 1033 4109 aperte
1079 4040 1351 4111 signiﬁcat
1399 4039 1653 4095 Salomon
1682 4042 1913 4097 dicens:

321 4127 416 4184 Ne
442 4129 587 4183 dicas
619 4130 795 4183 amico
821 4138 912 4183 tuo
943 4146 963 4183 :
996 4127 1154 4192 Vade,
1195 4138 1563 4191 διατεθέντων,
1599 4139 1647 4184 et
1687 4132 1917 4185 crastino

320 4214 469 4270 dabo
497 4216 613 4277 tibi,
641 4233 762 4271 cum
803 4217 985 4270 statim
1017 4217 1187 4286 possis
1224 4219 1374 4283 dare,
1410 4221 1573 4272 nescis
1613 4222 1752 4274 enim
1791 4223 1919 4291 quid

318 4306 513 4377 pariat
562 4316 940 4375 superuentura
989 4308 1100 4361 dies
1137 4307 1201 4360 “.
1238 4306 1293 4362 Id
1325 4316 1429 4373 est,
1461 4308 1680 4375 festina,
1714 4320 1770 4365 et
1805 4326 1917 4366 non

320 4396 574 4465 ditl‘eras,
604 4413 674 4453 ne
704 4398 845 4453 forte
877 4399 1170 4454 deducaris
1200 4398 1255 4452 in
1285 4398 1440 4466 locis,
1472 4400 1529 4455 in
1557 4402 1760 4471 quibus
1785 4416 1918 4473 opo-

321 4488 444 4544 rari
478 4499 694 4559 tempus
725 4505 834 4545 non
883 4489 1073 4555 habes,
1110 4491 1205 4546 sed
1255 4491 1501 4547 rationes
1539 4493 1650 4549 illic
1687 4509 1915 4551 necesse

320 4580 404 4636 sit
430 4579 584 4635 reddi
609 4581 677 4635 de
706 4581 792 4637 bis
815 4597 937 4651 qua:
966 4582 1057 4636 hic
1083 4582 1291 4651 operati
1322 4582 1610 4639 fuerimus.
1641 4582 1913 4641 Praeterea

317 4671 420 4730 his
438 4672 674 4728 salutare
703 4680 921 4742 tempus
947 4680 1031 4728 est
1051 4672 1377 4745 legislatoris
1400 4676 1759 4743 intellectum,
1779 4692 1913 4734 can-

315 4763 609 4821 delabrum
628 4764 892 4819 mundum
903 4764 1279 4835 quidem,quia
1292 4776 1565 4836 peccatum
1584 4782 1691 4821 non
1707 4768 1915 4834 habuit,

317 4871 424 4912 nec
445 4856 597 4911 dolus
621 4857 861 4910 inver‘us
884 4870 957 4910 est
981 4857 1148 4911 inore
1167 4857 1281 4927 ejus
1298 4860 1363 4910 ⁸³.
1390 4857 1790 4914 Candelabrum
1818 4875 1916 4913 au-

317 4955 461 5012 tem,
476 4947 600 5016 quia
623 4949 737 5015 ipse
753 4956 829 5002 est
850 4947 1023 5002 lumen
1044 4964 1223 5002 verum
1244 4949 1404 5019 ,quod
1422 4948 1690 5003 illuminat
1711 4965 1918 5005 omnem

314 5039 589 5094 hominem
618 5039 906 5093 venientem
944 5042 1000 5093 in
1037 5041 1176 5093 hunc
1213 5042 1471 5095 mundum
1503 5040 1567 5096 α.
1605 5040 1783 5113 Super
1807 5042 1914 5099 hoc

315 5123 638 5186 incenditur
682 5130 929 5194 lucerna,
971 5131 1207 5201 Spiritus
1255 5142 1500 5198 sanctus,
1531 5133 1724 5204 igneus
1764 5135 1910 5189 enim

316 5229 413 5276 est
440 5219 762 5283 substantia,
790 5230 846 5276 et
875 5220 1216 5291 operatione,
1248 5222 1394 5275 unde
1426 5221 1481 5274 in
1511 5222 1695 5291 specie
1722 5219 1912 5291 ignea-

317 5328 450 5368 rum
482 5296 809 5384 linguarum
833 5329 996 5384 super
1026 5313 1322 5382 discipulos
1350 5312 1636 5368 descendit
1665 5312 1727 5366 ⁸⁸.
1772 5312 1913 5368 Hinc

317 5405 684 5476 purissimum
725 5405 904 5459 oleum
957 5405 1178 5468 oll'crrc,
1214 5404 1266 5459 id
1309 5414 1395 5459 est
1436 5404 1599 5458 vitam
1654 5402 1911 5457 mundam

317 5498 639 5553 debemus:
675 5497 933 5561 scientes,
964 5499 1089 5567 quia
1138 5512 1248 5550 non
1296 5496 1541 5551 omnium
1590 5504 1674 5549 est
1722 5495 1913 5550 incen-

318 5588 459 5643 dere
489 5587 640 5652 illud,
662 5587 757 5642 sed
788 5588 958 5643 solius
988 5587 1340 5659 intelligibilis
1365 5588 1566 5651 Aaron,
1592 5596 1648 5641 et
1678 5585 1909 5640 ﬁliorum
1948 5669 1951 5672 Q

399 5736 423 5775 ⁸
456 5740 644 5796 ὶιςιιιιι.
676 5758 803 5809 xxv,
830 5742 918 5797 ιο.

321 5810 373 5847 ⁸⁸
403 5812 529 5869 Act.
563 5829 624 5879 ιι,
652 5813 706 5867 ὅ.
821 5815 864 5846 ι’
896 5814 995 5868 lsa.
1026 5829 1137 5877 ιιιι,
1174 5815 1221 5867 ι.
1335 5813 1376 5843 ’⁸
1400 5811 1533 5867 Luc.
1565 5825 1662 5877 xu,
1685 5811 1774 5866 49.

1030 5743 1052 5774 ³
1082 5741 1227 5817 Eccl.
1259 5743 1419 5817 ημβε
1494 5741 1539 5772 ³ο
1571 5739 1767 5817 Matth.
1808 5738 1975 5817 vt,_'_5._
1998 5737 2051 5791 ι.
2144 5737 2184 5767 ¹¹
2213 5737 2291 5817 Pri

1887 5808 1931 5841 ¹⁷
1949 5807 2108 5862 Joau.
2130 5822 2220 5872 xx,
2251 5807 2339 5859 22.

2021 3311 2090 3353 ex
2133 3311 2198 3352 ea
2225 3298 2510 3354 duodecim
2548 3315 2735 3369 panes,
2771 3301 2864 3371 qui
2910 3302 3110 3372 singuli
3146 3304 3423 3387 habebunt
3467 3306 3608 3362 duas

2021 3384 2278 3440 decimas.
2321 3385 2562 3452 Quorum
2594 3402 2757 3443 senos
2804 3389 3127 3447 altrinsecus
3166 3408 3332 3463 super
3359 3384 3605 3452 mensam

2021 3476 2371 3546 purissimam
2411 3493 2595 3533 coram
2623 3479 2855 3536 Domino
2884 3488 3108 3547 statues,
3143 3492 3199 3538 et
3227 3500 3399 3554 pones
3442 3490 3609 3559 super

2019 3580 2115 3621 eos
2142 3568 2270 3623 thus
2300 3567 2720 3634 lucidissimum,
2750 3579 2813 3625 ut
2839 3571 2908 3627 sit
2941 3575 3097 3642 panis
3120 3574 3174 3628 in
3203 3578 3605 3635 monimentum

1993 3657 2307 3715 .oblationis
2338 3659 2571 3715 Domini.
2600 3659 2703 3716 Per
2738 3660 2949 3733 singula
2979 3661 3215 3720 Sabbata
3245 3668 3606 3723 mutabuntur

2019 3764 2204 3804 coram
2229 3750 2478 3817 Domino,
2502 3752 2740 3823 suscepti
2762 3770 2794 3809 a
2823 3754 2945 3810 filiis
2971 3754 3135 3812 Israel
3166 3756 3373 3813 findere
3399 3761 3607 3831 sempi-

1994 3845 2200 3904 terno,
2247 3851 2529 3912 eruntque
2562 3845 2742 3899 Aaron
2782 3851 2837 3898 et
2884 3843 3121 3900 ﬁliorum
3150 3847 3387 3918 ejus,'ut
3418 3865 3605 3906 come-

2018 3931 2152 3987 dant
2181 3947 2276 3987 eos
2304 3933 2363 3987 in
2407 3942 2597 3990 sancto
2637 3935 2778 4001 loco,
2832 3937 2960 4006 quia
2999 3947 3247 3993 sanctum
3288 3950 3602 3997 sanctorum

2022 4032 2106 4078 est
2134 4024 2201 4078 de
2238 4025 2507 4082 sacriﬁcio
2533 4026 2745 4082 Domini
2771 4027 2896 4098 jure
2922 4039 3243 4099 perpetuo.»

2092 4114 2260 4171 Vocat
2280 4116 2349 4172 ad
2377 4118 2890 4187 contemplationem
2915 4121 3156 4175 mandati
3202 4135 3307 4178 nos
3352 4114 3471 4194 ipse
3502 4140 3601 4197 pa-

2017 4222 2151 4264 num
2194 4223 2477 4273 numerus,
2509 4210 2603 4264 sed
2642 4217 2698 4264 et
2747 4211 3086 4281 propositio:
3117 4221 3170 4267 et
3213 4214 3341 4285 quia
3384 4211 3505 4272 non
3544 4227 3605 4273 et;

2017 4298 2185 4368 ipsos,
2218 4300 2678 4369 quemadmodum
2715 4316 2777 4355 ea
2808 4316 2929 4371 quae
2972 4311 3102 4358 sunt
3128 4303 3198 4358 de
3223 4306 3517 4376 sartagine,
3547 4317 3605 4364 et

2016 4389 2296 4455 craticula,
2343 4397 2399 4445 et
2451 4390 2689 4456 clibano,
2736 4392 3112 4448 holocaustum
3166 4393 3291 4449 ﬁeri
3335 4397 3600 4469 praecipit,

2018 4483 2115 4539 sed
2150 4482 2281 4553 poni
2310 4482 2533 4553 quidem
2570 4483 2628 4537 in
2659 4494 2847 4540 mensa
2884 4485 3232 4549 altrinsecus,
3265 4495 3321 4541 et
3350 4480 3480 4543 solis
3505 4504 3603 4545 eos

1946 4550 1990 4610 θ
2020 4550 2182 4630 licere
2223 4550 2617 4638 sacerdotibus,
2646 4589 2757 4630 non
2791 4584 2846 4630 et
2880 4575 3080 4631 Levitis
3107 4578 3291 4642 edere,
3322 4585 3385 4632 ut
3419 4585 3599 4634 tamen

2014 4674 2075 4721 et
2103 4666 2172 4722 ab
2203 4667 2334 4738 ipsis
2372 4667 2427 4723 in
2458 4667 2579 4723 loco
2605 4677 2795 4725 sancto
2821 4669 3197 4724 comedantur.
3229 4665 3336 4724 Sed
3372 4664 3433 4725 et
3474 4672 3602 4742 quia

2020 4767 2271 4813 sanetum
2312 4766 2627 4814 sanctorum
2677 4759 2934 4830 appellati
2983 4766 3129 4826 sunt,
3190 4760 3436 4832 intellige
3480 4770 3601 4833 quae
3685 4796 3697 4813 ι

1972 4927 1981 4935 ι
2022 4850 2299 4906 dicuntur.
2325 4851 2486 4907 Dabit
2515 4851 2660 4906 enim
2687 4852 2785 4906 tibi
2814 4852 3078 4908 Dominus
3099 4852 3454 4911 intellectum.
3486 4853 3600 4909 Me-

2024 4952 2212 4999 mento
2250 4943 2493 5015 mysticae
2541 4957 2769 5005 mensae,
2822 4944 2892 4998 de
2929 4959 3036 5013 qua
3081 4944 3217 4999 nulli
3271 4958 3602 5015 praesumere
3646 4976 3660 4997 .

2022 5043 2359 5106 praeceptum
2388 5044 2494 5099 est,
2538 5044 2766 5107 excepto
2810 5035 3133 5106 intelligibili
3181 5036 3386 5099 Aaron,
3425 5036 3478 5091 id
3519 5044 3603 5091 est
3647 5073 3663 5101 ,ν

2019 5125 2286 5182 Christo:
2319 5127 2439 5196 ipse
2482 5127 2628 5181 enim
2674 5141 2794 5181 eam
2843 5127 3052 5197 primus
3106 5127 3340 5182 initiavit
3383 5127 3516 5182 :sed
3543 5133 3601 5182 et

2019 5220 2146 5274 ﬁliis
2185 5219 2327 5288 ejus,
2366 5218 2460 5289 qui
2499 5220 2570 5273 ab
2611 5235 2678 5275 eo
2719 5220 2847 5277 facti
2876 5228 3005 5276 sunt
3046 5219 3274 5283 Christi,
3321 5225 3376 5273 et
3420 5218 3595 5274 induti

2014 5321 2149 5367 sunt
2172 5326 2240 5367 eo
2266 5329 2279 5364 :
2302 5327 2465 5382 quam
2496 5319 2677 5366 tamen
2701 5311 2989 5367 comedere
3018 5312 3073 5365 in
3102 5312 3222 5365 loco
3250 5306 3437 5367 sancto
3457 5310 3595 5379 jussi

2016 5412 2168 5459 sunt.
2216 5402 2312 5459 Est
2356 5420 2485 5459 vero
2511 5412 2567 5457 et
2592 5389 2843 5460 sanctum
2886 5412 3221 5464 sanctorum,
3265 5411 3325 5457 ut
3352 5401 3599 5457 sanctill-

2020 5494 2292 5549 cationem
2339 5494 2579 5548 habeant
2625 5488 2978 5562 praecipuam,
3022 5489 3595 5562 etrindespicabilem.

2020 5583 2103 5638 llli
2132 5599 2301 5653 panes
2329 5600 2396 5639 ex
2432 5584 2643 5639 duabus
2668 5583 2915 5649 decimis,
2948 5583 3039 5638 Dei
3065 5582 3211 5638 enim
3249 5594 3306 5639 et
3339 5583 3597 5646 hominis,

2144 5737 2184 5767 “
2213 5734 2373 5789 Prov.
2400 5752 2482 5793 ιιι.
2514 5736 2604 5792 ΞΒ.
2683 5736 2728 5768 ¹’
2752 5732 2897 5791 Petr.
2934 5752 2974 5796 ι.
3003 5735 3094 5791 22.

2458 5805 2541 5859 ⁸⁸1
2570 5806 2768 5861 Thess.
2796 5822 2850 5872 γ,
2891 5806 2974 5861 l9.

3208 5737 3252 5772 "
3270 5735 3430 5794 loan.
3448 5760 3451 5763 λ
3472 5752 3510 5803 ι,
3542 5735 3597 5793 9.
