3892 6428
448 322 583 388 1103

1636 319 1996 379 HESYCHIl
2041 316 2485 399 PRESBYTER
2495 316 2516 374 I

3547 311 3656 375 110i

441 448 572 495 sunt
593 437 837 508 ejusdem
866 437 920 490 in
949 444 1180 505 utroque
1217 434 1467 506 perfecti,
1499 443 1779 506 ponuntur
1807 434 1924 489 seni
1956 433 2028 486 al—
2057 445 2102 500 Α
2131 447 2284 486 suam
2309 444 2431 485 esse
2460 442 2724 491 mensam,
2751 433 2807 480 et
2848 433 3230 479 testamentum
3255 436 3408 477 suum
3436 434 3656 481 :rteruum

422 528 730 582 ’trinsecus.
762 525 981 597 lilystica
1009 539 1195 578 mensa
1224 524 1446 594 ponitur
1471 523 1689 593 quidem
1715 523 1826 587 hic,
1863 523 2025 593 poni-

443 630 531 672 tur
546 618 708 672 etiam
738 617 792 670 in
825 616 1007 670 futuro
1039 615 1254 669 srcculo.
1286 613 1388 669 Sex
1417 624 1595 669 autem
1617 629 1807 683 panes,
1827 613 2026 682 positio

443 724 568 773 una,
611 707 738 777 quia
780 706 1057 776 perfectus
1101 719 1380 769 numerus,
1437 705 1579 758 sicut
1604 713 1660 757 et
1705 703 2024 774 mysterium

423 798 619 868 ipsum
657 795 980 867 perfectum,
1023 803 1078 848 et
1125 795 1394 866 perfectos
1443 795 1570 849 facit
1623 809 1738 858 cos,
1781 793 1874 863 qui
1924 795 2026 848 hoc

421 888 716 944 --fruuntur.
757 886 819 942 In
847 903 939 942 sex
969 898 1149 941 autem
1196 887 1391 942 diebus
1438 888 1554 941 lucc
1597 886 1831 942 visibilis
1885 884 2025 940 facta

425 989 528 1036 est
563 988 833 1051 creatura,
878 989 1137 1049 sexlaque
1180 980 1268 1034 die
1314 979 1480 1034 homo
1529 980 1824 1049 productus
1847 987 1931 1033 est
1959 977 2025 1043 ι’,

443 1081 664 1142 propter
688 1087 851 1143 quem
887 1072 1141 1126 Christus
1183 1073 1470 1143 mysticam
1509 1072 1835 1143 prwparavit
1868 1087 2026 1125 men-

442 1180 579 1220 sam.
611 1163 1000 1220 Verumtamen
1035 1173 1090 1218 et
1115 1179 1309 1219 omnes
1355 1164 1518 1218 simul
1563 1174 1709 1219 recte
1735 1162 2027 1218 duodecim

441 1273 610 1328 panes
633 1270 781 1322 sunt,
801 1272 928 1327 quia
955 1256 1114 1328 primi
1141 1256 1478 1312 Dominicam
1509 1265 1865 1312 cenaverant
1892 1271 2029 1326 apo-

441 1349 589 1412 stoli,
620 1349 713 1419 qui
759 1357 914 1403 erant
949 1347 1236 1403 duodecim
1265 1365 1516 1404 numero.
1550 1349 1728 1420 Super
1771 1349 1870 1405 hos
1899 1350 2030 1404 thus

443 1441 838 1497 lucidissimum
869 1441 1108 1512 ponitur,
1152 1441 1266 1496 sive
1296 1450 1355 1496 ut
1383 1439 1544 1509 LXX,
1573 1442 1737 1497 etiam
1771 1442 1868 1497 sal.
1922 1441 2027 1497 Sed

443 1530 572 1586 thus
597 1531 770 1601 prius,
811 1531 1106 1602 gratiarum
1139 1533 1431 1596 actionem,
1465 1531 1517 1585 id
1545 1537 1627 1585 est
1673 1531 2026 1594 oblationem,

351 1641 358 1646 ·
443 1637 565 1692 qua
591 1621 956 1693 principatum
990 1631 1141 1678 tenet
1167 1621 1222 1677 in
1248 1622 1586 1677 Dominicam
1613 1638 1846 1690 coenam,
1870 1623 2032 1694 signi-

441 1710 569 1767 ﬁcat
597 1712 744 1776 thus,
772 1727 884 1766 non
911 1712 1087 1766 solum
1116 1712 1242 1782 quia
1269 1712 1581 1767 immolatur
1611 1712 1742 1777 Deo,
1772 1713 1866 1768 sed
1901 1712 2028 1784 quia

443 1813 500 1861 et
549 1806 772 1870 multas,
833 1807 974 1861 sicut
1027 1807 1216 1862 dicunt
1271 1807 1490 1872 medici,
1532 1815 1688 1863 sanat
1745 1807 2026 1863 oculorum
2064 1785 2108 1840 Β

440 1902 814 1974 aegritudines.
846 1900 936 1956 Sal
959 1902 1103 1957 enim
1124 1901 1490 1970 apostolorum
1528 1901 1830 1958 doctrinam
1864 1902 2030 1973 signi-

444 1992 590 2058 ficat,
621 1992 687 2047 ad
730 2007 867 2062 quos
899 1992 1098 2048 dicitur
1125 2010 1138 2046 :
1173 1991 1270 2046 Vos
1303 1993 1426 2047 estis
1473 1992 1555 2047 sal
1591 2003 1743 2048 terra:
1766 1993 1832 2048 ¹⁰.
1863 1993 2030 2048 Recte

440 2092 624 2139 autem
655 2084 712 2138 in
745 2083 931 2139 multis
965 2084 1096 2140 locis
1122 2083 1362 2156 mysticae
1392 2099 1616 2149 mensae,
1650 2085 1750 2155 ipsi
1798 2084 2029 2154 apostoli

443 2184 498 2230 et
523 2176 771 2232 doctrina
800 2191 989 2231 eorum
1020 2184 1321 2246 ponuntur,
1379 2177 1507 2247 quia
1560 2178 2023 2247 quemadmodum

444 2268 579 2340 ipsis
637 2267 924 2335 Dominus,
965 2269 1044 2324 sic
1081 2268 1187 2340 ipsi
1240 2269 1397 2324 nobis
1425 2269 1626 2324 divinae
1672 2284 1842 2325 create
1874 2284 2030 2325 com-

441 2361 760 2416 munionem
794 2361 1156 2427 tradiderunt,
1188 2377 1422 2432 quorum
1462 2358 1650 2418 mensa
1681 2364 1910 2425 munda,
1945 2365 2029 2416 vi-

438 2455 636 2511 delicet
679 2455 871 2523 altare,
909 2454 976 2510 de
998 2471 1108 2526 quo
1156 2455 1324 2510 David
1373 2455 1670 2526 psallebat:
1715 2454 1926 2510 Parasti
1973 2457 2031 2509 in

439 2558 712 2620 conspectu
751 2565 865 2603 meo
907 2565 1163 2615 mensam,
1216 2549 1465 2604 adversus
1505 2567 1591 2605 eos
1639 2551 1730 2621 qui
1774 2550 2028 2604 tribulant

439 2657 522 2696 me
550 2643 615 2697 “.
644 2641 767 2696 Haec
807 2641 1007 2698 munda
1040 2650 1124 2698 est
1167 2643 1404 2713 primum
1436 2643 1658 2714 quidem
1693 2644 1832 2700 sicut
1867 2659 2030 2698 mun-

439 2734 597 2799 dans,
635 2734 833 2790 deinde
860 2735 1001 2790 sicut
1037 2735 1173 2789 nihil
1212 2736 1504 2799 mendacii,
1553 2752 1656 2791 nec
1697 2737 2025 2803 infectionis,

437 2827 618 2895 qualia
641 2835 768 2881 sunt
791 2825 842 2880 in
874 2828 1145 2898 mysteriis
1168 2833 1527 2899 paganorum,
1556 2831 1762 2886 habens
1786 2832 2026 2901 insuper,

439 2918 566 2988 quia
597 2933 710 2972 non
734 2918 860 2974 licet
889 2920 1206 2990 participem
1242 2922 1383 2977 illius
1415 2922 1530 2978 fieri
1577 2939 1725 2988 eum,
1774 2924 1866 2994 qui
1918 2940 2026 2980 non

440 3009 647 3064 mundo
679 3011 889 3066 accedit
917 3027 1098 3077 sensu,
1124 3029 1303 3084 neque
1349 3016 1569 3072 indutus
1598 3027 1681 3072 est
1703 3027 1850 3072 veste
1881 3017 2024 3081 alba,

439 3102 656 3170 qualem
685 3101 778 3172 qui
811 3103 1035 3184 indutus
1062 3121 1170 3160 non
1212 3109 1374 3168 fuerit
1405 3108 1688 3179 projicitur
1713 3124 1781 3164 ex
1806 3109 1905 3175 eis,
1931 3111 2024 3180 qui

438 3194 614 3249 vocati
645 3203 775 3250 sunt
798 3196 864 3250 ad
896 3211 1105 3252 crenam
1137 3199 1277 3254 hanc
1304 3203 1522 3270 semper
1561 3203 1626 3256 ".
1677 3201 1783 3256 Sed
1825 3210 1880 3257 et
1933 3203 2022 3257 die

443 3287 803 3341 Sabbatorum
835 3288 1081 3358 praecipit
1108 3291 1255 3359 poni,
1284 3291 1516 3361 primum
1544 3293 1784 3362 quidem,
1818 3294 1943 3363 quia
1969 3303 2025 3348 et

442 3378 494 3430 in
525 3378 847 3450 intelligibili
889 3381 1076 3450 requie
1103 3397 1228 3451 qua:
1256 3394 1340 3438 est
1375 3399 1562 3438 verum
1595 3383 1912 3451 Sabbatum,
1941 3387 2023 3440 lo-

418 3507 425 3515 μ.
440 3487 562 3525 cum
589 3472 772 3537 habet,
800 3482 855 3528 et
879 3474 983 3529 hoc
1008 3485 1090 3530 est
1116 3492 1302 3532 mensa
1331 3477 1567 3542 Domini,
1597 3477 1699 3533 etsi
1726 3494 1880 3535 coma
1906 3480 2025 3550 ejus

429 3573 537 3619 est
572 3579 733 3630 nova,
775 3566 1236 3635 quemadmodum
1289 3569 1418 3624 licet
1443 3570 1496 3624 in
1549 3571 1654 3636 his,
1703 3587 1827 3641 quae
1878 3573 2024 3628 dicta

437 3665 570 3716 sunt
615 3674 644 3712 a
687 3657 918 3713 Domino
955 3659 1024 3715 de
1073 3661 1242 3717 calice
1287 3663 1410 3717 vitae
1441 3672 1679 3726 aeternae,
1725 3665 2022 3735 conjicere.

438 3748 574 3816 Quia
624 3749 805 3805 alitem
852 3767 962 3806 non
1006 3751 1206 3808 frustra
1252 3755 1390 3821 hace,
1420 3771 1542 3825 quae
1571 3771 1720 3811 nunc
1749 3758 2027 3828 legislator

438 3840 710 3910 exposuit,
743 3841 800 3895 in
837 3841 1122 3914 Unigeniti
1151 3845 1453 3915 accipimus
1479 3861 1687 3911 mensa,
1723 3862 1825 3902 nec
1852 3847 2027 3918 loqui-

428 3947 563 3987 .mur
606 3942 947 4005 arroganter,
991 3945 1087 3990 aut
1126 3937 1429 3993 scurriliter
1475 3939 1833 4008 exquirimus,
1879 3939 2026 4009 quod

436 4036 546 4076 non
576 4022 645 4078 ad
673 4022 1034 4080 intentionem
1061 4023 1197 4098 tegis
1225 4028 1483 4097 pertinet,
1518 4029 1614 4084 sed
1647 4029 1756 4085 imo
1783 4031 1940 4085 valde
1971 4037 2027 4086 et

430 4126 567 4168 were
617 4113 966 4186 conjicimus,
1025 4116 1145 4188 ipsa
1210 4118 1451 4174 auditori
1504 4121 1666 4178 verba
1711 4123 2027 4179 satisfacere

429 4213 686 4274 possunt,
739 4205 795 4260 in
830 4206 1030 4277 quibus
1077 4209 1169 4264 hic
1239 4210 1462 4282 proprie
1519 4211 1739 4267 locutus
1785 4214 2024 4279 videtur,

437 4297 515 4350 ait
540 4298 689 4352 enim
718 4315 732 4351 :

513 4388 579 4445 Ut
628 4391 698 4444 sit
741 4391 910 4460 panis
962 4393 1020 4446 in
1051 4397 1428 4451 monimentum
1459 4397 1738 4452 oblationis
1786 4398 2024 4454 Domini.

438 4477 595 4576 Quis,
624 4483 804 4576 autin
827 4484 985 4555 cujus
1007 4489 1576 4544 commemoratione?
1604 4489 1710 4545 Sed
1738 4490 1866 4546 illud
1895 4508 2023 4562 pro-
2058 4516 2104 4576 ο

437 4572 712 4633 culdubio
737 4585 841 4643 est,
861 4579 1011 4648 quod
1037 4594 1096 4634 se
1122 4579 1328 4636 dixisse
1350 4579 1555 4636 Paulus
1581 4581 1878 4638 Dominum
1910 4593 2020 4638 tra-

436 4665 659 4737 dentem
689 4669 1004 4739 mysterium
1055 4671 1290 4741 scripsit.
1322 4672 1768 4744 Quotiescunque
1794 4676 1912 4731 hzec
1938 4675 2023 4731 fe-

438 4757 647 4822 ceritis,
697 4757 762 4812 in
817 4761 1132 4816 memoriam
1182 4763 1288 4816 mei
1341 4761 1528 4827 facite,
1585 4763 1783 4819 deinde
1833 4781 2022 4820 rursus

437 4847 680 4906 additum
711 4861 813 4907 est.

510 4939 619 4995 Per
663 4927 875 5014 singula
908 4942 1142 4998 Subbata
1175 4946 1522 5000 mutabuntur
1562 4965 1741 5003 coram
1775 4949 2017 5015 Domino,

436 5037 662 5105 suscepti
675 5053 711 5090 a
726 5035 854 5106 ﬁliis
872 5037 1040 5091 Israel
1061 5040 1250 5110 findere
1265 5043 1598 5109 sempiterno.
1627 5025 1754 5098 Sive
1778 5053 1837 5098 ut
1855 5043 2018 5110 LXX,

439 5133 808 5181 testamentum
829 5129 1206 5195 sentpiternum
1240 5147 1254 5181 :
1287 5129 1416 5184 illud
1449 5131 1636 5200 procul
1668 5132 1836 5186 dubio
1865 5141 2026 5188 testa-

437 5225 684 5271 mentum
718 5218 926 5284 dicens,
955 5219 1116 5289 cujus
1140 5218 1402 5277 Dominus
1433 5225 1651 5279 tradens
1679 5225 2019 5295 mysterium,

436 5307 772 5364 mentionem
797 5308 944 5364 facit.
972 5311 1079 5365 Sed
1113 5320 1168 5366 et
1202 5327 1300 5367 nos
1341 5315 1608 5380 dicentes,
1641 5326 1904 5385 quantum
1936 5334 2027 5372 ve-

435 5402 633 5468 ritatis,
663 5413 1038 5475 quantumque
1072 5405 1349 5476 dignitatis
1375 5409 1594 5468 habeat.
1626 5426 1754 5465 cum
1786 5411 2025 5466 maximo

438 5492 634 5552 timore
675 5505 731 5558 et
773 5511 959 5553 amore
994 5499 1336 5554 accedamus.
1400 5499 1536 5566 Quia
1579 5501 1838 5557 mundam
1894 5481 2026 5559 dicit

545 5691 588 5723 ¹⁹
616 5690 753 5764 Gen.
787 5709 827 5759 1,
853 5694 942 5748 27.
1024 5698 1068 5728 ²⁰
1091 5695 1282 5752 Matth.
1314 5715 1366 5764 γ,
1403 5699 1492 5753 13.

439 5772 624 5827 cxvm,
651 5761 774 5818 103.
891 5767 935 5797 "
985 5767 1156 5821 lCor.
1196 5784 1232 5838 ι,
1259 5761 1362 5822 2οξ
1462 5771 1510 5800 ’⁸
1538 5770 1557 5825 l
1586 5771 1712 5826 Cor.
1763 5789 1845 5839 ut,
1880 5775 1960 5831 l9.

2054 3169 2095 3225 C

1605 5701 1647 5731 "
1684 5701 1828 5755 Psal.
1852 5720 1985 5767 xxii,

2131 523 2417 591 solumque
2449 521 2651 583 Aaron,
2679 527 2732 572 et
2769 515 2906 570 ﬁlios
2941 515 3061 584 ejus
3109 513 3269 582 hujus
3306 513 3407 567 cibi
3435 528 3543 568 esse
3561 532 3662 585 par-

2131 613 2343 684 ticipes,
2388 612 2634 682 prmcipit
2661 609 2948 665 comedere
2980 622 3087 661 non
3119 607 3339 676 ubique,
3371 607 3459 660 sed
3490 607 3541 662 in
3568 609 3664 665 loco

2129 715 2340 760 sancto.
2368 703 2446 757 Sit
2481 713 2662 757 autem
2699 701 2857 755 nobis
2881 707 3102 754 sanctus
3128 699 3279 752 locus
3311 698 3456 767 prius
3484 700 3666 767 quidem

2129 797 2252 850 aula
2277 795 2396 859 Dei,
2425 795 2624 850 deinde
2649 801 2836 847 nostra
2862 806 3091 862 corpora
3122 790 3338 859 quando
3388 799 3506 844 sunt
3528 807 3556 844 a
3578 793 3670 861 pol-

2131 887 2434 942 lutionibus
2497 886 2720 949 munda,
2764 886 2836 938 ita
2873 893 2932 938 ut
2959 891 3014 938 et
3054 882 3212 937 nobis
3243 883 3557 937 conveniant
3582 885 3671 939 hac

2129 979 2284 1034 Pauli
2333 979 2538 1036 verba:
2571 977 2838 1046 Templum
2872 977 3005 1030 enim
3049 975 3144 1029 Dei
3189 983 3427 1028 sanctum
3455 985 3540 1038 est,
3565 981 3673 1046 quod

2131 1073 2252 1126 estis
2273 1089 2360 1127 vos
2383 1072 2448 1125 ²³.
2476 1069 2702 1140 Insuper
2724 1070 2944 1125 elevans
2973 1069 3092 1139 ejus
3119 1068 3373 1140 gloriam,
3404 1071 3673 1139 etmysterii

2131 1164 2449 1235 dignitatem
2483 1163 2720 1219 etl'crens
2758 1163 2811 1216 in
2838 1163 3072 1218 sublime
3098 1161 3247 1217 addit
3281 1179 3296 1216 :

2200 1255 2455 1311 Sanctum
2472 1267 2775 1311 sanctorum
2793 1265 2869 1310 est
2885 1257 2948 1310 de
2961 1255 3223 1326 sacriﬁcio
3236 1253 3447 1308 Domini
3454 1253 3512 1322 ju
3521 1269 3569 1306 re
3587 1271 3679 1323 per-

2133 1359 2308 1417 petuo.
2331 1350 2473 1420 Ergo
2489 1356 2677 1404 sancta
2695 1358 2778 1404 est
2797 1349 2993 1414 oratio,
3010 1354 3197 1402 sancta
3211 1345 3410 1400 divina:
3427 1344 3679 1416 Scriptura:

2132 1441 2297 1496 lectio
2313 1451 2369 1497 et
2391 1441 2858 1513 interpretationis
2877 1441 3105 1506 auditio,
3128 1449 3314 1496 sancta
3336 1448 3482 1505 sunt,
3504 1450 3558 1494 ut
3581 1441 3680 1494 bre-

2131 1534 2275 1590 viter
2303 1535 2502 1596 dicam.
2543 1534 2728 1589 omnia
2753 1550 2875 1606 que
2904 1534 2960 1589 in
3002 1533 3260 1589 Ecclesiis
3290 1533 3386 1588 Dei
3419 1533 3678 1588 secundum

2131 1628 2306 1698 legem
2331 1629 2450 1698 ejus
2471 1628 2729 1683 dicuntur
2757 1637 2813 1683 et
2835 1636 3093 1700 aguntur.
3127 1628 3331 1682 Sancta
3373 1636 3544 1681 autem
3579 1644 3679 1682 san-

2133 1730 2347 1780 ctorum
2381 1719 2450 1776 de
2498 1720 2765 1776 sacriﬁcio
2796 1719 3030 1782 Domini,
3065 1719 3134 1775 de
3165 1719 3425 1775 omnibus
3471 1719 3682 1774 videlicet

2133 1829 2254 1884 quae
2294 1812 2608 1869 offeruntur
2641 1821 2696 1866 et
2722 1820 2976 1884 aguntur,
3011 1811 3077 1865 ad
3108 1812 3230 1880 ejus
3263 1810 3486 1881 gloriam
3529 1825 3681 1865 mensa

2139 1915 2247 1973 est,
2273 1920 2439 1975 quam
2470 1904 2539 1960 de
2567 1903 2833 1960 sacrificio
2855 1919 2956 1958 suo
3001 1902 3255 1958 Christus
3280 1903 3543 1973 proponit.
3577 1903 3679 1957 Nam

2135 2013 2243 2051 non
2275 1996 2595 2067 simpliciter
2617 1995 2772 2059 dixit,
2805 1995 2930 2065 quia
2959 2004 3210 2049 sanctum
3257 2003 3560 2048 sanctorum
3587 2004 3680 2048 est:

2133 2090 2230 2144 sed
2267 2089 2473 2145 addi‘dit
2506 2089 2806 2146 secundum
2843 2085 3006 2152 LXX,
3040 2087 3142 2156 ipsi
3182 2103 3296 2142 non
3334 2087 3502 2142 solum
3535 2088 3683 2158 quiab

2133 2199 2200 2238 eo
2250 2181 2683 2238 satisfactionem
2733 2180 2900 2234 habet
2940 2179 3036 2234 sed
3061 2187 3117 2233 et
3160 2179 3562 2234 subsistentiam
3600 2195 3682 2234 non

2132 2273 2468 2345 negligenter
2493 2287 2615 2326 eam
2647 2271 2742 2326 sed
2769 2270 2993 2341 proprio
3027 2270 3299 2341 sanguine
3331 2289 3344 2323 :
3371 2271 3459 2341 qui
3497 2286 3584 2341 pro
3608 2286 3682 2325 no-

2131 2364 2215 2420 bis
2248 2365 2454 2420 effusus
2482 2373 2566 2418 est
2587 2364 2912 2419 ostendente
2941 2372 2997 2417 et
3019 2364 3416 2417 constituente.

2202 2457 2364 2512 Vsus.
2383 2457 2571 2511 m-u.
2592 2474 2610 2508 ι
2641 2457 2782 2512 Ecce
2807 2465 2989 2512 autem
3023 2471 3283 2526 egressus
3312 2455 3452 2510 ﬁlius
3479 2456 3683 2510 mulieris

2131 2549 2471 2617 Israelitidis,
2501 2565 2664 2620 quem
2695 2557 2985 2620 pepererat
3010 2549 3078 2603 de
3109 2549 3229 2603 viro
3280 2547 3528 2620 Egyptio
3570 2549 3681 2602 intrr

2131 2643 2270 2699 ﬁlios
2298 2645 2486 2706 Israel,
2506 2645 2754 2715 jurgatus
2774 2652 2856 2698 est
2877 2643 2932 2696 in
2949 2643 3142 2697 castris
3166 2645 3294 2696 cum
3321 2645 3436 2698 viro
3458 2642 3678 2696 Israelita.

2131 2735 2376 2804 Cumque
2401 2734 2830 2804 blasphemasset
2849 2749 3046 2789 nomen
3066 2733 3303 2799 Domini,
3333 2743 3389 2788 et
3415 2733 3679 2786 maledixis-

2131 2836 2215 2883 set
2231 2827 2300 2889 ei,
2328 2827 2594 2882 adductus
2623 2835 2702 2881 est
2721 2826 2787 2881 ad
2809 2825 3046 2898 Moysen.
3065 2825 3380 2880 Vocabatur
3401 2835 3569 2879 autem
3591 2839 3678 2878 ma-

2131 2930 2214 2975 tcr
2231 2919 2349 2991 ejus
2363 2919 2681 2983 Salomiteh,
2699 2919 2803 2973 ﬁlia
2822 2919 3001 2982 Dabri,
3019 2919 3088 2974 de
3109 2919 3256 2973 tribu
3274 2918 3411 2973 Dan.
3435 2917 3680 2972 Miserum-

2130 3032 2236 3086 que
2267 3031 2392 3070 eum
2424 3016 2478 3070 in
2508 3029 2802 3078 carcerem,
2828 3013 3003 3069 donec
3027 3023 3273 3077 nossent,
3303 3012 3447 3082 quod
3471 3011 3680 3082 jussisset

2133 3107 2418 3162 Dominus.
2447 3106 2551 3173 Qui
2583 3107 2798 3160 locutus
2826 3115 2910 3160 est
2939 3106 3007 3160 ad
3042 3104 3288 3176 Moysen,
3320 3104 3505 3159 dicens
3531 3102 3678 3156 :Educ

2128 3200 2508 3270 blasphemum
2556 3199 2719 3253 istum
2755 3207 2907 3253 extra
2941 3207 3142 3261 castra,
3177 3206 3234 3251 ct
3281 3205 3484 3266 ponant
3524 3211 3678 3249 omnes

2126 3293 2222 3363 qui
2253 3294 2565 3356 audierunt,
2603 3308 2798 3346 manus
2840 3306 2967 3346 suas
2996 3306 3163 3361 super
3193 3299 3361 3360 caput
3395 3289 3513 3359 ejus
3537 3296 3585 3343 et
3619 3287 3680 3341 la-

2127 3386 2278 3455 pidet
2303 3401 2427 3440 eum
2458 3383 2692 3454 populus
2716 3383 3023 3439 universus.
3078 3402 3097 3435 ι

2191 3477 2543 3533 Admirabilia
2573 3486 2629 3531 et
2656 3491 2804 3530 nunc
2828 3476 2990 3530 nobis
3017 3475 3297 3548 legislator
3314 3476 3493 3540 tradit,
3516 3473 3564 3528 in
3583 3471 3679 3543 qui-

2125 3566 2230 3620 bus
2261 3565 2483 3638 dignum
2515 3573 2600 3620 est
2629 3565 2814 3620 dicere
2850 3583 2863 3618 :
2901 3563 3076 3630 Quam
3107 3566 3291 3619 dulcia
3321 3565 3550 3638 faucibus
3577 3561 3677 3616 meis

2128 3659 2336 3728 eloquia
2368 3669 2480 3723 tua,
2512 3657 2757 3721 Domine,
2791 3675 2948 3728 super
2979 3658 3082 3712 mel
3107 3667 3156 3711 et
3188 3660 3372 3729 favum
3405 3660 3482 3711 ori
3510 3654 3677 3711 meo“.

2127 3748 2442 3804 Necessaria
2475 3748 2641 3813 enim,
2677 3758 2731 3803 et
2759 3749 2926 3804 nimis
2947 3749 3100 3803 utilia
3127 3748 3182 3802 in
3203 3747 3523 3820 imaginibus
3550 3744 3677 3807 vivis,

2128 3850 2184 3897 et
2204 3841 2371 3913 signis
2393 3841 2670 3906 animatis,
2694 3851 2751 3896 et
2771 3842 3128 3912 operantibus
3148 3843 3311 3895 modo
3335 3841 3559 3910 quodam
3580 3851 3674 3892 sese

2129 3934 2476 3989 moventibus
2507 3933 2692 3988 tradit.
2729 3932 2979 3989 Exterior
3010 3935 3159 3988 enim
3200 3933 3466 4003 sapientia
3499 3940 3591 3994 est,
3629 3929 3680 3980 de

2127 4039 2232 4094 qua
2279 4024 2354 4077 ait
2384 4023 2582 4078 Paulus
2609 4042 2622 4077 :
2653 4022 2793 4089 Quia
2823 4023 3039 4077 stultam
3084 4025 3208 4095 fecit
3238 4024 3381 4078 Deus
3405 4022 3677 4092 sapientiam

2128 4116 2286 4185 hujus
2318 4117 2502 4170 mundi
2530 4117 2595 4170 ".
2636 4117 2704 4170 Et
2737 4129 2929 4172 rursus
2957 4133 2969 4168 :
3007 4113 3288 4186 Sapientia
3329 4116 3484 4185 hujus
3512 4111 3677 4171 mundi,

2127 4209 2354 4263 stultitia
2382 4218 2458 4262 est
2489 4209 2633 4277 apud
2660 4209 2828 4263 Deum
2851 4210 2916 4261 ".
2951 4207 3092 4262 Dicit
3123 4207 3274 4262 enim
3317 4223 3456 4271 eam,
3486 4211 3678 4277 quaeest

2127 4317 2254 4373 erga
2282 4317 2475 4357 cursus
2506 4302 2772 4365 siderum,
2805 4309 2861 4356 et
2890 4315 3174 4356 mensuras
3207 4301 3352 4366 cash,
3381 4309 3436 4354 ct
3487 4299 3678 4353 aliorum

2128 4395 2288 4451 nobis
2351 4395 2990 4465 incomprehensibilium
3034 4395 3542 4465 perscrutationem,
3583 4401 3678 4457 qm

2129 4488 2276 4558 apud
2325 4487 2606 4558 Egyptios
2655 4487 3035 4552 studebantur,
3071 4496 3125 4540 et
3165 4487 3273 4542 illic
3321 4479 3678 4556 quodammodo

2129 4578 2368 4645 initium,
2405 4589 2460 4634 et
2497 4579 2781 4647 praemium
2808 4579 3062 4648 sumpsit,
3099 4594 3261 4648 quam
3297 4595 3397 4632 nec
3422 4575 3612 4645 Moyses
3637 4569 3676 4621 in

2127 4671 2429 4728 Pharaonis
2477 4672 2750 4742 regalibus
2801 4672 3056 4733 nutritus,
3107 4671 3390 4742 ignoravit.
3438 4668 3536 4722 Sed
3572 4663 3680 4716 liber

2127 4765 2337 4836 Regum
2368 4766 2543 4819 dicit:
2571 4765 2906 4820 Pra'cedebat
2960 4765 3226 4833 sapientia
3275 4759 3563 4818 Salomonis
3606 4772 3675 4807 sa-

2129 4865 2383 4932 pientiam
2441 4866 2678 4917 omnium
2723 4862 3103 4925 Orientalium,
3151 4871 3198 4916 et
3229 4860 3586 4930 zEgyptiornm
3623 4849 3674 4899 ’⁷.

2129 4957 2388 5012 lsraelitis
2422 4965 2603 5010 autem
2639 4956 2854 5020 mulier,
2894 4957 3075 5010 divina
3117 4954 3393 5024 Scriptura
3440 4945 3672 5003 videlicet.

2129 5051 2199 5105 de
2227 5066 2330 5120 qua
2361 5051 2416 5103 in
2455 5048 2762 5104 Proverbiis
2792 5051 2994 5103 dictum
3035 5059 3118 5103 est
3147 5066 3158 5102 :
3197 5047 3388 5102 Mulier
3421 5039 3675 5107 intelligens

2133 5144 2474 5205 benedicilur,
2534 5145 2774 5197 timorem
2833 5153 3010 5196 autem
3074 5142 3285 5195 Domini
3341 5141 3451 5209 ipsa
3505 5129 3670 5189 laudet.

2137 5237 2263 5306 quia
2299 5236 2598 5304 superﬂuas
2624 5237 2932 5304 qawstiones
2962 5234 3276 5304 relinquens,
3299 5227 3506 5284 adita’sit
3527 5217 3672 5276 timori

2133 5325 2311 5378 divino
2343 5325 2408 5379 ’⁸.
2463 5324 2579 5379 Non
2623 5338 2838 5395 oportet
2883 5339 3012 5395 ergo
3046 5323 3399 5378 lsraelitidem
3429 5314 3668 5372 mulierem

2131 5425 2189 5471 ct
2205 5417 2524 5486 sapientiam
2549 5417 2808 5486 spiritalis
2829 5417 3142 5487 Scripturaz,
3164 5411 3411 5470 exteriori
3433 5402 3670 5478 sapienlix

2131 5509 2297 5574 coire,
2329 5509 2401 5562 ita
2429 5519 2485 5563 ut
2511 5518 2565 5564 et
2586 5509 2930 5578 subjiciatur,
2966 5518 3021 5562 et
3041 5525 3166 5563 eum
3197 5507 3284 5578 qui
3317 5522 3378 5561 ex
3411 5503 3484 5558 eis
3520 5492 3667 5553 nasci-

2184 5707 2812 5774 "Matth.xxu,|seq.
2929 5703 3425 5772 "llCor.vI,l6.
3527 5690 3655 5748 “Ps-

2074 5779 2118 5807 ¹⁷
2144 5775 2205 5830 lll
2244 5776 2374 5850 lleg.
2403 5795 2476 5843 tv,
2501 5781 2588 5832 30.
2703 5778 2745 5809 ²³
2768 5777 2928 5831 l'rov.
2956 5793 3106 5842 mn,
3138 5780 3190 5834 1.
