3892 6408
212 410 358 487 1105

1369 431 1452 493 IN
1482 425 2012 496 LEVITICUM.—
2046 424 2195 486 LIB.
2225 424 2358 489 VII.

2852 353 3077 403 ί..

3368 422 3505 486 1106

209 551 325 605 tur,
343 538 753 607 videliceteum,
776 541 868 613 qui
891 558 957 598 ex
980 553 1210 614 utraque
1226 545 1476 611 docetur,
1498 562 1609 602 non
1634 545 1811 602 solum
1842 543 1890 599 Α
1914 540 2008 611 qui
2050 539 2390 597 maledixerit
2416 537 2529 594 Deo
2567 551 2687 603 suo,
2729 534 2969 607 portabit
2998 542 3284 607 peccatum
3318 552 3503 604 suum,

215 632 393 690 ﬁlium
445 635 785 704 Israelitidis,
823 639 919 695 sed
958 647 1013 694 et
1039 639 1209 694 ﬁlium
1243 640 1480 713 [Egyptii
1512 657 1657 707 esse,
1681 656 1806 696 cum

214 726 398 798 sapiat
421 727 675 784 videlicet
699 746 820 800 quae
850 731 1083 803 Egyptii
1130 743 1277 797 sunt,
1311 743 1367 788 et
1415 734 1673 789 exteriori
1722 749 1807 789 sa-

213 819 441 890 pientiae
472 836 531 876 se
551 823 868 895 coniungat,
922 835 977 879 et
1001 842 1064 879 ea
1092 843 1211 897 qua:
1240 827 1347 881 illic
1398 835 1529 882 sunt
1557 827 1807 898 dogmata

212 908 470 964 obtinere
516 911 665 965 velit.
713 911 770 967 Si
816 914 1109 984 aliquando
1157 916 1259 971 hoc
1300 917 1393 971 ﬁet
1439 927 1495 973 et
1539 918 1810 988 quispiam

221 1000 350 1055 talis
379 1000 547 1056 fuerit
587 1002 733 1057 inter
762 1003 900 1060 ﬁlios
938 1006 1288 1079 intelligibilis
1321 1009 1491 1065 ﬁdelis
1532 1009 1716 1077 Israel,
1757 1019 1813 1066 et

218 1091 279 1146 in
306 1094 521 1157 castris,
561 1096 707 1163 quod
732 1103 817 1151 est
847 1096 1106 1163 Ecclesia,
1143 1116 1305 1170 quam
1336 1101 1504 1157 Jacob
1542 1102 1598 1156 in
1639 1102 1812 1174 ﬁgura

218 1198 328 1254 per
376 1185 652 1240 somnium
706 1189 920 1254 videns,
960 1190 1223 1248 dicebat:
1275 1192 1465 1248 Castra
1529 1195 1628 1248 Dei
1688 1206 1813 1249 sunt

216 1277 331 1332 lucc
363 1279 426 1345 ²⁹,
453 1287 510 1333 et
545 1290 631 1335 est
659 1296 723 1339 ex
762 1279 1084 1349 Israelitide,
1111 1295 1167 1340 et
1209 1284 1472 1352 Israelita,
1536 1286 1805 1354 rixentur,

216 1371 314 1442 qui
350 1387 578 1444 magnus
599 1383 702 1437 est,
733 1383 789 1430 et
831 1377 1069 1431 mundus
1100 1387 1155 1432 et
1183 1378 1274 1449 qui
1298 1395 1359 1434 se
1389 1380 1670 1450 sapientiae.
1713 1379 1810 1435 Dei

218 1471 401 1518 totum
432 1462 603 1529 dedit,
632 1472 688 1519 et
728 1464 821 1535 qui
852 1466 985 1521 dicit
1023 1467 1164 1523 sicut
1204 1468 1436 1525 Paulus:
1485 1469 1819 1541 Sapientiam

219 1553 493 1624 loquimur
518 1556 659 1610 inter
694 1558 973 1627 perfectos,
1003 1560 1319 1627 sapientiam
1363 1570 1543 1616 autem
1577 1579 1680 1617 non
1713 1564 1814 1618 hu-

219 1643 309 1715 ius
338 1647 541 1712 mundi,
573 1657 625 1702 et
660 1649 958 1719 principum
990 1652 1172 1705 seaculi
1201 1652 1382 1722 hujus,
1423 1655 1514 1726 qui
1544 1656 1820 1711 destruen—

220 1750 315 1794 tur
330 1739 395 1793 ³⁸.
415 1738 683 1795 Rixentur
696 1750 880 1796 autem
897 1741 966 1797 de
991 1743 1191 1810 verbis,
1213 1753 1308 1799 aut
1331 1746 1673 1817 dogmatibus
1686 1765 1818 1804 con-

228 1831 545 1897 tendentes,
567 1841 626 1887 et
638 1832 1104 1903 blasphemaverit
1137 1834 1281 1891 ﬁlius
1295 1837 1538 1894 mulieris
1559 1838 1827 1896 lsraeliti-'

220 1924 314 1980 dis
356 1939 597 1979 nomen:
628 1925 701 1980 sit
735 1925 884 1981 enim
925 1926 1031 1982 hoc
1076 1929 1296 1999 quando
1334 1931 1381 1985 is
1412 1931 1506 2001 qui
1552 1933 1820 2003 sapientia

218 2018 487 2073 exteriori
514 2018 675 2073 hesus
715 2026 821 2085 est,
865 2021 1205 2077 mentionem
1245 2022 1375 2078 facit
1414 2023 1644 2081 Christi.
1697 2026 1820 2082 Vidi

222 2109 404 2174 enim,
451 2109 580 2179 quia
605 2109 768 2165 nimis
823 2111 1180 2167 subtilitatem
1243 2130 1486 2186 sequens
1547 2117 1825 2187 legislator

222 2204 307 2259 ait
334 2220 350 2258 :

301 2300 541 2371 Cumque
574 2300 982 2371 btasphemasset
1015 2316 1220 2356 nomen.
1261 2299 1418 2367 Quod
1452 2312 1634 2357 autem
1662 2310 1823 2368 tacet,

227 2390 470 2445 necdum
501 2391 647 2445 enim
678 2392 899 2461 quando
929 2393 1035 2446 hoc
1074 2392 1427 2447 sanciebatur
1461 2403 1579 2447 erat
1613 2405 1826 2460 notum,

225 2483 365 2551 quia
380 2482 614 2537 necdum
641 2491 805 2538 natus
822 2493 939 2538 erat
961 2483 1029 2548 is,
1056 2484 1148 2553 qui
1176 2499 1242 2537 ex
1282 2484 1511 2555 virgine,
1542 2493 1597 2539 et
1622 2484 1827 2555 Spiritu

228 2583 427 2629 sancto
452 2574 770 2631 incarnatus
799 2584 905 2640 est,
943 2576 1011 2631 de
1043 2591 1151 2646 quo
1179 2576 1316 2631 dixit
1349 2577 1561 2632 Gabriel
1588 2595 1603 2630 :
1636 2579 1699 2632 Et
1741 2596 1829 2633 vo-

228 2672 429 2722 cabunt
480 2684 666 2721 nomen
719 2669 833 2737 ejus
863 2668 1062 2733 Iesum,
1087 2671 1198 2739 ipse
1228 2670 1367 2722 enim
1429 2670 1633 2723 salvum
1673 2671 1829 2741 faciet

232 2761 493 2830 populum
531 2777 687 2815 suum
716 2777 749 2814 a
785 2762 1013 2829 peccatis
1059 2776 1240 2815 eorum
1282 2760 1348 2814 ³¹.
1400 2759 1602 2815 Paulus
1640 2770 1825 2815 autem

230 2863 505 2926 quantum
535 2855 604 2910 sit
644 2855 748 2909 hoc
785 2870 984 2909 nomen
1012 2854 1310 2910 ostendens
1335 2853 1411 2908 ait
1443 2872 1454 2907 :
1506 2852 1569 2907 Et
1614 2854 1756 2907 dedit
1784 2855 1832 2907 ei

239 2945 387 3001 Deus
423 2960 612 2998 nomen
647 2958 804 3012 super
847 2960 1000 2998 omne
1048 2960 1258 3006 nomen,
1299 2953 1355 2997 ut
1388 2944 1446 2995 in
1476 2945 1683 2997 nomine
1707 2943 1833 2997 Jcsu

234 3052 397 3091 omne
407 3053 541 3106 genu
557 3037 824 3105 ﬂectatur,
839 3036 1148 3098 ccclestium,
1168 3037 1511 3098 terrestrium,
1533 3043 1581 3087 et
1598 3036 1835 3106 inferno-

237 3145 366 3183 rum
396 3127 713 3194 ".Quando
737 3144 868 3201 ergo
890 3129 955 3194 is,
986 3128 1080 3199 qui
1107 3128 1160 3182 in
1197 3127 1466 3198 sapientia
1498 3127 1744 3192 conﬁdit,
1780 3137 1837 3184 et

239 3220 487 3277 intendit
536 3219 822 3285 exteriori,
878 3236 1000 3290 qua:
1048 3220 1183 3275 dicit
1241 3236 1493 3291 parvum,
1553 3235 1836 3292 magnum,

246 3313 555 3370 maximum
577 3332 591 3381 ;
621 3323 677 3370 et
700 3315 918 3386 gradus,
936 3313 1082 3384 quod
1109 3313 1449 3384 impossibile
1470 3321 1572 3380 est,
1589 3312 1843 3385 exquiret

240 3407 303 3462 in
337 3405 645 3470 divinitate,
682 3405 1142 3475 hlaspbemaverit
1169 3419 1372 3460 nomen
1409 3404 1613 3463 Christi
1653 3425 1666 3461 :
1699 3407 1842 3463 blas-

238 3499 471 3571 pbemat
496 3497 643 3552 enim
664 3493 886 3562 Filium,
909 3495 999 3566 qui
1033 3511 1159 3550 eum
1185 3492 1330 3550 Patri
1358 3493 1496 3553 dicit
1527 3497 1795 3554 minorem
1826 3516 1840 3553 :

246 3598 413 3646 extra
462 3599 638 3646 castra
682 3588 995 3644 necessarie
1041 3588 1353 3658 expellitur,
1386 3600 1441 3644 et
1468 3605 1499 3645 a
1529 3592 1845 3662 spectaculo

240 3681 511 3738 Ecclesiae
555 3679 831 3736 educitur.
883 3679 988 3747 Qui
1028 3688 1214 3735 autem
1259 3681 1573 3750 audierunt,
1639 3695 1847 3754 ponent

241 3789 447 3829 manus
465 3788 595 3829 suas
619 3788 785 3844 super
825 3773 1139 3844 caputeius
1178 3792 1193 3830 :
1227 3775 1582 3833 ostendentes
1618 3792 1719 3847 per
1753 3792 1847 3833 ca-

241 3874 368 3934 put,
396 3865 524 3937 quia
552 3874 717 3936 caput
743 3881 869 3921 vere
911 3865 1185 3934 Christus,
1232 3875 1396 3938 caput
1433 3876 1612 3923 autem
1642 3868 1847 3925 Christi

243 3963 398 4019 Deus
433 3981 445 4018 :
482 3962 608 4034 quia
634 3963 727 4034 qui
775 3962 973 4019 Filium
1005 3963 1427 4036 blasphemavit,
1460 3973 1517 4020 et
1539 3963 1762 4020 Patrem
1787 3965 1843 4020 in

238 4058 346 4112 iilo
373 4056 795 4127 blasphemavit.

308 4151 381 4206 Et
410 4149 607 4222 tapidet
633 4167 754 4206 eum
779 4153 1004 4222 populus
1034 4154 1323 4209 universus.
1348 4151 1452 4220 Qui
1484 4152 1748 4209 occidunt
1787 4162 1845 4208 et

240 4244 575 4314 disperdunt
602 4258 729 4299 eum
750 4245 844 4316 qui
874 4245 1291 4315 blasphemavit.
1324 4243 1433 4301 Sed
1463 4253 1519 4300 et
1538 4245 1657 4300 haec
1680 4244 1847 4301 verba

242 4337 419 4408 hujus
446 4336 749 4392 sanctionis
768 4346 1073 4408 opportune
1098 4344 1251 4401 nota,
1272 4352 1382 4409 quo
1408 4337 1571 4393 modo
1595 4337 1849 4393 adduxe-

243 4439 386 4486 runt
412 4445 538 4485 eum
563 4430 633 4485 ad
664 4427 910 4503 Moysen.
958 4428 1082 4499 Ipse
1129 4437 1318 4484 autem
1350 4442 1461 4483 non
1508 4443 1572 4483 ex
1608 4429 1850 4484 auctori-

246 4530 368 4577 tate
397 4521 530 4593 agit,
552 4536 658 4576 nec
689 4520 901 4592 profert
943 4528 1135 4576 contra
1184 4536 1310 4576 eum
1353 4523 1706 4586 sententiam,
1750 4520 1847 4576 sed

1915 642 1970 689 et
1985 633 2074 704 qui
2091 633 2760 704 blasphemavcritnomen
2774 630 3011 695 Dumini,
3033 637 3208 685 morte
3220 629 3503 684 moriatur.

1917 724 2216 795 Lapidibus
2251 726 2529 797 opprimet
2554 740 2681 779 eum
2712 723 2893 779 omnis
2927 721 3243 788 multitudo,
3278 721 3393 777 sive
3419 720 3509 776 ille

1917 817 2053 872 civis
2105 817 2220 873 sive
2270 817 2591 889 peregrinus
2643 814 2831 871 fuerit.
2883 813 2989 882 Qui
3045 813 3530 886 blasphemaverit.

1916 929 2117 969 nomen
2158 911 2395 977 Domini,
2423 918 2601 966 morte
2626 908 2912 965 moriatur.
2957 927 2976 960 ι

1990 1006 2201 1062 Novum
2232 1006 2343 1069 hic,
2405 1014 2462 1060 et
2486 1006 2630 1075 quod
2666 1003 2960 1060 conturbet
2996 1017 3159 1058 aures
3210 1002 3516 1059 multorum

1920 1096 2222 1152 secundum
2280 1095 2577 1150 editionem
2629 1094 2773 1149 LXX
2807 1093 3060 1165 prarcipit
3092 1112 3106 1148 :
3136 1090 3339 1158 Homo,
3355 1093 3511 1150 homo

1920 1191 2216 1260 quicunque
2260 1187 2593 1241 maledixerit
2648 1186 2777 1253 Deo,
2827 1197 3099 1256 peccatum
3122 1185 3367 1255 accipiet,
3420 1185 3513 1257 qui

1920 1290 2098 1336 autem
2139 1280 2377 1335 nominat
2421 1296 2607 1333 nomen
2655 1279 2892 1346 Domini,
2942 1288 3107 1334 morte
3135 1279 3420 1333 moriatur.
3444 1274 3514 1332 Et

1920 1372 2353 1444 blasphemando
2382 1371 2573 1436 Deum,
2597 1369 2881 1426 nominare
2903 1386 3101 1426 nomen
3137 1368 3353 1426 Domini
3391 1383 3513 1441 gra—

1922 1468 2044 1522 vius
2070 1475 2155 1521 est
2183 1484 2194 1519 :
2228 1479 2350 1518 nam
2384 1463 2475 1518 ille
2504 1462 2722 1533 quidem
2755 1470 3042 1533 peccatum
3074 1461 3274 1532 accipit
3302 1460 3512 1522 solum-

1922 1557 2108 1622 modo,
2146 1556 2236 1611 ille
2269 1564 2322 1609 et
2373 1566 2592 1625 poenam
2644 1553 2880 1608 sustinet
2922 1553 3132 1608 mortis.
3179 1551 3316 1618 ρυω
3362 1551 3510 1608 enim

1924 1647 2237 1704 differentia
2270 1647 2413 1701 inter
2429 1646 2717 1700 Dominum
2743 1654 2798 1699 et
2828 1645 2999 1699 Deum
3030 1644 3272 1699 ?Nonne
3291 1644 3382 1699 hic
3412 1643 3515 1699 istc

1926 1740 2040 1809 ipsc
2070 1738 2267 1809 estqui
2296 1739 2432 1793 dixit
2458 1756 2470 1792 :
2493 1738 2655 1803 Audi,
2698 1735 2890 1803 Israel,
2923 1737 3177 1791 Dominus
3205 1734 3344 1790 Deus
3371 1745 3514 1801 tuus,

1925 1831 2066 1887 Deus
2095 1847 2230 1885 unus
2257 1840 2333 1884 est
2366 1830 2431 1884 ³⁸.
2463 1831 2529 1885 Et
2557 1846 2746 1884 rursus
2771 1848 2782 1883 :
2810 1829 3011 1900 Diliges
3039 1826 3321 1883 Dominum
3346 1826 3515 1882 Deum

1925 1936 2074 1980 tuum
2095 1941 2159 1979 ea:
2174 1933 2282 1978 toto
2299 1924 2454 1977 corde
2481 1919 2935 1986 tuo".Quomodo
2962 1935 3093 1991 ergo
3114 1918 3208 1990 qui
3236 1917 3516 1974 maledixit

1924 2018 2059 2083 Deo,
2091 2024 2380 2087 peccatum
2415 2013 2635 2084 accipit,
2668 2013 2761 2083 qui
2795 2020 2979 2067 autem
3021 2010 3386 2069 nominaverit
3412 2024 3513 2064 no-

1925 2124 2051 2164 men
2080 2107 2303 2163 Domini
2336 2115 2514 2162 morte
2549 2105 2814 2162 morietur
2842 2105 2866 2159 ?
2898 2105 3005 2159 Aut
3033 2104 3191 2174 cujus
3236 2102 3313 2160 rei
3344 2103 3517 2176 gratia

1933 2200 2160 2256 omnino
2211 2214 2390 2270 pinnae
2439 2198 2802 2262 submittitur,
2851 2195 2944 2267 qui
3002 2196 3256 2252 nominat
3316 2212 3518 2253 nomen

1928 2290 2185 2348 Domini?
2211 2290 2468 2345 Invenies
2494 2290 2641 2344 enim
2676 2288 2869 2344 Isaiam
2895 2289 3266 2344 exsultantem
3296 2289 3354 2344 in
3388 2289 3515 2351 hoc,

1928 2397 1985 2442 et
2013 2385 2286 2441 dicentem
2322 2401 2335 2437 :
2368 2380 2610 2447 Domine,
2642 2390 2793 2435 extra
2839 2389 2890 2438 te
2922 2380 3091 2435 alium
3116 2383 3400 2445 nescimus,
3434 2396 3523 2434 no-

1931 2491 2048 2529 men
2092 2484 2241 2528 tuum
2280 2474 2613 2527 nominamus
2633 2472 2696 2525 ³⁷.
2719 2470 2875 2538 Quod
2917 2486 3047 2544 ergo
3070 2487 3273 2528 nomen
3306 2469 3519 2527 Domini

1931 2572 2053 2643 quis
2086 2569 2398 2636 nominans,
2436 2569 2538 2624 sub
2566 2567 2860 2624 maledicto
2897 2574 2954 2623 et
2985 2569 3089 2624 sub
3133 2583 3296 2639 poena
3332 2567 3525 2622 mortis

1932 2662 2167 2719 eﬂicitur
2190 2663 2216 2716 ?
2249 2659 2532 2731 Siquidem
2566 2658 2787 2729 aliquod
2822 2659 3001 2715 latens
3038 2674 3264 2724 nomen,
3289 2666 3346 2711 et
3377 2656 3525 2726 quod

1932 2770 2035 2810 nos
2056 2755 2396 2826 ignoramus,
2430 2749 2711 2822 legislator
2729 2766 2879 2806 nunc
2908 2750 3059 2813 dicit,
3086 2749 3234 2820 quod
3277 2747 3332 2801 in
3377 2746 3528 2801 Scri-

1936 2857 2095 2920 ptura
2150 2858 2303 2901 sacra
2347 2856 2457 2897 non
2483 2849 2568 2897 est
2590 2841 3003 2898 manifestatum
3031 2857 3043 2894 :
3076 2837 3350 2910 quomodo
3377 2836 3530 2908 quis-

1928 2938 2083 3011 piam
2112 2939 2214 2994 hoc
2248 2938 2516 3003 nominet,
2553 2935 2698 3008 quod
2726 2950 2837 2988 non
2868 2933 3056 2989 didicit
3082 2974 3095 2995 ,
3132 2946 3236 2987 nec
3284 2930 3350 2986 ad
3414 2945 3532 2986 me—

1938 3033 2091 3089 dium
2125 3031 2376 3104 proferre
2393 3030 2624 3104 potest?
2658 3027 2794 3083 Vide
2823 3036 3003 3081 autem
3033 3023 3163 3095 quid
3202 3023 3360 3080 nobis
3389 3022 3533 3078 Deus

1939 3140 2040 3198 per
2088 3125 2312 3198 Moysen
2376 3119 2815 3179 maniiestaverit
2852 3136 2865 3172 :
2905 3117 3142 3186 Cumque
3187 3114 3533 3169 descendisset

1953 3219 2211 3273 Dominus
2254 3234 2349 3288 per
2385 3216 2595 3279 nubent,
2627 3213 2768 3267 stetit
2801 3227 2918 3265 rum
2945 3226 3003 3263 eo
3030 3207 3249 3278 Moyses,
3286 3206 3534 3259 invocans

1950 3327 2138 3366 nomen
2184 3307 2420 3371 Domini,
2446 3322 2548 3378 quo
2581 3310 2883 3359 transeunte
2904 3317 3083 3355 coram
3115 3314 3174 3353 eo
3204 3299 3322 3353 ait:
3349 3295 3534 3350 Domi-

1947 3412 2103 3458 nator
2117 3401 2336 3455 Domine
2350 3398 2489 3453 Deus
2507 3389 2802 3449 misericors
2819 3400 2866 3445 et
2885 3390 3105 3445 clemens
3121 3388 3185 3443 ³⁸.
3204 3387 3323 3443 Non
3352 3394 3533 3442 autem

1947 3498 2055 3552 hoc
2100 3493 2264 3548 nobis
2309 3489 2706 3550 manifestaret,
2758 3485 2801 3538 si
2835 3498 2934 3539 nos
2961 3483 3064 3537 hoc
3093 3496 3203 3535 non
3247 3478 3536 3535 nominare.

1946 3588 2229 3647 voluisset.
2256 3584 2365 3640 Sed
2393 3582 2539 3637 aliud
2573 3594 2717 3635 nunc
2746 3593 2845 3647 per
2874 3573 3218 3644 praesentiam
3264 3571 3538 3643 legislator

1948 3682 2289 3738 demonstrat
2318 3693 2330 3728 :
2368 3673 2515 3728 illam
2535 3670 2680 3726 enim
2706 3664 3124 3739 blasphemiam,
3157 3678 3322 3734 quam
3351 3662 3536 3717 scien-

1949 3778 2021 3833 do
2040 3775 2164 3846 quis
2193 3770 2506 3833 committit,
2538 3764 2683 3823 hanc
2712 3765 2815 3820 sub
2850 3776 3012 3833 paena
3044 3759 3281 3815 maxima
3312 3772 3457 3822 esse,
3482 3762 3540 3810 et

1948 3887 2060 3926 non
2078 3866 2347 3924 venialem
2373 3863 2507 3920 vult.
2533 3859 2715 3915 Ethoc
2732 3855 2863 3912 dicit
2886 3865 3093 3926 aperte,
3108 3850 3254 3924 quod
3282 3850 3339 3905 in
3354 3849 3540 3904 Evan-

1948 3948 2106 4034 geliis
2142 3956 2406 4014 Dominus
2430 3953 2502 4008 ait
2541 3949 2747 4006 :Omne
2784 3954 3077 4015 peccatum,
3110 3951 3161 3997 et
3209 3939 3537 4034 blasphemia

1950 4026 2249 4107 dimittetur
2276 4043 2593 4101 hominibus.
2626 4038 2729 4105 Qui
2757 4046 2941 4091 autem
2968 4033 3162 4088 dixerit
3191 4039 3375 4086 contra
3410 4026 3538 4099 Spi-

1951 4145 2113 4199 ritum
2138 4147 2402 4199 sanctum,
2423 4151 2527 4189 non
2543 4132 2842 4187 dimittetur
2861 4127 2908 4181 ei
2916 4170 2929 4193 ,
2956 4139 3121 4195 neque
3138 4124 3192 4176 in
3212 4123 3307 4176 hoc
3323 4118 3537 4180 sazculo,

1952 4254 2119 4309 neque
2154 4236 2211 4289 in
2245 4234 2424 4305 futuro
2453 4229 2515 4282 ”.
2544 4221 2946 4295 Blaspbemiam
2987 4216 3235 4289 spiritus,
3265 4228 3386 4269 eam
3415 4225 3541 4282 quas

1952 4332 2007 4386 in
2031 4304 2268 4385 scientia
2293 4324 2390 4379 Dei
2415 4316 2792 4380 committitur,
2817 4309 3211 4384 blasphemiam
3236 4304 3540 4379 appellans,

1952 4423 2078 4494 quia
2108 4417 2353 4476 scientia
2377 4417 2581 4471 donum
2616 4419 2702 4465 est
2727 4407 3044 4481 specialiter
3084 4402 3344 4474 Spiritus,
3373 4400 3445 4454 ita
3482 4406 3538 4453 ut

1952 4515 2155 4571 Paulus
2185 4511 2392 4568 diceret
2411 4527 2426 4563 ι
2444 4507 2585 4562 Huic
2609 4504 2820 4574 quidem
2853 4501 3013 4555 datur
3033 4512 3127 4567 per
3141 4494 3403 4565 Spiritum
3427 4508 3539 4546 ser—

244 4612 406 4670 misit
432 4629 557 4669 eum
602 4614 659 4668 in
691 4628 988 4678 carcerem,
1022 4620 1082 4667 ut
1135 4612 1461 4682 diiudicaret
1510 4625 1606 4680 per
1642 4610 1847 4682 prm'ce-
1882 4631 1927 4686 Ι)
1956 4626 2039 4663 mo
2067 4604 2366 4675 sapientiae,
2397 4600 2492 4654 alii
2521 4613 2692 4653 sermo
2712 4594 2955 4650 scientia.l
2972 4591 3042 4644 “.
3072 4586 3440 4686 Quamobrem
3488 4591 3547 4686 et

246 4717 412 4779 ptum
442 4707 678 4763 Domini.
703 4707 840 4762 Nam
871 4704 1104 4762 Mosaica
1136 4706 1244 4769 lex,
1267 4706 1397 4760 odio
1430 4704 1651 4776 quidem
1684 4704 1851 4761 habet

249 4801 375 4871 ipsa
392 4798 593 4854 Filium
624 4799 1119 4869 blasphemantem,
1143 4797 1288 4868 quod
1317 4795 1667 4851 manife'stum
1685 4803 1850 4851 estex

247 4906 349 4957 eo,
378 4891 527 4963 quod
562 4889 880 4962 frequenter
911 4888 1199 4944 Trinitatis
1235 4889 1479 4944 insinuat
1505 4887 1847 4960 mysterium,

252 4986 397 5058 (non
436 4983 655 5054 quidem
700 4989 909 5053 aperte,
941 4996 1046 5036 nec
1084 4980 1163 5035 sic
1192 4980 1355 5050 plane
1380 4980 1449 5036 de
1479 4994 1543 5035 ea
1585 4979 1848 5049 loquitur,

258 5075 417 5130 sicut
465 5071 865 5144 Evangelium),
888 5081 945 5126 et
973 5078 1262 5141 propterea
1312 5084 1436 5123 eum
1484 5069 1551 5123 ad
1582 5068 1848 5138 judicium

251 5165 648 5222 mandatorum
678 5164 888 5219 Domini
944 5162 1263 5217 reservavit.
1313 5160 1849 5226 Quorum?lllormn

253 5262 537 5325 videlicet,
568 5275 691 5331 quae
715 5261 939 5315 dicunt:
963 5255 1065 5323 Qui
1090 5272 1193 5310 non
1219 5255 1383 5310 credit
1410 5250 1539 5306 -inF
1540 5252 1690 5306 ilium
1730 5252 1851 5321 jam

244 5357 532 5428 judicatus
577 5361 655 5408 est
682 5353 749 5407 ⁸³.
777 5353 846 5407 Et
878 5364 1068 5405 rursus
1089 5366 1103 5403 :
1122 5347 1180 5404 Si
1211 5364 1314 5401 non
1342 5346 1688 5407 credideritis,
1725 5345 1851 5413 quia

251 5460 356 5517 ego
383 5459 521 5509 sum,
540 5442 839 5497 moriemini
861 5441 917 5495 in
936 5440 1161 5507 peccatis
1179 5436 1432 5493 vestris“.
1458 5435 1730 5503 Multaque
1749 5434 1850 5488 alia

260 5535 393 5595 talia
414 5535 469 5588 in
494 5532 825 5602 evangelicis
862 5529 1153 5601 praeceptis
1184 5527 1350 5583 dicta.

334 5622 503 5680 Vens.
540 5623 720 5680 I546.
765 5642 784 5675 ι
825 5621 894 5678 Et
925 5622 991 5678 ad
1023 5621 1161 5677 ﬁlios
1182 5618 1346 5675 Israel
1385 5616 1654 5687 loqueris:
1681 5614 1855 5670 Homo

340 5783 392 5841 3’
427 5779 563 5836 Gen.
620 5793 792 5842 xxxii,
822 5776 879 5832 9..
994 5775 1039 5808 ³ο
1071 5774 1090 5829 I
1125 5773 1254 5829 Cor.
1292 5787 1367 5838 31,,
1388 5770 1441 5826 6.

264 5855 359 5911 Ἥ,
476 5851 521 5883 ⁸⁵
558 5851 713 5903 Deut.
748 5841 820 5914 vi,
855 5848 905 5901 .‘i.
986 5845 1029 5877 ³ο
1059 5845 1249 5900 Matth.
1284 5857 1416 5907 xxii,
1450 5841 1541 5897 '57.

290 5926 332 5955 "°
358 5921 381 5978 I
407 5920 533 5978 Cor.
570 5937 664 5988 xn,
700 5920 754 5972 8.

1555 5770 1598 5801 ³⁸
1627 5769 1760 5824 Luc.
1793 5784 1833 5829 ι,
1863 5766 1953 5822 51.

1656 5841 1695 5871 ³⁷
1724 5838 1826 5892 Isa.
1860 5853 1982 5903 κων,
2021 5837 2072 5891 5.

1959 4714 2109 4756 nunc
2140 4693 2398 4765 intelligis
2424 4689 2756 4747 maledicere
2801 4685 2994 4746 Deum,
3035 4679 3131 4752 qui
3171 4691 3290 4733 ncn
3319 4675 3544 4732 sciendo

1958 4786 2321 4861 blasphemat.
2345 4784 2505 4841 Unde
2521 4795 2624 4836 nec
2638 4778 3021 4849 blasphemare
3038 4786 3164 4827 eum
3180 4767 3544 4841 Symmachus

1959 4860 2101 4940 sicut
2130 4879 2302 4935 ﬁlium
2324 4874 2582 4931 mulieres
2610 4869 2938 4926 Israelitidis
2960 4863 3200 4936 scripsit,
3241 4861 3335 4918 sed
3358 4860 3540 4916 detra~

1959 4977 2116 5032 bere.
2146 4972 2289 5027 Dixit
2312 4969 2459 5025 enim
2494 4985 2507 5022 :
2542 4965 2710 5020 Homo
2732 4963 2822 5035 qui
2850 4959 3140 5016 detraxerit
3175 4956 3283 5011 Deo
3320 4970 3433 5009 suo.
3477 4951 3547 5007 Et

1960 5079 2058 5135 per
2088 5063 2193 5116 hoc
2220 5059 2455 5115 maxime
2485 5053 2812 5116 ostenditur,
2844 5050 2970 5121 quia
3000 5063 3099 5118 per
3130 5045 3355 5101 nimiam
3391 5042 3547 5113 igno-

1957 5134 2213 5219 rantiam,
2242 5169 2304 5208 ea
2329 5152 2398 5208 de
2426 5152 2555 5215 Deo,
2577 5164 2697 5217 qua:
2730 5147 2798 5200 de
2822 5143 3045 5199 homine
3070 5140 3241 5195 habet
3262 5136 3317 5191 in
3342 5134 3543 5206 quibus

1957 5250 2135 5305 locum
2176 5247 2344 5302 habet
2374 5240 2657 5306 detractio,
2703 5240 2905 5293 dicere.
2952 5234 3338 5289 Verumtamen
3378 5234 3434 5281 et
3464 5224 3545 5281 sic

1959 5348 2243 5411 peccatum
2259 5336 2477 5406 accipit,
2496 5333 2622 5403 quia
2644 5332 2771 5386 dum
2792 5328 3017 5384 deberet
3033 5323 3317 5411 scientiam
3335 5319 3543 5411 habere

1957 5407 2065 5482 non
2090 5425 2300 5482 habuit.
2317 5423 2612 5478 Nominare
2630 5427 2810 5473 autem
2830 5431 3030 5470 nomen
3059 5410 3271 5467 Domini
3298 5409 3356 5464 in
3376 5407 3544 5462 male-

1962 5519 2198 5576 dicendo
2238 5518 2313 5572 ait
2349 5531 2500 5579 eum,
2553 5511 2645 5583 qui
2712 5511 2764 5564 in
2801 5507 3028 5563 scientia
3067 5504 3429 5574 hlasphemat.
3472 5496 3541 5553 lii

1963 5619 2144 5668 autem
2176 5606 2397 5679 prooric
2434 5603 2720 5660 Dominum
2762 5599 3070 5663 nominant,
3095 5594 3329 5666 quiejus
3367 5591 3547 5648 scieno

2343 5759 2521 5820 ".10.
2599 5755 2822 5812 "Joan.
2853 5767 2934 5813 ιιι,
2978 5751 3064 5803 18.
3141 5748 3368 5820 “toan.
3419 5761 3538 5811 vm,

2033 5765 2077 5796 ”
2111 5763 2306 5832 Philip.
2343 5776 2405 5820 ιι.
2438 5763 2521 5813 it).
2599 5763 2822 5812 “toan.
2853 5767 2934 5813 ιιι,
2978 5763 3064 5803 ιδ.
3141 5763 3368 5804 "toan.
3419 5763 3538 5811 vm,

2033 5838 2072 5888 5.
2176 5834 2218 5865 ³⁸
2250 5831 2417 5887 ι’ῖχοιι.
2452 5845 2633 5888 xxxiv.
2672 5825 2725 5879 5.
2841 5825 2884 5855 ³⁹
2916 5820 3111 5876 Matth.
3143 5834 3240 5888 xu,
3275 5817 3365 5883 5!,
3398 5819 3490 5872 5'3.
3520 5864 3548 5881 ,,

2176 5834 2218 5865 ³⁸
2250 5825 2417 5887 I'Ixod.
2452 5845 2633 5894 xxxrv,
2672 5825 2725 5879 5.
