3892 6438
411 386 549 457 110⁸1

1610 394 1973 459 HESYl‘llll
2021 390 2504 457 PRESBYTERI

3531 390 3637 459 ικιδ

402 504 537 561 tiam
567 501 989 573 conquisierunt
1020 518 1117 574 per
1147 503 1438 574 Spiritum.
1471 503 1639 559 Nemo
1676 507 1815 563 enim
1837 517 2008 576 potest
2042 516 2086 569 Α
2116 505 2222 563 Sed
2249 514 2306 563 et
2335 504 2377 560 si
2405 495 2740 574 percusserit
2768 498 2991 563 animal,
3034 497 3284 555 videlicet
3326 513 3442 555 eum
3464 500 3545 568 qui
3564 517 3642 572 pe-

405 598 629 662 dicere:
656 594 911 650 Dominus
947 594 1122 662 Jesus,
1155 598 1617 668 quemadmodum
1647 596 1856 655 Paulus
1892 598 1991 668 ait,

408 688 511 742 nisi
530 688 586 741 in
607 685 810 758 Spiritu
835 686 1127 742 sancto“°‘.
1152 687 1291 755 Quia
1318 704 1444 759 ergo
1471 688 1705 745 scientes
1738 690 1996 760 blasphe-

410 786 585 845 mant,
616 787 762 832 recte
788 792 917 833 sunt
939 778 1057 833 sine
1088 778 1270 845 venia,
1306 778 1422 834 sive
1456 794 1487 833 a
1529 779 1781 834 Patribus
1813 781 1997 835 scien-

414 871 544 937 tiam
579 871 809 935 habent,
841 882 895 927 et
925 873 1267 943 appellantur
1297 881 1520 943 propter
1550 872 1655 927 hoc
1682 873 1850 939 cives,
1883 874 1999 928 sive

413 963 578 1019 modo
609 977 731 1018 eam
779 963 1091 1019 didicerunt
1129 972 1185 1018 et
1216 974 1503 1035 propterea
1532 974 1661 1020 sunt
1705 965 1995 1037 peregrini.

413 1058 551 1111 Cum
577 1056 872 1110 nominant
913 1071 1044 1128 ergo
1069 1072 1275 1113 nomen
1310 1056 1554 1121 Domini,
1580 1065 1728 1112 recte
1760 1059 2002 1112 morien-

416 1161 505 1204 tur
538 1166 551 1203 :
586 1149 639 1203 id
690 1158 793 1210 est.
827 1164 952 1229 cum
994 1149 1281 1205 nominant
1311 1159 1367 1205 ct
1394 1150 1799 1221 blasphemant.
1838 1150 2003 1205 Vides

413 1252 566 1307 ergo,
591 1235 718 1305 quia
747 1245 800 1290 et
844 1234 934 1290 ille
966 1235 1233 1291 lsraelicce
1262 1238 1511 1293 mulieris
1565 1237 1871 1293 nominavit
1902 1253 2004 1291 no-

413 1312 562 1393 men,
610 1338 666 1383 et
707 1327 1128 1397 blasphemavit,
1184 1344 1403 1398 poenam
1452 1328 1559 1384 sibi
1602 1327 2001 1399 superinduxit.

415 1415 527 1471 Sed
569 1418 625 1471 in
668 1418 772 1475 hac
804 1418 1088 1472 sanctione
1134 1419 1239 1472 hoc
1299 1419 1445 1489 quod
1494 1420 1708 1474 videtur
1753 1418 2005 1483 dubium,

413 1507 610 1580 Aquila
645 1509 859 1579 planius
887 1510 1079 1575 edidit,
1103 1510 1183 1565 ait
1211 1511 1358 1565 enim
1397 1529 1408 1562 :

500 1619 593 1677 Vir
613 1628 823 1693 quando
852 1623 1293 1694 blaspltemaverit
1320 1622 1486 1677 Deum
1522 1640 1699 1687 suum,
1727 1633 1775 1678 et
1795 1640 2012 1694 accepe-

416 1715 487 1767 rit
535 1714 873 1785 iniquitatem
917 1716 1038 1778 sibi,
1075 1725 1124 1770 et
1145 1716 1487 1770 denominans
1531 1732 1719 1771 nomen
1768 1715 2009 1782 Domini,

418 1816 585 1865 morte
602 1807 880 1860 moriatur.
899 1807 1020 1863 Non
1035 1807 1189 1873 dixit,
1205 1807 1514 1875 nominans,
1530 1808 1625 1863 sed
1641 1809 2006 1874 denominans,

418 1904 479 1950 ut
503 1895 671 1961 hunc,
705 1896 772 1951 de
788 1913 897 1967 quo
926 1912 1076 1962 nunc
1101 1913 1284 1953 sermo
1300 1906 1404 1960 est,
1437 1900 1599 1954 simul
1624 1900 2007 1969 hlasphemarc
2042 1885 2083 1940 Β

416 1993 474 2039 et
510 1986 798 2042 nominare
832 1988 1168 2053 ostenderet,
1208 2004 1356 2055 eum,
1402 1988 1496 2059 qui
1542 1990 1906 2059 blasphemnt,
1950 1999 2007 2045 et

419 2074 668 2134 nominat
692 2091 894 2131 nomen
924 2076 1158 2142 Domini,
1192 2077 1446 2133 videlicet
1478 2078 1728 2149 spiritus.
1762 2079 1838 2134 ait
1875 2096 2007 2151 ergo

419 2166 620 2221 Paulus
674 2166 928 2222 Dominus
960 2169 1100 2224 enim
1148 2168 1383 2240 Spiritus
1424 2180 1524 2225 est.
1572 2170 1730 2227 Hunc
1772 2174 1912 2227 mori
1953 2182 2009 2228 et

418 2254 595 2309 occidi
632 2257 878 2328 praecipit
906 2258 1207 2330 legislator,
1240 2270 1326 2323 est
1356 2268 1541 2317 autem
1581 2262 1629 2317 is
1651 2262 1744 2333 qui
1782 2263 2010 2320 sciendo

418 2345 785 2415 blasphemat,
824 2350 967 2409 sicut
992 2352 1163 2406 semel
1193 2352 1451 2408 diximus.

445 2476 454 2488 .
491 2437 655 2493 Vsus.
692 2441 885 2496 17-22.
933 2462 952 2496 r
997 2443 1100 2510 Qui
1138 2445 1473 2515 percusserit
1496 2456 1554 2502 et
1600 2448 1861 2505 occiderit
1906 2450 2009 2505 ho-

421 2531 649 2600 minem,
694 2542 870 2589 morte
915 2538 1209 2592 moriatur.
1248 2536 1351 2604 Qui
1400 2541 1738 2609 percusserit
1784 2543 2008 2607 animal,

420 2624 612 2690 reddat
645 2624 931 2691 vicarium,
962 2626 1014 2681 id
1051 2636 1135 2683 est
1157 2629 1399 2684 animam
1431 2645 1531 2700 pro
1562 2632 1770 2687 anima.
1804 2631 1911 2699 Qui
1939 2632 2015 2688 ir-

428 2716 700 2786 rogaverit
749 2717 1019 2775 maculam
1074 2718 1302 2776 cuilibet
1342 2720 1547 2777 civium
1585 2738 1838 2789 suorum,
1871 2725 2015 2781 sicut

421 2806 555 2871 fecit
585 2805 747 2861 faciat
786 2806 836 2860 ei
862 2822 877 2860 :
904 2806 1201 2863 fracturam
1235 2826 1334 2881 pro
1376 2810 1637 2877 fractura,
1672 2815 1893 2870 oculum
1913 2832 2015 2886 pro

422 2897 605 2961 oculo,
633 2897 855 2952 dentem
884 2913 986 2968 pro
1008 2898 1174 2957 dente
1199 2901 1472 2959 restituet.
1500 2902 1728 2970 Qualem
1755 2905 2015 2962 inﬂixerit

423 2989 715 3055 maculam,
759 2991 920 3044 talem
964 2990 1240 3046 sustinere
1269 2992 1500 3064 cogitur.
1536 2995 1640 3062 Qui
1685 2999 2016 3067 percusserit

417 3085 753 3153 jumeutum,
793 3085 983 3165 reddet
1017 3085 1183 3140 aliud.
1212 3085 1315 3152 Qui
1352 3090 1681 3159 percusserit
1710 3092 2013 3156 hominem,

427 3174 703 3244 punietur.
722 3174 963 3245 JEquum
988 3177 1260 3246 judicium
1289 3179 1360 3234 sit
1387 3179 1533 3234 inter
1551 3196 1671 3248 vos,
1703 3183 1820 3236 sive
1853 3198 2013 3252 pere-

422 3265 633 3333 grinus,
663 3266 778 3321 sive
805 3267 944 3322 civis
975 3269 1339 3336 peccaverint.
1374 3269 1511 3336 Quia
1538 3287 1639 3342 ego
1676 3288 1797 3337 sum
1825 3272 2014 3328 Domi-

426 3370 532 3416 nus
565 3355 709 3410 Deus
744 3367 944 3421 vester.
988 3375 1007 3407 ι

498 3465 666 3522 Multa
694 3476 747 3523 et
782 3485 933 3525 nunc
968 3472 1362 3540 consequentia
1406 3473 1774 3544 legislatorem
1803 3476 2020 3531 inveni-

428 3575 550 3624 mus
581 3560 680 3625 uti,
713 3560 759 3614 si
792 3561 1086 3624 intentioni
1116 3578 1303 3621 eorum
1325 3581 1447 3635 quin
1470 3566 1670 3636 scripta
1705 3578 1836 3623 sunt
1867 3584 2021 3623 inen-

431 3663 539 3707 tem
572 3653 832 3724 ﬁgamus:
860 3655 1116 3726 quoniam
1147 3657 1296 3711 nulla
1324 3658 1421 3713 Dei
1456 3659 1628 3730 gloria
1654 3677 1718 3716 ex
1754 3663 2017 3737 blasphe-

428 3746 537 3802 mia
572 3748 808 3819 alicujus
843 3750 1080 3804 sustiuet
1109 3751 1549 3809 imminutionem
1579 3771 1681 3811 nec
1720 3758 1805 3812 sui
1837 3758 2013 3828 gratia

431 3840 552 3908 hos,
595 3840 690 3911 qui
722 3856 847 3903 cum
879 3842 1279 3912 blasphemant,
1312 3847 1414 3901 sub
1444 3847 1534 3901 tali
1571 3863 1693 3903 esse
1742 3865 1926 3919 paena,
1967 3859 2024 3913 et

431 3932 719 3999 tormentis
783 3935 1051 4007 praecipit.
1105 3935 1242 3991 Cum
1311 3946 1492 3993 autem
1560 3956 1663 3994 nos
1717 3957 2023 3998 noceamur

429 4022 629 4083 talibus
654 4024 859 4089 verbis,
893 4036 949 4081 et
977 4026 1217 4083 divinam
1259 4028 1578 4087 minuentes
1610 4032 1834 4099 famam,
1867 4035 2022 4106 quod

433 4125 520 4172 est
553 4116 869 4175 hominibus
894 4120 1290 4190 perniciosum,
1339 4123 1593 4195 ignorare
1638 4125 1923 4183 Creatoris
1960 4135 2021 4183 ct

431 4209 740 4263 communis
771 4210 1139 4279 benefactoris
1165 4212 1512 4285 dignitatem,
1549 4225 1697 4272 recte
1728 4221 2024 4288 prtesentia

435 4299 684 4355 subdidit.
723 4317 738 4354 :

508 4408 610 4474 Qui
662 4414 1002 4481 percusserit,
1065 4424 1115 4472 et
1156 4420 1405 4475 occiderit
1455 4422 1741 4490 hominem,
1778 4424 1893 4479 sive
1945 4440 2025 4481 se-

435 4502 676 4558 cundum
738 4505 900 4572 LXX,
946 4507 1051 4574 Qui
1098 4513 1410 4579 percusserit
1475 4514 1716 4568 animant
1767 4516 2019 4585 hominis,

436 4600 605 4646 morte
660 4594 939 4651 moriatur.
1003 4594 1069 4652 Et
1125 4598 1251 4668 quis
1304 4600 1550 4655 hominis
1608 4603 1849 4671 percutit
1905 4607 2028 4659 ani-

437 4699 581 4738 mam
613 4725 626 4750 ,
667 4686 773 4740 nisi
832 4687 924 4756 qui
960 4704 1086 4744 eum
1118 4691 1307 4747 illiciat
1353 4691 1422 4746 ad
1493 4693 1870 4763 impietatem?
1933 4697 2028 4768 qui

438 4793 565 4831 eum
617 4779 683 4834 ad
743 4780 1091 4850 blaspltemos
1144 4784 1311 4840 trahit
1358 4786 1673 4843 sermones?
1714 4786 1770 4842 in
1827 4789 2028 4858 quibus

442 4870 706 4924 moriatur
757 4872 993 4941 pessima
1047 4876 1261 4945 peccati
1312 4886 1535 4949 morte,
1604 4893 1727 4948 qua:
1770 4894 1897 4935 vera
1946 4892 2031 4944 est

442 4974 592 5016 mors
647 4962 866 5019 animae.
922 4963 1153 5035 Pmpter
1203 4968 1352 5038 quod
1406 4980 1583 5031 morte
1642 4972 1781 5026 mori
1840 4973 2027 5041 hunc,

442 5051 534 5120 qui
562 5052 685 5107 talis
733 5063 836 5117 est,
880 5056 1144 5126 praecipit.
1201 5056 1300 5113 llic
1345 5068 1525 5115 tamen
1564 5061 1802 5117 animam
1842 5063 2034 5120 dicens

443 5141 685 5210 hominis
735 5144 1026 5199 animalem
1092 5149 1328 5205 maxime
1395 5150 1672 5206 hominem
1743 5153 1927 5219 dicit,
1980 5155 2035 5211 id

448 5240 533 5289 est
588 5247 752 5301 eum,
831 5236 923 5305 qui
973 5252 1085 5291 non
1130 5247 1314 5308 potest
1372 5242 1674 5316 intelligere
1734 5262 1855 5316 qua:
1906 5258 2037 5304 sunt

447 5329 675 5401 spiritus
707 5372 725 5397 ,
771 5330 840 5386 de
901 5345 1010 5400 quo
1072 5331 1149 5386 ait
1203 5329 1404 5388 Paulus
1453 5353 1465 5389 :
1516 5337 1781 5396 Animalis
1856 5349 2036 5401 autem

447 5422 601 5484 homo
632 5438 735 5476 non
757 5423 980 5492 percipit
1017 5439 1079 5477 ea
1112 5440 1230 5494 qua:
1257 5435 1378 5482 sunt
1409 5428 1648 5497 spiritus.
1689 5428 1932 5485 Stultitia
1960 5440 2036 5489 est

450 5514 589 5573 enim
623 5514 702 5568 illi
731 5522 781 5568 et
810 5530 911 5568 non
955 5527 1121 5581 potest
1176 5518 1492 5591 intelligere,
1549 5522 1674 5592 quia
1723 5523 2037 5591 spiritaliter

450 5606 789 5665 nominatur
805 5607 869 5662 δι.
897 5605 1070 5685 Quem
1091 5608 1183 5690 qui
1206 5614 1559 5681 percusserit,
1585 5626 1761 5671 morte
1781 5617 2034 5671 moritur.

517 5770 585 5819 δ”
601 5787 777 5863 [ρον-τ
793 5804 903 5863 _x1_t,
931 5790 984 5863 ξ.
1087 5789 1130 5823 ⁸⁸
1174 5789 1348 5863 l_(lor.
1380 5811 1436 5862 ιι,
1480 5796 1560 5852 l-i.
1648 5799 1690 5828 ”
1714 5794 1855 5853 Psal.
1884 5811 2069 5863 xum,
2102 5795 2184 5851 l5.

456 5864 574 5924 ut,
599 5856 690 5910 27.
764 5857 811 5890 “
844 5858 984 5914 Psal.
1028 5874 1187 5926 xxxv,
1214 5861 1265 5916 7.

2099 594 2245 649 coris
2281 593 2444 648 modo
2489 591 2645 652 vivit.
2668 591 2748 671 .de
2777 606 2888 661 quo
2924 590 3001 644 ait
3031 587 3232 644 David:
3269 590 3432 643 Homo
3471 606 3572 645 cum
3600 593 3644 648 in

2097 687 2291 741 honore
2321 695 2471 751 esset,
2503 702 2607 738 non
2641 683 2927 747 intellexit,
2961 691 3303 751 comparatus
3341 692 3412 734 est
3432 681 3647 750 jumenm

2099 779 2484 849 insipientibus,
2522 786 2571 831 et
2608 776 2801 831 similis
2831 777 3006 847 factus
3039 783 3118 828 est
3151 774 3225 828 eis
3266 773 3333 838 δ’,
3380 774 3553 829 reddet
3584 777 3649 831 vi-

2100 872 2330 936 carium,
2378 870 2431 925 id
2470 878 2555 924 est
2589 867 2828 922 animam
2875 881 2977 936 pro
3014 867 3219 919 anima.
3256 863 3369 919 Nec
3401 864 3552 928 enim,
3573 868 3649 936 qui

2102 972 2469 1034 peccatorem,
2506 969 2599 1031 aut
2629 959 2975 1028 p0pularem,
3004 965 3063 1011 et
3101 972 3213 1011 non
3244 956 3529 1011 habentem
3563 960 3653 1015 dis-

2102 1054 2401 1109 cretionem
2451 1050 2708 1106 subtilem
2769 1050 2837 1103 de
2872 1048 3004 1113 Deo,
3081 1063 3269 1103 errare
3341 1047 3483 1111 fecit,
3532 1051 3656 1104 venia

2103 1145 2330 1200 omnino
2359 1144 2560 1214 dignus
2587 1152 2693 1197 est.
2728 1140 2785 1195 Si
2816 1149 3004 1196 autem
3052 1155 3165 1194 non
3208 1139 3293 1194 sic
3323 1140 3586 1208 percussit,
3612 1152 3657 1197 ut

2105 1238 2345 1310 perfecte
2379 1253 2503 1292 eum
2542 1237 2610 1292 ad
2645 1235 2987 1306 impietatem
3030 1233 3378 1304 perduceret,
3409 1243 3462 1286 et
3489 1249 3546 1286 es
3569 1243 3656 1288 toto

2106 1347 2231 1386 eum
2274 1345 2463 1386 errare
2495 1328 2703 1385 faceret
2744 1345 2775 1382 a
2807 1328 2940 1391 Deo,
2963 1325 3193 1380 omnino
3227 1334 3409 1380 autem
3450 1326 3657 1394 quaedam

2106 1422 2156 1477 ei
2200 1415 2423 1486 dixerit,
2480 1429 2575 1475 aut
2623 1420 2816 1492 egerit,
2854 1418 3125 1474 maculam
3184 1416 3398 1485 peccati
3444 1415 3660 1486 irrogavit

2109 1513 2412 1570 secundum
2447 1513 2573 1579 hoc,
2607 1522 2664 1566 et
2690 1526 2909 1582 poenam
2938 1508 3271 1574 sustinebit;
3301 1508 3379 1561 ait
3400 1508 3535 1567 enim
3565 1527 3578 1563 :

2181 1629 2284 1695 Qui
2344 1628 2659 1698 irrogaverit
2727 1624 2996 1680 maculam
3058 1622 3276 1677 cuilibet
3327 1622 3509 1676 civium
3562 1638 3661 1676 suo-

2112 1738 2252 1786 rum,
2302 1722 2440 1775 sicut
2507 1721 2658 1792 fecit,
2713 1718 2810 1788 ﬁat
2859 1719 2911 1773 ei
2955 1715 3347 1771 :-Fracturam
3412 1732 3502 1783 pro
3549 1716 3662 1786 fru-

2113 1822 2257 1873 tura,
2310 1812 2428 1868 sive
2473 1821 2536 1866 ut
2585 1810 2751 1875 LXX,
2795 1810 3168 1864 contritionem
3229 1823 3327 1876 pro
3373 1807 3661 1870 contritione,

2112 1905 2319 1958 oculum
2381 1921 2476 1974 pro
2513 1903 2697 1965 oculo,
2742 1902 2951 1956 dentem
2989 1917 3084 1970 pro
3145 1900 3323 1954 dente.
3380 1897 3502 1952 Sive
3549 1897 3662 1952 enim

2111 1996 2391 2062 virtutem,
2446 2011 2611 2065 quam
2664 1996 2851 2057 habuit
2901 1994 3057 2059 civis,
3109 1993 3229 2048 sive
3282 1990 3555 2061 proximus
3596 1988 3663 2044 ille

2111 2089 2251 2144 mala
2294 2088 2501 2143 docens
2554 2098 2651 2141 aut
2704 2087 2965 2151 suadens,
3019 2093 3115 2140 aut
3154 2082 3550 2145 scandalizans.
3594 2089 3665 2136 aut

2078 2216 2083 2221 -
2110 2179 2493 2244 detrahens,et
2513 2178 2855 2233 calumnians
2875 2175 3156 2239 contrivit,
3189 2176 3310 2231 sive
3329 2173 3540 2229 oculum
3553 2172 3664 2240 ejus,

2111 2271 2369 2327 videlicet
2426 2271 2735 2335 scientiam,
2793 2266 3260 2339 unumquodlihet
3322 2265 3663 2336 praedictorum

2112 2377 2278 2434 agens
2322 2361 2565 2421 caecavit.
2598 2368 2695 2415 aut
2737 2360 2980 2423 dentem,
3032 2358 3297 2413 virtutem
3360 2355 3663 2410 verborum:

2112 2453 2305 2509 dentes
2324 2451 2471 2507 enim
2494 2466 2592 2520 pro
2610 2450 2786 2505 verbis
2806 2449 3089 2516 Scriptura
3112 2448 3371 2517 accipere
3390 2444 3537 2510 solet,
3552 2444 3666 2514 quod

2112 2542 2355 2598 ostendit
2386 2541 2554 2597 David
2585 2541 2774 2596 dicens
2800 2558 2811 2593 :
2845 2538 2975 2593 Filii
3004 2539 3279 2592 hominum
3317 2539 3497 2591 dentes
3524 2550 3668 2589 eorum

2115 2651 2269 2689 arma
2298 2642 2347 2689 et
2376 2633 2605 2704 sagittas,
2633 2641 2682 2686 et
2712 2632 2893 2700 lingua
2917 2647 3097 2685 eorum
3139 2629 3411 2682 machara
3444 2635 3586 2680 acuta
3615 2625 3663 2677 “.

2115 2724 2192 2780 De
2215 2723 2434 2778 Christo
2478 2730 2659 2777 autem
2684 2719 2855 2777 Jacob
2885 2719 3195 2791 patriarcha
3222 2717 3278 2771 in
3312 2712 3666 2771 benedictioni-

2113 2817 2218 2873 bus
2251 2816 2466 2872 dicebat
2496 2833 2510 2869 :
2538 2815 2875 2870 Pulchriores
2904 2813 3043 2868 oculi
3086 2811 3203 2882 ejus
3240 2811 3388 2874 vino,
3435 2818 3483 2862 et
3521 2807 3664 2860 dentes

2117 2909 2255 2963 lacte
2281 2908 2614 2963 candidiores
2637 2906 2706 2958 “.
2734 2905 2877 2961 Clari
2911 2905 3081 2969 enim,
3123 2911 3180 2957 et
3203 2900 3384 2974 aperti
3408 2895 3663 2969 evangelici

2116 2999 2323 3057 Christi
2370 3014 2655 3055 sermones
2689 3005 2818 3053 sunt
2847 3012 3012 3066 super
3040 2996 3124 3050 lac
3150 2994 3350 3065 legale.
3389 2987 3665 3047 Necessarie

2118 3108 2245 3163 ergo
2271 3105 2485 3152 eorum,
2514 3106 2635 3160 qua:
2670 3090 2813 3144 dicta
2843 3097 2973 3143 sunt
2995 3086 3199 3156 aliquid
3226 3099 3455 3148 nocens,
3476 3079 3665 3135 similem

2119 3185 2306 3255 etipse
2322 3182 2556 3238 sustinet
2582 3182 2872 3244 maculam,
2898 3181 2953 3235 in
2981 3178 3189 3250 judicio
3223 3176 3480 3232 videlicet
3499 3173 3664 3229 futuro.

2125 3273 2182 3330 Si
2212 3274 2361 3330 enim
2383 3273 2607 3329 alterius
2635 3273 2822 3328 virtuti
2850 3272 3060 3337 nocuit,
3092 3280 3189 3326 aut
3229 3268 3506 3333 contrivit,
3533 3265 3666 3337 ipsius

2124 3375 2439 3422 conteretur
2480 3384 2492 3419 :
2530 3364 2813 3419 scientiam
2842 3362 3172 3423 obscuravit,
3206 3361 3334 3431 ejus
3365 3357 3576 3416 scientia
3594 3370 3667 3426 pro

2122 3459 2274 3517 nullo
2316 3457 2627 3521 habebitur,
2673 3457 2716 3510 si
2763 3456 2941 3511 verbis
2984 3453 3364 3510 doctoralibus
3405 3448 3595 3512 nocuit,
3627 3453 3669 3502 et

2124 3551 2244 3619 ejus
2275 3564 2559 3604 sermones
2586 3547 2957 3602 infructuosos
2987 3546 3058 3612 ei,
3096 3553 3264 3616 atque
3298 3544 3514 3598 inutiles
3537 3539 3668 3612 iudex

2125 3641 2340 3698 cﬂiciet.
2381 3640 2608 3710 Propter
2639 3640 2919 3710 quodnon
2947 3640 3102 3705 dixit,
3132 3639 3224 3696 Sic
3256 3640 3468 3695 facietis
3492 3636 3556 3703 ei,
3579 3631 3667 3695 sed.

2126 3734 2203 3789 sic
2235 3734 2326 3788 [iet
2354 3733 2426 3799 ei,
2471 3732 2717 3790 futurum
2745 3733 3015 3803 judicium
3052 3734 3316 3801 innuens,
3347 3733 3403 3787 in
3425 3747 3520 3803 quo
3537 3727 3671 3798 jam

2126 3829 2308 3885 reddet
2360 3828 2641 3896 unicuique
2683 3826 2966 3880 secundum
3009 3842 3169 3896 opera
3217 3842 3320 3879 sua
3363 3824 3433 3876 “.
3468 3818 3604 3887 Quod
3635 3815 3671 3870 si

2126 3923 2248 3992 quis
2280 3921 2442 3976 etiam
2475 3919 2752 3973 hominem
2782 3917 3117 3987 percusserit
3146 3917 3457 3988 perfectum
3491 3914 3540 3968 in
3569 3909 3667 3973 ﬁde,

2126 4026 2181 4072 et
2213 4023 2651 4069 consummatum
2680 4030 2692 4064 :
2726 4013 2830 4066 hoc
2865 4012 3012 4065 enim
3057 4010 3281 4081 proprie
3320 4019 3406 4067 est
3432 4005 3668 4066 hominis,

2127 4118 2350 4181 propter
2371 4108 2514 4177 quod
2533 4108 2670 4162 dixit
2692 4106 2890 4159 David:
2921 4106 3173 4159 Homines
3199 4113 3251 4157 et
3266 4107 3509 4173 jumenta
3537 4097 3670 4152 salvat

2128 4203 2312 4274 facies,
2337 4200 2652 4254 Domine“:
2678 4197 2929 4252 homines
2951 4197 3143 4252 dicens
3160 4211 3278 4259 eos,
3296 4194 3387 4266 qui
3409 4200 3668 4265 aguntque

2129 4276 2375 4366 perfecta
2418 4300 2566 4357 sunt,
2618 4292 2891 4361 jumenta.
2938 4289 3316 4361 imperfectos,
3366 4297 3420 4344 et
3466 4287 3667 4342 idiotas:

2129 4388 2461 4463 percusserit
2491 4396 2673 4455 autem
2708 4384 2921 4440 mortali
2954 4384 3131 4454 plaga,
3159 4398 3283 4453 quae.
3312 4381 3473 4437 trahit
3498 4379 3559 4434 ad
3592 4376 3670 4429 im-

2131 4485 2384 4555 pietatem
2395 4522 2409 4540 ,
2424 4479 2512 4534 hic
2527 4486 2701 4532 morte
2715 4477 2997 4533 morietur.
3016 4474 3149 4529 Nam
3164 4486 3217 4529 et
3232 4475 3275 4531 si
3296 4476 3514 4530 idoneus
3529 4465 3670 4526 fuitad

2063 4572 2103 4626 D
2136 4575 2511 4646 repellendum
2532 4570 2752 4635 vulnus,
2774 4567 2864 4637 qui
2900 4566 3339 4636 percutiebatur,
3379 4565 3478 4620 hoc
3515 4572 3669 4631 quam-

2134 4673 2269 4729 libet
2297 4668 2724 4726 satisfactionem
2755 4680 2865 4718 non
2895 4672 3049 4731 paret
3083 4662 3434 4733 percutienti,
3463 4667 3515 4714 et
3537 4655 3671 4712 multo

2136 4764 2307 4836 magis
2332 4763 2434 4819 sub
2450 4775 2611 4830 poena
2628 4759 2751 4822 erit,
2778 4756 2906 4827 quia
2927 4764 2984 4811 et
3000 4770 3127 4811 eum
3148 4755 3242 4829 qui
3263 4753 3441 4825 potuit
3461 4749 3670 4807 resistere

2135 4857 2210 4924 ei,
2247 4853 2468 4910 occidit.
3093 4839 3102 4851 ’

2204 4965 2440 5034 Aliquam
2464 4959 2723 5028 judicium
2742 4958 2812 5012 sit
2840 4957 2979 5013 inter
3001 4973 3109 5019 eos,
3140 4956 3453 5027 inquit,sise
3477 4942 3669 5022 peregri-

2138 5057 2380 5121 nus,siue
2399 5053 2522 5109 ciuis
2538 5051 2850 5119 peccaverit,
2875 5049 3003 5119 quia
3029 5064 3122 5119 ego
3155 5067 3275 5104 sum
3297 5045 3539 5103 Dominus
3562 5038 3671 5092 Dm

2139 5158 2325 5213 vester.
2354 5146 2641 5203 Necmodo
2665 5148 2882 5217 excepit
2910 5161 3027 5208 eos,
3043 5144 3137 5213 qui
3159 5158 3311 5198 nunc
3332 5137 3467 5195 docti
3491 5122 3669 5227 suntsi)

2144 5242 2244 5303 eis,
2279 5242 2372 5311 qui
2407 5244 2561 5311 prius
2580 5251 2636 5296 et
2658 5257 2689 5296 a
2714 5240 3036 5311 parentibus
3076 5251 3264 5293 sacras
3302 5234 3529 5289 scierunt
3552 5222 3669 5277 δαί·

2147 5343 2357 5404 ploras.
2396 5335 2757 5390 Communem
2781 5341 2966 5388 autem
2983 5340 3176 5386 contra
3210 5337 3463 5394 utrosque
3490 5322 3664 5390 pinnam

2142 5426 2353 5490 definit,
2397 5436 2453 5481 et
2484 5426 2651 5480 infert
2685 5444 2699 5480 :
2733 5425 2862 5495 quia
2902 5438 3005 5494 ego
3034 5421 3296 5476 Dominus
3328 5416 3462 5470 Deus
3504 5411 3663 5495 restet,

2142 5518 2236 5588 ‘lui
2293 5518 2428 5581 (ΙίΧὶ,
2466 5520 2593 5588 quia
2626 5491 3412 5587 Quicunque—scandalizatur“
3449 5513 3585 5559 unum
3616 5491 3665 5546 tl!

2145 5608 2357 5677 pusillis.
2384 5610 2517 5674 istis,
2550 5610 2640 5679 qui
2671 5610 2726 5664 in
2759 5626 2841 5663 me
2866 5609 3104 5672 credunt,
3151 5605 3356 5677 expedit
3399 5598 3463 5663 ei,
3493 5601 3543 5647 ιιι
3573 5597 3661 5642 αι’

3447 5777 3489 5812 ις
3507 5762 3654 5830 μων.

2311 5795 2356 5825 ³⁸
2394 5794 2536 5852 Psal.
2565 5810 2672 5861 LVI,
2709 5794 2760 5850 5.
2840 5793 2884 5826 ³³
2911 5789 3048 5848 Gen.
3089 5805 3232 5856 χιιι,
3277 5786 3354 5840 l2.
