3892 6426
184 414 336 483 1109

1339 418 1424 482 IN
1462 417 1907 483 LEVITICUM.
1942 440 2011 456 -
2042 415 2196 479 LIB.
2234 415 2388 480 VII-

2654 347 2705 354 οι-
2720 345 2755 354 ..ιν
2864 349 2921 358 —‘

3368 419 3497 490 mo

185 531 461 602 pendetur
508 531 651 587 mola
694 533 934 588 asinaria
964 533 1036 588 ad
1073 533 1267 588 collum
1302 533 1436 602 ejus,
1468 541 1520 588 et
1547 531 1622 586 sic
1652 546 1801 585 νηστ-
1827 547 1872 607 Α
1903 544 2077 596 seres,
2122 537 2181 586 et
2221 529 2438 586 vineam
2486 545 2597 586 non
2641 530 2882 602 putabis.
2934 532 3068 599 Quae
3092 545 3292 605 sponte
3313 536 3524 610 gignet

187 631 359 693 gatur
384 623 443 676 in
480 625 740 695 profundo
775 627 941 680 maris
979 624 1046 680 ".
1075 625 1265 696 Neque
1291 625 1437 681 enim
1469 625 1589 679 hac
1628 623 1792 679 verba

189 709 473 777 distinxit,
507 717 602 771 sed
626 716 852 772 dicens:
886 715 1424 789 Quicunque,omnes
1456 731 1634 787 prunas
1662 715 1795 771 sub-

189 804 352 873 jecit,
411 814 636 877 propter
690 809 836 879 quod
887 818 946 864 et
992 809 1197 865 Paulus
1238 810 1377 865 dixit
1414 827 1427 862 :
1467 806 1570 874 Qui
1615 816 1796 863 autem

195 898 482 954 conturbat
496 916 606 965 vos,
632 902 863 970 portabit
884 903 1174 973 judicium,
1203 903 1500 975 quicunque
1522 910 1598 956 est
1619 900 1710 954 ille
1724 899 1794 965 “,

195 986 257 1043 id
297 996 406 1053 est,
454 990 570 1045 sive
599 1006 824 1061 parvus,
876 993 994 1049 sive
1032 1009 1284 1065 magnus,
1351 993 1468 1049 sive
1511 990 1796 1048 scientiam

197 1080 417 1136 habens
448 1081 738 1152 plurimam
769 1085 885 1140 sive
916 1102 1164 1156 parvam,
1195 1086 1312 1141 sive
1341 1101 1491 1140 nunc
1521 1083 1794 1150 didicerit,

198 1171 319 1227 sive
354 1174 528 1243 prius,
558 1175 676 1231 sive
750 1177 887 1233 civis
927 1178 1056 1245 ﬁde,
1107 1178 1220 1235 sive
1275 1178 1619 1250 peregrinus.
1660 1177 1798 1232 Cum

197 1275 387 1321 autem
417 1267 535 1323 haec
565 1268 638 1323 ita
666 1284 725 1325 se
757 1268 1013 1335 habeant,
1039 1271 1349 1327 necessaria
1374 1279 1490 1326 erat
1511 1269 1719 1326 Judteis
1746 1276 1801 1324 et

196 1359 403 1415 littcrre
435 1360 665 1426 sanctio,
700 1377 880 1432 neque
913 1364 1206 1434 cupiebant
1248 1364 1440 1419 audire
1467 1381 1481 1418 :
1506 1362 1566 1418 Si
1601 1363 1719 1435 quis
1752 1369 1800 1417 te

196 1451 520 1519 percusserit
556 1451 611 1505 in
635 1452 881 1507 dextram
915 1453 1218 1520 utamillum,
1267 1452 1443 1524 prtebe
1466 1452 1549 1529 illi
1588 1460 1638 1506 et
1665 1450 1801 1506 alte-

200 1559 326 1596 rum
354 1543 422 1606 δ’,
457 1545 582 1613 quia
611 1560 740 1599 cum
767 1555 954 1601 essent
979 1546 1250 1612 malevoli,
1280 1545 1663 1617 unusquisque
1695 1544 1803 1599 hoc

196 1637 520 1708 proximum
541 1648 841 1694 exacturus
866 1648 1005 1707 erat,
1039 1648 1096 1694 et
1125 1654 1237 1694 non
1268 1642 1388 1710 ipse
1409 1654 1602 1711 agere.
1624 1636 1801 1692 Recte

197 1746 340 1803 ergo
366 1733 447 1788 eis
479 1732 699 1787 oculum
728 1747 827 1802 pro
855 1733 1038 1800 oculo,
1063 1734 1284 1789 dentem
1330 1748 1432 1803 pro
1458 1732 1625 1791 dente
1654 1731 1804 1786 dice-

199 1823 391 1890 batur,
427 1833 486 1877 ut
522 1833 674 1897 metu
713 1823 941 1879 alterna:
979 1838 1156 1895 ptente
1180 1839 1213 1878 a
1247 1822 1561 1890 vinolentia,
1599 1832 1652 1877 et
1698 1822 1802 1877 ho-

200 1915 452 1972 mieidiis
483 1916 848 1972 abstinerent.

281 2025 449 2083 Vens.
475 2027 567 2083 25.
598 2047 617 2080 ‹
647 2026 997 2099 Locutusque
1027 2037 1113 2085 est
1129 2028 1311 2101 Moyes
1338 2027 1408 2082 ad
1442 2027 1583 2082 ﬁlios
1614 2024 1800 2093 Israel,

200 2129 268 2176 et
306 2121 616 2176 eduxerunt
646 2136 770 2177 eum
804 2121 898 2191 qui
939 2120 1416 2192 blasphemaverat
1447 2129 1601 2175 extra
1625 2129 1804 2174 castra

202 2226 279 2268 ac
326 2211 604 2283 lapidibus
646 2222 1064 2285 oppresserunt,
1108 2212 1465 2283 feceruntque
1494 2211 1592 2268 ﬁlii
1635 2210 1805 2266 Israel

204 2306 360 2360 sicut
380 2313 716 2376 praeceperat
742 2305 1002 2361 Dominus
1029 2304 1219 2378 Moysi.
1254 2324 1273 2356 ι

283 2396 428 2466 Ergo
456 2410 567 2450 non
600 2396 700 2451 tibi
731 2396 933 2452 frustra
962 2413 1114 2462 eum,
1152 2397 1244 2467 qui
1276 2396 1517 2450 animam
1557 2396 1804 2453 hominis

203 2486 510 2558 percussit,
534 2497 630 2543 aut
674 2490 907 2560 pecoris,
931 2501 1026 2545 aut
1064 2490 1368 2554 hominem,
1398 2504 1562 2560 quem
1585 2500 1642 2545 et
1667 2492 1805 2547 mori

204 2587 443 2649 propter
491 2580 595 2635 hoc
638 2581 923 2651 praecepit,
960 2582 1112 2635 illum
1161 2595 1288 2636 esse
1321 2581 1627 2636 secundum
1675 2580 1809 2650 legis

204 2672 740 2741 contemplationem
793 2674 1154 2739 ostendimus,
1208 2673 1300 2744 qui
1343 2672 1512 2727 alium
1551 2673 1621 2728 ad
1660 2672 1810 2728 blas-

212 2762 502 2832 phemiam
530 2764 864 2833 percusserit
890 2765 1114 2832 docens,
1143 2773 1546 2827 autexacuans,
1575 2771 1675 2818 aut
1706 2761 1811 2819 tale

206 2851 423 2922 aliquid
454 2852 603 2908 aliud
637 2869 825 2924 agens.
861 2854 1002 2910 Ecce
1031 2855 1180 2909 enim
1198 2855 1336 2909 ordo
1360 2855 1666 2910 sanctionis
1685 2870 1813 2926 pro-

206 2945 317 3000 bat
344 2946 448 3000 hoc
465 2953 521 3000 et
554 2945 762 3016 absque
784 2946 964 3016 aliqua
987 2945 1267 3001 dubietate
1299 2946 1663 3014 demonstrat,
1683 2947 1811 3018 quia

211 3037 403 3093 dehis
456 3041 549 3109 qui
601 3038 935 3094 maledicunt
985 3038 1181 3107 Deum,
1246 3048 1342 3095 aut
1402 3041 1810 3112 blasphemant,

213 3129 573 3201 praecipiens,
601 3131 891 3197 conjunxit
913 3132 998 3187 his
1016 3146 1144 3187 eum
1166 3132 1260 3202 qui
1289 3132 1531 3188 hominis
1547 3133 1810 3200 animam,

214 3233 319 3278 aut
352 3223 619 3289 animalis,
656 3233 752 3279 aut
781 3224 1061 3280 hominem
1095 3224 1274 3295 ipsum
1307 3225 1672 3296 percussisset
1709 3243 1720 3280 :
1753 3236 1808 3282 et

216 3330 337 3371 non
366 3315 543 3371 solum
564 3318 707 3372 sicut
733 3318 830 3382 illi,
867 3326 923 3373 et
950 3318 1080 3373 huic
1099 3333 1319 3389 poenam
1350 3320 1542 3375 mortis
1572 3316 1807 3386 induxit,

220 3406 320 3461 sed
367 3407 665 3476 explanans
701 3408 849 3479 quod
881 3424 1048 3463 unam
1081 3410 1321 3464 habeant
1365 3425 1452 3470 ea.
1496 3425 1617 3481 quae
1669 3411 1815 3465 dicta

223 3507 373 3563 sunt,
389 3499 772 3565 intentionem,
788 3516 979 3558 rursus
1000 3501 1227 3567 addidit,
1243 3503 1332 3572 qui
1349 3500 1813 3571 blasphemauerit,

220 3605 445 3659 ptenam
471 3607 635 3663 quam
661 3594 842 3649 omnis
874 3593 1173 3649 multitudo
1196 3594 1462 3649 obediens
1486 3594 1593 3665 legi
1627 3593 1815 3663 exige-

224 3684 345 3739 bat.
402 3684 728 3741 Audivimus
778 3687 948 3752 enim,
991 3686 1455 3756 quemadmodum
1504 3687 1573 3740 de
1617 3685 1817 3740 castris

221 3776 419 3833 eduxit
451 3793 599 3842 cum,
638 3778 731 3849 qui
784 3780 1205 3849 blasphemavit,
1257 3779 1642 3849 lapidibusque
1687 3791 1816 3832 eum

222 3870 466 3942 opprimi
501 3872 789 3943 prtecepit.
843 3871 1137 3942 Propterea
1181 3870 1545 3940 indignationi
1589 3879 1644 3925 et
1679 3884 1820 3940 opus

220 3962 459 4029 addidit,
494 3973 550 4019 et
577 3964 750 4034 legem
780 3964 879 4019 tibi
904 3965 1069 4019 etiam
1104 3964 1483 4034 experimento
1524 3963 1644 4034 ipso
1682 3978 1820 4019 con-

225 4055 499 4110 ﬁrmatam
516 4056 772 4119 ostendit,
791 4065 851 4111 ut
865 4069 920 4111 et
939 4065 994 4111 tu
1012 4056 1393 4125 blasphemare
1413 4054 1581 4109 Deum
1601 4056 1820 4111 timeres

220 4153 285 4202 et
309 4146 547 4216 fugeres,
573 4148 719 4202 illam
738 4149 936 4205 timens
955 4151 1162 4219 peccati
1182 4147 1635 4218 magnitudinem,
1655 4164 1820 4218 quam

222 4253 343 4294 non
389 4239 567 4294 solum
622 4240 927 4311 principes,
988 4241 1085 4296 sed
1137 4255 1357 4295 omnem
1414 4239 1818 4296 multitudinem

222 4331 512 4387 vindicare
560 4334 851 4404 praecepit.
906 4333 1231 4389 Communis
1287 4333 1435 4388 enim
1490 4334 1655 4389 debet
1698 4349 1822 4390 esse

223 4424 491 4478 omnibus
515 4434 709 4479 contra
750 4425 1102 4495 blasphemos
1145 4441 1347 4497 pugna,
1370 4426 1497 4497 quia
1540 4426 1821 4481 communi

222 4523 423 4570 nostro
460 4514 817 4581 benefactori,
860 4518 1137 4571 communi
1173 4526 1373 4574 nostra:
1416 4519 1539 4574 vita:
1597 4535 1665 4574 ex
1714 4534 1824 4588 quo

222 4621 427 4664 omnes
448 4616 503 4663 et
526 4623 670 4674 esse,
695 4616 751 4664 et
772 4609 912 4664 bene
929 4624 1052 4665 esse
1088 4610 1371 4676 habemus,
1389 4611 1679 4666 detrahere
1704 4619 1815 4665 ten-
1856 4641 1900 4698 ο

226 4707 374 4766 tant,
404 4701 526 4772 ejus
559 4701 781 4771 quidem
814 4702 998 4774 glorias
1028 4702 1166 4758 nihil
1192 4712 1479 4772 nocentes,
1501 4719 1603 4761 nos
1635 4712 1821 4760 autem

198 4792 301 4849 ab
326 4808 395 4850 eo
420 4808 695 4864 separare,
727 4802 785 4849 et
811 4795 1091 4865 expellere
1120 4796 1394 4852 volentes.

804 4929 1036 4988 CAPUT
1076 4929 1247 4987 XXV.

306 5044 472 5101 Vsus.
493 5046 611 5099 1-7.
659 5064 678 5097 ι
704 5043 1054 5114 Locutusque
1085 5053 1169 5099 est
1209 5043 1474 5100 Dominus
1501 5045 1568 5100 ad
1605 5045 1826 5116 Moysen

224 5140 288 5194 in
319 5148 512 5194 monte
531 5136 705 5203 Sinai,
724 5137 913 5195 dicens
938 5155 952 5193 :
974 5137 1223 5207 Loquere
1246 5136 1374 5192 ﬁliis
1407 5135 1572 5192 israel
1600 5146 1656 5191 et
1678 5137 1829 5192 dices

222 5232 303 5287 ad
328 5246 428 5287 cos
458 5248 472 5284 :
498 5231 729 5298 Quando
761 5231 991 5301 ingressi
1032 5228 1247 5285 fueritis
1286 5239 1514 5296 terram,
1539 5244 1702 5299 quam
1726 5244 1829 5301 ego

224 5328 380 5384 dabo
398 5323 937 5393 vobis,sabbatizetis
957 5322 1252 5379 Sabbatum
1274 5322 1523 5378 Domino.
1545 5322 1651 5378 Sex
1669 5322 1831 5378 annis

225 5430 388 5471 seres
409 5429 602 5486 agrum
623 5423 799 5480 tuum,
819 5420 876 5468 et
893 5427 987 5469 sex
1006 5413 1167 5469 annis
1193 5413 1413 5483 putabis
1432 5413 1649 5468 vineam
1680 5422 1829 5467 tuam

226 5507 569 5579 colligesque
600 5505 814 5563 fructus
851 5506 990 5577 ejus.
1018 5505 1267 5576 Septimo
1291 5516 1477 5561 autem
1506 5518 1656 5561 anno
1691 5504 1831 5560 Sab-

226 5600 428 5660 batum
461 5600 569 5659 erit
610 5609 772 5659 terra:
801 5598 1168 5673 requietionis
1194 5596 1433 5654 Domini.
1462 5597 1668 5670 Agrum
1710 5609 1822 5652 non

309 5823 359 5858 "’
381 5823 577 5882 Matth.
609 5841 764 5893 xvtn,
805 5824 861 5880 6.
939 5824 987 5859 ⁸⁸
1013 5822 1133 5880 Gal.
1153 5838 1207 5890 v,
1231 5823 1318 5879 i0.
1394 5821 1439 5856 δ’
1468 5819 1661 5881 Matth.
1698 5839 1748 5889 v,
1782 5821 1872 5879 39.
1950 5822 1995 5854 ⁵ο
2030 5817 2170 5874 Psal.
2204 5829 2363 5881 chn,
2394 5815 2479 5870 to.

234 5894 294 5954 υ.
372 5898 419 5931 ³³
440 5896 578 5954 Gen.
604 5912 749 5969 χιιι,
798 5898 882 5952 ιι.
959 5896 1006 5929 "
1026 5895 1218 5953 Matth.
1246 5910 1393 5964 xxvr,
1426 5893 1516 5952 29.

1902 622 2124 689 humus,
2178 639 2292 678 non
2336 632 2532 687 metes.
2582 636 2637 680 et
2687 640 2823 681 uvas
2854 626 3218 697 primitiarum
3275 637 3497 687 tuarum

1904 731 2013 771 non
2040 717 2267 789 colliges
2294 717 2449 787 quasi
2490 718 2849 774 vindemiam.
2876 717 3073 776 Annus
3109 730 3191 777 est
3216 722 3363 777 enim
3406 739 3498 778 re-

1903 807 2201 877 quietionis
2251 807 2428 863 terrae.
2480 807 2590 865 Sed
2633 819 2796 865 erunt
2844 811 3001 867 vobis
3040 813 3096 867 in
3130 813 3315 868 cibum
3349 831 3365 868 :
3398 814 3495 870 tibi

1904 909 1960 956 et
1985 916 2146 957 servo
2172 911 2285 966 tuo,
2312 902 2527 959 ancilla:
2557 913 2611 959 et
2645 904 2993 960 mercenario
3024 915 3137 970 tuo,
3165 916 3223 961 et
3250 906 3493 973 advenae,

1904 993 1996 1062 qui
2021 996 2440 1066 peregrinantur
2467 996 2611 1066 apud
2632 1008 2684 1053 te
2703 1036 2717 1051 .
2751 995 3026 1053 Jumentis
3047 998 3176 1063 tuis,
3204 1007 3269 1054 et
3287 999 3500 1070 pecori-

1905 1084 2030 1150 bus,
2064 1086 2247 1142 omnia
2279 1102 2402 1157 quae
2427 1097 2734 1144 nascuntur
2764 1088 3089 1160 przrbebunt
3118 1091 3324 1146 cibum.
3364 1110 3383 1142 ι

1980 1176 2228 1241 Terram,
2254 1193 2416 1248 quam
2439 1188 2495 1234 et
2515 1179 2682 1234 Deum
2707 1180 2868 1236 nobis
2889 1181 3021 1237 dare
3048 1181 3229 1248 decet,
3257 1191 3314 1237 et
3338 1181 3499 1236 nobis

1907 1267 2135 1337 expedit»
2170 1267 2443 1338 accipere,
2477 1284 2542 1323 ex
2586 1285 2694 1340 qua
2739 1286 2928 1326 veram
2955 1271 3124 1327 vitam
3171 1272 3499 1342 conquirere

1905 1372 2220 1428 possumus,
2268 1357 2321 1412 id
2348 1368 2430 1413 est
2479 1361 2953 1417 conversationem
2998 1363 3197 1418 bonam
3236 1377 3358 1434 quae
3413 1370 3500 1418 est

1907 1449 2211 1505 secundum
2261 1449 2384 1520 ejus
2422 1449 2620 1522 legem,
2669 1459 2835 1522 atque
2876 1454 3149 1519 mandata,
3184 1471 3307 1526 quae
3337 1454 3499 1512 nobis

1909 1542 2077 1607 dedit,
2097 1543 2165 1598 de
2187 1557 2295 1614 qua
2325 1544 2403 1599 ait
2430 1543 2598 1598 David
2633 1561 2647 1598 :
2677 1544 2820 1600 Doce
2845 1563 2928 1600 me
2955 1547 3278 1601 uoluntatem
3312 1556 3498 1604 tuam:

1909 1634 2036 1705 quia
2068 1643 2124 1688 tu
2157 1651 2210 1689 es
2240 1634 2380 1690 Deus
2426 1652 2594 1701 meus,
2627 1634 2860 1706 Spiritus
2891 1647 3012 1694 tuus
3040 1648 3255 1695 sanctus
3282 1640 3500 1695 deducet

1909 1743 1993 1784 me
2016 1727 2073 1781 in
2109 1736 2310 1781 terram
2349 1735 2551 1781 rectam
2573 1727 2640 1783 ⁸ο.
2675 1727 2831 1786 Hanc
2873 1730 2918 1785 si
2953 1731 3360 1799 intraverimus,
3405 1747 3503 1788 sex

1910 1819 2073 1874 annis
2103 1835 2286 1875 serere
2331 1829 2582 1876 nostrum
2619 1837 2832 1893 agrum,
2883 1832 2939 1879 et
2971 1823 3219 1894 plantare
3261 1824 3499 1893 vineam,

1833 1932 1881 1992 Β
1910 1919 1966 1965 et
1995 1909 2251 1981 colligere
2273 1909 2485 1967 fructus
2517 1913 2609 1982 qui
2641 1926 2706 1967 ex
2742 1929 2806 1969 ea
2839 1924 3161 1983 nascuntur,
3190 1931 3500 1988 possumus,

1915 2003 1967 2059 id
2006 2010 2112 2067 est,
2154 2018 2327 2075 usque
2360 2004 2492 2059 dum
2523 2004 2580 2059 in
2624 2005 2734 2061 vita
2762 2005 2867 2061 hac
2911 2015 2967 2061 et
3007 2006 3061 2061 in
3112 2016 3362 2064 creatura
3401 2009 3504 2064 hac

1905 2095 2105 2151 visibili
2152 2111 2344 2151 sumus
2378 2116 2392 2152 :
2432 2112 2598 2169 quam
2651 2113 2749 2153 sex
2795 2098 3008 2155 dierum
3049 2115 3316 2157 numerus
3356 2108 3503 2157 recte

1907 2187 2178 2259 signiﬁcat
2228 2189 2357 2259 quia
2401 2189 2457 2244 in
2489 2205 2584 2245 sex
2636 2190 2832 2246 diebus
2858 2192 3157 2248 constituta
3187 2202 3336 2261 sunt,
3382 2208 3504 2264 quas

1906 2278 2162 2334 videntur
2199 2279 2404 2336 omnia.
2450 2278 2699 2351 Septimo
2726 2289 2912 2337 autem
2956 2297 3125 2347 anno,
3179 2280 3501 2352 Sabbatum,

1908 2377 1964 2423 et
1996 2369 2216 2440 requies
2249 2371 2354 2427 erit
2379 2380 2560 2427 terrm.
2599 2370 2832 2439 Quando
2860 2373 3009 2428 enim
3039 2373 3379 2446 intelligibile
3406 2389 3504 2429 no-

1908 2469 2084 2517 strum
2105 2462 2315 2518 venerit
2342 2459 2659 2527 Sabbatum,
2705 2464 2758 2518 id
2779 2472 2866 2519 est
2896 2464 3182 2535 praesentis
3211 2463 3393 2518 saeculi
3416 2479 3506 2519 re-

1909 2555 2086 2624 quies,
2123 2556 2197 2611 de
2218 2572 2323 2629 qua
2354 2557 2431 2612 ait
2458 2555 2660 2613 Paulus
2686 2577 2699 2612 :
2731 2556 2872 2629 Ergo
2889 2557 3206 2626 relinquitur
3230 2555 3504 2613 Sabbatit-

1920 2664 2037 2702 mus
2065 2649 2248 2719 populi
2284 2649 2377 2703 Dei
2407 2649 2453 2682 "
2487 2666 2502 2704 :
2536 2663 2696 2718 quem
2734 2649 2919 2720 signat
2944 2648 3062 2704 dies
3094 2649 3347 2719 septima,
3379 2648 3509 2720 quia

1923 2739 2158 2809 septima
2208 2739 2298 2795 die
2350 2739 2620 2811 requievit
2652 2739 2799 2794 Deus
2837 2739 2907 2794 ab
2947 2739 3205 2794 omnibus
3253 2737 3511 2809 operibus

1923 2829 2061 2895 suis,
2093 2829 2350 2886 videlicet
2378 2830 2686 2885 visibilibus
2712 2847 2727 2887 :
2755 2837 2887 2884 tunc
2920 2827 3257 2899 operationis
3285 2842 3395 2882 non
3427 2838 3513 2883 est

1917 2927 2152 2990 tempus,
2180 2931 2237 2976 et
2260 2921 2382 2976 ideo
2416 2936 2523 2977 nec
2548 2936 2740 2993 agrum
2777 2921 2911 2992 legis
2958 2928 3089 2976 tunc
3142 2934 3350 2990 serere,
3409 2934 3509 2978 nec

1915 3014 2288 3084 evangelicam
2324 3014 2540 3069 vineam
2581 3014 2827 3084 plantare
2856 3027 3169 3084 possumus.
3194 3013 3338 3084 Ager
3364 3011 3512 3067 enim

1917 3118 1946 3157 a
1976 3103 2133 3158 nobis
2158 3103 2243 3158 lex
2281 3112 2429 3158 recte
2455 3103 2798 3175 intelligitur,
2833 3102 2960 3173 quia
3009 3101 3196 3158 senior
3220 3101 3384 3167 ﬁlius,
3417 3103 3516 3172 qui

1914 3197 2119 3267 juniori
2162 3197 2366 3266 populo
2417 3196 2650 3251 annilius
2698 3204 2803 3261 est,
2860 3195 2951 3266 qui
2996 3194 3288 3264 imaginem
3327 3193 3515 3266 populi

1838 3278 1885 3340 α
1925 3287 2236 3345 Juda‘orum
2267 3288 2425 3360 gerit,
2458 3289 2526 3344 de
2555 3305 2706 3361 agro,
2736 3289 2989 3345 videlicet
3013 3287 3336 3360 operatione
3358 3287 3511 3359 legis,

1923 3381 2121 3434 reverti
2152 3379 2371 3435 dicitur.
2405 3377 2569 3433 Vinea
2602 3387 2810 3442 autem,
2854 3377 3167 3449 evangelica
3191 3375 3312 3431 sine
3335 3374 3517 3445 aliqua

1922 3464 2200 3528 dubietate
2232 3469 2549 3541 praedicatio
2578 3479 2661 3525 est
2687 3488 2699 3524 :
2728 3469 2980 3527 Christus
3002 3470 3151 3523 enim
3186 3466 3239 3522 ei
3270 3467 3518 3523 occasio-

1923 3579 2053 3619 nem
2084 3571 2141 3618 et
2182 3563 2466 3618 materiam
2512 3562 2685 3627 dedit,
2718 3563 2811 3633 qui
2856 3562 3034 3617 dixit:
3066 3560 3179 3631 Ego
3214 3575 3331 3614 sum
3376 3559 3516 3624 citis,

1924 3671 2013 3709 vos
2035 3663 2215 3708 autem
2235 3653 2504 3723 palmites,
2539 3653 2704 3708 Pater
2750 3670 2895 3708 meus
2928 3652 3163 3725 agricola
3196 3661 3272 3706 est
3313 3651 3382 3704 ".
3405 3650 3520 3705 Nec

1925 3761 2055 3818 ergo
2129 3746 2311 3802 colere
2350 3746 2562 3818 legalia,
2612 3756 2707 3801 aut
2741 3745 3054 3817 evangelica
3098 3743 3352 3799 mandata
3396 3751 3520 3813 post

1927 3841 2135 3895 exitum
2163 3840 2231 3895 de
2262 3840 2367 3894 hac
2414 3840 2546 3904 vita,
2590 3848 2686 3894 aut
2717 3839 3010 3893 transitum
3056 3837 3382 3909 poterimus,
3422 3834 3518 3890 sed

1926 3947 2030 3987 nec
2066 3946 2131 3985 ea
2160 3947 2281 4001 qua:
2328 3939 2523 4001 sponte
2554 3940 2881 3995 nascuntur,
2932 3937 3159 3995 metere,
3198 3928 3253 3983 id
3283 3936 3370 3982 est
3415 3940 3521 3982 nec

1926 4039 2270 4095 quaecunque
2312 4024 2579 4079 naturalis
2602 4024 2701 4079 lex
2718 4022 2787 4079 ad
2803 4021 3181 4094 operationem
3204 4019 3519 4075 hominibus

1932 4116 2195 4188 suggerit,
2228 4114 2349 4170 haec
2378 4124 2463 4169 est
2507 4114 2655 4170 enim
2700 4128 2821 4184 qua:
2843 4120 3041 4184 sponte
3086 4111 3347 4183 gignitur,
3390 4108 3519 4180 quia

1929 4218 2081 4264 extra
2103 4207 2513 4263 meditationem
2542 4206 2909 4272 librorum,et
2926 4217 3151 4258 omnem
3185 4198 3519 4257 doctoralem

1930 4302 2180 4357 auditum
2212 4299 2480 4372 suggerit,
2507 4298 2906 4354 etexhortatur
2937 4310 3059 4366 quae
3091 4302 3222 4349 sunt
3261 4291 3440 4366 utilia,
3464 4298 3523 4345 et

1931 4395 2290 4468 cogitationes
2309 4393 2469 4449 nobis
2489 4389 3077 4462 adjuvantesanimam
3100 4392 3383 4458 praestant.
3414 4382 3523 4439 Sed

1931 4503 2036 4543 nee
2067 4503 2201 4542 uvas
2229 4484 2600 4555 primitiarum
2624 4483 2739 4538 sive
2768 4492 2829 4538 ut
2857 4479 3001 4536 LXX
3036 4496 3194 4535 uuam
3216 4475 3524 4546 sanctiﬁca-

1933 4581 2113 4644 tionis,
2154 4578 2494 4633 vindemiare
2538 4584 2672 4630 tunc
2706 4590 2936 4630 necesse
2985 4573 3273 4637 habemus,
3313 4577 3371 4624 et
3401 4582 3525 4638 qua

1930 4681 2017 4727 est
2037 4668 2481 4726 sanctiﬁcationis
2499 4683 2606 4722 uva
2629 4686 2642 4721 :
2671 4667 2852 4721 sciunt
2868 4665 2962 4736 qui
2990 4664 3185 4718 imbuti
3210 4671 3337 4717 sunt
3354 4659 3524 4717 Chri-

1934 4764 2005 4819 sti
2033 4762 2372 4835 mysterium,
2401 4760 2492 4830 qui
2515 4758 2892 4829 expcrimento
2919 4756 2988 4811 de
3014 4754 3236 4811 Christo
3287 4752 3526 4824 prophe-

1946 4858 2077 4911 tiam
2106 4861 2477 4925 perceperunt
2503 4870 2516 4907 :
2551 4850 2781 4906 Lavabit.
2811 4852 2868 4904 in
2886 4850 3008 4904 uino
3035 4847 3228 4903 stolam
3251 4862 3427 4913 suam,
3478 4854 3527 4899 et

1944 4947 2001 5000 in
2026 4945 2288 5016 sanguine
2308 4959 2422 4997 uva:
2443 4942 2669 5012 pallium
2693 4957 2848 4995 suum
2863 4941 2928 5007 ⁵³,
2960 4940 3126 5009 hujus
3148 4934 3528 4993 sanctiﬁcatio-

1938 5038 2023 5092 nis
2050 5052 2217 5107 quam
2246 5049 2358 5089 non
2387 5032 2886 5097 vindemiabimus;
2922 5030 3036 5086 illic
3052 5044 3178 5084 nam
3205 5025 3525 5099 mysterium

1931 5127 2051 5184 fore
2098 5125 2443 5181 Dominicum
2474 5122 2781 5180 videbimus
2819 5129 2971 5186 tunc,
3028 5119 3124 5176 sed
3164 5132 3290 5172 cum
3329 5112 3524 5184 majori

1934 5218 2104 5290 gloria
2127 5217 2334 5272 nullius
2361 5214 2638 5271 sensibilis
2652 5214 2730 5269 rei
2752 5213 2898 5270 sicut
2920 5226 3070 5268 nunc
3092 5214 3338 5280 egentes.
3363 5204 3525 5262 Unde

1934 5311 2213 5383 legislator
2269 5308 2492 5380 quidem
2535 5321 2695 5361 uvam
2741 5300 3212 5364 commemoravit,
3272 5296 3527 5354 Christus

1936 5413 2119 5458 autem
2152 5403 2257 5456 hoc
2285 5415 2345 5455 se
2366 5399 2556 5455 bibere
2581 5398 2638 5452 in
2669 5411 2841 5470 regno
2872 5395 3186 5459 nobiscum,
3206 5389 3302 5447 sed
3319 5403 3527 5446 novum

1937 5496 2189 5570 promisit
2206 5496 2275 5549 ⁵⁵.
2296 5492 2411 5549 Hoc
2431 5508 2562 5566 ergo
2585 5492 2895 5555 sabbatum,
2912 5488 2968 5543 id
2988 5496 3072 5542 est
3086 5483 3303 5554 requies
3316 5480 3527 5551 saculi,

1937 5592 1995 5646 in
2044 5603 2156 5660 quo
2200 5586 2460 5659 praedicta
2528 5593 2671 5640 terra
2727 5579 3147 5652 requiescimus,
3201 5590 3329 5665 cum
3379 5572 3532 5631 enim

2579 5812 2624 5844 “
2652 5809 2819 5869 Hebr.
2864 5824 2939 5877 tv,
2972 5809 3028 5866 9.
3126 5806 3170 5839 ⁸³
3238 5803 3399 5862 Joan.
3439 5816 3530 5858 xv.
