3892 6462
1948 325 2050 347 "vs

406 417 537 489 iiii
1546 484 1551 491 ,
1616 425 1983 487 HESYCHII
2014 418 2487 485 PRESBYTERI
3549 410 3657 479 1112

409 538 533 591 ωηο
548 524 635 581 fas
662 542 774 587 non
796 525 888 595 sit,
911 543 1061 584 nunc
1085 538 1298 600 tempus
1326 531 1594 587 habemus
1614 546 1737 601 quas
1754 546 1986 600 operan-
2016 544 2062 598 Α
2089 533 2304 590 sionem
2351 533 2568 589 cunctis
2618 529 3018 586 habitatoribus
3064 539 3234 584 term:
3290 533 3419 581 tute.
3451 526 3566 597 Ipse
3597 538 3663 586 est

405 616 470 713 (la
487 627 633 713 sunt.
652 617 805 673 Unde
825 630 880 674 et
900 621 1143 691 Quinque
1163 620 1329 677 fatuae
1348 623 1605 694 virgines,
1620 624 1745 693 quia
1764 630 1989 687 vocatas,
2090 626 2353 695 jubilens.
2407 625 2737 680 Revertetur
2782 624 2946 677 homo
2969 623 3036 675 ad
3084 617 3509 690 possessionem
3540 635 3666 675 suam

409 709 468 765 ut
488 711 755 767 intrarent
783 713 851 768 ad
882 714 1089 785 regales
1125 715 1372 784 nuptias,
1407 715 1589 769 oleum
1639 714 1995 769 ambulabant
2095 729 2153 774 et,
2198 717 2576 791 unusquisque
2626 716 2803 770 rediet
2846 714 2914 769 ad
2949 712 3218 767 familiam
3262 709 3667 779 pristinam.0ui

2754 343 2875 358 .--<-o
2902 344 2933 359 η,
2958 345 2972 361 ο

408 814 612 869 emere,
644 804 785 859 sicut
806 805 1117 876 ignorantes
1144 816 1379 877 tempus,
1410 807 1643 862 exclusae
1666 816 1796 861 sunt
1823 807 1890 859 ⁸⁸.

428 884 435 899 ’
477 894 583 951 Sed
601 908 753 952 erant
780 899 922 952 vobis
945 900 1001 952 in
1027 900 1218 961 cibum,
1243 900 1356 965 tibi,
1389 910 1438 954 et
1462 916 1610 954 servo
1633 909 1744 965 tuo,
1778 901 1991 955 ancilla:

409 986 456 1048 et
481 990 805 1050 mercenaria
836 1000 945 1055 tuo,
980 1000 1029 1044 et
1054 992 1269 1046 advena:
1295 992 1385 1062 qui
1414 993 1820 1062 peregrinantur
1852 994 1997 1061 apud

411 1088 480 1141 te,
518 1079 777 1151 jumentis
821 1084 943 1147 tuis,
997 1083 1270 1153 pecoribus
1314 1086 1437 1138 tuis.
1483 1084 1811 1155 Quicunque
1848 1084 1997 1138 enim

410 1185 558 1231 nunc
585 1173 796 1240 operati
822 1172 1107 1238 fuerimus,
1140 1174 1337 1229 horum
1368 1174 1441 1230 ibi
1486 1175 1724 1231 fructum
1757 1176 1999 1246 percipi-

411 1278 554 1328 mus,
586 1274 639 1319 et
669 1265 799 1321 illud
830 1266 1031 1329 Psalmi
1075 1269 1237 1327 nobis
1278 1268 1597 1337 aptabitur:
1630 1268 1784 1325 Beati
1822 1284 2000 1323 omnes

411 1357 501 1428 qui
528 1357 715 1412 timent
734 1357 1039 1415 Dominum.
1063 1361 1292 1416 Labores
1308 1363 1577 1432 fructuum
1601 1374 1813 1416 tuorum
1842 1379 1998 1416 mau-

412 1448 646 1511 ducabis,
674 1449 873 1506 Beatus
902 1469 974 1517 es,
1005 1463 1054 1507 et
1099 1453 1226 1508 bene
1255 1453 1349 1506 tibi
1368 1453 1467 1507 erit
1493 1452 1560 1506 ⁸⁸.
1602 1450 2000 1507 Beatitudinem

413 1553 543 1609 ergo
559 1539 820 1595 describit
840 1542 1012 1603 futuri
1039 1542 1240 1607 saeculi,
1260 1542 1478 1597 beatum
1499 1541 1793 1612 quemdam
1817 1542 2000 1596 cibum

415 1629 687 1684 invenire.
727 1629 952 1688 Beatum
981 1633 1129 1688 enim
1156 1633 1250 1698 ait,
1281 1631 1373 1703 qui
1401 1631 1701 1688 comederit
1723 1628 1918 1702 panem
1944 1632 2000 1685 in

415 1736 585 1792 regno
611 1723 897 1781 caelorum.
932 1724 1099 1780 Multo
1128 1724 1304 1796 magis
1341 1732 1526 1779 autem
1569 1724 1790 1778 beatum
1835 1731 1922 1779 est
1946 1733 2004 1777 et

414 1826 605 1867 servos
639 1808 863 1879 habere,
887 1823 942 1870 et
969 1815 1196 1871 ancillas
1225 1825 1283 1870 et
1307 1816 1699 1880 mercenarios,
1739 1815 2002 1879 advenas,

414 1902 660 1971 iumenta
686 1915 741 1961 et
777 1922 995 1976 pecora,
1025 1906 1140 1962 sive
1174 1907 1478 1963 secundum
1529 1906 1674 1962 LXX
1713 1918 1761 1962 et
1787 1908 1998 1961 bestias.
2046 1894 2086 1947 Β

396 1994 638 2066 ’διιδείεε
669 1998 815 2061 (illim.
871 1999 988 2060 hinc
1009 1999 1396 2070 discipulatum
1433 2000 1794 2070 praebentium
1842 1999 2003 2054 nobis

418 2088 476 2150 in
519 2098 704 2145 sancta
747 2090 839 2145 Dei
893 2093 1317 2148 conversatione
1349 2103 1478 2147 sunt
1528 2093 1781 2148 diversae.
1845 2092 2003 2146 Servi

417 2178 640 2255 quidem
669 2190 725 2237 et
745 2182 976 2250 ancillae,
1016 2193 1284 2254 quotquot
1325 2184 1483 2239 nobis
1512 2184 1576 2238 ad
1616 2184 2004 2254 discipulatum

418 2271 775 2343 semetipsum
804 2275 1168 2342 subdiderint,
1210 2276 1297 2332 vel
1335 2293 1365 2331 a
1401 2277 1562 2331 nobis
1600 2277 1768 2347 empti
1803 2276 2007 2331 fuerint

419 2363 488 2419 de
508 2366 768 2422 exteriori
796 2369 1039 2424 servitio.
1071 2369 1391 2425 Merccnarii
1418 2378 1600 2425 autem
1626 2370 1818 2436 nostri,
1851 2370 1943 2441 qui
1976 2387 2005 2424 a

420 2455 579 2518 nobis
624 2457 834 2515 invitati
876 2469 1027 2525 sunt,
1070 2478 1184 2518 non
1238 2472 1420 2518 tamen
1476 2471 1686 2519 tantum
1739 2463 2001 2533 subjecti,

422 2557 487 2607 ut
510 2552 749 2618 etservi,
778 2563 833 2607 et
859 2554 1071 2611 ancillae
1096 2556 1472 2612 nominentur.
1503 2557 1764 2622 Advenae,
1794 2555 1911 2611 sive
1948 2564 2010 2609 ut

423 2642 585 2707 LXX,
611 2645 880 2717 inquilini,
904 2648 1219 2719 adjacentes
1241 2650 1435 2708 nobis:
1466 2666 1647 2722 neque
1676 2651 1822 2705 enim
1851 2651 2008 2707 dixe-

423 2737 908 2809 runt,inquilinos,
937 2743 1032 2797 sed
1055 2741 1317 2813 inquilino
1335 2743 1603 2812 adjacenti
1632 2742 1704 2797 ad
1734 2752 1783 2796 te
1815 2760 1829 2797 :
1855 2752 2011 2813 quot-

424 2838 560 2900 quot
589 2830 644 2884 in
685 2831 794 2897 vita
826 2833 927 2888 ista
956 2850 1053 2903 per
1094 2834 1521 2905 philosophiam,
1571 2834 1726 2903 quasi
1760 2836 2011 2905 inquilini

426 2928 556 2985 sunt
580 2935 692 2981 non
722 2929 904 2980 tamen
931 2924 1298 2979 exterioribus
1325 2924 1598 2995 adjacent,
1618 2925 1714 2981 sed
1738 2924 1898 2984 nobis
1916 2924 2011 2995 qui

428 3013 481 3068 in
497 3013 693 3068 bonam
717 3022 914 3071 terram
934 3015 1164 3088 ingressi
1185 3031 1396 3081 sumus,
1415 3026 1472 3073 ct
1489 3016 1838 3088 possidemus
1859 3032 2009 3082 eum,

427 3113 626 3175 ctqua:
661 3107 728 3162 ad
758 3123 877 3162 eam
928 3108 1187 3179 pertinet.
1247 3109 1356 3165 Sed
1387 3118 1443 3164 et
1470 3108 1516 3165 si
1546 3124 1710 3180 quem
1756 3108 2010 3174 idiotam,

428 3194 541 3257 sive
571 3195 888 3266 pOpularem
936 3196 1270 3266 juvabimus,
1300 3198 1359 3253 hi
1388 3198 1533 3253 enim
1567 3206 1696 3255 sunt
1721 3197 1969 3269 iumenta
1997 3216 2010 3257 ε

430 3291 657 3362 insuper
705 3301 760 3347 et
804 3293 849 3347 si
889 3309 1051 3363 quem
1082 3292 1384 3348 inﬁdelium
1428 3294 1513 3348 vel
1570 3293 1884 3364 impiorum,
1923 3292 2017 3363 qui

432 3393 578 3449 recte
608 3399 826 3456 pecora,
857 3384 958 3447 sivi
989 3393 1050 3440 ut
1072 3385 1233 3452 LXX,
1259 3386 1438 3441 bestia:
1457 3385 1832 3453 nominantur,
1858 3401 2020 3441 man-

430 3484 649 3538 suetum
712 3477 997 3544 facientes,
1047 3479 1357 3550 relinquere
1395 3478 1656 3550 sylvas,et
1696 3478 1765 3533 ad
1818 3484 2021 3534 terram

433 3572 619 3630 venire
654 3583 895 3631 nostram
936 3574 1254 3642 fecerimus,
1300 3585 1356 3637 et
1399 3575 1603 3631 bestias
1630 3574 1743 3646 agri
1779 3572 1907 3639 dici,
1953 3573 2022 3628 de

432 3666 630 3734 quibus
681 3667 819 3722 dixit
861 3667 1028 3723 David
1056 3685 1070 3722 :
1098 3666 1248 3727 Inter
1278 3676 1478 3726 mentes
1510 3665 1809 3723 transibunt
1846 3680 2021 3735 aqum,

435 3759 689 3828 potabant
723 3776 813 3820 eas
835 3776 1016 3823 omnes
1047 3761 1224 3820 bestia:
1267 3761 1385 3831 agri
1409 3760 1475 3813 ⁸⁷.
1508 3759 1578 3816 Et
1601 3759 1656 3813 hi
1685 3758 1777 3828 qui
1811 3749 2025 3813 fructus

439 3855 591 3908 bona:
617 3861 797 3919 terrae,
819 3869 993 3923 quam
1023 3853 1132 3908 Deo
1160 3852 1358 3909 tradita
1379 3860 1463 3911 est
1516 3850 1676 3906 nobis
1723 3865 2024 3905 conversa-

439 3947 624 4011 tionis,
647 3947 789 4003 sicut
815 3946 1053 4001 diximus
1093 3942 1423 4014 intelligibili
1449 3943 1678 3998 sabbato
1709 3940 2022 4002 comedent,

436 4040 490 4094 in
513 4040 758 4110 requiem
778 4040 945 4094 futuri
964 4037 1171 4103 saeculi,
1190 4036 1465 4108 praedicta:
1488 4045 1647 4091 terrae
1664 4032 2028 4104 pcreipientes

438 4134 712 4196 fructuum
729 4134 976 4200 delicias,
991 4141 1219 4203 propter
1237 4130 1384 4201 quod
1400 4128 1759 4185 Ecclesiastes
1780 4125 2025 4182 dicebat:

441 4226 701 4297 Prwpara
746 4229 818 4281 ad
847 4228 1046 4284 exitum
1083 4241 1246 4294 opera
1277 4234 1370 4277 tua
1401 4223 1470 4287 ⁸³,
1500 4221 1628 4292 quia
1667 4228 1792 4290 post
1822 4218 2028 4273 exitum

442 4331 667 4391 tmgere
701 4318 1003 4389 quamlibet
1025 4315 1404 4386 Operationem
1447 4328 1560 4371 non
1603 4313 1747 4366 licet.
1771 4308 2028 4366 Christus

440 4420 623 4467 autem
651 4410 729 4466 ait
757 4427 776 4465 :
806 4392 1121 4482 bperamini
1151 4424 1256 4463 non
1287 4407 1458 4462 cibum
1479 4406 1569 4476 qui
1595 4405 1754 4474 perit,
1790 4407 1881 4457 sed
1912 4417 2032 4455 eum

440 4502 531 4567 qui
554 4514 826 4571 permanet
852 4503 912 4556 in
938 4503 1104 4557 vitam
1131 4512 1408 4563 (sternam,
1430 4517 1584 4571 quem
1609 4496 1781 4552 Filius
1811 4495 2036 4550 hominis

2092 809 2335 881 jubileus
2364 817 2449 865 est
2501 818 2558 863 et
2591 807 3079 878 quinquagesimus
3133 817 3331 857 annus
3365 816 3478 856 non
3508 808 3673 859 serens

2097 916 2280 972 neque
2301 898 2526 956 metetis
2553 909 2750 970 sponte
2778 898 2831 952 in
2862 913 2993 968 agro
3016 894 3338 958 nascentia,
3359 903 3415 947 et
3445 894 3676 962 primitias

2097 994 2392 1049 vindemias
2425 1009 2536 1047 non
2553 990 2841 1063 colligetis,
2860 989 2932 1044 ob
2963 985 3473 1043 sanctiﬁcationem
3496 985 3675 1054 iubilei,

2100 1088 2198 1142 sed
2230 1087 2416 1141 statim
2473 1085 2650 1141 ablata
2700 1081 3023 1139 comedetis.
3058 1081 3225 1135 Anno
3253 1076 3455 1149 jubilei
3500 1078 3679 1134 redicat

2100 1193 2293 1234 omnes
2319 1179 2388 1234 ad
2418 1177 2796 1249 possessiones
2825 1191 2976 1229 suas.
3010 1194 3028 1224 ›
3348 1154 3375 1181 ’

2174 1271 2276 1327 Hic
2313 1269 2685 1342 interrogandi
2715 1278 2851 1324 sunt
2887 1267 3087 1329 Judaei,
3119 1266 3163 1321 si
3201 1264 3527 1335 septimam,
3568 1264 3685 1319 sicut

2105 1365 2211 1435 ipsi
2233 1364 2445 1428 dicunt,
2480 1361 2625 1416 diem
2646 1360 2926 1432 legislrtor
2948 1360 3262 1420 honorans,
3297 1368 3498 1409 vacare
3516 1353 3568 1407 in
3587 1353 3683 1423 ipsa

2104 1462 2174 1512 ab
2205 1455 2319 1527 agri
2373 1452 2656 1533 operibus,
2700 1450 2931 1520 alisque
2975 1449 3179 1504 talibus
3216 1444 3512 1517 praecepit,
3555 1447 3688 1511 cujus

2106 1549 2278 1620 gratia
2303 1545 2758 1617 quinquagesimo
2782 1558 2929 1598 anno
2946 1556 3164 1597 cessare
3183 1540 3260 1595 ab
3286 1538 3552 1609 operibus
3573 1553 3684 1607 prie-

2105 1642 2270 1712 cepit.
2290 1639 2348 1695 Si
2371 1640 2517 1695 enim
2536 1635 2906 1693 hebdomadas
2925 1632 3416 1690 hebdomadarum
3438 1631 3506 1686 ad
3521 1644 3686 1684 novem

2105 1742 2163 1788 et
2187 1731 2546 1804 quadraginta
2566 1728 2784 1785 numeri
2822 1742 3000 1783 annos
3025 1725 3398 1797 colliguntur,
3420 1738 3528 1778 non
3550 1737 3687 1790 opor-

2112 1824 2262 1879 tebat
2281 1822 2792 1893 quinquagesimum
2841 1833 3054 1882 vacare,
3086 1816 3196 1872 nisi
3227 1815 3476 1870 forsitan
3516 1813 3687 1882 aliquid

2113 1912 2465 1985 significaret,
2493 1921 2549 1966 et
2577 1909 2833 1981 mysteria
2860 1910 2943 1963 lex
2966 1915 3306 1977 exponeret,
3334 1921 3463 1975 quae
3486 1904 3687 1959 necdum

2113 2015 2329 2076 tempus
2349 2012 2468 2059 erat
2492 2012 2682 2073 aperte
2710 2008 2935 2070 prepter
2973 1998 3301 2054 auditorum
3345 1995 3687 2052 inﬁrmitatem

2112 2097 2336 2170 aperiri.
2366 2096 2500 2163 Qua:
2527 2104 2655 2151 sunt
2679 2104 2863 2148 autem
2890 2090 3045 2147 haec?
3065 2090 3209 2146 Audi
3240 2108 3255 2144 :
3290 2086 3506 2158 Duplex
3535 2096 3686 2141 autem

2113 2190 2364 2261 quaedam
2400 2187 2678 2243 infcrtura
2696 2184 2807 2242 Deo
2834 2184 3085 2239 omnium
3103 2180 3424 2238 visibilium
3469 2193 3689 2234 consum-

2116 2283 2304 2345 matio,
2352 2297 2459 2336 una
2514 2278 2740 2350 quidem
2790 2277 3230 2346 uniuscujusque
3281 2280 3560 2329 nostrum.
3607 2270 3687 2325 alia

2116 2382 2319 2436 autem,
2348 2371 2662 2426 communis
2695 2368 2917 2423 humani
2953 2367 3170 2438 generis
3213 2366 3576 2436 ipsorumque
3616 2360 3689 2414 ho-

2116 2481 2260 2532 rum,
2311 2480 2434 2535 quae
2480 2464 2644 2529 hanc,
2677 2476 2800 2532 quae
2850 2474 3002 2515 nunc
3060 2465 3163 2524 est,
3232 2452 3687 2511 conversationem

2118 2562 2483 2619 constituunt.
2515 2560 2621 2615 Sed
2646 2574 2750 2614 nec
2773 2557 2993 2627 quando
3042 2553 3439 2624 unusquisque
3479 2556 3686 2604 nostrum

2118 2662 2532 2711 consummatus
2566 2651 2752 2715 fuerit,
2806 2659 3024 2718 tempus
3054 2646 3219 2702 nobis
3276 2641 3549 2715 operandi
3589 2641 3684 2703 erit,

2118 2763 2224 2804 nec
2251 2746 2471 2818 quando
2518 2758 2752 2799 omnes:
2787 2750 2846 2797 et
2888 2741 2993 2795 hoc
3033 2737 3203 2793 nimis
3251 2736 3505 2791 scienter
3548 2734 3685 2802 legem

2119 2844 2278 2905 dans,
2304 2840 2448 2895 Deus
2464 2837 2666 2909 quippe
2682 2843 2821 2901 erat,
2845 2833 2930 2888 his
2956 2831 3115 2887 nobis
3139 2829 3330 2885 innuit
3351 2836 3411 2883 et
3430 2824 3687 2895 superiori-

2119 2936 2226 2992 bus
2254 2932 2462 2994 verbis,
2492 2931 2546 2986 in
2580 2928 2960 2999 superioribus
2992 2924 3239 2995 quidem,
3276 2918 3685 2988 uniuscujusque

2123 3026 2287 3081 tinent
2313 3022 2622 3088 insinuans,
2650 3019 2737 3075 his
2758 3026 2965 3084 autem,
2992 3011 3536 3070 consummationem
3556 3007 3687 3063 totius

2121 3117 2342 3193 generis
2365 3115 2614 3181 humani,
2645 3112 2949 3182 mundique
2972 3107 3227 3164 visibilis.

2192 3209 2512 3266 Numerabis
2547 3224 2669 3279 ergo
2698 3206 2792 3261 tibi
2818 3214 3014 3275 septem
3038 3200 3411 3256 hebdomadas
3444 3207 3686 3252 annorum.

2124 3303 2252 3359 Sive
2306 3311 2368 3358 ut
2418 3298 2563 3357 LXX
2589 3319 2602 3354 :
2628 3297 2839 3369 Septem
2885 3313 3009 3367 ergo
3046 3293 3359 3350 numerabis
3379 3290 3477 3345 tibi
3522 3283 3685 3355 requies

2123 3411 2409 3455 annorum.
2426 3391 2659 3455 Sabbata
2685 3397 2889 3452 autem,
2907 3403 3007 3460 pro
3029 3387 3210 3458 requie
3238 3381 3440 3453 reliqui
3457 3381 3685 3446 interpre-

2124 3502 2241 3547 tum
2281 3490 2595 3545 ediderunt.
2649 3483 2713 3538 Et
2740 3483 2870 3554 quid
2902 3482 3008 3539 hoe
3033 3482 3168 3538 est?
3193 3480 3423 3552 Septem
3465 3472 3598 3531 enim
3629 3467 3686 3521 ait

2125 3581 2498 3639 hebdomadas
2518 3595 2787 3634 annorum
2813 3577 3040 3647 septies.
3066 3575 3136 3630 Et
3165 3581 3301 3629 sunt.
3341 3576 3552 3639 septem
3581 3559 3684 3617 heb-

2126 3676 2388 3733 domades
2429 3688 2701 3736 annorum
2737 3668 3098 3741 quadraginta
3123 3680 3323 3722 novem
3348 3654 3627 3727 anni,quia
3645 3651 3684 3704 in

2126 3767 2472 3827 hebdomade
2494 3766 2708 3829 dierum
2742 3771 2915 3821 totum
2943 3759 3208 3815 saeculum
3247 3757 3551 3813 humanum
3576 3743 3687 3802 diviv

2127 3864 2297 3928 ditur,
2322 3859 2543 3932 quando
2561 3858 2651 3913 hic
2666 3858 2785 3927 ipse
2806 3855 2859 3909 in
2881 3851 3181 3921 semetipso
3201 3844 3589 3918 multiplicatus
3603 3835 3685 3932 fue-

2129 3957 2222 4019 rit,
2252 3964 2308 4010 et
2334 3928 2445 4009 tota
2488 3949 2670 4007 saeculi
2701 3946 2973 4017 completa
3003 3943 3172 4011 fuerit
3194 3938 3528 3997 volubilitas.
3565 3928 3687 4019 cujus

2132 4016 2350 4118 tempus
2374 4043 2606 4099 Creator
2622 4016 2891 4102 deﬁnivit,
2914 4038 3009 4093 diu
3029 4034 3399 4105 semetipsum
3419 4016 3683 4083 volvensad

2135 4141 2299 4197 finem
2351 4136 2624 4209 pervenit.
2658 4132 2730 4188 Et
2767 4140 3064 4204 propterea
3112 4128 3205 4184 ille
3247 4126 3382 4189 ﬁnis
3419 4124 3684 4189 tempon

2137 4208 2603 4293 hebdomadarum
2658 4234 2810 4289 recte
2903 4222 3213 4296 appellatus
3268 4208 3682 4290 quadragesimus

2135 4338 2316 4383 nouus
2360 4336 2539 4383 annus
2579 4326 2686 4377 est.
2734 4316 2845 4374 Sed
2893 4323 3112 4387 Oportet
3147 4313 3319 4370 etiam
3377 4310 3683 4377 sequentem.

2136 4408 2668 4487 quinquagesimum,
2687 4411 2830 4466 sicut
2854 4408 2932 4471 ait
2962 4406 3051 4463 hic
3080 4403 3384 4476 legislator,
3412 4390 3679 4485 succedere.

2141 4506 2195 4561 in
2221 4520 2330 4574 quo
2361 4511 2707 4558 mortuorum
2744 4498 2805 4554 fit
2834 4494 3191 4555 resurrectio.
3223 4493 3359 4549 Post
3386 4490 3540 4545 ﬁnem
3569 4488 3680 4534 enim

442 4593 592 4648 dabit
621 4592 762 4651 vobis
789 4593 857 4648 ".
892 4592 1067 4662 Hujus
1089 4592 1310 4663 quidem
1346 4607 1485 4661 Opus
1512 4590 1620 4655 hic,
1646 4589 1698 4643 in
1731 4588 1917 4643 futuro
1940 4602 2034 4641 auo
2067 4601 2109 4654 ι)
2141 4572 2471 4652 resurrectio
2513 4591 2782 4663 sequitur.
2802 4588 2938 4654 Quae
2966 4585 3262 4659 quomodo,
3295 4595 3356 4641 et
3375 4572 3679 4653 quemadmo'

445 4698 552 4742 tem
580 4686 792 4743 fructus
817 4694 920 4745 est.
948 4684 1040 4739 Vae
1069 4683 1238 4746 enim,
1262 4685 1307 4742 si
1328 4683 1452 4755 quis
1476 4682 1664 4739 vacuis
1681 4680 1811 4736 hinc
1837 4678 2030 4733 ambu-

446 4780 639 4833 laverit
670 4779 942 4844 manibus,
988 4778 1101 4835 illic
1129 4777 1219 4832 ubi
1253 4788 1469 4848 tempus
1491 4777 1601 4847 iam
1631 4790 1741 4829 non
1774 4781 1860 4828 est
1905 4771 2032 4825 the-

446 4871 774 4937 saurizandi,
796 4887 906 4927 non
933 4870 1219 4942 operandi.
1247 4870 1339 4927 sed
1362 4871 1478 4926 haec
1508 4866 1884 4938 proferuntur,
1920 4863 2038 4917 haec

448 4968 726 5029 fruuntur,
758 4978 879 5033 qua:
931 4964 1022 5020 hic
1048 4971 1257 5035 operati
1276 4961 1579 5017 fuerimus:
1610 4957 1809 5027 quibus
1842 4970 2036 5024 super:

448 5057 726 5114 :editicans
754 5055 1049 5127 legislator.
1076 5054 1358 5124 sequentia
1385 5050 1624 5108 subdidit
1648 5065 1662 5102 :

546 5170 712 5231 Vens.
749 5168 902 5225 8-15.
962 5188 980 5219 ς
1037 5164 1370 5221 Numerabis
1417 5174 1637 5231 quoque
1687 5160 1781 5214 tibi
1829 5169 2040 5229 septem

452 5257 826 5313 hebdomades
864 5270 1159 5317 annorum,
1203 5254 1256 5307 id
1294 5260 1400 5313 est,
1445 5251 1670 5320 septies,
1718 5265 1840 5318 qua:
1879 5249 2040 5303 simul

451 5352 662 5407 faciunt
686 5364 863 5409 annos
903 5345 1269 5419 quadraginta
1310 5357 1531 5405 novem,
1564 5350 1621 5397 et
1656 5341 1876 5413 clanges
1903 5341 2039 5395 buc—

453 5446 601 5506 rina,
625 5457 816 5500 mense
846 5440 1104 5511 septimo,
1142 5437 1354 5492 decima
1405 5435 1492 5490 die
1520 5435 1748 5499 mensis,
1773 5433 2040 5503 propitia-

456 5532 621 5587 tionis
647 5539 912 5601 tempore,
951 5527 1006 5582 in
1037 5524 1291 5582 universa
1320 5532 1465 5579 terra
1499 5532 1702 5589 vestra,
1740 5522 2045 5578 sanctifica-

457 5624 650 5695 hisque
685 5637 890 5679 annum
929 5618 1458 5692 quinquagesimum,
1491 5624 1545 5673 et
1590 5615 1812 5671 vocabis
1852 5615 2044 5670 remis-

459 5882 463 5887 η
559 5823 605 5858 ’⁵
644 5821 835 5883 Matth.
869 5840 996 5890 xxv,
1031 5824 1053 5877 1
1091 5841 1204 5891 seq.
1317 5825 1362 5855 δε
1393 5822 1532 5877 Psal.
1562 5836 1757 5886 cxxxtt,
1799 5822 1847 5887 1,
1874 5821 1927 5887 ᾗ»

461 5895 505 5940 9*
543 5891 721 5963 iCcr.
754 5910 842 5957 xv,
875 5894 973 5959 ‘23;
1011 5895 1250 5949 l'l'hess.
1285 5910 1361 5963 tv,
1396 5892 1479 5946 15.

1992 6018 2009 6024 ,Ἴ
2028 6019 2085 6027 ι.-

2034 5821 2078 5851 ⁸⁷
2123 5817 2266 5875 Psul.
2299 5833 2413 5886 cui,
2454 5816 2536 5869 ll.

2139 4690 2268 4747 dum
2300 4656 2609 4759 proveniat,
2631 4683 2765 4739 dicit
2792 4656 3020 4736 Paulus.
3041 4677 3309 4733 Similiter
3347 4681 3522 4730 autem
3560 4656 3681 4715 etle—

2142 4782 2364 4851 gislator
2382 4776 2745 4850 praesentibus
2766 4773 3011 4830 subdidit
3037 4770 3241 4832 verbis,
3263 4768 3341 4836 ait
3362 4764 3535 4821 enim:

2199 4875 2267 4930 Et
2286 4872 2533 4943 clangens
2555 4869 2976 4940 bucciuapnense
2995 4864 3129 4935 septi
3136 4879 3237 4926 mo,
3259 4863 3314 4914 in
3333 4858 3560 4913 universa
3573 4852 3679 4941 terr-0

2146 4978 2344 5033 vestra.
2370 4964 2519 5018 Illam
2549 4961 2736 5016 tubam
2760 4958 3100 5030 significans,
3129 4955 3197 5008 de
3231 4969 3339 5023 qua
3368 4944 3678 5033 Paulussﬂl‘

2149 5029 2231 5116 bit
2250 5055 2575 5120 Corinthiis,
2605 5053 2797 5107 dicens
2872 5049 3013 5115 Quia
3044 5049 3155 5115 ipse
3194 5044 3448 5099 Dominus
3474 5029 3683 5120 iniusti.

2146 5114 2203 5208 in
2232 5167 2354 5206 uoce
2400 5114 2738 5219 Are/tangebi.
2770 5147 2826 5199 in
2872 5114 2998 5199 tuba
3031 5114 3129 5196 Dei
3175 5136 3447 5194 descendet
3481 5128 3540 5182 de
3561 5114 3680 5219 ιίξξξι

2147 5257 2197 5301 et
2223 5245 2418 5299 mortui
2445 5244 2535 5313 qui
2562 5206 2853 5295 invC‘Itristo
2880 5245 3025 5298 sunt,
3063 5239 3337 5302 resurgent
3362 5206 3672 5313 incorrupti”.

2147 5339 2381 5409 Oportet
2407 5336 2555 5392 enim
2587 5341 2931 5389 mortuorum
2969 5325 3431 5383 resurrectionem
3459 5308 3675 5409 suum":

2151 5396 2260 5487 tem
2278 5445 2373 5487 eos
2393 5428 2708 5501 praecedere
2730 5425 2941 5480 tubam.
2963 5421 3121 5477 Unde
3148 5419 3206 5473 in
3235 5405 3614 5487 quadragesimo
3632 5396 3672 5443 ⁸⁸

2153 5539 2302 5581 nono
2324 5536 2490 5587 anno,
2518 5521 2574 5575 in
2602 5535 2712 5589 quo
2744 5528 3095 5573 communem
3126 5511 3367 5567 diximus
3386 5498 3672 5589 consumi”?

2158 5618 2363 5673 tionem
2403 5615 2543 5681 ﬁeri,
2574 5587 2703 5669 tuba
2731 5610 2855 5666 cani
2895 5606 3175 5679 prmeepit.
3222 5606 3282 5658 In
3324 5607 3499 5658 mense
3530 5587 3666 5642 sulem

2649 5814 2694 5845 "‘
2724 5811 2889 5870 Eccli.
2921 5826 3033 5875 xiv,
3061 5809 3152 5864 l7.
3269 5806 3315 5837 υ
3350 5804 3489 5865 δοτηι,
3517 5774 3659 5856 rufi.

2576 6017 2677 6025 -...,_
2780 6022 2793 6029 ‘
3068 6015 3115 6023 --γ
3146 6006 3251 6020 ..,ο4-
3292 6008 3303 6012 ⁸
