3892 6402
36 2842 43 2871 i

77 364 223 432 1113

1230 372 1311 434 IN
1349 373 1792 433 LEVITICUM.
1834 398 1904 411 -
1944 368 2091 434 LIB.
2130 375 2262 437 VII.

3249 369 3385 436 1116

73 480 348 550 septimo,
404 480 613 538 decima
653 484 910 552 mensis,.
936 484 1344 557 propitiationis
1402 496 1668 555 tempore,
1699 490 1748 545 Δ
1776 484 2050 541 thesauros
2073 489 2128 541 in
2158 488 2308 553 εωιο,
2350 489 2437 542 ubi
2468 505 2560 543 nec
2595 488 2760 550 tinea,
2790 501 2882 541 nec
2911 502 3089 555 a'rugo
3139 500 3385 540 carrum-

76 574 404 645 clangentes
453 574 687 630 buccina
732 575 787 631 in
824 576 1081 633 universa
1120 586 1261 632 terra
1305 588 1488 633 vestra
1532 587 1680 633 recte

78 662 371 733 prrcepit,
440 680 543 735 per
604 666 1050 737 propitiationem
1118 666 1498 731 manifestans,
1552 667 1681 737 quia

79 761 319 823 propter
362 755 667 811 bonitatem
700 765 755 811 et
782 757 1129 811 clementiam
1161 774 1287 828 erga
1318 773 1483 812 omne
1509 774 1683 829 genus

77 840 413 912 humanum,
465 847 870 903 communionis
925 848 1347 903 resurrectionis
1400 848 1684 919 dispensat

75 938 431 1007 mysterium,
452 939 885 995 misericordiam
917 939 1241 1010 impendens
1260 939 1454 1005 Adam,
1470 939 1563 1009 qui
1583 954 1683 1010 per

74 1030 521 1088 iuobedientiam
558 1033 614 1086 in
642 1042 843 1087 terram
889 1033 1087 1087 reverti
1126 1044 1432 1103 praeceptus
1460 1042 1545 1087 est
1577 1052 1592 1086 :
1632 1032 1679 1086 si

70 1124 226 1179 enim
264 1142 385 1180 non
418 1127 676 1181 misertor
709 1126 1147 1197 propitiatorium
1178 1126 1392 1190 fuisset,
1420 1142 1533 1181 non
1555 1142 1683 1180 cum

65 1233 86 1270 a
113 1220 500 1290 corruptione
525 1230 745 1276 terrena
784 1220 1093 1276 liberasset.
1131 1219 1286 1286 Quod
1322 1228 1510 1276 autem
1546 1220 1684 1276 dixit

61 1326 308 1366 omnem
362 1322 587 1379 terram,
634 1312 762 1384 quia
810 1314 979 1368 totius
1033 1313 1141 1368 erit
1186 1312 1411 1367 humani
1463 1311 1684 1383 generis

59 1406 444 1461 resurrectio.
478 1405 583 1460 Per
610 1407 906 1477 septimum
934 1416 1121 1461 autem
1150 1421 1418 1471 mensem,
1450 1414 1507 1460 et
1528 1404 1684 1461 deci-

54 1512 225 1552 mam
258 1499 435 1564 diem,
466 1514 594 1553 eum
635 1499 726 1568 qui
761 1498 878 1553 lure
923 1499 1055 1569 egit,
1107 1498 1361 1554 videlicet
1401 1496 1683 1553 Christum

51 1590 385 1662 intelliges.
412 1591 597 1647 Mense
634 1592 779 1646 enim
822 1591 1063 1661 septimo
1091 1599 1224 1646 tetas
1262 1590 1457 1645 mundi
1483 1590 1634 1645 venit
1666 1608 1680 1644 :

46 1684 248 1753 cujus
280 1699 534 1739 mensem
557 1685 792 1754 primum
824 1684 1063 1739 dicimus
1099 1698 1224 1753 eum
1250 1683 1343 1752 qui
1377 1682 1557 1737 fuitin
1588 1697 1687 1753 pa-

47 1774 275 1830 radiso
307 1791 326 1842 ;
355 1776 659 1831 secundum
689 1791 860 1846 usque
885 1777 952 1830 ad
982 1775 1289 1831 diluvium:
1318 1777 1563 1841 tertium,
1586 1790 1682 1830 us-

1788 580 1888 648 pit,
1917 596 2009 633 nec
2036 582 2182 651 fures
2217 580 2490 650 eﬂ'odiunt,
2542 592 2591 635 et
2654 582 2909 652 furantur
2928 580 2996 631 ⁵⁸.
3054 576 3164 632 Sed
3211 582 3267 631 et
3315 577 3385 632 ad

1789 668 2051 724 familiam
2084 670 2371 740 pristinam
2404 672 2672 733 redimus,
2704 670 2792 725 vel
2813 669 2959 725 sicut
2991 667 3382 739 Septuaginta,

1793 763 1866 816 ad
1915 764 2153 829 patriam
2210 773 2449 818 nostram
2503 763 2913 818 ambulabimus.
2960 760 3249 816 Manifesta
3301 771 3389 815 est

1788 858 1937 910 enim
1975 857 2227 925 quasdam
2250 857 2553 911 amantium
2578 856 3009 926 hospitalitatem
3049 854 3246 924 patria,
3269 853 3388 908 sive

1790 946 2017 1013 familia,
2078 949 2165 1004 cui
2213 949 2490 1004 Abraham
2551 957 2772 1019 praeest,
2832 947 3121 1002 manifesta
3174 955 3387 1002 castro—

1791 1055 1937 1106 rum,
1970 1041 2126 1111 cujus
2141 1040 2345 1110 Joseph
2378 1041 2636 1111 princeps
2665 1047 2753 1096 est
2782 1058 2795 1094 :
2829 1038 3123 1093 manifesta
3176 1038 3388 1092 zelatu-

1792 1148 1934 1197 rum,
1962 1133 2121 1202 cujus
2152 1133 2294 1187 Elias
2320 1132 2614 1202 primatum
2645 1141 2817 1198 tenet,
2860 1146 3094 1202 quarum
3150 1129 3388 1185 heredi-

1792 1234 1960 1280 tatem
1991 1225 2346 1296 percipimus,
2395 1226 2616 1295 quando
2660 1224 2858 1280 horum
2924 1240 3050 1295 quae
3088 1224 3178 1278 hic
3232 1232 3386 1288 sunt,

1792 1316 2067 1381 remissio,
2114 1325 2172 1371 et
2219 1316 2587 1372 sanctiﬁcatio
2627 1323 2818 1371 contra
2868 1324 3104 1371 mortem
3142 1313 3389 1371 victoria:

1792 1418 2012 1480 peracta
2038 1408 2226 1464 fuerit.

1862 1502 1926 1557 In
1988 1503 2428 1573 quinquagesimo
2485 1516 2630 1555 anno
2684 1502 2777 1572 qui
2837 1509 2954 1571 post
3003 1500 3386 1555 hebdomadam

1792 1575 2280 1647 hebdomadarum:
2340 1590 2402 1646 Id
2455 1601 2579 1657 est,
2638 1599 2762 1661 post
2817 1605 3167 1646 communem
3220 1589 3387 1645 flnem

1791 1687 2001 1751 veniet,
2035 1686 2369 1742 sicutsentel
2394 1693 2680 1741 ostensum
2730 1691 2834 1740 est.
2880 1684 3037 1738 Tunc
3086 1698 3203 1759 non
3258 1696 3392 1752 pos-

1793 1789 1923 1836 sunt
1961 1778 2243 1844 seminari,
2274 1792 2458 1847 neque
2491 1778 2626 1831 meti
2660 1785 2860 1846 sponte
2891 1776 2946 1830 in
2985 1787 3116 1847 agro
3155 1787 3396 1829 nascen-

45 1882 181 1936 que
232 1869 308 1924 ad
340 1867 615 1924 Abraham
645 1887 659 1923 :
690 1877 946 1937 quartum
982 1884 1155 1938 usque
1193 1868 1262 1922 ad
1289 1877 1528 1939 tempus,
1578 1885 1688 1939 quo
1721 1854 1762 1910 Β
1794 1874 1888 1937 tia,
1922 1887 2103 1943 neque
2134 1870 2405 1942 primitias
2434 1870 2734 1925 vindemia:
2782 1868 2985 1940 colligi.
3013 1866 3203 1937 Neque
3244 1864 3395 1920 enim

49 1961 429 2020 descensum
471 1971 556 2018 est
595 1961 651 2016 in
697 1961 992 2033 Aigyptum
1025 1979 1039 2015 :
1070 1961 1349 2031 quintum,
1402 1977 1575 2032 usque
1621 1963 1688 2018 ad

54 2057 471 2130 Captivitatem
503 2058 559 2112 in
589 2055 976 2128 Babyloniam:
1005 2063 1241 2119 sextum,
1276 2070 1451 2125 usque
1493 2055 1562 2110 ad
1589 2056 1690 2111 ad-

54 2158 326 2205 ventum
342 2147 539 2206 Christi
560 2168 573 2202 :
596 2148 909 2219 septimum,
927 2147 1104 2217 ipsum
1129 2146 1340 2202 Domini
1361 2148 1693 2215 adventum;

52 2257 219 2297 nam
268 2245 377 2298 etsi
441 2256 551 2297 non
605 2256 798 2296 omnes
860 2240 946 2295 ha:
987 2239 1351 2295 differentiam
1396 2240 1690 2310 quamdam

58 2331 239 2387 inter
266 2348 332 2388 se
349 2340 539 2394 a-tates
562 2332 801 2395 habent,
845 2337 1027 2384 tamen
1041 2338 1354 2400 temporum
1379 2330 1531 2402 signa
1553 2330 1694 2386 sicut

64 2442 323 2481 menses
353 2426 577 2481 habent.
606 2423 711 2480 Sed
739 2425 1009 2482 decimam
1040 2424 1183 2480 diem
1218 2433 1506 2495 propterea
1535 2425 1692 2481 addi-

67 2520 193 2585 dit,
224 2519 355 2590 quia
390 2520 445 2574 in
470 2518 882 2589 perfectionem,
909 2518 1184 2588 perfectus
1203 2519 1407 2589 quippe
1430 2534 1695 2574 numerus

68 2621 174 2667 est
233 2610 504 2674 decimus,
539 2610 983 2681 propitiationem
1027 2619 1269 2666 nostram
1316 2626 1415 2682 per
1448 2626 1693 2679 crucem,

73 2713 267 2774 atque
315 2703 625 2773 paSsionem
667 2701 922 2757 Christus
968 2702 1196 2773 peregit.
1244 2701 1401 2758 [Inde
1441 2712 1495 2758 et
1537 2719 1696 2759 ovem

76 2813 266 2868 quam
308 2796 520 2867 Moyses
564 2795 826 2866 praecepit
866 2795 1156 2861 immolari,
1206 2796 1505 2865 perfectura
1547 2812 1693 2862 esse,

34 2942 37 2969 ἓ
79 2890 389 2946 etdecima
405 2889 743 2959 dieseparari
776 2889 1055 2959 praecepit,
1074 2890 1240 2959 hujus
1260 2899 1540 2961 gerentem
1562 2892 1697 2945 imae

34 3032 39 3063 μ
84 2985 312 3055 ginem,
342 2982 410 3037 de
436 2998 545 3053 quo
570 2982 731 3037 nobis
760 2997 910 3037 nunc
952 2997 1136 3037 sermo
1183 2990 1289 3037 est.
1334 2979 1478 3049 Quid
1511 2991 1697 3038 autem

36 3312 48 3343 ι

88 3076 188 3130 his
212 3073 470 3129 addidit?

1793 1975 2011 2037 tempus
2031 1974 2137 2029 est,
2174 1966 2229 2020 in
2257 1979 2368 2034 quo
2408 1962 2569 2017 nobis
2595 1977 2692 2032 per
2722 1961 3106 2031 operationem
3156 1957 3395 2028 conqui-

1791 2076 1980 2116 ramus
2017 2060 2255 2129 aliquam
2296 2060 2743 2120 sanctimoniam,
2796 2071 2960 2127 quam
3016 2054 3072 2109 in
3120 2056 3223 2109 hac
3286 2054 3392 2108 vita

1790 2170 1901 2209 non
1930 2151 2368 2222 conquisivimus
2402 2151 2459 2205 in
2494 2151 2697 2207 steculo
2739 2148 2946 2215 futuro,
2977 2147 3072 2202 sed
3114 2145 3220 2200 frui
3279 2142 3392 2210 his,

1792 2262 1912 2316 qua:
1943 2245 2033 2299 hic
2060 2244 2269 2315 operati
2289 2243 2579 2308 fuerimus,
2612 2252 2669 2297 et
2697 2248 2987 2311 propterea
3032 2238 3250 2293 subdit:

1864 2338 1969 2395 Sed
2001 2338 2187 2392 statim
2219 2336 2402 2390 oblata
2469 2334 2772 2389 comedetis.
2807 2332 2906 2387 Vel
2967 2331 3109 2385 sicut
3160 2328 3396 2398 septuao

1792 2433 1962 2505 ginta,
1988 2432 2052 2484 de
2074 2431 2276 2500 campis
2316 2429 2620 2493 comedetis,
2656 2442 2775 2497 qua
2804 2433 3099 2479 nascuntur
3132 2423 3188 2474 in
3214 2437 3301 2481 ea,
3342 2417 3396 2472 id

1794 2534 1878 2582 est
1906 2534 2124 2595 parata,
2165 2538 2278 2577 non
2331 2537 2453 2592 qua:
2507 2528 2640 2575 tunc
2685 2519 3065 2581 seminantur,
3117 2528 3224 2569 nec
3275 2526 3400 2581 quin

1794 2618 2071 2681 coluntur,
2127 2615 2223 2669 sed
2283 2614 2414 2668 olim
2450 2612 2859 2684 praeseminata,
2914 2618 2970 2665 et
3031 2613 3398 2678 pratoperata.

1798 2709 1934 2763 lllud
1984 2715 2070 2762 est
2128 2706 2279 2760 enim
2325 2712 2564 2774 tempus,
2628 2704 2696 2757 de
2729 2716 2840 2772 quo
2870 2702 2949 2755 ait
3008 2697 3218 2751 David:
3261 2694 3401 2759 Quia

1797 2801 1972 2855 reddis
2000 2799 2283 2868 unicuique
2332 2797 2619 2851 secundum
2652 2810 2819 2863 opera
2879 2808 2978 2846 sua
2998 2790 3065 2841 ⁵⁵.
3112 2788 3221 2842 Sed
3264 2785 3402 2855 quid

1799 2893 1852 2948 in
1878 2892 2044 2947 finem
2073 2888 2366 2961 praesentis
2387 2886 2702 2943 sanationis
2721 2884 2886 2940 dixit:
2902 2882 3056 2936 Anno
3075 2880 3287 2949 jnbilei,
3318 2878 3404 2931 vel

1798 2989 2104 3044 secundum
2136 2983 2519 3055 Septuaginta,
2546 2997 2688 3035 anno
2712 2978 3039 3034 remissionis
3056 2972 3408 3046 signiﬁcatio—

1802 3082 1882 3137 nis
1906 3082 2108 3135 redient
2140 3095 2317 3133 omnes
2357 3079 2430 3131 ad
2452 3075 2803 3147 possessiones
2830 3087 2977 3126 suas.

171 3186 653 3257 Sancti/icabisque
688 3202 888 3240 annum
928 3187 1450 3258 quinquagesimum,
1516 3196 1565 3241 et
1608 3204 1697 3241 vo-

1873 3174 2176 3229 Evidenter
2210 3187 2312 3226 nos
2356 3171 2465 3234 lex,
2511 3183 2610 3239 per
2653 3169 2756 3222 hoc
2801 3164 2950 3235 quod
2995 3175 3148 3216 nunc
3194 3158 3407 3214 dictum

98 3281 253 3334 rubis
277 3278 639 3333 remissionem
685 3278 889 3331 cunctis
935 3277 1320 3332 habitatoribus
1370 3287 1527 3334 terra:
1575 3287 1700 3334 tute.

101 3371 473 3442 Septuaginta
506 3379 692 3425 autem
724 3370 957 3433 addunt,
997 3370 1180 3424 Annus
1217 3371 1541 3425 remissionis
1607 3372 1707 3425 erit

101 3465 280 3520 vobis.
327 3463 667 3536 Significatio
725 3462 844 3519 haec
892 3463 1345 3529 sanctificabitur,
1407 3463 1461 3518 id
1498 3472 1606 3519 'est
1649 3464 1707 3519 in

32 3595 35 3629 ε
101 3556 485 3612 sanctimonia
509 3555 658 3610 hunc
690 3563 1025 3624 exspectate,
1054 3563 1105 3609 et
1135 3562 1323 3608 sancta
1351 3554 1420 3609 de
1458 3569 1525 3609 eo
1557 3556 1710 3625 cogi-

32 3690 43 3725 ε
106 3659 247 3705 tate.
288 3647 398 3702 Sed
421 3656 478 3703 et
505 3647 925 3703 sanctimoniam
950 3648 1004 3701 in
1043 3663 1108 3701 eo
1144 3646 1423 3717 corripite,
1454 3646 1709 3703 reminis-

103 3750 312 3796 centes
347 3738 525 3803 illum,
550 3739 645 3809 qui
676 3738 840 3819 dixit:
872 3738 1070 3793 Pacem
1087 3755 1260 3793 meam
1285 3739 1566 3808 sequimini
1591 3755 1710 3793 cum

32 3874 35 3907 ε
100 3835 356 3889 omnibus
406 3842 456 3887 et
503 3833 936 3897 sanctimoniam,
992 3834 1106 3887 sine
1149 3848 1254 3903 qua
1308 3849 1460 3886 nemo
1504 3833 1698 3887 videbit

32 3972 35 3979 ι
103 3926 372 3982 Deum".
400 3925 510 3981 Sed
538 3936 595 3979 et
625 3924 885 3980 omnibus
913 3923 1009 3994 qui
1039 3933 1173 3978 sunt
1205 3924 1261 3977 in
1296 3932 1461 3988 terra,
1516 3924 1710 3979 remis-

32 4068 33 4093 ;
101 4020 335 4075 sionem
397 4016 823 4081 annuntiemus,
860 4016 1075 4087 prolata
1104 4023 1294 4070 contra
1342 4030 1445 4070 nos
1486 4024 1715 4086 propter

102 4112 293 4167 Adam
331 4111 630 4166 sententia.
672 4108 1017 4180 Signiﬁcatio
1049 4108 1169 4163 haec
1219 4115 1322 4172 est,
1363 4106 1580 4178 signant
1628 4117 1714 4162 est

101 4203 264 4259 enim
296 4210 638 4257 mortuorum
681 4199 1018 4254 resurrectio
1045 4197 1249 4254 Christi
1305 4196 1568 4258 victoriae,
1618 4212 1715 4266 per

102 4309 287 4365 quam
316 4291 490 4347 vincit
536 4289 843 4353 inimicum,
906 4289 1090 4343 omnia
1128 4288 1429 4358 subjiciens
1487 4288 1615 4354 sibi,
1659 4297 1717 4343 et

101 4390 413 4443 destruens
473 4393 751 4448 mortem,
810 4381 1277 4451 quemadmodum
1342 4380 1541 4435 Paulus
1596 4381 1711 4435 ait:

101 4479 339 4547 Oportet
368 4492 489 4530 eum
522 4490 764 4546 regnare,
827 4472 991 4527 donec
1040 4483 1206 4541 ponat
1259 4487 1438 4525 omnes
1477 4471 1717 4524 inimicos

1811 3275 1896 3322 est
1950 3273 2314 3325 contestatur,
2367 3264 2498 3332 quia
2557 3260 2644 3316 vel
2695 3258 2739 3313 si
2788 3256 2922 3312 hinc
2974 3251 3409 3312 recesserimus,

1813 3374 1986 3430 usque
2010 3358 2077 3413 ad
2112 3372 2317 3412 annum
2338 3352 2703 3416 remissionis,
2763 3349 2858 3421 qui
2896 3355 2983 3404 est
3015 3342 3411 3403 sanctificatio-

1811 3454 1921 3519 nis,
1960 3467 2136 3522 usque
2161 3450 2227 3505 ad
2265 3462 2617 3506 communem
2664 3443 2926 3500 videlicet
2968 3436 3410 3496 consummatio-

1812 3562 1963 3610 nem,
1988 3554 2044 3599 ct
2074 3552 2419 3598 mortuorum
2451 3536 2937 3600 resurrectionem,
2968 3548 3133 3602 quam
3155 3529 3414 3585 Christus

1813 3646 2093 3708 operatur,
2129 3633 2352 3705 quando
2396 3632 2673 3703 integrum
2699 3626 2876 3699 surgit
2901 3633 3095 3680 contra
3122 3620 3409 3678 inimicum

1812 3740 1870 3785 et
1902 3735 2138 3784 mortem
2182 3725 2516 3795 troplueum,
2550 3721 2620 3776 ad
2671 3717 3082 3790 possessionem
3114 3729 3293 3776 suam,
3342 3712 3414 3767 ad

1815 3820 2195 3876 luereditatem
2230 3816 2494 3872 videlicet
2515 3828 2682 3869 nemo
2711 3810 2893 3866 redire
2937 3815 3139 3881 potest,
3186 3812 3415 3876 propter

1813 3911 1961 3983 quod
1993 3919 2049 3965 et
2085 3910 2288 3964 Paulus
2315 3908 2420 3961 ait:
2458 3905 2568 3960 Nos
2597 3906 2689 3975 qui
2723 3903 2968 3962 vivimus,
2996 3916 3100 3954 non
3123 3896 3411 3969 preuenis-

1816 4023 1934 4061 mus
1953 4021 2039 4059 eos
2071 4004 2162 4073 qui
2216 4000 2543 4055 dormierunt
2564 3998 2630 4050 ⁸⁸.
2661 3995 2853 4063 Neque
2908 3992 3055 4047 enim
3108 3987 3263 4057 justi,
3317 3986 3410 4056 qui

1816 4098 1923 4153 vivi
1960 4096 2309 4167 appellantur
2354 4099 2605 4145 mortuos
2634 4086 2974 4159 praecedunt,
3023 4081 3117 4137 sed
3164 4078 3413 4135 omnium

1812 4190 2082 4263 judicium
2115 4188 2219 4244 erit
2251 4198 2569 4247 commune,
2627 4190 2683 4235 et
2715 4192 2915 4233 omnes
2953 4174 3115 4231 simul
3146 4173 3213 4228 ad
3263 4186 3415 4227 com-

1818 4283 2062 4355 petentia
2123 4280 2228 4337 sibi
2298 4279 2417 4334 loca
2473 4273 2955 4331 transmittuntur.
3032 4268 3179 4323 Bene
3229 4276 3413 4321 autem

1820 4376 2055 4439 redient,
2102 4373 2198 4436 ait,
2231 4370 2358 4442 quia
2389 4370 2458 4424 ad
2500 4369 2669 4423 Deum
2726 4364 3102 4427 ambulamus,
3138 4376 3168 4413 a
3213 4373 3321 4428 quo
3360 4364 3418 4411 et

1820 4468 2098 4530 venimus,
2118 4480 2257 4541 cum
2288 4479 2400 4518 non
2446 4474 2694 4517 essemus
2736 4457 2911 4529 prius.
2963 4451 3193 4519 Quando
3230 4456 3414 4504 autem

102 4573 209 4628 sub
276 4571 499 4642 pedibus
570 4570 700 4622 suis.
756 4568 1052 4624 Novissime
1136 4567 1356 4621 inimica
1417 4566 1715 4620 destruetur
1750 4549 1793 4603 ί)
1819 4560 2132 4617 venerimus
2161 4557 2229 4612 ad
2263 4571 2413 4621 eum,
2447 4564 2578 4611 tunc
2604 4566 2730 4607 esse
2756 4549 3078 4619 incipimus.
3110 4542 3218 4599 Sed
3243 4541 3416 4610 coepi-

107 4682 262 4719 mors
291 4665 357 4719 “.
393 4663 500 4718 Sed
532 4662 860 4733 significatio
896 4661 1013 4716 haec
1041 4675 1143 4732 per
1166 4658 1540 4728 evangelicam
1570 4672 1714 4726 prte-

104 4756 453 4815 dicationem
480 4753 716 4810 efficitur
742 4771 756 4821 ;
782 4753 1032 4810 Christus
1065 4753 1210 4808 enim
1238 4751 1559 4815 adveniens,
1591 4765 1711 4804 eam

106 4848 452 4922 significavit
473 4857 637 4917 atque
659 4847 998 4917 praedicavit.

187 4947 338 5001 Tunc
372 4952 663 4998 revertetur
700 4943 854 4996 homo
903 4945 975 4995 ad
1018 4940 1398 5010 possessionem
1436 4942 1618 5001 ‘suam,
1673 4949 1724 4992 et

110 5039 483 5109 unusquisque
513 5035 678 5091 rediet
709 5036 781 5089 ad
816 5034 1079 5106 familiam
1111 5033 1413 5103 pristinam,
1456 5032 1542 5085 vel
1580 5032 1723 5086 sicut

109 5132 510 5206 Septuaginta,
577 5130 649 5183 ad
704 5128 943 5198 patriam
1002 5143 1179 5181 suam.
1231 5125 1522 5183 Possessio
1572 5125 1720 5179 enim

107 5234 315 5280 nostra
350 5230 453 5286 est,
485 5229 542 5275 et
564 5219 812 5288 indeptio
848 5219 1016 5273 futuri
1044 5217 1256 5281 satculi,
1278 5217 1405 5287 quia
1433 5216 1578 5270 illam
1611 5229 1718 5268 non

106 5318 182 5373 ad
216 5328 462 5384 tempus,
496 5311 596 5367 sed
646 5310 702 5365 in
740 5319 1069 5381 perpetuum
1110 5309 1480 5380 possidemus,
1510 5317 1567 5362 et
1619 5322 1723 5362 nec

106 5422 277 5465 nunc
303 5404 532 5476 quidem
553 5403 744 5473 hujus.
773 5417 925 5457 nunc
956 5412 1142 5457 autem
1176 5401 1342 5466 illius,
1363 5400 1460 5456 sed
1500 5415 1720 5469 semper

104 5499 379 5574 ejusdem
414 5505 501 5552 est
528 5495 706 5557 firma.
748 5504 806 5550 et
828 5511 949 5565 qua:
991 5509 1098 5548 non
1132 5494 1309 5563 possit
1354 5490 1557 5548 auferri
1598 5505 1724 5561 pns-

107 5591 325 5654 sessiO,
358 5588 429 5643 de
456 5603 564 5658 qua
597 5585 860 5641 Dominus
887 5583 1141 5639 dicebat:
1178 5582 1550 5637 Tltesanrizale
1584 5579 1725 5634 vobis

191 5768 243 5805 "
273 5765 455 5837 Hebr.
474 5780 569 5830 sn,
608 5764 691 5832 14.

110 5844 217 5913 lip.
248 5856 287 5907 ι,
314 5837 409 5894 25.

779 5764 821 5808 ‘.‘
852 5765 864 5816 l
898 5763 1023 5817 Cur.
1061 5779 1149 5826 xv,
1179 5761 1269 5827 ‘25,
1295 5760 1382 5815 26.
1457 5759 1500 5792 "
1527 5758 1712 5815 Matth.
1742 5773 1819 5824 vt,
1860 5759 1939 5814 l9.

1822 4670 1944 4710 mus
1966 4653 2185 4724 quidem
2209 4665 2331 4706 esse
2352 4646 2738 4706 communiter,
2767 4659 2831 4698 ex
2865 4656 2973 4713 quo
2998 4640 3169 4693 Adam
3201 4642 3417 4691 creatus

1822 4754 1933 4801 est:
1968 4723 2286 4813 specialiter
2321 4748 2505 4817 autem
2540 4735 2920 4803 unusquisque
2954 4738 3058 4785 est.
3091 4743 3156 4781 ex
3205 4741 3315 4795 quo
3361 4723 3415 4777 in

1825 4845 2016 4891 ventre
2042 4844 2294 4887 materno
2319 4816 2620 4900 plasmatus
2645 4836 2750 4883 est,
2771 4825 2847 4877 ait
2864 4822 3011 4876 enim
3048 4838 3061 4873 :
3087 4818 3189 4885 Qui
3218 4816 3419 4871 format

1824 4927 2079 4998 spiritum
2116 4923 2356 4979 hominis
2395 4921 2451 4975 in
2485 4921 2689 4990 ipsum.
2723 4918 2764 4970 Α
2804 4916 2913 4969 Deo
2945 4925 3131 4968 tamen
3164 4911 3418 4965 venimus

1825 5020 2041 5075 ratione
2076 5015 2303 5089 Opificii,
2347 5023 2405 5069 et
2459 5010 2794 5068 conditionis
2843 5010 2982 5078 ejus,
3019 5012 3246 5077 propter
3271 5002 3417 5074 quod

1823 5123 1881 5169 et
1908 5113 2112 5170 Paulus
2140 5109 2395 5165 dicebat:
2433 5106 2694 5161 Coarctor
2724 5113 2900 5157 autem
2937 5117 3002 5155 ea:
3025 5098 3248 5161 duobus,
3280 5095 3418 5149 desi-

1824 5207 2032 5261 derium
2062 5203 2259 5258 habens
2291 5199 2527 5263 dissolvi,
2556 5207 2604 5253 et
2637 5213 2755 5251 cum
2786 5195 2997 5248 Christo
3030 5207 3140 5247 esse
3159 5191 3227 5243 “.
3260 5186 3416 5253 Quod

1826 5298 2129 5368 unicuique
2180 5302 2432 5350 nostrum
2464 5307 2588 5347 cuin
2640 5288 2841 5345 fiducia
2876 5285 3181 5358 proveniat,
3227 5282 3279 5336 id
3308 5288 3415 5345 est,

1831 5403 1893 5448 ut
1920 5390 2323 5462 possessionem
2362 5388 2587 5449 bonam,
2615 5393 2672 5440 et
2708 5398 2832 5455 quae
2877 5379 3099 5435 familiis
3143 5377 3418 5446 justorum

1832 5493 2292 5547 connumeretur,
2367 5478 2714 5535 inveniamus
2780 5484 2943 5544 atque
3018 5468 3417 5540 possideamus.

1835 5579 1991 5635 Tunc
2007 5576 2151 5633 enim
2168 5580 2403 5634 nostras,
2421 5573 2563 5627 sicut
2585 5568 2843 5632 diximus,
2862 5561 3240 5636 possessiones
3270 5558 3420 5614 inve-

3217 5737 3262 5770 “
3288 5733 3422 5795 Phi-

2023 5757 2066 5787 “
2099 5754 2240 5811 Psal.
2274 5767 2382 5817 ιιι,
2429 5750 2508 5804 l5.
2607 5748 2650 5774 "‘
2685 5744 2917 5800 IThcss.
2945 5756 3023 5808 ιι,
3054 5740 3130 5795 ll.
