3892 6466
1666 276 1723 287 σαι»

1679 291 1765 303 ιε,-

502 408 636 476 1115

1703 411 2071 476 HESYCHII
2114 410 2596 475 PRESBYTERI

3618 417 3715 494 ιιιδ

499 529 717 584 niemus
739 568 757 594 ,
819 536 951 585 tunc
1006 529 1383 585 hmreditatem
1436 528 1795 599 accipiemus.
1859 528 2093 599 Propter
2122 532 2168 588 Α
2195 527 2393 583 habens
2430 544 2542 584 sua:
2566 528 2879 590 voluntatis.
2907 539 2957 583 et
2980 528 3105 584 οὴοο
3129 530 3395 600 judicavit
3423 531 3476 584 in
3502 535 3632 590 corde
3652 554 3718 591 nm

499 618 648 688 quod
677 618 1000 674 numerabis
1027 618 1124 674 tibi
1156 627 1368 690 septem
1399 619 1795 685 hebdomadas,
1852 618 1969 674 sive
2012 634 2097 675 se-

501 718 651 780 ptem
687 708 1004 764 numerabis
1040 708 1366 778 tibimetipsi
1413 709 1652 779 requies.
1687 723 1983 774 annorum,
2039 710 2097 767 in

504 800 670 870 huius
702 799 835 871 legis
866 800 1094 855 exordio
1129 799 1404 870 legislator
1433 800 1592 855 dixit.
1624 799 1742 856 Non
1792 802 1921 871 quia
1950 800 2096 855 diem

504 903 562 949 et
595 894 787 948 horam
815 892 959 946 illam
1000 907 1233 947 numero
1263 893 1735 962 comprehendere
1780 907 2094 964 possumus,

504 984 600 1039 εε-ι]
648 993 704 1039 et
732 984 1195 1054 quemadmodum
1244 994 1607 1040 numerantes
1664 984 1830 1040 ﬁnem
1884 984 2099 1039 numeri

504 1085 848 1145 exspectant,
878 1079 958 1132 sic
997 1093 1099 1132 nos
1127 1092 1239 1132 non
1274 1078 1449 1132 solum
1475 1077 1769 1147 specialem
1829 1088 2096 1141 nostram,

505 1171 602 1223 sed
644 1179 700 1224 et
722 1184 1071 1225 communem
1127 1170 1488 1240 respiciamus
1543 1170 2099 1231 consummationem,

505 1259 562 1313 in
626 1275 732 1328 qua
786 1267 1063 1314 terrenam
1123 1260 1528 1329 correptionem
1581 1259 1981 1329 relinquentes,
2032 1256 2104 1312 ad

506 1366 775 1419 supernas
801 1351 1201 1421 possessiones,
1236 1367 1360 1420 quae
1387 1352 1507 1406 sine
1534 1351 1724 1405 labore
1757 1361 1906 1415 sunt,
1927 1360 2106 1404 trans-

507 1443 799 1497 mittimur.
827 1444 931 1501 Sed
969 1453 1025 1497 et
1073 1444 1142 1498 ad
1176 1445 1423 1513 requiem
1455 1443 1640 1498 saeculi
1695 1442 1884 1508 futuri,
1940 1457 2104 1513 quam

509 1534 1000 1606 quinquagesimus
1028 1551 1210 1590 annus
1246 1536 1554 1607 signiﬁcare
1586 1535 1767 1591 dictus
1796 1544 1900 1601 est,
1960 1537 2105 1592 unde

509 1634 569 1680 et
596 1624 854 1681 Salomon
892 1627 947 1680 in
986 1627 1297 1682 Proverbiis
1333 1627 1507 1682 dixit:
1569 1627 1651 1681 Da
1684 1637 1863 1695 partes
1885 1637 2103 1696 septem,

512 1733 607 1770 nec
627 1733 727 1770 non
758 1727 872 1770 octo
896 1718 960 1777 ⁸⁷,
987 1727 1049 1773 ut
1095 1719 1163 1773 ad
1198 1719 1758 1785 consummationem,
1817 1734 1981 1788 quam
2014 1734 2106 1775 se-

510 1809 796 1879 ptenarius
831 1825 1096 1865 numerus
1161 1811 1454 1882 signiﬁcat,
1508 1811 1881 1878 intendamus,
1932 1823 1988 1868 et
2037 1814 2106 1869 ad

512 1903 760 1972 requiem
812 1904 995 1958 sazculi
1053 1903 1275 1959 futuri:
1332 1905 1477 1959 illam
1538 1905 1684 1959 enim
1740 1915 1932 1962 octava
1985 1908 2106 1963 dies

511 1995 806 2065 signiﬁcat.
843 1997 1074 2066 Propter
1098 1999 1243 2066 quod
1278 2009 1333 2052 et
1364 1997 1568 2053 Christi
1610 2000 1943 2053 resurrectio
1980 2007 2107 2069 post

509 2088 802 2156 septimam
825 2088 969 2142 diem
1003 2088 1224 2144 Sabbati
1285 2090 1340 2144 iu
1394 2101 1586 2144 octava
1623 2100 1841 2159 peracta
1879 2100 1982 2155 est,
2035 2106 2104 2146 ex

514 2193 625 2244 qua
696 2180 1067 2235 substantiam
1114 2181 1305 2236 habuit
1360 2182 1690 2238 universalis
1763 2192 2105 2240 mortuorum

509 2272 866 2327 resurrectio.

584 2361 749 2420 Vsus.
799 2365 988 2421 14-17.
1060 2384 1080 2418 t
1124 2366 1354 2434 Quando
1399 2368 1605 2423 vendes
1666 2371 1948 2441 quidpiam
1998 2372 2105 2428 civi

511 2466 626 2518 tuo.
660 2459 744 2512 vel
783 2475 933 2515 emes
958 2461 1027 2515 ab
1058 2477 1159 2527 eo,
1215 2477 1286 2516 ne
1329 2462 1625 2520 comrisres
1669 2465 1894 2519 fratrem
1926 2475 2104 2532 tuum,

509 2551 781 2620 sedjuxta
807 2568 1098 2607 numerum
1144 2568 1414 2608 annorum
1455 2555 1647 2625 jubilei
1697 2572 1851 2611 emes
1905 2558 1974 2612 ab
2017 2573 2104 2624 eo,

510 2654 568 2697 et
596 2643 751 2712 juxta
784 2647 1232 2715 supputationem
1259 2648 1475 2716 frugum
1506 2649 1709 2703 vendet
1737 2650 1855 2704 tibi.
1888 2649 2108 2716 Quanto

511 2734 638 2803 plus
668 2736 798 2788 anni
833 2739 1202 2791 remanserint
1237 2739 1668 2807 postjubileum,
1703 2749 1857 2794 tanto
1902 2743 2106 2798 crescit

515 2828 780 2896 pretium.
834 2830 901 2882 Et
952 2830 1345 2898 quantontinus
1386 2834 1769 2887 numeraveris
1824 2837 2104 2905 temporis,

511 2928 726 2973 tantum
756 2920 988 2976 minoris
1026 2931 1082 2976 et
1112 2922 1317 2991 emrtio
1337 2924 1635 2978 constabit.
1669 2923 1910 2996 Tempus
1959 2929 2106 2981 enim

512 3011 735 3081 frugum
787 3014 991 3068 vendet
1053 3014 1173 3068 tibi.
1237 3014 1417 3071 Nolite
1473 3017 1711 3086 amigere
1770 3020 2110 3076 contribules

511 3112 747 3164 vestros.
773 3105 868 3159 sed
902 3105 1092 3161 timeat
1120 3109 1502 3179 unusquisque
1550 3108 1737 3167 Deum.
1757 3128 1940 3168 suum.
1969 3114 2108 3181 Quia

512 3210 615 3267 ego
641 3197 908 3253 Dominus
943 3198 1090 3253 Deus
1122 3211 1320 3255 vester.
1371 3220 1390 3254 ι

585 3288 721 3343 Esse
770 3288 1007 3358 aliquam
1058 3293 1455 3360 venditionem,
1509 3296 1670 3363 cujus
1707 3296 1830 3351 sine
1886 3309 2110 3369 argento

513 3390 838 3436 contractus
884 3386 1160 3452 provenit,
1216 3395 1407 3454 aperte
1438 3402 1541 3442 nos
1567 3389 1735 3442 isaias
1773 3389 1982 3450 docuit,
2035 3392 2112 3445 ait

514 3487 679 3544 ergo:
719 3472 912 3529 Omnes
960 3476 1200 3530 sitientes
1229 3479 1398 3532 venite
1435 3479 1507 3532 ad
1553 3496 1746 3550 aquas.
1777 3491 1827 3534 et
1883 3484 1973 3552 qui
2007 3500 2112 3537 non

511 3563 717 3618 habetis
747 3575 1028 3635 argentum
1057 3578 1363 3636 properate,
1417 3579 1467 3623 et
1506 3573 1844 3625 comedite".
1882 3572 2114 3643 Propter

510 3658 665 3725 quod
696 3658 778 3712 sic
836 3659 1055 3713 dicebat
1089 3659 1307 3723 Petrus,
1357 3662 1740 3718 condemnans
1790 3665 2111 3720 Simonem:

517 3748 756 3805 Pecunia
786 3761 881 3804 tua
901 3760 1073 3805 tecum
1098 3753 1165 3806 sit
1196 3754 1252 3806 in
1282 3754 1595 3820 perditione,
1634 3758 1760 3827 quia
1786 3758 1980 3811 donum
2010 3757 2113 3812 Dei

521 3840 810 3895 .a'stimasti
840 3844 1067 3911 pecunia
1096 3845 1358 3912 possideri
1382 3844 1456 3900 θ’.
1490 3846 1703 3901 Bonum
1733 3858 1789 3902 et
1822 3865 1951 3904 vere
1980 3850 2114 3905 bea-

514 3936 637 3982 ttum
663 3938 768 3994 est,
795 3932 941 4000 quod
983 3932 1229 4002 spiritale
1276 3943 1382 3998 est,
1414 3950 1529 3989 non
1566 3948 1748 3991 tamen
1779 3937 1932 4005 cujus
1989 3955 2115 4009 pios-

512 4020 826 4076 sessionem
850 4023 933 4078 fas
961 4026 1032 4080 sit
1073 4026 1323 4095 pecuniis
1344 4028 1596 4097 adipisci.
1633 4029 1821 4084 Talem
1852 4040 1909 4086 et
1967 4048 2116 4089 nunc

519 4117 894 4172 venditionem
932 4126 989 4171 ct
1017 4119 1424 4189 possessionem
1457 4123 1763 4192 spiritalem
1787 4125 1874 4180 lex
1920 4141 2118 4198 propo-

512 4210 622 4274 υἷι,
656 4211 733 4265 ait
761 4211 909 4267 enim
935 4228 948 4265 :

592 4301 819 4366 Quando
849 4310 1037 4358 vendes
1054 4306 1329 4375 quidpiam
1355 4308 1457 4361 ciui
1486 4316 1597 4374 tuo,
1633 4310 1716 4364 vel
1756 4328 1894 4367 emes
1923 4313 1986 4368 ab
2017 4317 2115 4370 eo?

516 4394 580 4450 id
635 4404 742 4477 est,
799 4397 844 4449 si
899 4397 1137 4466 aliquam
1201 4398 1533 4463 doctrinam,
1585 4413 1682 4457 aut
1721 4404 1961 4471 dederis,
2020 4416 2117 4463 aut

519 4489 819 4557 acceperis,
858 4490 913 4545 id
955 4500 1041 4544 est
1095 4499 1190 4546 aut
1219 4491 1494 4559 docueris,
1528 4505 1623 4549 aut
1654 4496 1883 4552 edoctus
1920 4499 2112 4564 fueris,

519 4579 639 4633 haec
666 4588 750 4634 est
777 4581 921 4634 enim
954 4581 1096 4635 bona
1132 4583 1432 4651 possessio,
1457 4600 1577 4653 quae
1612 4587 1678 4640 ad
1707 4590 2109 4657 possessionem

519 4668 692 4725 futuri
742 4670 1065 4725 transmittit
1103 4671 1310 4725 saeculi.
1357 4671 1507 4728 Bene
1559 4686 1745 4730 autem
1802 4680 2112 4747 conjunxit,

514 4761 741 4830 quando
772 4763 977 4819 vendes
1005 4765 1293 4836 quidpiam
1322 4767 1431 4822 civi
1469 4776 1585 4833 tuo,
1619 4769 1701 4822 vel
1743 4772 1883 4823 emis
1908 4772 1978 4826 ab
2026 4787 2113 4827 co.

514 4856 854 4911 Alterutrum
880 4859 1025 4911 enim
1055 4860 1435 4925 suntdivitim,
1457 4862 1785 4917 alterutrum
1812 4865 2110 4934 possessio,

514 4946 771 5018 disripuli
805 4959 969 5020 atque
1005 4951 1300 5007 doctores:
1343 4953 1487 5023 quod
1520 4954 1865 5010 demonstrat
1887 4955 2111 5016 Paulus.

513 5040 820 5096 ﬂorinthiis
842 5043 1129 5108 scribens:
1163 5044 1301 5109 Quia
1336 5046 1508 5115 gloria
1539 5058 1715 5101 vestra
1747 5064 1951 5108 sumus,
1979 5050 2117 5103 sicut

514 5140 567 5193 et
613 5148 704 5186 eos
739 5143 947 5197 nostra,
983 5152 1037 5188 m
1081 5136 1166 5189 die
1224 5133 1424 5190 Christi
1452 5136 1661 5191 Jesu".
1693 5136 1772 5192 Ne
1826 5139 2119 5194 contristet

511 5235 651 5291 ergo
688 5222 851 5275 homo
891 5222 1142 5288 fratrem,
1180 5223 1231 5277 id
1256 5234 1360 5283 est.
1392 5231 1452 5277 ut
1502 5240 1611 5278 non
1642 5240 1811 5294 super
1859 5224 2120 5280 virtutem

510 5312 810 5387 discipulis
846 5313 1182 5384 ingeramus,
1233 5315 1327 5369 sed
1356 5330 1477 5384 qua:
1525 5317 1608 5370 eis
1657 5325 1787 5369 sunt
1821 5316 2121 5384 possibilia,

515 5404 576 5459 id
616 5412 703 5475 est
738 5405 1106 5475 virginitatem
1128 5403 1199 5468 ei,
1241 5404 1329 5459 cui
1359 5405 1633 5473 possibilis
1660 5414 1767 5468 est,
1811 5405 1886 5460 illi
1930 5406 2119 5460 videli-

516 5507 632 5564 cet,
659 5499 728 5552 de
752 5514 860 5567 quo
891 5498 971 5563 ait
996 5497 1230 5552 Paulus:
1274 5497 1376 5562 Qui
1402 5498 1592 5552 statuit
1623 5500 1678 5551 in
1725 5500 1879 5553 corde
1906 5516 1999 5554 suo
2019 5499 2114 5568 ﬁr-

518 5587 662 5654 mus,
720 5604 825 5643 non
872 5588 1071 5644 habens
1131 5589 1529 5654 necessitatem,
1569 5599 1886 5659 potestatem
1931 5601 2113 5645 autem

597 5787 641 5817 ⁸⁷
675 5788 885 5861 Eccles.
918 5786 1080 5861 sn").
1153 5790 1205 5823 “
1231 5789 1329 5846 lsa.
1361 5807 1449 5861 ιγ,
1484 5792 1533 5845 l.
1612 5792 1656 5824 “
1680 5792 1802 5848 Act.
1832 5808 1952 5851 vin.
1977 5792 2071 5846 20.

531 5871 692 5921 nui,
723 5858 776 5913 4.
852 5861 899 5892 ⁷³
926 5858 1119 5915 Matth.
1152 5876 1230 5930 xl,
1252 5861 1342 5917 30.
1400 5860 1460 5894 ""
1480 5861 1671 5918 Matth.
1712 5879 1825 5931 XIX,
1862 5863 1948 5930 ll,
1980 5863 2064 5917 l2.

2199 620 2466 675 custodire
2502 622 2761 693 uirginem
2802 637 2982 687 suam,
3034 621 3161 675 bene
3185 623 3340 693 facit.
3389 619 3718 698 Conjugiutuei

2199 712 2291 782 qui
2317 728 2421 765 non
2453 714 2598 780 capi:
2632 714 2958 783 virginitatis
2984 713 3218 777 verbum,
3267 714 3410 769 idem
3439 717 3570 769 enim
3599 720 3719 780 dixit:

2198 801 2268 857 Et
2286 803 2377 873 qui
2407 805 2571 859 tradit
2600 814 2823 875 nuptum
2854 806 3110 876 virginem
3138 820 3317 871 suam,
3344 809 3721 884 benefacit,etqui

2202 910 2307 947 non
2340 895 2528 957 tradit,
2562 895 2750 951 melius
2796 898 2947 967 facit.
2984 898 3053 952 Et
3082 913 3303 954 rursus:
3358 898 3418 954 Si
3445 903 3552 970 quis
3595 916 3722 961 autem

2203 993 2409 1055 turpem
2432 1001 2488 1039 se
2502 985 2673 1039 videri
2692 986 2961 1040 existimat
2991 1002 3150 1057 super
3169 987 3430 1057 virginem
3456 1006 3610 1055 suam,
3628 1000 3724 1064 quod

2200 1076 2268 1129 sit
2297 1092 2457 1145 super
2485 1074 2695 1138 adulta,
2718 1086 2767 1130 et
2791 1078 2867 1130 ita
2898 1085 3101 1146 oportet
3133 1077 3277 1146 ﬁeri,
3304 1081 3441 1139 quod
3459 1090 3558 1133 outt
3591 1084 3723 1150 (acut,

2206 1184 2309 1221 non
2338 1178 2517 1237 peccat
2536 1168 2582 1222 si
2606 1168 2853 1222 nubat”.
2885 1170 3199 1224 Etrursus:
3240 1169 3432 1231 Melius
3467 1182 3536 1226 est
3571 1177 3725 1244 nubere,

2205 1278 2367 1332 quam
2392 1264 2510 1316 uri:
2534 1263 2682 1316 Idem
2711 1272 2766 1316 et
2786 1264 2854 1318 de.
2882 1279 3036 1318 0mm
3056 1264 3282 1325 virtute,
3318 1280 3435 1319 eam
3465 1279 3578 1334 quae.
3595 1283 3729 1325 secun-

2204 1352 2333 1409 dum
2360 1353 2775 1422 possibilitatem
2804 1364 2909 1420 est,
2945 1370 3048 1409 nos
3085 1354 3202 1426 ipse
3230 1354 3385 1410 Deus
3413 1356 3584 1427 exigit,
3617 1368 3659 1415 et
3692 1364 3725 1417 in

2205 1444 2525 1499 alterutrius
2574 1445 2891 1500 ministrare
2914 1445 3054 1510 vult,
3098 1461 3225 1500 nam
3267 1444 3563 1502 Pharisa-os
3600 1464 3728 1519 repre-

2209 1537 2505 1601 hendebat,
2536 1545 2723 1607 utpote
2755 1538 2941 1608 gravia
2968 1538 3073 1592 illis
3095 1536 3500 1607 praecipientes,
3525 1537 3592 1595 ait
3612 1541 3725 1597 enim:

2208 1628 2447 1700 Alligant
2479 1646 2640 1683 onera
2685 1632 2874 1701 gravia
2926 1639 2975 1685 et
3007 1630 3403 1699 importabilia,
3436 1641 3483 1683 et
3528 1632 3729 1700 imponunt

2209 1716 2265 1769 in
2294 1717 2527 1770 humeris
2574 1717 2933 1771 hominum".
2986 1717 3162 1772 Nimis
3223 1732 3359 1790 ergo
3407 1733 3728 1790 consequenter

2211 1806 2491 1877 legislator
2521 1808 2757 1863 addidit:

2142 1879 2182 1934 Β
2277 1899 2381 1956 Sed
2414 1902 2575 1970 juxta
2614 1918 2895 1957 uulnerum
2920 1919 3185 1958 annorum
3219 1902 3417 1974 jubilei
3445 1920 3571 1958 emes
3592 1905 3645 1959 ab
3680 1924 3726 1961 to.

2213 1990 2307 2047 Vel
2347 1994 2490 2049 sicut
2516 1995 2893 2063 Septuaginta,
2924 1997 3213 2049 secundum
3242 2012 3517 2049 numerum
3541 2014 3727 2050 annonis

2207 2097 2321 2157 post
2342 2087 2781 2158 signiﬁcationem
2813 2088 3100 2158 possidebis
3124 2106 3155 2142 a
3188 2089 3437 2157 proximo
3476 2101 3499 2145 .'
3527 2088 3727 2160 signiﬁca-

2208 2177 2440 2242 tionem,
2473 2178 2781 2232 secundum
2813 2179 2961 2247 quod
2979 2177 3092 2249 jam
3120 2179 3338 2233 dictum
3380 2187 3479 2243 est,
3510 2178 3726 2233 adventum

2210 2267 2557 2324 Dominieum
2602 2269 2934 2342 intelligens,
2986 2280 3042 2327 et
3070 2287 3194 2341 qua:
3249 2270 3320 2326 ad
3348 2286 3472 2325 eum
3522 2271 3725 2341 pertinens

2210 2359 2542 2418 annuntiata
2582 2368 2670 2414 est
2705 2362 3022 2433 evangelica
3077 2362 3440 2432 praedicatio,
3475 2377 3584 2431 qua
3628 2364 3727 2418 nobis

2210 2451 2451 2506 futuram
2526 2461 2721 2508 contra
2774 2463 3008 2509 mortem
3062 2454 3395 2521 victoriam,
3448 2454 3727 2525 requiemque

2211 2543 2378 2598 futuri
2409 2545 2592 2599 saeculi
2632 2545 2979 2614 signiﬁcavit.
3014 2546 3091 2601 Ex
3148 2562 3265 2616 quo
3311 2561 3442 2617 ergo
3486 2547 3728 2617 signiﬁcatio

2214 2637 2330 2691 haec
2388 2637 2469 2704 ﬁt,
2527 2653 2692 2692 nemo
2736 2639 2937 2693 durum
2996 2649 3179 2709 portat
3227 2640 3447 2712 iugum,
3508 2656 3598 2697 nec
3637 2655 3729 2695 onus

2211 2743 2377 2798 grave
2406 2730 2567 2799 gerit,
2616 2731 2711 2784 sed
2745 2731 3047 2785 secundum
3098 2746 3399 2786 numerum
3429 2747 3673 2797 annorum,
3694 2732 3727 2786 id

2212 2830 2318 2880 est.
2346 2821 2653 2875 secundum
2689 2836 2844 2877 suam
2896 2825 3181 2889 virtutem,
3212 2824 3351 2894 quia
3394 2823 3518 2877 anni
3558 2823 3727 2879 hominis

2210 2921 2428 2967 aetatem
2459 2916 2782 2979 ostendunt,
2818 2930 2884 2967 ex
2918 2929 3025 2984 qua
3062 2915 3397 2970 manifestus
3424 2916 3538 2986 quis
3564 2915 3611 2971 ﬁt
3645 2914 3728 2984 quid

2211 3006 2386 3076 possit
2436 3005 2740 3061 secundum
2797 3022 3019 3077 corpus.
3080 3008 3243 3074 Quod
3284 3010 3459 3080 magis
3512 3008 3729 3077 explantes

2212 3099 2486 3154 subdidit:
2524 3100 2693 3153 Juxta
2731 3102 3162 3170 supputationem
3194 3104 3413 3173 frugum
3453 3102 3611 3155 vendet
3655 3100 3728 3152 tibi.

2133 3221 2175 3278 ο
2217 3194 2540 3261 Secundum,
2579 3194 2723 3263 quod
2752 3193 2920 3249 habet
2966 3195 3227 3250 virtutem
3258 3194 3470 3266 aperari
3505 3203 3556 3250 et
3570 3191 3728 3249 fructiﬁ-

2213 3302 2358 3352 care,
2394 3287 2584 3342 reddat
2613 3288 2877 3357 magistro
2909 3287 3151 3343 fructum
3182 3288 3505 3359 discipulus.

2282 3378 2496 3444 Quanto
2523 3380 2641 3448 plus
2672 3381 2805 3434 anni
2836 3383 3190 3435 remanserint
3215 3393 3335 3448 post
3351 3380 3609 3451 jubileutu,
3634 3386 3728 3430 tanta

2216 3471 2403 3524 crescit
2463 3471 2722 3540 pretium,
2761 3483 2810 3525 et
2842 3482 3040 3541 quanto
3070 3473 3250 3526 minus
3296 3471 3623 3527 numeraveris
3643 3478 3727 3521 tat-

2210 3565 2374 3632 poris,
2413 3574 2622 3619 tantum
2661 3567 2881 3625 minoris
2924 3575 2972 3621 et
3025 3568 3220 3637 emptio
3258 3566 3530 3621 constabit.
3576 3563 3728 3628 Teum

2214 3657 2355 3712 enim
2384 3658 2598 3727 frugum
2633 3658 2815 3712 vendet
2864 3658 2979 3712 tibi.
3018 3658 3074 3713 Si
3129 3668 3316 3729 potest
3370 3659 3532 3713 multa
3561 3652 3726 3725 operari.

2215 3744 2451 3799 multum
2479 3745 2714 3801 fructum
2736 3746 3029 3817 exiges:si
3068 3758 3256 3803 autem
3313 3764 3482 3820 pauca
3540 3757 3728 3817 parvum:

2215 3853 2343 3890 nam
2379 3836 2467 3890 hic
2493 3837 2715 3907 quidem
2750 3838 3118 3908 trigesimum,
3153 3839 3300 3893 alter
3329 3846 3505 3893 autem
3530 3830 3728 3903 sexagesi-

2215 3944 2386 3992 mum,
2423 3928 2563 3984 alter
2597 3945 2728 3984 vero
2761 3930 3129 3985 centesimum
3179 3931 3421 3987 fruetum
3457 3929 3587 3984 ferre
3611 3922 3726 3992 exigi-

2217 4031 2325 4077 tur.
2345 4020 2458 4093 Nec
2491 4023 2832 4093 negligenter
2859 4023 2965 4078 hoc
3006 4039 3037 4078 a
3073 4022 3406 4096 legislature,
3439 4021 3525 4077 sed
3551 4028 3727 4085 exopeﬂ

2216 4111 2490 4177 studetur,
2521 4129 2650 4168 nam
2678 4113 2753 4167 ait
2783 4113 3015 4169 iterum:

2285 4204 2467 4259 Nolite
2520 4206 2750 4276 afﬂigere
2799 4206 3124 4262 contributes
3204 4218 3439 4273 uestros,
3485 4203 3566 4259 sed
3602 4201 3727 4255 tiam!

2215 4300 2573 4369 unusquisque
2609 4300 2778 4354 Deum
2814 4317 2991 4366 suum,
3051 4302 3178 4371 quia
3218 4318 3314 4373 ego
3367 4299 3600 4354 Dominus
3635 4291 3725 4346 Dm

2216 4400 2405 4444 vester.
2441 4390 2561 4447 Non
2586 4391 2789 4463 allligat
2820 4394 2987 4448 homo
3029 4394 3419 4459 contribulem,
3457 4393 3504 4448 id
3539 4398 3624 4451 est,
3654 4397 3724 4439 non

2219 4482 2267 4537 ei
2292 4498 2458 4555 grave
2487 4500 2629 4539 onus
2657 4485 2927 4554 imponat,
2967 4495 3022 4539 et
3050 4501 3220 4556 super
3246 4488 3497 4542 virtutem
3521 4482 3638 4552 ejus.
3665 4472 3725 4530 κδ

2149 4570 2187 4623 υ
2218 4573 2406 4629 timeat
2438 4576 2813 4646 unusquisque
2856 4577 3029 4631 Deum
3063 4592 3247 4641 suum,
3299 4577 3392 4648 qui
3421 4575 3572 4632 dicit:
3600 4566 3724 4625 Tolli“

2210 4665 2406 4737 jugum
2439 4684 2635 4732 meum,
2685 4668 2810 4737 quia
2854 4685 3021 4723 suaue
3051 4678 3147 4734 est,
3172 4678 3225 4724 et
3263 4685 3395 4724 onus
3444 4680 3611 4725 meum.
3641 4658 3723 4729 θεία

2219 4760 2328 4813 leve
2354 4769 2428 4814 est
2453 4761 2519 4814 ⁷³.
2544 4760 2655 4830 Ego
2681 4760 2946 4817 Dominus
2986 4765 3127 4817 Deus
3155 4773 3356 4818 vestes.
3385 4760 3440 4816 id
3482 4766 3571 4821 est,
3592 4751 3661 4823 qui
3680 4748 3720 4802 ἀο

2218 4851 2536 4921 virginitate
2587 4854 2853 4923 apostolis
2900 4856 3159 4925 praecepi,
3215 4866 3271 4912 et
3303 4855 3432 4919 dixi,
3457 4852 3563 4906 Non
3601 4855 3720 4899 οπλα

2222 4945 2460 5013 capiunt,
2488 4946 2582 5000 sed
2604 4946 2695 5016 qui
2720 4955 2888 5016 potest
2916 4963 3110 5016 capere
3142 4950 3321 5017 capiat
3338 4947 3401 5001 “.
3454 4943 3536 4998 Sic
3581 4948 3717 4993 unum‘

2221 5051 2496 5105 quemque
2530 5037 2697 5107 exigit
2728 5040 3031 5093 secundum
3077 5039 3336 5096 virtutem
3380 5050 3540 5100 suam,
3581 5037 3624 5084 et
3653 5026 3719 5078 1ιοῦ

2220 5128 2442 5196 quidem
2469 5128 2682 5182 lucrum
2719 5138 2804 5184 est
2833 5122 3311 5202 contemplationis
3346 5127 3567 5200 spiritus.
3599 5115 3717 5211 Ηλῦεξ

2219 5232 2402 5275 autem
2418 5232 2473 5275 et
2496 5221 2673 5275 littera
2700 5237 2812 5276 non
2841 5238 3066 5293 parvam
3090 5223 3498 5278 instructionem
3517 5232 3528 5268 :
3547 5212 3715 5276 εοωρδυ

2219 5314 2365 5368 enim
2425 5316 2699 5384 proximo,
2734 5325 2791 5371 et
2826 5317 2878 5370 in
2940 5316 3286 5373 contactibus
3325 5307 3643 5371 sensibilibus,
3680 5300 3714 5348 tl

2220 5406 2539 5462 nullatenus
2584 5423 2808 5478 gravem
2871 5410 3224 5479 quempiam,
3274 5421 3443 5479 neque
3495 5401 3712 5458 oneratumII

2221 5497 2339 5552 vult
2384 5513 2531 5564 esse,
2572 5514 2679 5554 nec
2711 5500 2780 5555 de
2820 5517 3127 5571 pauperum
3167 5497 3556 5558 necessitatibus
3596 5497 3711 5552 Πᾶν’

2188 5604 2191 5607 π
2223 5588 2366 5655 tiari,
2392 5604 2497 5644 nec
2513 5588 2754 5656 studere,
2785 5606 2884 5646 seu
2922 5590 3185 5648 lestinare
3210 5587 3554 5664 possessiones
3577 5577 3708 5632 0W”

2148 5791 2194 5824 “
2231 5790 2275 5847 ll
2311 5791 2435 5853 Cor.
2473 5809 2511 5857 ι,
2551 5792 2639 5848 Η.
2722 5793 2765 5827 ⁷¹
2802 5792 2973 5850 lCor.
3006 5810 3103 5862 vn,
3130 5793 3221 5863 56,
3254 5794 3339 5851 58.
3406 5788 3451 5824 ⁷³
3467 5778 3619 5843 Matth-

3062 5978 3389 5987 —-_~.__—--.
