3892 6426
56 385 199 453 1117

1208 393 1292 455 IN
1337 392 1783 455 LEVITICUM.
1825 417 1895 430 -
1935 393 2086 461 LIB.
2124 392 2262 471 v11.

3233 385 3370 453 1118

69 505 170 561 sibi
188 504 542 578 conquirere,
570 506 790 563 domum
823 505 1010 562 domui
1071 506 1432 577 conjungere,
1485 522 1675 579 agrum
1706 514 1753 567 Λ
1782 505 1988 560 tionem
2014 514 2176 562 terra:
2223 503 2571 575 praecipiens.
2603 518 2715 559 non
2740 502 2854 557 vult
2878 501 3133 569 deﬁcere,
3186 516 3371 570 neque

70 614 200 669 agro
251 616 551 672 apponere,
609 600 705 656 sed
756 600 1000 655 tribuere
1040 615 1182 670 opus
1210 600 1569 667 habentibus,
1619 609 1674 654 et

66 690 337 759 paulatim
374 708 497 763 qua:
546 692 840 754 dederunt,
888 691 957 747 de
987 689 1260 747 fructibus
1311 692 1551 762 recipere
1579 692 1675 762 qui

64 782 133 836 de
163 783 320 854 agris
341 783 689 855 colliguntur.
726 784 909 865 Ipsum
962 783 1110 838 enim
1155 783 1404 840 debitum
1445 785 1671 851 donare,

64 882 127 926 et
183 889 373 943 neque
421 874 524 928 hoc
551 874 699 944 quod
756 882 1007 928 mutuum
1053 875 1247 929 datum
1283 884 1368 929 est
1407 877 1673 944 recipere.

61 963 347 1020 Per-rectas
375 967 480 1021 hoc
533 967 659 1022 vitae
683 975 786 1026 est.
811 983 976 1037 quam
1025 982 1138 1022 non
1174 983 1367 1023 omnes
1417 969 1672 1039 capiunt:

59 1056 162 1125 qui
194 1067 387 1111 autem
427 1058 676 1129 capiunt,
708 1059 854 1114 beati
883 1067 1032 1114 sunt.

143 1145 317 1203 Vens.
357 1149 545 1204 18—20.
587 1169 606 1201 ι
644 1149 831 1205 Facite
882 1161 1157 1221 praecepta
1190 1167 1334 1219 mea,
1379 1161 1434 1207 et
1470 1152 1675 1223 judicia

62 1242 373 1307 custodite,
403 1251 460 1296 et
480 1243 703 1313 implete
726 1259 810 1308 ea,
842 1252 901 1298 ut
922 1244 1169 1298 habitare
1199 1246 1422 1315 possitis
1453 1247 1508 1301 in
1533 1255 1676 1302 terra

64 1334 289 1404 absque
311 1333 421 1388 ullo
467 1350 691 1403 pavore,
732 1343 787 1389 et
817 1333 1001 1405 gignat
1029 1335 1185 1390 vobis
1214 1336 1417 1391 humus
1469 1335 1679 1391 fructus

70 1439 233 1483 suos,
274 1423 476 1493 quibus
501 1422 802 1478 vescamini
833 1437 1005 1492 usque
1035 1423 1102 1477 ad
1137 1422 1502 1488 saturitatem,
1552 1423 1679 1477 nul-

80 1516 190 1569 lius
222 1515 497 1586 impetum
538 1515 921 1570 formidantes.
958 1532 979 1567 ι

145 1606 389 1662 Maxime
432 1608 499 1662 ad
557 1622 721 1662 aures
783 1616 998 1662 nostras
1053 1607 1281 1677 Spiritus
1333 1607 1431 1662 Dei
1470 1607 1681 1662 cautela

67 1698 439 1767 perfectaque
472 1699 665 1763 utitur,
702 1714 771 1753 ne
800 1699 938 1754 forte
981 1698 1276 1764 discentes,
1309 1699 1437 1769 quia
1486 1713 1684 1753 secun-

70 1790 207 1842 dum
240 1805 537 1845 numerum
561 1806 855 1859 annorum,
885 1791 938 1847 id
988 1800 1071 1846 est
1094 1791 1390 1845 secundum
1425 1790 1680 1845 virtutem

1776 595 2101 651 conturbari
2161 610 2284 660 eos,
2353 595 2448 664 qui
2508 594 2682 666 legem
2742 592 3172 663 praecipiebant,
3235 591 3371 662 quid

1776 684 2085 749 comedunt,
2121 691 2213 738 aut
2242 683 2388 739 unde
2408 683 2717 746 comedent,
2752 681 2848 737 sed
2869 681 2977 736 ait:

1851 776 2000 830 Dabo
2034 775 2443 830 benedictionem
2468 793 2639 831 meam
2667 775 2829 830 vobis.
2858 773 3059 841 Quam,
3090 774 3224 845 quia
3255 788 3370 829 non

1779 869 1836 923 in
1868 872 1984 923 solo
2010 884 2152 939 pane
2181 868 2314 923 vivit
2350 869 2534 934 homo,
2563 869 2659 924 sed
2699 868 2755 922 in
2791 868 2944 924 omni
2992 869 3166 923 verbo
3221 866 3372 937 quod

1778 958 2029 1029 procedit
2065 959 2133 1014 de
2174 974 2269 1014 ore
2300 959 2431 1014 Dei:
2474 961 2750 1031 quomodo
2778 975 2908 1031 ergo
2942 960 3147 1016 Christi
3206 974 3371 1014 man-

1779 1051 1967 1107 datum
1992 1052 2216 1121 quidam
2258 1061 2512 1121 tanquam
2546 1052 2884 1123 impossibile
2934 1061 2988 1108 et
3034 1052 3370 1108 laboriosum

1780 1154 2065 1209 accusant,
2099 1160 2209 1214 quo
2253 1146 2425 1200 dixit:
2490 1144 2610 1199 Non
2657 1147 2896 1216 cogitetis
2942 1147 2996 1199 in
3042 1143 3374 1200 crastino"?

1781 1235 1920 1291 Ecce
1937 1237 2083 1291 enim
2106 1237 2192 1291 lex
2222 1237 2417 1291 similia
2447 1237 2716 1307 praecipit,
2746 1247 2802 1294 et
2841 1239 2908 1293 de
2940 1238 3168 1309 integris
3196 1237 3370 1292 tribus

1781 1327 1943 1382 annis
1975 1328 2256 1397 jubetnon
2281 1329 2521 1399 cogitare
2545 1344 2660 1394 eos,
2690 1329 2781 1399 qui
2816 1329 3068 1385 virtutem
3093 1320 3368 1399 legislatu-

1781 1420 1859 1474 ris
1897 1419 2214 1475 intendunt.
2262 1420 2533 1474 Praeterea
2563 1435 2657 1489 per
2706 1430 2815 1475 tres
2863 1436 3056 1487 annos,
3109 1422 3371 1476 uniuscu-

1776 1513 1979 1581 jusque
2031 1520 2284 1565 nostrum
2336 1510 2894 1577 consummationem,
2941 1519 2996 1565 et
3024 1526 3369 1566 communem

1784 1601 2205 1657 retributionem
2231 1619 2353 1673 qua:
2392 1612 2477 1657 est
2506 1611 2632 1672 post
2655 1603 3138 1670 resurrectionem,
3182 1618 3375 1658 neces-

1785 1694 1928 1747 sarie
1964 1693 2344 1765 intelligimus.
2374 1694 2435 1750 In
2459 1710 2790 1765 unoquoque
2809 1695 3005 1749 horum
3040 1694 3378 1751 comedimus

1784 1799 1905 1853 quae
1929 1782 2020 1838 hic
2056 1785 2266 1853 Operati
2302 1784 2591 1853 fuerimus,
2613 1796 2835 1857 propter
2861 1788 3005 1856 quod
3038 1786 3153 1842 ait:

71 1881 299 1937 fructus
324 1882 757 1955 intelligibilium
804 1885 1239 1954 possessionum,
1276 1883 1531 1937 videlicet
1568 1882 1680 1937 vir-

1858 1869 2011 1935 Quod
2025 1872 2073 1925 si
2087 1873 2327 1927 dixeritis
2351 1889 2368 1926 :
2389 1870 2527 1938 Quid
2548 1890 2657 1927 com
2667 1850 2877 1929 edemus
2894 1891 3036 1929 anno
3054 1875 3294 1943 septimo.
3318 1872 3378 1930 Id

76 1982 269 2026 tutum
332 1975 622 2044 exigimur,
690 1975 1168 2045 resupinaremur,
1220 1985 1281 2030 et
1333 1977 1398 2031 ad
1461 1976 1682 2030 delicias

76 2065 443 2132 rcclinemus,
469 2067 698 2138 ipsaque
717 2068 1113 2122 condescensio
1140 2068 1300 2124 nobis
1327 2069 1485 2123 noxia
1505 2068 1678 2123 fieret.

143 2158 341 2213 Facite
374 2170 632 2229 praecepta
670 2178 786 2215 mea
826 2171 876 2215 et
912 2161 1121 2232 judicia
1177 2163 1448 2228 custodite,
1474 2163 1573 2229 ait,
1633 2172 1681 2216 et

68 2251 301 2321 implete
329 2271 415 2308 ea.
443 2254 768 2309 Nullatenus
789 2255 936 2309 enim
976 2271 1080 2310 nos
1116 2271 1332 2319 vacare,
1366 2256 1493 2310 licet
1527 2255 1682 2310 infir-

68 2346 142 2398 mi
191 2345 381 2401 simus
427 2362 456 2400 a
501 2346 635 2418 legis
677 2347 1019 2416 operatione,
1072 2349 1169 2403 sed
1222 2349 1438 2418 operari
1493 2348 1683 2418 procul

65 2424 277 2505 dubio,
307 2438 526 2493 etiamsi
577 2439 882 2494 secundum
920 2440 1203 2503 virtutem,
1252 2441 1387 2507 vult,
1436 2443 1683 2496 virtutem

62 2543 264 2585 autem
297 2541 539 2586 nostram
574 2534 893 2587 conscientia
922 2542 1102 2588 nostra
1134 2535 1412 2600 convincit,
1438 2534 1579 2590 sicut
1611 2535 1687 2589 ait

58 2621 348 2677 Paulus:
405 2624 796 2696 cogitationum
849 2625 1086 2680 invicem
1167 2626 1541 2682 accusantium
1603 2628 1686 2681 vel

51 2717 554 2773 excusantium".
621 2717 825 2772 Omnes
866 2734 996 2790 ergo
1036 2717 1275 2791 justitias
1324 2718 1440 2781 Dei,
1500 2719 1685 2774 omnia

49 2806 434 2876 ejusjudicia
469 2809 623 2879 prius
646 2810 1038 2876 custodiamus,
1078 2819 1134 2866 et
1160 2818 1347 2880 postea
1398 2810 1683 2868 faciamus.

48 2899 483 2954 Custodi-amns
510 2917 619 2955 non
640 2911 1058 2973 corrumpentes
1088 2903 1449 2958 intentionem
1472 2920 1684 2970 eorum,

47 2992 163 3045 sed
208 2992 470 3047 districta
494 2994 889 3057 custodientes,
939 3001 994 3049 ct
1028 2994 1474 3049 immutabiliter:
1522 2995 1685 3050 veluti

47 3084 96 3138 si
142 3084 293 3154 quis
359 3085 762 3158 eleemosynam
824 3086 1041 3157 operari
1073 3086 1227 3153 'vult,
1285 3103 1388 3142 nec
1440 3089 1686 3158 proximo

1784 1966 1889 2022 est,
1958 1957 2010 2010 in
2075 1959 2510 2031 uniuscujusque
2564 1972 2813 2017 nostrum
2882 1963 3375 2018 consummatione.

1785 2048 2133 2104 Manifestum
2162 2061 2244 2106 est
2278 2053 2445 2117 enim,
2478 2052 2608 2122 quia
2648 2063 2705 2108 et
2734 2053 2789 2108 in
2833 2056 3130 2122 communi,
3184 2058 3239 2111 in
3269 2073 3377 2127 qua

1785 2143 1845 2198 fit
1878 2144 2225 2210 resurrectio,
2252 2154 2307 2200 et
2341 2145 2393 2199 in
2420 2145 2861 2213 retributionem,
2892 2148 3149 2203 eumdem
3184 2149 3367 2203 cibum

1786 2237 2075 2293 habemus.
2109 2236 2251 2292 Audi
2279 2239 2426 2308 quod
2460 2239 2558 2293 tibi
2590 2239 2658 2295 de
2717 2238 2806 2295 bis
2857 2238 3000 2297 Deus
3053 2256 3378 2312 responsum

1784 2345 1883 2399 per
1904 2329 2078 2396 legem
2114 2329 2226 2384 dat.

1857 2445 2006 2499 Dabo
2058 2445 2470 2501 benedictionem
2516 2462 2688 2521 meam
2720 2445 2865 2500 vobis
2914 2462 3055 2500 anno
3109 2454 3275 2511 sexto,
3329 2457 3381 2500 et

1787 2535 1994 2602 facietis
2023 2535 2255 2605 fructum
2296 2535 2458 2588 trium
2503 2552 2787 2589 annorum.
2830 2534 3144 2591 Benedictio
3206 2536 3377 2607 patris

1788 2625 1933 2679 filius
1960 2637 2062 2690 est,
2094 2626 2209 2696 ipse
2242 2625 2391 2681 enim
2439 2627 2795 2681 maledictum
2828 2626 3037 2682 illatum
3071 2628 3221 2693 Adae,
3263 2628 3380 2683 dis-

1789 2717 2043 2787 perdidit,
2071 2727 2296 2788 propter
2327 2718 2473 2787 quod
2498 2728 2552 2772 et
2585 2720 2638 2773 in
2667 2734 2732 2773 eo
2755 2730 3012 2789 oportere
3058 2735 3160 2775 nos
3216 2720 3386 2775 bene-

1790 2810 1923 2865 dici:
1946 2810 2112 2866 David
2132 2809 2420 2865 Psalmista
2444 2810 2658 2865 docuit:
2677 2811 2979 2865 Benedictio
2999 2810 3208 2864 Domini
3226 2827 3388 2881 super

1788 2919 1897 2965 vos,
1928 2903 2288 2957 benediximus
2313 2903 2455 2957 vobis
2481 2904 2537 2957 in
2585 2905 2794 2957 nomine
2843 2902 3133 2957 Domini".
3171 2902 3385 2958 Nomen

1791 2993 2029 3058 Domini,
2072 2994 2244 3049 lilium
2272 2995 2405 3049 dicit
2434 2995 2742 3061 evidenter,
2768 2995 2896 3065 quia
2921 2994 3384 3064 quemadmodum

1792 3101 1993 3140 nomen
2042 3086 2359 3140 manifestat
2388 3102 2839 3157 unumquemque
2875 3088 2968 3156 qui
3004 3102 3116 3140 non
3145 3086 3383 3151 videtur,

49 3191 297 3229 nocens
332 3186 612 3245 Operetur,
642 3193 822 3247 neque
857 3178 899 3231 si
954 3194 1161 3249 pauper
1203 3188 1306 3243 est,
1362 3179 1479 3249 ipse
1518 3181 1689 3247 rapiat
1717 3194 1759 3250 ε
1793 3177 1872 3231 sic
1901 3185 1956 3231 et
1993 3175 2244 3232 Christus
2298 3193 2593 3247 apparens,
2621 3179 2878 3250 cognosci
2912 3179 3042 3234 fecit
3082 3177 3298 3232 Patrem
3332 3177 3388 3232 in

51 3265 324 3319 divitum
370 3266 650 3335 pecunias,
719 3278 775 3322 ut
835 3269 1082 3338 praebeat
1134 3270 1490 3340 pauperibus.
1545 3269 1687 3325 Deus

55 3358 236 3412 enim
290 3357 695 3430 eleemosynam
748 3375 815 3413 ex
862 3360 1077 3428 justitia
1122 3361 1309 3415 oti‘erri
1371 3362 1506 3417 vult.
1572 3360 1687 3417 lloc

57 3457 272 3502 autem
298 3449 437 3502 etin
478 3466 812 3521 unoquoque
846 3452 1101 3507 mandato
1146 3453 1403 3518 dicimus,
1433 3461 1493 3508 ut
1535 3453 1686 3523 prius

62 3542 210 3610 ejus
246 3541 612 3616 intentionem
642 3553 697 3597 et
737 3543 901 3598 finem
934 3545 1331 3610 custodiamus,
1385 3554 1438 3600 et
1501 3548 1580 3601 sic
1630 3547 1687 3601 in

65 3650 283 3689 eorum
332 3635 710 3704 operationem
775 3636 1146 3707 proficiamus.
1208 3637 1366 3704 Tunc
1423 3640 1571 3693 enim
1631 3640 1687 3694 in

71 3736 236 3781 terra
273 3725 605 3797 intelligibili
655 3729 1052 3794 habitabimus,
1103 3730 1155 3783 in
1199 3729 1379 3784 divina
1433 3730 1691 3786 videlicet

71 3816 208 3887 lege
242 3815 843 3887 spiritalisScripturze,
900 3828 956 3873 et
1003 3819 1164 3875 bona:
1224 3821 1686 3891 conversationis,

71 3926 253 3979 quam
320 3910 480 3963 nobis
536 3910 682 3965 Deus
741 3910 1028 3981 possidere
1073 3921 1129 3967 et
1174 3914 1354 3968 colere
1407 3914 1686 3984 prtecepit,

73 4001 316 4071 quando
353 4001 472 4072 eius
495 4002 858 4057 intentionem
888 4019 999 4059 non
1041 4004 1311 4059 fuerimus
1336 4007 1686 4077 transgressi,

75 4107 229 4150 tunc
263 4095 440 4165 gignit
466 4094 679 4150 fructus
716 4100 889 4164 suos,‘
919 4098 1120 4167 quibus
1175 4114 1464 4153 vescamur
1518 4114 1692 4169 usque

75 4189 155 4242 ad
207 4189 577 4253 saturitatem,
633 4198 683 4243 et
735 4190 940 4245 nullius
990 4190 1253 4261 impetum
1303 4190 1681 4248 formidemus.

76 4280 192 4345 Qui
230 4281 381 4335 enim
411 4280 650 4336 custodit
688 4281 1055 4349 intentionem
1082 4283 1315 4354 Iegis,et
1361 4284 1453 4353 qui
1488 4299 1692 4353 opera-

77 4383 215 4457 ιιιιν,Ι
243 4372 337 4428 hic
375 4373 494 4441 eius
521 4373 741 4445 colliget
806 4373 1037 4439 fructus,
1065 4382 1121 4429 et
1167 4376 1423 4431 comedet
1475 4391 1570 4430 eos
1624 4378 1691 4431 ad

76 4466 460 4528 saturitatem,
498 4474 554 4520 et
588 4466 709 4533 sine
768 4465 1060 4521 formidine
1092 4467 1145 4521 in
1201 4481 1264 4521 ea
1298 4467 1526 4534 habitat,
1566 4467 1692 4538 quia

1790 3269 2112 3341 semetipso,
2151 3272 2406 3342 quamvis
2432 3272 2789 3327 invisibilem.
2821 3271 2997 3326 llicin
3049 3279 3204 3326 sexto
3242 3287 3390 3327 anno

1789 3364 1963 3429 venit,
2014 3371 2124 3418 tam
2180 3364 2235 3418 in
2311 3364 2681 3435 perfectione,
2737 3366 2881 3419 hanc
2936 3364 3084 3417 enim
3138 3363 3394 3418 senarius

1788 3472 2054 3510 numerus
2076 3456 2368 3527 significat,
2392 3472 2556 3526 quam
2592 3468 2651 3511 ut
2692 3458 2745 3510 in
2795 3457 3098 3511 novissimo
3138 3463 3411 3524 tempore-

1790 3563 1983 3602 rursus
2035 3547 2356 3603 reformatio
2415 3549 2768 3618 proveniret,
2836 3549 2890 3601 in
2960 3547 3122 3617 cujus
3175 3547 3392 3602 dierum

1789 3656 2024 3695 nurnero
2056 3642 2222 3697 homo
2260 3640 2530 3695 formatus
2570 3630 2672 3696 est.
2708 3640 3079 3706 Quamobrem
3128 3640 3409 3709 querenti—-

1790 3735 2017 3789 modum
2048 3734 2392 3789 formationis
2446 3743 2598 3789 sexta
2642 3735 2780 3802 dies,
2835 3734 2915 3788 sic
2966 3742 3154 3788 sextus
3210 3748 3393 3786 annus

1791 3827 2204 3882 reformationis
2256 3837 2404 3881 recte
2457 3827 2787 3897 appellatur.
2841 3825 2998 3891 Quod
3055 3834 3239 3880 autem
3281 3824 3395 3878 illic

1792 3929 1985 3974 sextus
2016 3918 2157 3980 dies,
2195 3929 2387 3973 sextus
2428 3927 2609 3972 autem
2645 3918 2737 3972 hic
2777 3933 2957 3973 annus
3003 3916 3225 3982 dicitur,
3287 3917 3393 3972 hoc

1792 4010 1950 4064 ideo:
1984 4009 2109 4079 quia
2157 4009 2328 4064 multa
2383 4010 2530 4063 inter
2571 4009 2960 4063 formationem
3024 4016 3294 4070 nostram,
3336 4016 3395 4062 et

1793 4102 2243 4157 reformationem
2306 4110 2615 4172 temporum
2679 4101 3123 4156 decucurrerunt
3183 4103 3384 4171 spatia.

1796 4192 1937 4262 Ergo
1968 4207 2077 4246 non
2125 4191 2327 4251 frustra
2376 4190 2517 4245 sexti
2559 4189 2689 4244 anni
2727 4189 3007 4260 legislator
3052 4189 3396 4245 mentionem

1796 4284 1963 4338 fecit:
2021 4283 2078 4338 in
2117 4283 2220 4337 hoc
2260 4282 2408 4336 enim
2455 4281 2708 4336 Christus
2735 4279 2988 4345 veniens,
3044 4279 3205 4335 dedit
3235 4279 3397 4334 nobis

1794 4377 2082 4447 acquirere
2130 4376 2366 4435 fructus.
2430 4374 2632 4444 quibus
2693 4374 2747 4427 in
2802 4373 3021 4444 propria
3081 4383 3394 4428 nostrorum

1798 4467 2234 4535 uniuscujusque
2298 4464 2813 4524 consummatione.
2878 4472 2935 4519 ct
2996 4463 3049 4517 in
3117 4464 3395 4518 communi

76 4555 424 4626 legislatoris
477 4555 841 4609 intentionem
904 4571 1014 4610 non
1080 4558 1521 4628 transgreditur,
1593 4575 1693 4614 nec
1725 4553 1770 4608 Ι)
1800 4557 2203 4612 resurrectione
2233 4566 2398 4626 atque
2435 4556 2796 4611 retributione
2843 4538 3041 4609 nuluiri
3100 4556 3395 4625 possimus,

82 4647 359 4701 conscius
381 4646 485 4701 sibi
519 4656 605 4702 est
660 4658 852 4702 contra
884 4647 1058 4718 legem
1084 4647 1139 4702 in
1177 4648 1297 4721 lege
1330 4649 1424 4704 Dei
1464 4651 1702 4706 conver;

77 4738 230 4793 sari.
261 4738 418 4803 Quod
453 4738 498 4793 si
533 4738 805 4803 dixeritis,
840 4740 970 4810 quid
1023 4741 1378 4796 comedemus
1427 4758 1570 4797 anno
1608 4759 1698 4796 se-

76 4834 298 4905 ptimo,
324 4833 369 4886 si
406 4848 515 4887 non
537 4831 861 4897 severimus,
890 4848 1071 4904 neque
1105 4833 1487 4904 collegerimus
1509 4832 1698 4906 fruges

74 4930 355 4986 nostras?

159 5020 339 5076 Vens.
368 5020 571 5085 Ἠλὶ.
610 5040 629 5071 ι
677 5021 825 5076 Dabo
879 5021 1322 5076 benedictionem
1359 5021 1513 5077 vobis
1547 5035 1694 5076 anno

73 5124 275 5177 sexto,
314 5122 367 5167 et
397 5113 558 5167 faciet
596 5113 807 5168 fructus
840 5113 1002 5168 trium
1045 5130 1343 5179 annorum,
1389 5115 1695 5183 seretisque

71 5222 243 5261 anno
273 5215 491 5267 octavo,
535 5213 592 5259 et
622 5204 926 5260 comedetis
963 5214 1180 5260 veteres
1205 5206 1391 5276 fruges
1421 5222 1592 5276 usque
1626 5205 1694 5260 ad

74 5315 310 5355 novum
369 5314 613 5364 annum,
684 5298 861 5354 donec
910 5313 1051 5368 nova
1115 5308 1452 5363 nascantur,
1520 5299 1696 5354 edetis

73 5399 312 5447 vetera.
354 5408 373 5441 ι

150 5479 328 5540 Unde
357 5482 581 5552 dignum
609 5490 713 5546 est,
743 5490 804 5537 ut
826 5481 978 5553 prius
1002 5483 1284 5552 juvemur,
1316 5482 1366 5537 id
1414 5491 1521 5547 est,
1546 5481 1699 5536 utili-
1727 5521 1739 5531 .

76 5582 205 5628 tate
238 5570 451 5628 littera:
473 5572 579 5629 hoc
603 5573 1002 5629 intendendum
1033 5584 1138 5637 est,
1166 5581 1333 5644 atque
1384 5572 1698 5643 hujusmodi

74 5664 312 5722 lucrum
345 5666 691 5721 sectandum.
753 5665 993 5720 Duorum
1030 5681 1163 5733 ergo
1214 5680 1486 5720 annorum
1537 5681 1699 5719 vaca-

1804 4655 2072 4716 pr:estans
2112 4646 2298 4716 generi
2368 4645 2611 4698 humano
2663 4644 3010 4698 abundanter
3063 4644 3405 4699 fructificare

1802 4740 2056 4799 virtutes,
2087 4748 2145 4792 ut
2186 4748 2392 4791 tantam
2450 4745 2506 4791 et
2540 4736 2595 4790 hi
2634 4737 2724 4805 qui
2756 4737 2901 4793 circa
2935 4736 3122 4789 horam
3175 4736 3401 4790 undeci-

1804 4844 1950 4883 mam
1985 4828 2240 4883 conducti
2276 4835 2405 4881 sunt
2438 4826 2505 4880 ad
2536 4826 2878 4896 operandum
2896 4823 2965 4893 τ’,
3003 4842 3129 4881 cum
3174 4825 3281 4880 illis
3306 4825 3405 4896 qui

1805 4938 1966 4978 mane
1993 4921 2251 4978 conducti
2287 4920 2535 4980 fuerunt,
2560 4918 2772 4973 denarii
2821 4919 3133 4990 acciperent
3192 4933 3407 4974 merce~

1802 5016 1946 5070 dem.
1976 5014 2095 5067 Non
2128 5022 2212 5067 est
2232 5024 2415 5067 autem
2453 5011 2791 5067 contrarium
2828 5012 2895 5067 iis
2941 5013 3088 5082 quod
3129 5012 3403 5082 sequitur,

1802 5110 1881 5164 ait
1909 5109 2087 5163 enim:

1874 5200 2174 5271 Seretisqne
2214 5216 2353 5253 anno
2406 5208 2609 5253 octavo.
2675 5198 2831 5265 Quod
2875 5197 3403 5269 quinquagesimum

1802 5292 2100 5363 appellant,
2131 5291 2199 5344 de
2241 5307 2351 5359 quo
2409 5290 2463 5343 in
2502 5289 2838 5360 pra'cedcuti
2894 5290 3202 5344 sanciebat.
3258 5284 3402 5353 Quia

1798 5383 2060 5452 jubileus,
2110 5392 2166 5435 et
2207 5381 2699 5452 quinquagesimus
2758 5396 2969 5436 annus:
3012 5379 3132 5446 Non
3192 5378 3399 5444 seretis,

1807 5491 1970 5544 neque
1992 5475 2216 5528 metetis.
2247 5472 2534 5541 Quomodo
2567 5488 2695 5543 ergo
2716 5488 2840 5527 eum
2867 5472 2956 5532 hic
2982 5486 3164 5526 serere
3204 5470 3405 5540 jubet?
3440 5514 3451 5527 .

1802 5566 2044 5623 Putasne
2093 5568 2369 5622 contraria
2398 5565 2503 5621 sibi
2554 5565 2831 5637 legislator
2864 5564 3045 5619 dicit?
3074 5563 3182 5617 Sed
3241 5570 3425 5637 auten

1806 5662 1895 5716 hic
1918 5675 2104 5716 semen
2134 5658 2523 5731 intelligamus,
2542 5666 2604 5713 ut
2632 5672 2810 5729 neque
2828 5654 3014 5731 littera
3039 5652 3403 5713 contrarieta-

152 5831 205 5864 ⁷⁵
232 5845 402 5901 ﬂom.
439 5858 500 5910 ιι,
532 5844 616 5899 lii.
697 5844 739 5875 ⁷⁸
778 5842 968 5900 Matth.
1008 5859 1081 5912 vi,
1112 5843 1198 5898 51.
1283 5843 1327 5873 ⁷⁷
1360 5839 1506 5897 Psal.
1539 5855 1673 5899 cxxv

1794 5837 1844 5893 8.
1928 5838 1972 5874 ⁷³
2001 5835 2191 5891 Matth.
2227 5851 2318 5900 xx,
2342 5835 2392 5888 6.
