3892 6472
535 424 669 491 1119

1728 414 2094 480 HESYCHII
2132 416 2607 478 PRESBYTER]

3638 450 3639 455 ‘
3653 433 3750 499 1120

533 552 643 596 tem
716 539 956 604 haheat,
1019 548 1074 593 et
1130 536 1656 606 contemplationem
1726 544 2124 589 consonantem
2160 543 2203 597 Α
2304 532 2466 589 Varia
2505 535 2673 590 etiam
2721 549 2871 588 nunc
2902 532 3062 588 nobis
3094 534 3373 608 iegislator
3417 544 3636 610 exponit,
3674 567 3750 613 non

536 631 883 687 inveniamus
913 629 1162 701 spiritus.
1207 628 1329 683 Non
1367 628 1551 681 seretis
1579 642 1724 697 ergo,
1758 642 1924 696 neque
1964 637 2128 680 mete-

538 726 603 778 tis
622 724 687 778 de
707 723 1144 794 quinquagesimo
1187 722 1294 775 die.
1319 720 1433 775 Nec
1480 734 1671 774 semen
1703 720 1952 789 septimae
1986 720 2126 776 heb-

535 816 785 875 domadas
842 825 1049 881 serant,
1085 817 1153 872 de
1197 832 1307 886 quo
1345 814 1549 869 messio
1589 814 1642 866 in
1672 813 2128 885 quinquagesimo

538 929 685 969 anno
724 920 1053 981 proventura
1078 918 1214 964 erat.
1246 907 1373 962 llazc
1395 907 1540 962 enim
1565 907 1726 971 satio,
1757 906 1860 962 etsi
1892 907 1947 961 in
1989 923 2128 978 pra:-

537 1007 754 1062 cedenti
794 1020 962 1069 anno,
991 1013 1046 1059 et
1067 1001 1484 1074 quadragesimo
1506 1001 1885 1072 proveniebat,
1925 1001 1979 1054 in
2020 1017 2130 1071 quo

492 1172 493 1175 η
538 1099 796 1158 maxime.
848 1098 991 1153 sicut
1037 1097 1091 1150 in
1121 1096 1353 1164 septima
1403 1094 1768 1159 hebdoniada,
1821 1103 2127 1150 sementem

536 1206 736 1246 vacare
762 1189 1083 1260 oportebat:
1113 1197 1492 1243 verumtamen
1521 1186 1962 1257 quinquagesimi
1994 1187 2131 1242 diei-

541 1295 648 1348 tur,
681 1285 825 1354 quod
850 1291 1074 1354 propter
1101 1297 1228 1337 eum
1263 1280 1650 1345 seminaretur,
1687 1288 1743 1335 et
1773 1288 1994 1350 prepter
2025 1280 2130 1335 hoc

540 1378 884 1449 prohibetur.
927 1375 1115 1447 Neque
1158 1374 1306 1429 enim
1358 1374 1413 1428 in
1469 1372 1701 1442 septima
1763 1371 2126 1438 hebdomada,

538 1485 700 1541 quam
775 1470 1015 1525 diximus
1072 1482 1197 1522 esse
1259 1465 1570 1521 communis
1638 1464 2131 1520 consummationis

540 1563 878 1633 exemplum,
913 1559 1174 1616 seminari
1202 1559 1453 1623 omnino,
1482 1567 1577 1613 aut
1613 1557 1831 1627 operari
1872 1557 1957 1612 lex
1992 1573 2130 1627 prae-

541 1655 709 1725 cepit.
750 1654 904 1709 Sicut
954 1668 1084 1724 ergo
1122 1667 1223 1707 nos
1246 1652 1429 1706 littera
1467 1666 1577 1706 non
1608 1650 1676 1705 ad
1727 1666 1786 1705 se
1820 1651 2126 1716 intendere,

543 1750 641 1804 sed
671 1750 737 1804 ad
771 1748 1133 1804 intentionem
1158 1744 1486 1818 legislatoris
1507 1744 1791 1814 compulit,
1852 1754 1913 1798 ut
1948 1744 2129 1799 solve-

546 1854 721 1908 retur,
755 1859 816 1899 ea
845 1858 967 1913 qua:
1001 1842 1288 1898 videbatur
1333 1853 1457 1895 esse
1498 1839 1676 1909 legum
1735 1839 2127 1903 contrarietas,

545 1935 626 1990 sic
655 1934 805 1990 dahit
845 1942 901 1988 et
925 1933 992 1988 de
1022 1930 1487 2003 contemplatione
1536 1945 1777 1985 consona
1823 1930 2138 1986 existimare

547 2025 840 2081 intentioni
873 2022 1344 2094 interpretationis
1365 2022 1643 2091 spiritalis.
1678 2021 1965 2077 Seminant
1990 2023 2140 2077 enim

546 2133 694 2172 anno
719 2128 932 2182 octavo,
964 2115 1166 2172 saeculo
1221 2115 1438 2170 futuro:
1495 2128 1604 2167 non
1648 2113 1961 2184 quicunque
2008 2121 2142 2169 tunc

546 2210 824 2264 seminant
855 2210 983 2278 (hoc
1004 2208 1151 2263 enim
1206 2223 1318 2261 non
1339 2215 1422 2262 est
1456 2205 1557 2274 fas,
1585 2206 1681 2262 sed
1710 2215 1766 2262 et
1800 2206 2141 2277 impossibile

547 2302 691 2357 sicut.
716 2300 884 2356 semel
919 2300 1180 2371 diximus)
1205 2318 1218 2354 :
1247 2300 1344 2355 sed
1373 2314 1478 2353 nec
1507 2298 1598 2368 qui
1637 2298 1691 2353 in
1726 2300 1984 2369 septimo,
2010 2314 2141 2372 cog-

545 2393 749 2448 novisti
788 2393 935 2449 enim
987 2393 1115 2464 quia
1142 2393 1310 2447 etiam
1359 2393 1465 2448 hoc
1502 2392 1836 2461 prohibitum
1866 2399 1972 2446 est.
2032 2391 2140 2447 Sed

543 2496 818 2557 quotquot
858 2487 912 2540 in
961 2495 1138 2549 sexto,
1195 2486 1250 2539 in
1304 2501 1416 2554 quo
1464 2486 1667 2541 bonum
1735 2484 1895 2540 nobis
1951 2499 2143 2539 semen

542 2581 796 2637 Christus
821 2579 1049 2636 veniens
1075 2579 1248 2644 dedit,
1278 2579 1594 2648 quicunque
1635 2594 1825 2633 semen
1881 2578 1971 2632 hic
2005 2594 2144 2648 pras-

544 2674 794 2735 mittunt,
829 2688 893 2729 ex
933 2688 1044 2742 quo
1096 2672 1524 2742 promissionum
1552 2672 1712 2727 nobis
1748 2671 1964 2727 ﬂorebit
1994 2688 2143 2726 mes-

542 2765 644 2830 sis,
670 2764 724 2820 id
749 2773 853 2828 est,
876 2777 1129 2818 messura
1150 2761 1555 2824 retributionis,
1583 2762 1651 2816 de
1683 2777 1787 2832 qua
1811 2763 1889 2817 ait
1935 2761 2139 2816 David:

556 2856 835 2912 Venientes
861 2865 1041 2909 autem
1070 2857 1277 2909 venient
1305 2871 1425 2909 cum
1471 2855 1816 2918 exultatione,
1870 2864 2143 2925 portantes

554 2948 851 3018 manipulos
898 2965 1020 3004 suos
1039 2950 1105 3001 7’.
1143 2948 1253 3003 Sed
1307 2955 1365 3003 et
1401 2948 1635 3002 Paulus:
1671 2947 1777 3014 Qui
1818 2949 2044 3003 seminat
2087 2949 2145 3002 in

544 3041 1014 3107 benedictionibus,
1035 3042 1101 3096 dc
1115 3041 1559 3096 benedictionibus
1588 3050 1635 3095 et
1665 3051 1839 3096 metet.
1868 3041 1971 3104 Qui
1984 3042 2145 3095 semi-

545 3146 640 3191 nat
666 3137 725 3190 in
759 3151 939 3200 carne,
968 3135 1033 3189 de
1057 3150 1218 3189 carne
1265 3144 1316 3189 et
1348 3142 1504 3188 metet
1558 3135 1994 3203 corruptionem;
2050 3136 2144 3205 qui

545 3239 728 3281 autem
762 3226 990 3279 seminat
1015 3227 1071 3278 in
1118 3225 1335 3293 spiritu,
1370 3225 1435 3279 de
1468 3224 1659 3295 spiritu
1690 3234 1741 3279 et
1775 3234 1932 3279 metet
1978 3226 2144 3279 vitam

546 3318 885 3375 cateruam”.
922 3319 1059 3374 llinc
1078 3319 1354 3374 seminare
1371 3318 1429 3372 in
1451 3327 1647 3373 octavo
1662 3334 1830 3384 anno,
1856 3320 1912 3373 in
1938 3318 2142 3374 saeculo

545 3411 807 3468 videlicet
834 3411 1042 3477 futuro,
1076 3426 1305 3466 necesse
1346 3411 1649 3467 habemus:
1693 3411 1773 3467 sic
1801 3413 1951 3468 enim
2003 3428 2141 3467 con-

546 3505 781 3561 veniunt
809 3505 967 3559 nobis
996 3520 1119 3575 quae
1149 3513 1483 3574 sequuntur.

615 3601 685 3655 Et
711 3600 990 3654 comedetis
1022 3608 1216 3653 veteres
1243 3599 1471 3670 fructus,
1504 3613 1667 3668 usque
1697 3598 1770 3651 ad
1813 3614 2016 3652 annum
2046 3614 2143 3652 no-

545 3708 696 3747 num.
727 3692 900 3746 Donec
918 3707 1051 3746 nova
1075 3700 1388 3753 nascantur,
1402 3691 1565 3746 edetis
1584 3700 1784 3746 vetera.
1809 3689 2144 3762 Septuagin-

546 3795 602 3839 ta
621 3792 826 3848 autem,
845 3783 1127 3838 comedetis
1154 3791 1332 3838 vetera
1360 3792 1598 3837 veterum
1619 3798 1638 3836 :
1660 3797 1772 3837 non
1809 3783 1918 3839 sim
1929 3782 2146 3853 pliciter

545 3887 756 3943 vetera,
803 3877 898 3932 sed
942 3886 1130 3932 vetera
1176 3884 1450 3939 veterum,
1500 3875 1628 3945 quia
1679 3875 2145 3944 quemadmodum

545 3971 808 4037 diximus,
845 3985 952 4025 non
1001 3969 1179 4024 solum
1209 3984 1333 4024 mox
1366 3977 1427 4024 ut
1450 3969 1580 4026 hinc
1630 3969 1962 4040 egredimur,
2000 3968 2147 4039 quod

545 4074 626 4120 est
659 4079 839 4119 annus
871 4063 1160 4133 septimus,
1185 4063 1281 4119 sed
1305 4073 1359 4121 et
1382 4063 1434 4117 in
1457 4063 1868 4118 resurrectione
1894 4071 2146 4119 mortuo-

548 4171 693 4218 rum,
730 4171 854 4226 qure
908 4163 995 4210 est
1034 4170 1215 4209 annus
1245 4154 1507 4210 videlicet
1547 4165 1795 4220 octavus,
1828 4171 2048 4212 necnon
2092 4157 2145 4211 in

551 4247 937 4314 retributione,
965 4262 1132 4317 quam
1169 4261 1374 4301 nonum
1397 4262 1606 4300 annum
1652 4248 1975 4318 accipimus,
2023 4264 2148 4304 cum

551 4341 774 4411 quidem
823 4355 996 4394 unum
1046 4339 1121 4394 sit
1174 4339 1437 4395 saeculum
1488 4340 1760 4407 futurum,
1792 4341 2068 4397 dividatur
2094 4342 2148 4396 in

554 4433 846 4505 jirmdictos
885 4431 1128 4497 ordines,
1159 4431 1504 4488 comedimus
1555 4448 1892 4505 quaecunque
1939 4435 2149 4506 operati

555 4526 843 4588 fuerimus,
878 4535 935 4582 et
960 4534 1252 4597 propterea
1276 4524 1535 4581 dicuntur
1564 4534 1749 4582 vetera
1796 4536 2048 4583 veterum
2081 4529 2149 4583 ad

556 4625 704 4673 tanta
732 4616 939 4683 saeculi,
970 4630 1090 4686 quze
1120 4618 1347 4673 vincunt
1374 4635 1663 4673 numerum
1701 4619 2069 4675 considerata.

625 4710 793 4767 Vens.
816 4710 1009 4767 95-28.
1036 4731 1055 4764 ‹
1083 4710 1138 4767 Si
1154 4719 1472 4766 attenuatus
1494 4712 1665 4767 frater
1689 4721 1819 4767 tuus
1841 4713 2152 4768 vendiderit

552 4804 1051 4874 possessiunculam
1095 4820 1270 4870 suam,
1293 4813 1349 4860 et
1381 4805 1613 4861 voluerit
1640 4805 1982 4877 propinquus
2007 4806 2146 4877 ejus,

557 4905 738 4968 potest
766 4898 1033 4954 redimere
1051 4904 1195 4970 quod
1227 4900 1315 4953 ille
1336 4899 1690 4965 vendiderat;
1717 4903 1800 4953 sin
1825 4910 2008 4954 autem
2034 4914 2148 4953 non

557 4988 1157 5060 habueritproximum,
1178 4992 1367 5062 etipse
1394 4991 1633 5063 pretium
1666 4991 1732 5045 ad
1762 4991 2146 5046 redimendum

558 5082 1561 5155 potueritinvenire,computabontur
1588 5083 1798 5138 fructus
1816 5098 1881 5138 ex
1910 5097 1977 5137 eo
2007 5092 2149 5137 tem-

558 5190 707 5246 pore,
749 5192 859 5247 quo
893 5177 1158 5241 vendidit,
1193 5186 1250 5232 et
1301 5177 1447 5246 quod
1490 5175 1764 5245 reliquum
1812 5183 1916 5240 est,
1960 5174 2153 5229 reddat

557 5270 790 5338 emptori
821 5289 833 5324 :
868 5270 1056 5341 sicque
1081 5269 1312 5341 recipiet
1336 5267 1746 5340 possessionem
1781 5281 1958 5321 suam.
1992 5264 2152 5332 Quod

559 5359 603 5413 si
638 5375 747 5414 non
799 5360 1069 5419 invenerit
1128 5374 1327 5415 manus
1356 5359 1497 5430 ejus,
1534 5366 1594 5411 ut
1646 5357 1838 5412 reddat
1889 5358 2150 5427 pretium,

561 5446 784 5502 habebit
810 5458 1026 5519 emptor
1058 5450 1202 5518 quod
1251 5456 1483 5513 emerat,
1518 5462 1689 5517 usque
1719 5447 1783 5502 ad
1830 5464 2039 5523 annum
2064 5449 2153 5518 ju-

564 5537 788 5604 hileum,
810 5540 864 5594 in
897 5540 1017 5613 ipso
1051 5542 1194 5596 enim
1226 5540 1406 5595 omnis
1428 5538 1670 5595 venditio
1701 5540 1843 5595 redit
1867 5542 1932 5595 ad
1969 5540 2154 5595 Domi-

566 5645 722 5697 num,
751 5641 810 5687 et
838 5633 905 5689 ad
933 5649 1304 5705 possessorem
1333 5632 1645 5704 pristinum.
1679 5652 1696 5683 ι

638 5838 683 5869 ’⁸
715 5836 857 5891 Psal.
895 5851 1055 5897 cxxv,
1084 5838 1136 5888 (ἶ.

1217 5836 1260 5867 ⁶⁹
1291 5833 1458 5891 lCor.
1485 5853 1559 5894 Ix.
1585 5836 1648 5902 6;
1685 5834 1860 5891 Galat.
1892 5853 1966 5900 vr,
2006 5836 2055 5889 8.

573 5905 617 5937 "
646 5904 753 5962 Tit.
791 5921 872 5970 ιιι,
904 5905 989 5959 10.

1070 5906 1114 5937 ⁸⁸
1144 5905 1182 5958 ll
1215 5904 1372 5969 Joau.
1408 5924 1457 5962 ι.
1533 5909 1576 5939 ⁸⁸
1602 5904 1744 5965 Psal.
1774 5922 2011 5976 ωιχιιγιι,
2060 5907 2141 5961 16.

2230 628 2492 699 qualibet,
2514 628 2610 683 sed
2632 630 2870 682 maxima
2897 631 3181 700 sapientia,
3211 632 3260 685 si
3281 631 3406 701 quis
3435 634 3651 693 intendat
3672 644 3752 709 ple.

2230 735 2358 774 nam
2394 738 2406 773 :
2438 735 2564 774 nam
2584 730 2640 774 et
2660 735 2781 790 qua:
2814 720 2885 775 sit
2915 733 3103 776 nostra
3127 723 3438 777 substantia
3464 733 3518 779 et
3543 738 3754 796 possessio

2230 824 2287 869 et
2317 813 2594 884 quomodo
2624 814 2744 882 ejus
2768 823 2976 884 partem
3019 815 3353 881 alienamus,
3377 833 3485 886 quo
3513 823 3653 877 modo
3673 842 3757 882 rur-

2230 921 2326 962 sus
2358 907 2676 977 recipimus,
2716 922 2817 976 per
2858 907 3109 962 ordinem
3153 909 3339 964 docet.
3387 910 3756 989 Uniuseujusque

2232 1014 2361 1071 ergo
2386 999 2626 1055 hominis
2642 1000 2936 1071 possessio,
2961 1000 3105 1055 bona
3137 1003 3491 1059 conversatio
3526 1016 3618 1068 est.
3646 1028 3755 1079 quam

2232 1093 2411 1148 sortiti
2440 1107 2631 1149 sumus
2661 1109 2692 1148 a
2721 1093 2854 1159 Deo,
2892 1093 2961 1148 de
2992 1110 3098 1164 qua
3136 1093 3343 1164 Paulus
3380 1093 3586 1151 dicebat
3608 1115 3621 1153 :
3641 1101 3756 1157 Urius-

2232 1188 2452 1259 quisque
2479 1188 2535 1241 in
2564 1204 2669 1258 qua
2697 1189 2967 1242 vocatione
3005 1198 3219 1242 vocatus
3246 1197 3325 1243 est
3349 1185 3536 1255 frater,
3561 1192 3610 1245 in
3631 1199 3756 1251 eadem

2232 1289 2449 1335 maneat
2481 1282 2626 1351 apud
2660 1281 2832 1336 Deum
2858 1281 2927 1346 ⁸⁸,
2957 1281 3047 1337 hic
3092 1291 3284 1337 autem
3329 1281 3757 1353 virginitatemille

2232 1385 2418 1430 autem
2443 1383 2654 1431 castum
2686 1374 3026 1446 conjugium,
3070 1374 3205 1430 alter
3248 1374 3422 1430 vitam
3458 1375 3672 1445 justitim,
3704 1381 3755 1436 hic

2233 1469 2513 1525 silentium
2562 1462 3037 1538 remotionemque
3088 1483 3409 1533 causarum,
3461 1468 3546 1523 hic
3576 1473 3757 1527 sacerdo-

2236 1564 2391 1626 tium,
2413 1563 2502 1619 ille
2519 1577 2819 1631 pauperum
2835 1561 3221 1631 patrocinium:
3245 1561 3389 1616 alter
3410 1562 3533 1624 alia,
3546 1570 3757 1635 unusquis-

2233 1673 2340 1729 que
2380 1655 2647 1712 scundum
2676 1656 2949 1726 propriam
2990 1655 3243 1711 virtutem
3264 1655 3758 1727 possidet.Sedqm

2233 1751 2305 1805 do
2324 1767 2417 1822 per
2429 1748 2690 1806 desidiam
2719 1749 3077 1820 cogitationes
3089 1758 3295 1802 nostrae
3309 1749 3364 1802 in
3375 1747 3588 1802 lirntatze
3603 1748 3752 1817 fuerint,

2239 1851 2371 1897 tunc
2412 1856 2476 1895 ex
2525 1849 2679 1910 parte
2724 1838 2793 1893 de
2845 1838 3063 1910 prepria
3105 1855 3168 1892 ea
3213 1840 3418 1894 demus
3471 1841 3753 1909 possessione.

2243 1939 2466 2005 propter
2489 1932 2632 2001 quod
2668 1928 3024 2002 Septuaginta
3053 1949 3066 1985 :
3106 1928 3166 1986 Si
3195 1947 3410 2000 pauper
3443 1931 3602 2001 factus
3619 1932 3752 2002 fuerit;

2242 2027 2459 2098 Aquila,
2514 2027 2561 2080 si
2633 2027 2935 2081 exciderit:
2981 2023 3374 2097 Symmachus,
3434 2025 3479 2078 si
3530 2025 3753 2081 humiliatus

2241 2121 2421 2191 fuerit,
2469 2118 2779 2174 ediderunt.
2808 2116 2940 2185 Qure
2983 2118 3258 2188 quomodo
3308 2116 3470 2171 nobis
3506 2126 3558 2171 et
3581 2128 3677 2187 post
3697 2136 3749 2173 ex-

2243 2226 2458 2268 cessum
2487 2210 2683 2265 salvari
2713 2210 2937 2281 poterit,
2970 2210 3150 2266 disces
3177 2225 3279 2281 per
3313 2218 3501 2281 partes
3529 2211 3664 2265 verba
3686 2212 3750 2282 ipsa

2243 2307 2566 2362 discutiens.

2315 2400 2371 2456 Si
2390 2410 2696 2455 attenuatus
2720 2402 2888 2472 frater
2911 2409 3031 2454 tuus
3048 2399 3347 2454 vendiderit
3367 2400 3749 2469 possessiunculis

2244 2506 2421 2554 suam,
2460 2498 2509 2543 et
2555 2489 2777 2543 voluerit
2816 2489 3144 2559 propinquus
3196 2488 3340 2559 ejus,
3378 2498 3541 2559 potest
3579 2492 3749 2544 redimere

2244 2583 2383 2655 quod
2417 2582 2510 2637 ille
2554 2583 2881 2636 vendiderat.
2925 2582 3171 2636 Fratrem
3218 2592 3475 2637 nostrum
3518 2581 3750 2637 conlidelem

2246 2677 2330 2732 lex
2388 2676 2673 2732 intellexit.
2706 2673 2893 2745 Neque
2951 2674 3097 2729 enim
3157 2674 3486 2745 simpliciter
3537 2674 3748 2729 secundum

2246 2767 2601 2838 Septuaginta
2629 2756 2799 2834 dixit}
2824 2766 2992 2837 frater
3021 2772 3180 2831 tuus;
3226 2766 3329 2820 sed
3380 2766 3610 2821 addidit:
3635 2765 3682 2818 Et
3699 2769 3750 2834 qui

2247 2871 2415 2916 tecum
2447 2869 2520 2914 est
2560 2877 2577 2915 :
2616 2860 2736 2915 illos
2763 2861 2965 2930 quippe
2992 2860 3247 2925 innuens,
3283 2859 3354 2915 de
3391 2849 3577 2929 quibus
3592 2856 3749 2912 Joannes

2246 2953 2577 3024 evangelista
2607 2953 2827 3023 scripsit
2855 2971 2868 3007 :
2894 2950 2952 3007 Si
2979 2952 3119 3006 enim
3140 2952 3365 3022 fuissent
3395 2967 3458 3005 ea:
3481 2951 3624 3010 nobis,
3653 2964 3750 3001 aan-

2245 3045 2433 3099 sissent
2469 3043 2650 3113 utique
2691 3041 2961 3095 nobiscum
2990 3040 3059 3093 ⁸⁸.
3094 3039 3235 3095 Sunt
3280 3054 3415 3110 ergo
3455 3036 3645 3108 quidam
3678 3031 3748 3086 {alii

2248 3137 2465 3202 fratres,
2510 3136 2714 3205 iniquis
2762 3133 3065 3189 haeresibus
3114 3134 3482 3195 adhaerentes,
3530 3139 3577 3185 et
3608 3127 3749 3199 pictatis

2171 3263 2214 3322 ο
2248 3228 2450 3283 frustra
2476 3226 2899 3282 cicumferentes
2932 3241 3155 3291 nomen,
3175 3226 3243 3281 de
3276 3225 3481 3296 quibus
3505 3221 3664 3277 Paulus
3682 3218 3746 3272 ait:

2247 3318 2508 3375 Periculis
2546 3320 2601 3373 in
2638 3319 2788 3390 falsis
2830 3318 3091 3390 fratribus
3119 3317 3190 3370 “.
3223 3317 3334 3385 Qui
3386 3325 3558 3371 autem
3592 3311 3633 3366 hi
3667 3310 3747 3373 sint,

2243 3414 2361 3485 ipse
2373 3414 2504 3467 alias
2523 3411 2779 3468 admonet
2798 3431 2809 3467 :
2831 3411 3148 3467 "(creticum
3162 3412 3433 3466 hominem
3458 3416 3562 3479 post
3575 3406 3744 3476 prima.

2244 3515 2293 3559 et
2314 3505 2596 3559 secundam
2613 3504 3028 3558 admonitionem
3047 3504 3222 3559 devita
3250 3502 3320 3558 “.
3351 3501 3459 3557 Sed
3488 3509 3537 3556 et
3558 3498 3744 3554 Joannes:

2244 3597 2304 3653 Si
2331 3599 2448 3669 quis
2482 3599 2621 3652 venit
2653 3599 2722 3650 ad
2761 3614 2868 3664 vos,
2908 3607 2957 3652 et
2986 3599 3285 3653 doctrinam
3336 3605 3470 3652 hanc
3500 3610 3587 3649 non
3616 3591 3744 3661 afertl.

2245 3707 2351 3744 non
2372 3691 2674 3759 suscipiatis
2691 3706 2812 3744 eum
2841 3689 2896 3742 in
2924 3689 3162 3756 domum,
3185 3706 3278 3745 nec
3303 3691 3411 3745 Ave
3430 3690 3473 3743 ei
3496 3684 3689 3741 dixeritis
3703 3679 3743 3731 ⁸⁸.

2246 3783 2359 3839 Hos
2393 3794 2577 3838 autem
2594 3784 2888 3855 corrigere,
2928 3784 3128 3853 quibus
3157 3787 3373 3840 sociare
3403 3797 3509 3838 non
3540 3776 3745 3834 licetnulio

2246 3889 2542 3946 possumus
2578 3876 2757 3939 molo,
2779 3877 2847 3929 ad
2880 3875 3075 3929 horum
3099 3874 3508 3945 ἀπιδιάστολην
3527 3871 3609 3925 ait.
3633 3864 3673 3920 Si
3693 3874 3741 3915 at-

2249 3977 2496 4022 tenuatus
2536 3968 2704 4039 frater
2746 3977 2889 4033 tuus,
2932 3968 3048 4023 sive
3091 3968 3399 4023 secundum
3446 3960 3743 4034 Scptuaginlli

2248 4059 2307 4116 Si
2364 4062 2435 4115 ad
2475 4071 2849 4132 paupertatem
2906 4064 3199 4132 pervenerit
3247 4063 3416 4132 frater
3465 4069 3573 4112 tuus
3607 4052 3670 4122 qui
3700 4056 3742 4099 ut

2249 4165 2441 4209 tecum.
2486 4152 2731 4210 Fratrem
2782 4164 3055 4216 nostrum,
3087 4163 3143 4208 et
3186 4154 3278 4224 qui
3312 4154 3579 4209 nobiscum
3603 4140 3745 4204 estin-

2251 4247 2459 4302 tellexit
2508 4247 2856 4313 conlidelcm,
2920 4249 2971 4302 in
3023 4250 3182 4318 cujus
3230 4247 3548 4320 cogitatione
3601 4232 3741 4308 quando

2250 4338 2465 4393 venerit
2492 4350 2798 4410 peccatum,
2820 4340 2873 4394 in
2902 4349 3278 4411 paupertatem
3311 4340 3526 4403 labitur,
3546 4343 3591 4389 et
3610 4338 3741 4401 paup"

2250 4445 2380 4487 vere
2401 4442 2503 4496 est,
2539 4433 2795 4502 quoniam
2843 4434 3061 4488 divitias
3088 4433 3326 4504 perdidit
3356 4428 3599 4505 spiritales
3634 4422 3740 4476 factus

2252 4525 2432 4593 qualis
2458 4525 2547 4579 ile
2579 4525 2644 4579 dc
2678 4542 2786 4594 quo
2806 4525 2975 4580 David
3010 4526 3167 4591 dixit,
3203 4541 3330 4580 cum
3359 4538 3476 4580 eum
3496 4519 3574 4591 qui
3600 4508 3741 4577 iocosi

2183 4625 2224 4679 [ι
2257 4618 2553 4672 tationibus
2605 4628 2956 4687 peccatorum
3008 4619 3341 4673 constitutus
3376 4625 3503 4679 erat,
3534 4610 3737 4678 exponere:

2259 4711 2537 4766 hominem
2562 4729 2574 4764 :
2600 4709 2770 4783 Egens
2789 4729 2907 4765 sum
2934 4727 3045 4781 ego,
3078 4723 3129 4765 et
3155 4712 3210 4765 in
3228 4710 3487 4766 laboribus
3509 4723 3537 4759 a
3552 4702 3738 4774 juvenili“

2257 4820 2398 4869 mea,
2418 4804 2687 4859 exaltatus
2721 4813 2921 4871 autent,
2942 4804 3253 4859 humiliatus
3283 4821 3400 4859 sunt
3422 4810 3468 4857 et
3492 4786 3732 4865 confusu!"-

2255 4894 2487 4962 Quaudo
2516 4912 2644 4967 ergo
2666 4896 2771 4961 hic,
2798 4894 2889 4964 qui
2916 4894 3037 4950 talis
3054 4903 3133 4951 est
3156 4905 3364 4966 partem
3386 4882 3735 4964 propri:e,bon:l'-

2255 5004 2363 5058 que
2385 4989 2769 5058 possessionis,
2786 5005 2908 5058 qua:
2929 4989 2978 5043 ei
2997 5001 3143 5044 sorte
3163 4990 3472 5049 obvenerat,
3490 4973 3730 5065 vendiderat

2257 5081 2643 5152 cogitationem
2702 5081 2909 5152 peccati
2963 5081 3290 5151 suscipiens,
3339 5077 3510 5137 vendit
3548 5059 3733 5152 enimbic

2258 5175 2572 5231 adversario
2607 5191 2760 5230 suam
2796 5184 3062 5239 mentem,
3093 5171 3531 5246 quemadmodum
3558 5165 3662 5218 Deus
3675 5150 3731 5250 lt?

2261 5267 2392 5321 dacis
2432 5267 2648 5321 dicebat
2676 5285 2689 5321 :
2721 5264 2856 5320 Ecce
2894 5268 3121 5336 peccatis
3160 5268 3343 5321 vestris
3375 5251 3614 5320 venundati
3643 5251 3729 5299 est":

2258 5361 2426 5415 veniet
2450 5360 2625 5430 affinis
2650 5370 2697 5414 et
2727 5358 3053 5430 propinquus
3081 5360 3220 5429 ejus,
3248 5355 3525 5415 secundum
3545 5339 3725 5434 spiritu'mi

2260 5422 2524 5521 cognatus
2553 5459 2609 5504 et
2641 5422 2945 5516 confidens,
2975 5458 3022 5503 et
3057 5422 3222 5520 tepent
3252 5440 3548 5517 cognationis
3571 5422 3727 5521 ορεψξ

2263 5506 2559 5609 οδῖοηάίνηε,
2590 5553 2638 5597 et
2683 5543 2921 5596 liberabit
2967 5506 3313 5596 venditionem
3347 5535 3509 5613 fratris
3539 5524 3616 5585 sui,
3646 5506 3725 5570 illud

2263 5636 2519 5707 impleas,
2564 5637 2709 5707 quod
2741 5635 2941 5692 Pauius
2987 5635 3263 5691 scribebat
3296 5652 3310 5689 :
3342 5633 3547 5689 Fratres.
3575 5615 3609 5673 εὶ
3635 5618 3722 5662 ίί³³³³’

2168 1904 2211 1959 Β

2159 5837 2200 5868 ⁸⁸
2236 5836 2251 5890 1
2284 5837 2406 5890 Cor.
2443 5855 2533 5901 ιιι,
2567 5837 2656 5892 20.
2759 5837 2802 5865 ⁸²
2847 5834 3048 5891 lJoan.
3080 5851 3139 5901 ιι,
3176 5834 3262 5891 19.
3340 5834 3381 5867 σε
3408 5829 3452 5888 η
3471 5824 3567 5882 Car.
3595 5798 3715 5870 xuii.

2714 6026 2759 6036 η-
