  <div class='ocr_page' id='page_1' title='image "/cluster/home/n/w/nwhite01/storage/ocr_20150623/93/coo.31924054869973/572.png"; bbox 0 0 3892 6400; ppageno 0'>
   <div class='ocr_carea' id='block_1_1' title="bbox 106 327 223 396">
    <p class='ocr_par' dir='ltr' id='par_1_1' title="bbox 106 327 223 396">
     <span class='ocr_line' id='line_1_1' title="bbox 106 327 223 396; baseline -0.009 -2"><span class='ocrx_word' id='word_1_1' title='bbox 106 327 223 396; x_wconf 71' lang='grc'><strong>1121</strong></span> 
     </span>
    </p>
   </div>
   <div class='ocr_carea' id='block_1_2' title="bbox 1193 323 2221 390">
    <p class='ocr_par' dir='ltr' id='par_1_2' title="bbox 1193 323 2221 390">
     <span class='ocr_line' id='line_1_2' title="bbox 1193 323 2221 390; baseline -0.003 -3"><span class='ocrx_word' id='word_1_2' title='bbox 1193 328 1272 388; x_wconf 69' lang='lat' dir='ltr'><strong>IN</strong></span> <span class='ocrx_word' id='word_1_3' title='bbox 1313 324 1756 390; x_wconf 58' lang='lat' dir='ltr'><strong>LEVITICUB&#39;I.</strong></span> <span class='ocrx_word' id='word_1_4' title='bbox 1794 350 1860 361; x_wconf 88' lang='grc'><strong>--</strong></span> <span class='ocrx_word' id='word_1_5' title='bbox 1905 325 2054 386; x_wconf 88' lang='lat' dir='ltr'><strong>LIB.</strong></span> <span class='ocrx_word' id='word_1_6' title='bbox 2087 323 2221 388; x_wconf 83' lang='lat' dir='ltr'><strong>VII.</strong></span> 
     </span>
    </p>
   </div>
   <div class='ocr_carea' id='block_1_3' title="bbox 3221 319 3360 386">
    <p class='ocr_par' dir='ltr' id='par_1_3' title="bbox 3221 319 3360 386">
     <span class='ocr_line' id='line_1_3' title="bbox 3221 319 3360 386; baseline -0.022 -2"><span class='ocrx_word' id='word_1_7' title='bbox 3221 319 3360 386; x_wconf 67' lang='lat'><strong>1122</strong></span> 
     </span>
    </p>
   </div>
   <div class='ocr_carea' id='block_1_4' title="bbox 94 439 3362 516">
    <p class='ocr_par' dir='ltr' id='par_1_4' title="bbox 94 439 3362 516">
     <span class='ocr_line' id='line_1_4' title="bbox 94 439 3362 516; baseline -0.002 -17"><span class='ocrx_word' id='word_1_8' title='bbox 94 446 362 516; x_wconf 71' lang='lat' dir='ltr'><strong>prehensus</strong></span> <span class='ocrx_word' id='word_1_9' title='bbox 413 443 573 513; x_wconf 75' lang='lat' dir='ltr'><strong>fuerit</strong></span> <span class='ocrx_word' id='word_1_10' title='bbox 626 444 778 496; x_wconf 83' lang='lat' dir='ltr'><strong>homo</strong></span> <span class='ocrx_word' id='word_1_11' title='bbox 823 443 877 496; x_wconf 85' lang='lat' dir='ltr'><strong>in</strong></span> <span class='ocrx_word' id='word_1_12' title='bbox 936 441 1116 512; x_wconf 82' lang='lat' dir='ltr'><strong>aliqua</strong></span> <span class='ocrx_word' id='word_1_13' title='bbox 1176 443 1385 505; x_wconf 84' lang='lat' dir='ltr'><strong>delicto,</strong></span> <span class='ocrx_word' id='word_1_14' title='bbox 1440 457 1528 494; x_wconf 78' lang='lat' dir='ltr'><strong>vos</strong></span> <span class='ocrx_word' id='word_1_15' title='bbox 1585 441 1677 510; x_wconf 86' lang='lat' dir='ltr'><strong>qui</strong></span> <span class='ocrx_word' id='word_1_16' title='bbox 1706 451 1747 506; x_wconf 77' lang='grc' dir='ltr'><strong>Α</strong></span> <span class='ocrx_word' id='word_1_17' title='bbox 1780 441 2137 512; x_wconf 73' lang='lat' dir='ltr'><strong>cogitationes</strong></span> <span class='ocrx_word' id='word_1_18' title='bbox 2186 439 2681 504; x_wconf 82' lang='lat' dir='ltr'><strong>emendaverimus,</strong></span> <span class='ocrx_word' id='word_1_19' title='bbox 2716 447 2771 494; x_wconf 84' lang='lat' dir='ltr'><strong>et</strong></span> <span class='ocrx_word' id='word_1_20' title='bbox 2803 439 3170 509; x_wconf 80' lang='lat' dir='ltr'><strong>receperimus</strong></span> <span class='ocrx_word' id='word_1_21' title='bbox 3217 439 3362 506; x_wconf 83' lang='lat' dir='ltr'><strong>quod</strong></span> 
     </span>
    </p>
   </div>
   <div class='ocr_carea' id='block_1_5' title="bbox 95 533 1671 607">
    <p class='ocr_par' dir='ltr' id='par_1_5' title="bbox 95 533 1671 607">
     <span class='ocr_line' id='line_1_5' title="bbox 95 533 1671 607; baseline -0.004 -17"><span class='ocrx_word' id='word_1_22' title='bbox 95 535 348 607; x_wconf 67' lang='lat' dir='ltr'><strong>spiritales</strong></span> <span class='ocrx_word' id='word_1_23' title='bbox 373 534 515 594; x_wconf 84' lang='lat' dir='ltr'><strong>estis,</strong></span> <span class='ocrx_word' id='word_1_24' title='bbox 544 534 788 588; x_wconf 85' lang='lat' dir='ltr'><strong>instruite</strong></span> <span class='ocrx_word' id='word_1_25' title='bbox 808 533 1110 602; x_wconf 78' lang='lat' dir='ltr'><strong>hujusmodi</strong></span> <span class='ocrx_word' id='word_1_26' title='bbox 1133 535 1185 585; x_wconf 86' lang='lat' dir='ltr'><strong>in</strong></span> <span class='ocrx_word' id='word_1_27' title='bbox 1203 535 1393 603; x_wconf 78' lang='lat' dir='ltr'><strong>spiritu</strong></span> <span class='ocrx_word' id='word_1_28' title='bbox 1423 549 1671 588; x_wconf 73' lang='lat' dir='ltr'><strong>mansue—</strong></span> 
     </span>
    </p>
   </div>
   <div class='ocr_carea' id='block_1_6' title="bbox 98 625 1674 694">
    <p class='ocr_par' dir='ltr' id='par_1_6' title="bbox 98 625 1674 694">
     <span class='ocr_line' id='line_1_6' title="bbox 98 625 1674 694; baseline -0.002 -13"><span class='ocrx_word' id='word_1_29' title='bbox 98 631 304 692; x_wconf 86' lang='lat' dir='ltr'><strong>tudim&#39;s,</strong></span> <span class='ocrx_word' id='word_1_30' title='bbox 337 629 676 682; x_wconf 81' lang='lat' dir='ltr'><strong>considerans</strong></span> <span class='ocrx_word' id='word_1_31' title='bbox 706 627 949 694; x_wconf 86' lang='lat' dir='ltr'><strong>teipsum,</strong></span> <span class='ocrx_word' id='word_1_32' title='bbox 990 642 1053 680; x_wconf 87' lang='lat' dir='ltr'><strong>ne</strong></span> <span class='ocrx_word' id='word_1_33' title='bbox 1080 636 1126 680; x_wconf 89' lang='lat' dir='ltr'><strong>et</strong></span> <span class='ocrx_word' id='word_1_34' title='bbox 1161 638 1217 678; x_wconf 90' lang='lat' dir='ltr'><strong>tu</strong></span> <span class='ocrx_word' id='word_1_35' title='bbox 1252 627 1488 680; x_wconf 82' lang='lat' dir='ltr'><strong>tenteris.</strong></span> <span class='ocrx_word' id='word_1_36' title='bbox 1524 625 1674 678; x_wconf 84' lang='lat' dir='ltr'><strong>Alter</strong></span> 
     </span>
    </p>
   </div>
   <div class='ocr_carea' id='block_1_7' title="bbox 91 718 1674 789">
    <p class='ocr_par' dir='ltr' id='par_1_7' title="bbox 91 718 1674 789">
     <span class='ocr_line' id='line_1_7' title="bbox 91 718 1674 789; baseline -0.004 -13"><span class='ocrx_word' id='word_1_37' title='bbox 91 722 305 778; x_wconf 77' lang='lat' dir='ltr'><strong>alterius</strong></span> <span class='ocrx_word' id='word_1_38' title='bbox 355 738 518 774; x_wconf 64' lang='lat' dir='ltr'><strong>onera</strong></span> <span class='ocrx_word' id='word_1_39' title='bbox 577 728 808 789; x_wconf 75' lang='lat' dir='ltr'><strong>portate,</strong></span> <span class='ocrx_word' id='word_1_40' title='bbox 869 729 917 774; x_wconf 85' lang='lat' dir='ltr'><strong>et</strong></span> <span class='ocrx_word' id='word_1_41' title='bbox 971 720 1047 772; x_wconf 85' lang='lat' dir='ltr'><strong>sic</strong></span> <span class='ocrx_word' id='word_1_42' title='bbox 1101 718 1455 788; x_wconf 84' lang='lat' dir='ltr'><strong>adimplcbitis</strong></span> <span class='ocrx_word' id='word_1_43' title='bbox 1511 718 1674 787; x_wconf 82' lang='lat' dir='ltr'><strong>legem</strong></span> 
     </span>
    </p>
   </div>
   <div class='ocr_carea' id='block_1_8' title="bbox 90 813 1674 872">
    <p class='ocr_par' dir='ltr' id='par_1_8' title="bbox 90 813 1674 872">
     <span class='ocr_line' id='line_1_8' title="bbox 90 813 1674 872; baseline -0.004 -1"><span class='ocrx_word' id='word_1_44' title='bbox 90 816 285 872; x_wconf 80' lang='lat' dir='ltr'><strong>Christi</strong></span> <span class='ocrx_word' id='word_1_45' title='bbox 300 813 439 869; x_wconf 75' lang='lat' dir='ltr'><strong>&quot;.Si</strong></span> <span class='ocrx_word' id='word_1_46' title='bbox 469 813 613 867; x_wconf 89' lang='lat' dir='ltr'><strong>enim</strong></span> <span class='ocrx_word' id='word_1_47' title='bbox 643 814 872 867; x_wconf 80' lang='lat' dir='ltr'><strong>invicem</strong></span> <span class='ocrx_word' id='word_1_48' title='bbox 903 829 1070 867; x_wconf 90' lang='lat' dir='ltr'><strong>onera</strong></span> <span class='ocrx_word' id='word_1_49' title='bbox 1106 819 1290 866; x_wconf 89' lang='lat' dir='ltr'><strong>nostra</strong></span> <span class='ocrx_word' id='word_1_50' title='bbox 1332 813 1674 866; x_wconf 73' lang='lat' dir='ltr'><strong>exhortatio-</strong></span> 
     </span>
    </p>
   </div>
   <div class='ocr_carea' id='block_1_9' title="bbox 88 903 1676 974">
    <p class='ocr_par' dir='ltr' id='par_1_9' title="bbox 88 903 1676 974">
     <span class='ocr_line' id='line_1_9' title="bbox 88 903 1676 974; baseline -0.002 -13"><span class='ocrx_word' id='word_1_51' title='bbox 88 907 284 972; x_wconf 87' lang='lat' dir='ltr'><strong>nibus,</strong></span> <span class='ocrx_word' id='word_1_52' title='bbox 331 904 856 959; x_wconf 88' lang='lat' dir='ltr'><strong>commonitionibus</strong></span> <span class='ocrx_word' id='word_1_53' title='bbox 885 945 897 967; x_wconf 89' lang='lat'><strong>,</strong></span> <span class='ocrx_word' id='word_1_54' title='bbox 947 904 1380 974; x_wconf 86' lang='lat' dir='ltr'><strong>opportunisque</strong></span> <span class='ocrx_word' id='word_1_55' title='bbox 1433 903 1676 958; x_wconf 82' lang='lat' dir='ltr'><strong>consiliis</strong></span> 
     </span>
    </p>
   </div>
   <div class='ocr_carea' id='block_1_10' title="bbox 91 995 1676 1070">
    <p class='ocr_par' dir='ltr' id='par_1_10' title="bbox 91 995 1676 1070">
     <span class='ocr_line' id='line_1_10' title="bbox 91 995 1676 1070; baseline -0.004 -15"><span class='ocrx_word' id='word_1_56' title='bbox 91 998 509 1070; x_wconf 85' lang='lat' dir='ltr'><strong>portaverimus,</strong></span> <span class='ocrx_word' id='word_1_57' title='bbox 556 996 791 1050; x_wconf 86' lang='lat' dir='ltr'><strong>liberare</strong></span> <span class='ocrx_word' id='word_1_58' title='bbox 839 995 1062 1050; x_wconf 75' lang='lat' dir='ltr'><strong>fratrem</strong></span> <span class='ocrx_word' id='word_1_59' title='bbox 1108 1012 1136 1050; x_wconf 89' lang='lat' dir='ltr'><strong>a</strong></span> <span class='ocrx_word' id='word_1_60' title='bbox 1183 1005 1503 1066; x_wconf 85' lang='lat' dir='ltr'><strong>paupertate</strong></span> <span class='ocrx_word' id='word_1_61' title='bbox 1548 1012 1676 1066; x_wconf 90' lang='lat' dir='ltr'><strong>pos-</strong></span> 
     </span>
    </p>
   </div>
   <div class='ocr_carea' id='block_1_11' title="bbox 95 1089 1677 1160">
    <p class='ocr_par' dir='ltr' id='par_1_11' title="bbox 95 1089 1677 1160">
     <span class='ocr_line' id='line_1_11' title="bbox 95 1089 1677 1160; baseline -0.003 -14"><span class='ocrx_word' id='word_1_62' title='bbox 95 1108 303 1154; x_wconf 86' lang='lat' dir='ltr'><strong>sumus,</strong></span> <span class='ocrx_word' id='word_1_63' title='bbox 335 1099 390 1145; x_wconf 90' lang='lat' dir='ltr'><strong>et</strong></span> <span class='ocrx_word' id='word_1_64' title='bbox 420 1089 691 1144; x_wconf 89' lang='lat' dir='ltr'><strong>redimere</strong></span> <span class='ocrx_word' id='word_1_65' title='bbox 736 1105 897 1159; x_wconf 87' lang='lat' dir='ltr'><strong>quam</strong></span> <span class='ocrx_word' id='word_1_66' title='bbox 935 1089 1051 1158; x_wconf 89' lang='lat' dir='ltr'><strong>ipse</strong></span> <span class='ocrx_word' id='word_1_67' title='bbox 1086 1104 1150 1141; x_wconf 81' lang='lat' dir='ltr'><strong>ex</strong></span> <span class='ocrx_word' id='word_1_68' title='bbox 1183 1089 1511 1160; x_wconf 82' lang='lat' dir='ltr'><strong>negligentia</strong></span> <span class='ocrx_word' id='word_1_69' title='bbox 1552 1104 1677 1158; x_wconf 90' lang='lat' dir='ltr'><strong>pos-</strong></span> 
     </span>
    </p>
   </div>
   <div class='ocr_carea' id='block_1_12' title="bbox 92 1181 1679 1247">
    <p class='ocr_par' dir='ltr' id='par_1_12' title="bbox 92 1181 1679 1247">
     <span class='ocr_line' id='line_1_12' title="bbox 92 1181 1679 1247; baseline -0.003 -7"><span class='ocrx_word' id='word_1_70' title='bbox 92 1185 410 1247; x_wconf 76' lang='lat' dir='ltr'><strong>sessionem,</strong></span> <span class='ocrx_word' id='word_1_71' title='bbox 459 1198 581 1237; x_wconf 91' lang='lat' dir='ltr'><strong>cum</strong></span> <span class='ocrx_word' id='word_1_72' title='bbox 640 1196 750 1236; x_wconf 91' lang='lat' dir='ltr'><strong>non</strong></span> <span class='ocrx_word' id='word_1_73' title='bbox 798 1181 1056 1244; x_wconf 90' lang='lat' dir='ltr'><strong>deberet,</strong></span> <span class='ocrx_word' id='word_1_74' title='bbox 1109 1181 1373 1245; x_wconf 86' lang='lat' dir='ltr'><strong>vendidit,</strong></span> <span class='ocrx_word' id='word_1_75' title='bbox 1423 1181 1679 1235; x_wconf 88' lang='lat' dir='ltr'><strong>etmodo</strong></span> 
     </span>
    </p>
   </div>
   <div class='ocr_carea' id='block_1_13' title="bbox 88 1273 1675 1349">
    <p class='ocr_par' dir='ltr' id='par_1_13' title="bbox 88 1273 1675 1349">
     <span class='ocr_line' id='line_1_13' title="bbox 88 1273 1675 1349; baseline -0.005 -16"><span class='ocrx_word' id='word_1_76' title='bbox 88 1278 320 1349; x_wconf 89' lang='lat' dir='ltr'><strong>quodam</strong></span> <span class='ocrx_word' id='word_1_77' title='bbox 345 1276 402 1330; x_wconf 85' lang='lat' dir='ltr'><strong>lit</strong></span> <span class='ocrx_word' id='word_1_78' title='bbox 427 1276 736 1330; x_wconf 89' lang='lat' dir='ltr'><strong>communis</strong></span> <span class='ocrx_word' id='word_1_79' title='bbox 765 1273 1059 1343; x_wconf 90' lang='lat' dir='ltr'><strong>possessio.</strong></span> <span class='ocrx_word' id='word_1_80' title='bbox 1083 1273 1136 1328; x_wconf 89' lang='lat' dir='ltr'><strong>Si</strong></span> <span class='ocrx_word' id='word_1_81' title='bbox 1168 1282 1348 1327; x_wconf 85' lang='lat' dir='ltr'><strong>autem</strong></span> <span class='ocrx_word' id='word_1_82' title='bbox 1384 1273 1542 1327; x_wconf 86' lang='lat' dir='ltr'><strong>alicui</strong></span> <span class='ocrx_word' id='word_1_83' title='bbox 1569 1289 1675 1326; x_wconf 92' lang='lat' dir='ltr'><strong>non</strong></span> 
     </span>
    </p>
   </div>
   <div class='ocr_carea' id='block_1_14' title="bbox 91 1364 1674 1437">
    <p class='ocr_par' dir='ltr' id='par_1_14' title="bbox 91 1364 1674 1437">
     <span class='ocr_line' id='line_1_14' title="bbox 91 1364 1674 1437; baseline -0.005 -13"><span class='ocrx_word' id='word_1_84' title='bbox 91 1369 254 1424; x_wconf 88' lang='lat' dir='ltr'><strong>fuerit</strong></span> <span class='ocrx_word' id='word_1_85' title='bbox 284 1367 566 1437; x_wconf 71' lang='lat' dir='ltr'><strong>proximus</strong></span> <span class='ocrx_word' id='word_1_86' title='bbox 603 1366 687 1420; x_wconf 93' lang='lat' dir='ltr'><strong>vel</strong></span> <span class='ocrx_word' id='word_1_87' title='bbox 719 1366 1082 1436; x_wconf 88' lang='lat' dir='ltr'><strong>propinquus,</strong></span> <span class='ocrx_word' id='word_1_88' title='bbox 1122 1365 1352 1418; x_wconf 77' lang='lat' dir='ltr'><strong>forsitan</strong></span> <span class='ocrx_word' id='word_1_89' title='bbox 1382 1364 1528 1418; x_wconf 88' lang='lat' dir='ltr'><strong>enim</strong></span> <span class='ocrx_word' id='word_1_90' title='bbox 1563 1379 1674 1418; x_wconf 91' lang='lat' dir='ltr'><strong>non</strong></span> 
     </span>
    </p>
   </div>
   <div class='ocr_carea' id='block_1_15' title="bbox 91 1455 1679 1530">
    <p class='ocr_par' dir='ltr' id='par_1_15' title="bbox 91 1455 1679 1530">
     <span class='ocr_line' id='line_1_15' title="bbox 91 1455 1679 1530; baseline -0.006 -12"><span class='ocrx_word' id='word_1_91' title='bbox 91 1462 332 1518; x_wconf 87' lang='lat' dir='ltr'><strong>ostendit</strong></span> <span class='ocrx_word' id='word_1_92' title='bbox 361 1469 674 1530; x_wconf 89' lang='lat' dir='ltr'><strong>opportuno</strong></span> <span class='ocrx_word' id='word_1_93' title='bbox 707 1467 951 1528; x_wconf 88' lang='lat' dir='ltr'><strong>tempore</strong></span> <span class='ocrx_word' id='word_1_94' title='bbox 977 1473 1101 1528; x_wconf 83' lang='lat' dir='ltr'><strong>erga</strong></span> <span class='ocrx_word' id='word_1_95' title='bbox 1144 1458 1308 1512; x_wconf 90' lang='lat' dir='ltr'><strong>alium</strong></span> <span class='ocrx_word' id='word_1_96' title='bbox 1341 1455 1679 1524; x_wconf 88' lang='lat' dir='ltr'><strong>compassio-</strong></span> 
     </span>
    </p>
   </div>
   <div class='ocr_carea' id='block_1_16' title="bbox 89 1550 1682 1624">
    <p class='ocr_par' dir='ltr' id='par_1_16' title="bbox 89 1550 1682 1624">
     <span class='ocr_line' id='line_1_16' title="bbox 89 1550 1682 1624; baseline -0.007 -13"><span class='ocrx_word' id='word_1_97' title='bbox 89 1572 218 1611; x_wconf 91' lang='lat' dir='ltr'><strong>nem</strong></span> <span class='ocrx_word' id='word_1_98' title='bbox 247 1562 304 1609; x_wconf 91' lang='lat' dir='ltr'><strong>ut</strong></span> <span class='ocrx_word' id='word_1_99' title='bbox 336 1564 389 1609; x_wconf 89' lang='lat' dir='ltr'><strong>et</strong></span> <span class='ocrx_word' id='word_1_100' title='bbox 421 1553 537 1624; x_wconf 90' lang='lat' dir='ltr'><strong>ipse</strong></span> <span class='ocrx_word' id='word_1_101' title='bbox 563 1551 610 1607; x_wconf 90' lang='lat' dir='ltr'><strong>ei</strong></span> <span class='ocrx_word' id='word_1_102' title='bbox 640 1551 901 1622; x_wconf 83' lang='lat' dir='ltr'><strong>spiritalis</strong></span> <span class='ocrx_word' id='word_1_103' title='bbox 923 1550 1203 1605; x_wconf 76' lang='lat' dir='ltr'><strong>afﬁnitatis</strong></span> <span class='ocrx_word' id='word_1_104' title='bbox 1224 1551 1315 1620; x_wconf 93' lang='lat' dir='ltr'><strong>jus</strong></span> <span class='ocrx_word' id='word_1_105' title='bbox 1343 1557 1561 1604; x_wconf 85' lang='lat' dir='ltr'><strong>servet:</strong></span> <span class='ocrx_word' id='word_1_106' title='bbox 1588 1555 1682 1601; x_wconf 89' lang='lat' dir='ltr'><strong>aut</strong></span> 
     </span>
    </p>
   </div>
   <div class='ocr_carea' id='block_1_17' title="bbox 90 1639 1683 1712">
    <p class='ocr_par' dir='ltr' id='par_1_17' title="bbox 90 1639 1683 1712">
     <span class='ocr_line' id='line_1_17' title="bbox 90 1639 1683 1712; baseline -0.006 -12"><span class='ocrx_word' id='word_1_107' title='bbox 90 1645 316 1702; x_wconf 84' lang='lat' dir='ltr'><strong>forsitan</strong></span> <span class='ocrx_word' id='word_1_108' title='bbox 349 1644 451 1698; x_wconf 85' lang='lat' dir='ltr'><strong>hoc</strong></span> <span class='ocrx_word' id='word_1_109' title='bbox 485 1641 629 1712; x_wconf 91' lang='lat' dir='ltr'><strong>quod</strong></span> <span class='ocrx_word' id='word_1_110' title='bbox 660 1640 906 1712; x_wconf 82' lang='lat' dir='ltr'><strong>contigit,</strong></span> <span class='ocrx_word' id='word_1_111' title='bbox 931 1655 1219 1712; x_wconf 79' lang='lat' dir='ltr'><strong>suggerere</strong></span> <span class='ocrx_word' id='word_1_112' title='bbox 1234 1640 1336 1703; x_wconf 87' lang='lat' dir='ltr'><strong>eis,</strong></span> <span class='ocrx_word' id='word_1_113' title='bbox 1366 1639 1461 1709; x_wconf 89' lang='lat' dir='ltr'><strong>qui</strong></span> <span class='ocrx_word' id='word_1_114' title='bbox 1484 1654 1683 1694; x_wconf 86' lang='lat' dir='ltr'><strong>secun-</strong></span> 
     </span>
    </p>
   </div>
   <div class='ocr_carea' id='block_1_18' title="bbox 88 1729 1680 1805">
    <p class='ocr_par' dir='ltr' id='par_1_18' title="bbox 88 1729 1680 1805">
     <span class='ocr_line' id='line_1_18' title="bbox 88 1729 1680 1805; baseline -0.005 -13"><span class='ocrx_word' id='word_1_115' title='bbox 88 1738 221 1792; x_wconf 84' lang='lat' dir='ltr'><strong>dum</strong></span> <span class='ocrx_word' id='word_1_116' title='bbox 245 1734 494 1805; x_wconf 90' lang='lat' dir='ltr'><strong>spiritum</strong></span> <span class='ocrx_word' id='word_1_117' title='bbox 518 1742 647 1787; x_wconf 90' lang='lat' dir='ltr'><strong>sunt</strong></span> <span class='ocrx_word' id='word_1_118' title='bbox 666 1733 932 1803; x_wconf 79' lang='lat' dir='ltr'><strong>cognatis,</strong></span> <span class='ocrx_word' id='word_1_119' title='bbox 958 1732 1234 1787; x_wconf 90' lang='lat' dir='ltr'><strong>erubescit</strong></span> <span class='ocrx_word' id='word_1_120' title='bbox 1263 1750 1275 1785; x_wconf 92' lang='lat'>:</span> <span class='ocrx_word' id='word_1_121' title='bbox 1303 1741 1359 1786; x_wconf 90' lang='lat' dir='ltr'><strong>et</strong></span> <span class='ocrx_word' id='word_1_122' title='bbox 1384 1731 1516 1787; x_wconf 90' lang='lat' dir='ltr'><strong>illud</strong></span> <span class='ocrx_word' id='word_1_123' title='bbox 1537 1729 1680 1800; x_wconf 88' lang='lat' dir='ltr'><strong>quod</strong></span> 
     </span>
    </p>
   </div>
   <div class='ocr_carea' id='block_1_19' title="bbox 86 1825 1685 1896">
    <p class='ocr_par' dir='ltr' id='par_1_19' title="bbox 86 1825 1685 1896">
     <span class='ocr_line' id='line_1_19' title="bbox 86 1825 1685 1896; baseline -0.005 -12"><span class='ocrx_word' id='word_1_124' title='bbox 86 1831 297 1885; x_wconf 88' lang='lat' dir='ltr'><strong>dictum</strong></span> <span class='ocrx_word' id='word_1_125' title='bbox 328 1836 411 1882; x_wconf 90' lang='lat' dir='ltr'><strong>est</strong></span> <span class='ocrx_word' id='word_1_126' title='bbox 442 1827 494 1879; x_wconf 91' lang='lat' dir='ltr'><strong>in</strong></span> <span class='ocrx_word' id='word_1_127' title='bbox 525 1826 838 1880; x_wconf 78' lang='lat' dir='ltr'><strong>Proverbiis</strong></span> <span class='ocrx_word' id='word_1_128' title='bbox 876 1825 1167 1896; x_wconf 74' lang='lat' dir='ltr'><strong>ignoravit.</strong></span> <span class='ocrx_word' id='word_1_129' title='bbox 1195 1825 1388 1880; x_wconf 85' lang='lat' dir='ltr'><strong>Frater</strong></span> <span class='ocrx_word' id='word_1_130' title='bbox 1413 1832 1591 1878; x_wconf 87' lang='lat' dir='ltr'><strong>autem</strong></span> <span class='ocrx_word' id='word_1_131' title='bbox 1629 1825 1685 1876; x_wconf 88' lang='lat' dir='ltr'><strong>in</strong></span> 
     </span>
    </p>
   </div>
   <div class='ocr_carea' id='block_1_20' title="bbox 87 1916 1683 1992">
    <p class='ocr_par' dir='ltr' id='par_1_20' title="bbox 87 1916 1683 1992">
     <span class='ocr_line' id='line_1_20' title="bbox 87 1916 1683 1992; baseline -0.003 -18"><span class='ocrx_word' id='word_1_132' title='bbox 87 1921 352 1992; x_wconf 82' lang='lat' dir='ltr'><strong>angustiis</strong></span> <span class='ocrx_word' id='word_1_133' title='bbox 397 1919 774 1988; x_wconf 86' lang='lat' dir='ltr'><strong>comprobatur</strong></span> <span class='ocrx_word' id='word_1_134' title='bbox 809 1918 874 1981; x_wconf 81' lang='grc'><strong>⁸⁸,</strong></span> <span class='ocrx_word' id='word_1_135' title='bbox 923 1917 1049 1988; x_wconf 86' lang='lat' dir='ltr'><strong>quia</strong></span> <span class='ocrx_word' id='word_1_136' title='bbox 1084 1916 1175 1988; x_wconf 87' lang='lat' dir='ltr'><strong>qui</strong></span> <span class='ocrx_word' id='word_1_137' title='bbox 1209 1917 1495 1973; x_wconf 80' lang='lat' dir='ltr'><strong>abscondit</strong></span> <span class='ocrx_word' id='word_1_138' title='bbox 1529 1931 1683 1971; x_wconf 85' lang='lat' dir='ltr'><strong>suam</strong></span> 
     </span>
    </p>
   </div>
   <div class='ocr_carea' id='block_1_21' title="bbox 88 2007 1682 2085">
    <p class='ocr_par' dir='ltr' id='par_1_21' title="bbox 88 2007 1682 2085">
     <span class='ocr_line' id='line_1_21' title="bbox 88 2007 1682 2085; baseline -0.005 -17"><span class='ocrx_word' id='word_1_139' title='bbox 88 2014 422 2085; x_wconf 83' lang='lat' dir='ltr'><strong>passionem,</strong></span> <span class='ocrx_word' id='word_1_140' title='bbox 444 2026 546 2065; x_wconf 86' lang='lat' dir='ltr'><strong>nec</strong></span> <span class='ocrx_word' id='word_1_141' title='bbox 563 2010 843 2080; x_wconf 88' lang='lat' dir='ltr'><strong>accipiens</strong></span> <span class='ocrx_word' id='word_1_142' title='bbox 865 2009 1008 2064; x_wconf 91' lang='lat' dir='ltr'><strong>illico</strong></span> <span class='ocrx_word' id='word_1_143' title='bbox 1032 2008 1085 2064; x_wconf 90' lang='lat' dir='ltr'><strong>in</strong></span> <span class='ocrx_word' id='word_1_144' title='bbox 1105 2017 1290 2064; x_wconf 87' lang='lat' dir='ltr'><strong>mente</strong></span> <span class='ocrx_word' id='word_1_145' title='bbox 1318 2007 1682 2072; x_wconf 87' lang='lat' dir='ltr'><strong>medicamen,</strong></span> 
     </span>
    </p>
   </div>
   <div class='ocr_carea' id='block_1_22' title="bbox 90 2101 1687 2180">
    <p class='ocr_par' dir='ltr' id='par_1_22' title="bbox 90 2101 1687 2180">
     <span class='ocr_line' id='line_1_22' title="bbox 90 2101 1687 2180; baseline -0.003 -20"><span class='ocrx_word' id='word_1_146' title='bbox 90 2109 214 2180; x_wconf 85' lang='lat' dir='ltr'><strong>ipse</strong></span> <span class='ocrx_word' id='word_1_147' title='bbox 244 2107 595 2176; x_wconf 83' lang='lat' dir='ltr'><strong>semetipsum</strong></span> <span class='ocrx_word' id='word_1_148' title='bbox 620 2105 838 2159; x_wconf 90' lang='lat' dir='ltr'><strong>salvare</strong></span> <span class='ocrx_word' id='word_1_149' title='bbox 856 2103 1036 2168; x_wconf 85' lang='lat' dir='ltr'><strong>debet,</strong></span> <span class='ocrx_word' id='word_1_150' title='bbox 1065 2112 1120 2158; x_wconf 89' lang='lat' dir='ltr'><strong>et</strong></span> <span class='ocrx_word' id='word_1_151' title='bbox 1139 2102 1415 2174; x_wconf 87' lang='lat' dir='ltr'><strong>propriam</strong></span> <span class='ocrx_word' id='word_1_152' title='bbox 1439 2101 1687 2157; x_wconf 87' lang='lat' dir='ltr'><strong>substan-</strong></span> 
     </span>
    </p>
   </div>
   <div class='ocr_carea' id='block_1_23' title="bbox 92 2195 1087 2266">
    <p class='ocr_par' dir='ltr' id='par_1_23' title="bbox 92 2195 1087 2266">
     <span class='ocr_line' id='line_1_23' title="bbox 92 2195 1087 2266; baseline -0.004 -13"><span class='ocrx_word' id='word_1_153' title='bbox 92 2200 227 2253; x_wconf 85' lang='lat' dir='ltr'><strong>tiam</strong></span> <span class='ocrx_word' id='word_1_154' title='bbox 259 2197 551 2262; x_wconf 85' lang='lat' dir='ltr'><strong>redimere,</strong></span> <span class='ocrx_word' id='word_1_155' title='bbox 579 2204 635 2250; x_wconf 91' lang='lat' dir='ltr'><strong>ct</strong></span> <span class='ocrx_word' id='word_1_156' title='bbox 659 2202 950 2266; x_wconf 84' lang='lat' dir='ltr'><strong>propterea</strong></span> <span class='ocrx_word' id='word_1_157' title='bbox 975 2195 1087 2250; x_wconf 86' lang='lat' dir='ltr'><strong>ait:</strong></span> 
     </span>
    </p>
   </div>
   <div class='ocr_carea' id='block_1_24' title="bbox 168 2287 1687 2361">
    <p class='ocr_par' dir='ltr' id='par_1_24' title="bbox 168 2287 1687 2361">
     <span class='ocr_line' id='line_1_24' title="bbox 168 2287 1687 2361; baseline -0.004 -16"><span class='ocrx_word' id='word_1_158' title='bbox 168 2290 230 2346; x_wconf 86' lang='lat' dir='ltr'><strong>Si</strong></span> <span class='ocrx_word' id='word_1_159' title='bbox 251 2300 427 2344; x_wconf 89' lang='lat' dir='ltr'><strong>autem</strong></span> <span class='ocrx_word' id='word_1_160' title='bbox 466 2305 570 2342; x_wconf 89' lang='lat' dir='ltr'><strong>non</strong></span> <span class='ocrx_word' id='word_1_161' title='bbox 608 2287 852 2341; x_wconf 79' lang='lat' dir='ltr'><strong>habuerit</strong></span> <span class='ocrx_word' id='word_1_162' title='bbox 877 2288 1204 2361; x_wconf 76' lang='lat' dir='ltr'><strong>proximum,</strong></span> <span class='ocrx_word' id='word_1_163' title='bbox 1240 2296 1288 2341; x_wconf 89' lang='lat' dir='ltr'><strong>et</strong></span> <span class='ocrx_word' id='word_1_164' title='bbox 1320 2287 1430 2356; x_wconf 84' lang='lat' dir='ltr'><strong>ipse</strong></span> <span class='ocrx_word' id='word_1_165' title='bbox 1458 2287 1687 2356; x_wconf 80' lang='lat' dir='ltr'><strong>pretium</strong></span> 
     </span>
    </p>
   </div>
   <div class='ocr_carea' id='block_1_25' title="bbox 88 2379 1688 2450">
    <p class='ocr_par' dir='ltr' id='par_1_25' title="bbox 88 2379 1688 2450">
     <span class='ocr_line' id='line_1_25' title="bbox 88 2379 1688 2450; baseline -0.003 -14"><span class='ocrx_word' id='word_1_166' title='bbox 88 2385 170 2438; x_wconf 86' lang='lat' dir='ltr'><strong>ad</strong></span> <span class='ocrx_word' id='word_1_167' title='bbox 233 2383 595 2437; x_wconf 86' lang='lat' dir='ltr'><strong>redimendum</strong></span> <span class='ocrx_word' id='word_1_168' title='bbox 641 2381 872 2450; x_wconf 87' lang='lat' dir='ltr'><strong>potuerit</strong></span> <span class='ocrx_word' id='word_1_169' title='bbox 923 2381 1176 2446; x_wconf 86' lang='lat' dir='ltr'><strong>invenire,</strong></span> <span class='ocrx_word' id='word_1_170' title='bbox 1246 2379 1688 2448; x_wconf 77' lang='lat' dir='ltr'><strong>contputabuntur</strong></span> 
     </span>
    </p>
   </div>
   <div class='ocr_carea' id='block_1_26' title="bbox 90 2461 1688 2545">
    <p class='ocr_par' dir='ltr' id='par_1_26' title="bbox 90 2461 1688 2545">
     <span class='ocr_line' id='line_1_26' title="bbox 90 2461 1688 2545; baseline -0.003 -17"><span class='ocrx_word' id='word_1_171' title='bbox 90 2479 301 2545; x_wconf 81' lang='lat' dir='ltr'><strong>fruetus</strong></span> <span class='ocrx_word' id='word_1_172' title='bbox 325 2491 388 2529; x_wconf 78' lang='lat' dir='ltr'><strong>ex</strong></span> <span class='ocrx_word' id='word_1_173' title='bbox 411 2491 470 2529; x_wconf 91' lang='lat' dir='ltr'><strong>eo</strong></span> <span class='ocrx_word' id='word_1_174' title='bbox 494 2483 748 2543; x_wconf 87' lang='lat' dir='ltr'><strong>tempore,</strong></span> <span class='ocrx_word' id='word_1_175' title='bbox 775 2488 878 2545; x_wconf 89' lang='lat' dir='ltr'><strong>quo</strong></span> <span class='ocrx_word' id='word_1_176' title='bbox 905 2473 1157 2538; x_wconf 81' lang='lat' dir='ltr'><strong>vendidit,</strong></span> <span class='ocrx_word' id='word_1_177' title='bbox 1188 2481 1236 2526; x_wconf 91' lang='lat' dir='ltr'><strong>et</strong></span> <span class='ocrx_word' id='word_1_178' title='bbox 1267 2473 1406 2544; x_wconf 83' lang='lat' dir='ltr'><strong>quod</strong></span> <span class='ocrx_word' id='word_1_179' title='bbox 1428 2461 1688 2540; x_wconf 77' lang='lat' dir='ltr'><strong>reliquum</strong></span> 
     </span>
    </p>
   </div>
   <div class='ocr_carea' id='block_1_27' title="bbox 89 2564 1686 2636">
    <p class='ocr_par' dir='ltr' id='par_1_27' title="bbox 89 2564 1686 2636">
     <span class='ocr_line' id='line_1_27' title="bbox 89 2564 1686 2636; baseline -0.004 -14"><span class='ocrx_word' id='word_1_180' title='bbox 89 2577 195 2632; x_wconf 83' lang='lat' dir='ltr'><strong>est,</strong></span> <span class='ocrx_word' id='word_1_181' title='bbox 216 2567 390 2622; x_wconf 80' lang='lat' dir='ltr'><strong>reddet</strong></span> <span class='ocrx_word' id='word_1_182' title='bbox 420 2566 662 2636; x_wconf 87' lang='lat' dir='ltr'><strong>emptori,</strong></span> <span class='ocrx_word' id='word_1_183' title='bbox 679 2565 855 2634; x_wconf 78' lang='lat' dir='ltr'><strong>sicque</strong></span> <span class='ocrx_word' id='word_1_184' title='bbox 877 2564 1090 2632; x_wconf 83' lang='lat' dir='ltr'><strong>recipiet</strong></span> <span class='ocrx_word' id='word_1_185' title='bbox 1110 2565 1482 2633; x_wconf 69' lang='lat' dir='ltr'><strong>possessionem</strong></span> <span class='ocrx_word' id='word_1_186' title='bbox 1510 2579 1686 2617; x_wconf 81' lang='lat' dir='ltr'><strong>suam.</strong></span> 
     </span>
    </p>
   </div>
   <div class='ocr_carea' id='block_1_28' title="bbox 87 2655 1690 2732">
    <p class='ocr_par' dir='ltr' id='par_1_28' title="bbox 87 2655 1690 2732">
     <span class='ocr_line' id='line_1_28' title="bbox 87 2655 1690 2732; baseline -0.001 -20"><span class='ocrx_word' id='word_1_187' title='bbox 87 2661 236 2727; x_wconf 69' lang='lat' dir='ltr'><strong>Quis</strong></span> <span class='ocrx_word' id='word_1_188' title='bbox 262 2676 389 2732; x_wconf 84' lang='lat' dir='ltr'><strong>ergo</strong></span> <span class='ocrx_word' id='word_1_189' title='bbox 419 2667 668 2714; x_wconf 88' lang='lat' dir='ltr'><strong>nostrum</strong></span> <span class='ocrx_word' id='word_1_190' title='bbox 693 2657 924 2712; x_wconf 88' lang='lat' dir='ltr'><strong>idoneus</strong></span> <span class='ocrx_word' id='word_1_191' title='bbox 954 2665 1056 2720; x_wconf 87' lang='lat' dir='ltr'><strong>est,</strong></span> <span class='ocrx_word' id='word_1_192' title='bbox 1089 2665 1184 2711; x_wconf 87' lang='lat' dir='ltr'><strong>aut</strong></span> <span class='ocrx_word' id='word_1_193' title='bbox 1214 2663 1414 2726; x_wconf 85' lang='lat' dir='ltr'><strong>potest,</strong></span> <span class='ocrx_word' id='word_1_194' title='bbox 1441 2671 1504 2709; x_wconf 82' lang='lat' dir='ltr'><strong>ex</strong></span> <span class='ocrx_word' id='word_1_195' title='bbox 1541 2655 1690 2710; x_wconf 90' lang='lat' dir='ltr'><strong>desi-</strong></span> 
     </span>
    </p>
   </div>
   <div class='ocr_carea' id='block_1_29' title="bbox 88 2749 1690 2822">
    <p class='ocr_par' dir='ltr' id='par_1_29' title="bbox 88 2749 1690 2822">
     <span class='ocr_line' id='line_1_29' title="bbox 88 2749 1690 2822; baseline -0.005 -13"><span class='ocrx_word' id='word_1_196' title='bbox 88 2757 215 2818; x_wconf 84' lang='lat' dir='ltr'><strong>dia,</strong></span> <span class='ocrx_word' id='word_1_197' title='bbox 239 2762 332 2808; x_wconf 88' lang='lat' dir='ltr'><strong>aut</strong></span> <span class='ocrx_word' id='word_1_198' title='bbox 360 2752 623 2822; x_wconf 78' lang='lat' dir='ltr'><strong>pravitate</strong></span> <span class='ocrx_word' id='word_1_199' title='bbox 648 2760 890 2805; x_wconf 89' lang='lat' dir='ltr'><strong>mentem</strong></span> <span class='ocrx_word' id='word_1_200' title='bbox 921 2750 1200 2804; x_wconf 77' lang='lat' dir='ltr'><strong>venditem</strong></span> <span class='ocrx_word' id='word_1_201' title='bbox 1224 2749 1472 2813; x_wconf 89' lang='lat' dir='ltr'><strong>liberare,</strong></span> <span class='ocrx_word' id='word_1_202' title='bbox 1502 2756 1690 2803; x_wconf 83' lang='lat' dir='ltr'><strong>utnon</strong></span> 
     </span>
    </p>
   </div>
   <div class='ocr_carea' id='block_1_30' title="bbox 89 2837 1691 2914">
    <p class='ocr_par' dir='ltr' id='par_1_30' title="bbox 89 2837 1691 2914">
     <span class='ocr_line' id='line_1_30' title="bbox 89 2837 1691 2914; baseline -0.007 -13"><span class='ocrx_word' id='word_1_203' title='bbox 89 2863 172 2901; x_wconf 73' lang='lat' dir='ltr'><strong>ex</strong></span> <span class='ocrx_word' id='word_1_204' title='bbox 207 2855 319 2899; x_wconf 87' lang='lat' dir='ltr'><strong>toto</strong></span> <span class='ocrx_word' id='word_1_205' title='bbox 351 2852 539 2914; x_wconf 88' lang='lat' dir='ltr'><strong>pereat</strong></span> <span class='ocrx_word' id='word_1_206' title='bbox 571 2842 639 2897; x_wconf 88' lang='lat' dir='ltr'><strong>ab</strong></span> <span class='ocrx_word' id='word_1_207' title='bbox 667 2842 962 2906; x_wconf 89' lang='lat' dir='ltr'><strong>alienante,</strong></span> <span class='ocrx_word' id='word_1_208' title='bbox 999 2840 1105 2894; x_wconf 90' lang='lat' dir='ltr'><strong>nisi</strong></span> <span class='ocrx_word' id='word_1_209' title='bbox 1136 2841 1246 2894; x_wconf 90' lang='lat' dir='ltr'><strong>vita</strong></span> <span class='ocrx_word' id='word_1_210' title='bbox 1280 2839 1440 2902; x_wconf 88' lang='lat' dir='ltr'><strong>bona,</strong></span> <span class='ocrx_word' id='word_1_211' title='bbox 1469 2847 1526 2894; x_wconf 90' lang='lat' dir='ltr'><strong>et</strong></span> <span class='ocrx_word' id='word_1_212' title='bbox 1549 2837 1691 2893; x_wconf 87' lang='lat' dir='ltr'><strong>actio</strong></span> 
     </span>
    </p>
   </div>
   <div class='ocr_carea' id='block_1_31' title="bbox 89 2933 1692 3009">
    <p class='ocr_par' dir='ltr' id='par_1_31' title="bbox 89 2933 1692 3009">
     <span class='ocr_line' id='line_1_31' title="bbox 89 2933 1692 3009; baseline -0.007 -15"><span class='ocrx_word' id='word_1_213' title='bbox 89 2939 398 3009; x_wconf 83' lang='lat' dir='ltr'><strong>repellens,</strong></span> <span class='ocrx_word' id='word_1_214' title='bbox 417 2935 732 3006; x_wconf 86' lang='lat' dir='ltr'><strong>quicunque</strong></span> <span class='ocrx_word' id='word_1_215' title='bbox 758 2933 968 2990; x_wconf 90' lang='lat' dir='ltr'><strong>inventi</strong></span> <span class='ocrx_word' id='word_1_216' title='bbox 989 2933 1253 2987; x_wconf 85' lang='lat' dir='ltr'><strong>fuerimus</strong></span> <span class='ocrx_word' id='word_1_217' title='bbox 1271 2933 1323 2984; x_wconf 92' lang='lat' dir='ltr'><strong>in</strong></span> <span class='ocrx_word' id='word_1_218' title='bbox 1348 2939 1531 2985; x_wconf 89' lang='lat' dir='ltr'><strong>mente</strong></span> <span class='ocrx_word' id='word_1_219' title='bbox 1563 2944 1692 2999; x_wconf 88' lang='lat' dir='ltr'><strong>pec-</strong></span> 
     </span>
    </p>
   </div>
   <div class='ocr_carea' id='block_1_32' title="bbox 89 3026 1693 3097">
    <p class='ocr_par' dir='ltr' id='par_1_32' title="bbox 89 3026 1693 3097">
     <span class='ocr_line' id='line_1_32' title="bbox 89 3026 1693 3097; baseline -0.007 -13"><span class='ocrx_word' id='word_1_220' title='bbox 89 3028 351 3084; x_wconf 82' lang='lat' dir='ltr'><strong>cantes?</strong></span> <span class='ocrx_word' id='word_1_221' title='bbox 397 3026 629 3096; x_wconf 82' lang='lat' dir='ltr'><strong>Oportet</strong></span> <span class='ocrx_word' id='word_1_222' title='bbox 677 3040 808 3097; x_wconf 90' lang='lat' dir='ltr'><strong>ergo</strong></span> <span class='ocrx_word' id='word_1_223' title='bbox 858 3027 1100 3095; x_wconf 85' lang='lat' dir='ltr'><strong>cogitare</strong></span> <span class='ocrx_word' id='word_1_224' title='bbox 1150 3031 1415 3092; x_wconf 88' lang='lat' dir='ltr'><strong>quantum</strong></span> <span class='ocrx_word' id='word_1_225' title='bbox 1476 3031 1693 3090; x_wconf 90' lang='lat' dir='ltr'><strong>tempus</strong></span> 
     </span>
    </p>
   </div>
   <div class='ocr_carea' id='block_1_33' title="bbox 86 3112 1691 3190">
    <p class='ocr_par' dir='ltr' id='par_1_33' title="bbox 86 3112 1691 3190">
     <span class='ocr_line' id='line_1_33' title="bbox 86 3112 1691 3190; baseline -0.003 -19"><span class='ocrx_word' id='word_1_226' title='bbox 86 3116 392 3190; x_wconf 55' lang='lat' dir='ltr'><strong>praedictas</strong></span> <span class='ocrx_word' id='word_1_227' title='bbox 447 3123 660 3169; x_wconf 89' lang='lat' dir='ltr'><strong>mentes</strong></span> <span class='ocrx_word' id='word_1_228' title='bbox 715 3114 764 3169; x_wconf 91' lang='lat' dir='ltr'><strong>ei</strong></span> <span class='ocrx_word' id='word_1_229' title='bbox 811 3114 903 3184; x_wconf 89' lang='lat' dir='ltr'><strong>qui</strong></span> <span class='ocrx_word' id='word_1_230' title='bbox 944 3113 1082 3168; x_wconf 88' lang='lat' dir='ltr'><strong>solet</strong></span> <span class='ocrx_word' id='word_1_231' title='bbox 1124 3128 1218 3167; x_wconf 88' lang='lat' dir='ltr'><strong>eas</strong></span> <span class='ocrx_word' id='word_1_232' title='bbox 1267 3112 1691 3182; x_wconf 83' lang='lat' dir='ltr'><strong>cogitationibus</strong></span> 
     </span>
    </p>
   </div>
   <div class='ocr_carea' id='block_1_34' title="bbox 87 3204 1690 3275">
    <p class='ocr_par' dir='ltr' id='par_1_34' title="bbox 87 3204 1690 3275">
     <span class='ocr_line' id='line_1_34' title="bbox 87 3204 1690 3275; baseline -0.006 -11"><span class='ocrx_word' id='word_1_233' title='bbox 87 3209 263 3264; x_wconf 87' lang='lat' dir='ltr'><strong>malis</strong></span> <span class='ocrx_word' id='word_1_234' title='bbox 286 3223 487 3272; x_wconf 87' lang='lat' dir='ltr'><strong>emere,</strong></span> <span class='ocrx_word' id='word_1_235' title='bbox 506 3216 562 3262; x_wconf 89' lang='lat' dir='ltr'><strong>et</strong></span> <span class='ocrx_word' id='word_1_236' title='bbox 593 3207 649 3260; x_wconf 89' lang='lat' dir='ltr'><strong>in</strong></span> <span class='ocrx_word' id='word_1_237' title='bbox 680 3207 1002 3260; x_wconf 88' lang='lat' dir='ltr'><strong>servitutem</strong></span> <span class='ocrx_word' id='word_1_238' title='bbox 1029 3205 1293 3275; x_wconf 82' lang='lat' dir='ltr'><strong>redigere,</strong></span> <span class='ocrx_word' id='word_1_239' title='bbox 1322 3204 1690 3266; x_wconf 90' lang='lat' dir='ltr'><strong>vendidimus,</strong></span> 
     </span>
    </p>
   </div>
   <div class='ocr_carea' id='block_1_35' title="bbox 85 3293 1696 3370">
    <p class='ocr_par' dir='ltr' id='par_1_35' title="bbox 85 3293 1696 3370">
     <span class='ocr_line' id='line_1_35' title="bbox 85 3293 1696 3370; baseline -0.005 -16"><span class='ocrx_word' id='word_1_240' title='bbox 85 3301 383 3370; x_wconf 81' lang='lat' dir='ltr'><strong>placentes</strong></span> <span class='ocrx_word' id='word_1_241' title='bbox 410 3299 479 3363; x_wconf 90' lang='lat' dir='ltr'><strong>ei,</strong></span> <span class='ocrx_word' id='word_1_242' title='bbox 513 3308 567 3353; x_wconf 89' lang='lat' dir='ltr'><strong>et</strong></span> <span class='ocrx_word' id='word_1_243' title='bbox 596 3297 1030 3361; x_wconf 83' lang='lat' dir='ltr'><strong>consentientes,</strong></span> <span class='ocrx_word' id='word_1_244' title='bbox 1059 3304 1114 3350; x_wconf 89' lang='lat' dir='ltr'><strong>et</strong></span> <span class='ocrx_word' id='word_1_245' title='bbox 1140 3294 1293 3350; x_wconf 88' lang='lat' dir='ltr'><strong>reddi</strong></span> <span class='ocrx_word' id='word_1_246' title='bbox 1323 3295 1373 3349; x_wconf 87' lang='lat' dir='ltr'><strong>ei</strong></span> <span class='ocrx_word' id='word_1_247' title='bbox 1399 3294 1543 3364; x_wconf 92' lang='lat' dir='ltr'><strong>quod</strong></span> <span class='ocrx_word' id='word_1_248' title='bbox 1572 3293 1696 3348; x_wconf 83' lang='lat' dir='ltr'><strong>rcli-</strong></span> 
     </span>
    </p>
   </div>
   <div class='ocr_carea' id='block_1_36' title="bbox 84 3384 1691 3463">
    <p class='ocr_par' dir='ltr' id='par_1_36' title="bbox 84 3384 1691 3463">
     <span class='ocr_line' id='line_1_36' title="bbox 84 3384 1691 3463; baseline -0.006 -17"><span class='ocrx_word' id='word_1_249' title='bbox 84 3407 274 3463; x_wconf 88' lang='lat' dir='ltr'><strong>quum</strong></span> <span class='ocrx_word' id='word_1_250' title='bbox 319 3402 404 3445; x_wconf 92' lang='lat' dir='ltr'><strong>est</strong></span> <span class='ocrx_word' id='word_1_251' title='bbox 437 3391 520 3444; x_wconf 90' lang='lat' dir='ltr'><strong>vel</strong></span> <span class='ocrx_word' id='word_1_252' title='bbox 565 3389 864 3444; x_wconf 87' lang='lat' dir='ltr'><strong>secundum</strong></span> <span class='ocrx_word' id='word_1_253' title='bbox 893 3387 1271 3457; x_wconf 84' lang='lat' dir='ltr'><strong>Septuaginta,</strong></span> <span class='ocrx_word' id='word_1_254' title='bbox 1322 3385 1466 3455; x_wconf 87' lang='lat' dir='ltr'><strong>quod</strong></span> <span class='ocrx_word' id='word_1_255' title='bbox 1508 3384 1691 3438; x_wconf 87' lang='lat' dir='ltr'><strong>habet.</strong></span> 
     </span>
    </p>
   </div>
   <div class='ocr_carea' id='block_1_37' title="bbox 83 3474 1694 3556">
    <p class='ocr_par' dir='ltr' id='par_1_37' title="bbox 83 3474 1694 3556">
     <span class='ocr_line' id='line_1_37' title="bbox 83 3474 1694 3556; baseline -0.007 -17"><span class='ocrx_word' id='word_1_256' title='bbox 83 3487 295 3556; x_wconf 77' lang='lat' dir='ltr'><strong>Neque</strong></span> <span class='ocrx_word' id='word_1_257' title='bbox 323 3484 466 3538; x_wconf 88' lang='lat' dir='ltr'><strong>enim</strong></span> <span class='ocrx_word' id='word_1_258' title='bbox 501 3483 759 3537; x_wconf 78' lang='lat' dir='ltr'><strong>dixerunt</strong></span> <span class='ocrx_word' id='word_1_259' title='bbox 791 3481 934 3549; x_wconf 89' lang='lat' dir='ltr'><strong>quod</strong></span> <span class='ocrx_word' id='word_1_260' title='bbox 973 3479 1240 3548; x_wconf 87' lang='lat' dir='ltr'><strong>reliquum</strong></span> <span class='ocrx_word' id='word_1_261' title='bbox 1269 3487 1373 3541; x_wconf 86' lang='lat' dir='ltr'><strong>est,</strong></span> <span class='ocrx_word' id='word_1_262' title='bbox 1422 3476 1517 3531; x_wconf 83' lang='lat' dir='ltr'><strong>sed</strong></span> <span class='ocrx_word' id='word_1_263' title='bbox 1549 3474 1694 3544; x_wconf 90' lang='lat' dir='ltr'><strong>quod</strong></span> 
     </span>
    </p>
   </div>
   <div class='ocr_carea' id='block_1_38' title="bbox 84 3569 1698 3648">
    <p class='ocr_par' dir='ltr' id='par_1_38' title="bbox 84 3569 1698 3648">
     <span class='ocr_line' id='line_1_38' title="bbox 84 3569 1698 3648; baseline -0.008 -16"><span class='ocrx_word' id='word_1_264' title='bbox 84 3594 272 3648; x_wconf 86' lang='lat' dir='ltr'><strong>super</strong></span> <span class='ocrx_word' id='word_1_265' title='bbox 320 3577 502 3639; x_wconf 88' lang='lat' dir='ltr'><strong>habet,</strong></span> <span class='ocrx_word' id='word_1_266' title='bbox 547 3585 604 3628; x_wconf 91' lang='lat' dir='ltr'><strong>ut</strong></span> <span class='ocrx_word' id='word_1_267' title='bbox 633 3581 916 3629; x_wconf 89' lang='lat' dir='ltr'><strong>contractu</strong></span> <span class='ocrx_word' id='word_1_268' title='bbox 964 3572 1264 3626; x_wconf 88' lang='lat' dir='ltr'><strong>valentiore</strong></span> <span class='ocrx_word' id='word_1_269' title='bbox 1297 3569 1602 3629; x_wconf 84' lang='lat' dir='ltr'><strong>vincamus,</strong></span> <span class='ocrx_word' id='word_1_270' title='bbox 1641 3575 1698 3620; x_wconf 89' lang='lat' dir='ltr'><strong>et</strong></span> 
     </span>
    </p>
   </div>
   <div class='ocr_carea' id='block_1_39' title="bbox 87 3659 1691 3731">
    <p class='ocr_par' dir='ltr' id='par_1_39' title="bbox 87 3659 1691 3731">
     <span class='ocr_line' id='line_1_39' title="bbox 87 3659 1691 3731; baseline -0.009 -7"><span class='ocrx_word' id='word_1_271' title='bbox 87 3673 402 3726; x_wconf 84' lang='lat' dir='ltr'><strong>liberemus</strong></span> <span class='ocrx_word' id='word_1_272' title='bbox 455 3678 696 3722; x_wconf 89' lang='lat' dir='ltr'><strong>mentem</strong></span> <span class='ocrx_word' id='word_1_273' title='bbox 748 3675 1015 3720; x_wconf 88' lang='lat' dir='ltr'><strong>nostram.</strong></span> <span class='ocrx_word' id='word_1_274' title='bbox 1075 3663 1141 3717; x_wconf 85' lang='lat' dir='ltr'><strong>Et</strong></span> <span class='ocrx_word' id='word_1_275' title='bbox 1177 3663 1240 3726; x_wconf 89' lang='lat' dir='ltr'><strong>si,</strong></span> <span class='ocrx_word' id='word_1_276' title='bbox 1286 3661 1441 3716; x_wconf 87' lang='lat' dir='ltr'><strong>verbi</strong></span> <span class='ocrx_word' id='word_1_277' title='bbox 1501 3659 1691 3731; x_wconf 75' lang='lat' dir='ltr'><strong>gratia,</strong></span> 
     </span>
    </p>
   </div>
   <div class='ocr_carea' id='block_1_40' title="bbox 84 3751 1692 3826">
    <p class='ocr_par' dir='ltr' id='par_1_40' title="bbox 84 3751 1692 3826">
     <span class='ocr_line' id='line_1_40' title="bbox 84 3751 1692 3826; baseline -0.009 -8"><span class='ocrx_word' id='word_1_278' title='bbox 84 3761 438 3818; x_wconf 88' lang='lat' dir='ltr'><strong>desiderium</strong></span> <span class='ocrx_word' id='word_1_279' title='bbox 468 3766 720 3813; x_wconf 90' lang='lat' dir='ltr'><strong>nostrum</strong></span> <span class='ocrx_word' id='word_1_280' title='bbox 759 3756 1004 3812; x_wconf 49' lang='lat' dir='ltr'><strong>avaritiae.</strong></span> <span class='ocrx_word' id='word_1_281' title='bbox 1027 3754 1297 3826; x_wconf 88' lang='lat' dir='ltr'><strong>c0gitatus</strong></span> <span class='ocrx_word' id='word_1_282' title='bbox 1329 3751 1530 3805; x_wconf 87' lang='lat' dir='ltr'><strong>invasit</strong></span> <span class='ocrx_word' id='word_1_283' title='bbox 1569 3765 1692 3812; x_wconf 91' lang='lat' dir='ltr'><strong>nos,</strong></span> 
     </span>
    </p>
   </div>
   <div class='ocr_carea' id='block_1_41' title="bbox 83 3842 1698 3923">
    <p class='ocr_par' dir='ltr' id='par_1_41' title="bbox 83 3842 1698 3923">
     <span class='ocr_line' id='line_1_41' title="bbox 83 3842 1698 3923; baseline -0.008 -16"><span class='ocrx_word' id='word_1_284' title='bbox 83 3865 498 3923; x_wconf 87' lang='lat' dir='ltr'><strong>rccuperemus</strong></span> <span class='ocrx_word' id='word_1_285' title='bbox 547 3857 789 3903; x_wconf 85' lang='lat' dir='ltr'><strong>mentem</strong></span> <span class='ocrx_word' id='word_1_286' title='bbox 824 3855 1091 3911; x_wconf 90' lang='lat' dir='ltr'><strong>nostram,</strong></span> <span class='ocrx_word' id='word_1_287' title='bbox 1125 3852 1185 3899; x_wconf 91' lang='lat' dir='ltr'><strong>ut</strong></span> <span class='ocrx_word' id='word_1_288' title='bbox 1228 3859 1322 3898; x_wconf 88' lang='lat' dir='ltr'><strong>eas</strong></span> <span class='ocrx_word' id='word_1_289' title='bbox 1350 3842 1534 3904; x_wconf 87' lang='lat' dir='ltr'><strong>etiam,</strong></span> <span class='ocrx_word' id='word_1_290' title='bbox 1572 3854 1698 3910; x_wconf 66' lang='grc' dir='ltr'><strong>(ιιιω</strong></span> 
     </span>
    </p>
   </div>
   <div class='ocr_carea' id='block_1_42' title="bbox 82 3931 1694 4016">
    <p class='ocr_par' dir='ltr' id='par_1_42' title="bbox 82 3931 1694 4016">
     <span class='ocr_line' id='line_1_42' title="bbox 82 3931 1694 4016; baseline -0.01 -16"><span class='ocrx_word' id='word_1_291' title='bbox 82 3947 168 4000; x_wconf 87' lang='lat' dir='ltr'><strong>de</strong></span> <span class='ocrx_word' id='word_1_292' title='bbox 191 3946 346 4016; x_wconf 84' lang='lat' dir='ltr'><strong>justo</strong></span> <span class='ocrx_word' id='word_1_293' title='bbox 368 3949 515 4007; x_wconf 90' lang='lat' dir='ltr'><strong>sunt,</strong></span> <span class='ocrx_word' id='word_1_294' title='bbox 539 3938 800 4010; x_wconf 88' lang='lat' dir='ltr'><strong>pecunias</strong></span> <span class='ocrx_word' id='word_1_295' title='bbox 829 3946 884 3992; x_wconf 91' lang='lat' dir='ltr'><strong>et</strong></span> <span class='ocrx_word' id='word_1_296' title='bbox 911 3934 1288 4008; x_wconf 86' lang='lat' dir='ltr'><strong>possessiones</strong></span> <span class='ocrx_word' id='word_1_297' title='bbox 1307 3931 1694 4003; x_wconf 85' lang='lat' dir='ltr'><strong>despicianms.</strong></span> 
     </span>
    </p>
   </div>
   <div class='ocr_carea' id='block_1_43' title="bbox 83 4022 1698 4107">
    <p class='ocr_par' dir='ltr' id='par_1_43' title="bbox 83 4022 1698 4107">
     <span class='ocr_line' id='line_1_43' title="bbox 83 4022 1698 4107; baseline -0.011 -15"><span class='ocrx_word' id='word_1_298' title='bbox 83 4037 155 4092; x_wconf 87' lang='lat' dir='ltr'><strong>Si</strong></span> <span class='ocrx_word' id='word_1_299' title='bbox 181 4033 576 4107; x_wconf 67' lang='lat' dir='ltr'><strong>gastrimargiae</strong></span> <span class='ocrx_word' id='word_1_300' title='bbox 597 4030 974 4100; x_wconf 84' lang='lat' dir='ltr'><strong>captivitatem</strong></span> <span class='ocrx_word' id='word_1_301' title='bbox 998 4026 1289 4098; x_wconf 85' lang='lat' dir='ltr'><strong>suggessit,</strong></span> <span class='ocrx_word' id='word_1_302' title='bbox 1309 4039 1411 4078; x_wconf 91' lang='lat' dir='ltr'><strong>nos</strong></span> <span class='ocrx_word' id='word_1_303' title='bbox 1435 4022 1698 4077; x_wconf 89' lang='lat' dir='ltr'><strong>intentio-</strong></span> 
     </span>
    </p>
   </div>
   <div class='ocr_carea' id='block_1_44' title="bbox 86 4115 1699 4196">
    <p class='ocr_par' dir='ltr' id='par_1_44' title="bbox 86 4115 1699 4196">
     <span class='ocr_line' id='line_1_44' title="bbox 86 4115 1699 4196; baseline -0.009 -14"><span class='ocrx_word' id='word_1_304' title='bbox 86 4143 228 4182; x_wconf 89' lang='lat' dir='ltr'><strong>nem</strong></span> <span class='ocrx_word' id='word_1_305' title='bbox 267 4125 461 4196; x_wconf 89' lang='lat' dir='ltr'><strong>jejunii</strong></span> <span class='ocrx_word' id='word_1_306' title='bbox 483 4121 743 4186; x_wconf 89' lang='lat' dir='ltr'><strong>districti,</strong></span> <span class='ocrx_word' id='word_1_307' title='bbox 781 4128 836 4176; x_wconf 89' lang='lat' dir='ltr'><strong>et</strong></span> <span class='ocrx_word' id='word_1_308' title='bbox 866 4120 1112 4174; x_wconf 90' lang='lat' dir='ltr'><strong>omnium</strong></span> <span class='ocrx_word' id='word_1_309' title='bbox 1139 4119 1386 4173; x_wconf 89' lang='lat' dir='ltr'><strong>ciborum</strong></span> <span class='ocrx_word' id='word_1_310' title='bbox 1407 4115 1699 4171; x_wconf 88' lang='lat' dir='ltr'><strong>continen-</strong></span> 
     </span>
    </p>
   </div>
   <div class='ocr_carea' id='block_1_45' title="bbox 84 4211 1698 4288">
    <p class='ocr_par' dir='ltr' id='par_1_45' title="bbox 84 4211 1698 4288">
     <span class='ocr_line' id='line_1_45' title="bbox 84 4211 1698 4288; baseline -0.011 -12"><span class='ocrx_word' id='word_1_311' title='bbox 84 4222 235 4276; x_wconf 89' lang='lat' dir='ltr'><strong>tiam</strong></span> <span class='ocrx_word' id='word_1_312' title='bbox 266 4231 676 4288; x_wconf 90' lang='lat' dir='ltr'><strong>recuperemus.</strong></span> <span class='ocrx_word' id='word_1_313' title='bbox 715 4213 774 4267; x_wconf 90' lang='lat' dir='ltr'><strong>Si</strong></span> <span class='ocrx_word' id='word_1_314' title='bbox 811 4213 960 4267; x_wconf 90' lang='lat' dir='ltr'><strong>enim</strong></span> <span class='ocrx_word' id='word_1_315' title='bbox 1000 4211 1403 4282; x_wconf 82' lang='lat' dir='ltr'><strong>possessionem</strong></span> <span class='ocrx_word' id='word_1_316' title='bbox 1450 4217 1698 4262; x_wconf 89' lang='lat' dir='ltr'><strong>nostram</strong></span> 
     </span>
    </p>
   </div>
   <div class='ocr_carea' id='block_1_46' title="bbox 81 4302 1700 4384">
    <p class='ocr_par' dir='ltr' id='par_1_46' title="bbox 81 4302 1700 4384">
     <span class='ocr_line' id='line_1_46' title="bbox 81 4302 1700 4384; baseline -0.009 -16"><span class='ocrx_word' id='word_1_317' title='bbox 81 4314 352 4384; x_wconf 82' lang='lat' dir='ltr'><strong>recipere</strong></span> <span class='ocrx_word' id='word_1_318' title='bbox 381 4328 412 4366; x_wconf 90' lang='lat' dir='ltr'><strong>a</strong></span> <span class='ocrx_word' id='word_1_319' title='bbox 444 4308 637 4380; x_wconf 79' lang='lat' dir='ltr'><strong>majori</strong></span> <span class='ocrx_word' id='word_1_320' title='bbox 687 4306 930 4372; x_wconf 88' lang='lat' dir='ltr'><strong>inimico,</strong></span> <span class='ocrx_word' id='word_1_321' title='bbox 962 4321 1123 4376; x_wconf 90' lang='lat' dir='ltr'><strong>quem</strong></span> <span class='ocrx_word' id='word_1_322' title='bbox 1160 4302 1545 4366; x_wconf 87' lang='lat' dir='ltr'><strong>devicerimus,</strong></span> <span class='ocrx_word' id='word_1_323' title='bbox 1572 4315 1700 4370; x_wconf 92' lang='lat' dir='ltr'><strong>pos-</strong></span> 
     </span>
    </p>
   </div>
   <div class='ocr_carea' id='block_1_47' title="bbox 80 4392 1698 4465">
    <p class='ocr_par' dir='ltr' id='par_1_47' title="bbox 80 4392 1698 4465">
     <span class='ocr_line' id='line_1_47' title="bbox 80 4392 1698 4465; baseline -0.011 -4"><span class='ocrx_word' id='word_1_324' title='bbox 80 4419 314 4461; x_wconf 86' lang='lat' dir='ltr'><strong>sumus.</strong></span> <span class='ocrx_word' id='word_1_325' title='bbox 337 4401 595 4456; x_wconf 88' lang='lat' dir='ltr'><strong>Siautem</strong></span> <span class='ocrx_word' id='word_1_326' title='bbox 618 4398 723 4453; x_wconf 90' lang='lat' dir='ltr'><strong>hoc</strong></span> <span class='ocrx_word' id='word_1_327' title='bbox 741 4397 944 4452; x_wconf 89' lang='lat' dir='ltr'><strong>factum</strong></span> <span class='ocrx_word' id='word_1_328' title='bbox 965 4413 1072 4451; x_wconf 91' lang='lat' dir='ltr'><strong>non</strong></span> <span class='ocrx_word' id='word_1_329' title='bbox 1099 4395 1281 4459; x_wconf 88' lang='lat' dir='ltr'><strong>fuerit,</strong></span> <span class='ocrx_word' id='word_1_330' title='bbox 1305 4393 1436 4465; x_wconf 90' lang='lat' dir='ltr'><strong>quid</strong></span> <span class='ocrx_word' id='word_1_331' title='bbox 1459 4392 1698 4457; x_wconf 88' lang='lat' dir='ltr'><strong>eveniat,</strong></span> 
     </span>
    </p>
   </div>
   <div class='ocr_carea' id='block_1_48' title="bbox 81 4500 307 4554">
    <p class='ocr_par' dir='ltr' id='par_1_48' title="bbox 81 4500 307 4554">
     <span class='ocr_line' id='line_1_48' title="bbox 81 4500 307 4554; baseline -0.013 -1"><span class='ocrx_word' id='word_1_332' title='bbox 81 4500 253 4554; x_wconf 81' lang='lat' dir='ltr'><strong>disce</strong></span> <span class='ocrx_word' id='word_1_333' title='bbox 293 4514 307 4550; x_wconf 93' lang='lat'>:</span> 
     </span>
    </p>
   </div>
   <div class='ocr_carea' id='block_1_49' title="bbox 169 4580 1694 4654">
    <p class='ocr_par' dir='ltr' id='par_1_49' title="bbox 169 4580 1694 4654">
     <span class='ocr_line' id='line_1_49' title="bbox 169 4580 1694 4654; baseline -0.012 -6"><span class='ocrx_word' id='word_1_334' title='bbox 169 4594 240 4648; x_wconf 83' lang='lat' dir='ltr'><strong>Et</strong></span> <span class='ocrx_word' id='word_1_335' title='bbox 267 4593 312 4646; x_wconf 97' lang='lat' dir='ltr'><strong>si</strong></span> <span class='ocrx_word' id='word_1_336' title='bbox 344 4607 443 4644; x_wconf 85' lang='lat' dir='ltr'><strong>non</strong></span> <span class='ocrx_word' id='word_1_337' title='bbox 469 4588 718 4643; x_wconf 83' lang='lat' dir='ltr'><strong>invenerit</strong></span> <span class='ocrx_word' id='word_1_338' title='bbox 755 4602 943 4640; x_wconf 84' lang='lat' dir='ltr'><strong>manus</strong></span> <span class='ocrx_word' id='word_1_339' title='bbox 975 4585 1109 4654; x_wconf 84' lang='lat' dir='ltr'><strong>ejus,</strong></span> <span class='ocrx_word' id='word_1_340' title='bbox 1146 4593 1201 4636; x_wconf 89' lang='lat' dir='ltr'><strong>ut</strong></span> <span class='ocrx_word' id='word_1_341' title='bbox 1238 4581 1421 4636; x_wconf 86' lang='lat' dir='ltr'><strong>reddat</strong></span> <span class='ocrx_word' id='word_1_342' title='bbox 1449 4580 1694 4650; x_wconf 81' lang='lat' dir='ltr'><strong>pretium.</strong></span> 
     </span>
    </p>
   </div>
   <div class='ocr_carea' id='block_1_50' title="bbox 77 4672 1698 4757">
    <p class='ocr_par' dir='ltr' id='par_1_50' title="bbox 77 4672 1698 4757">
     <span class='ocr_line' id='line_1_50' title="bbox 77 4672 1698 4757; baseline -0.011 -15"><span class='ocrx_word' id='word_1_343' title='bbox 77 4689 338 4757; x_wconf 85' lang='lat' dir='ltr'><strong>Oportet</strong></span> <span class='ocrx_word' id='word_1_344' title='bbox 359 4683 528 4746; x_wconf 90' lang='lat' dir='ltr'><strong>enim,</strong></span> <span class='ocrx_word' id='word_1_345' title='bbox 551 4681 693 4734; x_wconf 86' lang='lat' dir='ltr'><strong>sicut</strong></span> <span class='ocrx_word' id='word_1_346' title='bbox 713 4677 968 4742; x_wconf 68' lang='lat' dir='ltr'><strong>diximus,</strong></span> <span class='ocrx_word' id='word_1_347' title='bbox 987 4675 1205 4746; x_wconf 88' lang='lat' dir='ltr'><strong>quando</strong></span> <span class='ocrx_word' id='word_1_348' title='bbox 1222 4690 1331 4730; x_wconf 92' lang='lat' dir='ltr'><strong>non</strong></span> <span class='ocrx_word' id='word_1_349' title='bbox 1356 4672 1698 4744; x_wconf 59' lang='lat' dir='ltr'><strong>praeveniens</strong></span> 
     </span>
    </p>
   </div>
   <div class='ocr_carea' id='block_1_51' title="bbox 78 4759 1698 4848">
    <p class='ocr_par' dir='ltr' id='par_1_51' title="bbox 78 4759 1698 4848">
     <span class='ocr_line' id='line_1_51' title="bbox 78 4759 1698 4848; baseline -0.01 -18"><span class='ocrx_word' id='word_1_350' title='bbox 78 4779 224 4848; x_wconf 83' lang='lat' dir='ltr'><strong>quis</strong></span> <span class='ocrx_word' id='word_1_351' title='bbox 261 4775 607 4846; x_wconf 82' lang='lat' dir='ltr'><strong>propinquus</strong></span> <span class='ocrx_word' id='word_1_352' title='bbox 657 4767 918 4838; x_wconf 76' lang='lat' dir='ltr'><strong>spiritalis</strong></span> <span class='ocrx_word' id='word_1_353' title='bbox 959 4763 1379 4827; x_wconf 87' lang='lat' dir='ltr'><strong>commonuerit,</strong></span> <span class='ocrx_word' id='word_1_354' title='bbox 1426 4759 1698 4831; x_wconf 91' lang='lat' dir='ltr'><strong>quomodo</strong></span> 
     </span>
    </p>
   </div>
   <div class='ocr_carea' id='block_1_52' title="bbox 81 4853 1700 4939">
    <p class='ocr_par' dir='ltr' id='par_1_52' title="bbox 81 4853 1700 4939">
     <span class='ocr_line' id='line_1_52' title="bbox 81 4853 1700 4939; baseline -0.013 -13"><span class='ocrx_word' id='word_1_355' title='bbox 81 4874 281 4926; x_wconf 85' lang='lat' dir='ltr'><strong>malas</strong></span> <span class='ocrx_word' id='word_1_356' title='bbox 313 4866 680 4939; x_wconf 78' lang='lat' dir='ltr'><strong>cogitationes</strong></span> <span class='ocrx_word' id='word_1_357' title='bbox 714 4862 833 4918; x_wconf 87' lang='lat' dir='ltr'><strong>sine</strong></span> <span class='ocrx_word' id='word_1_358' title='bbox 862 4859 1084 4914; x_wconf 66' lang='lat' dir='ltr'><strong>lmsionc</strong></span> <span class='ocrx_word' id='word_1_359' title='bbox 1125 4857 1474 4928; x_wconf 87' lang='lat' dir='ltr'><strong>repellamus,</strong></span> <span class='ocrx_word' id='word_1_360' title='bbox 1507 4853 1700 4907; x_wconf 86' lang='lat' dir='ltr'><strong>subse-</strong></span> 
     </span>
    </p>
   </div>
   <div class='ocr_carea' id='block_1_53' title="bbox 77 4948 1699 5035">
    <p class='ocr_par' dir='ltr' id='par_1_53' title="bbox 77 4948 1699 5035">
     <span class='ocr_line' id='line_1_53' title="bbox 77 4948 1699 5035; baseline -0.012 -17"><span class='ocrx_word' id='word_1_361' title='bbox 77 4965 187 5035; x_wconf 89' lang='lat' dir='ltr'><strong>qui</strong></span> <span class='ocrx_word' id='word_1_362' title='bbox 235 4959 628 5033; x_wconf 86' lang='lat' dir='ltr'><strong>cogitationcm</strong></span> <span class='ocrx_word' id='word_1_363' title='bbox 671 4962 726 5009; x_wconf 89' lang='lat' dir='ltr'><strong>et</strong></span> <span class='ocrx_word' id='word_1_364' title='bbox 766 4953 1040 5007; x_wconf 85' lang='lat' dir='ltr'><strong>actionem</strong></span> <span class='ocrx_word' id='word_1_365' title='bbox 1083 4967 1146 5006; x_wconf 81' lang='lat' dir='ltr'><strong>ex</strong></span> <span class='ocrx_word' id='word_1_366' title='bbox 1175 4965 1279 5020; x_wconf 88' lang='lat' dir='ltr'><strong>qua</strong></span> <span class='ocrx_word' id='word_1_367' title='bbox 1308 4948 1540 5004; x_wconf 85' lang='lat' dir='ltr'><strong>liberare</strong></span> <span class='ocrx_word' id='word_1_368' title='bbox 1571 4960 1699 5015; x_wconf 87' lang='lat' dir='ltr'><strong>pos-</strong></span> 
     </span>
    </p>
   </div>
   <div class='ocr_carea' id='block_1_54' title="bbox 79 5039 1701 5124">
    <p class='ocr_par' dir='ltr' id='par_1_54' title="bbox 79 5039 1701 5124">
     <span class='ocr_line' id='line_1_54' title="bbox 79 5039 1701 5124; baseline -0.013 -12"><span class='ocrx_word' id='word_1_369' title='bbox 79 5060 280 5113; x_wconf 85' lang='lat' dir='ltr'><strong>simus</strong></span> <span class='ocrx_word' id='word_1_370' title='bbox 322 5066 661 5124; x_wconf 60' lang='lat' dir='ltr'><strong>qumcunque</strong></span> <span class='ocrx_word' id='word_1_371' title='bbox 703 5046 905 5118; x_wconf 89' lang='lat' dir='ltr'><strong>reperti</strong></span> <span class='ocrx_word' id='word_1_372' title='bbox 951 5044 1219 5098; x_wconf 85' lang='lat' dir='ltr'><strong>fuerimus</strong></span> <span class='ocrx_word' id='word_1_373' title='bbox 1246 5042 1387 5097; x_wconf 88' lang='lat' dir='ltr'><strong>male</strong></span> <span class='ocrx_word' id='word_1_374' title='bbox 1413 5039 1701 5094; x_wconf 86' lang='lat' dir='ltr'><strong>alienasse.</strong></span> 
     </span>
    </p>
   </div>
   <div class='ocr_carea' id='block_1_55' title="bbox 79 5130 1708 5218">
    <p class='ocr_par' dir='ltr' id='par_1_55' title="bbox 79 5130 1708 5218">
     <span class='ocr_line' id='line_1_55' title="bbox 79 5130 1708 5218; baseline -0.015 -11"><span class='ocrx_word' id='word_1_375' title='bbox 79 5151 347 5208; x_wconf 80' lang='lat' dir='ltr'><strong>Habebit</strong></span> <span class='ocrx_word' id='word_1_376' title='bbox 379 5155 595 5218; x_wconf 89' lang='lat' dir='ltr'><strong>emptor</strong></span> <span class='ocrx_word' id='word_1_377' title='bbox 620 5143 763 5214; x_wconf 84' lang='lat' dir='ltr'><strong>quod</strong></span> <span class='ocrx_word' id='word_1_378' title='bbox 797 5149 1006 5195; x_wconf 88' lang='lat' dir='ltr'><strong>emerat</strong></span> <span class='ocrx_word' id='word_1_379' title='bbox 1045 5153 1215 5208; x_wconf 86' lang='lat' dir='ltr'><strong>usque</strong></span> <span class='ocrx_word' id='word_1_380' title='bbox 1240 5137 1306 5192; x_wconf 89' lang='lat' dir='ltr'><strong>ad</strong></span> <span class='ocrx_word' id='word_1_381' title='bbox 1330 5150 1534 5189; x_wconf 88' lang='lat' dir='ltr'><strong>annum</strong></span> <span class='ocrx_word' id='word_1_382' title='bbox 1561 5130 1708 5202; x_wconf 84' lang='lat' dir='ltr'><strong>jubi-</strong></span> 
     </span>
    </p>
   </div>
   <div class='ocr_carea' id='block_1_56' title="bbox 80 5249 278 5304">
    <p class='ocr_par' dir='ltr' id='par_1_56' title="bbox 80 5249 278 5304">
     <span class='ocr_line' id='line_1_56' title="bbox 80 5249 278 5304; baseline 0.015 -3"><span class='ocrx_word' id='word_1_383' title='bbox 80 5249 278 5304; x_wconf 84' lang='lat' dir='ltr'><strong>leum.</strong></span> 
     </span>
    </p>
   </div>
   <div class='ocr_carea' id='block_1_57' title="bbox 168 5320 1708 5407">
    <p class='ocr_par' dir='ltr' id='par_1_57' title="bbox 168 5320 1708 5407">
     <span class='ocr_line' id='line_1_57' title="bbox 168 5320 1708 5407; baseline -0.017 -14"><span class='ocrx_word' id='word_1_384' title='bbox 168 5339 246 5393; x_wconf 80' lang='lat' dir='ltr'><strong>In</strong></span> <span class='ocrx_word' id='word_1_385' title='bbox 287 5338 405 5407; x_wconf 83' lang='lat' dir='ltr'><strong>ipso</strong></span> <span class='ocrx_word' id='word_1_386' title='bbox 430 5339 568 5392; x_wconf 89' lang='lat' dir='ltr'><strong>enim</strong></span> <span class='ocrx_word' id='word_1_387' title='bbox 592 5339 762 5399; x_wconf 83' lang='lat' dir='ltr'><strong>omnis</strong></span> <span class='ocrx_word' id='word_1_388' title='bbox 787 5333 1019 5391; x_wconf 84' lang='lat' dir='ltr'><strong>venditio</strong></span> <span class='ocrx_word' id='word_1_389' title='bbox 1046 5328 1178 5383; x_wconf 85' lang='lat' dir='ltr'><strong>redit</strong></span> <span class='ocrx_word' id='word_1_390' title='bbox 1214 5324 1284 5378; x_wconf 88' lang='lat' dir='ltr'><strong>ad</strong></span> <span class='ocrx_word' id='word_1_391' title='bbox 1314 5320 1625 5379; x_wconf 87' lang='lat' dir='ltr'><strong>Dominum,</strong></span> <span class='ocrx_word' id='word_1_392' title='bbox 1659 5324 1708 5369; x_wconf 85' lang='lat' dir='ltr'><strong>et</strong></span> 
     </span>
    </p>
   </div>
   <div class='ocr_carea' id='block_1_58' title="bbox 79 5410 1712 5502">
    <p class='ocr_par' dir='ltr' id='par_1_58' title="bbox 79 5410 1712 5502">
     <span class='ocr_line' id='line_1_58' title="bbox 79 5410 1712 5502; baseline -0.017 -15"><span class='ocrx_word' id='word_1_393' title='bbox 79 5431 164 5486; x_wconf 75' lang='lat' dir='ltr'><strong>ad</strong></span> <span class='ocrx_word' id='word_1_394' title='bbox 189 5446 557 5502; x_wconf 78' lang='lat' dir='ltr'><strong>possessorem</strong></span> <span class='ocrx_word' id='word_1_395' title='bbox 587 5429 894 5501; x_wconf 78' lang='lat' dir='ltr'><strong>pristinum.</strong></span> <span class='ocrx_word' id='word_1_396' title='bbox 937 5424 992 5479; x_wconf 89' lang='lat' dir='ltr'><strong>Si</strong></span> <span class='ocrx_word' id='word_1_397' title='bbox 1023 5436 1152 5491; x_wconf 80' lang='lat' dir='ltr'><strong>ergo</strong></span> <span class='ocrx_word' id='word_1_398' title='bbox 1192 5430 1372 5484; x_wconf 85' lang='lat' dir='ltr'><strong>neque</strong></span> <span class='ocrx_word' id='word_1_399' title='bbox 1395 5427 1493 5482; x_wconf 91' lang='lat' dir='ltr'><strong>per</strong></span> <span class='ocrx_word' id='word_1_400' title='bbox 1520 5410 1712 5464; x_wconf 88' lang='lat' dir='ltr'><strong>frater-</strong></span> 
     </span>
    </p>
   </div>
   <div class='ocr_carea' id='block_1_59' title="bbox 75 5510 1714 5592">
    <p class='ocr_par' dir='ltr' id='par_1_59' title="bbox 75 5510 1714 5592">
     <span class='ocr_line' id='line_1_59' title="bbox 75 5510 1714 5592; baseline -0.018 -10"><span class='ocrx_word' id='word_1_401' title='bbox 75 5538 238 5581; x_wconf 82' lang='lat' dir='ltr'><strong>nam</strong></span> <span class='ocrx_word' id='word_1_402' title='bbox 282 5523 594 5581; x_wconf 84' lang='lat' dir='ltr'><strong>doctrinam</strong></span> <span class='ocrx_word' id='word_1_403' title='bbox 625 5537 803 5592; x_wconf 88' lang='lat' dir='ltr'><strong>neque</strong></span> <span class='ocrx_word' id='word_1_404' title='bbox 831 5535 931 5590; x_wconf 90' lang='lat' dir='ltr'><strong>per</strong></span> <span class='ocrx_word' id='word_1_405' title='bbox 961 5516 1194 5571; x_wconf 85' lang='lat' dir='ltr'><strong>aliouam</strong></span> <span class='ocrx_word' id='word_1_406' title='bbox 1219 5512 1475 5566; x_wconf 86' lang='lat' dir='ltr'><strong>virtutem</strong></span> <span class='ocrx_word' id='word_1_407' title='bbox 1496 5510 1714 5558; x_wconf 87' lang='lat' dir='ltr'><strong>nostras</strong></span> 
     </span>
    </p>
   </div>
   <div class='ocr_carea' id='block_1_60' title="bbox 166 5742 1193 5820">
    <p class='ocr_par' dir='ltr' id='par_1_60' title="bbox 166 5742 1193 5820">
     <span class='ocr_line' id='line_1_60' title="bbox 166 5742 1193 5820; baseline -0.019 -6"><span class='ocrx_word' id='word_1_408' title='bbox 166 5757 227 5790; x_wconf 83' lang='grc'><strong>³⁷</strong></span> <span class='ocrx_word' id='word_1_409' title='bbox 252 5755 382 5813; x_wconf 87' lang='lat' dir='ltr'><strong>Gal.</strong></span> <span class='ocrx_word' id='word_1_410' title='bbox 408 5771 486 5820; x_wconf 79' lang='lat' dir='ltr'><strong>vi,</strong></span> <span class='ocrx_word' id='word_1_411' title='bbox 515 5753 564 5809; x_wconf 86' lang='lat' dir='ltr'><strong>l.</strong></span> <span class='ocrx_word' id='word_1_412' title='bbox 679 5758 722 5791; x_wconf 74' lang='grc' dir='ltr'><strong>ἰε</strong></span> <span class='ocrx_word' id='word_1_413' title='bbox 756 5754 916 5809; x_wconf 82' lang='lat' dir='ltr'><strong>Prov.</strong></span> <span class='ocrx_word' id='word_1_414' title='bbox 949 5759 1080 5810; x_wconf 77' lang='lat' dir='ltr'><strong>xvu,</strong></span> <span class='ocrx_word' id='word_1_415' title='bbox 1107 5742 1193 5798; x_wconf 84' lang='lat' dir='ltr'><strong>l7.</strong></span> 
     </span>
    </p>
   </div>
   <div class='ocr_carea' id='block_1_61' title="bbox 78 5828 800 5910">
    <p class='ocr_par' dir='ltr' id='par_1_61' title="bbox 78 5828 800 5910">
     <span class='ocr_line' id='line_1_61' title="bbox 78 5828 800 5910; baseline -0.012 -23"><span class='ocrx_word' id='word_1_416' title='bbox 78 5843 202 5894; x_wconf 77' lang='lat' dir='ltr'><strong>vn.</strong></span> <span class='ocrx_word' id='word_1_417' title='bbox 243 5828 343 5888; x_wconf 75' lang='grc'><strong>14.</strong></span> <span class='ocrx_word' id='word_1_418' title='bbox 767 5877 800 5910; x_wconf 57' lang='lat'><strong><em>&#39;</em></strong></span> 
     </span>
    </p>
   </div>
   <div class='ocr_carea' id='block_1_62' title="bbox 1271 5730 1781 5796">
    <p class='ocr_par' dir='ltr' id='par_1_62' title="bbox 1271 5730 1781 5796">
     <span class='ocr_line' id='line_1_62' title="bbox 1271 5730 1781 5796; baseline -0.014 -3"><span class='ocrx_word' id='word_1_419' title='bbox 1271 5741 1315 5773; x_wconf 74' lang='grc'><strong>⁸⁵</strong></span> <span class='ocrx_word' id='word_1_420' title='bbox 1347 5737 1389 5792; x_wconf 81' lang='grc' dir='ltr'><strong>ιι</strong></span> <span class='ocrx_word' id='word_1_421' title='bbox 1415 5735 1613 5790; x_wconf 85' lang='lat' dir='ltr'><strong>Thess.</strong></span> <span class='ocrx_word' id='word_1_422' title='bbox 1641 5747 1698 5796; x_wconf 83' lang='grc' dir='ltr'><strong>ιι,</strong></span> <span class='ocrx_word' id='word_1_423' title='bbox 1730 5730 1781 5786; x_wconf 80' lang='grc'><strong>5.</strong></span> 
     </span>
    </p>
   </div>
   <div class='ocr_carea' id='block_1_63' title="bbox 1776 530 3365 601">
    <p class='ocr_par' dir='ltr' id='par_1_63' title="bbox 1776 530 3365 601">
     <span class='ocr_line' id='line_1_63' title="bbox 1776 530 3365 601; baseline -0.003 -14"><span class='ocrx_word' id='word_1_424' title='bbox 1776 534 1844 588; x_wconf 88' lang='lat' dir='ltr'><strong>de</strong></span> <span class='ocrx_word' id='word_1_425' title='bbox 1893 543 2080 587; x_wconf 89' lang='lat' dir='ltr'><strong>nostra</strong></span> <span class='ocrx_word' id='word_1_426' title='bbox 2128 531 2474 601; x_wconf 89' lang='lat' dir='ltr'><strong>possessione</strong></span> <span class='ocrx_word' id='word_1_427' title='bbox 2515 530 2810 587; x_wconf 86' lang='lat' dir='ltr'><strong>alienatum</strong></span> <span class='ocrx_word' id='word_1_428' title='bbox 2856 539 2958 594; x_wconf 89' lang='lat' dir='ltr'><strong>est,</strong></span> <span class='ocrx_word' id='word_1_429' title='bbox 2993 531 3365 585; x_wconf 88' lang='lat' dir='ltr'><strong>dominabitur</strong></span> 
     </span>
    </p>
   </div>
   <div class='ocr_carea' id='block_1_64' title="bbox 1776 620 3362 694">
    <p class='ocr_par' dir='ltr' id='par_1_64' title="bbox 1776 620 3362 694">
     <span class='ocr_line' id='line_1_64' title="bbox 1776 620 3362 694; baseline -0.004 -17"><span class='ocrx_word' id='word_1_430' title='bbox 1776 624 1916 690; x_wconf 87' lang='lat' dir='ltr'><strong>ejus,</strong></span> <span class='ocrx_word' id='word_1_431' title='bbox 1957 623 2049 693; x_wconf 91' lang='lat' dir='ltr'><strong>qui</strong></span> <span class='ocrx_word' id='word_1_432' title='bbox 2091 639 2210 677; x_wconf 91' lang='lat' dir='ltr'><strong>eam</strong></span> <span class='ocrx_word' id='word_1_433' title='bbox 2254 639 2352 692; x_wconf 88' lang='lat' dir='ltr'><strong>per</strong></span> <span class='ocrx_word' id='word_1_434' title='bbox 2395 632 2640 678; x_wconf 89' lang='lat' dir='ltr'><strong>nostram</strong></span> <span class='ocrx_word' id='word_1_435' title='bbox 2674 622 3056 694; x_wconf 85' lang='lat' dir='ltr'><strong>negligentiam</strong></span> <span class='ocrx_word' id='word_1_436' title='bbox 3098 620 3362 690; x_wconf 79' lang='lat' dir='ltr'><strong>possedit.</strong></span> 
     </span>
    </p>
   </div>
   <div class='ocr_carea' id='block_1_65' title="bbox 1778 713 3365 786">
    <p class='ocr_par' dir='ltr' id='par_1_65' title="bbox 1778 713 3365 786">
     <span class='ocr_line' id='line_1_65' title="bbox 1778 713 3365 786; baseline -0.005 -14"><span class='ocrx_word' id='word_1_437' title='bbox 1778 717 1962 786; x_wconf 87' lang='lat' dir='ltr'><strong>Usque</strong></span> <span class='ocrx_word' id='word_1_438' title='bbox 1992 717 2058 770; x_wconf 88' lang='lat' dir='ltr'><strong>ad</strong></span> <span class='ocrx_word' id='word_1_439' title='bbox 2091 731 2230 786; x_wconf 90' lang='lat' dir='ltr'><strong>opus</strong></span> <span class='ocrx_word' id='word_1_440' title='bbox 2263 716 2408 769; x_wconf 87' lang='lat' dir='ltr'><strong>enim</strong></span> <span class='ocrx_word' id='word_1_441' title='bbox 2448 724 2730 784; x_wconf 87' lang='lat' dir='ltr'><strong>peccatum</strong></span> <span class='ocrx_word' id='word_1_442' title='bbox 2775 713 3118 784; x_wconf 83' lang='lat' dir='ltr'><strong>producitur,</strong></span> <span class='ocrx_word' id='word_1_443' title='bbox 3163 720 3218 765; x_wconf 83' lang='lat' dir='ltr'><strong>et</strong></span> <span class='ocrx_word' id='word_1_444' title='bbox 3252 726 3365 766; x_wconf 88' lang='lat' dir='ltr'><strong>non</strong></span> 
     </span>
    </p>
   </div>
   <div class='ocr_carea' id='block_1_66' title="bbox 1778 804 3364 878">
    <p class='ocr_par' dir='ltr' id='par_1_66' title="bbox 1778 804 3364 878">
     <span class='ocr_line' id='line_1_66' title="bbox 1778 804 3364 878; baseline -0.003 -17"><span class='ocrx_word' id='word_1_445' title='bbox 1778 810 1936 863; x_wconf 88' lang='lat' dir='ltr'><strong>aliter</strong></span> <span class='ocrx_word' id='word_1_446' title='bbox 1954 809 2345 878; x_wconf 87' lang='lat' dir='ltr'><strong>intelligibilem</strong></span> <span class='ocrx_word' id='word_1_447' title='bbox 2367 818 2605 862; x_wconf 89' lang='lat' dir='ltr'><strong>nostram</strong></span> <span class='ocrx_word' id='word_1_448' title='bbox 2628 807 3029 877; x_wconf 72' lang='lat' dir='ltr'><strong>possessionem</strong></span> <span class='ocrx_word' id='word_1_449' title='bbox 3051 804 3364 874; x_wconf 86' lang='lat' dir='ltr'><strong>recipimus,</strong></span> 
     </span>
    </p>
   </div>
   <div class='ocr_carea' id='block_1_67' title="bbox 1778 895 3368 970">
    <p class='ocr_par' dir='ltr' id='par_1_67' title="bbox 1778 895 3368 970">
     <span class='ocr_line' id='line_1_67' title="bbox 1778 895 3368 970; baseline -0.005 -15"><span class='ocrx_word' id='word_1_450' title='bbox 1778 901 1882 955; x_wconf 88' lang='lat' dir='ltr'><strong>nisi</strong></span> <span class='ocrx_word' id='word_1_451' title='bbox 1915 901 1967 954; x_wconf 92' lang='lat' dir='ltr'><strong>in</strong></span> <span class='ocrx_word' id='word_1_452' title='bbox 2003 911 2248 970; x_wconf 88' lang='lat' dir='ltr'><strong>tempore</strong></span> <span class='ocrx_word' id='word_1_453' title='bbox 2274 901 2486 970; x_wconf 88' lang='lat' dir='ltr'><strong>jubilei,</strong></span> <span class='ocrx_word' id='word_1_454' title='bbox 2525 901 2624 954; x_wconf 91' lang='lat' dir='ltr'><strong>sivi</strong></span> <span class='ocrx_word' id='word_1_455' title='bbox 2673 909 2733 953; x_wconf 88' lang='lat' dir='ltr'><strong>ut</strong></span> <span class='ocrx_word' id='word_1_456' title='bbox 2761 897 3137 968; x_wconf 84' lang='lat' dir='ltr'><strong>Septuaginta,</strong></span> <span class='ocrx_word' id='word_1_457' title='bbox 3170 895 3368 950; x_wconf 79' lang='lat' dir='ltr'><strong>remis-</strong></span> 
     </span>
    </p>
   </div>
   <div class='ocr_carea' id='block_1_68' title="bbox 1781 987 3368 1062">
    <p class='ocr_par' dir='ltr' id='par_1_68' title="bbox 1781 987 3368 1062">
     <span class='ocr_line' id='line_1_68' title="bbox 1781 987 3368 1062; baseline -0.004 -16"><span class='ocrx_word' id='word_1_458' title='bbox 1781 993 1973 1048; x_wconf 88' lang='lat' dir='ltr'><strong>sionis.</strong></span> <span class='ocrx_word' id='word_1_459' title='bbox 2020 993 2158 1062; x_wconf 76' lang='lat' dir='ltr'><strong>Quia</strong></span> <span class='ocrx_word' id='word_1_460' title='bbox 2192 993 2466 1062; x_wconf 85' lang='lat' dir='ltr'><strong>perfectus</strong></span> <span class='ocrx_word' id='word_1_461' title='bbox 2502 1001 2588 1047; x_wconf 87' lang='lat' dir='ltr'><strong>est</strong></span> <span class='ocrx_word' id='word_1_462' title='bbox 2629 1007 2829 1053; x_wconf 83' lang='lat' dir='ltr'><strong>annus,</strong></span> <span class='ocrx_word' id='word_1_463' title='bbox 2878 989 2969 1060; x_wconf 91' lang='lat' dir='ltr'><strong>qui</strong></span> <span class='ocrx_word' id='word_1_464' title='bbox 2997 1003 3187 1043; x_wconf 86' lang='lat' dir='ltr'><strong>omnes</strong></span> <span class='ocrx_word' id='word_1_465' title='bbox 3227 987 3280 1040; x_wconf 94' lang='lat' dir='ltr'><strong>in</strong></span> <span class='ocrx_word' id='word_1_466' title='bbox 3310 1001 3368 1040; x_wconf 82' lang='lat' dir='ltr'><strong>so</strong></span> 
     </span>
    </p>
   </div>
   <div class='ocr_carea' id='block_1_69' title="bbox 1780 1078 3367 1153">
    <p class='ocr_par' dir='ltr' id='par_1_69' title="bbox 1780 1078 3367 1153">
     <span class='ocr_line' id='line_1_69' title="bbox 1780 1078 3367 1153; baseline -0.006 -11"><span class='ocrx_word' id='word_1_467' title='bbox 1780 1089 1948 1142; x_wconf 88' lang='lat' dir='ltr'><strong>horas</strong></span> <span class='ocrx_word' id='word_1_468' title='bbox 1977 1087 2164 1153; x_wconf 90' lang='lat' dir='ltr'><strong>habet,</strong></span> <span class='ocrx_word' id='word_1_469' title='bbox 2195 1095 2250 1141; x_wconf 91' lang='lat' dir='ltr'><strong>et</strong></span> <span class='ocrx_word' id='word_1_470' title='bbox 2280 1086 2523 1141; x_wconf 91' lang='lat' dir='ltr'><strong>omnium</strong></span> <span class='ocrx_word' id='word_1_471' title='bbox 2548 1086 2835 1140; x_wconf 85' lang='lat' dir='ltr'><strong>modorum</strong></span> <span class='ocrx_word' id='word_1_472' title='bbox 2880 1083 3193 1137; x_wconf 88' lang='lat' dir='ltr'><strong>circuitum.</strong></span> <span class='ocrx_word' id='word_1_473' title='bbox 3237 1078 3367 1134; x_wconf 84' lang='lat' dir='ltr'><strong>Per-</strong></span> 
     </span>
    </p>
   </div>
   <div class='ocr_carea' id='block_1_70' title="bbox 1786 1173 3367 1243">
    <p class='ocr_par' dir='ltr' id='par_1_70' title="bbox 1786 1173 3367 1243">
     <span class='ocr_line' id='line_1_70' title="bbox 1786 1173 3367 1243; baseline -0.005 -15"><span class='ocrx_word' id='word_1_474' title='bbox 1786 1185 1971 1228; x_wconf 86' lang='lat' dir='ltr'><strong>actum</strong></span> <span class='ocrx_word' id='word_1_475' title='bbox 1999 1182 2181 1227; x_wconf 88' lang='lat' dir='ltr'><strong>autem</strong></span> <span class='ocrx_word' id='word_1_476' title='bbox 2214 1183 2520 1243; x_wconf 87' lang='lat' dir='ltr'><strong>peccatum,</strong></span> <span class='ocrx_word' id='word_1_477' title='bbox 2543 1184 2598 1227; x_wconf 89' lang='lat' dir='ltr'><strong>et</strong></span> <span class='ocrx_word' id='word_1_478' title='bbox 2624 1188 2719 1242; x_wconf 90' lang='lat' dir='ltr'><strong>per</strong></span> <span class='ocrx_word' id='word_1_479' title='bbox 2757 1173 2985 1227; x_wconf 88' lang='lat' dir='ltr'><strong>multum</strong></span> <span class='ocrx_word' id='word_1_480' title='bbox 3013 1180 3227 1240; x_wconf 88' lang='lat' dir='ltr'><strong>tempus</strong></span> <span class='ocrx_word' id='word_1_481' title='bbox 3248 1184 3367 1223; x_wconf 84' lang='lat' dir='ltr'><strong>ma-</strong></span> 
     </span>
    </p>
   </div>
   <div class='ocr_carea' id='block_1_71' title="bbox 1784 1265 3364 1335">
    <p class='ocr_par' dir='ltr' id='par_1_71' title="bbox 1784 1265 3364 1335">
     <span class='ocr_line' id='line_1_71' title="bbox 1784 1265 3364 1335; baseline -0.003 -15"><span class='ocrx_word' id='word_1_482' title='bbox 1784 1280 1939 1328; x_wconf 86' lang='lat' dir='ltr'><strong>nens,</strong></span> <span class='ocrx_word' id='word_1_483' title='bbox 1962 1281 2073 1318; x_wconf 87' lang='lat' dir='ltr'><strong>non</strong></span> <span class='ocrx_word' id='word_1_484' title='bbox 2104 1265 2263 1322; x_wconf 85' lang='lat' dir='ltr'><strong>aliter</strong></span> <span class='ocrx_word' id='word_1_485' title='bbox 2293 1267 2374 1318; x_wconf 87' lang='lat' dir='ltr'><strong>fas</strong></span> <span class='ocrx_word' id='word_1_486' title='bbox 2404 1274 2487 1319; x_wconf 87' lang='lat' dir='ltr'><strong>est</strong></span> <span class='ocrx_word' id='word_1_487' title='bbox 2513 1265 2731 1335; x_wconf 84' lang='lat' dir='ltr'><strong>corrigi,</strong></span> <span class='ocrx_word' id='word_1_488' title='bbox 2763 1273 2816 1319; x_wconf 92' lang='lat' dir='ltr'><strong>et</strong></span> <span class='ocrx_word' id='word_1_489' title='bbox 2848 1265 3076 1318; x_wconf 89' lang='lat' dir='ltr'><strong>liberare</strong></span> <span class='ocrx_word' id='word_1_490' title='bbox 3101 1270 3364 1330; x_wconf 86' lang='lat' dir='ltr'><strong>mentem,</strong></span> 
     </span>
    </p>
   </div>
   <div class='ocr_carea' id='block_1_72' title="bbox 1784 1353 3366 1427">
    <p class='ocr_par' dir='ltr' id='par_1_72' title="bbox 1784 1353 3366 1427">
     <span class='ocr_line' id='line_1_72' title="bbox 1784 1353 3366 1427; baseline -0.004 -16"><span class='ocrx_word' id='word_1_491' title='bbox 1784 1358 1838 1411; x_wconf 94' lang='lat' dir='ltr'><strong>in</strong></span> <span class='ocrx_word' id='word_1_492' title='bbox 1872 1372 1977 1427; x_wconf 90' lang='lat' dir='ltr'><strong>qua</strong></span> <span class='ocrx_word' id='word_1_493' title='bbox 1995 1357 2307 1411; x_wconf 90' lang='lat' dir='ltr'><strong>dominatus</strong></span> <span class='ocrx_word' id='word_1_494' title='bbox 2335 1366 2420 1411; x_wconf 90' lang='lat' dir='ltr'><strong>est</strong></span> <span class='ocrx_word' id='word_1_495' title='bbox 2449 1357 2513 1420; x_wconf 90' lang='lat' dir='ltr'><strong>is,</strong></span> <span class='ocrx_word' id='word_1_496' title='bbox 2533 1356 2625 1426; x_wconf 90' lang='lat' dir='ltr'><strong>qui</strong></span> <span class='ocrx_word' id='word_1_497' title='bbox 2649 1357 2786 1410; x_wconf 89' lang='lat' dir='ltr'><strong>male</strong></span> <span class='ocrx_word' id='word_1_498' title='bbox 2807 1365 2992 1409; x_wconf 89' lang='lat' dir='ltr'><strong>nostra</strong></span> <span class='ocrx_word' id='word_1_499' title='bbox 3015 1353 3366 1423; x_wconf 89' lang='lat' dir='ltr'><strong>conquisivit,</strong></span> 
     </span>
    </p>
   </div>
   <div class='ocr_carea' id='block_1_73' title="bbox 1785 1445 3366 1520">
    <p class='ocr_par' dir='ltr' id='par_1_73' title="bbox 1785 1445 3366 1520">
     <span class='ocr_line' id='line_1_73' title="bbox 1785 1445 3366 1520; baseline -0.006 -16"><span class='ocrx_word' id='word_1_500' title='bbox 1785 1450 1887 1504; x_wconf 90' lang='lat' dir='ltr'><strong>nisi</strong></span> <span class='ocrx_word' id='word_1_501' title='bbox 1921 1466 2018 1520; x_wconf 90' lang='lat' dir='ltr'><strong>per</strong></span> <span class='ocrx_word' id='word_1_502' title='bbox 2045 1449 2345 1520; x_wconf 83' lang='lat' dir='ltr'><strong>perfectam</strong></span> <span class='ocrx_word' id='word_1_503' title='bbox 2369 1447 2774 1520; x_wconf 66' lang='lat' dir='ltr'><strong>paenitentiam,</strong></span> <span class='ocrx_word' id='word_1_504' title='bbox 2803 1447 2856 1500; x_wconf 90' lang='lat' dir='ltr'><strong>in</strong></span> <span class='ocrx_word' id='word_1_505' title='bbox 2883 1463 2987 1515; x_wconf 90' lang='lat' dir='ltr'><strong>qua</strong></span> <span class='ocrx_word' id='word_1_506' title='bbox 3005 1445 3366 1514; x_wconf 76' lang='lat' dir='ltr'><strong>etjejuniuni,</strong></span> 
     </span>
    </p>
   </div>
   <div class='ocr_carea' id='block_1_74' title="bbox 1786 1534 3372 1607">
    <p class='ocr_par' dir='ltr' id='par_1_74' title="bbox 1786 1534 3372 1607">
     <span class='ocr_line' id='line_1_74' title="bbox 1786 1534 3372 1607; baseline -0.008 -12"><span class='ocrx_word' id='word_1_507' title='bbox 1786 1549 1842 1595; x_wconf 91' lang='lat' dir='ltr'><strong>et</strong></span> <span class='ocrx_word' id='word_1_508' title='bbox 1859 1541 2052 1606; x_wconf 90' lang='lat' dir='ltr'><strong>oratio,</strong></span> <span class='ocrx_word' id='word_1_509' title='bbox 2072 1549 2131 1594; x_wconf 89' lang='lat' dir='ltr'><strong>et</strong></span> <span class='ocrx_word' id='word_1_510' title='bbox 2149 1540 2410 1604; x_wconf 88' lang='lat' dir='ltr'><strong>cilicium,</strong></span> <span class='ocrx_word' id='word_1_511' title='bbox 2427 1539 2858 1607; x_wconf 76' lang='lat' dir='ltr'><strong>cteleemosyna,</strong></span> <span class='ocrx_word' id='word_1_512' title='bbox 2879 1546 2935 1588; x_wconf 91' lang='lat' dir='ltr'><strong>et</strong></span> <span class='ocrx_word' id='word_1_513' title='bbox 2950 1534 3201 1603; x_wconf 73' lang='lat' dir='ltr'><strong>lacrynue</strong></span> <span class='ocrx_word' id='word_1_514' title='bbox 3246 1547 3372 1600; x_wconf 86' lang='lat' dir='ltr'><strong>per-</strong></span> 
     </span>
    </p>
   </div>
   <div class='ocr_carea' id='block_1_75' title="bbox 1786 1620 3373 1703">
    <p class='ocr_par' dir='ltr' id='par_1_75' title="bbox 1786 1620 3373 1703">
     <span class='ocr_line' id='line_1_75' title="bbox 1786 1620 3373 1703; baseline -0.009 -17"><span class='ocrx_word' id='word_1_515' title='bbox 1786 1632 2152 1703; x_wconf 86' lang='lat' dir='ltr'><strong>aguntur.Per</strong></span> <span class='ocrx_word' id='word_1_516' title='bbox 2176 1629 2294 1685; x_wconf 68' lang='lat' dir='ltr'><strong>haec</strong></span> <span class='ocrx_word' id='word_1_517' title='bbox 2316 1630 2566 1684; x_wconf 86' lang='lat' dir='ltr'><strong>remissio</strong></span> <span class='ocrx_word' id='word_1_518' title='bbox 2585 1627 2738 1681; x_wconf 88' lang='lat' dir='ltr'><strong>nobis</strong></span> <span class='ocrx_word' id='word_1_519' title='bbox 2751 1627 2908 1696; x_wconf 90' lang='lat' dir='ltr'><strong>plena</strong></span> <span class='ocrx_word' id='word_1_520' title='bbox 2925 1622 3283 1692; x_wconf 70' lang='lat' dir='ltr'><strong>conquiritur.</strong></span> <span class='ocrx_word' id='word_1_521' title='bbox 3317 1620 3373 1672; x_wconf 84' lang='lat' dir='ltr'><strong>Si</strong></span> 
     </span>
    </p>
   </div>
   <div class='ocr_carea' id='block_1_76' title="bbox 1795 1711 3376 1788">
    <p class='ocr_par' dir='ltr' id='par_1_76' title="bbox 1795 1711 3376 1788">
     <span class='ocr_line' id='line_1_76' title="bbox 1795 1711 3376 1788; baseline -0.01 -7"><span class='ocrx_word' id='word_1_522' title='bbox 1795 1736 1979 1781; x_wconf 89' lang='lat' dir='ltr'><strong>autem</strong></span> <span class='ocrx_word' id='word_1_523' title='bbox 2007 1725 2292 1780; x_wconf 91' lang='lat' dir='ltr'><strong>hominem</strong></span> <span class='ocrx_word' id='word_1_524' title='bbox 2311 1723 2514 1778; x_wconf 89' lang='lat' dir='ltr'><strong>dictum</strong></span> <span class='ocrx_word' id='word_1_525' title='bbox 2537 1719 2708 1788; x_wconf 80' lang='lat' dir='ltr'><strong>fuisse</strong></span> <span class='ocrx_word' id='word_1_526' title='bbox 2727 1734 2755 1772; x_wconf 91' lang='lat' dir='ltr'><strong>a</strong></span> <span class='ocrx_word' id='word_1_527' title='bbox 2775 1716 3081 1788; x_wconf 80' lang='lat' dir='ltr'><strong>legislatore</strong></span> <span class='ocrx_word' id='word_1_528' title='bbox 3101 1729 3250 1774; x_wconf 86' lang='lat' dir='ltr'><strong>eum,</strong></span> <span class='ocrx_word' id='word_1_529' title='bbox 3279 1711 3376 1782; x_wconf 82' lang='lat' dir='ltr'><strong>qui</strong></span> 
     </span>
    </p>
   </div>
   <div class='ocr_carea' id='block_1_77' title="bbox 1788 1804 3374 1889">
    <p class='ocr_par' dir='ltr' id='par_1_77' title="bbox 1788 1804 3374 1889">
     <span class='ocr_line' id='line_1_77' title="bbox 1788 1804 3374 1889; baseline -0.013 -14"><span class='ocrx_word' id='word_1_530' title='bbox 1788 1819 2086 1889; x_wconf 85' lang='lat' dir='ltr'><strong>captivavit</strong></span> <span class='ocrx_word' id='word_1_531' title='bbox 2117 1822 2332 1871; x_wconf 88' lang='lat' dir='ltr'><strong>mentes</strong></span> <span class='ocrx_word' id='word_1_532' title='bbox 2366 1821 2602 1874; x_wconf 87' lang='lat' dir='ltr'><strong>nostras,</strong></span> <span class='ocrx_word' id='word_1_533' title='bbox 2633 1810 2893 1873; x_wconf 73' lang='lat' dir='ltr'><strong>diximus,</strong></span> <span class='ocrx_word' id='word_1_534' title='bbox 2919 1823 3029 1862; x_wconf 89' lang='lat' dir='ltr'><strong>non</strong></span> <span class='ocrx_word' id='word_1_535' title='bbox 3062 1804 3374 1867; x_wconf 66' lang='lat' dir='ltr'><strong>admireris,</strong></span> 
     </span>
    </p>
   </div>
   <div class='ocr_carea' id='block_1_78' title="bbox 1787 1887 3378 1983">
    <p class='ocr_par' dir='ltr' id='par_1_78' title="bbox 1787 1887 3378 1983">
     <span class='ocr_line' id='line_1_78' title="bbox 1787 1887 3378 1983; baseline -0.012 -16"><span class='ocrx_word' id='word_1_536' title='bbox 1787 1887 1914 1983; x_wconf 88' lang='lat' dir='ltr'><strong>quia</strong></span> <span class='ocrx_word' id='word_1_537' title='bbox 1954 1919 2010 1966; x_wconf 91' lang='lat' dir='ltr'><strong>et</strong></span> <span class='ocrx_word' id='word_1_538' title='bbox 2054 1910 2257 1965; x_wconf 83' lang='lat' dir='ltr'><strong>Paulus</strong></span> <span class='ocrx_word' id='word_1_539' title='bbox 2304 1922 2450 1972; x_wconf 88' lang='lat' dir='ltr'><strong>eum,</strong></span> <span class='ocrx_word' id='word_1_540' title='bbox 2496 1904 2777 1959; x_wconf 90' lang='lat' dir='ltr'><strong>hominem</strong></span> <span class='ocrx_word' id='word_1_541' title='bbox 2832 1887 3064 1972; x_wconf 85' lang='lat' dir='ltr'><strong>peccati,</strong></span> <span class='ocrx_word' id='word_1_542' title='bbox 3111 1908 3168 1953; x_wconf 91' lang='lat' dir='ltr'><strong>et</strong></span> <span class='ocrx_word' id='word_1_543' title='bbox 3207 1897 3378 1952; x_wconf 81' lang='lat' dir='ltr'><strong>tilium</strong></span> 
     </span>
    </p>
   </div>
   <div class='ocr_carea' id='block_1_79' title="bbox 1789 1987 3375 2075">
    <p class='ocr_par' dir='ltr' id='par_1_79' title="bbox 1789 1987 3375 2075">
     <span class='ocr_line' id='line_1_79' title="bbox 1789 1987 3375 2075; baseline -0.014 -15"><span class='ocrx_word' id='word_1_544' title='bbox 1789 2001 2116 2075; x_wconf 87' lang='lat' dir='ltr'><strong>perditionis</strong></span> <span class='ocrx_word' id='word_1_545' title='bbox 2165 1998 2454 2071; x_wconf 88' lang='lat' dir='ltr'><strong>appellavit</strong></span> <span class='ocrx_word' id='word_1_546' title='bbox 2487 1997 2554 2048; x_wconf 69' lang='grc'><strong>⁸9.</strong></span> <span class='ocrx_word' id='word_1_547' title='bbox 2608 1994 2776 2050; x_wconf 87' lang='lat' dir='ltr'><strong>Isaias</strong></span> <span class='ocrx_word' id='word_1_548' title='bbox 2828 2001 3011 2045; x_wconf 88' lang='lat' dir='ltr'><strong>autem</strong></span> <span class='ocrx_word' id='word_1_549' title='bbox 3057 1987 3375 2059; x_wconf 66' lang='lat' dir='ltr'><strong>Egyptian:</strong></span> 
     </span>
    </p>
   </div>
   <div class='ocr_carea' id='block_1_80' title="bbox 1790 2078 3374 2158">
    <p class='ocr_par' dir='ltr' id='par_1_80' title="bbox 1790 2078 3374 2158">
     <span class='ocr_line' id='line_1_80' title="bbox 1790 2078 3374 2158; baseline -0.012 -10"><span class='ocrx_word' id='word_1_550' title='bbox 1790 2093 2094 2158; x_wconf 88' lang='lat' dir='ltr'><strong>hominem,</strong></span> <span class='ocrx_word' id='word_1_551' title='bbox 2111 2099 2289 2147; x_wconf 89' lang='lat' dir='ltr'><strong>etnon</strong></span> <span class='ocrx_word' id='word_1_552' title='bbox 2305 2089 2496 2154; x_wconf 89' lang='lat' dir='ltr'><strong>Deum,</strong></span> <span class='ocrx_word' id='word_1_553' title='bbox 2522 2086 2577 2141; x_wconf 89' lang='lat' dir='ltr'><strong>in</strong></span> <span class='ocrx_word' id='word_1_554' title='bbox 2596 2101 2692 2141; x_wconf 90' lang='lat' dir='ltr'><strong>sua</strong></span> <span class='ocrx_word' id='word_1_555' title='bbox 2710 2098 2836 2139; x_wconf 90' lang='lat' dir='ltr'><strong>eum</strong></span> <span class='ocrx_word' id='word_1_556' title='bbox 2856 2081 3140 2153; x_wconf 86' lang='lat' dir='ltr'><strong>prophetia</strong></span> <span class='ocrx_word' id='word_1_557' title='bbox 3157 2078 3290 2134; x_wconf 85' lang='lat' dir='ltr'><strong>dixit</strong></span> <span class='ocrx_word' id='word_1_558' title='bbox 3307 2081 3374 2129; x_wconf 76' lang='grc' dir='ltr'><strong>ὀ.</strong></span> 
     </span>
    </p>
   </div>
   <div class='ocr_carea' id='block_1_81' title="bbox 1792 2171 3378 2244">
    <p class='ocr_par' dir='ltr' id='par_1_81' title="bbox 1792 2171 3378 2244">
     <span class='ocr_line' id='line_1_81' title="bbox 1792 2171 3378 2244; baseline -0.015 1"><span class='ocrx_word' id='word_1_559' title='bbox 1792 2188 1900 2244; x_wconf 90' lang='lat' dir='ltr'><strong>Sed</strong></span> <span class='ocrx_word' id='word_1_560' title='bbox 1931 2197 1986 2242; x_wconf 87' lang='lat' dir='ltr'><strong>et</strong></span> <span class='ocrx_word' id='word_1_561' title='bbox 2004 2185 2268 2241; x_wconf 89' lang='lat' dir='ltr'><strong>Dominus</strong></span> <span class='ocrx_word' id='word_1_562' title='bbox 2294 2182 2575 2236; x_wconf 88' lang='lat' dir='ltr'><strong>hominem</strong></span> <span class='ocrx_word' id='word_1_563' title='bbox 2600 2175 2784 2233; x_wconf 90' lang='lat' dir='ltr'><strong>vocari</strong></span> <span class='ocrx_word' id='word_1_564' title='bbox 2805 2173 3093 2229; x_wconf 82' lang='lat' dir='ltr'><strong>manifeste</strong></span> <span class='ocrx_word' id='word_1_565' title='bbox 3121 2171 3378 2226; x_wconf 67' lang='lat' dir='ltr'><strong>concedit</strong></span> 
     </span>
    </p>
   </div>
   <div class='ocr_carea' id='block_1_82' title="bbox 1789 2263 3374 2348">
    <p class='ocr_par' dir='ltr' id='par_1_82' title="bbox 1789 2263 3374 2348">
     <span class='ocr_line' id='line_1_82' title="bbox 1789 2263 3374 2348; baseline -0.014 -12"><span class='ocrx_word' id='word_1_566' title='bbox 1789 2263 2088 2344; x_wconf 86' lang='lat' dir='ltr'><strong>diabolum,</strong></span> <span class='ocrx_word' id='word_1_567' title='bbox 2130 2291 2231 2348; x_wconf 91' lang='lat' dir='ltr'><strong>pro</strong></span> <span class='ocrx_word' id='word_1_568' title='bbox 2269 2290 2336 2330; x_wconf 91' lang='lat' dir='ltr'><strong>eo</strong></span> <span class='ocrx_word' id='word_1_569' title='bbox 2365 2273 2510 2344; x_wconf 93' lang='lat' dir='ltr'><strong>quod</strong></span> <span class='ocrx_word' id='word_1_570' title='bbox 2549 2272 2693 2325; x_wconf 90' lang='lat' dir='ltr'><strong>inter</strong></span> <span class='ocrx_word' id='word_1_571' title='bbox 2718 2267 2970 2323; x_wconf 88' lang='lat' dir='ltr'><strong>homines</strong></span> <span class='ocrx_word' id='word_1_572' title='bbox 2999 2272 3374 2325; x_wconf 78' lang='lat' dir='ltr'><strong>conversetur,</strong></span> 
     </span>
    </p>
   </div>
   <div class='ocr_carea' id='block_1_83' title="bbox 1789 2356 3378 2430">
    <p class='ocr_par' dir='ltr' id='par_1_83' title="bbox 1789 2356 3378 2430">
     <span class='ocr_line' id='line_1_83' title="bbox 1789 2356 3378 2430; baseline -0.014 -1"><span class='ocrx_word' id='word_1_573' title='bbox 1789 2383 1849 2429; x_wconf 90' lang='lat' dir='ltr'><strong>et</strong></span> <span class='ocrx_word' id='word_1_574' title='bbox 1899 2372 1968 2428; x_wconf 85' lang='lat' dir='ltr'><strong>ad</strong></span> <span class='ocrx_word' id='word_1_575' title='bbox 1999 2386 2186 2427; x_wconf 91' lang='lat' dir='ltr'><strong>eorum</strong></span> <span class='ocrx_word' id='word_1_576' title='bbox 2220 2375 2378 2422; x_wconf 88' lang='lat' dir='ltr'><strong>vacet</strong></span> <span class='ocrx_word' id='word_1_577' title='bbox 2430 2363 2682 2420; x_wconf 88' lang='lat' dir='ltr'><strong>insidias.</strong></span> <span class='ocrx_word' id='word_1_578' title='bbox 2711 2361 2846 2416; x_wconf 87' lang='lat' dir='ltr'><strong>Cum</strong></span> <span class='ocrx_word' id='word_1_579' title='bbox 2888 2374 3018 2430; x_wconf 89' lang='lat' dir='ltr'><strong>ergo</strong></span> <span class='ocrx_word' id='word_1_580' title='bbox 3064 2356 3378 2428; x_wconf 87' lang='lat' dir='ltr'><strong>parabolam</strong></span> 
     </span>
    </p>
   </div>
   <div class='ocr_carea' id='block_1_84' title="bbox 1793 2447 3379 2532">
    <p class='ocr_par' dir='ltr' id='par_1_84' title="bbox 1793 2447 3379 2532">
     <span class='ocr_line' id='line_1_84' title="bbox 1793 2447 3379 2532; baseline -0.015 -10"><span class='ocrx_word' id='word_1_581' title='bbox 1793 2466 2124 2522; x_wconf 84' lang='lat' dir='ltr'><strong>zizaniorum</strong></span> <span class='ocrx_word' id='word_1_582' title='bbox 2149 2469 2466 2532; x_wconf 81' lang='lat' dir='ltr'><strong>exponeret,</strong></span> <span class='ocrx_word' id='word_1_583' title='bbox 2496 2457 2633 2512; x_wconf 79' lang='lat' dir='ltr'><strong>dixit</strong></span> <span class='ocrx_word' id='word_1_584' title='bbox 2659 2472 2672 2510; x_wconf 91' lang='lat'><strong>:</strong></span> <span class='ocrx_word' id='word_1_585' title='bbox 2705 2453 3020 2508; x_wconf 84' lang='lat' dir='ltr'><strong>Accedentes</strong></span> <span class='ocrx_word' id='word_1_586' title='bbox 3040 2458 3218 2504; x_wconf 90' lang='lat' dir='ltr'><strong>autem</strong></span> <span class='ocrx_word' id='word_1_587' title='bbox 3242 2447 3379 2501; x_wconf 75' lang='lat' dir='ltr'><strong>servi</strong></span> 
     </span>
    </p>
   </div>
   <div class='ocr_carea' id='block_1_85' title="bbox 1791 2537 3381 2628">
    <p class='ocr_par' dir='ltr' id='par_1_85' title="bbox 1791 2537 3381 2628">
     <span class='ocr_line' id='line_1_85' title="bbox 1791 2537 3381 2628; baseline -0.016 -14"><span class='ocrx_word' id='word_1_588' title='bbox 1791 2559 1964 2628; x_wconf 84' lang='lat' dir='ltr'><strong>patris</strong></span> <span class='ocrx_word' id='word_1_589' title='bbox 2005 2554 2263 2628; x_wconf 79' lang='lat' dir='ltr'><strong>familias,</strong></span> <span class='ocrx_word' id='word_1_590' title='bbox 2299 2552 2544 2606; x_wconf 74' lang='lat' dir='ltr'><strong>dixerunt</strong></span> <span class='ocrx_word' id='word_1_591' title='bbox 2567 2547 2656 2600; x_wconf 91' lang='lat' dir='ltr'><strong>ei:</strong></span> <span class='ocrx_word' id='word_1_592' title='bbox 2687 2544 2933 2606; x_wconf 87' lang='lat' dir='ltr'><strong>Domine,</strong></span> <span class='ocrx_word' id='word_1_593' title='bbox 2980 2555 3148 2594; x_wconf 80' lang='lat' dir='ltr'><strong>nonne</strong></span> <span class='ocrx_word' id='word_1_594' title='bbox 3188 2537 3381 2590; x_wconf 87' lang='lat' dir='ltr'><strong>bonum</strong></span> 
     </span>
    </p>
   </div>
   <div class='ocr_carea' id='block_1_86' title="bbox 1791 2631 3380 2714">
    <p class='ocr_par' dir='ltr' id='par_1_86' title="bbox 1791 2631 3380 2714">
     <span class='ocr_line' id='line_1_86' title="bbox 1791 2631 3380 2714; baseline -0.017 -7"><span class='ocrx_word' id='word_1_595' title='bbox 1791 2668 1964 2706; x_wconf 84' lang='lat' dir='ltr'><strong>semen</strong></span> <span class='ocrx_word' id='word_1_596' title='bbox 1979 2647 2250 2704; x_wconf 86' lang='lat' dir='ltr'><strong>seminasti</strong></span> <span class='ocrx_word' id='word_1_597' title='bbox 2273 2647 2328 2699; x_wconf 88' lang='lat' dir='ltr'><strong>in</strong></span> <span class='ocrx_word' id='word_1_598' title='bbox 2349 2659 2476 2714; x_wconf 88' lang='lat' dir='ltr'><strong>agro</strong></span> <span class='ocrx_word' id='word_1_599' title='bbox 2509 2650 2618 2704; x_wconf 89' lang='lat' dir='ltr'><strong>tuo,</strong></span> <span class='ocrx_word' id='word_1_600' title='bbox 2644 2638 2782 2691; x_wconf 87' lang='lat' dir='ltr'><strong>unde</strong></span> <span class='ocrx_word' id='word_1_601' title='bbox 2806 2635 3012 2688; x_wconf 76' lang='lat' dir='ltr'><strong>zizania</strong></span> <span class='ocrx_word' id='word_1_602' title='bbox 3035 2633 3058 2686; x_wconf 75' lang='grc' dir='ltr'><strong>Ξ)</strong></span> <span class='ocrx_word' id='word_1_603' title='bbox 3084 2631 3180 2686; x_wconf 91' lang='lat' dir='ltr'><strong>Ille</strong></span> <span class='ocrx_word' id='word_1_604' title='bbox 3201 2640 3380 2683; x_wconf 85' lang='lat' dir='ltr'><strong>autem</strong></span> 
     </span>
    </p>
   </div>
   <div class='ocr_carea' id='block_1_87' title="bbox 1793 2723 3383 2802">
    <p class='ocr_par' dir='ltr' id='par_1_87' title="bbox 1793 2723 3383 2802">
     <span class='ocr_line' id='line_1_87' title="bbox 1793 2723 3383 2802; baseline -0.016 -3"><span class='ocrx_word' id='word_1_605' title='bbox 1793 2746 1928 2799; x_wconf 72' lang='lat' dir='ltr'><strong>dixit</strong></span> <span class='ocrx_word' id='word_1_606' title='bbox 1951 2745 2062 2798; x_wconf 88' lang='lat' dir='ltr'><strong>eis:</strong></span> <span class='ocrx_word' id='word_1_607' title='bbox 2100 2740 2356 2794; x_wconf 81' lang='lat' dir='ltr'><strong>Inimicus</strong></span> <span class='ocrx_word' id='word_1_608' title='bbox 2379 2739 2531 2789; x_wconf 81' lang='lat' dir='ltr'><strong>homo</strong></span> <span class='ocrx_word' id='word_1_609' title='bbox 2551 2736 2646 2787; x_wconf 79' lang='lat' dir='ltr'><strong>hoc</strong></span> <span class='ocrx_word' id='word_1_610' title='bbox 2671 2731 2790 2802; x_wconf 75' lang='lat' dir='ltr'><strong>fecit</strong></span> <span class='ocrx_word' id='word_1_611' title='bbox 2814 2729 2879 2782; x_wconf 73' lang='lat'><strong>9‘.</strong></span> <span class='ocrx_word' id='word_1_612' title='bbox 2915 2725 3121 2781; x_wconf 89' lang='lat' dir='ltr'><strong>Deinde</strong></span> <span class='ocrx_word' id='word_1_613' title='bbox 3151 2723 3383 2792; x_wconf 82' lang='lat' dir='ltr'><strong>parabo-</strong></span> 
     </span>
    </p>
   </div>
   <div class='ocr_carea' id='block_1_88' title="bbox 1795 2821 3378 2902">
    <p class='ocr_par' dir='ltr' id='par_1_88' title="bbox 1795 2821 3378 2902">
     <span class='ocr_line' id='line_1_88' title="bbox 1795 2821 3378 2902; baseline -0.014 -13"><span class='ocrx_word' id='word_1_614' title='bbox 1795 2838 1900 2889; x_wconf 85' lang='lat' dir='ltr'><strong>lam</strong></span> <span class='ocrx_word' id='word_1_615' title='bbox 1939 2836 2327 2902; x_wconf 83' lang='lat' dir='ltr'><strong>interpretans,</strong></span> <span class='ocrx_word' id='word_1_616' title='bbox 2359 2835 2412 2881; x_wconf 87' lang='lat' dir='ltr'><strong>et</strong></span> <span class='ocrx_word' id='word_1_617' title='bbox 2455 2825 2714 2880; x_wconf 88' lang='lat' dir='ltr'><strong>inimicus</strong></span> <span class='ocrx_word' id='word_1_618' title='bbox 2741 2821 2863 2890; x_wconf 90' lang='lat' dir='ltr'><strong>quis</strong></span> <span class='ocrx_word' id='word_1_619' title='bbox 2885 2826 3052 2880; x_wconf 87' lang='lat' dir='ltr'><strong>esset,</strong></span> <span class='ocrx_word' id='word_1_620' title='bbox 3076 2828 3378 2885; x_wconf 80' lang='lat' dir='ltr'><strong>exponens,</strong></span> 
     </span>
    </p>
   </div>
   <div class='ocr_carea' id='block_1_89' title="bbox 1795 2904 3382 2988">
    <p class='ocr_par' dir='ltr' id='par_1_89' title="bbox 1795 2904 3382 2988">
     <span class='ocr_line' id='line_1_89' title="bbox 1795 2904 3382 2988; baseline -0.015 -6"><span class='ocrx_word' id='word_1_621' title='bbox 1795 2928 1875 2982; x_wconf 85' lang='lat' dir='ltr'><strong>sic</strong></span> <span class='ocrx_word' id='word_1_622' title='bbox 1895 2927 2028 2982; x_wconf 89' lang='lat' dir='ltr'><strong>dicit</strong></span> <span class='ocrx_word' id='word_1_623' title='bbox 2055 2944 2068 2978; x_wconf 87' lang='lat'><strong>:</strong></span> <span class='ocrx_word' id='word_1_624' title='bbox 2099 2923 2352 2978; x_wconf 85' lang='lat' dir='ltr'><strong>Inimicus</strong></span> <span class='ocrx_word' id='word_1_625' title='bbox 2375 2928 2551 2973; x_wconf 84' lang='lat' dir='ltr'><strong>autem</strong></span> <span class='ocrx_word' id='word_1_626' title='bbox 2575 2917 2664 2988; x_wconf 83' lang='lat' dir='ltr'><strong>qui</strong></span> <span class='ocrx_word' id='word_1_627' title='bbox 2683 2912 2958 2968; x_wconf 88' lang='lat' dir='ltr'><strong>seminavit</strong></span> <span class='ocrx_word' id='word_1_628' title='bbox 2986 2926 3070 2972; x_wconf 91' lang='lat' dir='ltr'><strong>ea,</strong></span> <span class='ocrx_word' id='word_1_629' title='bbox 3093 2918 3166 2961; x_wconf 85' lang='lat' dir='ltr'><strong>est</strong></span> <span class='ocrx_word' id='word_1_630' title='bbox 3196 2904 3382 2959; x_wconf 87' lang='lat' dir='ltr'><strong>diabo-</strong></span> 
     </span>
    </p>
   </div>
   <div class='ocr_carea' id='block_1_90' title="bbox 1797 2999 3383 3086">
    <p class='ocr_par' dir='ltr' id='par_1_90' title="bbox 1797 2999 3383 3086">
     <span class='ocr_line' id='line_1_90' title="bbox 1797 2999 3383 3086; baseline -0.015 -12"><span class='ocrx_word' id='word_1_631' title='bbox 1797 3021 1898 3074; x_wconf 89' lang='lat' dir='ltr'><strong>lus.</strong></span> <span class='ocrx_word' id='word_1_632' title='bbox 1929 3019 2065 3084; x_wconf 86' lang='lat' dir='ltr'><strong>Quia</strong></span> <span class='ocrx_word' id='word_1_633' title='bbox 2088 3026 2144 3071; x_wconf 90' lang='lat' dir='ltr'><strong>et</strong></span> <span class='ocrx_word' id='word_1_634' title='bbox 2177 3016 2268 3086; x_wconf 90' lang='lat' dir='ltr'><strong>qui</strong></span> <span class='ocrx_word' id='word_1_635' title='bbox 2291 3023 2530 3068; x_wconf 84' lang='lat' dir='ltr'><strong>mentem</strong></span> <span class='ocrx_word' id='word_1_636' title='bbox 2554 3025 2708 3065; x_wconf 87' lang='lat' dir='ltr'><strong>suam</strong></span> <span class='ocrx_word' id='word_1_637' title='bbox 2734 3022 2833 3076; x_wconf 90' lang='lat' dir='ltr'><strong>per</strong></span> <span class='ocrx_word' id='word_1_638' title='bbox 2853 3011 3135 3074; x_wconf 88' lang='lat' dir='ltr'><strong>peccatum</strong></span> <span class='ocrx_word' id='word_1_639' title='bbox 3165 2999 3383 3054; x_wconf 87' lang='lat' dir='ltr'><strong>diabolo</strong></span> 
     </span>
    </p>
   </div>
   <div class='ocr_carea' id='block_1_91' title="bbox 1718 3095 3382 3197">
    <p class='ocr_par' dir='ltr' id='par_1_91' title="bbox 1718 3095 3382 3197">
     <span class='ocr_line' id='line_1_91' title="bbox 1718 3095 3382 3197; baseline -0.015 -28"><span class='ocrx_word' id='word_1_640' title='bbox 1718 3141 1759 3197; x_wconf 67' lang='grc' dir='ltr'>ο</span> <span class='ocrx_word' id='word_1_641' title='bbox 1797 3113 2000 3184; x_wconf 91' lang='lat' dir='ltr'><strong>prodit,</strong></span> <span class='ocrx_word' id='word_1_642' title='bbox 2028 3107 2362 3166; x_wconf 89' lang='lat' dir='ltr'><strong>venditionis</strong></span> <span class='ocrx_word' id='word_1_643' title='bbox 2388 3121 2499 3160; x_wconf 81' lang='lat' dir='ltr'><strong>suae</strong></span> <span class='ocrx_word' id='word_1_644' title='bbox 2521 3117 2704 3174; x_wconf 81' lang='lat' dir='ltr'><strong>pravae</strong></span> <span class='ocrx_word' id='word_1_645' title='bbox 2735 3108 2789 3155; x_wconf 91' lang='lat' dir='ltr'><strong>et</strong></span> <span class='ocrx_word' id='word_1_646' title='bbox 2817 3095 3139 3168; x_wconf 65' lang='lat' dir='ltr'><strong>perniciosae</strong></span> <span class='ocrx_word' id='word_1_647' title='bbox 3160 3101 3382 3148; x_wconf 86' lang='lat' dir='ltr'><strong>contra-</strong></span> 
     </span>
    </p>
   </div>
   <div class='ocr_carea' id='block_1_92' title="bbox 1795 3185 3380 3264">
    <p class='ocr_par' dir='ltr' id='par_1_92' title="bbox 1795 3185 3380 3264">
     <span class='ocr_line' id='line_1_92' title="bbox 1795 3185 3380 3264; baseline -0.017 -1"><span class='ocrx_word' id='word_1_648' title='bbox 1795 3219 1944 3264; x_wconf 90' lang='lat' dir='ltr'><strong>ctum</strong></span> <span class='ocrx_word' id='word_1_649' title='bbox 1969 3202 2287 3259; x_wconf 87' lang='lat' dir='ltr'><strong>celebravit.</strong></span> <span class='ocrx_word' id='word_1_650' title='bbox 2303 3199 2502 3254; x_wconf 90' lang='lat' dir='ltr'><strong>Paulus</strong></span> <span class='ocrx_word' id='word_1_651' title='bbox 2524 3196 2685 3251; x_wconf 85' lang='lat' dir='ltr'><strong>etiam</strong></span> <span class='ocrx_word' id='word_1_652' title='bbox 2705 3194 2810 3247; x_wconf 90' lang='lat' dir='ltr'><strong>hoc</strong></span> <span class='ocrx_word' id='word_1_653' title='bbox 2828 3187 3084 3245; x_wconf 80' lang='lat' dir='ltr'><strong>Romanis</strong></span> <span class='ocrx_word' id='word_1_654' title='bbox 3111 3185 3380 3244; x_wconf 87' lang='lat' dir='ltr'><strong>scribens,</strong></span> 
     </span>
    </p>
   </div>
   <div class='ocr_carea' id='block_1_93' title="bbox 1802 3275 3383 3368">
    <p class='ocr_par' dir='ltr' id='par_1_93' title="bbox 1802 3275 3383 3368">
     <span class='ocr_line' id='line_1_93' title="bbox 1802 3275 3383 3368; baseline -0.017 -14"><span class='ocrx_word' id='word_1_655' title='bbox 1802 3301 2196 3368; x_wconf 86' lang='lat' dir='ltr'><strong>interpretatus</strong></span> <span class='ocrx_word' id='word_1_656' title='bbox 2223 3302 2324 3348; x_wconf 90' lang='lat' dir='ltr'><strong>est.</strong></span> <span class='ocrx_word' id='word_1_657' title='bbox 2355 3290 2560 3346; x_wconf 84' lang='lat' dir='ltr'><strong>Scimus</strong></span> <span class='ocrx_word' id='word_1_658' title='bbox 2583 3288 2722 3341; x_wconf 90' lang='lat' dir='ltr'><strong>enim</strong></span> <span class='ocrx_word' id='word_1_659' title='bbox 2746 3284 2873 3355; x_wconf 87' lang='lat' dir='ltr'><strong>quia</strong></span> <span class='ocrx_word' id='word_1_660' title='bbox 2898 3281 2980 3336; x_wconf 73' lang='lat' dir='ltr'><strong>lex</strong></span> <span class='ocrx_word' id='word_1_661' title='bbox 3001 3275 3260 3348; x_wconf 74' lang='lat' dir='ltr'><strong>spiritalis</strong></span> <span class='ocrx_word' id='word_1_662' title='bbox 3286 3285 3383 3338; x_wconf 81' lang='lat' dir='ltr'><strong>est,</strong></span> 
     </span>
    </p>
   </div>
   <div class='ocr_carea' id='block_1_94' title="bbox 1797 3367 3384 3463">
    <p class='ocr_par' dir='ltr' id='par_1_94' title="bbox 1797 3367 3384 3463">
     <span class='ocr_line' id='line_1_94' title="bbox 1797 3367 3384 3463; baseline -0.018 -18"><span class='ocrx_word' id='word_1_663' title='bbox 1797 3408 1892 3463; x_wconf 88' lang='lat' dir='ltr'><strong>ego</strong></span> <span class='ocrx_word' id='word_1_664' title='bbox 1940 3400 2120 3443; x_wconf 86' lang='lat' dir='ltr'><strong>autem</strong></span> <span class='ocrx_word' id='word_1_665' title='bbox 2156 3383 2392 3439; x_wconf 86' lang='lat' dir='ltr'><strong>carnalis</strong></span> <span class='ocrx_word' id='word_1_666' title='bbox 2430 3397 2570 3441; x_wconf 83' lang='lat' dir='ltr'><strong>sum,</strong></span> <span class='ocrx_word' id='word_1_667' title='bbox 2599 3377 2928 3432; x_wconf 84' lang='lat' dir='ltr'><strong>venundatus</strong></span> <span class='ocrx_word' id='word_1_668' title='bbox 2963 3369 3058 3424; x_wconf 86' lang='lat' dir='ltr'><strong>sub</strong></span> <span class='ocrx_word' id='word_1_669' title='bbox 3099 3367 3384 3442; x_wconf 76' lang='lat' dir='ltr'><strong>peccato&quot;.</strong></span> 
     </span>
    </p>
   </div>
   <div class='ocr_carea' id='block_1_95' title="bbox 1797 3461 3387 3538">
    <p class='ocr_par' dir='ltr' id='par_1_95' title="bbox 1797 3461 3387 3538">
     <span class='ocr_line' id='line_1_95' title="bbox 1797 3461 3387 3538; baseline -0.015 -4"><span class='ocrx_word' id='word_1_670' title='bbox 1797 3461 1933 3536; x_wconf 82' lang='lat' dir='ltr'><strong>Illud</strong></span> <span class='ocrx_word' id='word_1_671' title='bbox 1959 3489 2140 3534; x_wconf 88' lang='lat' dir='ltr'><strong>autem</strong></span> <span class='ocrx_word' id='word_1_672' title='bbox 2188 3485 2315 3530; x_wconf 90' lang='lat' dir='ltr'><strong>nota</strong></span> <span class='ocrx_word' id='word_1_673' title='bbox 2367 3471 2625 3534; x_wconf 78' lang='lat' dir='ltr'><strong>maxime,</strong></span> <span class='ocrx_word' id='word_1_674' title='bbox 2675 3468 2803 3538; x_wconf 88' lang='lat' dir='ltr'><strong>quia</strong></span> <span class='ocrx_word' id='word_1_675' title='bbox 2849 3479 2959 3518; x_wconf 91' lang='lat' dir='ltr'><strong>non</strong></span> <span class='ocrx_word' id='word_1_676' title='bbox 2992 3461 3242 3524; x_wconf 89' lang='lat' dir='ltr'><strong>fratrem,</strong></span> <span class='ocrx_word' id='word_1_677' title='bbox 3273 3471 3387 3512; x_wconf 89' lang='lat' dir='ltr'><strong>non</strong></span> 
     </span>
    </p>
   </div>
   <div class='ocr_carea' id='block_1_96' title="bbox 1802 3546 3390 3642">
    <p class='ocr_par' dir='ltr' id='par_1_96' title="bbox 1802 3546 3390 3642">
     <span class='ocr_line' id='line_1_96' title="bbox 1802 3546 3390 3642; baseline -0.018 -16"><span class='ocrx_word' id='word_1_678' title='bbox 1802 3571 2169 3642; x_wconf 84' lang='lat' dir='ltr'><strong>pr0pinquurn</strong></span> <span class='ocrx_word' id='word_1_679' title='bbox 2198 3565 2334 3621; x_wconf 64' lang='lat' dir='ltr'><strong>dixit</strong></span> <span class='ocrx_word' id='word_1_680' title='bbox 2379 3578 2502 3618; x_wconf 84' lang='lat' dir='ltr'><strong>esse</strong></span> <span class='ocrx_word' id='word_1_681' title='bbox 2532 3560 2701 3624; x_wconf 85' lang='lat' dir='ltr'><strong>hunc,</strong></span> <span class='ocrx_word' id='word_1_682' title='bbox 2737 3555 2824 3611; x_wconf 91' lang='lat' dir='ltr'><strong>cui</strong></span> <span class='ocrx_word' id='word_1_683' title='bbox 2857 3550 3121 3611; x_wconf 80' lang='lat' dir='ltr'><strong>vendidit,</strong></span> <span class='ocrx_word' id='word_1_684' title='bbox 3165 3546 3260 3601; x_wconf 86' lang='lat' dir='ltr'><strong>sed</strong></span> <span class='ocrx_word' id='word_1_685' title='bbox 3285 3560 3390 3599; x_wconf 82' lang='lat' dir='ltr'><strong>nec</strong></span> 
     </span>
    </p>
   </div>
   <div class='ocr_carea' id='block_1_97' title="bbox 1800 3634 3391 3734">
    <p class='ocr_par' dir='ltr' id='par_1_97' title="bbox 1800 3634 3391 3734">
     <span class='ocr_line' id='line_1_97' title="bbox 1800 3634 3391 3734; baseline -0.019 -17"><span class='ocrx_word' id='word_1_686' title='bbox 1800 3662 2108 3734; x_wconf 81' lang='lat' dir='ltr'><strong>proximum</strong></span> <span class='ocrx_word' id='word_1_687' title='bbox 2131 3673 2279 3721; x_wconf 91' lang='lat' dir='ltr'><strong>cum,</strong></span> <span class='ocrx_word' id='word_1_688' title='bbox 2304 3654 2464 3716; x_wconf 81' lang='lat' dir='ltr'><strong>dixit,</strong></span> <span class='ocrx_word' id='word_1_689' title='bbox 2491 3644 2948 3720; x_wconf 79' lang='lat' dir='ltr'><strong>quemadmodum</strong></span> <span class='ocrx_word' id='word_1_690' title='bbox 2976 3641 3028 3693; x_wconf 89' lang='lat' dir='ltr'><strong>in</strong></span> <span class='ocrx_word' id='word_1_691' title='bbox 3056 3634 3391 3709; x_wconf 71' lang='lat' dir='ltr'><strong>przecedenli</strong></span> 
     </span>
    </p>
   </div>
   <div class='ocr_carea' id='block_1_98' title="bbox 1804 3728 3393 3823">
    <p class='ocr_par' dir='ltr' id='par_1_98' title="bbox 1804 3728 3393 3823">
     <span class='ocr_line' id='line_1_98' title="bbox 1804 3728 3393 3823; baseline -0.021 -10"><span class='ocrx_word' id='word_1_692' title='bbox 1804 3756 2110 3818; x_wconf 87' lang='lat' dir='ltr'><strong>sanctione,</strong></span> <span class='ocrx_word' id='word_1_693' title='bbox 2140 3753 2195 3806; x_wconf 89' lang='lat' dir='ltr'><strong>in</strong></span> <span class='ocrx_word' id='word_1_694' title='bbox 2224 3765 2330 3820; x_wconf 89' lang='lat' dir='ltr'><strong>qua</strong></span> <span class='ocrx_word' id='word_1_695' title='bbox 2365 3747 2501 3823; x_wconf 57' lang='lat' dir='ltr'><strong>diuit</strong></span> <span class='ocrx_word' id='word_1_696' title='bbox 2535 3762 2548 3798; x_wconf 89' lang='lat'>:</span> <span class='ocrx_word' id='word_1_697' title='bbox 2581 3740 2810 3810; x_wconf 87' lang='lat' dir='ltr'><strong>Quando</strong></span> <span class='ocrx_word' id='word_1_698' title='bbox 2853 3734 3061 3794; x_wconf 83' lang='lat' dir='ltr'><strong>vendes</strong></span> <span class='ocrx_word' id='word_1_699' title='bbox 3109 3728 3393 3800; x_wconf 87' lang='lat' dir='ltr'><strong>quidpiam</strong></span> 
     </span>
    </p>
   </div>
   <div class='ocr_carea' id='block_1_99' title="bbox 1802 3827 3391 3911">
    <p class='ocr_par' dir='ltr' id='par_1_99' title="bbox 1802 3827 3391 3911">
     <span class='ocr_line' id='line_1_99' title="bbox 1802 3827 3391 3911; baseline -0.022 -7"><span class='ocrx_word' id='word_1_700' title='bbox 1802 3849 1906 3904; x_wconf 87' lang='lat' dir='ltr'><strong>civi</strong></span> <span class='ocrx_word' id='word_1_701' title='bbox 1927 3857 2043 3911; x_wconf 91' lang='lat' dir='ltr'><strong>tuo,</strong></span> <span class='ocrx_word' id='word_1_702' title='bbox 2079 3845 2162 3898; x_wconf 89' lang='lat' dir='ltr'><strong>vel</strong></span> <span class='ocrx_word' id='word_1_703' title='bbox 2184 3842 2322 3898; x_wconf 75' lang='lat' dir='ltr'><strong>emis</strong></span> <span class='ocrx_word' id='word_1_704' title='bbox 2339 3840 2406 3892; x_wconf 85' lang='lat' dir='ltr'><strong>ab</strong></span> <span class='ocrx_word' id='word_1_705' title='bbox 2428 3853 2516 3904; x_wconf 88' lang='lat' dir='ltr'><strong>eo,</strong></span> <span class='ocrx_word' id='word_1_706' title='bbox 2537 3850 2648 3890; x_wconf 91' lang='lat' dir='ltr'><strong>non</strong></span> <span class='ocrx_word' id='word_1_707' title='bbox 2674 3829 2970 3886; x_wconf 82' lang='lat' dir='ltr'><strong>contristes</strong></span> <span class='ocrx_word' id='word_1_708' title='bbox 2987 3827 3211 3880; x_wconf 86' lang='lat' dir='ltr'><strong>fratrem</strong></span> <span class='ocrx_word' id='word_1_709' title='bbox 3235 3829 3391 3872; x_wconf 86' lang='lat' dir='ltr'><strong>tuum</strong></span> 
     </span>
    </p>
   </div>
   <div class='ocr_carea' id='block_1_100' title="bbox 1801 3909 3390 3995">
    <p class='ocr_par' dir='ltr' id='par_1_100' title="bbox 1801 3909 3390 3995">
     <span class='ocr_line' id='line_1_100' title="bbox 1801 3909 3390 3995; baseline -0.021 1"><span class='ocrx_word' id='word_1_710' title='bbox 1801 3940 1940 3995; x_wconf 90' lang='lat' dir='ltr'><strong>nihil</strong></span> <span class='ocrx_word' id='word_1_711' title='bbox 1983 3909 2089 3992; x_wconf 84' lang='lat' dir='ltr'><strong>tale</strong></span> <span class='ocrx_word' id='word_1_712' title='bbox 2134 3936 2219 3989; x_wconf 90' lang='lat' dir='ltr'><strong>hic</strong></span> <span class='ocrx_word' id='word_1_713' title='bbox 2249 3933 2476 3993; x_wconf 70' lang='lat' dir='ltr'><strong>addens,</strong></span> <span class='ocrx_word' id='word_1_714' title='bbox 2519 3924 2759 3981; x_wconf 86' lang='lat' dir='ltr'><strong>ostendit</strong></span> <span class='ocrx_word' id='word_1_715' title='bbox 2782 3927 2992 3990; x_wconf 88' lang='lat' dir='ltr'><strong>aperte,</strong></span> <span class='ocrx_word' id='word_1_716' title='bbox 3024 3915 3152 3986; x_wconf 89' lang='lat' dir='ltr'><strong>quia</strong></span> <span class='ocrx_word' id='word_1_717' title='bbox 3187 3913 3255 3968; x_wconf 90' lang='lat' dir='ltr'><strong>dc</strong></span> <span class='ocrx_word' id='word_1_718' title='bbox 3285 3909 3390 3964; x_wconf 90' lang='lat' dir='ltr'><strong>ali-</strong></span> 
     </span>
    </p>
   </div>
   <div class='ocr_carea' id='block_1_101' title="bbox 1803 4001 3398 4102">
    <p class='ocr_par' dir='ltr' id='par_1_101' title="bbox 1803 4001 3398 4102">
     <span class='ocr_line' id='line_1_101' title="bbox 1803 4001 3398 4102; baseline -0.021 -16"><span class='ocrx_word' id='word_1_719' title='bbox 1803 4046 1913 4102; x_wconf 89' lang='lat' dir='ltr'><strong>quo</strong></span> <span class='ocrx_word' id='word_1_720' title='bbox 1936 4045 1966 4083; x_wconf 91' lang='lat' dir='ltr'><strong>a</strong></span> <span class='ocrx_word' id='word_1_721' title='bbox 1997 4027 2155 4082; x_wconf 88' lang='lat' dir='ltr'><strong>nobis</strong></span> <span class='ocrx_word' id='word_1_722' title='bbox 2201 4024 2404 4084; x_wconf 88' lang='lat' dir='ltr'><strong>alieno,</strong></span> <span class='ocrx_word' id='word_1_723' title='bbox 2451 4018 2543 4089; x_wconf 91' lang='lat' dir='ltr'><strong>qui</strong></span> <span class='ocrx_word' id='word_1_724' title='bbox 2568 4015 2708 4071; x_wconf 87' lang='lat' dir='ltr'><strong>male</strong></span> <span class='ocrx_word' id='word_1_725' title='bbox 2735 4021 2924 4067; x_wconf 88' lang='lat' dir='ltr'><strong>nostra</strong></span> <span class='ocrx_word' id='word_1_726' title='bbox 2966 4003 3258 4075; x_wconf 87' lang='lat' dir='ltr'><strong>conquirit.</strong></span> <span class='ocrx_word' id='word_1_727' title='bbox 3295 4001 3398 4055; x_wconf 84' lang='lat' dir='ltr'><strong>lo-</strong></span> 
     </span>
    </p>
   </div>
   <div class='ocr_carea' id='block_1_102' title="bbox 1803 4094 3392 4194">
    <p class='ocr_par' dir='ltr' id='par_1_102' title="bbox 1803 4094 3392 4194">
     <span class='ocr_line' id='line_1_102' title="bbox 1803 4094 3392 4194; baseline -0.021 -15"><span class='ocrx_word' id='word_1_728' title='bbox 1803 4094 2007 4194; x_wconf 79' lang='lat' dir='ltr'><strong>quitur.</strong></span> <span class='ocrx_word' id='word_1_729' title='bbox 2045 4120 2112 4173; x_wconf 85' lang='lat' dir='ltr'><strong>Et</strong></span> <span class='ocrx_word' id='word_1_730' title='bbox 2151 4119 2270 4172; x_wconf 61' lang='lat' dir='ltr'><strong>haec</strong></span> <span class='ocrx_word' id='word_1_731' title='bbox 2305 4113 2524 4184; x_wconf 87' lang='lat' dir='ltr'><strong>quidem</strong></span> <span class='ocrx_word' id='word_1_732' title='bbox 2554 4117 2640 4164; x_wconf 90' lang='lat' dir='ltr'><strong>est</strong></span> <span class='ocrx_word' id='word_1_733' title='bbox 2672 4103 2934 4176; x_wconf 87' lang='lat' dir='ltr'><strong>spiritalis</strong></span> <span class='ocrx_word' id='word_1_734' title='bbox 2977 4094 3392 4165; x_wconf 86' lang='lat' dir='ltr'><strong>contemplatio.</strong></span> 
     </span>
    </p>
   </div>
   <div class='ocr_carea' id='block_1_103' title="bbox 1803 4187 3395 4268">
    <p class='ocr_par' dir='ltr' id='par_1_103' title="bbox 1803 4187 3395 4268">
     <span class='ocr_line' id='line_1_103' title="bbox 1803 4187 3395 4268; baseline -0.019 0"><span class='ocrx_word' id='word_1_735' title='bbox 1803 4187 2086 4268; x_wconf 48' lang='lat' dir='ltr'><strong>manifesta</strong></span> <span class='ocrx_word' id='word_1_736' title='bbox 2109 4218 2290 4262; x_wconf 88' lang='lat' dir='ltr'><strong>autem</strong></span> <span class='ocrx_word' id='word_1_737' title='bbox 2308 4213 2392 4260; x_wconf 89' lang='lat' dir='ltr'><strong>est</strong></span> <span class='ocrx_word' id='word_1_738' title='bbox 2412 4201 2668 4258; x_wconf 85' lang='lat' dir='ltr'><strong>omnibus</strong></span> <span class='ocrx_word' id='word_1_739' title='bbox 2687 4197 2855 4253; x_wconf 90' lang='lat' dir='ltr'><strong>solius</strong></span> <span class='ocrx_word' id='word_1_740' title='bbox 2883 4189 3153 4263; x_wconf 82' lang='lat' dir='ltr'><strong>expositio</strong></span> <span class='ocrx_word' id='word_1_741' title='bbox 3171 4187 3395 4252; x_wconf 57' lang='lat' dir='ltr'><strong>littera,</strong></span> 
     </span>
    </p>
   </div>
   <div class='ocr_carea' id='block_1_104' title="bbox 1805 4277 3412 4366">
    <p class='ocr_par' dir='ltr' id='par_1_104' title="bbox 1805 4277 3412 4366">
     <span class='ocr_line' id='line_1_104' title="bbox 1805 4277 3412 4366; baseline -0.021 -5"><span class='ocrx_word' id='word_1_742' title='bbox 1805 4316 1862 4362; x_wconf 90' lang='lat' dir='ltr'><strong>et</strong></span> <span class='ocrx_word' id='word_1_743' title='bbox 1888 4303 2061 4359; x_wconf 88' lang='lat' dir='ltr'><strong>facilis</strong></span> <span class='ocrx_word' id='word_1_744' title='bbox 2084 4299 2325 4365; x_wconf 89' lang='lat' dir='ltr'><strong>traditio,</strong></span> <span class='ocrx_word' id='word_1_745' title='bbox 2365 4295 2491 4366; x_wconf 86' lang='lat' dir='ltr'><strong>quia</strong></span> <span class='ocrx_word' id='word_1_746' title='bbox 2512 4290 2718 4348; x_wconf 66' lang='lat' dir='ltr'><strong>ludatis</strong></span> <span class='ocrx_word' id='word_1_747' title='bbox 2743 4288 2916 4357; x_wconf 84' lang='lat' dir='ltr'><strong>legem</strong></span> <span class='ocrx_word' id='word_1_748' title='bbox 2951 4277 3315 4342; x_wconf 61' lang='lat' dir='ltr'><strong>sufﬁcientia,</strong></span> <span class='ocrx_word' id='word_1_749' title='bbox 3340 4284 3412 4340; x_wconf 22' lang='lat' dir='ltr'><strong>et,</strong></span> 
     </span>
    </p>
   </div>
   <div class='ocr_carea' id='block_1_105' title="bbox 1804 4376 3396 4468">
    <p class='ocr_par' dir='ltr' id='par_1_105' title="bbox 1804 4376 3396 4468">
     <span class='ocr_line' id='line_1_105' title="bbox 1804 4376 3396 4468; baseline -0.021 -14"><span class='ocrx_word' id='word_1_750' title='bbox 1804 4415 1916 4454; x_wconf 91' lang='lat' dir='ltr'><strong>non</strong></span> <span class='ocrx_word' id='word_1_751' title='bbox 1949 4392 2218 4468; x_wconf 87' lang='lat' dir='ltr'><strong>gaudendi</strong></span> <span class='ocrx_word' id='word_1_752' title='bbox 2246 4391 2301 4445; x_wconf 92' lang='lat' dir='ltr'><strong>in</strong></span> <span class='ocrx_word' id='word_1_753' title='bbox 2324 4387 2554 4444; x_wconf 89' lang='lat' dir='ltr'><strong>avaritia</strong></span> <span class='ocrx_word' id='word_1_754' title='bbox 2591 4398 2686 4454; x_wconf 88' lang='lat' dir='ltr'><strong>per</strong></span> <span class='ocrx_word' id='word_1_755' title='bbox 2721 4380 2824 4435; x_wconf 88' lang='lat' dir='ltr'><strong>tale</strong></span> <span class='ocrx_word' id='word_1_756' title='bbox 2853 4376 3168 4432; x_wconf 88' lang='lat' dir='ltr'><strong>mandatum</strong></span> <span class='ocrx_word' id='word_1_757' title='bbox 3190 4383 3396 4442; x_wconf 88' lang='lat' dir='ltr'><strong>propo-</strong></span> 
     </span>
    </p>
   </div>
   <div class='ocr_carea' id='block_1_106' title="bbox 1736 4463 3398 4559">
    <p class='ocr_par' dir='ltr' id='par_1_106' title="bbox 1736 4463 3398 4559">
     <span class='ocr_line' id='line_1_106' title="bbox 1736 4463 3398 4559; baseline -0.019 -12"><span class='ocrx_word' id='word_1_758' title='bbox 1736 4483 1780 4538; x_wconf 79' lang='grc' dir='ltr'><strong>Ι)</strong></span> <span class='ocrx_word' id='word_1_759' title='bbox 1810 4492 1912 4554; x_wconf 90' lang='lat' dir='ltr'><strong>nit,</strong></span> <span class='ocrx_word' id='word_1_760' title='bbox 1947 4463 2001 4543; x_wconf 77' lang='lat' dir='ltr'><strong>et</strong></span> <span class='ocrx_word' id='word_1_761' title='bbox 2025 4495 2314 4559; x_wconf 88' lang='lat' dir='ltr'><strong>propterea</strong></span> <span class='ocrx_word' id='word_1_762' title='bbox 2355 4479 2732 4552; x_wconf 87' lang='lat' dir='ltr'><strong>possessiones</strong></span> <span class='ocrx_word' id='word_1_763' title='bbox 2765 4487 2862 4542; x_wconf 88' lang='lat' dir='ltr'><strong>per</strong></span> <span class='ocrx_word' id='word_1_764' title='bbox 2885 4468 3150 4525; x_wconf 88' lang='lat' dir='ltr'><strong>circulum</strong></span> <span class='ocrx_word' id='word_1_765' title='bbox 3188 4463 3255 4519; x_wconf 91' lang='lat' dir='ltr'><strong>ad</strong></span> <span class='ocrx_word' id='word_1_766' title='bbox 3278 4476 3398 4527; x_wconf 88' lang='lat' dir='ltr'><strong>eos,</strong></span> 
     </span>
    </p>
   </div>
   <div class='ocr_carea' id='block_1_107' title="bbox 1812 4554 3401 4654">
    <p class='ocr_par' dir='ltr' id='par_1_107' title="bbox 1812 4554 3401 4654">
     <span class='ocr_line' id='line_1_107' title="bbox 1812 4554 3401 4654; baseline -0.021 -15"><span class='ocrx_word' id='word_1_767' title='bbox 1812 4583 1902 4654; x_wconf 88' lang='lat' dir='ltr'><strong>qui</strong></span> <span class='ocrx_word' id='word_1_768' title='bbox 1927 4596 2021 4637; x_wconf 89' lang='lat' dir='ltr'><strong>eas</strong></span> <span class='ocrx_word' id='word_1_769' title='bbox 2038 4554 2206 4634; x_wconf 79' lang='lat' dir='ltr'><strong>semel</strong></span> <span class='ocrx_word' id='word_1_770' title='bbox 2227 4576 2562 4637; x_wconf 81' lang='lat' dir='ltr'><strong>habuerunt,</strong></span> <span class='ocrx_word' id='word_1_771' title='bbox 2582 4565 2783 4622; x_wconf 89' lang='lat' dir='ltr'><strong>reverti</strong></span> <span class='ocrx_word' id='word_1_772' title='bbox 2801 4562 2935 4624; x_wconf 85' lang='lat' dir='ltr'><strong>vult,</strong></span> <span class='ocrx_word' id='word_1_773' title='bbox 2960 4568 3014 4615; x_wconf 90' lang='lat' dir='ltr'><strong>et</strong></span> <span class='ocrx_word' id='word_1_774' title='bbox 3037 4573 3140 4617; x_wconf 90' lang='lat' dir='ltr'><strong>nec</strong></span> <span class='ocrx_word' id='word_1_775' title='bbox 3161 4554 3401 4612; x_wconf 85' lang='lat' dir='ltr'><strong>vendere</strong></span> 
     </span>
    </p>
   </div>
   <div class='ocr_carea' id='block_1_108' title="bbox 1807 4647 3454 4739">
    <p class='ocr_par' dir='ltr' id='par_1_108' title="bbox 1807 4647 3454 4739">
     <span class='ocr_line' id='line_1_108' title="bbox 1807 4647 3454 4739; baseline -0.022 -5"><span class='ocrx_word' id='word_1_776' title='bbox 1807 4647 2005 4739; x_wconf 70' lang='lat' dir='ltr'><strong>vetuit,</strong></span> <span class='ocrx_word' id='word_1_777' title='bbox 2029 4682 2090 4728; x_wconf 91' lang='lat' dir='ltr'><strong>ut</strong></span> <span class='ocrx_word' id='word_1_778' title='bbox 2117 4687 2227 4726; x_wconf 91' lang='lat' dir='ltr'><strong>non</strong></span> <span class='ocrx_word' id='word_1_779' title='bbox 2245 4673 2563 4738; x_wconf 87' lang='lat' dir='ltr'><strong>angustaret</strong></span> <span class='ocrx_word' id='word_1_780' title='bbox 2582 4672 2900 4732; x_wconf 87' lang='lat' dir='ltr'><strong>pauperem,</strong></span> <span class='ocrx_word' id='word_1_781' title='bbox 2924 4667 3030 4708; x_wconf 89' lang='lat' dir='ltr'><strong>nec</strong></span> <span class='ocrx_word' id='word_1_782' title='bbox 3062 4657 3287 4719; x_wconf 81' lang='lat' dir='ltr'><strong>angeret</strong></span> <span class='ocrx_word' id='word_1_783' title='bbox 3316 4647 3400 4700; x_wconf 89' lang='lat' dir='ltr'><strong>in-</strong></span> <span class='ocrx_word' id='word_1_784' title='bbox 3451 4695 3454 4699; x_wconf 37' lang='grc' dir='ltr'>λ</span> 
     </span>
    </p>
   </div>
   <div class='ocr_carea' id='block_1_109' title="bbox 1809 4737 3400 4841">
    <p class='ocr_par' dir='ltr' id='par_1_109' title="bbox 1809 4737 3400 4841">
     <span class='ocr_line' id='line_1_109' title="bbox 1809 4737 3400 4841; baseline -0.023 -15"><span class='ocrx_word' id='word_1_785' title='bbox 1809 4737 2107 4841; x_wconf 86' lang='lat' dir='ltr'><strong>digentem,</strong></span> <span class='ocrx_word' id='word_1_786' title='bbox 2147 4761 2240 4833; x_wconf 88' lang='lat' dir='ltr'><strong>qui</strong></span> <span class='ocrx_word' id='word_1_787' title='bbox 2269 4737 2381 4814; x_wconf 90' lang='lat' dir='ltr'><strong>non</strong></span> <span class='ocrx_word' id='word_1_788' title='bbox 2421 4756 2578 4810; x_wconf 88' lang='lat' dir='ltr'><strong>aliter</strong></span> <span class='ocrx_word' id='word_1_789' title='bbox 2601 4753 2820 4822; x_wconf 84' lang='lat' dir='ltr'><strong>degere,</strong></span> <span class='ocrx_word' id='word_1_790' title='bbox 2861 4759 3040 4815; x_wconf 89' lang='lat' dir='ltr'><strong>neque</strong></span> <span class='ocrx_word' id='word_1_791' title='bbox 3071 4737 3400 4796; x_wconf 81' lang='lat' dir='ltr'><strong>necessitate</strong></span> 
     </span>
    </p>
   </div>
   <div class='ocr_carea' id='block_1_110' title="bbox 1811 4829 3402 4926">
    <p class='ocr_par' dir='ltr' id='par_1_110' title="bbox 1811 4829 3402 4926">
     <span class='ocr_line' id='line_1_110' title="bbox 1811 4829 3402 4926; baseline -0.019 -14"><span class='ocrx_word' id='word_1_792' title='bbox 1811 4829 1991 4926; x_wconf 65' lang='lat' dir='ltr'><strong>aliqua</strong></span> <span class='ocrx_word' id='word_1_793' title='bbox 2010 4829 2243 4909; x_wconf 75' lang='lat' dir='ltr'><strong>evadere</strong></span> <span class='ocrx_word' id='word_1_794' title='bbox 2256 4847 2482 4910; x_wconf 87' lang='lat' dir='ltr'><strong>valeret,</strong></span> <span class='ocrx_word' id='word_1_795' title='bbox 2499 4842 2604 4898; x_wconf 87' lang='lat' dir='ltr'><strong>nisi</strong></span> <span class='ocrx_word' id='word_1_796' title='bbox 2627 4841 2767 4895; x_wconf 90' lang='lat' dir='ltr'><strong>forte</strong></span> <span class='ocrx_word' id='word_1_797' title='bbox 2787 4834 3142 4891; x_wconf 88' lang='lat' dir='ltr'><strong>vendidisset.</strong></span> <span class='ocrx_word' id='word_1_798' title='bbox 3162 4829 3266 4885; x_wconf 90' lang='lat' dir='ltr'><strong>Sed</strong></span> <span class='ocrx_word' id='word_1_799' title='bbox 3298 4842 3402 4882; x_wconf 90' lang='lat' dir='ltr'><strong>nec</strong></span> 
     </span>
    </p>
   </div>
   <div class='ocr_carea' id='block_1_111' title="bbox 1813 4920 3401 5016">
    <p class='ocr_par' dir='ltr' id='par_1_111' title="bbox 1813 4920 3401 5016">
     <span class='ocr_line' id='line_1_111' title="bbox 1813 4920 3401 5016; baseline -0.021 -12"><span class='ocrx_word' id='word_1_800' title='bbox 1813 4963 1908 5004; x_wconf 90' lang='lat' dir='ltr'><strong>eos</strong></span> <span class='ocrx_word' id='word_1_801' title='bbox 1932 4946 2026 5016; x_wconf 91' lang='lat' dir='ltr'><strong>qui</strong></span> <span class='ocrx_word' id='word_1_802' title='bbox 2072 4939 2542 5011; x_wconf 86' lang='lat' dir='ltr'><strong>conquisiverunt,</strong></span> <span class='ocrx_word' id='word_1_803' title='bbox 2575 4946 2794 5002; x_wconf 89' lang='lat' dir='ltr'><strong>semper</strong></span> <span class='ocrx_word' id='word_1_804' title='bbox 2821 4926 3102 4998; x_wconf 87' lang='lat' dir='ltr'><strong>possidere</strong></span> <span class='ocrx_word' id='word_1_805' title='bbox 3133 4920 3401 4992; x_wconf 67' lang='lat' dir='ltr'><strong>prmcipit,</strong></span> 
     </span>
    </p>
   </div>
   <div class='ocr_carea' id='block_1_112' title="bbox 1815 5008 3404 5104">
    <p class='ocr_par' dir='ltr' id='par_1_112' title="bbox 1815 5008 3404 5104">
     <span class='ocr_line' id='line_1_112' title="bbox 1815 5008 3404 5104; baseline -0.021 -11"><span class='ocrx_word' id='word_1_806' title='bbox 1815 5037 1912 5093; x_wconf 90' lang='lat' dir='ltr'><strong>sed</strong></span> <span class='ocrx_word' id='word_1_807' title='bbox 1943 5008 2160 5104; x_wconf 72' lang='lat' dir='ltr'><strong>tempus</strong></span> <span class='ocrx_word' id='word_1_808' title='bbox 2191 5008 2444 5086; x_wconf 84' lang='lat' dir='ltr'><strong>deﬁnivit</strong></span> <span class='ocrx_word' id='word_1_809' title='bbox 2477 5025 2620 5078; x_wconf 89' lang='lat' dir='ltr'><strong>intra</strong></span> <span class='ocrx_word' id='word_1_810' title='bbox 2650 5020 2795 5089; x_wconf 91' lang='lat' dir='ltr'><strong>quod</strong></span> <span class='ocrx_word' id='word_1_811' title='bbox 2842 5019 2926 5071; x_wconf 82' lang='lat' dir='ltr'><strong>lex</strong></span> <span class='ocrx_word' id='word_1_812' title='bbox 2962 5013 3200 5084; x_wconf 89' lang='lat' dir='ltr'><strong>antiquis</strong></span> <span class='ocrx_word' id='word_1_813' title='bbox 3225 5008 3404 5064; x_wconf 87' lang='lat' dir='ltr'><strong>domi-</strong></span> 
     </span>
    </p>
   </div>
   <div class='ocr_carea' id='block_1_113' title="bbox 1816 5104 3404 5199">
    <p class='ocr_par' dir='ltr' id='par_1_113' title="bbox 1816 5104 3404 5199">
     <span class='ocr_line' id='line_1_113' title="bbox 1816 5104 3404 5199; baseline -0.022 -13"><span class='ocrx_word' id='word_1_814' title='bbox 1816 5130 1904 5185; x_wconf 91' lang='lat' dir='ltr'><strong>nis</strong></span> <span class='ocrx_word' id='word_1_815' title='bbox 1924 5125 2328 5199; x_wconf 89' lang='lat' dir='ltr'><strong>possessionem</strong></span> <span class='ocrx_word' id='word_1_816' title='bbox 2355 5118 2630 5174; x_wconf 88' lang='lat' dir='ltr'><strong>redderet.</strong></span> <span class='ocrx_word' id='word_1_817' title='bbox 2650 5112 2786 5180; x_wconf 87' lang='lat' dir='ltr'><strong>Quia</strong></span> <span class='ocrx_word' id='word_1_818' title='bbox 2807 5121 2988 5166; x_wconf 83' lang='lat' dir='ltr'><strong>autem</strong></span> <span class='ocrx_word' id='word_1_819' title='bbox 3011 5104 3244 5176; x_wconf 88' lang='lat' dir='ltr'><strong>amplius</strong></span> <span class='ocrx_word' id='word_1_820' title='bbox 3269 5115 3404 5154; x_wconf 88' lang='lat' dir='ltr'><strong>eon-</strong></span> 
     </span>
    </p>
   </div>
   <div class='ocr_carea' id='block_1_114' title="bbox 1821 5199 3400 5289">
    <p class='ocr_par' dir='ltr' id='par_1_114' title="bbox 1821 5199 3400 5289">
     <span class='ocr_line' id='line_1_114' title="bbox 1821 5199 3400 5289; baseline -0.02 -14"><span class='ocrx_word' id='word_1_821' title='bbox 1821 5215 2193 5289; x_wconf 88' lang='lat' dir='ltr'><strong>templationis</strong></span> <span class='ocrx_word' id='word_1_822' title='bbox 2246 5213 2353 5275; x_wconf 83' lang='lat' dir='ltr'><strong>lex,</strong></span> <span class='ocrx_word' id='word_1_823' title='bbox 2412 5217 2468 5264; x_wconf 91' lang='lat' dir='ltr'><strong>et</strong></span> <span class='ocrx_word' id='word_1_824' title='bbox 2518 5206 2820 5278; x_wconf 89' lang='lat' dir='ltr'><strong>juvaminis</strong></span> <span class='ocrx_word' id='word_1_825' title='bbox 2875 5199 3156 5272; x_wconf 88' lang='lat' dir='ltr'><strong>spiritalis,</strong></span> <span class='ocrx_word' id='word_1_826' title='bbox 3204 5202 3260 5248; x_wconf 92' lang='lat' dir='ltr'><strong>et</strong></span> <span class='ocrx_word' id='word_1_827' title='bbox 3291 5206 3400 5246; x_wconf 90' lang='lat' dir='ltr'><strong>non</strong></span> 
     </span>
    </p>
   </div>
   <div class='ocr_carea' id='block_1_115' title="bbox 1819 5283 3407 5366">
    <p class='ocr_par' dir='ltr' id='par_1_115' title="bbox 1819 5283 3407 5366">
     <span class='ocr_line' id='line_1_115' title="bbox 1819 5283 3407 5366; baseline -0.02 -1"><span class='ocrx_word' id='word_1_828' title='bbox 1819 5283 2121 5366; x_wconf 76' lang='lat' dir='ltr'><strong>secundum</strong></span> <span class='ocrx_word' id='word_1_829' title='bbox 2149 5305 2387 5358; x_wconf 88' lang='lat' dir='ltr'><strong>litteram</strong></span> <span class='ocrx_word' id='word_1_830' title='bbox 2414 5295 2678 5363; x_wconf 90' lang='lat' dir='ltr'><strong>mandati,</strong></span> <span class='ocrx_word' id='word_1_831' title='bbox 2715 5305 2771 5350; x_wconf 85' lang='lat' dir='ltr'><strong>et</strong></span> <span class='ocrx_word' id='word_1_832' title='bbox 2792 5307 2912 5362; x_wconf 60' lang='lat' dir='ltr'><strong>qua;</strong></span> <span class='ocrx_word' id='word_1_833' title='bbox 2936 5291 2990 5344; x_wconf 91' lang='lat' dir='ltr'><strong>in</strong></span> <span class='ocrx_word' id='word_1_834' title='bbox 3017 5283 3302 5356; x_wconf 85' lang='lat' dir='ltr'><strong>superficie</strong></span> <span class='ocrx_word' id='word_1_835' title='bbox 3321 5291 3407 5336; x_wconf 86' lang='lat' dir='ltr'><strong>est</strong></span> 
     </span>
    </p>
   </div>
   <div class='ocr_carea' id='block_1_116' title="bbox 1821 5374 3369 5472">
    <p class='ocr_par' dir='ltr' id='par_1_116' title="bbox 1821 5374 3369 5472">
     <span class='ocr_line' id='line_1_116' title="bbox 1821 5374 3369 5472; baseline -0.02 -15"><span class='ocrx_word' id='word_1_836' title='bbox 1821 5398 2200 5472; x_wconf 83' lang='lat' dir='ltr'><strong>expositionis,</strong></span> <span class='ocrx_word' id='word_1_837' title='bbox 2229 5409 2416 5449; x_wconf 90' lang='lat' dir='ltr'><strong>curam</strong></span> <span class='ocrx_word' id='word_1_838' title='bbox 2437 5391 2656 5453; x_wconf 89' lang='lat' dir='ltr'><strong>habeat,</strong></span> <span class='ocrx_word' id='word_1_839' title='bbox 2689 5384 3042 5442; x_wconf 81' lang='lat' dir='ltr'><strong>manifestam</strong></span> <span class='ocrx_word' id='word_1_840' title='bbox 3062 5374 3369 5446; x_wconf 87' lang='lat' dir='ltr'><strong>sequentia.</strong></span> 
     </span>
    </p>
   </div>
   <div class='ocr_carea' id='block_1_117' title="bbox 1895 5466 3412 5551">
    <p class='ocr_par' dir='ltr' id='par_1_117' title="bbox 1895 5466 3412 5551">
     <span class='ocr_line' id='line_1_117' title="bbox 1895 5466 3412 5551; baseline -0.016 -6"><span class='ocrx_word' id='word_1_841' title='bbox 1895 5466 2061 5548; x_wconf 50' lang='lat' dir='ltr'><strong>Vens.</strong></span> <span class='ocrx_word' id='word_1_842' title='bbox 2101 5487 2293 5548; x_wconf 70' lang='lat'><strong>29-34.</strong></span> <span class='ocrx_word' id='word_1_843' title='bbox 2317 5505 2335 5539; x_wconf 74' lang='grc' dir='ltr'>ι</span> <span class='ocrx_word' id='word_1_844' title='bbox 2373 5483 2478 5551; x_wconf 89' lang='lat' dir='ltr'><strong>Qui</strong></span> <span class='ocrx_word' id='word_1_845' title='bbox 2503 5478 2811 5537; x_wconf 90' lang='lat' dir='ltr'><strong>vendiderit</strong></span> <span class='ocrx_word' id='word_1_846' title='bbox 2837 5477 3056 5531; x_wconf 91' lang='lat' dir='ltr'><strong>domum</strong></span> <span class='ocrx_word' id='word_1_847' title='bbox 3089 5471 3233 5524; x_wconf 89' lang='lat' dir='ltr'><strong>intra</strong></span> <span class='ocrx_word' id='word_1_848' title='bbox 3258 5466 3412 5524; x_wconf 76' lang='lat' dir='ltr'><strong>urbis</strong></span> 
     </span>
    </p>
   </div>
   <div class='ocr_carea' id='block_1_118' title="bbox 2418 5699 3412 5774">
    <p class='ocr_par' dir='ltr' id='par_1_118' title="bbox 2418 5699 3412 5774">
     <span class='ocr_line' id='line_1_118' title="bbox 2418 5699 3412 5774; baseline -0.016 -2"><span class='ocrx_word' id='word_1_849' title='bbox 2418 5717 2466 5751; x_wconf 78' lang='lat'>“</span> <span class='ocrx_word' id='word_1_850' title='bbox 2493 5713 2690 5770; x_wconf 80' lang='lat' dir='ltr'><strong>Matth.</strong></span> <span class='ocrx_word' id='word_1_851' title='bbox 2717 5724 2838 5774; x_wconf 81' lang='lat' dir='ltr'><strong>xm,</strong></span> <span class='ocrx_word' id='word_1_852' title='bbox 2871 5706 2963 5774; x_wconf 69' lang='lat'><strong>27,</strong></span> <span class='ocrx_word' id='word_1_853' title='bbox 2997 5705 3086 5762; x_wconf 75' lang='grc'><strong>28.</strong></span> <span class='ocrx_word' id='word_1_854' title='bbox 3177 5703 3225 5736; x_wconf 76' lang='grc'><strong>’⁸</strong></span> <span class='ocrx_word' id='word_1_855' title='bbox 3252 5699 3412 5756; x_wconf 80' lang='lat' dir='ltr'><strong>Rom.</strong></span> 
     </span>
    </p>
   </div>
   <div class='ocr_carea' id='block_1_119' title="bbox 1883 5717 2344 5789">
    <p class='ocr_par' dir='ltr' id='par_1_119' title="bbox 1883 5717 2344 5789">
     <span class='ocr_line' id='line_1_119' title="bbox 1883 5717 2344 5789; baseline -0.015 -8"><span class='ocrx_word' id='word_1_856' title='bbox 1883 5726 1929 5759; x_wconf 83' lang='lat'><strong>’°</strong></span> <span class='ocrx_word' id='word_1_857' title='bbox 1968 5724 2074 5782; x_wconf 87' lang='lat' dir='ltr'><strong>lsa.</strong></span> <span class='ocrx_word' id='word_1_858' title='bbox 2106 5736 2258 5789; x_wconf 74' lang='lat' dir='ltr'><strong>uxr,</strong></span> <span class='ocrx_word' id='word_1_859' title='bbox 2289 5717 2344 5774; x_wconf 75' lang='lat' dir='ltr'><strong>I.</strong></span> 
     </span>
    </p>
   </div>
  </div>
