3892 6464
564 386 702 456 1123

1745 375 2111 437 HESYCHII
2161 373 2639 435 PRESBYTERI

3665 384 3755 447 liii

559 517 771 568 muros,
813 498 1043 556 habebit
1093 496 1371 553 licentiam
1423 491 1748 556 redimendi,
1793 489 1970 546 donec
2004 502 2148 544 unus
2178 491 2221 548 Α
2251 486 2667 558 quodammodo
2690 483 2995 568 libertatem
3015 488 3317 558 accipiunt.
3342 486 3446 543 Sed
3463 489 3757 551 ctJudcorum

562 593 855 665 impleatur
892 605 1086 647 annus.
1113 588 1172 643 Si
1203 603 1313 642 non
1337 584 1651 649 redemerit,
1676 590 1728 639 et
1751 581 1879 636 anni
1907 581 2149 636 circulus

564 685 729 742 fuerit
761 683 1035 747 evolutus,
1067 688 1283 751 emptor
1321 677 1622 750 possidebit
1661 690 1803 738 eam,
1851 682 1908 729 et
1944 672 2149 743 posteri

564 779 684 849 ejus
714 778 769 832 in
799 784 1149 847 perpetuum,
1186 785 1241 828 et
1284 770 1473 826 redimi
1514 784 1624 823 non
1657 767 1858 838 poterit
1888 767 2051 821 etiam
2094 764 2149 818 in

560 870 787 941 juhileo.
821 867 916 922 Sin
941 877 1120 922 autem
1157 865 1211 919 in
1229 864 1352 917 villa
1385 861 1545 917 fuerit
1585 859 1799 926 domus,
1822 874 1944 928 qua
1966 872 2152 912 muros

565 978 677 1017 non
699 961 882 1024 habet,
913 973 1166 1029 agrorum
1198 957 1318 1026 jure
1330 954 1618 1009 vendetur.
1645 949 1847 1006 Siante
1871 950 2150 1020 redempta

565 1071 677 1111 non
701 1054 888 1118 fuerit,
918 1052 970 1106 in
996 1051 1202 1122 jubileo
1223 1055 1531 1104 revertetur
1548 1050 1615 1101 ad
1635 1045 1949 1100 Dominum.
1980 1043 2152 1097 Edes

569 1144 884 1201 Levitarum
933 1140 1149 1213 quain
1195 1139 1426 1205 urbibus
1476 1146 1626 1202 sunt,
1660 1151 1878 1206 semper
1926 1142 2157 1206 possunt

568 1236 780 1292 redimi.
812 1234 872 1290 Si
902 1235 1198 1304 redempta
1230 1246 1339 1287 non
1378 1230 1583 1285 fuerint
1623 1230 1674 1283 in
1703 1228 1927 1298 jubileo,
1967 1241 2154 1280 rever-

568 1337 754 1385 tentur
792 1327 859 1382 ad
893 1326 1162 1391 dominos,
1203 1324 1330 1394 quia
1361 1323 1558 1377 domus
1598 1320 1814 1375 urbium
1843 1318 2156 1372 Levitarum

569 1437 668 1491 pro
713 1417 1156 1492 possessionibus
1197 1423 1326 1471 sunt
1373 1414 1515 1468 ittter
1546 1413 1686 1467 ﬁlios
1727 1411 1915 1465 Israel.
1942 1410 2158 1464 Subur-

570 1514 711 1568 baua
762 1521 946 1566 autem
987 1524 1180 1566 eorum
1227 1523 1338 1563 non
1391 1506 1638 1574 veniunt,
1704 1505 1833 1575 quia
1882 1502 2159 1574 possessio

506 1636 511 1640 -
569 1603 908 1674 sempiterna
930 1610 1034 1657 est.
1075 1619 1094 1652 ι

642 1668 708 1751 Si
739 1695 807 1749 ad
840 1710 1003 1749 unam
1030 1693 1139 1748 hoc
1163 1668 1522 1747 intentionem
1552 1688 1831 1761 legislator
1854 1686 2157 1749 habuisset,

573 1794 635 1842 ut
665 1786 1042 1857 possessiones
1076 1800 1186 1840 non
1210 1783 1469 1839 caderent
1507 1783 1575 1836 ab
1600 1781 1721 1835 aliis
1761 1781 1827 1836 ad
1858 1780 2012 1847 alios,
2042 1787 2162 1833 erat

574 1881 779 1951 quippe
825 1880 930 1934 hoc
978 1878 1128 1941 utile,
1173 1877 1299 1947 quia
1347 1876 1416 1930 de
1463 1874 1810 1938 sufficientia,
1857 1871 2159 1928 secundum

574 1969 719 2039 quod
752 1967 1012 2030 diximus,
1032 1967 1118 2021 lex
1145 1981 1334 2021 curam
1367 1964 1540 2035 gerit:
1570 1964 1728 2033 cujus
1762 1971 1920 2034 putas
1937 1964 2012 2017 rei
2042 1978 2166 2033 gra-

516 2094 519 2095 ν
578 2061 673 2127 tia,
703 2062 926 2131 quando
952 2075 1060 2115 non
1090 2059 1295 2114 fuerint
1330 2058 1473 2113 intra
1497 2072 1724 2121 annum,
1767 2058 1909 2111 sicut
1945 2054 2043 2121 ait,
2073 2071 2165 2107 re-

576 2151 832 2222 dempta,
884 2150 1103 2221 proprie
1141 2163 1262 2205 esse
1312 2147 1753 2218 conquirentium
1791 2146 1958 2217 jussa
1999 2144 2167 2200 sunt?

578 2245 685 2300 Sed
711 2260 812 2299 nec
836 2244 941 2299 hoc
971 2242 1309 2313 simpliciter,
1338 2242 1435 2296 sed
1460 2240 1571 2296 imo
1601 2240 1855 2296 subtilem
1873 2239 2167 2310 quamdam

575 2332 895 2389 custodiens
920 2330 1267 2387 divisionem.
1302 2329 1656 2400 Qnacunquc
1687 2329 1835 2385 enim
1871 2331 2014 2383 intra
2043 2346 2167 2384 mu-

575 2442 669 2483 ros
691 2434 822 2482 sunt
849 2424 1183 2481 munitarum
1206 2423 1515 2489 civitatum,
1558 2423 1698 2478 intra
1729 2439 1939 2478 annum
1973 2421 2169 2477 redimi

576 2518 924 2577 solummodo
958 2518 1152 2572 liceret
1200 2530 1213 2569 :
1244 2530 1586 2587 quacunque
1615 2527 1799 2571 autem
1820 2515 1873 2570 in
1904 2529 2013 2570 non
2046 2529 2170 2569 mn-

576 2610 730 2676 ratis,
763 2606 1040 2664 licentiam
1057 2604 1246 2661 haberi
1268 2604 1533 2659 liberandi
1554 2620 1648 2660 eas
1666 2619 1887 2675 semper
1898 2603 2171 2675 permisit.

464 2689 484 2703 ’
579 2703 895 2758 Levitarum
940 2708 1126 2755 autem
1168 2699 1382 2765 domos,
1421 2697 1536 2752 sive
1580 2697 1637 2751 in
1690 2697 1921 2751 muratis
1967 2696 2083 2752 sive
2118 2697 2173 2750 in

578 2811 692 2875 ηομ
739 2792 972 2848 muralis
1008 2792 1145 2856 sint,
1197 2788 1652 2860 semper'redimi
1680 2788 1961 2859 praecepit.
2002 2790 2177 2859 Agros

581 2894 766 2941 autem
795 2882 1054 2947 vendere,
1072 2894 1265 2935 omnes
1295 2877 1743 2949 prohibuitJlac
1772 2887 1955 2933 autem
1978 2877 2175 2933 distin-

581 2975 714 3037 ctio.
764 2974 882 3044 jam
935 2971 1273 3026 infructuosa
1325 2978 1409 3025 est
1430 2968 1498 3024 ad
1550 2967 1747 3023 faciem
1795 2967 1991 3023 littera
2013 2982 2175 3038 quam

583 3066 868 3123 ostendit:
898 3064 1026 3135 quia
1052 3063 1142 3118 lex
1183 3062 1289 3118 fuit
1318 3062 1559 3132 quidem,
1609 3060 1829 3132 quando
1859 3061 2049 3117 habuit
2086 3060 2177 3129 ju-

2251 580 2653 645 collectionem,
2707 562 2984 650 quomodo
3019 580 3269 650 quadam
3324 594 3424 650 per
3451 582 3672 650 quosdam
3703 588 3758 641 iu-

2226 670 2559 744 'telligibiles
2587 671 2825 735 Levitas,
2849 668 2903 727 id
2927 679 3031 737 est,
3061 669 3341 741 apostolos
3369 671 3636 737 salventur,
3654 677 3758 732 nimis

2253 768 2556 824 secundum
2587 767 2731 849 quod
2766 768 2935 822 Deum
2970 767 3147 833 decet,
3177 766 3631 837 exponitdicens:

2326 859 2429 925 Qui
2465 862 2759 915 vendiderit
2788 861 3002 914 domum
3040 860 3181 913 intra
3233 860 3381 913 urbis
3412 876 3594 924 muros,
3624 861 3759 916 habebit

2257 953 2527 1006 licentiam
2582 953 2873 1006 redimendi
2927 952 3090 1005 donec
3131 967 3268 1004 unus
3320 949 3592 1020 impleatur
3634 969 3758 1012 cum

2256 1044 2385 1100 llaec
2430 1046 2497 1100 de
2528 1043 2844 1100 Judaorum
2900 1044 3178 1114 Synagoga
3211 1042 3590 1112 intelligamus,
3614 1060 3702 1112 qua!
3730 1048 3761 1100 in

2258 1137 2365 1193 hac
2405 1137 2650 1191 nubatur
2709 1135 2929 1207 quidem
2986 1154 2999 1190 :
3059 1142 3360 1204 propterea
3388 1133 3530 1187 enim
3555 1147 3651 1187 eam
3674 1135 3761 1193 Deus

2258 1246 2358 1302 per
2401 1229 2644 1301 Moysen,
2671 1237 2734 1284 ut
2762 1236 2819 1283 et
2861 1227 3206 1282 habitaretur
3238 1223 3542 1289 constituit,
3572 1224 3673 1279 licet
3694 1227 3759 1295 ipsa

2262 1327 2376 1381 hac
2391 1340 2502 1379 non
2534 1322 2881 1387 custodierit,
2908 1322 2974 1377 ab
2998 1322 3086 1386 iis,
3114 1321 3168 1375 in
3195 1320 3406 1391 quibus
3435 1318 3757 1378 inhabitarent.

2260 1420 2488 1489 Propter
2525 1417 2690 1487 quod,
2730 1427 2784 1471 et
2827 1415 3095 1469 Dominus
3125 1414 3337 1468 Judaeis
3370 1412 3575 1467 dicebat
3603 1431 3614 1465 :
3642 1414 3761 1470 Domst

2262 1526 2400 1577 mea,
2448 1510 2634 1563 domus
2667 1508 2921 1563 orationis
2966 1507 3242 1561 vocabitur
3265 1521 3284 1559 :
3310 1520 3400 1558 vos
3444 1515 3607 1557 autem
3644 1507 3760 1577 fuistis

2262 1617 2384 1654 eam
2424 1599 2731 1669 speluncam
2769 1598 3036 1652 latronum
3067 1596 3133 1650 “.
3185 1596 3321 1650 Erat
3349 1604 3529 1649 autem
3559 1595 3604 1648 in
3629 1597 3761 1652 civitate

2264 1701 2479 1746 murata
2515 1692 2569 1746 in
2609 1689 2915 1746 Jerusalem
2952 1707 2963 1741 :
2996 1687 3233 1743 habebat
3265 1687 3418 1742 enim
3448 1701 3641 1739 murum
3664 1688 3759 1758 lrgen

2269 1783 2445 1850 hanc;
2474 1782 2664 1837 vendit
2695 1781 2969 1851 quispiam
2998 1797 3011 1833 :
3036 1794 3144 1833 non
3179 1787 3370 1831 tamen
3397 1777 3487 1830 hic
3505 1777 3761 1841 venditorem,

2269 1888 2449 1945 neque
2499 1875 2891 1944 propinquum,
2934 1886 3115 1941 neque
3143 1870 3489 1941 proximum,
3521 1868 3641 1921 sicut
3671 1886 3760 1938 Stpn

2266 1966 2579 2037 appellavit,
2608 1981 2788 2036 neque
2809 1965 2953 2020 cnim
2980 1978 3124 2018 unus
3153 1969 3275 2016 erat
3313 1962 3458 2016 hanc
3488 1960 3759 2023 vendens,sed

2270 2058 2437 2112 totius
2478 2057 2793 2112 Judaorum
2835 2054 3074 2126 populus
3125 2053 3271 2107 male
3312 2053 3521 2113 vivens,
3550 2052 3626 2120 qui
3662 2066 3762 2120 neque

2270 2147 2456 2217 frater,
2500 2162 2683 2218 neque
2711 2155 2979 2219 cognatus
3017 2145 3218 2216 dignus
3255 2151 3380 2198 erat
3413 2143 3759 2213 appellati,utttte

2271 2256 2396 2296 eum
2459 2240 2625 2295 etiam
2688 2238 2951 2310 populum
3004 2238 3379 2291 Sodomorum
3444 2243 3497 2288 et
3533 2233 3757 2288 Gomonhri

2274 2333 2417 2388 Deus
2434 2348 2532 2403 per
2558 2332 2713 2388 Isaia
2735 2330 3079 2402 prophetiam
3096 2327 3416 2399 appellavit.
3437 2326 3627 2391 Audite,
3645 2326 3756 2394 inquit,

2273 2426 2487 2481 verbum
2526 2425 2763 2488 Domini,
2788 2423 3054 2493 principes
3081 2419 3460 2482 Sodomorum,
3489 2418 3670 2469 auribus
3690 2435 3760 2483 ριγ-

2275 2518 2430 2588 cipite
2484 2516 2646 2588 legem
2687 2516 2783 2569 Dei
2833 2515 3002 2568 nostri
3032 2512 3261 2584 populus
3306 2509 3757 2567 Comorrhaz".htitt

2273 2622 2458 2666 autem
2505 2609 2573 2665 ad
2622 2622 2717 2664 eos
2751 2623 2969 2663 rursum
2993 2606 3274 2677 Propheta
3313 2603 3529 2659 ditebat
3557 2618 3571 2655 :
3604 2600 3760 2653 Cuius

2275 2704 2436 2758 ditari
2462 2702 2674 2757 vendidi
2717 2718 2804 2756 vos
2825 2702 2852 2755 ?
2872 2700 3006 2755 Ecce
3058 2699 3258 2754 venditi
3285 2697 3412 2751 estis
3428 2696 3480 2748 in
3505 2692 3759 2762 ittiqut'luliitt

2275 2797 2463 2851 vestris
2483 2796 2549 2850 ".
2575 2795 2682 2851 Sed
2702 2795 2898 2851 licebat
2918 2794 2998 2849 eis
3022 2794 3165 2848 hanc
3194 2790 3567 2847 venditionem
3587 2788 3761 2842 redimere

2278 2890 2331 2944 in
2364 2904 2533 2953 anno,
2577 2888 2633 2943 in
2662 2902 2772 2959 quo
2800 2887 3052 2943 Christus
3082 2885 3233 2941 omni
3256 2884 3447 2956 generi
3472 2884 3759 2941 humanum:-

2278 2982 2424 3038 xime
2447 2982 2650 3053 populo
2679 2979 2991 3037 Judaorum
3034 2977 3479 3047 redemptionem
3522 2981 3761 3044 peccatorum

2277 3063 2615 3147 praedicavit.
2666 3074 2838 3142 Quem
2887 3087 3092 3128 annum
3132 3086 3288 3127 nunc
3332 3068 3545 3141 quidem
3583 3064 3759 3136 lcgisbtot

530 3196 539 3201 -
580 3176 780 3220 vimen
814 3160 883 3216 de
912 3159 1117 3223 littera.
1150 3173 1260 3213 ιιοη
1297 3164 1479 3249 tamen
1504 3171 1749 3249 εθηΨθΓιγ
1772 3171 1878 3212 “0‘3
1902 3157 1970 3211 de
2004 3156 2174 3221 omni.
2205 3193 2247 3249 ρ
2281 3167 2487 3232 innuit,
2511 3174 2699 3237 aperte
2731 3165 2899 3221 Isaias
2919 3164 3165 3219 exhibuit
3192 3182 3205 3217 :
3236 3161 3470 3234 Spiritus
3490 3158 3760 3224 Domint'suptt

581 3264 810 3326 propter
837 3252 983 3323 quod
1012 3250 1063 3307 ei
1110 3248 1504 3321 contemplatio
1547 3248 1812 3320 spiritalis
1851 3249 2168 3305 necessaria

585 3358 690 3404 est.
736 3346 953 3404 Utilitas
998 3352 1183 3401 autem
1215 3343 1345 3399 hinc
1373 3343 1679 3399 intendenti
1709 3351 1996 3413 perpetua,
2022 3350 2077 3397 et
2109 3342 2179 3398 de

586 3440 737 3517 omni
781 3437 1041 3494 mandato
1086 3436 1224 3508 legis
1259 3435 1515 3507 provenit
1549 3442 1881 3506 :proptcrea
1926 3434 2181 3490 durescit

582 3536 790 3597 littera,
823 3541 885 3587 ut
906 3530 1236 3587 necessitate
1264 3530 1458 3594 coacti,
1479 3530 1549 3586 ad
1575 3530 1914 3601 spiritualem
1938 3539 2182 3586 contem—

587 3624 887 3697 plationem
933 3636 1305 3678 recurramus.
1353 3621 1511 3679 Unde
1538 3631 1596 3677 et
1652 3622 1854 3678 Paulus
1905 3623 2122 3679 dicebat
2163 3641 2177 3677 τ

589 3720 734 3772 Ante
775 3715 920 3772 enim
961 3728 1125 3785 quam
1170 3713 1387 3770 veniret
1439 3714 1595 3780 ﬁdes,
1624 3714 1726 3769 sub
1754 3714 1873 3784 lege
1909 3715 2181 3771 custodie-

589 3808 809 3872 bamur,
837 3806 1081 3863 conclusi
1108 3805 1164 3861 in
1194 3801 1318 3863 eam
1339 3804 1527 3872 ﬁdem,
1582 3822 1704 3873 qua
1728 3806 2015 3862 revelanda
2038 3816 2178 3863 erat.

589 3897 815 3955 Littera
839 3897 987 3953 enim
1038 3897 1345 3964 conclusio,
1389 3897 1699 3954 libertatem
1758 3914 1943 3954 amare
1990 3900 2185 3956 suadet

589 3991 821 4063 spiritus
852 3988 1070 4046 ".Jam
1127 4005 1282 4046 nunc
1338 4006 1469 4064 ergo
1522 3992 1814 4063 praesentis
1872 3994 2183 4049 sanctionis
2243 4005 2247 4011 '

588 4087 954 4144 discutiamus
997 4087 1290 4153 virtutem,
1321 4086 1377 4141 in
1409 4087 1849 4158 praet-dentibus
1893 4088 2056 4145 unius
2088 4104 2185 4145 cu-

544 4209 551 4218 -
587 4180 809 4252 jusdam
834 4178 1239 4250 possessionem
1267 4192 1601 4249 proponens,
1630 4178 1708 4234 ait
1738 4194 1887 4252 ergo:

666 4269 725 4329 Si
749 4280 1056 4326 attenuatus
1090 4272 1258 4341 frater
1290 4279 1433 4335 tuus,
1465 4271 1754 4326 vendiderit
1796 4275 2186 4341 possessiuncu-

599 4365 709 4420 lam
733 4379 909 4427 suam,
932 4370 981 4416 et
1000 4360 1222 4417 voluerit
1239 4363 1565 4432 propinquus
1586 4362 1723 4433 ejus,
1745 4373 1914 4432 potest
1932 4365 2188 4420 redimere

550 4474 555 4477 '
594 4456 736 4527 quod
776 4454 867 4509 ille
898 4454 1206 4509 vendiderat
1231 4468 1251 4509 :
1278 4455 1361 4508 sin
1387 4464 1565 4509 autem
1594 4470 1696 4508 non
1734 4455 1977 4510 habuerit
2005 4459 2186 4527 proxi-

2282 3276 2386 3325 me,
2430 3275 2489 3313 eo
2530 3259 2669 3330 quod
2706 3258 2859 3311 unxit
2902 3256 3159 3311 Dominus
3197 3272 3285 3309 me
3329 3255 3402 3309 ad
3450 3249 3756 3306 annuntiandm

2281 3352 2569 3408 mansuetis
2612 3352 2749 3405 misit
2783 3367 2884 3415 me,
2933 3360 2990 3403 ut
3037 3350 3276 3403 mederer
3313 3347 3555 3402 contritas
3587 3342 3759 3405 rorde,n

2279 3445 2628 3516 prwdicarem
2658 3442 2879 3512 captivis
2908 3438 3300 3511 indulgentiam
3337 3447 3385 3492 et
3412 3435 3586 3490 clausis
3612 3430 3757 3500 apertio-

2283 3554 2422 3602 nem,
2479 3546 2536 3591 ut
2573 3537 2922 3607 pra’dicarem
2982 3550 3180 3588 artuum
3212 3531 3524 3604 placabilem
3563 3525 3759 3587 Domitia

2283 3631 2422 3685 diem
2450 3629 2666 3683 ultionis
2690 3628 2916 3683 Domino
2941 3636 3119 3681 nostra
3147 3627 3220 3681 ”.
3252 3626 3425 3682 Unde
3448 3633 3499 3678 et
3521 3616 3759 3690 Septuaginta

2283 3722 2618 3778 ediderunt:
2659 3720 2869 3775 Diurna
2910 3720 3008 3774 erit
3068 3718 3301 3773 redditio
3343 3716 3474 3787 ejus,
3504 3713 3608 3783 quia
3630 3706 3762 3779 peruu-

2283 3813 2434 3888 gulos
2461 3814 2571 3869 dies
2596 3813 2712 3883 ejus
2744 3826 2762 3866 :
2795 3812 2889 3883 qui
2918 3810 3098 3866 dictus
3124 3819 3208 3865 est
3228 3810 3386 3875 anni,
3412 3806 3589 3863 licebat
3605 3803 3663 3858 eis
3681 3795 3759 3869 quod

2285 3906 2657 3963 vendiderunt
2702 3903 2942 3969 diabolo,
2987 3902 3393 3957 redimentibus
3416 3891 3757 3956 venundarilico.

2285 3999 2407 4057 Non
2427 4000 2541 4071 jam
2589 3998 2738 4054 enim
2772 3995 3041 4052 dominari
3071 3995 3153 4050 eis
3180 3993 3462 4059 inimicus,
3493 3998 3645 4062 utpote
3663 3981 3759 4038 semel

2287 4094 2400 4150 Deo
2440 4090 2787 4157 venundatis,
2812 4097 3050 4161 poterat,
3079 4088 3209 4159 quia
3239 4088 3397 4142 enim
3432 4085 3509 4140 eis
3536 4095 3624 4137 non
3645 4071 3756 4131 semel.

2286 4203 2393 4244 nec
2435 4185 2700 4251 secundo,
2742 4184 2837 4239 sed
2858 4182 3102 4254 quotidie
3136 4182 3341 4237 licebat
3372 4176 3758 4250 captivitatem!!!-

2286 4279 2465 4352 priam
2481 4277 2772 4341 redimere,
2791 4275 2915 4329 audi
2932 4274 3221 4329 Dominum
3236 4273 3505 4328 dicentem
3522 4289 3531 4323 ;
3546 4258 3756 4352 Jerusalem,

2286 4344 2725 4441 :lerusalem,quaz
2744 4366 2934 4422 occidis
2953 4364 3267 4434 Prophetas,
3287 4375 3338 4419 et
3360 4363 3554 4432 lapides
3569 4371 3633 4411 eos
3649 4349 3707 4420 qvi
3722 4344 3758 4395 σέ

2290 4476 2341 4521 te
2383 4464 2530 4519 missi
2568 4473 2713 4526 sunt,
2769 4462 2971 4533 quoties
3004 4459 3146 4514 volui
3196 4470 3510 4529 congregare
3547 4449 3653 4521 [ilics
3680 4452 3753 4533 ttat.

594 4562 761 4612 mum,
776 4556 827 4601 et
842 4547 955 4616 ipse
969 4546 1197 4615 pretium
1217 4546 1288 4600 ad
1299 4546 1659 4602 redimendum
1677 4549 1908 4617 potuerit
1927 4551 2192 4606 invenire:
2226 4554 2269 4608 D
2299 4556 2743 4630 quemadmodum
2761 4531 2967 4626 gallina
2987 4561 3268 4623 congregat
3287 4549 3458 4621 pullos
3479 4559 3583 4600 suos
3597 4536 3665 4593 sub
3679 4531 3753 4627 alii.

595 4637 1039 4707 computabantur
1061 4639 1263 4710 {ructus
1291 4652 1356 4693 ea:
1382 4646 1698 4707 eoitempore
1719 4657 1823 4712 quo
1848 4642 2099 4707 vendidit,
2136 4653 2186 4698 et

596 4730 738 4801 quod
766 4729 1027 4795 reliquum
1050 4739 1125 4785 est
1152 4730 1331 4785 reddet
1352 4732 1595 4799 emptori,
1617 4733 1794 4804 sicque
1817 4735 2034 4806 recipiet
2064 4753 2187 4807 pos-

595 4822 876 4877 sessionem
919 4837 1075 4877 suam
1101 4837 1120 4877 :
1151 4822 1289 4894 quod
1315 4823 1360 4876 si
1392 4838 1496 4876 non
1538 4824 1801 4878 invenerit
1814 4818 2009 4881 'manns
2048 4828 2183 4898 ejus,

597 4920 657 4969 ut
688 4914 877 4968 reddat
907 4915 1158 4985 pretium,
1180 4912 1386 4968 habebit
1406 4926 1611 4984 emptor
1639 4916 1778 4986 quod
1803 4927 2002 4971 emerat
2023 4936 2188 4991 usque

599 5005 673 5058 ad
701 5020 900 5058 annum
918 5003 1207 5074 jubileum.

670 5095 976 5167 Specialem
1013 5096 1450 5167 uniuscujusque
1488 5098 1964 5156 conversationem
1998 5108 2188 5175 procul

597 5187 769 5243 dubio
791 5188 1063 5257 exposuit.
1095 5185 1194 5241 llic
1218 5194 1403 5241 autem
1437 5201 1549 5242 non
1574 5187 1687 5253 jam
1714 5190 1783 5244 de
1812 5197 2190 5252 conversatio-

601 5294 674 5333 ne
755 5278 1000 5349 speciali,
1057 5277 1165 5333 sed-
1211 5277 1381 5333 totius
1431 5275 1750 5351 Synagoga,
1783 5283 1878 5337 ‘vel
1927 5286 2188 5345 Ecclesia

597 5370 860 5439 loquitur.
882 5368 945 5423 In
969 5367 1166 5438 quibus
1192 5367 1510 5422 Judaorum
1532 5368 1813 5444 Synagoga
1841 5374 1896 5429 in
1922 5391 2008 5443 eo,
2041 5381 2188 5448 quod

597 5469 781 5517 manet
827 5475 1001 5529 usque
1045 5474 1193 5514 nunc
1238 5459 1383 5529 apud
1427 5461 1839 5531 conquirentcm
1881 5467 2186 5539 inimicum,

595 5558 651 5605 et
682 5550 1054 5607 adversarium
1085 5546 1336 5603 serviens
1366 5565 1383 5604 :
1418 5547 1677 5609 Ecclesia
1711 5563 1918 5626 autem,
1945 5559 2189 5631 gentium

566 5811 624 5855 ._
659 5772 707 5855 ’1
734 5770 1029 5855 Galat._ttt,
1057 5765 1150 5826 25.
1227 5767 1275 5802 “
1312 5768 1505 5827 Matth.
1545 5792 1654 5846 xui,
1692 5779 1776 5833 l3.
1851 5781 1899 5815 "
1932 5780 2040 5837 lsa.
2079 5798 2121 5851 ι,
2159 5783 2245 5839 l0.
2324 5785 2372 5817 “
2400 5782 2505 5841 lsa.
2537 5802 2589 5855 1.,
2629 5787 2648 5841 l

602 5839 736 5896 Luc.
766 5855 886 5904 xm,
916 5841 1006 5897 5i.

2292 4618 2341 4700 et
2365 4645 2580 4702 noluisti
2615 4643 2706 4697 '3?
2738 4618 2797 4699 ιὶι
2831 4657 2897 4698 eo
2926 4618 3251 4712 eniquuod
3275 4618 3428 4702 dixit,
3459 4618 3753 4708 quoties,mani'

2293 4736 2534 4800 festavit,
2561 4733 2687 4804 quia
2717 4733 2962 4811 quotidie
2992 4732 3192 4787 licebat
3216 4731 3298 4787 eis
3325 4728 3575 4803 propriam
3597 4722 3751 4791 perii”?

2294 4828 2750 4898 redemptionem,
2773 4825 2820 4880 si
2841 4824 3067 4880 omnino
3087 4824 3404 4889 voluissent,
3421 4819 3533 4891 quia
3553 4815 3748 4898 autent“0n

2294 4897 2576 4986 volebant,
2609 4920 2805 4975 similia
2846 4919 2932 4974 his
2971 4934 3095 4989 qua
3132 4918 3268 4974 dixit
3293 4916 3548 4972 Christus.
3584 4897 3750 4973 ΙιἚίδῘίίιυτ

2292 5013 2567 5085 exposuit,
2600 5013 2670 5069 ab
2692 5013 2812 5083 ipso
2838 5013 2984 5066 enim
3017 5010 3067 5065 ei
3088 5011 3312 5081 spiritus
3343 4992 3743 5085 subministrabant

2363 5082 2422 5162 Si
2450 5115 2573 5159 ante
2611 5082 2882 5176 redempta
2920 5119 3025 5157 non
3063 5104 3225 5175 fuerit
3255 5118 3413 5174 usque
3444 5098 3553 5152 dum
3572 5082 3747 5154 impleam

2293 5211 2467 5249 annus
2513 5194 2915 5263 conﬁrmabitur
2948 5201 3134 5248 domus
3178 5209 3294 5264 qua:
3317 5201 3387 5248 est
3426 5190 3476 5242 in
3501 5175 3743 5238 civitate?”

2294 5285 2449 5339 habet
2471 5301 2649 5339 muros
2680 5286 2786 5338 veri
2824 5285 3074 5355 emptoris
3097 5294 3512 5355 posterorumque
3527 5266 3745 5355 ελωῖηρετξ

2293 5385 2507 5445 petitum
2535 5387 2582 5430 et
2607 5377 2796 5431 redimi
2822 5351 2923 5430 non
2943 5351 3134 5447 poterit
3154 5378 3209 5431 in
3222 5377 3437 5448 jubilco.
3453 5351 3742 5424 Dominatusﬁi

2295 5467 2441 5523 enim
2471 5464 2781 5523 Judaorum
2806 5466 3124 5540 Synagoga,
3152 5470 3244 5540 qui
3281 5484 3395 5525 eam
3422 5462 3534 5521 emit
3556 5449 3740 5511 inimin

2298 5572 2352 5617 et
2376 5562 2586 5633 posteri
2617 5562 2736 5633 ejus
2762 5564 2816 5618 in
2846 5572 3173 5633 perpetuum
3201 5565 3348 5620 omni
3366 5556 3577 5618 videlicet
3596 5544 3738 5617 pm”

2663 5829 2676 5843 .
2759 5787 2803 5819 "
2826 5787 2929 5842 lsa.
2960 5802 3071 5850 ιιι,
3104 5787 3191 5843 l5.
3292 5789 3336 5821 "
3356 5759 3519 5849 Matth.
3549 5782 3657 5831 mu.
3678 5757 3734 5820 573
