  <div class='ocr_page' id='page_1' title='image "/cluster/home/n/w/nwhite01/storage/ocr_20150623/93/coo.31924054869973/574.png"; bbox 0 0 3892 6406; ppageno 0'>
   <div class='ocr_carea' id='block_1_1' title="bbox 140 324 262 392">
    <p class='ocr_par' dir='ltr' id='par_1_1' title="bbox 140 324 262 392">
     <span class='ocr_line' id='line_1_1' title="bbox 140 324 262 392; baseline 0.025 -3"><span class='ocrx_word' id='word_1_1' title='bbox 140 324 262 392; x_wconf 77' lang='lat'><strong>1125</strong></span> 
     </span>
    </p>
   </div>
   <div class='ocr_carea' id='block_1_2' title="bbox 1252 276 2242 393">
    <p class='ocr_par' dir='ltr' id='par_1_2' title="bbox 1252 276 2242 393">
     <span class='ocr_line' id='line_1_2' title="bbox 1252 276 2242 393; baseline 0.005 -5"><span class='ocrx_word' id='word_1_2' title='bbox 1252 325 1334 389; x_wconf 88' lang='lat' dir='ltr'><strong>IN</strong></span> <span class='ocrx_word' id='word_1_3' title='bbox 1358 276 1800 389; x_wconf 38' lang='lat' dir='ltr'><strong>LEVITICUM;</strong></span> <span class='ocrx_word' id='word_1_4' title='bbox 1837 355 1902 365; x_wconf 93' lang='grc'><strong><em>--</em></strong></span> <span class='ocrx_word' id='word_1_5' title='bbox 1924 328 2073 390; x_wconf 87' lang='lat' dir='ltr'><strong>LIB.</strong></span> <span class='ocrx_word' id='word_1_6' title='bbox 2109 330 2242 393; x_wconf 85' lang='lat' dir='ltr'><strong>VII.</strong></span> 
     </span>
    </p>
   </div>
   <div class='ocr_carea' id='block_1_3' title="bbox 3267 337 3403 406">
    <p class='ocr_par' dir='ltr' id='par_1_3' title="bbox 3267 337 3403 406">
     <span class='ocr_line' id='line_1_3' title="bbox 3267 337 3403 406; baseline 0.029 -4"><span class='ocrx_word' id='word_1_7' title='bbox 3267 337 3403 406; x_wconf 69' lang='lat'><strong>1126</strong></span> 
     </span>
    </p>
   </div>
   <div class='ocr_carea' id='block_1_4' title="bbox 133 425 3405 522">
    <p class='ocr_par' dir='ltr' id='par_1_4' title="bbox 133 425 3405 522">
     <span class='ocr_line' id='line_1_4' title="bbox 133 425 3405 522; baseline 0.003 -23"><span class='ocrx_word' id='word_1_8' title='bbox 133 444 180 499; x_wconf 80' lang='lat' dir='ltr'><strong>ti</strong></span> <span class='ocrx_word' id='word_1_9' title='bbox 210 454 455 513; x_wconf 87' lang='lat' dir='ltr'><strong>tempore.</strong></span> <span class='ocrx_word' id='word_1_10' title='bbox 497 439 612 498; x_wconf 81' lang='lat' dir='ltr'><strong>Hoc</strong></span> <span class='ocrx_word' id='word_1_11' title='bbox 642 442 792 497; x_wconf 84' lang='lat' dir='ltr'><strong>enim</strong></span> <span class='ocrx_word' id='word_1_12' title='bbox 831 442 1140 514; x_wconf 75' lang='lat' dir='ltr'><strong>appellatur</strong></span> <span class='ocrx_word' id='word_1_13' title='bbox 1167 458 1266 513; x_wconf 90' lang='lat' dir='ltr'><strong>per</strong></span> <span class='ocrx_word' id='word_1_14' title='bbox 1295 443 1416 513; x_wconf 88' lang='lat' dir='ltr'><strong>ejus</strong></span> <span class='ocrx_word' id='word_1_15' title='bbox 1447 451 1703 513; x_wconf 79' lang='lat' dir='ltr'><strong>posteros</strong></span> <span class='ocrx_word' id='word_1_16' title='bbox 1738 451 1778 505; x_wconf 78' lang='grc' dir='ltr'><strong>Α</strong></span> <span class='ocrx_word' id='word_1_17' title='bbox 1809 443 2015 499; x_wconf 80' lang='lat' dir='ltr'><strong>Christi</strong></span> <span class='ocrx_word' id='word_1_18' title='bbox 2050 454 2133 500; x_wconf 91' lang='lat' dir='ltr'><strong>est</strong></span> <span class='ocrx_word' id='word_1_19' title='bbox 2165 425 2503 517; x_wconf 83' lang='lat' dir='ltr'><strong>mysterium,</strong></span> <span class='ocrx_word' id='word_1_20' title='bbox 2529 448 2695 519; x_wconf 86' lang='lat' dir='ltr'><strong>hujus</strong></span> <span class='ocrx_word' id='word_1_21' title='bbox 2722 464 2853 521; x_wconf 85' lang='lat' dir='ltr'><strong>ergo</strong></span> <span class='ocrx_word' id='word_1_22' title='bbox 2880 450 2993 519; x_wconf 87' lang='lat' dir='ltr'><strong>agri</strong></span> <span class='ocrx_word' id='word_1_23' title='bbox 3014 452 3141 522; x_wconf 88' lang='lat' dir='ltr'><strong>jure</strong></span> <span class='ocrx_word' id='word_1_24' title='bbox 3160 455 3405 509; x_wconf 82' lang='lat' dir='ltr'><strong>venden-</strong></span> 
     </span>
    </p>
   </div>
   <div class='ocr_carea' id='block_1_5' title="bbox 131 534 1698 606">
    <p class='ocr_par' dir='ltr' id='par_1_5' title="bbox 131 534 1698 606">
     <span class='ocr_line' id='line_1_5' title="bbox 131 534 1698 606; baseline -0.002 -16"><span class='ocrx_word' id='word_1_25' title='bbox 131 535 220 591; x_wconf 64' lang='grc' dir='ltr'><strong>τοι</strong></span> <span class='ocrx_word' id='word_1_26' title='bbox 265 534 657 602; x_wconf 66' lang='lat' dir='ltr'><strong>generationes,</strong></span> <span class='ocrx_word' id='word_1_27' title='bbox 713 536 858 605; x_wconf 88' lang='lat' dir='ltr'><strong>quod</strong></span> <span class='ocrx_word' id='word_1_28' title='bbox 921 534 1283 606; x_wconf 86' lang='lat' dir='ltr'><strong>Septuaginta</strong></span> <span class='ocrx_word' id='word_1_29' title='bbox 1341 535 1530 601; x_wconf 86' lang='lat' dir='ltr'><strong>edunt,</strong></span> <span class='ocrx_word' id='word_1_30' title='bbox 1571 534 1698 602; x_wconf 87' lang='lat' dir='ltr'><strong>quia</strong></span> 
     </span>
    </p>
   </div>
   <div class='ocr_carea' id='block_1_6' title="bbox 130 628 1697 699">
    <p class='ocr_par' dir='ltr' id='par_1_6' title="bbox 130 628 1697 699">
     <span class='ocr_line' id='line_1_6' title="bbox 130 628 1697 699; baseline -0.002 -15"><span class='ocrx_word' id='word_1_31' title='bbox 130 628 404 699; x_wconf 63' lang='lat' dir='ltr'><strong>praemis</strong></span> <span class='ocrx_word' id='word_1_32' title='bbox 471 628 735 698; x_wconf 90' lang='lat' dir='ltr'><strong>temporis</strong></span> <span class='ocrx_word' id='word_1_33' title='bbox 783 636 1107 699; x_wconf 82' lang='lat' dir='ltr'><strong>potestatem</strong></span> <span class='ocrx_word' id='word_1_34' title='bbox 1158 629 1322 683; x_wconf 91' lang='lat' dir='ltr'><strong>habet</strong></span> <span class='ocrx_word' id='word_1_35' title='bbox 1356 638 1545 682; x_wconf 87' lang='lat' dir='ltr'><strong>contra</strong></span> <span class='ocrx_word' id='word_1_36' title='bbox 1601 636 1697 681; x_wconf 79' lang='lat' dir='ltr'><strong>eos</strong></span> 
     </span>
    </p>
   </div>
   <div class='ocr_carea' id='block_1_7' title="bbox 128 719 1698 792">
    <p class='ocr_par' dir='ltr' id='par_1_7' title="bbox 128 719 1698 792">
     <span class='ocr_line' id='line_1_7' title="bbox 128 719 1698 792; baseline -0.003 -16"><span class='ocrx_word' id='word_1_37' title='bbox 128 723 225 791; x_wconf 85' lang='lat' dir='ltr'><strong>qui</strong></span> <span class='ocrx_word' id='word_1_38' title='bbox 252 722 650 792; x_wconf 79' lang='lat' dir='ltr'><strong>conjunguntur</strong></span> <span class='ocrx_word' id='word_1_39' title='bbox 679 721 750 787; x_wconf 88' lang='lat' dir='ltr'><strong>ei,</strong></span> <span class='ocrx_word' id='word_1_40' title='bbox 782 730 834 775; x_wconf 91' lang='lat' dir='ltr'><strong>et</strong></span> <span class='ocrx_word' id='word_1_41' title='bbox 867 720 1055 775; x_wconf 78' lang='lat' dir='ltr'><strong>redimi</strong></span> <span class='ocrx_word' id='word_1_42' title='bbox 1088 737 1195 774; x_wconf 90' lang='lat' dir='ltr'><strong>non</strong></span> <span class='ocrx_word' id='word_1_43' title='bbox 1231 719 1428 791; x_wconf 90' lang='lat' dir='ltr'><strong>poterit</strong></span> <span class='ocrx_word' id='word_1_44' title='bbox 1451 721 1616 774; x_wconf 88' lang='lat' dir='ltr'><strong>etiam</strong></span> <span class='ocrx_word' id='word_1_45' title='bbox 1647 720 1698 772; x_wconf 91' lang='lat' dir='ltr'><strong>in</strong></span> 
     </span>
    </p>
   </div>
   <div class='ocr_carea' id='block_1_8' title="bbox 121 813 1701 885">
    <p class='ocr_par' dir='ltr' id='par_1_8' title="bbox 121 813 1701 885">
     <span class='ocr_line' id='line_1_8' title="bbox 121 813 1701 885; baseline -0.003 -16"><span class='ocrx_word' id='word_1_46' title='bbox 121 813 343 884; x_wconf 88' lang='lat' dir='ltr'><strong>jubileo,</strong></span> <span class='ocrx_word' id='word_1_47' title='bbox 375 814 487 869; x_wconf 76' lang='lat' dir='ltr'><strong>sive</strong></span> <span class='ocrx_word' id='word_1_48' title='bbox 531 824 591 868; x_wconf 92' lang='lat' dir='ltr'><strong>ut</strong></span> <span class='ocrx_word' id='word_1_49' title='bbox 622 814 977 885; x_wconf 77' lang='lat' dir='ltr'><strong>Septuaginta</strong></span> <span class='ocrx_word' id='word_1_50' title='bbox 1011 813 1065 867; x_wconf 92' lang='lat' dir='ltr'><strong>in</strong></span> <span class='ocrx_word' id='word_1_51' title='bbox 1095 813 1441 877; x_wconf 83' lang='lat' dir='ltr'><strong>remissione,</strong></span> <span class='ocrx_word' id='word_1_52' title='bbox 1472 827 1579 882; x_wconf 90' lang='lat' dir='ltr'><strong>qua</strong></span> <span class='ocrx_word' id='word_1_53' title='bbox 1618 827 1701 865; x_wconf 87' lang='lat' dir='ltr'><strong>re-</strong></span> 
     </span>
    </p>
   </div>
   <div class='ocr_carea' id='block_1_9' title="bbox 126 906 1703 978">
    <p class='ocr_par' dir='ltr' id='par_1_9' title="bbox 126 906 1703 978">
     <span class='ocr_line' id='line_1_9' title="bbox 126 906 1703 978; baseline -0.002 -15"><span class='ocrx_word' id='word_1_54' title='bbox 126 908 400 971; x_wconf 88' lang='lat' dir='ltr'><strong>missione,</strong></span> <span class='ocrx_word' id='word_1_55' title='bbox 428 908 531 962; x_wconf 91' lang='lat' dir='ltr'><strong>nisi</strong></span> <span class='ocrx_word' id='word_1_56' title='bbox 567 908 753 978; x_wconf 86' lang='lat' dir='ltr'><strong>utique</strong></span> <span class='ocrx_word' id='word_1_57' title='bbox 788 908 956 972; x_wconf 90' lang='lat' dir='ltr'><strong>illam,</strong></span> <span class='ocrx_word' id='word_1_58' title='bbox 982 922 1143 976; x_wconf 83' lang='lat' dir='ltr'><strong>quam</strong></span> <span class='ocrx_word' id='word_1_59' title='bbox 1178 907 1260 961; x_wconf 88' lang='lat' dir='ltr'><strong>eis</strong></span> <span class='ocrx_word' id='word_1_60' title='bbox 1293 906 1552 960; x_wconf 86' lang='lat' dir='ltr'><strong>Dominus</strong></span> <span class='ocrx_word' id='word_1_61' title='bbox 1577 922 1703 960; x_wconf 83' lang='lat' dir='ltr'><strong>eru-</strong></span> 
     </span>
    </p>
   </div>
   <div class='ocr_carea' id='block_1_10' title="bbox 123 999 1705 1071">
    <p class='ocr_par' dir='ltr' id='par_1_10' title="bbox 123 999 1705 1071">
     <span class='ocr_line' id='line_1_10' title="bbox 123 999 1705 1071; baseline -0.004 -13"><span class='ocrx_word' id='word_1_62' title='bbox 123 1003 314 1059; x_wconf 75' lang='lat' dir='ltr'><strong>ciﬁxus</strong></span> <span class='ocrx_word' id='word_1_63' title='bbox 342 1004 471 1058; x_wconf 79' lang='lat' dir='ltr'><strong>dixit</strong></span> <span class='ocrx_word' id='word_1_64' title='bbox 504 1022 517 1059; x_wconf 92' lang='lat'><strong>:</strong></span> <span class='ocrx_word' id='word_1_65' title='bbox 550 1002 729 1068; x_wconf 86' lang='lat' dir='ltr'><strong>Pater,</strong></span> <span class='ocrx_word' id='word_1_66' title='bbox 757 1003 961 1056; x_wconf 78' lang='lat' dir='ltr'><strong>dimitte</strong></span> <span class='ocrx_word' id='word_1_67' title='bbox 985 1001 1111 1062; x_wconf 82' lang='lat' dir='ltr'><strong>illis.</strong></span> <span class='ocrx_word' id='word_1_68' title='bbox 1143 1002 1267 1071; x_wconf 87' lang='lat' dir='ltr'><strong>quia</strong></span> <span class='ocrx_word' id='word_1_69' title='bbox 1301 1001 1534 1054; x_wconf 83' lang='lat' dir='ltr'><strong>nesciunt</strong></span> <span class='ocrx_word' id='word_1_70' title='bbox 1576 999 1705 1070; x_wconf 85' lang='lat' dir='ltr'><strong>quid</strong></span> 
     </span>
    </p>
   </div>
   <div class='ocr_carea' id='block_1_11' title="bbox 123 1092 1702 1164">
    <p class='ocr_par' dir='ltr' id='par_1_11' title="bbox 123 1092 1702 1164">
     <span class='ocr_line' id='line_1_11' title="bbox 123 1092 1702 1164; baseline -0.004 -14"><span class='ocrx_word' id='word_1_71' title='bbox 123 1096 327 1164; x_wconf 84' lang='lat' dir='ltr'><strong>faciunt</strong></span> <span class='ocrx_word' id='word_1_72' title='bbox 353 1098 417 1149; x_wconf 84' lang='lat'><strong>”.</strong></span> <span class='ocrx_word' id='word_1_73' title='bbox 462 1096 571 1151; x_wconf 91' lang='lat' dir='ltr'><strong>Sed</strong></span> <span class='ocrx_word' id='word_1_74' title='bbox 606 1104 884 1164; x_wconf 74' lang='lat' dir='ltr'><strong>peccatum</strong></span> <span class='ocrx_word' id='word_1_75' title='bbox 918 1101 1339 1155; x_wconf 86' lang='lat' dir='ltr'><strong>renovaverunt,</strong></span> <span class='ocrx_word' id='word_1_76' title='bbox 1364 1103 1487 1162; x_wconf 88' lang='lat' dir='ltr'><strong>post</strong></span> <span class='ocrx_word' id='word_1_77' title='bbox 1516 1092 1702 1145; x_wconf 86' lang='lat' dir='ltr'><strong>datum</strong></span> 
     </span>
    </p>
   </div>
   <div class='ocr_carea' id='block_1_12' title="bbox 124 1182 1704 1256">
    <p class='ocr_par' dir='ltr' id='par_1_12' title="bbox 124 1182 1704 1256">
     <span class='ocr_line' id='line_1_12' title="bbox 124 1182 1704 1256; baseline -0.003 -14"><span class='ocrx_word' id='word_1_78' title='bbox 124 1188 499 1243; x_wconf 85' lang='lat' dir='ltr'><strong>remissionem</strong></span> <span class='ocrx_word' id='word_1_79' title='bbox 531 1187 783 1241; x_wconf 89' lang='lat' dir='ltr'><strong>malitiosi</strong></span> <span class='ocrx_word' id='word_1_80' title='bbox 814 1186 1015 1253; x_wconf 72' lang='lat' dir='ltr'><strong>effecti,</strong></span> <span class='ocrx_word' id='word_1_81' title='bbox 1050 1195 1105 1241; x_wconf 89' lang='lat' dir='ltr'><strong>et</strong></span> <span class='ocrx_word' id='word_1_82' title='bbox 1139 1186 1416 1256; x_wconf 85' lang='lat' dir='ltr'><strong>praeterito</strong></span> <span class='ocrx_word' id='word_1_83' title='bbox 1447 1200 1553 1239; x_wconf 90' lang='lat' dir='ltr'><strong>non</strong></span> <span class='ocrx_word' id='word_1_84' title='bbox 1585 1182 1704 1238; x_wconf 81' lang='lat' dir='ltr'><strong>suf-</strong></span> 
     </span>
    </p>
   </div>
   <div class='ocr_carea' id='block_1_13' title="bbox 122 1276 1704 1351">
    <p class='ocr_par' dir='ltr' id='par_1_13' title="bbox 122 1276 1704 1351">
     <span class='ocr_line' id='line_1_13' title="bbox 122 1276 1704 1351; baseline -0.003 -16"><span class='ocrx_word' id='word_1_85' title='bbox 122 1279 338 1336; x_wconf 85' lang='lat' dir='ltr'><strong>ﬁciente</strong></span> <span class='ocrx_word' id='word_1_86' title='bbox 353 1290 596 1351; x_wconf 87' lang='lat' dir='ltr'><strong>peccato,</strong></span> <span class='ocrx_word' id='word_1_87' title='bbox 621 1280 951 1335; x_wconf 83' lang='lat' dir='ltr'><strong>addiderunt</strong></span> <span class='ocrx_word' id='word_1_88' title='bbox 975 1278 1079 1332; x_wconf 88' lang='lat' dir='ltr'><strong>alia</strong></span> <span class='ocrx_word' id='word_1_89' title='bbox 1098 1279 1399 1342; x_wconf 78' lang='lat' dir='ltr'><strong>deteriora,</strong></span> <span class='ocrx_word' id='word_1_90' title='bbox 1421 1293 1543 1347; x_wconf 63' lang='lat' dir='ltr'><strong>quas</strong></span> <span class='ocrx_word' id='word_1_91' title='bbox 1559 1276 1704 1330; x_wconf 86' lang='lat' dir='ltr'><strong>circa</strong></span> 
     </span>
    </p>
   </div>
   <div class='ocr_carea' id='block_1_14' title="bbox 118 1368 1705 1444">
    <p class='ocr_par' dir='ltr' id='par_1_14' title="bbox 118 1368 1705 1444">
     <span class='ocr_line' id='line_1_14' title="bbox 118 1368 1705 1444; baseline -0.003 -18"><span class='ocrx_word' id='word_1_92' title='bbox 118 1374 452 1444; x_wconf 76' lang='lat' dir='ltr'><strong>sepulcrum,</strong></span> <span class='ocrx_word' id='word_1_93' title='bbox 480 1382 536 1428; x_wconf 89' lang='lat' dir='ltr'><strong>et</strong></span> <span class='ocrx_word' id='word_1_94' title='bbox 561 1381 687 1443; x_wconf 89' lang='lat' dir='ltr'><strong>post</strong></span> <span class='ocrx_word' id='word_1_95' title='bbox 712 1371 1198 1435; x_wconf 85' lang='lat' dir='ltr'><strong>resurrectionem,</strong></span> <span class='ocrx_word' id='word_1_96' title='bbox 1218 1379 1272 1423; x_wconf 85' lang='lat' dir='ltr'><strong>et</strong></span> <span class='ocrx_word' id='word_1_97' title='bbox 1302 1378 1425 1439; x_wconf 90' lang='lat' dir='ltr'><strong>post</strong></span> <span class='ocrx_word' id='word_1_98' title='bbox 1456 1370 1508 1423; x_wconf 90' lang='lat' dir='ltr'><strong>in</strong></span> <span class='ocrx_word' id='word_1_99' title='bbox 1537 1368 1705 1424; x_wconf 68' lang='lat' dir='ltr'><strong>caelos</strong></span> 
     </span>
    </p>
   </div>
   <div class='ocr_carea' id='block_1_15' title="bbox 120 1456 1706 1531">
    <p class='ocr_par' dir='ltr' id='par_1_15' title="bbox 120 1456 1706 1531">
     <span class='ocr_line' id='line_1_15' title="bbox 120 1456 1706 1531; baseline -0.004 -15"><span class='ocrx_word' id='word_1_100' title='bbox 120 1465 502 1518; x_wconf 82' lang='lat' dir='ltr'><strong>ascensionem</strong></span> <span class='ocrx_word' id='word_1_101' title='bbox 520 1470 706 1516; x_wconf 87' lang='lat' dir='ltr'><strong>contra</strong></span> <span class='ocrx_word' id='word_1_102' title='bbox 733 1460 912 1531; x_wconf 86' lang='lat' dir='ltr'><strong>ipsum</strong></span> <span class='ocrx_word' id='word_1_103' title='bbox 937 1460 1237 1522; x_wconf 77' lang='lat' dir='ltr'><strong>Christum,</strong></span> <span class='ocrx_word' id='word_1_104' title='bbox 1268 1467 1322 1513; x_wconf 88' lang='lat' dir='ltr'><strong>et</strong></span> <span class='ocrx_word' id='word_1_105' title='bbox 1352 1465 1542 1511; x_wconf 88' lang='lat' dir='ltr'><strong>contra</strong></span> <span class='ocrx_word' id='word_1_106' title='bbox 1570 1456 1706 1519; x_wconf 69' lang='lat' dir='ltr'><strong>clip-</strong></span> 
     </span>
    </p>
   </div>
   <div class='ocr_carea' id='block_1_16' title="bbox 118 1549 1706 1624">
    <p class='ocr_par' dir='ltr' id='par_1_16' title="bbox 118 1549 1706 1624">
     <span class='ocr_line' id='line_1_16' title="bbox 118 1549 1706 1624; baseline -0.006 -15"><span class='ocrx_word' id='word_1_107' title='bbox 118 1570 245 1609; x_wconf 88' lang='lat' dir='ltr'><strong>rum</strong></span> <span class='ocrx_word' id='word_1_108' title='bbox 293 1565 656 1624; x_wconf 62' lang='lat' dir='ltr'><strong>apostotorum</strong></span> <span class='ocrx_word' id='word_1_109' title='bbox 693 1560 1181 1620; x_wconf 63' lang='lat' dir='ltr'><strong>praesumpserant.</strong></span> <span class='ocrx_word' id='word_1_110' title='bbox 1205 1549 1550 1604; x_wconf 88' lang='lat' dir='ltr'><strong>Conﬁrmans</strong></span> <span class='ocrx_word' id='word_1_111' title='bbox 1576 1562 1706 1619; x_wconf 87' lang='lat' dir='ltr'><strong>ergo</strong></span> 
     </span>
    </p>
   </div>
   <div class='ocr_carea' id='block_1_17' title="bbox 115 1642 1707 1717">
    <p class='ocr_par' dir='ltr' id='par_1_17' title="bbox 115 1642 1707 1717">
     <span class='ocr_line' id='line_1_17' title="bbox 115 1642 1707 1717; baseline -0.005 -15"><span class='ocrx_word' id='word_1_112' title='bbox 115 1661 187 1702; x_wconf 83' lang='lat' dir='ltr'><strong>ea</strong></span> <span class='ocrx_word' id='word_1_113' title='bbox 218 1662 336 1717; x_wconf 78' lang='lat' dir='ltr'><strong>qua:</strong></span> <span class='ocrx_word' id='word_1_114' title='bbox 361 1661 508 1700; x_wconf 88' lang='lat' dir='ltr'><strong>nunc</strong></span> <span class='ocrx_word' id='word_1_115' title='bbox 542 1661 571 1698; x_wconf 90' lang='lat' dir='ltr'><strong>a</strong></span> <span class='ocrx_word' id='word_1_116' title='bbox 592 1644 751 1711; x_wconf 72' lang='lat' dir='ltr'><strong>nobis</strong></span> <span class='ocrx_word' id='word_1_117' title='bbox 780 1644 925 1698; x_wconf 90' lang='lat' dir='ltr'><strong>dicta</strong></span> <span class='ocrx_word' id='word_1_118' title='bbox 952 1652 1081 1698; x_wconf 90' lang='lat' dir='ltr'><strong>sunt</strong></span> <span class='ocrx_word' id='word_1_119' title='bbox 1126 1642 1407 1705; x_wconf 90' lang='lat' dir='ltr'><strong>Dominus,</strong></span> <span class='ocrx_word' id='word_1_120' title='bbox 1438 1651 1492 1695; x_wconf 87' lang='lat' dir='ltr'><strong>et</strong></span> <span class='ocrx_word' id='word_1_121' title='bbox 1519 1649 1707 1711; x_wconf 73' lang='lat' dir='ltr'><strong>osten-</strong></span> 
     </span>
    </p>
   </div>
   <div class='ocr_carea' id='block_1_18' title="bbox 115 1735 1705 1810">
    <p class='ocr_par' dir='ltr' id='par_1_18' title="bbox 115 1735 1705 1810">
     <span class='ocr_line' id='line_1_18' title="bbox 115 1735 1705 1810; baseline -0.006 -14"><span class='ocrx_word' id='word_1_122' title='bbox 115 1740 261 1796; x_wconf 89' lang='lat' dir='ltr'><strong>dens</strong></span> <span class='ocrx_word' id='word_1_123' title='bbox 292 1740 414 1810; x_wconf 84' lang='lat' dir='ltr'><strong>quia</strong></span> <span class='ocrx_word' id='word_1_124' title='bbox 450 1738 761 1794; x_wconf 59' lang='lat' dir='ltr'><strong>Iudaeorum</strong></span> <span class='ocrx_word' id='word_1_125' title='bbox 781 1737 999 1804; x_wconf 84' lang='lat' dir='ltr'><strong>domos,</strong></span> <span class='ocrx_word' id='word_1_126' title='bbox 1030 1744 1086 1790; x_wconf 89' lang='lat' dir='ltr'><strong>et</strong></span> <span class='ocrx_word' id='word_1_127' title='bbox 1108 1735 1411 1790; x_wconf 85' lang='lat' dir='ltr'><strong>Jerusalem</strong></span> <span class='ocrx_word' id='word_1_128' title='bbox 1442 1735 1705 1804; x_wconf 85' lang='lat' dir='ltr'><strong>templum</strong></span> 
     </span>
    </p>
   </div>
   <div class='ocr_carea' id='block_1_19' title="bbox 84 1817 1752 1909">
    <p class='ocr_par' dir='ltr' id='par_1_19' title="bbox 84 1817 1752 1909">
     <span class='ocr_line' id='line_1_19' title="bbox 84 1817 1752 1909; baseline -0.006 -21"><span class='ocrx_word' id='word_1_129' title='bbox 84 1906 87 1909; x_wconf 17' lang='grc' dir='ltr'>ν</span> <span class='ocrx_word' id='word_1_130' title='bbox 114 1842 297 1888; x_wconf 91' lang='lat' dir='ltr'><strong>totum</strong></span> <span class='ocrx_word' id='word_1_131' title='bbox 330 1830 624 1887; x_wconf 75' lang='lat' dir='ltr'><strong>adversarii</strong></span> <span class='ocrx_word' id='word_1_132' title='bbox 657 1829 857 1883; x_wconf 78' lang='lat' dir='ltr'><strong>factum</strong></span> <span class='ocrx_word' id='word_1_133' title='bbox 889 1837 994 1889; x_wconf 83' lang='lat' dir='ltr'><strong>est.</strong></span> <span class='ocrx_word' id='word_1_134' title='bbox 1028 1839 1080 1882; x_wconf 90' lang='lat' dir='ltr'><strong>et</strong></span> <span class='ocrx_word' id='word_1_135' title='bbox 1103 1837 1312 1897; x_wconf 89' lang='lat' dir='ltr'><strong>partem</strong></span> <span class='ocrx_word' id='word_1_136' title='bbox 1340 1827 1484 1895; x_wconf 90' lang='lat' dir='ltr'><strong>apud</strong></span> <span class='ocrx_word' id='word_1_137' title='bbox 1518 1826 1703 1880; x_wconf 89' lang='lat' dir='ltr'><strong>Domi-</strong></span> <span class='ocrx_word' id='word_1_138' title='bbox 1738 1817 1752 1867; x_wconf 87' lang='grc' dir='ltr'><strong>Ι</strong></span> 
     </span>
    </p>
   </div>
   <div class='ocr_carea' id='block_1_20' title="bbox 82 1918 1703 1993">
    <p class='ocr_par' dir='ltr' id='par_1_20' title="bbox 82 1918 1703 1993">
     <span class='ocr_line' id='line_1_20' title="bbox 82 1918 1703 1993; baseline -0.007 -12"><span class='ocrx_word' id='word_1_139' title='bbox 82 1941 255 1983; x_wconf 63' lang='lat' dir='ltr'><strong>mum</strong></span> <span class='ocrx_word' id='word_1_140' title='bbox 278 1924 472 1978; x_wconf 87' lang='lat' dir='ltr'><strong>habere</strong></span> <span class='ocrx_word' id='word_1_141' title='bbox 497 1923 608 1993; x_wconf 87' lang='lat' dir='ltr'><strong>jam</strong></span> <span class='ocrx_word' id='word_1_142' title='bbox 639 1937 746 1975; x_wconf 91' lang='lat' dir='ltr'><strong>non</strong></span> <span class='ocrx_word' id='word_1_143' title='bbox 768 1930 967 1991; x_wconf 81' lang='lat' dir='ltr'><strong>potest,</strong></span> <span class='ocrx_word' id='word_1_144' title='bbox 1000 1919 1125 1989; x_wconf 88' lang='lat' dir='ltr'><strong>quia</strong></span> <span class='ocrx_word' id='word_1_145' title='bbox 1154 1918 1575 1990; x_wconf 74' lang='lat' dir='ltr'><strong>evangelizalatn</strong></span> <span class='ocrx_word' id='word_1_146' title='bbox 1593 1934 1703 1971; x_wconf 87' lang='lat' dir='ltr'><strong>non</strong></span> 
     </span>
    </p>
   </div>
   <div class='ocr_carea' id='block_1_21' title="bbox 112 2010 1707 2086">
    <p class='ocr_par' dir='ltr' id='par_1_21' title="bbox 112 2010 1707 2086">
     <span class='ocr_line' id='line_1_21' title="bbox 112 2010 1707 2086; baseline -0.004 -14"><span class='ocrx_word' id='word_1_147' title='bbox 112 2023 478 2086; x_wconf 85' lang='lat' dir='ltr'><strong>susceperunt</strong></span> <span class='ocrx_word' id='word_1_148' title='bbox 536 2013 990 2082; x_wconf 85' lang='lat' dir='ltr'><strong>redemptionem.</strong></span> <span class='ocrx_word' id='word_1_149' title='bbox 1037 2012 1227 2067; x_wconf 87' lang='lat' dir='ltr'><strong>dicens</strong></span> <span class='ocrx_word' id='word_1_150' title='bbox 1260 2029 1274 2066; x_wconf 89' lang='lat'><strong>:</strong></span> <span class='ocrx_word' id='word_1_151' title='bbox 1310 2010 1526 2077; x_wconf 83' lang='lat' dir='ltr'><strong>Quoties</strong></span> <span class='ocrx_word' id='word_1_152' title='bbox 1567 2011 1707 2067; x_wconf 82' lang='lat' dir='ltr'><strong>uolui</strong></span> 
     </span>
    </p>
   </div>
   <div class='ocr_carea' id='block_1_22' title="bbox 112 2104 1711 2181">
    <p class='ocr_par' dir='ltr' id='par_1_22' title="bbox 112 2104 1711 2181">
     <span class='ocr_line' id='line_1_22' title="bbox 112 2104 1711 2181; baseline -0.004 -16"><span class='ocrx_word' id='word_1_153' title='bbox 112 2124 435 2181; x_wconf 79' lang='lat' dir='ltr'><strong>congregare</strong></span> <span class='ocrx_word' id='word_1_154' title='bbox 453 2123 562 2170; x_wconf 84' lang='lat' dir='ltr'><strong>vos,</strong></span> <span class='ocrx_word' id='word_1_155' title='bbox 592 2106 1032 2176; x_wconf 75' lang='lat' dir='ltr'><strong>quemadmodum</strong></span> <span class='ocrx_word' id='word_1_156' title='bbox 1053 2105 1255 2176; x_wconf 84' lang='lat' dir='ltr'><strong>gallina</strong></span> <span class='ocrx_word' id='word_1_157' title='bbox 1280 2114 1560 2177; x_wconf 79' lang='lat' dir='ltr'><strong>congregat</strong></span> <span class='ocrx_word' id='word_1_158' title='bbox 1589 2104 1711 2174; x_wconf 82' lang='lat' dir='ltr'><strong>pul-</strong></span> 
     </span>
    </p>
   </div>
   <div class='ocr_carea' id='block_1_23' title="bbox 112 2197 1703 2262">
    <p class='ocr_par' dir='ltr' id='par_1_23' title="bbox 112 2197 1703 2262">
     <span class='ocr_line' id='line_1_23' title="bbox 112 2197 1703 2262; baseline -0.003 -5"><span class='ocrx_word' id='word_1_159' title='bbox 112 2204 205 2257; x_wconf 84' lang='lat' dir='ltr'><strong>los</strong></span> <span class='ocrx_word' id='word_1_160' title='bbox 230 2220 347 2257; x_wconf 87' lang='lat' dir='ltr'><strong>suos</strong></span> <span class='ocrx_word' id='word_1_161' title='bbox 374 2201 467 2255; x_wconf 91' lang='lat' dir='ltr'><strong>sub</strong></span> <span class='ocrx_word' id='word_1_162' title='bbox 492 2199 611 2254; x_wconf 85' lang='lat' dir='ltr'><strong>alas</strong></span> <span class='ocrx_word' id='word_1_163' title='bbox 643 2215 769 2253; x_wconf 86' lang='lat' dir='ltr'><strong>suas</strong></span> <span class='ocrx_word' id='word_1_164' title='bbox 812 2207 881 2262; x_wconf 87' lang='lat' dir='ltr'><strong>,‘et</strong></span> <span class='ocrx_word' id='word_1_165' title='bbox 905 2197 1146 2252; x_wconf 86' lang='lat' dir='ltr'><strong>noluistis</strong></span> <span class='ocrx_word' id='word_1_166' title='bbox 1177 2199 1202 2251; x_wconf 82' lang='lat'><strong><em>?</em></strong></span> <span class='ocrx_word' id='word_1_167' title='bbox 1231 2197 1383 2253; x_wconf 89' lang='lat' dir='ltr'><strong>addit</strong></span> <span class='ocrx_word' id='word_1_168' title='bbox 1414 2216 1428 2251; x_wconf 86' lang='lat'><strong>:</strong></span> <span class='ocrx_word' id='word_1_169' title='bbox 1463 2197 1595 2252; x_wconf 85' lang='lat' dir='ltr'><strong>Ecce</strong></span> <span class='ocrx_word' id='word_1_170' title='bbox 1616 2214 1703 2252; x_wconf 85' lang='lat' dir='ltr'><strong>re-</strong></span> 
     </span>
    </p>
   </div>
   <div class='ocr_carea' id='block_1_24' title="bbox 114 2287 1709 2365">
    <p class='ocr_par' dir='ltr' id='par_1_24' title="bbox 114 2287 1709 2365">
     <span class='ocr_line' id='line_1_24' title="bbox 114 2287 1709 2365; baseline -0.003 -18"><span class='ocrx_word' id='word_1_171' title='bbox 114 2294 389 2365; x_wconf 83' lang='lat' dir='ltr'><strong>linquetur</strong></span> <span class='ocrx_word' id='word_1_172' title='bbox 420 2290 564 2347; x_wconf 84' lang='lat' dir='ltr'><strong>oobis</strong></span> <span class='ocrx_word' id='word_1_173' title='bbox 605 2291 790 2343; x_wconf 88' lang='lat' dir='ltr'><strong>domus</strong></span> <span class='ocrx_word' id='word_1_174' title='bbox 819 2298 990 2343; x_wconf 87' lang='lat' dir='ltr'><strong>uestra</strong></span> <span class='ocrx_word' id='word_1_175' title='bbox 1035 2293 1239 2343; x_wconf 87' lang='lat' dir='ltr'><strong>deserta</strong></span> <span class='ocrx_word' id='word_1_176' title='bbox 1270 2288 1308 2340; x_wconf 80' lang='grc'><strong>⁸.</strong></span> <span class='ocrx_word' id='word_1_177' title='bbox 1342 2287 1709 2354; x_wconf 80' lang='lat' dir='ltr'><strong>Quemadmo-</strong></span> 
     </span>
    </p>
   </div>
   <div class='ocr_carea' id='block_1_25' title="bbox 112 2380 1714 2454">
    <p class='ocr_par' dir='ltr' id='par_1_25' title="bbox 112 2380 1714 2454">
     <span class='ocr_line' id='line_1_25' title="bbox 112 2380 1714 2454; baseline -0.002 -15"><span class='ocrx_word' id='word_1_178' title='bbox 112 2385 256 2440; x_wconf 87' lang='lat' dir='ltr'><strong>dum</strong></span> <span class='ocrx_word' id='word_1_179' title='bbox 295 2399 420 2454; x_wconf 91' lang='lat' dir='ltr'><strong>ergo</strong></span> <span class='ocrx_word' id='word_1_180' title='bbox 474 2398 537 2437; x_wconf 88' lang='lat' dir='ltr'><strong>ea</strong></span> <span class='ocrx_word' id='word_1_181' title='bbox 587 2398 708 2452; x_wconf 62' lang='lat' dir='ltr'><strong>quae</strong></span> <span class='ocrx_word' id='word_1_182' title='bbox 753 2382 822 2437; x_wconf 90' lang='lat' dir='ltr'><strong>de</strong></span> <span class='ocrx_word' id='word_1_183' title='bbox 842 2381 1083 2436; x_wconf 82' lang='lat' dir='ltr'><strong>Judaieis</strong></span> <span class='ocrx_word' id='word_1_184' title='bbox 1127 2380 1421 2451; x_wconf 77' lang='lat' dir='ltr'><strong>Synagogis</strong></span> <span class='ocrx_word' id='word_1_185' title='bbox 1464 2381 1714 2451; x_wconf 59' lang='lat' dir='ltr'><strong>praedixit</strong></span> 
     </span>
    </p>
   </div>
   <div class='ocr_carea' id='block_1_26' title="bbox 113 2473 1617 2547">
    <p class='ocr_par' dir='ltr' id='par_1_26' title="bbox 113 2473 1617 2547">
     <span class='ocr_line' id='line_1_26' title="bbox 113 2473 1617 2547; baseline -0.003 -16"><span class='ocrx_word' id='word_1_186' title='bbox 113 2475 385 2547; x_wconf 75' lang='lat' dir='ltr'><strong>Spiritus,</strong></span> <span class='ocrx_word' id='word_1_187' title='bbox 426 2476 505 2530; x_wconf 92' lang='lat' dir='ltr'><strong>sic</strong></span> <span class='ocrx_word' id='word_1_188' title='bbox 527 2474 746 2528; x_wconf 83' lang='lat' dir='ltr'><strong>intende</strong></span> <span class='ocrx_word' id='word_1_189' title='bbox 766 2490 887 2545; x_wconf 67' lang='lat' dir='ltr'><strong>quae</strong></span> <span class='ocrx_word' id='word_1_190' title='bbox 906 2474 1161 2528; x_wconf 62' lang='lat' dir='ltr'><strong>Ecclesiae</strong></span> <span class='ocrx_word' id='word_1_191' title='bbox 1186 2473 1428 2545; x_wconf 87' lang='lat' dir='ltr'><strong>gentium</strong></span> <span class='ocrx_word' id='word_1_192' title='bbox 1464 2473 1617 2529; x_wconf 89' lang='lat' dir='ltr'><strong>dicit.</strong></span> 
     </span>
    </p>
   </div>
   <div class='ocr_carea' id='block_1_27' title="bbox 201 2568 1712 2640">
    <p class='ocr_par' dir='ltr' id='par_1_27' title="bbox 201 2568 1712 2640">
     <span class='ocr_line' id='line_1_27' title="bbox 201 2568 1712 2640; baseline -0.002 -16"><span class='ocrx_word' id='word_1_193' title='bbox 201 2568 298 2625; x_wconf 87' lang='lat' dir='ltr'><strong>Sin</strong></span> <span class='ocrx_word' id='word_1_194' title='bbox 335 2580 513 2623; x_wconf 86' lang='lat' dir='ltr'><strong>autem</strong></span> <span class='ocrx_word' id='word_1_195' title='bbox 559 2570 615 2622; x_wconf 90' lang='lat' dir='ltr'><strong>in</strong></span> <span class='ocrx_word' id='word_1_196' title='bbox 655 2569 783 2622; x_wconf 80' lang='lat' dir='ltr'><strong>villa</strong></span> <span class='ocrx_word' id='word_1_197' title='bbox 815 2570 974 2640; x_wconf 79' lang='lat' dir='ltr'><strong>fuerit</strong></span> <span class='ocrx_word' id='word_1_198' title='bbox 1018 2569 1226 2632; x_wconf 87' lang='lat' dir='ltr'><strong>damus,</strong></span> <span class='ocrx_word' id='word_1_199' title='bbox 1260 2585 1378 2639; x_wconf 74' lang='lat' dir='ltr'><strong>qua:</strong></span> <span class='ocrx_word' id='word_1_200' title='bbox 1402 2584 1583 2623; x_wconf 89' lang='lat' dir='ltr'><strong>muros</strong></span> <span class='ocrx_word' id='word_1_201' title='bbox 1610 2584 1712 2622; x_wconf 89' lang='lat' dir='ltr'><strong>non</strong></span> 
     </span>
    </p>
   </div>
   <div class='ocr_carea' id='block_1_28' title="bbox 111 2658 1714 2732">
    <p class='ocr_par' dir='ltr' id='par_1_28' title="bbox 111 2658 1714 2732">
     <span class='ocr_line' id='line_1_28' title="bbox 111 2658 1714 2732; baseline -0.002 -17"><span class='ocrx_word' id='word_1_202' title='bbox 111 2662 304 2727; x_wconf 81' lang='lat' dir='ltr'><strong>habet,</strong></span> <span class='ocrx_word' id='word_1_203' title='bbox 334 2678 584 2732; x_wconf 88' lang='lat' dir='ltr'><strong>agrorum</strong></span> <span class='ocrx_word' id='word_1_204' title='bbox 608 2660 736 2730; x_wconf 86' lang='lat' dir='ltr'><strong>jure</strong></span> <span class='ocrx_word' id='word_1_205' title='bbox 762 2661 1033 2714; x_wconf 85' lang='lat' dir='ltr'><strong>vendetur.</strong></span> <span class='ocrx_word' id='word_1_206' title='bbox 1068 2658 1131 2715; x_wconf 87' lang='lat' dir='ltr'><strong>Si</strong></span> <span class='ocrx_word' id='word_1_207' title='bbox 1158 2668 1280 2713; x_wconf 85' lang='lat' dir='ltr'><strong>ante</strong></span> <span class='ocrx_word' id='word_1_208' title='bbox 1302 2661 1575 2730; x_wconf 83' lang='lat' dir='ltr'><strong>redempta</strong></span> <span class='ocrx_word' id='word_1_209' title='bbox 1609 2675 1714 2714; x_wconf 89' lang='lat' dir='ltr'><strong>non</strong></span> 
     </span>
    </p>
   </div>
   <div class='ocr_carea' id='block_1_29' title="bbox 114 2750 1714 2825">
    <p class='ocr_par' dir='ltr' id='par_1_29' title="bbox 114 2750 1714 2825">
     <span class='ocr_line' id='line_1_29' title="bbox 114 2750 1714 2825; baseline 0 -18"><span class='ocrx_word' id='word_1_210' title='bbox 114 2755 288 2825; x_wconf 78' lang='lat' dir='ltr'><strong>fuerit</strong></span> <span class='ocrx_word' id='word_1_211' title='bbox 317 2754 369 2806; x_wconf 90' lang='lat' dir='ltr'><strong>in</strong></span> <span class='ocrx_word' id='word_1_212' title='bbox 387 2752 615 2823; x_wconf 87' lang='lat' dir='ltr'><strong>jubileo,</strong></span> <span class='ocrx_word' id='word_1_213' title='bbox 644 2761 931 2805; x_wconf 81' lang='lat' dir='ltr'><strong>revertetur</strong></span> <span class='ocrx_word' id='word_1_214' title='bbox 958 2752 1029 2805; x_wconf 89' lang='lat' dir='ltr'><strong>ad</strong></span> <span class='ocrx_word' id='word_1_215' title='bbox 1056 2750 1359 2805; x_wconf 88' lang='lat' dir='ltr'><strong>Dominum.</strong></span> <span class='ocrx_word' id='word_1_216' title='bbox 1394 2751 1594 2806; x_wconf 86' lang='lat' dir='ltr'><strong>Domos</strong></span> <span class='ocrx_word' id='word_1_217' title='bbox 1622 2767 1714 2807; x_wconf 84' lang='lat' dir='ltr'><strong>er-</strong></span> 
     </span>
    </p>
   </div>
   <div class='ocr_carea' id='block_1_30' title="bbox 114 2842 1715 2917">
    <p class='ocr_par' dir='ltr' id='par_1_30' title="bbox 114 2842 1715 2917">
     <span class='ocr_line' id='line_1_30' title="bbox 114 2842 1715 2917; baseline -0.001 -16"><span class='ocrx_word' id='word_1_218' title='bbox 114 2861 201 2917; x_wconf 80' lang='lat' dir='ltr'><strong>go</strong></span> <span class='ocrx_word' id='word_1_219' title='bbox 247 2862 369 2916; x_wconf 67' lang='lat' dir='ltr'><strong>quae</strong></span> <span class='ocrx_word' id='word_1_220' title='bbox 411 2846 466 2899; x_wconf 91' lang='lat' dir='ltr'><strong>in</strong></span> <span class='ocrx_word' id='word_1_221' title='bbox 514 2844 639 2898; x_wconf 89' lang='lat' dir='ltr'><strong>villa</strong></span> <span class='ocrx_word' id='word_1_222' title='bbox 694 2852 844 2909; x_wconf 89' lang='lat' dir='ltr'><strong>sunt,</strong></span> <span class='ocrx_word' id='word_1_223' title='bbox 877 2843 1022 2913; x_wconf 91' lang='lat' dir='ltr'><strong>quod</strong></span> <span class='ocrx_word' id='word_1_224' title='bbox 1058 2842 1311 2898; x_wconf 75' lang='lat' dir='ltr'><strong>Ecclesia:</strong></span> <span class='ocrx_word' id='word_1_225' title='bbox 1340 2846 1586 2914; x_wconf 89' lang='lat' dir='ltr'><strong>gentium</strong></span> <span class='ocrx_word' id='word_1_226' title='bbox 1617 2846 1715 2899; x_wconf 88' lang='lat' dir='ltr'><strong>de-</strong></span> 
     </span>
    </p>
   </div>
   <div class='ocr_carea' id='block_1_31' title="bbox 113 2936 1713 3009">
    <p class='ocr_par' dir='ltr' id='par_1_31' title="bbox 113 2936 1713 3009">
     <span class='ocr_line' id='line_1_31' title="bbox 113 2936 1713 3009; baseline -0.006 -15"><span class='ocrx_word' id='word_1_227' title='bbox 113 2940 298 2994; x_wconf 72' lang='lat' dir='ltr'><strong>lieant</strong></span> <span class='ocrx_word' id='word_1_228' title='bbox 339 2937 565 3009; x_wconf 44' lang='lat' dir='ltr'><strong>intelligi</strong></span> <span class='ocrx_word' id='word_1_229' title='bbox 589 2978 604 3003; x_wconf 92' lang='lat'><strong>,</strong></span> <span class='ocrx_word' id='word_1_230' title='bbox 641 2936 811 2991; x_wconf 84' lang='lat' dir='ltr'><strong>lsaias</strong></span> <span class='ocrx_word' id='word_1_231' title='bbox 856 2937 1017 2991; x_wconf 87' lang='lat' dir='ltr'><strong>nobis</strong></span> <span class='ocrx_word' id='word_1_232' title='bbox 1050 2938 1321 3007; x_wconf 86' lang='lat' dir='ltr'><strong>propheta</strong></span> <span class='ocrx_word' id='word_1_233' title='bbox 1351 2936 1713 3003; x_wconf 84' lang='lat' dir='ltr'><strong>demonstrat,</strong></span> 
     </span>
    </p>
   </div>
   <div class='ocr_carea' id='block_1_32' title="bbox 112 3029 1718 3100">
    <p class='ocr_par' dir='ltr' id='par_1_32' title="bbox 112 3029 1718 3100">
     <span class='ocr_line' id='line_1_32' title="bbox 112 3029 1718 3100; baseline -0.002 -15"><span class='ocrx_word' id='word_1_234' title='bbox 112 3030 342 3097; x_wconf 83' lang='lat' dir='ltr'><strong>Lauda,</strong></span> <span class='ocrx_word' id='word_1_235' title='bbox 370 3029 590 3094; x_wconf 81' lang='lat' dir='ltr'><strong>sterilis,</strong></span> <span class='ocrx_word' id='word_1_236' title='bbox 627 3045 745 3100; x_wconf 76' lang='lat' dir='ltr'><strong>qua:</strong></span> <span class='ocrx_word' id='word_1_237' title='bbox 790 3046 894 3083; x_wconf 87' lang='lat' dir='ltr'><strong>non</strong></span> <span class='ocrx_word' id='word_1_238' title='bbox 927 3029 1095 3100; x_wconf 85' lang='lat' dir='ltr'><strong>paris,</strong></span> <span class='ocrx_word' id='word_1_239' title='bbox 1127 3029 1352 3083; x_wconf 88' lang='lat' dir='ltr'><strong>decanta</strong></span> <span class='ocrx_word' id='word_1_240' title='bbox 1385 3029 1598 3082; x_wconf 88' lang='lat' dir='ltr'><strong>laudem</strong></span> <span class='ocrx_word' id='word_1_241' title='bbox 1620 3070 1635 3095; x_wconf 94' lang='lat'><strong>,</strong></span> <span class='ocrx_word' id='word_1_242' title='bbox 1668 3035 1718 3083; x_wconf 92' lang='lat' dir='ltr'><strong>et</strong></span> 
     </span>
    </p>
   </div>
   <div class='ocr_carea' id='block_1_33' title="bbox 1806 539 3404 616">
    <p class='ocr_par' dir='ltr' id='par_1_33' title="bbox 1806 539 3404 616">
     <span class='ocr_line' id='line_1_33' title="bbox 1806 539 3404 616; baseline 0.008 -24"><span class='ocrx_word' id='word_1_243' title='bbox 1806 547 1915 599; x_wconf 87' lang='lat' dir='ltr'><strong>tur,</strong></span> <span class='ocrx_word' id='word_1_244' title='bbox 1950 540 2035 594; x_wconf 82' lang='lat' dir='ltr'><strong>vel</strong></span> <span class='ocrx_word' id='word_1_245' title='bbox 2082 539 2264 596; x_wconf 87' lang='lat' dir='ltr'><strong>adhuc</strong></span> <span class='ocrx_word' id='word_1_246' title='bbox 2309 556 2501 611; x_wconf 81' lang='lat' dir='ltr'><strong>agrum</strong></span> <span class='ocrx_word' id='word_1_247' title='bbox 2549 543 2992 610; x_wconf 64' lang='lat' dir='ltr'><strong>aestimabuntur,</strong></span> <span class='ocrx_word' id='word_1_248' title='bbox 3026 548 3153 616; x_wconf 89' lang='lat' dir='ltr'><strong>quia</strong></span> <span class='ocrx_word' id='word_1_249' title='bbox 3185 548 3235 601; x_wconf 87' lang='lat' dir='ltr'><strong>ei</strong></span> <span class='ocrx_word' id='word_1_250' title='bbox 3272 561 3404 605; x_wconf 89' lang='lat' dir='ltr'><strong>sunt</strong></span> 
     </span>
    </p>
   </div>
   <div class='ocr_carea' id='block_1_34' title="bbox 1803 633 3406 710">
    <p class='ocr_par' dir='ltr' id='par_1_34' title="bbox 1803 633 3406 710">
     <span class='ocr_line' id='line_1_34' title="bbox 1803 633 3406 710; baseline 0.007 -25"><span class='ocrx_word' id='word_1_251' title='bbox 1803 633 2085 703; x_wconf 62' lang='lat' dir='ltr'><strong>proximas.</strong></span> <span class='ocrx_word' id='word_1_252' title='bbox 2115 648 2224 686; x_wconf 91' lang='lat' dir='ltr'><strong>non</strong></span> <span class='ocrx_word' id='word_1_253' title='bbox 2257 633 2385 705; x_wconf 78' lang='lat' dir='ltr'><strong>legi.</strong></span> <span class='ocrx_word' id='word_1_254' title='bbox 2412 633 2783 701; x_wconf 84' lang='lat' dir='ltr'><strong>Quamobrem</strong></span> <span class='ocrx_word' id='word_1_255' title='bbox 2814 652 3034 707; x_wconf 85' lang='lat' dir='ltr'><strong>semper</strong></span> <span class='ocrx_word' id='word_1_256' title='bbox 3059 640 3255 694; x_wconf 86' lang='lat' dir='ltr'><strong>redimi</strong></span> <span class='ocrx_word' id='word_1_257' title='bbox 3278 656 3406 710; x_wconf 54' lang='lat' dir='ltr'><strong>pos.</strong></span> 
     </span>
    </p>
   </div>
   <div class='ocr_carea' id='block_1_35' title="bbox 1805 725 3403 802">
    <p class='ocr_par' dir='ltr' id='par_1_35' title="bbox 1805 725 3403 802">
     <span class='ocr_line' id='line_1_35' title="bbox 1805 725 3403 802; baseline 0.006 -23"><span class='ocrx_word' id='word_1_258' title='bbox 1805 734 1952 787; x_wconf 85' lang='lat' dir='ltr'><strong>sunt,</strong></span> <span class='ocrx_word' id='word_1_259' title='bbox 1982 725 2066 779; x_wconf 90' lang='lat' dir='ltr'><strong>vel</strong></span> <span class='ocrx_word' id='word_1_260' title='bbox 2098 727 2402 780; x_wconf 87' lang='lat' dir='ltr'><strong>secundum</strong></span> <span class='ocrx_word' id='word_1_261' title='bbox 2436 727 2795 800; x_wconf 81' lang='lat' dir='ltr'><strong>Septuaginta</strong></span> <span class='ocrx_word' id='word_1_262' title='bbox 2822 730 3068 786; x_wconf 67' lang='lat' dir='ltr'><strong>liberata:</strong></span> <span class='ocrx_word' id='word_1_263' title='bbox 3096 748 3194 802; x_wconf 81' lang='lat' dir='ltr'><strong>per</strong></span> <span class='ocrx_word' id='word_1_264' title='bbox 3220 736 3403 789; x_wconf 88' lang='lat' dir='ltr'><strong>omnia</strong></span> 
     </span>
    </p>
   </div>
   <div class='ocr_carea' id='block_1_36' title="bbox 1805 817 3404 894">
    <p class='ocr_par' dir='ltr' id='par_1_36' title="bbox 1805 817 3404 894">
     <span class='ocr_line' id='line_1_36' title="bbox 1805 817 3404 894; baseline 0.005 -21"><span class='ocrx_word' id='word_1_265' title='bbox 1805 825 1990 873; x_wconf 90' lang='lat' dir='ltr'><strong>erunt.</strong></span> <span class='ocrx_word' id='word_1_266' title='bbox 2029 817 2108 873; x_wconf 83' lang='lat' dir='ltr'><strong>Ex</strong></span> <span class='ocrx_word' id='word_1_267' title='bbox 2159 834 2267 888; x_wconf 92' lang='lat' dir='ltr'><strong>quo</strong></span> <span class='ocrx_word' id='word_1_268' title='bbox 2301 835 2432 890; x_wconf 84' lang='lat' dir='ltr'><strong>ergo</strong></span> <span class='ocrx_word' id='word_1_269' title='bbox 2468 821 2734 877; x_wconf 89' lang='lat' dir='ltr'><strong>Dominus</strong></span> <span class='ocrx_word' id='word_1_270' title='bbox 2772 823 2944 888; x_wconf 88' lang='lat' dir='ltr'><strong>venit,</strong></span> <span class='ocrx_word' id='word_1_271' title='bbox 2983 840 3155 894; x_wconf 87' lang='lat' dir='ltr'><strong>usque</strong></span> <span class='ocrx_word' id='word_1_272' title='bbox 3197 826 3265 880; x_wconf 91' lang='lat' dir='ltr'><strong>ad</strong></span> <span class='ocrx_word' id='word_1_273' title='bbox 3313 842 3404 881; x_wconf 82' lang='lat' dir='ltr'><strong>se—</strong></span> 
     </span>
    </p>
   </div>
   <div class='ocr_carea' id='block_1_37' title="bbox 1805 911 3405 985">
    <p class='ocr_par' dir='ltr' id='par_1_37' title="bbox 1805 911 3405 985">
     <span class='ocr_line' id='line_1_37' title="bbox 1805 911 3405 985; baseline 0.004 -19"><span class='ocrx_word' id='word_1_274' title='bbox 1805 911 2046 967; x_wconf 86' lang='lat' dir='ltr'><strong>cundum</strong></span> <span class='ocrx_word' id='word_1_275' title='bbox 2080 912 2376 967; x_wconf 83' lang='lat' dir='ltr'><strong>adventum</strong></span> <span class='ocrx_word' id='word_1_276' title='bbox 2401 914 2541 983; x_wconf 91' lang='lat' dir='ltr'><strong>ejus,</strong></span> <span class='ocrx_word' id='word_1_277' title='bbox 2573 929 2672 984; x_wconf 87' lang='lat' dir='ltr'><strong>per</strong></span> <span class='ocrx_word' id='word_1_278' title='bbox 2698 924 2882 985; x_wconf 75' lang='lat' dir='ltr'><strong>parter</strong></span> <span class='ocrx_word' id='word_1_279' title='bbox 2908 926 3099 985; x_wconf 87' lang='lat' dir='ltr'><strong>gentes</strong></span> <span class='ocrx_word' id='word_1_280' title='bbox 3122 917 3405 972; x_wconf 85' lang='lat' dir='ltr'><strong>redimun-</strong></span> 
     </span>
    </p>
   </div>
   <div class='ocr_carea' id='block_1_38' title="bbox 1806 1004 3403 1078">
    <p class='ocr_par' dir='ltr' id='par_1_38' title="bbox 1806 1004 3403 1078">
     <span class='ocr_line' id='line_1_38' title="bbox 1806 1004 3403 1078; baseline 0.004 -21"><span class='ocrx_word' id='word_1_281' title='bbox 1806 1011 1915 1067; x_wconf 88' lang='lat' dir='ltr'><strong>tur,</strong></span> <span class='ocrx_word' id='word_1_282' title='bbox 1947 1013 2003 1057; x_wconf 89' lang='lat' dir='ltr'><strong>et</strong></span> <span class='ocrx_word' id='word_1_283' title='bbox 2049 1019 2147 1071; x_wconf 86' lang='lat' dir='ltr'><strong>per</strong></span> <span class='ocrx_word' id='word_1_284' title='bbox 2178 1004 2557 1059; x_wconf 88' lang='lat' dir='ltr'><strong>remissionem</strong></span> <span class='ocrx_word' id='word_1_285' title='bbox 2599 1007 2860 1071; x_wconf 88' lang='lat' dir='ltr'><strong>evadunt,</strong></span> <span class='ocrx_word' id='word_1_286' title='bbox 2897 1022 3061 1077; x_wconf 88' lang='lat' dir='ltr'><strong>quam</strong></span> <span class='ocrx_word' id='word_1_287' title='bbox 3097 1008 3215 1078; x_wconf 90' lang='lat' dir='ltr'><strong>ipse</strong></span> <span class='ocrx_word' id='word_1_288' title='bbox 3249 1009 3403 1063; x_wconf 87' lang='lat' dir='ltr'><strong>omni</strong></span> 
     </span>
    </p>
   </div>
   <div class='ocr_carea' id='block_1_39' title="bbox 1807 1095 3400 1168">
    <p class='ocr_par' dir='ltr' id='par_1_39' title="bbox 1807 1095 3400 1168">
     <span class='ocr_line' id='line_1_39' title="bbox 1807 1095 3400 1168; baseline 0.004 -19"><span class='ocrx_word' id='word_1_289' title='bbox 1807 1095 1992 1165; x_wconf 86' lang='lat' dir='ltr'><strong>generi</strong></span> <span class='ocrx_word' id='word_1_290' title='bbox 2039 1095 2280 1149; x_wconf 89' lang='lat' dir='ltr'><strong>humano</strong></span> <span class='ocrx_word' id='word_1_291' title='bbox 2316 1112 2412 1165; x_wconf 85' lang='lat' dir='ltr'><strong>per</strong></span> <span class='ocrx_word' id='word_1_292' title='bbox 2442 1112 2661 1151; x_wconf 86' lang='lat' dir='ltr'><strong>erucem</strong></span> <span class='ocrx_word' id='word_1_293' title='bbox 2698 1100 3011 1168; x_wconf 80' lang='lat' dir='ltr'><strong>appellavit.</strong></span> <span class='ocrx_word' id='word_1_294' title='bbox 3045 1100 3187 1154; x_wconf 67' lang='lat' dir='ltr'><strong>(Irus</strong></span> <span class='ocrx_word' id='word_1_295' title='bbox 3225 1102 3400 1166; x_wconf 88' lang='lat' dir='ltr'><strong>enim,</strong></span> 
     </span>
    </p>
   </div>
   <div class='ocr_carea' id='block_1_40' title="bbox 1807 1187 3409 1263">
    <p class='ocr_par' dir='ltr' id='par_1_40' title="bbox 1807 1187 3409 1263">
     <span class='ocr_line' id='line_1_40' title="bbox 1807 1187 3409 1263; baseline 0.005 -24"><span class='ocrx_word' id='word_1_296' title='bbox 1807 1194 1893 1240; x_wconf 90' lang='lat' dir='ltr'><strong>est</strong></span> <span class='ocrx_word' id='word_1_297' title='bbox 1922 1201 2049 1240; x_wconf 88' lang='lat' dir='ltr'><strong>vera</strong></span> <span class='ocrx_word' id='word_1_298' title='bbox 2081 1187 2526 1243; x_wconf 85' lang='lat' dir='ltr'><strong>remissio.Unde</strong></span> <span class='ocrx_word' id='word_1_299' title='bbox 2554 1199 2610 1242; x_wconf 90' lang='lat' dir='ltr'><strong>et</strong></span> <span class='ocrx_word' id='word_1_300' title='bbox 2634 1189 2754 1259; x_wconf 84' lang='lat' dir='ltr'><strong>ejus</strong></span> <span class='ocrx_word' id='word_1_301' title='bbox 2780 1190 3006 1260; x_wconf 89' lang='lat' dir='ltr'><strong>ﬁguram</strong></span> <span class='ocrx_word' id='word_1_302' title='bbox 3038 1208 3234 1263; x_wconf 81' lang='lat' dir='ltr'><strong>gerens</strong></span> <span class='ocrx_word' id='word_1_303' title='bbox 3262 1193 3409 1247; x_wconf 87' lang='lat' dir='ltr'><strong>aries</strong></span> 
     </span>
    </p>
   </div>
   <div class='ocr_carea' id='block_1_41' title="bbox 1807 1277 3402 1349">
    <p class='ocr_par' dir='ltr' id='par_1_41' title="bbox 1807 1277 3402 1349">
     <span class='ocr_line' id='line_1_41' title="bbox 1807 1277 3402 1349; baseline 0.002 -16"><span class='ocrx_word' id='word_1_304' title='bbox 1807 1277 1899 1349; x_wconf 90' lang='lat' dir='ltr'><strong>qui</strong></span> <span class='ocrx_word' id='word_1_305' title='bbox 1933 1295 2030 1348; x_wconf 92' lang='lat' dir='ltr'><strong>pro</strong></span> <span class='ocrx_word' id='word_1_306' title='bbox 2062 1280 2213 1335; x_wconf 88' lang='lat' dir='ltr'><strong>Isaac</strong></span> <span class='ocrx_word' id='word_1_307' title='bbox 2258 1279 2311 1332; x_wconf 91' lang='lat' dir='ltr'><strong>in</strong></span> <span class='ocrx_word' id='word_1_308' title='bbox 2356 1278 2677 1335; x_wconf 87' lang='lat' dir='ltr'><strong>holocausto</strong></span> <span class='ocrx_word' id='word_1_309' title='bbox 2712 1282 2931 1337; x_wconf 89' lang='lat' dir='ltr'><strong>oblatus</strong></span> <span class='ocrx_word' id='word_1_310' title='bbox 2967 1294 3071 1345; x_wconf 85' lang='lat' dir='ltr'><strong>est,</strong></span> <span class='ocrx_word' id='word_1_311' title='bbox 3100 1286 3402 1340; x_wconf 86' lang='lat' dir='ltr'><strong>secundum</strong></span> 
     </span>
    </p>
   </div>
   <div class='ocr_carea' id='block_1_42' title="bbox 1808 1370 3407 1445">
    <p class='ocr_par' dir='ltr' id='par_1_42' title="bbox 1808 1370 3407 1445">
     <span class='ocr_line' id='line_1_42' title="bbox 1808 1370 3407 1445; baseline 0.003 -20"><span class='ocrx_word' id='word_1_312' title='bbox 1808 1371 1955 1442; x_wconf 90' lang='lat' dir='ltr'><strong>quod</strong></span> <span class='ocrx_word' id='word_1_313' title='bbox 1983 1370 2343 1441; x_wconf 86' lang='lat' dir='ltr'><strong>Septuaginta</strong></span> <span class='ocrx_word' id='word_1_314' title='bbox 2379 1372 2571 1434; x_wconf 88' lang='lat' dir='ltr'><strong>edunt,</strong></span> <span class='ocrx_word' id='word_1_315' title='bbox 2610 1373 2666 1426; x_wconf 89' lang='lat' dir='ltr'><strong>in</strong></span> <span class='ocrx_word' id='word_1_316' title='bbox 2700 1374 2927 1445; x_wconf 83' lang='lat' dir='ltr'><strong>virgulto</strong></span> <span class='ocrx_word' id='word_1_317' title='bbox 2968 1374 3166 1429; x_wconf 87' lang='lat' dir='ltr'><strong>Sabech</strong></span> <span class='ocrx_word' id='word_1_318' title='bbox 3209 1377 3407 1430; x_wconf 78' lang='lat' dir='ltr'><strong>inven-</strong></span> 
     </span>
    </p>
   </div>
   <div class='ocr_carea' id='block_1_43' title="bbox 1809 1464 3409 1537">
    <p class='ocr_par' dir='ltr' id='par_1_43' title="bbox 1809 1464 3409 1537">
     <span class='ocr_line' id='line_1_43' title="bbox 1809 1464 3409 1537; baseline 0.003 -18"><span class='ocrx_word' id='word_1_319' title='bbox 1809 1474 1900 1519; x_wconf 91' lang='lat' dir='ltr'><strong>tus</strong></span> <span class='ocrx_word' id='word_1_320' title='bbox 1926 1474 2013 1519; x_wconf 86' lang='lat' dir='ltr'><strong>est</strong></span> <span class='ocrx_word' id='word_1_321' title='bbox 2038 1464 2318 1535; x_wconf 84' lang='lat' dir='ltr'><strong>religatus.</strong></span> <span class='ocrx_word' id='word_1_322' title='bbox 2354 1464 2566 1519; x_wconf 86' lang='lat' dir='ltr'><strong>Sabech</strong></span> <span class='ocrx_word' id='word_1_323' title='bbox 2602 1474 2809 1528; x_wconf 84' lang='lat' dir='ltr'><strong>autem,</strong></span> <span class='ocrx_word' id='word_1_324' title='bbox 2845 1468 3099 1520; x_wconf 86' lang='lat' dir='ltr'><strong>remissio</strong></span> <span class='ocrx_word' id='word_1_325' title='bbox 3133 1469 3409 1537; x_wconf 87' lang='lat' dir='ltr'><strong>interpre-</strong></span> 
     </span>
    </p>
   </div>
   <div class='ocr_carea' id='block_1_44' title="bbox 1810 1558 3406 1631">
    <p class='ocr_par' dir='ltr' id='par_1_44' title="bbox 1810 1558 3406 1631">
     <span class='ocr_line' id='line_1_44' title="bbox 1810 1558 3406 1631; baseline 0.003 -20"><span class='ocrx_word' id='word_1_326' title='bbox 1810 1566 1979 1619; x_wconf 86' lang='lat' dir='ltr'><strong>tatur,</strong></span> <span class='ocrx_word' id='word_1_327' title='bbox 2010 1558 2139 1627; x_wconf 89' lang='lat' dir='ltr'><strong>quia</strong></span> <span class='ocrx_word' id='word_1_328' title='bbox 2186 1574 2430 1618; x_wconf 87' lang='lat' dir='ltr'><strong>crucem.</strong></span> <span class='ocrx_word' id='word_1_329' title='bbox 2452 1574 2574 1628; x_wconf 70' lang='lat' dir='ltr'><strong>qua:</strong></span> <span class='ocrx_word' id='word_1_330' title='bbox 2599 1558 2701 1612; x_wconf 81' lang='lat' dir='ltr'><strong>luit</strong></span> <span class='ocrx_word' id='word_1_331' title='bbox 2725 1558 3068 1615; x_wconf 89' lang='lat' dir='ltr'><strong>remissionis</strong></span> <span class='ocrx_word' id='word_1_332' title='bbox 3088 1561 3406 1631; x_wconf 88' lang='lat' dir='ltr'><strong>virgultum,</strong></span> 
     </span>
    </p>
   </div>
   <div class='ocr_carea' id='block_1_45' title="bbox 1808 1651 3411 1724">
    <p class='ocr_par' dir='ltr' id='par_1_45' title="bbox 1808 1651 3411 1724">
     <span class='ocr_line' id='line_1_45' title="bbox 1808 1651 3411 1724; baseline 0.001 -19"><span class='ocrx_word' id='word_1_333' title='bbox 1808 1651 2195 1723; x_wconf 77' lang='lat' dir='ltr'><strong>praeﬁgurabat</strong></span> <span class='ocrx_word' id='word_1_334' title='bbox 2226 1653 2330 1706; x_wconf 90' lang='lat' dir='ltr'><strong>hee</strong></span> <span class='ocrx_word' id='word_1_335' title='bbox 2369 1653 2514 1722; x_wconf 88' lang='lat' dir='ltr'><strong>quod</strong></span> <span class='ocrx_word' id='word_1_336' title='bbox 2557 1661 2685 1706; x_wconf 90' lang='lat' dir='ltr'><strong>tunc</strong></span> <span class='ocrx_word' id='word_1_337' title='bbox 2716 1664 2932 1722; x_wconf 83' lang='lat' dir='ltr'><strong>gestum</strong></span> <span class='ocrx_word' id='word_1_338' title='bbox 2978 1662 3083 1706; x_wconf 81' lang='lat' dir='ltr'><strong>est.</strong></span> <span class='ocrx_word' id='word_1_339' title='bbox 3116 1651 3256 1724; x_wconf 81' lang='lat' dir='ltr'><strong>Ergo</strong></span> <span class='ocrx_word' id='word_1_340' title='bbox 3287 1662 3411 1707; x_wconf 87' lang='lat' dir='ltr'><strong>tan-</strong></span> 
     </span>
    </p>
   </div>
   <div class='ocr_carea' id='block_1_46' title="bbox 1811 1742 3407 1814">
    <p class='ocr_par' dir='ltr' id='par_1_46' title="bbox 1811 1742 3407 1814">
     <span class='ocr_line' id='line_1_46' title="bbox 1811 1742 3407 1814; baseline 0.002 -18"><span class='ocrx_word' id='word_1_341' title='bbox 1811 1757 1974 1812; x_wconf 86' lang='lat' dir='ltr'><strong>quam</strong></span> <span class='ocrx_word' id='word_1_342' title='bbox 2026 1742 2301 1796; x_wconf 78' lang='lat' dir='ltr'><strong>Abraham</strong></span> <span class='ocrx_word' id='word_1_343' title='bbox 2359 1743 2415 1796; x_wconf 92' lang='lat' dir='ltr'><strong>in</strong></span> <span class='ocrx_word' id='word_1_344' title='bbox 2473 1742 2642 1814; x_wconf 81' lang='lat' dir='ltr'><strong>ﬁgura</strong></span> <span class='ocrx_word' id='word_1_345' title='bbox 2697 1743 2842 1797; x_wconf 89' lang='lat' dir='ltr'><strong>diem</strong></span> <span class='ocrx_word' id='word_1_346' title='bbox 2894 1744 3074 1798; x_wconf 92' lang='lat' dir='ltr'><strong>crucis</strong></span> <span class='ocrx_word' id='word_1_347' title='bbox 3125 1754 3407 1809; x_wconf 87' lang='lat' dir='ltr'><strong>cernente,</strong></span> 
     </span>
    </p>
   </div>
   <div class='ocr_carea' id='block_1_47' title="bbox 1807 1834 3411 1901">
    <p class='ocr_par' dir='ltr' id='par_1_47' title="bbox 1807 1834 3411 1901">
     <span class='ocr_line' id='line_1_47' title="bbox 1807 1834 3411 1901; baseline 0.002 -14"><span class='ocrx_word' id='word_1_348' title='bbox 1807 1834 2061 1888; x_wconf 89' lang='lat' dir='ltr'><strong>Christus</strong></span> <span class='ocrx_word' id='word_1_349' title='bbox 2091 1834 2264 1888; x_wconf 84' lang='lat' dir='ltr'><strong>dixit:</strong></span> <span class='ocrx_word' id='word_1_350' title='bbox 2304 1834 2577 1887; x_wconf 82' lang='lat' dir='ltr'><strong>Abraham</strong></span> <span class='ocrx_word' id='word_1_351' title='bbox 2603 1834 2909 1901; x_wconf 75' lang='lat' dir='ltr'><strong>exsultavit,</strong></span> <span class='ocrx_word' id='word_1_352' title='bbox 2941 1845 2997 1888; x_wconf 91' lang='lat' dir='ltr'><strong>ut</strong></span> <span class='ocrx_word' id='word_1_353' title='bbox 3026 1837 3225 1890; x_wconf 86' lang='lat' dir='ltr'><strong>videret</strong></span> <span class='ocrx_word' id='word_1_354' title='bbox 3267 1838 3411 1890; x_wconf 84' lang='lat' dir='ltr'><strong>diem</strong></span> 
     </span>
    </p>
   </div>
   <div class='ocr_carea' id='block_1_48' title="bbox 1809 1926 3411 1999">
    <p class='ocr_par' dir='ltr' id='par_1_48' title="bbox 1809 1926 3411 1999">
     <span class='ocr_line' id='line_1_48' title="bbox 1809 1926 3411 1999; baseline 0.002 -19"><span class='ocrx_word' id='word_1_355' title='bbox 1809 1929 2006 1992; x_wconf 79' lang='lat' dir='ltr'><strong>meum,</strong></span> <span class='ocrx_word' id='word_1_356' title='bbox 2036 1935 2084 1979; x_wconf 90' lang='lat' dir='ltr'><strong>et</strong></span> <span class='ocrx_word' id='word_1_357' title='bbox 2115 1926 2266 1989; x_wconf 85' lang='lat' dir='ltr'><strong>vidit,</strong></span> <span class='ocrx_word' id='word_1_358' title='bbox 2294 1935 2342 1979; x_wconf 89' lang='lat' dir='ltr'><strong>et</strong></span> <span class='ocrx_word' id='word_1_359' title='bbox 2362 1927 2574 1996; x_wconf 83' lang='lat' dir='ltr'><strong>gavisus</strong></span> <span class='ocrx_word' id='word_1_360' title='bbox 2604 1938 2676 1980; x_wconf 89' lang='lat' dir='ltr'><strong>est</strong></span> <span class='ocrx_word' id='word_1_361' title='bbox 2702 1928 2746 1980; x_wconf 83' lang='grc'><strong>³.</strong></span> <span class='ocrx_word' id='word_1_362' title='bbox 2765 1926 2921 1993; x_wconf 86' lang='lat' dir='ltr'><strong>Quod</strong></span> <span class='ocrx_word' id='word_1_363' title='bbox 2959 1944 3091 1999; x_wconf 86' lang='lat' dir='ltr'><strong>ergo</strong></span> <span class='ocrx_word' id='word_1_364' title='bbox 3119 1937 3239 1983; x_wconf 91' lang='lat' dir='ltr'><strong>erat</strong></span> <span class='ocrx_word' id='word_1_365' title='bbox 3265 1945 3411 1999; x_wconf 71' lang='lat' dir='ltr'><strong>pra:-</strong></span> 
     </span>
    </p>
   </div>
   <div class='ocr_carea' id='block_1_49' title="bbox 1811 2017 3412 2090">
    <p class='ocr_par' dir='ltr' id='par_1_49' title="bbox 1811 2017 3412 2090">
     <span class='ocr_line' id='line_1_49' title="bbox 1811 2017 3412 2090; baseline 0.002 -16"><span class='ocrx_word' id='word_1_366' title='bbox 1811 2018 1972 2074; x_wconf 87' lang='lat' dir='ltr'><strong>dictis</strong></span> <span class='ocrx_word' id='word_1_367' title='bbox 2016 2019 2085 2073; x_wconf 90' lang='lat' dir='ltr'><strong>de</strong></span> <span class='ocrx_word' id='word_1_368' title='bbox 2129 2017 2355 2073; x_wconf 83' lang='lat' dir='ltr'><strong>Judaica</strong></span> <span class='ocrx_word' id='word_1_369' title='bbox 2391 2019 2554 2072; x_wconf 89' lang='lat' dir='ltr'><strong>domo</strong></span> <span class='ocrx_word' id='word_1_370' title='bbox 2583 2020 2941 2083; x_wconf 90' lang='lat' dir='ltr'><strong>contrarium,</strong></span> <span class='ocrx_word' id='word_1_371' title='bbox 2978 2021 3101 2075; x_wconf 90' lang='lat' dir='ltr'><strong>vide</strong></span> <span class='ocrx_word' id='word_1_372' title='bbox 3131 2021 3412 2090; x_wconf 87' lang='lat' dir='ltr'><strong>quomodo</strong></span> 
     </span>
    </p>
   </div>
   <div class='ocr_carea' id='block_1_50' title="bbox 1811 2106 3406 2178">
    <p class='ocr_par' dir='ltr' id='par_1_50' title="bbox 1811 2106 3406 2178">
     <span class='ocr_line' id='line_1_50' title="bbox 1811 2106 3406 2178; baseline 0 -17"><span class='ocrx_word' id='word_1_373' title='bbox 1811 2107 2123 2178; x_wconf 66' lang='lat' dir='ltr'><strong>praevidens</strong></span> <span class='ocrx_word' id='word_1_374' title='bbox 2154 2106 2432 2178; x_wconf 88' lang='lat' dir='ltr'><strong>legislator</strong></span> <span class='ocrx_word' id='word_1_375' title='bbox 2462 2106 2650 2166; x_wconf 86' lang='lat' dir='ltr'><strong>solvit.</strong></span> <span class='ocrx_word' id='word_1_376' title='bbox 2682 2107 2809 2177; x_wconf 89' lang='lat' dir='ltr'><strong>quia</strong></span> <span class='ocrx_word' id='word_1_377' title='bbox 2841 2108 2989 2160; x_wconf 87' lang='lat' dir='ltr'><strong>enim</strong></span> <span class='ocrx_word' id='word_1_378' title='bbox 3027 2115 3152 2177; x_wconf 91' lang='lat' dir='ltr'><strong>post</strong></span> <span class='ocrx_word' id='word_1_379' title='bbox 3177 2122 3406 2168; x_wconf 89' lang='lat' dir='ltr'><strong>annum.</strong></span> 
     </span>
    </p>
   </div>
   <div class='ocr_carea' id='block_1_51' title="bbox 1811 2198 3411 2269">
    <p class='ocr_par' dir='ltr' id='par_1_51' title="bbox 1811 2198 3411 2269">
     <span class='ocr_line' id='line_1_51' title="bbox 1811 2198 3411 2269; baseline 0 -14"><span class='ocrx_word' id='word_1_380' title='bbox 1811 2201 1867 2255; x_wconf 91' lang='lat' dir='ltr'><strong>in</strong></span> <span class='ocrx_word' id='word_1_381' title='bbox 1912 2214 2022 2269; x_wconf 92' lang='lat' dir='ltr'><strong>quo</strong></span> <span class='ocrx_word' id='word_1_382' title='bbox 2064 2198 2322 2253; x_wconf 88' lang='lat' dir='ltr'><strong>Christus</strong></span> <span class='ocrx_word' id='word_1_383' title='bbox 2350 2200 2406 2253; x_wconf 93' lang='lat' dir='ltr'><strong>in</strong></span> <span class='ocrx_word' id='word_1_384' title='bbox 2435 2214 2602 2253; x_wconf 90' lang='lat' dir='ltr'><strong>carne</strong></span> <span class='ocrx_word' id='word_1_385' title='bbox 2644 2213 2890 2269; x_wconf 72' lang='lat' dir='ltr'><strong>praesens</strong></span> <span class='ocrx_word' id='word_1_386' title='bbox 2918 2198 3184 2253; x_wconf 87' lang='lat' dir='ltr'><strong>liberabat</strong></span> <span class='ocrx_word' id='word_1_387' title='bbox 3214 2199 3411 2255; x_wconf 60' lang='lat' dir='ltr'><strong>humao</strong></span> 
     </span>
    </p>
   </div>
   <div class='ocr_carea' id='block_1_52' title="bbox 1810 2289 3403 2362">
    <p class='ocr_par' dir='ltr' id='par_1_52' title="bbox 1810 2289 3403 2362">
     <span class='ocr_line' id='line_1_52' title="bbox 1810 2289 3403 2362; baseline -0.001 -16"><span class='ocrx_word' id='word_1_388' title='bbox 1810 2307 1944 2347; x_wconf 89' lang='lat' dir='ltr'><strong>num</strong></span> <span class='ocrx_word' id='word_1_389' title='bbox 1979 2307 2188 2362; x_wconf 83' lang='lat' dir='ltr'><strong>genus,</strong></span> <span class='ocrx_word' id='word_1_390' title='bbox 2221 2291 2431 2360; x_wconf 88' lang='lat' dir='ltr'><strong>integre</strong></span> <span class='ocrx_word' id='word_1_391' title='bbox 2461 2290 2776 2345; x_wconf 83' lang='lat' dir='ltr'><strong>Judaeorum</strong></span> <span class='ocrx_word' id='word_1_392' title='bbox 2813 2289 3110 2362; x_wconf 74' lang='lat' dir='ltr'><strong>Synagogte</strong></span> <span class='ocrx_word' id='word_1_393' title='bbox 3145 2305 3243 2359; x_wconf 91' lang='lat' dir='ltr'><strong>per</strong></span> <span class='ocrx_word' id='word_1_394' title='bbox 3271 2306 3403 2361; x_wconf 82' lang='lat' dir='ltr'><strong>apo-</strong></span> 
     </span>
    </p>
   </div>
   <div class='ocr_carea' id='block_1_53' title="bbox 1786 2380 3410 2450">
    <p class='ocr_par' dir='ltr' id='par_1_53' title="bbox 1786 2380 3410 2450">
     <span class='ocr_line' id='line_1_53' title="bbox 1786 2380 3410 2450; baseline 0 -13"><span class='ocrx_word' id='word_1_395' title='bbox 1786 2383 2066 2437; x_wconf 54' lang='lat' dir='ltr'><strong>‘étolicam</strong></span> <span class='ocrx_word' id='word_1_396' title='bbox 2098 2382 2405 2437; x_wconf 83' lang='lat' dir='ltr'><strong>doctrinam</strong></span> <span class='ocrx_word' id='word_1_397' title='bbox 2433 2381 2676 2436; x_wconf 78' lang='lat' dir='ltr'><strong>liberata:</strong></span> <span class='ocrx_word' id='word_1_398' title='bbox 2708 2390 2857 2444; x_wconf 85' lang='lat' dir='ltr'><strong>sunt,</strong></span> <span class='ocrx_word' id='word_1_399' title='bbox 2880 2396 3032 2435; x_wconf 88' lang='lat' dir='ltr'><strong>nunc</strong></span> <span class='ocrx_word' id='word_1_400' title='bbox 3062 2380 3280 2450; x_wconf 87' lang='lat' dir='ltr'><strong>quidem</strong></span> <span class='ocrx_word' id='word_1_401' title='bbox 3307 2381 3410 2439; x_wconf 84' lang='lat' dir='ltr'><strong>tria</strong></span> 
     </span>
    </p>
   </div>
   <div class='ocr_carea' id='block_1_54' title="bbox 1811 2474 3412 2545">
    <p class='ocr_par' dir='ltr' id='par_1_54' title="bbox 1811 2474 3412 2545">
     <span class='ocr_line' id='line_1_54' title="bbox 1811 2474 3412 2545; baseline -0.001 -15"><span class='ocrx_word' id='word_1_402' title='bbox 1811 2476 2003 2542; x_wconf 87' lang='lat' dir='ltr'><strong>millia,</strong></span> <span class='ocrx_word' id='word_1_403' title='bbox 2039 2491 2187 2529; x_wconf 90' lang='lat' dir='ltr'><strong>nunc</strong></span> <span class='ocrx_word' id='word_1_404' title='bbox 2219 2484 2400 2529; x_wconf 90' lang='lat' dir='ltr'><strong>autem</strong></span> <span class='ocrx_word' id='word_1_405' title='bbox 2427 2475 2669 2545; x_wconf 88' lang='lat' dir='ltr'><strong>quinque</strong></span> <span class='ocrx_word' id='word_1_406' title='bbox 2694 2474 2884 2539; x_wconf 88' lang='lat' dir='ltr'><strong>millia,</strong></span> <span class='ocrx_word' id='word_1_407' title='bbox 2908 2489 3210 2544; x_wconf 82' lang='lat' dir='ltr'><strong>rursusque</strong></span> <span class='ocrx_word' id='word_1_408' title='bbox 3238 2475 3412 2530; x_wconf 88' lang='lat' dir='ltr'><strong>multo</strong></span> 
     </span>
    </p>
   </div>
   <div class='ocr_carea' id='block_1_55' title="bbox 1813 2567 3410 2641">
    <p class='ocr_par' dir='ltr' id='par_1_55' title="bbox 1813 2567 3410 2641">
     <span class='ocr_line' id='line_1_55' title="bbox 1813 2567 3410 2641; baseline 0.001 -18"><span class='ocrx_word' id='word_1_409' title='bbox 1813 2570 2000 2641; x_wconf 88' lang='lat' dir='ltr'><strong>plures</strong></span> <span class='ocrx_word' id='word_1_410' title='bbox 2028 2584 2191 2639; x_wconf 88' lang='lat' dir='ltr'><strong>quam</strong></span> <span class='ocrx_word' id='word_1_411' title='bbox 2225 2568 2356 2623; x_wconf 89' lang='lat' dir='ltr'><strong>dicti</strong></span> <span class='ocrx_word' id='word_1_412' title='bbox 2402 2576 2565 2631; x_wconf 91' lang='lat' dir='ltr'><strong>sunt,</strong></span> <span class='ocrx_word' id='word_1_413' title='bbox 2601 2584 2672 2622; x_wconf 90' lang='lat' dir='ltr'><strong>ne</strong></span> <span class='ocrx_word' id='word_1_414' title='bbox 2717 2567 2842 2637; x_wconf 91' lang='lat' dir='ltr'><strong>quis</strong></span> <span class='ocrx_word' id='word_1_415' title='bbox 2878 2567 2983 2622; x_wconf 92' lang='lat' dir='ltr'><strong>hoc</strong></span> <span class='ocrx_word' id='word_1_416' title='bbox 3016 2568 3296 2639; x_wconf 79' lang='lat' dir='ltr'><strong>ignorasse</strong></span> <span class='ocrx_word' id='word_1_417' title='bbox 3328 2569 3410 2625; x_wconf 80' lang='lat' dir='ltr'><strong>le-</strong></span> 
     </span>
    </p>
   </div>
   <div class='ocr_carea' id='block_1_56' title="bbox 1815 2664 3416 2738">
    <p class='ocr_par' dir='ltr' id='par_1_56' title="bbox 1815 2664 3416 2738">
     <span class='ocr_line' id='line_1_56' title="bbox 1815 2664 3416 2738; baseline 0.001 -19"><span class='ocrx_word' id='word_1_418' title='bbox 1815 2666 2130 2738; x_wconf 83' lang='lat' dir='ltr'><strong>gislaturem</strong></span> <span class='ocrx_word' id='word_1_419' title='bbox 2162 2666 2545 2731; x_wconf 88' lang='lat' dir='ltr'><strong>arbitraretur,</strong></span> <span class='ocrx_word' id='word_1_420' title='bbox 2570 2665 2717 2729; x_wconf 89' lang='lat' dir='ltr'><strong>vide,</strong></span> <span class='ocrx_word' id='word_1_421' title='bbox 2748 2664 3210 2734; x_wconf 89' lang='lat' dir='ltr'><strong>quemadmodum</strong></span> <span class='ocrx_word' id='word_1_422' title='bbox 3229 2674 3287 2719; x_wconf 89' lang='lat' dir='ltr'><strong>et</strong></span> <span class='ocrx_word' id='word_1_423' title='bbox 3308 2666 3416 2721; x_wconf 88' lang='lat' dir='ltr'><strong>hoc</strong></span> 
     </span>
    </p>
   </div>
   <div class='ocr_carea' id='block_1_57' title="bbox 1817 2757 2840 2829">
    <p class='ocr_par' dir='ltr' id='par_1_57' title="bbox 1817 2757 2840 2829">
     <span class='ocr_line' id='line_1_57' title="bbox 1817 2757 2840 2829; baseline -0.002 -16"><span class='ocrx_word' id='word_1_424' title='bbox 1817 2758 2091 2829; x_wconf 86' lang='lat' dir='ltr'><strong>sapientia</strong></span> <span class='ocrx_word' id='word_1_425' title='bbox 2124 2758 2386 2827; x_wconf 83' lang='lat' dir='ltr'><strong>spiritalis</strong></span> <span class='ocrx_word' id='word_1_426' title='bbox 2417 2757 2840 2813; x_wconf 81' lang='lat' dir='ltr'><strong>demonstravit.</strong></span> 
     </span>
    </p>
   </div>
   <div class='ocr_carea' id='block_1_58' title="bbox 1886 2847 3416 2921">
    <p class='ocr_par' dir='ltr' id='par_1_58' title="bbox 1886 2847 3416 2921">
     <span class='ocr_line' id='line_1_58' title="bbox 1886 2847 3416 2921; baseline 0.001 -18"><span class='ocrx_word' id='word_1_427' title='bbox 1886 2848 2050 2903; x_wconf 64' lang='lat' dir='ltr'><strong>zEdes</strong></span> <span class='ocrx_word' id='word_1_428' title='bbox 2077 2847 2406 2915; x_wconf 87' lang='lat' dir='ltr'><strong>Levitarum,</strong></span> <span class='ocrx_word' id='word_1_429' title='bbox 2445 2849 2536 2919; x_wconf 86' lang='lat' dir='ltr'><strong>qui</strong></span> <span class='ocrx_word' id='word_1_430' title='bbox 2572 2848 2630 2901; x_wconf 89' lang='lat' dir='ltr'><strong>in</strong></span> <span class='ocrx_word' id='word_1_431' title='bbox 2657 2848 2872 2901; x_wconf 86' lang='lat' dir='ltr'><strong>urbibus</strong></span> <span class='ocrx_word' id='word_1_432' title='bbox 2902 2856 3027 2902; x_wconf 87' lang='lat' dir='ltr'><strong>sunt</strong></span> <span class='ocrx_word' id='word_1_433' title='bbox 3053 2864 3261 2918; x_wconf 85' lang='lat' dir='ltr'><strong>semper</strong></span> <span class='ocrx_word' id='word_1_434' title='bbox 3291 2865 3416 2921; x_wconf 80' lang='lat' dir='ltr'><strong>pos-</strong></span> 
     </span>
    </p>
   </div>
   <div class='ocr_carea' id='block_1_59' title="bbox 1817 2940 3413 3011">
    <p class='ocr_par' dir='ltr' id='par_1_59' title="bbox 1817 2940 3413 3011">
     <span class='ocr_line' id='line_1_59' title="bbox 1817 2940 3413 3011; baseline 0.002 -17"><span class='ocrx_word' id='word_1_435' title='bbox 1817 2950 1939 2995; x_wconf 84' lang='lat' dir='ltr'><strong>sunt</strong></span> <span class='ocrx_word' id='word_1_436' title='bbox 1980 2941 2192 3005; x_wconf 83' lang='lat' dir='ltr'><strong>redimi,</strong></span> <span class='ocrx_word' id='word_1_437' title='bbox 2224 2942 2270 2995; x_wconf 89' lang='lat' dir='ltr'><strong>si</strong></span> <span class='ocrx_word' id='word_1_438' title='bbox 2295 2941 2566 3010; x_wconf 83' lang='lat' dir='ltr'><strong>redempta</strong></span> <span class='ocrx_word' id='word_1_439' title='bbox 2604 2956 2709 2994; x_wconf 86' lang='lat' dir='ltr'><strong>non</strong></span> <span class='ocrx_word' id='word_1_440' title='bbox 2740 2941 2970 3010; x_wconf 78' lang='lat' dir='ltr'><strong>fuerint,</strong></span> <span class='ocrx_word' id='word_1_441' title='bbox 3008 2942 3063 2994; x_wconf 88' lang='lat' dir='ltr'><strong>in</strong></span> <span class='ocrx_word' id='word_1_442' title='bbox 3087 2940 3291 3011; x_wconf 84' lang='lat' dir='ltr'><strong>jubileo</strong></span> <span class='ocrx_word' id='word_1_443' title='bbox 3323 2959 3413 2997; x_wconf 87' lang='lat' dir='ltr'><strong>re-</strong></span> 
     </span>
    </p>
   </div>
   <div class='ocr_carea' id='block_1_60' title="bbox 1819 3031 3416 3099">
    <p class='ocr_par' dir='ltr' id='par_1_60' title="bbox 1819 3031 3416 3099">
     <span class='ocr_line' id='line_1_60' title="bbox 1819 3031 3416 3099; baseline 0.001 -12"><span class='ocrx_word' id='word_1_444' title='bbox 1819 3040 2089 3087; x_wconf 81' lang='lat' dir='ltr'><strong>vertentur</strong></span> <span class='ocrx_word' id='word_1_445' title='bbox 2125 3033 2198 3087; x_wconf 87' lang='lat' dir='ltr'><strong>ad</strong></span> <span class='ocrx_word' id='word_1_446' title='bbox 2253 3032 2512 3095; x_wconf 86' lang='lat' dir='ltr'><strong>dominos,</strong></span> <span class='ocrx_word' id='word_1_447' title='bbox 2547 3031 2674 3099; x_wconf 86' lang='lat' dir='ltr'><strong>quia</strong></span> <span class='ocrx_word' id='word_1_448' title='bbox 2719 3032 2905 3086; x_wconf 88' lang='lat' dir='ltr'><strong>domus</strong></span> <span class='ocrx_word' id='word_1_449' title='bbox 2949 3033 3159 3087; x_wconf 84' lang='lat' dir='ltr'><strong>urbium</strong></span> <span class='ocrx_word' id='word_1_450' title='bbox 3199 3034 3416 3089; x_wconf 63' lang='lat' dir='ltr'><strong>Imita-</strong></span> 
     </span>
    </p>
   </div>
   <div class='ocr_carea' id='block_1_61' title="bbox 110 3122 3415 3221">
    <p class='ocr_par' dir='ltr' id='par_1_61' title="bbox 110 3122 3415 3221">
     <span class='ocr_line' id='line_1_61' title="bbox 110 3122 3415 3221; baseline 0.002 -42"><span class='ocrx_word' id='word_1_451' title='bbox 110 3125 297 3191; x_wconf 73' lang='lat' dir='ltr'><strong>In’nni,</strong></span> <span class='ocrx_word' id='word_1_452' title='bbox 322 3141 436 3190; x_wconf 75' lang='lat' dir='ltr'><strong>qua:</strong></span> <span class='ocrx_word' id='word_1_453' title='bbox 465 3140 569 3178; x_wconf 88' lang='lat' dir='ltr'><strong>non</strong></span> <span class='ocrx_word' id='word_1_454' title='bbox 598 3124 866 3194; x_wconf 83' lang='lat' dir='ltr'><strong>pariebas,</strong></span> <span class='ocrx_word' id='word_1_455' title='bbox 890 3127 1151 3194; x_wconf 84' lang='lat' dir='ltr'><strong>quomodo</strong></span> <span class='ocrx_word' id='word_1_456' title='bbox 1178 3122 1360 3178; x_wconf 74' lang='lat' dir='ltr'><strong>multa:</strong></span> <span class='ocrx_word' id='word_1_457' title='bbox 1386 3122 1512 3191; x_wconf 73' lang='lat' dir='ltr'><strong>ﬁlia:</strong></span> <span class='ocrx_word' id='word_1_458' title='bbox 1539 3123 1721 3176; x_wconf 88' lang='lat' dir='ltr'><strong>deser-</strong></span> <span class='ocrx_word' id='word_1_459' title='bbox 1746 3162 1791 3221; x_wconf 63' lang='grc' dir='ltr'>ο</span> <span class='ocrx_word' id='word_1_460' title='bbox 1823 3141 1942 3179; x_wconf 84' lang='lat' dir='ltr'><strong>rum</strong></span> <span class='ocrx_word' id='word_1_461' title='bbox 1976 3139 2071 3193; x_wconf 85' lang='lat' dir='ltr'><strong>pro</strong></span> <span class='ocrx_word' id='word_1_462' title='bbox 2101 3123 2517 3192; x_wconf 82' lang='lat' dir='ltr'><strong>possessionibus</strong></span> <span class='ocrx_word' id='word_1_463' title='bbox 2561 3133 2683 3177; x_wconf 89' lang='lat' dir='ltr'><strong>sunt</strong></span> <span class='ocrx_word' id='word_1_464' title='bbox 2726 3124 2866 3178; x_wconf 88' lang='lat' dir='ltr'><strong>inter</strong></span> <span class='ocrx_word' id='word_1_465' title='bbox 2903 3124 3043 3193; x_wconf 80' lang='lat' dir='ltr'><strong>ﬁlios</strong></span> <span class='ocrx_word' id='word_1_466' title='bbox 3071 3125 3259 3180; x_wconf 85' lang='lat' dir='ltr'><strong>Israel.</strong></span> <span class='ocrx_word' id='word_1_467' title='bbox 3294 3126 3415 3184; x_wconf 83' lang='lat' dir='ltr'><strong>Non</strong></span> 
     </span>
    </p>
   </div>
   <div class='ocr_carea' id='block_1_62' title="bbox 113 3214 1720 3289">
    <p class='ocr_par' dir='ltr' id='par_1_62' title="bbox 113 3214 1720 3289">
     <span class='ocr_line' id='line_1_62' title="bbox 113 3214 1720 3289; baseline -0.004 -15"><span class='ocrx_word' id='word_1_468' title='bbox 113 3232 229 3282; x_wconf 72' lang='lat' dir='ltr'><strong>ta,</strong></span> <span class='ocrx_word' id='word_1_469' title='bbox 261 3219 427 3289; x_wconf 90' lang='lat' dir='ltr'><strong>magis</strong></span> <span class='ocrx_word' id='word_1_470' title='bbox 458 3233 619 3289; x_wconf 88' lang='lat' dir='ltr'><strong>quam</strong></span> <span class='ocrx_word' id='word_1_471' title='bbox 650 3218 766 3286; x_wconf 88' lang='lat' dir='ltr'><strong>ejus</strong></span> <span class='ocrx_word' id='word_1_472' title='bbox 796 3234 913 3287; x_wconf 76' lang='lat' dir='ltr'><strong>qum</strong></span> <span class='ocrx_word' id='word_1_473' title='bbox 939 3216 1093 3271; x_wconf 85' lang='lat' dir='ltr'><strong>habet</strong></span> <span class='ocrx_word' id='word_1_474' title='bbox 1127 3217 1329 3283; x_wconf 80' lang='lat' dir='ltr'><strong>virum,</strong></span> <span class='ocrx_word' id='word_1_475' title='bbox 1371 3216 1499 3269; x_wconf 87' lang='lat' dir='ltr'><strong>dicit</strong></span> <span class='ocrx_word' id='word_1_476' title='bbox 1532 3214 1720 3268; x_wconf 89' lang='lat' dir='ltr'><strong>Domi-</strong></span> 
     </span>
    </p>
   </div>
   <div class='ocr_carea' id='block_1_63' title="bbox 114 3307 1720 3378">
    <p class='ocr_par' dir='ltr' id='par_1_63' title="bbox 114 3307 1720 3378">
     <span class='ocr_line' id='line_1_63' title="bbox 114 3307 1720 3378; baseline -0.003 -12"><span class='ocrx_word' id='word_1_477' title='bbox 114 3328 230 3366; x_wconf 86' lang='lat' dir='ltr'><strong>nus</strong></span> <span class='ocrx_word' id='word_1_478' title='bbox 248 3312 270 3342; x_wconf 79' lang='grc'>³</span> <span class='ocrx_word' id='word_1_479' title='bbox 303 3329 317 3364; x_wconf 88' lang='lat'><strong>:</strong></span> <span class='ocrx_word' id='word_1_480' title='bbox 344 3309 477 3376; x_wconf 68' lang='lat' dir='ltr'><strong>Quae</strong></span> <span class='ocrx_word' id='word_1_481' title='bbox 507 3317 593 3364; x_wconf 89' lang='lat' dir='ltr'><strong>est</strong></span> <span class='ocrx_word' id='word_1_482' title='bbox 619 3318 805 3364; x_wconf 89' lang='lat' dir='ltr'><strong>autem</strong></span> <span class='ocrx_word' id='word_1_483' title='bbox 833 3308 1035 3363; x_wconf 88' lang='lat' dir='ltr'><strong>sterilis</strong></span> <span class='ocrx_word' id='word_1_484' title='bbox 1063 3317 1120 3363; x_wconf 87' lang='lat' dir='ltr'><strong>et</strong></span> <span class='ocrx_word' id='word_1_485' title='bbox 1151 3307 1372 3363; x_wconf 89' lang='lat' dir='ltr'><strong>deserta</strong></span> <span class='ocrx_word' id='word_1_486' title='bbox 1400 3316 1455 3361; x_wconf 92' lang='lat' dir='ltr'><strong>et</strong></span> <span class='ocrx_word' id='word_1_487' title='bbox 1476 3322 1588 3362; x_wconf 90' lang='lat' dir='ltr'><strong>non</strong></span> <span class='ocrx_word' id='word_1_488' title='bbox 1620 3323 1720 3378; x_wconf 64' lang='lat' dir='ltr'><strong>paa</strong></span> 
     </span>
    </p>
   </div>
   <div class='ocr_carea' id='block_1_64' title="bbox 115 3398 1721 3473">
    <p class='ocr_par' dir='ltr' id='par_1_64' title="bbox 115 3398 1721 3473">
     <span class='ocr_line' id='line_1_64' title="bbox 115 3398 1721 3473; baseline -0.003 -14"><span class='ocrx_word' id='word_1_489' title='bbox 115 3404 305 3470; x_wconf 83' lang='lat' dir='ltr'><strong>riens,</strong></span> <span class='ocrx_word' id='word_1_490' title='bbox 335 3401 443 3457; x_wconf 89' lang='lat' dir='ltr'><strong>nisi</strong></span> <span class='ocrx_word' id='word_1_491' title='bbox 479 3401 722 3473; x_wconf 85' lang='lat' dir='ltr'><strong>gentium</strong></span> <span class='ocrx_word' id='word_1_492' title='bbox 754 3399 1035 3457; x_wconf 87' lang='lat' dir='ltr'><strong>Ecclesia?</strong></span> <span class='ocrx_word' id='word_1_493' title='bbox 1067 3398 1200 3467; x_wconf 63' lang='lat' dir='ltr'><strong>Quae</strong></span> <span class='ocrx_word' id='word_1_494' title='bbox 1234 3416 1346 3456; x_wconf 91' lang='lat' dir='ltr'><strong>non</strong></span> <span class='ocrx_word' id='word_1_495' title='bbox 1374 3401 1721 3457; x_wconf 89' lang='lat' dir='ltr'><strong>Patriarchas</strong></span> 
     </span>
    </p>
   </div>
   <div class='ocr_carea' id='block_1_65' title="bbox 113 3493 1722 3566">
    <p class='ocr_par' dir='ltr' id='par_1_65' title="bbox 113 3493 1722 3566">
     <span class='ocr_line' id='line_1_65' title="bbox 113 3493 1722 3566; baseline -0.004 -14"><span class='ocrx_word' id='word_1_496' title='bbox 113 3495 342 3560; x_wconf 82' lang='lat' dir='ltr'><strong>habuit,</strong></span> <span class='ocrx_word' id='word_1_497' title='bbox 376 3509 488 3548; x_wconf 86' lang='lat' dir='ltr'><strong>non</strong></span> <span class='ocrx_word' id='word_1_498' title='bbox 534 3494 732 3566; x_wconf 84' lang='lat' dir='ltr'><strong>legem,</strong></span> <span class='ocrx_word' id='word_1_499' title='bbox 781 3508 896 3548; x_wconf 90' lang='lat' dir='ltr'><strong>non</strong></span> <span class='ocrx_word' id='word_1_500' title='bbox 942 3493 1279 3564; x_wconf 89' lang='lat' dir='ltr'><strong>prophetas,</strong></span> <span class='ocrx_word' id='word_1_501' title='bbox 1308 3493 1457 3548; x_wconf 89' lang='lat' dir='ltr'><strong>unde</strong></span> <span class='ocrx_word' id='word_1_502' title='bbox 1499 3502 1554 3548; x_wconf 88' lang='lat' dir='ltr'><strong>et</strong></span> <span class='ocrx_word' id='word_1_503' title='bbox 1602 3493 1722 3548; x_wconf 90' lang='lat' dir='ltr'><strong>sine</strong></span> 
     </span>
    </p>
   </div>
   <div class='ocr_carea' id='block_1_66' title="bbox 113 3582 1724 3654">
    <p class='ocr_par' dir='ltr' id='par_1_66' title="bbox 113 3582 1724 3654">
     <span class='ocr_line' id='line_1_66' title="bbox 113 3582 1724 3654; baseline -0.003 -11"><span class='ocrx_word' id='word_1_504' title='bbox 113 3601 294 3643; x_wconf 82' lang='lat' dir='ltr'><strong>muro</strong></span> <span class='ocrx_word' id='word_1_505' title='bbox 325 3595 475 3641; x_wconf 90' lang='lat' dir='ltr'><strong>recte</strong></span> <span class='ocrx_word' id='word_1_506' title='bbox 506 3586 846 3640; x_wconf 88' lang='lat' dir='ltr'><strong>nominatur.</strong></span> <span class='ocrx_word' id='word_1_507' title='bbox 879 3583 1037 3639; x_wconf 87' lang='lat' dir='ltr'><strong>Unde</strong></span> <span class='ocrx_word' id='word_1_508' title='bbox 1065 3599 1198 3654; x_wconf 89' lang='lat' dir='ltr'><strong>ergo</strong></span> <span class='ocrx_word' id='word_1_509' title='bbox 1221 3584 1355 3654; x_wconf 88' lang='lat' dir='ltr'><strong>quid</strong></span> <span class='ocrx_word' id='word_1_510' title='bbox 1388 3593 1444 3638; x_wconf 91' lang='lat' dir='ltr'><strong>et</strong></span> <span class='ocrx_word' id='word_1_511' title='bbox 1472 3583 1622 3637; x_wconf 91' lang='lat' dir='ltr'><strong>aliud</strong></span> <span class='ocrx_word' id='word_1_512' title='bbox 1654 3582 1724 3638; x_wconf 86' lang='lat' dir='ltr'><strong>de</strong></span> 
     </span>
    </p>
   </div>
   <div class='ocr_carea' id='block_1_67' title="bbox 116 3675 1724 3751">
    <p class='ocr_par' dir='ltr' id='par_1_67' title="bbox 116 3675 1724 3751">
     <span class='ocr_line' id='line_1_67' title="bbox 116 3675 1724 3751; baseline -0.002 -19"><span class='ocrx_word' id='word_1_513' title='bbox 116 3679 251 3751; x_wconf 88' lang='lat' dir='ltr'><strong>ipsa</strong></span> <span class='ocrx_word' id='word_1_514' title='bbox 280 3678 566 3750; x_wconf 86' lang='lat' dir='ltr'><strong>prephetia</strong></span> <span class='ocrx_word' id='word_1_515' title='bbox 603 3677 888 3733; x_wconf 86' lang='lat' dir='ltr'><strong>subdidit:</strong></span> <span class='ocrx_word' id='word_1_516' title='bbox 924 3676 1075 3731; x_wconf 77' lang='lat' dir='ltr'><strong>Dixit</strong></span> <span class='ocrx_word' id='word_1_517' title='bbox 1118 3678 1258 3731; x_wconf 87' lang='lat' dir='ltr'><strong>enim</strong></span> <span class='ocrx_word' id='word_1_518' title='bbox 1289 3677 1544 3731; x_wconf 84' lang='lat' dir='ltr'><strong>Dominus</strong></span> <span class='ocrx_word' id='word_1_519' title='bbox 1578 3692 1595 3730; x_wconf 90' lang='lat'><strong><em>:</em></strong></span> <span class='ocrx_word' id='word_1_520' title='bbox 1624 3675 1724 3729; x_wconf 80' lang='lat' dir='ltr'><strong>Di-</strong></span> 
     </span>
    </p>
   </div>
   <div class='ocr_carea' id='block_1_68' title="bbox 114 3769 1724 3841">
    <p class='ocr_par' dir='ltr' id='par_1_68' title="bbox 114 3769 1724 3841">
     <span class='ocr_line' id='line_1_68' title="bbox 114 3769 1724 3841; baseline 0 -15"><span class='ocrx_word' id='word_1_521' title='bbox 114 3772 246 3826; x_wconf 75' lang='lat' dir='ltr'><strong>lata</strong></span> <span class='ocrx_word' id='word_1_522' title='bbox 282 3770 451 3826; x_wconf 88' lang='lat' dir='ltr'><strong>locum</strong></span> <span class='ocrx_word' id='word_1_523' title='bbox 486 3771 700 3825; x_wconf 83' lang='lat' dir='ltr'><strong>tentorit&#39;</strong></span> <span class='ocrx_word' id='word_1_524' title='bbox 740 3772 850 3835; x_wconf 89' lang='lat' dir='ltr'><strong>tui,</strong></span> <span class='ocrx_word' id='word_1_525' title='bbox 896 3780 947 3825; x_wconf 89' lang='lat' dir='ltr'><strong>et</strong></span> <span class='ocrx_word' id='word_1_526' title='bbox 977 3770 1230 3824; x_wconf 88' lang='lat' dir='ltr'><strong>aularum</strong></span> <span class='ocrx_word' id='word_1_527' title='bbox 1261 3769 1511 3824; x_wconf 78' lang='lat' dir='ltr'><strong>tuarum&#39;</strong></span> <span class='ocrx_word' id='word_1_528' title='bbox 1546 3787 1559 3823; x_wconf 90' lang='lat'><strong>:</strong></span> <span class='ocrx_word' id='word_1_529' title='bbox 1593 3783 1724 3841; x_wconf 81' lang='lat' dir='ltr'><strong>ergo</strong></span> 
     </span>
    </p>
   </div>
   <div class='ocr_carea' id='block_1_69' title="bbox 112 3862 1726 3936">
    <p class='ocr_par' dir='ltr' id='par_1_69' title="bbox 112 3862 1726 3936">
     <span class='ocr_line' id='line_1_69' title="bbox 112 3862 1726 3936; baseline -0.001 -17"><span class='ocrx_word' id='word_1_530' title='bbox 112 3881 255 3936; x_wconf 65' lang='lat' dir='ltr'><strong>quae</strong></span> <span class='ocrx_word' id='word_1_531' title='bbox 282 3865 337 3920; x_wconf 91' lang='lat' dir='ltr'><strong>in</strong></span> <span class='ocrx_word' id='word_1_532' title='bbox 364 3862 530 3928; x_wconf 86' lang='lat' dir='ltr'><strong>villis,</strong></span> <span class='ocrx_word' id='word_1_533' title='bbox 560 3863 680 3919; x_wconf 85' lang='lat' dir='ltr'><strong>sive</strong></span> <span class='ocrx_word' id='word_1_534' title='bbox 705 3872 767 3918; x_wconf 91' lang='lat' dir='ltr'><strong>ut</strong></span> <span class='ocrx_word' id='word_1_535' title='bbox 794 3863 1175 3934; x_wconf 88' lang='lat' dir='ltr'><strong>Septuaginta,</strong></span> <span class='ocrx_word' id='word_1_536' title='bbox 1212 3862 1267 3917; x_wconf 90' lang='lat' dir='ltr'><strong>in</strong></span> <span class='ocrx_word' id='word_1_537' title='bbox 1297 3862 1439 3918; x_wconf 88' lang='lat' dir='ltr'><strong>aulis</strong></span> <span class='ocrx_word' id='word_1_538' title='bbox 1470 3870 1601 3919; x_wconf 90' lang='lat' dir='ltr'><strong>sunt</strong></span> <span class='ocrx_word' id='word_1_539' title='bbox 1627 3863 1726 3918; x_wconf 87' lang='lat' dir='ltr'><strong>do-</strong></span> 
     </span>
    </p>
   </div>
   <div class='ocr_carea' id='block_1_70' title="bbox 114 3955 1729 4031">
    <p class='ocr_par' dir='ltr' id='par_1_70' title="bbox 114 3955 1729 4031">
     <span class='ocr_line' id='line_1_70' title="bbox 114 3955 1729 4031; baseline -0.002 -17"><span class='ocrx_word' id='word_1_540' title='bbox 114 3972 262 4014; x_wconf 82' lang='lat' dir='ltr'><strong>mus</strong></span> <span class='ocrx_word' id='word_1_541' title='bbox 299 3958 565 4031; x_wconf 85' lang='lat' dir='ltr'><strong>gentium,</strong></span> <span class='ocrx_word' id='word_1_542' title='bbox 601 3956 861 4012; x_wconf 69' lang='lat' dir='ltr'><strong>Ecclesiae</strong></span> <span class='ocrx_word' id='word_1_543' title='bbox 894 3957 1301 4026; x_wconf 84' lang='lat' dir='ltr'><strong>intelliguntur.</strong></span> <span class='ocrx_word' id='word_1_544' title='bbox 1343 3955 1498 4023; x_wconf 91' lang='lat' dir='ltr'><strong>Quod</strong></span> <span class='ocrx_word' id='word_1_545' title='bbox 1544 3957 1729 4011; x_wconf 87' lang='lat' dir='ltr'><strong>adhuc</strong></span> 
     </span>
    </p>
   </div>
   <div class='ocr_carea' id='block_1_71' title="bbox 110 4049 1728 4123">
    <p class='ocr_par' dir='ltr' id='par_1_71' title="bbox 110 4049 1728 4123">
     <span class='ocr_line' id='line_1_71' title="bbox 110 4049 1728 4123; baseline -0.001 -18"><span class='ocrx_word' id='word_1_546' title='bbox 110 4051 353 4123; x_wconf 86' lang='lat' dir='ltr'><strong>planius</strong></span> <span class='ocrx_word' id='word_1_547' title='bbox 385 4051 438 4104; x_wconf 91' lang='lat' dir='ltr'><strong>in</strong></span> <span class='ocrx_word' id='word_1_548' title='bbox 478 4050 885 4121; x_wconf 86' lang='lat' dir='ltr'><strong>posterioribus</strong></span> <span class='ocrx_word' id='word_1_549' title='bbox 906 4051 1155 4119; x_wconf 84' lang='lat' dir='ltr'><strong>ejusdem</strong></span> <span class='ocrx_word' id='word_1_550' title='bbox 1190 4049 1498 4121; x_wconf 63' lang='lat' dir='ltr'><strong>prophetia;</strong></span> <span class='ocrx_word' id='word_1_551' title='bbox 1533 4058 1728 4105; x_wconf 89' lang='lat' dir='ltr'><strong>osten-</strong></span> 
     </span>
    </p>
   </div>
   <div class='ocr_carea' id='block_1_72' title="bbox 115 4141 1729 4212">
    <p class='ocr_par' dir='ltr' id='par_1_72' title="bbox 115 4141 1729 4212">
     <span class='ocr_line' id='line_1_72' title="bbox 115 4141 1729 4212; baseline 0 -15"><span class='ocrx_word' id='word_1_552' title='bbox 115 4143 300 4197; x_wconf 88' lang='lat' dir='ltr'><strong>ditur.</strong></span> <span class='ocrx_word' id='word_1_553' title='bbox 340 4141 491 4212; x_wconf 79' lang='lat' dir='ltr'><strong>Euge</strong></span> <span class='ocrx_word' id='word_1_554' title='bbox 537 4157 645 4194; x_wconf 90' lang='lat' dir='ltr'><strong>non</strong></span> <span class='ocrx_word' id='word_1_555' title='bbox 682 4156 896 4211; x_wconf 89' lang='lat' dir='ltr'><strong>parcas.</strong></span> <span class='ocrx_word' id='word_1_556' title='bbox 925 4142 1161 4197; x_wconf 84' lang='lat' dir='ltr'><strong>extende</strong></span> <span class='ocrx_word' id='word_1_557' title='bbox 1187 4142 1349 4196; x_wconf 80' lang='lat' dir='ltr'><strong>funes</strong></span> <span class='ocrx_word' id='word_1_558' title='bbox 1379 4150 1522 4209; x_wconf 89' lang='lat' dir='ltr'><strong>tuos,</strong></span> <span class='ocrx_word' id='word_1_559' title='bbox 1550 4151 1602 4197; x_wconf 92' lang='lat' dir='ltr'><strong>et</strong></span> <span class='ocrx_word' id='word_1_560' title='bbox 1632 4157 1729 4212; x_wconf 89' lang='lat' dir='ltr'><strong>pa-</strong></span> 
     </span>
    </p>
   </div>
   <div class='ocr_carea' id='block_1_73' title="bbox 114 4234 1728 4301">
    <p class='ocr_par' dir='ltr' id='par_1_73' title="bbox 114 4234 1728 4301">
     <span class='ocr_line' id='line_1_73' title="bbox 114 4234 1728 4301; baseline -0.001 -9"><span class='ocrx_word' id='word_1_561' title='bbox 114 4236 294 4292; x_wconf 79' lang='lat' dir='ltr'><strong>xillos</strong></span> <span class='ocrx_word' id='word_1_562' title='bbox 335 4244 463 4290; x_wconf 86' lang='lat' dir='ltr'><strong>tuos</strong></span> <span class='ocrx_word' id='word_1_563' title='bbox 491 4234 762 4300; x_wconf 79' lang='lat' dir='ltr'><strong>conferta,</strong></span> <span class='ocrx_word' id='word_1_564' title='bbox 794 4234 975 4289; x_wconf 90' lang='lat' dir='ltr'><strong>adhuc</strong></span> <span class='ocrx_word' id='word_1_565' title='bbox 1018 4235 1087 4289; x_wconf 83' lang='lat' dir='ltr'><strong>ad</strong></span> <span class='ocrx_word' id='word_1_566' title='bbox 1140 4236 1448 4301; x_wconf 79' lang='lat' dir='ltr'><strong>dexteram,</strong></span> <span class='ocrx_word' id='word_1_567' title='bbox 1480 4245 1537 4290; x_wconf 91' lang='lat' dir='ltr'><strong>et</strong></span> <span class='ocrx_word' id='word_1_568' title='bbox 1586 4236 1728 4291; x_wconf 89' lang='lat' dir='ltr'><strong>sini-</strong></span> 
     </span>
    </p>
   </div>
   <div class='ocr_carea' id='block_1_74' title="bbox 111 4328 1726 4398">
    <p class='ocr_par' dir='ltr' id='par_1_74' title="bbox 111 4328 1726 4398">
     <span class='ocr_line' id='line_1_74' title="bbox 111 4328 1726 4398; baseline -0.001 -14"><span class='ocrx_word' id='word_1_569' title='bbox 111 4337 303 4384; x_wconf 87' lang='lat' dir='ltr'><strong>stram</strong></span> <span class='ocrx_word' id='word_1_570' title='bbox 336 4328 603 4392; x_wconf 83' lang='lat' dir='ltr'><strong>extende,</strong></span> <span class='ocrx_word' id='word_1_571' title='bbox 638 4336 695 4381; x_wconf 91' lang='lat' dir='ltr'><strong>et</strong></span> <span class='ocrx_word' id='word_1_572' title='bbox 724 4342 913 4381; x_wconf 90' lang='lat' dir='ltr'><strong>semen</strong></span> <span class='ocrx_word' id='word_1_573' title='bbox 949 4335 1104 4381; x_wconf 90' lang='lat' dir='ltr'><strong>tuum</strong></span> <span class='ocrx_word' id='word_1_574' title='bbox 1135 4338 1325 4398; x_wconf 82' lang='lat' dir='ltr'><strong>gentes</strong></span> <span class='ocrx_word' id='word_1_575' title='bbox 1360 4328 1726 4394; x_wconf 76' lang='lat' dir='ltr'><strong>haereditabit,</strong></span> 
     </span>
    </p>
   </div>
   <div class='ocr_carea' id='block_1_75' title="bbox 110 4419 1730 4478">
    <p class='ocr_par' dir='ltr' id='par_1_75' title="bbox 110 4419 1730 4478">
     <span class='ocr_line' id='line_1_75' title="bbox 110 4419 1730 4478; baseline -0.001 0"><span class='ocrx_word' id='word_1_576' title='bbox 110 4432 177 4478; x_wconf 85' lang='lat' dir='ltr'><strong>et</strong></span> <span class='ocrx_word' id='word_1_577' title='bbox 214 4422 475 4477; x_wconf 71' lang='lat' dir='ltr'><strong>civitates</strong></span> <span class='ocrx_word' id='word_1_578' title='bbox 504 4423 752 4475; x_wconf 77' lang='lat' dir='ltr'><strong>desertas</strong></span> <span class='ocrx_word' id='word_1_579' title='bbox 786 4419 1134 4474; x_wconf 72' lang='lat' dir='ltr'><strong>inhaltitabit.</strong></span> <span class='ocrx_word' id='word_1_580' title='bbox 1171 4420 1311 4475; x_wconf 86' lang='lat' dir='ltr'><strong>Ecce</strong></span> <span class='ocrx_word' id='word_1_581' title='bbox 1350 4421 1603 4477; x_wconf 88' lang='lat' dir='ltr'><strong>civitates</strong></span> <span class='ocrx_word' id='word_1_582' title='bbox 1632 4422 1730 4477; x_wconf 85' lang='lat' dir='ltr'><strong>de-</strong></span> 
     </span>
    </p>
   </div>
   <div class='ocr_carea' id='block_1_76' title="bbox 1822 3215 3413 3288">
    <p class='ocr_par' dir='ltr' id='par_1_76' title="bbox 1822 3215 3413 3288">
     <span class='ocr_line' id='line_1_76' title="bbox 1822 3215 3413 3288; baseline 0.001 -16"><span class='ocrx_word' id='word_1_583' title='bbox 1822 3216 2026 3272; x_wconf 81' lang='lat' dir='ltr'><strong>frustra</strong></span> <span class='ocrx_word' id='word_1_584' title='bbox 2060 3215 2279 3271; x_wconf 89' lang='lat' dir='ltr'><strong>Levitas</strong></span> <span class='ocrx_word' id='word_1_585' title='bbox 2306 3215 2575 3285; x_wconf 85' lang='lat' dir='ltr'><strong>quispiam</strong></span> <span class='ocrx_word' id='word_1_586' title='bbox 2620 3215 2769 3271; x_wconf 89' lang='lat' dir='ltr'><strong>dicat</strong></span> <span class='ocrx_word' id='word_1_587' title='bbox 2801 3217 3079 3286; x_wconf 89' lang='lat' dir='ltr'><strong>apostolos</strong></span> <span class='ocrx_word' id='word_1_588' title='bbox 3128 3217 3413 3288; x_wconf 81' lang='lat' dir='ltr'><strong>appellari,</strong></span> 
     </span>
    </p>
   </div>
   <div class='ocr_carea' id='block_1_77' title="bbox 1821 3308 3418 3379">
    <p class='ocr_par' dir='ltr' id='par_1_77' title="bbox 1821 3308 3418 3379">
     <span class='ocr_line' id='line_1_77' title="bbox 1821 3308 3418 3379; baseline 0.001 -13"><span class='ocrx_word' id='word_1_589' title='bbox 1821 3310 1917 3366; x_wconf 87' lang='lat' dir='ltr'><strong>sed</strong></span> <span class='ocrx_word' id='word_1_590' title='bbox 1957 3310 2083 3379; x_wconf 88' lang='lat' dir='ltr'><strong>quia</strong></span> <span class='ocrx_word' id='word_1_591' title='bbox 2114 3309 2183 3365; x_wconf 86' lang='lat' dir='ltr'><strong>de</strong></span> <span class='ocrx_word' id='word_1_592' title='bbox 2218 3308 2423 3363; x_wconf 86' lang='lat' dir='ltr'><strong>Levitis</strong></span> <span class='ocrx_word' id='word_1_593' title='bbox 2453 3308 2661 3364; x_wconf 90' lang='lat' dir='ltr'><strong>dictum</strong></span> <span class='ocrx_word' id='word_1_594' title='bbox 2689 3316 2775 3363; x_wconf 86' lang='lat' dir='ltr'><strong>est</strong></span> <span class='ocrx_word' id='word_1_595' title='bbox 2803 3327 2817 3364; x_wconf 92' lang='lat'>:</span> <span class='ocrx_word' id='word_1_596' title='bbox 2854 3308 2920 3363; x_wconf 82' lang='lat' dir='ltr'><strong>In</strong></span> <span class='ocrx_word' id='word_1_597' title='bbox 2955 3321 3097 3365; x_wconf 86' lang='lat' dir='ltr'><strong>terra</strong></span> <span class='ocrx_word' id='word_1_598' title='bbox 3120 3328 3301 3367; x_wconf 88' lang='lat' dir='ltr'><strong>eorum</strong></span> <span class='ocrx_word' id='word_1_599' title='bbox 3328 3314 3418 3367; x_wconf 80' lang='lat' dir='ltr'><strong>ni-</strong></span> 
     </span>
    </p>
   </div>
   <div class='ocr_carea' id='block_1_78' title="bbox 1822 3402 3420 3477">
    <p class='ocr_par' dir='ltr' id='par_1_78' title="bbox 1822 3402 3420 3477">
     <span class='ocr_line' id='line_1_78' title="bbox 1822 3402 3420 3477; baseline 0.003 -20"><span class='ocrx_word' id='word_1_600' title='bbox 1822 3402 1899 3457; x_wconf 84' lang='lat' dir='ltr'><strong>hil</strong></span> <span class='ocrx_word' id='word_1_601' title='bbox 1920 3402 2224 3471; x_wconf 81' lang='lat' dir='ltr'><strong>possidebis,</strong></span> <span class='ocrx_word' id='word_1_602' title='bbox 2253 3419 2347 3456; x_wconf 87' lang='lat' dir='ltr'><strong>nec</strong></span> <span class='ocrx_word' id='word_1_603' title='bbox 2374 3402 2586 3457; x_wconf 77' lang='lat' dir='ltr'><strong>habebis</strong></span> <span class='ocrx_word' id='word_1_604' title='bbox 2616 3413 2823 3469; x_wconf 85' lang='lat' dir='ltr'><strong>partem</strong></span> <span class='ocrx_word' id='word_1_605' title='bbox 2857 3405 2997 3459; x_wconf 88' lang='lat' dir='ltr'><strong>inter</strong></span> <span class='ocrx_word' id='word_1_606' title='bbox 3020 3421 3125 3461; x_wconf 79' lang='lat' dir='ltr'><strong>eos.</strong></span> <span class='ocrx_word' id='word_1_607' title='bbox 3164 3404 3273 3477; x_wconf 83' lang='lat' dir='ltr'><strong>Ego</strong></span> <span class='ocrx_word' id='word_1_608' title='bbox 3292 3424 3420 3476; x_wconf 82' lang='lat' dir='ltr'><strong>pars</strong></span> 
     </span>
    </p>
   </div>
   <div class='ocr_carea' id='block_1_79' title="bbox 1825 3493 3419 3563">
    <p class='ocr_par' dir='ltr' id='par_1_79' title="bbox 1825 3493 3419 3563">
     <span class='ocr_line' id='line_1_79' title="bbox 1825 3493 3419 3563; baseline 0.004 -15"><span class='ocrx_word' id='word_1_609' title='bbox 1825 3503 1874 3548; x_wconf 84' lang='lat' dir='ltr'><strong>et</strong></span> <span class='ocrx_word' id='word_1_610' title='bbox 1906 3494 2191 3548; x_wconf 65' lang='lat' dir='ltr'><strong>hereditas</strong></span> <span class='ocrx_word' id='word_1_611' title='bbox 2218 3502 2335 3559; x_wconf 85' lang='lat' dir='ltr'><strong>tua,</strong></span> <span class='ocrx_word' id='word_1_612' title='bbox 2374 3495 2430 3546; x_wconf 88' lang='lat' dir='ltr'><strong>in</strong></span> <span class='ocrx_word' id='word_1_613' title='bbox 2456 3495 2628 3548; x_wconf 84' lang='lat' dir='ltr'><strong>medio</strong></span> <span class='ocrx_word' id='word_1_614' title='bbox 2653 3493 2887 3563; x_wconf 82' lang='lat' dir='ltr'><strong>ﬁliorum</strong></span> <span class='ocrx_word' id='word_1_615' title='bbox 2914 3495 3085 3550; x_wconf 86' lang='lat' dir='ltr'><strong>Israel</strong></span> <span class='ocrx_word' id='word_1_616' title='bbox 3100 3497 3141 3551; x_wconf 83' lang='grc'><strong>⁸.</strong></span> <span class='ocrx_word' id='word_1_617' title='bbox 3175 3498 3292 3553; x_wconf 84' lang='lat' dir='ltr'><strong>Hoc</strong></span> <span class='ocrx_word' id='word_1_618' title='bbox 3315 3515 3419 3553; x_wconf 88' lang='lat' dir='ltr'><strong>au-</strong></span> 
     </span>
    </p>
   </div>
   <div class='ocr_carea' id='block_1_80' title="bbox 1824 3582 3421 3657">
    <p class='ocr_par' dir='ltr' id='par_1_80' title="bbox 1824 3582 3421 3657">
     <span class='ocr_line' id='line_1_80' title="bbox 1824 3582 3421 3657; baseline 0.003 -19"><span class='ocrx_word' id='word_1_619' title='bbox 1824 3592 1935 3638; x_wconf 89' lang='lat' dir='ltr'><strong>tem</strong></span> <span class='ocrx_word' id='word_1_620' title='bbox 1959 3583 2027 3637; x_wconf 84' lang='lat' dir='ltr'><strong>‘in</strong></span> <span class='ocrx_word' id='word_1_621' title='bbox 2073 3582 2344 3653; x_wconf 88' lang='lat' dir='ltr'><strong>apostolis</strong></span> <span class='ocrx_word' id='word_1_622' title='bbox 2396 3582 2616 3652; x_wconf 89' lang='lat' dir='ltr'><strong>proprie</strong></span> <span class='ocrx_word' id='word_1_623' title='bbox 2667 3582 2952 3654; x_wconf 89' lang='lat' dir='ltr'><strong>impletum</strong></span> <span class='ocrx_word' id='word_1_624' title='bbox 3001 3595 3106 3648; x_wconf 87' lang='lat' dir='ltr'><strong>est,</strong></span> <span class='ocrx_word' id='word_1_625' title='bbox 3137 3588 3227 3657; x_wconf 90' lang='lat' dir='ltr'><strong>qui</strong></span> <span class='ocrx_word' id='word_1_626' title='bbox 3265 3587 3421 3643; x_wconf 79' lang='lat' dir='ltr'><strong>dice-</strong></span> 
     </span>
    </p>
   </div>
   <div class='ocr_carea' id='block_1_81' title="bbox 1824 3673 3419 3747">
    <p class='ocr_par' dir='ltr' id='par_1_81' title="bbox 1824 3673 3419 3747">
     <span class='ocr_line' id='line_1_81' title="bbox 1824 3673 3419 3747; baseline 0.001 -16"><span class='ocrx_word' id='word_1_627' title='bbox 1824 3676 1965 3731; x_wconf 86' lang='lat' dir='ltr'><strong>bant</strong></span> <span class='ocrx_word' id='word_1_628' title='bbox 1992 3673 2354 3741; x_wconf 88' lang='lat' dir='ltr'><strong>conﬁdenter,</strong></span> <span class='ocrx_word' id='word_1_629' title='bbox 2401 3674 2469 3729; x_wconf 91' lang='lat' dir='ltr'><strong>ad</strong></span> <span class='ocrx_word' id='word_1_630' title='bbox 2509 3674 2799 3730; x_wconf 90' lang='lat' dir='ltr'><strong>Dominum</strong></span> <span class='ocrx_word' id='word_1_631' title='bbox 2831 3693 2845 3729; x_wconf 93' lang='lat'><strong>:</strong></span> <span class='ocrx_word' id='word_1_632' title='bbox 2882 3674 3016 3730; x_wconf 84' lang='lat' dir='ltr'><strong>Ecce</strong></span> <span class='ocrx_word' id='word_1_633' title='bbox 3062 3694 3155 3731; x_wconf 90' lang='lat' dir='ltr'><strong>nos</strong></span> <span class='ocrx_word' id='word_1_634' title='bbox 3196 3678 3419 3747; x_wconf 86' lang='lat' dir='ltr'><strong>reliqui-</strong></span> 
     </span>
    </p>
   </div>
   <div class='ocr_carea' id='block_1_82' title="bbox 1829 3765 3421 3835">
    <p class='ocr_par' dir='ltr' id='par_1_82' title="bbox 1829 3765 3421 3835">
     <span class='ocr_line' id='line_1_82' title="bbox 1829 3765 3421 3835; baseline 0.001 -15"><span class='ocrx_word' id='word_1_635' title='bbox 1829 3783 1946 3822; x_wconf 85' lang='lat' dir='ltr'><strong>mus</strong></span> <span class='ocrx_word' id='word_1_636' title='bbox 1977 3765 2182 3831; x_wconf 84' lang='lat' dir='ltr'><strong>omnia,</strong></span> <span class='ocrx_word' id='word_1_637' title='bbox 2215 3774 2264 3819; x_wconf 85' lang='lat' dir='ltr'><strong>et</strong></span> <span class='ocrx_word' id='word_1_638' title='bbox 2300 3765 2471 3819; x_wconf 82' lang='lat' dir='ltr'><strong>secuti</strong></span> <span class='ocrx_word' id='word_1_639' title='bbox 2497 3780 2680 3819; x_wconf 80' lang='lat' dir='ltr'><strong>sumus</strong></span> <span class='ocrx_word' id='word_1_640' title='bbox 2712 3773 2798 3832; x_wconf 88' lang='lat' dir='ltr'><strong>te,</strong></span> <span class='ocrx_word' id='word_1_641' title='bbox 2836 3766 2966 3835; x_wconf 82' lang='lat' dir='ltr'><strong>quid</strong></span> <span class='ocrx_word' id='word_1_642' title='bbox 2998 3776 3156 3834; x_wconf 79' lang='lat' dir='ltr'><strong>putas</strong></span> <span class='ocrx_word' id='word_1_643' title='bbox 3192 3769 3291 3822; x_wconf 85' lang='lat' dir='ltr'><strong>erit</strong></span> <span class='ocrx_word' id='word_1_644' title='bbox 3323 3785 3421 3823; x_wconf 79' lang='lat' dir='ltr'><strong>no-</strong></span> 
     </span>
    </p>
   </div>
   <div class='ocr_carea' id='block_1_83' title="bbox 1830 3858 3422 3929">
    <p class='ocr_par' dir='ltr' id='par_1_83' title="bbox 1830 3858 3422 3929">
     <span class='ocr_line' id='line_1_83' title="bbox 1830 3858 3422 3929; baseline 0.002 -14"><span class='ocrx_word' id='word_1_645' title='bbox 1830 3860 1986 3916; x_wconf 79' lang='lat' dir='ltr'><strong>bis&quot;?</strong></span> <span class='ocrx_word' id='word_1_646' title='bbox 2013 3858 2218 3915; x_wconf 85' lang='lat' dir='ltr'><strong>Horum</strong></span> <span class='ocrx_word' id='word_1_647' title='bbox 2247 3874 2379 3929; x_wconf 81' lang='lat' dir='ltr'><strong>ergo</strong></span> <span class='ocrx_word' id='word_1_648' title='bbox 2416 3859 2581 3923; x_wconf 83' lang='lat' dir='ltr'><strong>aedes,</strong></span> <span class='ocrx_word' id='word_1_649' title='bbox 2614 3875 2738 3929; x_wconf 66' lang='lat' dir='ltr'><strong>quae</strong></span> <span class='ocrx_word' id='word_1_650' title='bbox 2769 3858 2826 3914; x_wconf 87' lang='lat' dir='ltr'><strong>in</strong></span> <span class='ocrx_word' id='word_1_651' title='bbox 2857 3860 3087 3916; x_wconf 91' lang='lat' dir='ltr'><strong>urbibus</strong></span> <span class='ocrx_word' id='word_1_652' title='bbox 3117 3872 3265 3928; x_wconf 90' lang='lat' dir='ltr'><strong>sunt,</strong></span> <span class='ocrx_word' id='word_1_653' title='bbox 3304 3863 3422 3918; x_wconf 87' lang='lat' dir='ltr'><strong>sive</strong></span> 
     </span>
    </p>
   </div>
   <div class='ocr_carea' id='block_1_84' title="bbox 1829 3950 3421 4025">
    <p class='ocr_par' dir='ltr' id='par_1_84' title="bbox 1829 3950 3421 4025">
     <span class='ocr_line' id='line_1_84' title="bbox 1829 3950 3421 4025; baseline 0.001 -16"><span class='ocrx_word' id='word_1_654' title='bbox 1829 3952 2131 4009; x_wconf 88' lang='lat' dir='ltr'><strong>secundum</strong></span> <span class='ocrx_word' id='word_1_655' title='bbox 2158 3950 2537 4021; x_wconf 82' lang='lat' dir='ltr'><strong>Septuaginta,</strong></span> <span class='ocrx_word' id='word_1_656' title='bbox 2555 3951 2734 4005; x_wconf 87' lang='lat' dir='ltr'><strong>domos</strong></span> <span class='ocrx_word' id='word_1_657' title='bbox 2760 3952 3054 4015; x_wconf 81' lang='lat' dir='ltr'><strong>civitatum,</strong></span> <span class='ocrx_word' id='word_1_658' title='bbox 3074 3967 3265 4008; x_wconf 90' lang='lat' dir='ltr'><strong>eorum</strong></span> <span class='ocrx_word' id='word_1_659' title='bbox 3292 3969 3421 4025; x_wconf 89' lang='lat' dir='ltr'><strong>pos-</strong></span> 
     </span>
    </p>
   </div>
   <div class='ocr_carea' id='block_1_85' title="bbox 1831 4041 3424 4112">
    <p class='ocr_par' dir='ltr' id='par_1_85' title="bbox 1831 4041 3424 4112">
     <span class='ocr_line' id='line_1_85' title="bbox 1831 4041 3424 4112; baseline 0.001 -12"><span class='ocrx_word' id='word_1_660' title='bbox 1831 4043 2133 4103; x_wconf 86' lang='lat' dir='ltr'><strong>sessiones,</strong></span> <span class='ocrx_word' id='word_1_661' title='bbox 2163 4050 2435 4112; x_wconf 88' lang='lat' dir='ltr'><strong>quotquot</strong></span> <span class='ocrx_word' id='word_1_662' title='bbox 2463 4056 2561 4096; x_wconf 89' lang='lat' dir='ltr'><strong>eos</strong></span> <span class='ocrx_word' id='word_1_663' title='bbox 2594 4041 2771 4098; x_wconf 89' lang='lat' dir='ltr'><strong>secuti</strong></span> <span class='ocrx_word' id='word_1_664' title='bbox 2810 4051 2940 4098; x_wconf 84' lang='lat' dir='ltr'><strong>sunt</strong></span> <span class='ocrx_word' id='word_1_665' title='bbox 2971 4043 3078 4100; x_wconf 84' lang='lat' dir='ltr'><strong>ﬁde</strong></span> <span class='ocrx_word' id='word_1_666' title='bbox 3107 4055 3161 4100; x_wconf 90' lang='lat' dir='ltr'><strong>et</strong></span> <span class='ocrx_word' id='word_1_667' title='bbox 3189 4061 3424 4101; x_wconf 86' lang='lat' dir='ltr'><strong>conver-</strong></span> 
     </span>
    </p>
   </div>
   <div class='ocr_carea' id='block_1_86' title="bbox 1831 4132 3426 4207">
    <p class='ocr_par' dir='ltr' id='par_1_86' title="bbox 1831 4132 3426 4207">
     <span class='ocr_line' id='line_1_86' title="bbox 1831 4132 3426 4207; baseline 0.003 -18"><span class='ocrx_word' id='word_1_668' title='bbox 1831 4135 2068 4196; x_wconf 88' lang='lat' dir='ltr'><strong>satione,</strong></span> <span class='ocrx_word' id='word_1_669' title='bbox 2102 4133 2330 4189; x_wconf 71' lang='lat' dir='ltr'><strong>Iudaica</strong></span> <span class='ocrx_word' id='word_1_670' title='bbox 2385 4132 2610 4203; x_wconf 82' lang='lat' dir='ltr'><strong>collegia</strong></span> <span class='ocrx_word' id='word_1_671' title='bbox 2668 4142 2817 4188; x_wconf 86' lang='lat' dir='ltr'><strong>recte</strong></span> <span class='ocrx_word' id='word_1_672' title='bbox 2870 4134 3270 4206; x_wconf 88' lang='lat' dir='ltr'><strong>intelliguntur,</strong></span> <span class='ocrx_word' id='word_1_673' title='bbox 3300 4137 3426 4207; x_wconf 90' lang='lat' dir='ltr'><strong>quia</strong></span> 
     </span>
    </p>
   </div>
   <div class='ocr_carea' id='block_1_87' title="bbox 1831 4226 3427 4300">
    <p class='ocr_par' dir='ltr' id='par_1_87' title="bbox 1831 4226 3427 4300">
     <span class='ocr_line' id='line_1_87' title="bbox 1831 4226 3427 4300; baseline 0.002 -18"><span class='ocrx_word' id='word_1_674' title='bbox 1831 4229 1987 4299; x_wconf 90' lang='lat' dir='ltr'><strong>prius</strong></span> <span class='ocrx_word' id='word_1_675' title='bbox 2013 4236 2239 4298; x_wconf 88' lang='lat' dir='ltr'><strong>propter</strong></span> <span class='ocrx_word' id='word_1_676' title='bbox 2268 4241 2363 4280; x_wconf 89' lang='lat' dir='ltr'><strong>eos</strong></span> <span class='ocrx_word' id='word_1_677' title='bbox 2396 4226 2495 4291; x_wconf 91' lang='lat' dir='ltr'><strong>ire,</strong></span> <span class='ocrx_word' id='word_1_678' title='bbox 2530 4234 2593 4280; x_wconf 88' lang='lat' dir='ltr'><strong>ut</strong></span> <span class='ocrx_word' id='word_1_679' title='bbox 2635 4226 2702 4280; x_wconf 89' lang='lat' dir='ltr'><strong>ad</strong></span> <span class='ocrx_word' id='word_1_680' title='bbox 2734 4241 2868 4281; x_wconf 91' lang='lat' dir='ltr'><strong>oves</strong></span> <span class='ocrx_word' id='word_1_681' title='bbox 2906 4242 3029 4297; x_wconf 67' lang='lat' dir='ltr'><strong>quas</strong></span> <span class='ocrx_word' id='word_1_682' title='bbox 3079 4227 3299 4284; x_wconf 81' lang='lat' dir='ltr'><strong>fuerant</strong></span> <span class='ocrx_word' id='word_1_683' title='bbox 3327 4245 3427 4300; x_wconf 80' lang='lat' dir='ltr'><strong>per</strong></span> 
     </span>
    </p>
   </div>
   <div class='ocr_carea' id='block_1_88' title="bbox 1830 4318 3432 4393">
    <p class='ocr_par' dir='ltr' id='par_1_88' title="bbox 1830 4318 3432 4393">
     <span class='ocr_line' id='line_1_88' title="bbox 1830 4318 3432 4393; baseline 0.001 -16"><span class='ocrx_word' id='word_1_684' title='bbox 1830 4322 1990 4377; x_wconf 68' lang='lat' dir='ltr'><strong>dictae</strong></span> <span class='ocrx_word' id='word_1_685' title='bbox 2019 4323 2216 4376; x_wconf 87' lang='lat' dir='ltr'><strong>donms</strong></span> <span class='ocrx_word' id='word_1_686' title='bbox 2247 4318 2437 4385; x_wconf 90' lang='lat' dir='ltr'><strong>Israel,</strong></span> <span class='ocrx_word' id='word_1_687' title='bbox 2467 4333 2499 4373; x_wconf 90' lang='lat' dir='ltr'><strong>a</strong></span> <span class='ocrx_word' id='word_1_688' title='bbox 2541 4318 2766 4373; x_wconf 87' lang='lat' dir='ltr'><strong>Christo</strong></span> <span class='ocrx_word' id='word_1_689' title='bbox 2812 4318 2954 4389; x_wconf 90' lang='lat' dir='ltr'><strong>jussi</strong></span> <span class='ocrx_word' id='word_1_690' title='bbox 2992 4329 3142 4375; x_wconf 91' lang='lat' dir='ltr'><strong>sunt.</strong></span> <span class='ocrx_word' id='word_1_691' title='bbox 3179 4321 3325 4393; x_wconf 89' lang='lat' dir='ltr'><strong>Ergo</strong></span> <span class='ocrx_word' id='word_1_692' title='bbox 3358 4323 3432 4378; x_wconf 85' lang='lat' dir='ltr'><strong>ad</strong></span> 
     </span>
    </p>
   </div>
   <div class='ocr_carea' id='block_1_89' title="bbox 1833 4411 3431 4483">
    <p class='ocr_par' dir='ltr' id='par_1_89' title="bbox 1833 4411 3431 4483">
     <span class='ocr_line' id='line_1_89' title="bbox 1833 4411 3431 4483; baseline -0.001 -13"><span class='ocrx_word' id='word_1_693' title='bbox 1833 4423 2038 4470; x_wconf 85' lang='lat' dir='ltr'><strong>sortem</strong></span> <span class='ocrx_word' id='word_1_694' title='bbox 2074 4429 2265 4468; x_wconf 89' lang='lat' dir='ltr'><strong>eorum</strong></span> <span class='ocrx_word' id='word_1_695' title='bbox 2297 4412 2650 4483; x_wconf 83' lang='lat' dir='ltr'><strong>pertinebant</strong></span> <span class='ocrx_word' id='word_1_696' title='bbox 2679 4411 2780 4478; x_wconf 91' lang='lat' dir='ltr'><strong>illi,</strong></span> <span class='ocrx_word' id='word_1_697' title='bbox 2806 4422 2972 4482; x_wconf 92' lang='lat' dir='ltr'><strong>atque</strong></span> <span class='ocrx_word' id='word_1_698' title='bbox 2998 4415 3431 4483; x_wconf 73' lang='lat' dir='ltr'><strong>possessionem,</strong></span> 
     </span>
    </p>
   </div>
   <div class='ocr_carea' id='block_1_90' title="bbox 110 4502 3431 4603">
    <p class='ocr_par' dir='ltr' id='par_1_90' title="bbox 110 4502 3431 4603">
     <span class='ocr_line' id='line_1_90' title="bbox 110 4502 3431 4603; baseline -0.003 -32"><span class='ocrx_word' id='word_1_699' title='bbox 110 4524 330 4571; x_wconf 81' lang='lat' dir='ltr'><strong>sertas.</strong></span> <span class='ocrx_word' id='word_1_700' title='bbox 366 4514 486 4568; x_wconf 87' lang='lat' dir='ltr'><strong>sine</strong></span> <span class='ocrx_word' id='word_1_701' title='bbox 517 4526 677 4566; x_wconf 89' lang='lat' dir='ltr'><strong>muro</strong></span> <span class='ocrx_word' id='word_1_702' title='bbox 711 4510 987 4576; x_wconf 82' lang='lat' dir='ltr'><strong>videlicet,</strong></span> <span class='ocrx_word' id='word_1_703' title='bbox 1022 4524 1115 4565; x_wconf 87' lang='lat' dir='ltr'><strong>eas</strong></span> <span class='ocrx_word' id='word_1_704' title='bbox 1150 4526 1270 4580; x_wconf 70' lang='lat' dir='ltr'><strong>quae</strong></span> <span class='ocrx_word' id='word_1_705' title='bbox 1299 4520 1428 4566; x_wconf 89' lang='lat' dir='ltr'><strong>sunt</strong></span> <span class='ocrx_word' id='word_1_706' title='bbox 1458 4512 1724 4583; x_wconf 86' lang='lat' dir='ltr'><strong>gentium,</strong></span> <span class='ocrx_word' id='word_1_707' title='bbox 1761 4548 1803 4603; x_wconf 62' lang='grc' dir='ltr'><strong>Β</strong></span> <span class='ocrx_word' id='word_1_708' title='bbox 1833 4523 2162 4578; x_wconf 88' lang='lat' dir='ltr'><strong>semperque</strong></span> <span class='ocrx_word' id='word_1_709' title='bbox 2196 4514 2451 4577; x_wconf 86' lang='lat' dir='ltr'><strong>poterant</strong></span> <span class='ocrx_word' id='word_1_710' title='bbox 2480 4502 2698 4569; x_wconf 89' lang='lat' dir='ltr'><strong>redimi,</strong></span> <span class='ocrx_word' id='word_1_711' title='bbox 2723 4513 2780 4558; x_wconf 86' lang='lat' dir='ltr'><strong>et</strong></span> <span class='ocrx_word' id='word_1_712' title='bbox 2811 4505 2916 4559; x_wconf 87' lang='lat' dir='ltr'><strong>hoc</strong></span> <span class='ocrx_word' id='word_1_713' title='bbox 2938 4505 3165 4560; x_wconf 89' lang='lat' dir='ltr'><strong>historia</strong></span> <span class='ocrx_word' id='word_1_714' title='bbox 3193 4507 3431 4562; x_wconf 83' lang='lat' dir='ltr'><strong>Actuum</strong></span> 
     </span>
    </p>
   </div>
   <div class='ocr_carea' id='block_1_91' title="bbox 108 4603 1731 4679">
    <p class='ocr_par' dir='ltr' id='par_1_91' title="bbox 108 4603 1731 4679">
     <span class='ocr_line' id='line_1_91' title="bbox 108 4603 1731 4679; baseline -0.001 -16"><span class='ocrx_word' id='word_1_715' title='bbox 108 4607 457 4679; x_wconf 85' lang='lat' dir='ltr'><strong>appellavit.</strong></span> <span class='ocrx_word' id='word_1_716' title='bbox 484 4604 676 4676; x_wconf 80' lang='lat' dir='ltr'><strong>Neque</strong></span> <span class='ocrx_word' id='word_1_717' title='bbox 724 4604 875 4660; x_wconf 88' lang='lat' dir='ltr'><strong>enim</strong></span> <span class='ocrx_word' id='word_1_718' title='bbox 926 4603 1203 4659; x_wconf 81' lang='lat' dir='ltr'><strong>habebant</strong></span> <span class='ocrx_word' id='word_1_719' title='bbox 1237 4604 1371 4676; x_wconf 91' lang='lat' dir='ltr'><strong>legis</strong></span> <span class='ocrx_word' id='word_1_720' title='bbox 1400 4621 1641 4672; x_wconf 90' lang='lat' dir='ltr'><strong>murum,</strong></span> <span class='ocrx_word' id='word_1_721' title='bbox 1673 4614 1731 4661; x_wconf 93' lang='lat' dir='ltr'><strong>et</strong></span> 
     </span>
    </p>
   </div>
   <div class='ocr_carea' id='block_1_92' title="bbox 108 4696 1735 4768">
    <p class='ocr_par' dir='ltr' id='par_1_92' title="bbox 108 4696 1735 4768">
     <span class='ocr_line' id='line_1_92' title="bbox 108 4696 1735 4768; baseline -0.002 -11"><span class='ocrx_word' id='word_1_722' title='bbox 108 4702 372 4757; x_wconf 66' lang='lat' dir='ltr'><strong>deserta:</strong></span> <span class='ocrx_word' id='word_1_723' title='bbox 399 4708 578 4763; x_wconf 89' lang='lat' dir='ltr'><strong>erant,</strong></span> <span class='ocrx_word' id='word_1_724' title='bbox 617 4713 775 4753; x_wconf 87' lang='lat' dir='ltr'><strong>error</strong></span> <span class='ocrx_word' id='word_1_725' title='bbox 804 4697 887 4753; x_wconf 88' lang='lat' dir='ltr'><strong>eis</strong></span> <span class='ocrx_word' id='word_1_726' title='bbox 920 4696 1210 4763; x_wconf 90' lang='lat' dir='ltr'><strong>dolorum,</strong></span> <span class='ocrx_word' id='word_1_727' title='bbox 1256 4712 1491 4768; x_wconf 89' lang='lat' dir='ltr'><strong>quormn</strong></span> <span class='ocrx_word' id='word_1_728' title='bbox 1537 4698 1735 4754; x_wconf 91' lang='lat' dir='ltr'><strong>domus</strong></span> 
     </span>
    </p>
   </div>
   <div class='ocr_carea' id='block_1_93' title="bbox 107 4790 1736 4864">
    <p class='ocr_par' dir='ltr' id='par_1_93' title="bbox 107 4790 1736 4864">
     <span class='ocr_line' id='line_1_93' title="bbox 107 4790 1736 4864; baseline -0.002 -12"><span class='ocrx_word' id='word_1_729' title='bbox 107 4797 174 4853; x_wconf 87' lang='lat' dir='ltr'><strong>in</strong></span> <span class='ocrx_word' id='word_1_730' title='bbox 206 4794 388 4859; x_wconf 86' lang='lat' dir='ltr'><strong>villis,</strong></span> <span class='ocrx_word' id='word_1_731' title='bbox 419 4809 560 4864; x_wconf 90' lang='lat' dir='ltr'><strong>quas</strong></span> <span class='ocrx_word' id='word_1_732' title='bbox 593 4790 957 4864; x_wconf 87' lang='lat' dir='ltr'><strong>Septuaginta</strong></span> <span class='ocrx_word' id='word_1_733' title='bbox 1001 4793 1058 4849; x_wconf 87' lang='lat' dir='ltr'><strong>in</strong></span> <span class='ocrx_word' id='word_1_734' title='bbox 1103 4791 1246 4847; x_wconf 90' lang='lat' dir='ltr'><strong>aulis</strong></span> <span class='ocrx_word' id='word_1_735' title='bbox 1289 4791 1571 4861; x_wconf 78' lang='lat' dir='ltr'><strong>dixerunt,</strong></span> <span class='ocrx_word' id='word_1_736' title='bbox 1597 4806 1736 4864; x_wconf 90' lang='lat' dir='ltr'><strong>quas</strong></span> 
     </span>
    </p>
   </div>
   <div class='ocr_carea' id='block_1_94' title="bbox 106 4886 882 4945">
    <p class='ocr_par' dir='ltr' id='par_1_94' title="bbox 106 4886 882 4945">
     <span class='ocr_line' id='line_1_94' title="bbox 106 4886 882 4945; baseline -0.006 -1"><span class='ocrx_word' id='word_1_737' title='bbox 106 4903 255 4945; x_wconf 86' lang='lat' dir='ltr'><strong>esse</strong></span> <span class='ocrx_word' id='word_1_738' title='bbox 287 4886 566 4944; x_wconf 85' lang='lat' dir='ltr'><strong>Ecelesias</strong></span> <span class='ocrx_word' id='word_1_739' title='bbox 603 4886 845 4941; x_wconf 77' lang='lat' dir='ltr'><strong>diximus</strong></span> <span class='ocrx_word' id='word_1_740' title='bbox 869 4903 882 4939; x_wconf 94' lang='lat'><strong>:</strong></span> 
     </span>
    </p>
   </div>
   <div class='ocr_carea' id='block_1_95' title="bbox 191 4972 1734 5047">
    <p class='ocr_par' dir='ltr' id='par_1_95' title="bbox 191 4972 1734 5047">
     <span class='ocr_line' id='line_1_95' title="bbox 191 4972 1734 5047; baseline 0.003 -19"><span class='ocrx_word' id='word_1_741' title='bbox 191 4972 474 5045; x_wconf 81' lang='lat' dir='ltr'><strong>Agrorum</strong></span> <span class='ocrx_word' id='word_1_742' title='bbox 512 4973 641 5045; x_wconf 85' lang='lat' dir='ltr'><strong>jure</strong></span> <span class='ocrx_word' id='word_1_743' title='bbox 677 4976 986 5030; x_wconf 66' lang='lat' dir='ltr'><strong>arridentur.</strong></span> <span class='ocrx_word' id='word_1_744' title='bbox 1018 4972 1118 5030; x_wconf 78' lang='lat' dir='ltr'><strong>Vel</strong></span> <span class='ocrx_word' id='word_1_745' title='bbox 1161 4973 1466 5031; x_wconf 90' lang='lat' dir='ltr'><strong>secundum</strong></span> <span class='ocrx_word' id='word_1_746' title='bbox 1497 4976 1734 5047; x_wconf 91' lang='lat' dir='ltr'><strong>Septua-</strong></span> 
     </span>
    </p>
   </div>
   <div class='ocr_carea' id='block_1_96' title="bbox 104 5065 1734 5141">
    <p class='ocr_par' dir='ltr' id='par_1_96' title="bbox 104 5065 1734 5141">
     <span class='ocr_line' id='line_1_96' title="bbox 104 5065 1734 5141; baseline 0.002 -21"><span class='ocrx_word' id='word_1_747' title='bbox 104 5065 285 5138; x_wconf 78' lang='lat' dir='ltr'><strong>ginta</strong></span> <span class='ocrx_word' id='word_1_748' title='bbox 322 5084 338 5119; x_wconf 88' lang='lat'>:</span> <span class='ocrx_word' id='word_1_749' title='bbox 367 5067 451 5121; x_wconf 78' lang='lat' dir='ltr'><strong>Ad</strong></span> <span class='ocrx_word' id='word_1_750' title='bbox 478 5083 671 5137; x_wconf 86' lang='lat' dir='ltr'><strong>agrum</strong></span> <span class='ocrx_word' id='word_1_751' title='bbox 705 5076 862 5122; x_wconf 77' lang='lat' dir='ltr'><strong>terra:</strong></span> <span class='ocrx_word' id='word_1_752' title='bbox 888 5067 1320 5123; x_wconf 75' lang='lat' dir='ltr'><strong>testimabuntur.</strong></span> <span class='ocrx_word' id='word_1_753' title='bbox 1355 5070 1528 5139; x_wconf 80' lang='lat' dir='ltr'><strong>Cujus</strong></span> <span class='ocrx_word' id='word_1_754' title='bbox 1574 5070 1734 5141; x_wconf 80' lang='lat' dir='ltr'><strong>agri?</strong></span> 
     </span>
    </p>
   </div>
   <div class='ocr_carea' id='block_1_97' title="bbox 104 5157 1733 5233">
    <p class='ocr_par' dir='ltr' id='par_1_97' title="bbox 104 5157 1733 5233">
     <span class='ocr_line' id='line_1_97' title="bbox 104 5157 1733 5233; baseline 0.003 -21"><span class='ocrx_word' id='word_1_755' title='bbox 104 5157 287 5214; x_wconf 78' lang='lat' dir='ltr'><strong>Illius</strong></span> <span class='ocrx_word' id='word_1_756' title='bbox 316 5159 527 5225; x_wconf 86' lang='lat' dir='ltr'><strong>utique,</strong></span> <span class='ocrx_word' id='word_1_757' title='bbox 547 5174 712 5230; x_wconf 89' lang='lat' dir='ltr'><strong>quem</strong></span> <span class='ocrx_word' id='word_1_758' title='bbox 737 5160 999 5216; x_wconf 88' lang='lat' dir='ltr'><strong>Dominus</strong></span> <span class='ocrx_word' id='word_1_759' title='bbox 1015 5162 1148 5216; x_wconf 85' lang='lat' dir='ltr'><strong>dicit</strong></span> <span class='ocrx_word' id='word_1_760' title='bbox 1168 5175 1184 5213; x_wconf 68' lang='grc' dir='ltr'><strong>ξ</strong></span> <span class='ocrx_word' id='word_1_761' title='bbox 1208 5159 1397 5217; x_wconf 83' lang='lat' dir='ltr'><strong>Simile</strong></span> <span class='ocrx_word' id='word_1_762' title='bbox 1417 5172 1491 5216; x_wconf 86' lang='lat' dir='ltr'><strong>est</strong></span> <span class='ocrx_word' id='word_1_763' title='bbox 1513 5179 1733 5233; x_wconf 83' lang='lat' dir='ltr'><strong>regnum</strong></span> 
     </span>
    </p>
   </div>
   <div class='ocr_carea' id='block_1_98' title="bbox 105 5248 1737 5325">
    <p class='ocr_par' dir='ltr' id='par_1_98' title="bbox 105 5248 1737 5325">
     <span class='ocr_line' id='line_1_98' title="bbox 105 5248 1737 5325; baseline 0.003 -20"><span class='ocrx_word' id='word_1_764' title='bbox 105 5248 387 5305; x_wconf 64' lang='lat' dir='ltr'><strong>mlas-um</strong></span> <span class='ocrx_word' id='word_1_765' title='bbox 416 5251 663 5305; x_wconf 83' lang='lat' dir='ltr'><strong>thesauro</strong></span> <span class='ocrx_word' id='word_1_766' title='bbox 688 5252 994 5307; x_wconf 81' lang='lat' dir='ltr'><strong>abscondito</strong></span> <span class='ocrx_word' id='word_1_767' title='bbox 1024 5255 1080 5307; x_wconf 87' lang='lat' dir='ltr'><strong>in</strong></span> <span class='ocrx_word' id='word_1_768' title='bbox 1108 5271 1259 5324; x_wconf 88' lang='lat' dir='ltr'><strong>agro,</strong></span> <span class='ocrx_word' id='word_1_769' title='bbox 1279 5266 1429 5322; x_wconf 84' lang='lat' dir='ltr'><strong>quem</strong></span> <span class='ocrx_word' id='word_1_770' title='bbox 1465 5256 1556 5325; x_wconf 85' lang='lat' dir='ltr'><strong>qui</strong></span> <span class='ocrx_word' id='word_1_771' title='bbox 1590 5256 1737 5310; x_wconf 84' lang='lat' dir='ltr'><strong>inve-</strong></span> 
     </span>
    </p>
   </div>
   <div class='ocr_carea' id='block_1_99' title="bbox 103 5340 1739 5411">
    <p class='ocr_par' dir='ltr' id='par_1_99' title="bbox 103 5340 1739 5411">
     <span class='ocr_line' id='line_1_99' title="bbox 103 5340 1739 5411; baseline -0.001 -17"><span class='ocrx_word' id='word_1_772' title='bbox 103 5342 202 5395; x_wconf 80' lang='lat' dir='ltr'><strong>nit</strong></span> <span class='ocrx_word' id='word_1_773' title='bbox 241 5340 409 5394; x_wconf 83' lang='lat' dir='ltr'><strong>homo</strong></span> <span class='ocrx_word' id='word_1_774' title='bbox 443 5341 713 5395; x_wconf 82' lang='lat' dir='ltr'><strong>abscondit</strong></span> <span class='ocrx_word' id='word_1_775' title='bbox 741 5357 860 5396; x_wconf 84' lang='lat' dir='ltr'><strong>eum</strong></span> <span class='ocrx_word' id='word_1_776' title='bbox 902 5357 1013 5411; x_wconf 67' lang='lat' dir='ltr'><strong>prce</strong></span> <span class='ocrx_word' id='word_1_777' title='bbox 1041 5342 1239 5411; x_wconf 84' lang='lat' dir='ltr'><strong>gaudio</strong></span> <span class='ocrx_word' id='word_1_778' title='bbox 1285 5357 1303 5396; x_wconf 92' lang='lat'><strong><em>:</em></strong></span> <span class='ocrx_word' id='word_1_779' title='bbox 1339 5341 1478 5396; x_wconf 85' lang='lat' dir='ltr'><strong>alius</strong></span> <span class='ocrx_word' id='word_1_780' title='bbox 1507 5342 1660 5400; x_wconf 84' lang='lat' dir='ltr'><strong>abiit.</strong></span> <span class='ocrx_word' id='word_1_781' title='bbox 1688 5349 1739 5394; x_wconf 92' lang='lat' dir='ltr'><strong>et</strong></span> 
     </span>
    </p>
   </div>
   <div class='ocr_carea' id='block_1_100' title="bbox 100 5432 1732 5505">
    <p class='ocr_par' dir='ltr' id='par_1_100' title="bbox 100 5432 1732 5505">
     <span class='ocr_line' id='line_1_100' title="bbox 100 5432 1732 5505; baseline -0.002 -15"><span class='ocrx_word' id='word_1_782' title='bbox 100 5435 375 5490; x_wconf 72' lang='lat' dir='ltr'><strong>vendidit</strong></span> <span class='ocrx_word' id='word_1_783' title='bbox 410 5436 615 5500; x_wconf 79' lang='lat' dir='ltr'><strong>Omnia,</strong></span> <span class='ocrx_word' id='word_1_784' title='bbox 641 5451 760 5505; x_wconf 74' lang='lat' dir='ltr'><strong>qua:</strong></span> <span class='ocrx_word' id='word_1_785' title='bbox 787 5434 994 5499; x_wconf 84' lang='lat' dir='ltr'><strong>habuit,</strong></span> <span class='ocrx_word' id='word_1_786' title='bbox 1020 5442 1070 5488; x_wconf 86' lang='lat' dir='ltr'><strong>et</strong></span> <span class='ocrx_word' id='word_1_787' title='bbox 1113 5435 1240 5489; x_wconf 88' lang='lat' dir='ltr'><strong>emit</strong></span> <span class='ocrx_word' id='word_1_788' title='bbox 1282 5452 1470 5505; x_wconf 82' lang='lat' dir='ltr'><strong>agrum</strong></span> <span class='ocrx_word' id='word_1_789' title='bbox 1494 5435 1667 5489; x_wconf 63' lang='lat' dir='ltr'><strong>illum</strong></span> <span class='ocrx_word' id='word_1_790' title='bbox 1687 5432 1732 5486; x_wconf 68' lang='grc'><strong>⁸.</strong></span> 
     </span>
    </p>
   </div>
   <div class='ocr_carea' id='block_1_101' title="bbox 103 5524 1737 5599">
    <p class='ocr_par' dir='ltr' id='par_1_101' title="bbox 103 5524 1737 5599">
     <span class='ocr_line' id='line_1_101' title="bbox 103 5524 1737 5599; baseline 0.001 -20"><span class='ocrx_word' id='word_1_791' title='bbox 103 5524 285 5584; x_wconf 83' lang='lat' dir='ltr'><strong>Dicit</strong></span> <span class='ocrx_word' id='word_1_792' title='bbox 322 5536 508 5583; x_wconf 88' lang='lat' dir='ltr'><strong>autem</strong></span> <span class='ocrx_word' id='word_1_793' title='bbox 537 5542 752 5599; x_wconf 84' lang='lat' dir='ltr'><strong>agrum,</strong></span> <span class='ocrx_word' id='word_1_794' title='bbox 794 5526 1148 5597; x_wconf 86' lang='lat' dir='ltr'><strong>Evangelium</strong></span> <span class='ocrx_word' id='word_1_795' title='bbox 1173 5569 1188 5593; x_wconf 92' lang='lat'><strong>,</strong></span> <span class='ocrx_word' id='word_1_796' title='bbox 1220 5526 1275 5580; x_wconf 90' lang='lat' dir='ltr'><strong>in</strong></span> <span class='ocrx_word' id='word_1_797' title='bbox 1305 5541 1414 5596; x_wconf 86' lang='lat' dir='ltr'><strong>quo</strong></span> <span class='ocrx_word' id='word_1_798' title='bbox 1444 5527 1737 5581; x_wconf 88' lang='lat' dir='ltr'><strong>thesaurus</strong></span> 
     </span>
    </p>
   </div>
   <div class='ocr_carea' id='block_1_102' title="bbox 196 5747 1930 5820">
    <p class='ocr_par' dir='ltr' id='par_1_102' title="bbox 196 5747 1930 5820">
     <span class='ocr_line' id='line_1_102' title="bbox 196 5747 1930 5820; baseline -0.007 -5"><span class='ocrx_word' id='word_1_799' title='bbox 196 5758 257 5791; x_wconf 69' lang='grc' dir='ltr'><strong>υ</strong></span> <span class='ocrx_word' id='word_1_800' title='bbox 302 5757 439 5814; x_wconf 85' lang='lat' dir='ltr'><strong>Luc.</strong></span> <span class='ocrx_word' id='word_1_801' title='bbox 466 5769 622 5820; x_wconf 78' lang='lat' dir='ltr'><strong>nni,</strong></span> <span class='ocrx_word' id='word_1_802' title='bbox 653 5755 742 5810; x_wconf 67' lang='lat'><strong>34.</strong></span> <span class='ocrx_word' id='word_1_803' title='bbox 821 5752 837 5786; x_wconf 85' lang='grc'>¹</span> <span class='ocrx_word' id='word_1_804' title='bbox 867 5749 1058 5805; x_wconf 77' lang='lat' dir='ltr'><strong>Matth.</strong></span> <span class='ocrx_word' id='word_1_805' title='bbox 1087 5766 1248 5812; x_wconf 68' lang='lat' dir='ltr'><strong>sun,</strong></span> <span class='ocrx_word' id='word_1_806' title='bbox 1273 5749 1364 5811; x_wconf 78' lang='lat'><strong>57.</strong></span> <span class='ocrx_word' id='word_1_807' title='bbox 1395 5749 1485 5807; x_wconf 80' lang='lat'><strong>38.</strong></span> <span class='ocrx_word' id='word_1_808' title='bbox 1564 5749 1585 5782; x_wconf 76' lang='grc'><strong><em>³</em></strong></span> <span class='ocrx_word' id='word_1_809' title='bbox 1606 5747 1710 5805; x_wconf 89' lang='lat' dir='ltr'><strong>lsa.</strong></span> <span class='ocrx_word' id='word_1_810' title='bbox 1737 5764 1846 5819; x_wconf 83' lang='lat' dir='ltr'><strong>uv,</strong></span> <span class='ocrx_word' id='word_1_811' title='bbox 1879 5749 1930 5803; x_wconf 77' lang='lat' dir='ltr'><strong>t.</strong></span> 
     </span>
    </p>
   </div>
   <div class='ocr_carea' id='block_1_103' title="bbox 116 5820 1389 5892">
    <p class='ocr_par' dir='ltr' id='par_1_103' title="bbox 116 5820 1389 5892">
     <span class='ocr_line' id='line_1_103' title="bbox 116 5820 1389 5892; baseline -0.006 -6"><span class='ocrx_word' id='word_1_812' title='bbox 116 5825 230 5887; x_wconf 68' lang='grc'><strong>58.</strong></span> <span class='ocrx_word' id='word_1_813' title='bbox 321 5830 342 5861; x_wconf 72' lang='grc'>⁸</span> <span class='ocrx_word' id='word_1_814' title='bbox 367 5827 527 5884; x_wconf 77' lang='lat' dir='ltr'><strong>Num.</strong></span> <span class='ocrx_word' id='word_1_815' title='bbox 566 5840 720 5892; x_wconf 77' lang='lat' dir='ltr'><strong>xvtn,</strong></span> <span class='ocrx_word' id='word_1_816' title='bbox 751 5825 805 5880; x_wconf 88' lang='lat'><strong>6.</strong></span> <span class='ocrx_word' id='word_1_817' title='bbox 880 5824 899 5855; x_wconf 84' lang='lat'><strong><em>&quot;</em></strong></span> <span class='ocrx_word' id='word_1_818' title='bbox 928 5820 1122 5876; x_wconf 81' lang='lat' dir='ltr'><strong>Matth.</strong></span> <span class='ocrx_word' id='word_1_819' title='bbox 1156 5838 1266 5890; x_wconf 72' lang='lat' dir='ltr'><strong>xu,</strong></span> <span class='ocrx_word' id='word_1_820' title='bbox 1297 5821 1389 5880; x_wconf 73' lang='lat'><strong>27.</strong></span> 
     </span>
    </p>
   </div>
   <div class='ocr_carea' id='block_1_104' title="bbox 1833 4597 3428 4672">
    <p class='ocr_par' dir='ltr' id='par_1_104' title="bbox 1833 4597 3428 4672">
     <span class='ocr_line' id='line_1_104' title="bbox 1833 4597 3428 4672; baseline 0.001 -17"><span class='ocrx_word' id='word_1_821' title='bbox 1833 4601 2209 4672; x_wconf 86' lang='lat' dir='ltr'><strong>apostolorum</strong></span> <span class='ocrx_word' id='word_1_822' title='bbox 2225 4597 2640 4654; x_wconf 73' lang='lat' dir='ltr'><strong>‘demonstravit</strong></span> <span class='ocrx_word' id='word_1_823' title='bbox 2674 4616 2688 4651; x_wconf 91' lang='lat'><strong>:</strong></span> <span class='ocrx_word' id='word_1_824' title='bbox 2720 4597 2891 4653; x_wconf 90' lang='lat' dir='ltr'><strong>multa</strong></span> <span class='ocrx_word' id='word_1_825' title='bbox 2929 4599 3079 4654; x_wconf 91' lang='lat' dir='ltr'><strong>enim</strong></span> <span class='ocrx_word' id='word_1_826' title='bbox 3109 4598 3428 4656; x_wconf 73' lang='lat' dir='ltr'><strong>Iudaeorum</strong></span> 
     </span>
    </p>
   </div>
   <div class='ocr_carea' id='block_1_105' title="bbox 1833 4689 3437 4764">
    <p class='ocr_par' dir='ltr' id='par_1_105' title="bbox 1833 4689 3437 4764">
     <span class='ocr_line' id='line_1_105' title="bbox 1833 4689 3437 4764; baseline 0 -15"><span class='ocrx_word' id='word_1_827' title='bbox 1833 4708 1933 4764; x_wconf 90' lang='lat' dir='ltr'><strong>per</strong></span> <span class='ocrx_word' id='word_1_828' title='bbox 1979 4692 2261 4763; x_wconf 81' lang='lat' dir='ltr'><strong>apostolos</strong></span> <span class='ocrx_word' id='word_1_829' title='bbox 2303 4690 2373 4747; x_wconf 85' lang='lat' dir='ltr'><strong>ab</strong></span> <span class='ocrx_word' id='word_1_830' title='bbox 2397 4705 2586 4744; x_wconf 90' lang='lat' dir='ltr'><strong>errore</strong></span> <span class='ocrx_word' id='word_1_831' title='bbox 2619 4689 2729 4744; x_wconf 82' lang='lat' dir='ltr'><strong>dixi</strong></span> <span class='ocrx_word' id='word_1_832' title='bbox 2766 4690 2992 4745; x_wconf 89' lang='lat' dir='ltr'><strong>liberata</strong></span> <span class='ocrx_word' id='word_1_833' title='bbox 3031 4692 3277 4763; x_wconf 89' lang='lat' dir='ltr'><strong>collegia.</strong></span> <span class='ocrx_word' id='word_1_834' title='bbox 3310 4691 3437 4749; x_wconf 80' lang='lat' dir='ltr'><strong>Non</strong></span> 
     </span>
    </p>
   </div>
   <div class='ocr_carea' id='block_1_106' title="bbox 1834 4783 3434 4858">
    <p class='ocr_par' dir='ltr' id='par_1_106' title="bbox 1834 4783 3434 4858">
     <span class='ocr_line' id='line_1_106' title="bbox 1834 4783 3434 4858; baseline 0.001 -15"><span class='ocrx_word' id='word_1_835' title='bbox 1834 4786 1967 4843; x_wconf 90' lang='lat' dir='ltr'><strong>solis</strong></span> <span class='ocrx_word' id='word_1_836' title='bbox 2001 4795 2185 4840; x_wconf 92' lang='lat' dir='ltr'><strong>autem</strong></span> <span class='ocrx_word' id='word_1_837' title='bbox 2232 4784 2391 4840; x_wconf 90' lang='lat' dir='ltr'><strong>licuit</strong></span> <span class='ocrx_word' id='word_1_838' title='bbox 2443 4785 2706 4854; x_wconf 87' lang='lat' dir='ltr'><strong>apostolis</strong></span> <span class='ocrx_word' id='word_1_839' title='bbox 2738 4783 2883 4840; x_wconf 88' lang='lat' dir='ltr'><strong>hanc</strong></span> <span class='ocrx_word' id='word_1_840' title='bbox 2912 4800 3179 4858; x_wconf 87' lang='lat' dir='ltr'><strong>peragere</strong></span> <span class='ocrx_word' id='word_1_841' title='bbox 3212 4787 3434 4844; x_wconf 89' lang='lat' dir='ltr'><strong>redem-</strong></span> 
     </span>
    </p>
   </div>
   <div class='ocr_carea' id='block_1_107' title="bbox 1834 4876 3436 4951">
    <p class='ocr_par' dir='ltr' id='par_1_107' title="bbox 1834 4876 3436 4951">
     <span class='ocr_line' id='line_1_107' title="bbox 1834 4876 3436 4951; baseline 0.002 -17"><span class='ocrx_word' id='word_1_842' title='bbox 1834 4878 2104 4949; x_wconf 82' lang='lat' dir='ltr'><strong>ptionem,</strong></span> <span class='ocrx_word' id='word_1_843' title='bbox 2140 4878 2236 4932; x_wconf 91' lang='lat' dir='ltr'><strong>sed</strong></span> <span class='ocrx_word' id='word_1_844' title='bbox 2270 4885 2326 4932; x_wconf 88' lang='lat' dir='ltr'><strong>et</strong></span> <span class='ocrx_word' id='word_1_845' title='bbox 2355 4876 2641 4951; x_wconf 82' lang='lat' dir='ltr'><strong>discipulis</strong></span> <span class='ocrx_word' id='word_1_846' title='bbox 2680 4891 2895 4932; x_wconf 87' lang='lat' dir='ltr'><strong>eorum.</strong></span> <span class='ocrx_word' id='word_1_847' title='bbox 2924 4876 3032 4933; x_wconf 90' lang='lat' dir='ltr'><strong>Sed</strong></span> <span class='ocrx_word' id='word_1_848' title='bbox 3070 4886 3251 4935; x_wconf 86' lang='lat' dir='ltr'><strong>tamen</strong></span> <span class='ocrx_word' id='word_1_849' title='bbox 3293 4881 3436 4937; x_wconf 88' lang='lat' dir='ltr'><strong>hanc</strong></span> 
     </span>
    </p>
   </div>
   <div class='ocr_carea' id='block_1_108' title="bbox 1837 4970 3439 5040">
    <p class='ocr_par' dir='ltr' id='par_1_108' title="bbox 1837 4970 3439 5040">
     <span class='ocr_line' id='line_1_108' title="bbox 1837 4970 3439 5040; baseline 0.004 -16"><span class='ocrx_word' id='word_1_850' title='bbox 1837 4970 2143 5026; x_wconf 90' lang='lat' dir='ltr'><strong>secundum</strong></span> <span class='ocrx_word' id='word_1_851' title='bbox 2189 4970 2408 5025; x_wconf 90' lang='lat' dir='ltr'><strong>illorum</strong></span> <span class='ocrx_word' id='word_1_852' title='bbox 2448 4970 2735 5039; x_wconf 79' lang='lat' dir='ltr'><strong>Oportebat</strong></span> <span class='ocrx_word' id='word_1_853' title='bbox 2784 4970 2922 5025; x_wconf 83' lang='lat' dir='ltr'><strong>elliei</strong></span> <span class='ocrx_word' id='word_1_854' title='bbox 2963 4973 3273 5029; x_wconf 55' lang='lat' dir='ltr'><strong>doctrinam</strong></span> <span class='ocrx_word' id='word_1_855' title='bbox 3302 5014 3318 5040; x_wconf 95' lang='lat'><strong>,</strong></span> <span class='ocrx_word' id='word_1_856' title='bbox 3377 4982 3439 5031; x_wconf 88' lang='lat' dir='ltr'><strong>ut</strong></span> 
     </span>
    </p>
   </div>
   <div class='ocr_carea' id='block_1_109' title="bbox 1838 5062 3431 5137">
    <p class='ocr_par' dir='ltr' id='par_1_109' title="bbox 1838 5062 3431 5137">
     <span class='ocr_line' id='line_1_109' title="bbox 1838 5062 3431 5137; baseline 0.001 -18"><span class='ocrx_word' id='word_1_857' title='bbox 1838 5063 1946 5119; x_wconf 87' lang='lat' dir='ltr'><strong>illis</strong></span> <span class='ocrx_word' id='word_1_858' title='bbox 1987 5062 2356 5133; x_wconf 89' lang='lat' dir='ltr'><strong>imputaretur</strong></span> <span class='ocrx_word' id='word_1_859' title='bbox 2397 5063 2490 5133; x_wconf 89' lang='lat' dir='ltr'><strong>qui</strong></span> <span class='ocrx_word' id='word_1_860' title='bbox 2532 5064 2819 5119; x_wconf 84' lang='lat' dir='ltr'><strong>exordium</strong></span> <span class='ocrx_word' id='word_1_861' title='bbox 2870 5063 3013 5120; x_wconf 80' lang='lat' dir='ltr'><strong>laeto</strong></span> <span class='ocrx_word' id='word_1_862' title='bbox 3060 5067 3431 5137; x_wconf 62' lang='lat' dir='ltr'><strong>praebuerunt,</strong></span> 
     </span>
    </p>
   </div>
   <div class='ocr_carea' id='block_1_110' title="bbox 1806 5156 3436 5230">
    <p class='ocr_par' dir='ltr' id='par_1_110' title="bbox 1806 5156 3436 5230">
     <span class='ocr_line' id='line_1_110' title="bbox 1806 5156 3436 5230; baseline 0.002 -19"><span class='ocrx_word' id='word_1_863' title='bbox 1806 5156 1934 5225; x_wconf 34' lang='lat' dir='ltr'><strong>‘qui</strong></span> <span class='ocrx_word' id='word_1_864' title='bbox 1989 5166 2294 5226; x_wconf 90' lang='lat' dir='ltr'><strong>posuerunt</strong></span> <span class='ocrx_word' id='word_1_865' title='bbox 2336 5158 2613 5228; x_wconf 81' lang='lat' dir='ltr'><strong>dogmata.</strong></span> <span class='ocrx_word' id='word_1_866' title='bbox 2650 5159 2928 5228; x_wconf 86' lang='lat' dir='ltr'><strong>quomodo</strong></span> <span class='ocrx_word' id='word_1_867' title='bbox 2981 5159 3054 5223; x_wconf 87' lang='lat' dir='ltr'><strong>hi,</strong></span> <span class='ocrx_word' id='word_1_868' title='bbox 3090 5161 3181 5230; x_wconf 90' lang='lat' dir='ltr'><strong>qui</strong></span> <span class='ocrx_word' id='word_1_869' title='bbox 3230 5160 3283 5214; x_wconf 92' lang='lat' dir='ltr'><strong>in</strong></span> <span class='ocrx_word' id='word_1_870' title='bbox 3321 5160 3436 5215; x_wconf 81' lang='lat' dir='ltr'><strong>cir-</strong></span> 
     </span>
    </p>
   </div>
   <div class='ocr_carea' id='block_1_111' title="bbox 1841 5249 3439 5320">
    <p class='ocr_par' dir='ltr' id='par_1_111' title="bbox 1841 5249 3439 5320">
     <span class='ocr_line' id='line_1_111' title="bbox 1841 5249 3439 5320; baseline 0.002 -16"><span class='ocrx_word' id='word_1_871' title='bbox 1841 5249 2182 5304; x_wconf 87' lang='lat' dir='ltr'><strong>cumcisione</strong></span> <span class='ocrx_word' id='word_1_872' title='bbox 2237 5257 2398 5304; x_wconf 88' lang='lat' dir='ltr'><strong>erant</strong></span> <span class='ocrx_word' id='word_1_873' title='bbox 2444 5249 2645 5303; x_wconf 77' lang='lat' dir='ltr'><strong>salvari</strong></span> <span class='ocrx_word' id='word_1_874' title='bbox 2697 5258 2756 5303; x_wconf 91' lang='lat' dir='ltr'><strong>et</strong></span> <span class='ocrx_word' id='word_1_875' title='bbox 2804 5250 3023 5305; x_wconf 89' lang='lat' dir='ltr'><strong>liherari</strong></span> <span class='ocrx_word' id='word_1_876' title='bbox 3080 5251 3309 5320; x_wconf 89' lang='lat' dir='ltr'><strong>possint.</strong></span> <span class='ocrx_word' id='word_1_877' title='bbox 3368 5250 3439 5308; x_wconf 80' lang='lat' dir='ltr'><strong>Et</strong></span> 
     </span>
    </p>
   </div>
   <div class='ocr_carea' id='block_1_112' title="bbox 1804 5343 3446 5417">
    <p class='ocr_par' dir='ltr' id='par_1_112' title="bbox 1804 5343 3446 5417">
     <span class='ocr_line' id='line_1_112' title="bbox 1804 5343 3446 5417; baseline 0.002 -21"><span class='ocrx_word' id='word_1_878' title='bbox 1804 5373 1812 5381; x_wconf 93' lang='lat'><em>-</em></span> <span class='ocrx_word' id='word_1_879' title='bbox 1844 5353 2138 5413; x_wconf 89' lang='lat' dir='ltr'><strong>propterea</strong></span> <span class='ocrx_word' id='word_1_880' title='bbox 2178 5343 2480 5398; x_wconf 88' lang='lat' dir='ltr'><strong>secundum</strong></span> <span class='ocrx_word' id='word_1_881' title='bbox 2511 5343 2871 5413; x_wconf 75' lang='lat' dir='ltr'><strong>Septuaginta</strong></span> <span class='ocrx_word' id='word_1_882' title='bbox 2899 5345 2976 5397; x_wconf 89' lang='lat' dir='ltr'><strong>ait</strong></span> <span class='ocrx_word' id='word_1_883' title='bbox 3009 5362 3023 5398; x_wconf 90' lang='lat'><strong>:</strong></span> <span class='ocrx_word' id='word_1_884' title='bbox 3055 5343 3123 5397; x_wconf 81' lang='lat' dir='ltr'><strong>Et</strong></span> <span class='ocrx_word' id='word_1_885' title='bbox 3146 5345 3446 5417; x_wconf 70' lang='lat' dir='ltr'><strong>quicunque</strong></span> 
     </span>
    </p>
   </div>
   <div class='ocr_carea' id='block_1_113' title="bbox 1844 5435 3443 5505">
    <p class='ocr_par' dir='ltr' id='par_1_113' title="bbox 1844 5435 3443 5505">
     <span class='ocr_line' id='line_1_113' title="bbox 1844 5435 3443 5505; baseline 0.003 -17"><span class='ocrx_word' id='word_1_886' title='bbox 1844 5437 2102 5490; x_wconf 85' lang='lat' dir='ltr'><strong>rediment</strong></span> <span class='ocrx_word' id='word_1_887' title='bbox 2130 5452 2161 5489; x_wconf 93' lang='lat' dir='ltr'><strong>a</strong></span> <span class='ocrx_word' id='word_1_888' title='bbox 2191 5435 2405 5500; x_wconf 78' lang='lat' dir='ltr'><strong>Levitis,</strong></span> <span class='ocrx_word' id='word_1_889' title='bbox 2441 5436 2492 5489; x_wconf 92' lang='lat' dir='ltr'><strong>id</strong></span> <span class='ocrx_word' id='word_1_890' title='bbox 2523 5444 2624 5499; x_wconf 88' lang='lat' dir='ltr'><strong>est,</strong></span> <span class='ocrx_word' id='word_1_891' title='bbox 2667 5436 2737 5491; x_wconf 90' lang='lat' dir='ltr'><strong>ab</strong></span> <span class='ocrx_word' id='word_1_892' title='bbox 2770 5436 2875 5490; x_wconf 90' lang='lat' dir='ltr'><strong>illis</strong></span> <span class='ocrx_word' id='word_1_893' title='bbox 2908 5435 3183 5505; x_wconf 88' lang='lat' dir='ltr'><strong>accipiens</strong></span> <span class='ocrx_word' id='word_1_894' title='bbox 3214 5436 3443 5492; x_wconf 89' lang='lat' dir='ltr'><strong>modum</strong></span> 
     </span>
    </p>
   </div>
   <div class='ocr_carea' id='block_1_114' title="bbox 1845 5524 3445 5597">
    <p class='ocr_par' dir='ltr' id='par_1_114' title="bbox 1845 5524 3445 5597">
     <span class='ocr_line' id='line_1_114' title="bbox 1845 5524 3445 5597; baseline 0.003 -18"><span class='ocrx_word' id='word_1_895' title='bbox 1845 5526 2140 5581; x_wconf 85' lang='lat' dir='ltr'><strong>liberandi.</strong></span> <span class='ocrx_word' id='word_1_896' title='bbox 2189 5524 2310 5581; x_wconf 86' lang='lat' dir='ltr'><strong>Non</strong></span> <span class='ocrx_word' id='word_1_897' title='bbox 2360 5525 2508 5580; x_wconf 90' lang='lat' dir='ltr'><strong>enim</strong></span> <span class='ocrx_word' id='word_1_898' title='bbox 2558 5542 2589 5580; x_wconf 89' lang='lat' dir='ltr'><strong>a</strong></span> <span class='ocrx_word' id='word_1_899' title='bbox 2645 5525 2850 5582; x_wconf 86' lang='lat' dir='ltr'><strong>Levitis</strong></span> <span class='ocrx_word' id='word_1_900' title='bbox 2899 5526 3240 5592; x_wconf 87' lang='lat' dir='ltr'><strong>liberantur,</strong></span> <span class='ocrx_word' id='word_1_901' title='bbox 3283 5527 3445 5597; x_wconf 78' lang='lat' dir='ltr'><strong>quasi</strong></span> 
     </span>
    </p>
   </div>
   <div class='ocr_carea' id='block_1_115' title="bbox 2009 5747 3448 5823">
    <p class='ocr_par' dir='ltr' id='par_1_115' title="bbox 2009 5747 3448 5823">
     <span class='ocr_line' id='line_1_115' title="bbox 2009 5747 3448 5823; baseline 0.003 -19"><span class='ocrx_word' id='word_1_902' title='bbox 2009 5749 2032 5781; x_wconf 85' lang='grc'>³</span> <span class='ocrx_word' id='word_1_903' title='bbox 2064 5748 2194 5805; x_wconf 91' lang='lat' dir='ltr'><strong>ibid.</strong></span> <span class='ocrx_word' id='word_1_904' title='bbox 2234 5747 2289 5805; x_wconf 77' lang='lat'><strong>2.</strong></span> <span class='ocrx_word' id='word_1_905' title='bbox 2366 5747 2603 5806; x_wconf 69' lang='lat' dir='ltr'><strong>‘Hatth.</strong></span> <span class='ocrx_word' id='word_1_906' title='bbox 2640 5764 2762 5816; x_wconf 76' lang='lat' dir='ltr'><strong>xm,</strong></span> <span class='ocrx_word' id='word_1_907' title='bbox 2791 5748 2881 5817; x_wconf 72' lang='grc' dir='ltr'>Η,</span> <span class='ocrx_word' id='word_1_908' title='bbox 2912 5748 3004 5804; x_wconf 71' lang='grc' dir='ltr'><strong>ιὸ.</strong></span> <span class='ocrx_word' id='word_1_909' title='bbox 3081 5749 3106 5782; x_wconf 89' lang='grc'><strong>⁸</strong></span> <span class='ocrx_word' id='word_1_910' title='bbox 3133 5747 3290 5806; x_wconf 79' lang='lat' dir='ltr'><strong>Joan.</strong></span> <span class='ocrx_word' id='word_1_911' title='bbox 3321 5765 3448 5823; x_wconf 74' lang='grc' dir='ltr'><strong>τω,</strong></span> 
     </span>
    </p>
   </div>
  </div>
