3892 6402
552 305 686 371 1127

547 422 689 493 ipsis
733 418 1179 491 possidentibus,
1218 427 1272 473 et
1322 428 1608 490 propterea
1647 416 2042 490 Symmachus,
2086 428 2143 474 et

547 514 766 584 Aquila,
813 512 1131 583 quicunque
1169 511 1348 567 affinis
1394 519 1478 567 est
1522 512 1593 567 de
1637 511 1876 575 Levitis,
1928 512 2136 568 dicunt.

549 603 875 674 Quicunque
908 617 1039 673 ergo
1064 603 1174 658 illis
1200 602 1398 658 similia
1425 603 1605 669 docet,
1638 612 1693 657 et
1722 603 1952 658 redimet
1980 619 2143 673 quas-

549 697 679 751 dam
706 694 921 759 domos,
946 696 1032 750 vel
1063 696 1106 750 si
1139 696 1194 749 in
1223 695 1540 751 civitatibus
1570 694 1816 751 Judaicis
1844 697 1975 761 sint,
2005 696 2143 751 exiit

548 789 853 845 secundum
878 787 1231 858 Septuaginta
1260 787 1524 850 venditio,
1552 788 1601 841 id
1630 798 1731 853 est,
1763 788 2143 843 liberabuntur

549 878 605 934 in
637 879 961 935 remissione
985 879 1108 933 ﬁdei
1138 880 1339 944 crucis,
1375 889 1430 934 et
1455 895 1733 935 concessa:
1766 896 1864 951 per
1894 896 2013 936 eam
2047 896 2142 937 vc-

548 969 678 1026 nise.
710 969 865 1036 Quod
892 978 1079 1025 nostra
1110 970 1282 1025 editio
1306 971 1497 1026 habet.

620 1058 684 1117 Si
713 1062 996 1132 redempta:
1030 1079 1133 1116 non
1166 1064 1387 1133 fuerint,
1412 1064 1469 1116 in
1489 1063 1695 1135 jubileo
1720 1075 2047 1120 revertentur
2072 1070 2144 1122 ad

546 1156 805 1210 dominos.
837 1154 1020 1222 Quare
1066 1164 1249 1210 autem
1302 1157 1508 1212 dictum
1549 1167 1653 1223 est,
1705 1160 1972 1229 sequitur.
2006 1159 2147 1226 Quia

545 1251 734 1303 domus
759 1249 965 1303 urbium
993 1249 1300 1303 Levitarum
1331 1266 1427 1319 pro
1456 1253 1869 1321 possessionibus
1907 1263 2029 1307 sunt
2068 1254 2149 1306 iu-

551 1352 632 1396 ter
660 1340 798 1411 ﬁlios
831 1340 1026 1395 Israel.
1058 1342 1114 1396 ld
1147 1352 1251 1403 est,
1284 1352 1508 1412 prepter
1533 1344 1907 1414 apostolorum
1940 1361 2145 1417 cogna-

555 1435 786 1502 tionem,
820 1434 1245 1506 intelligihilium
1300 1436 1447 1490 enim
1500 1435 1836 1503 Levitarum,
1866 1439 2145 1508 apostolo—

547 1542 674 1581 rum
708 1525 989 1596 possessio
1039 1525 1094 1580 in
1140 1527 1324 1582 medio
1355 1526 1593 1583 ﬁliorum
1635 1527 1799 1584 lsrael
1831 1538 1966 1595 erat,
2005 1530 2147 1586 sicut

546 1619 930 1689 cognovimus,
949 1619 1077 1687 quia
1108 1618 1305 1675 Petrus
1334 1629 1389 1676 et
1415 1619 1657 1676 Joannes
1690 1630 1895 1677 sortem
1925 1633 2146 1692 aposto-

547 1707 691 1763 latus
716 1707 772 1762 in
797 1709 1191 1778 praedicatione
1229 1726 1441 1776 eorum,
1476 1712 1567 1780 qui
1601 1727 1668 1765 ex
1696 1712 2139 1780 circumcisione,

545 1808 936 1869 perceperunt.
972 1798 1079 1855 Sed
1123 1809 1179 1855 et
1209 1801 1320 1855 alio
1367 1801 1532 1857 modo
1569 1802 1833 1872 apostolis
1862 1804 2139 1874 possessio

547 1890 606 1945 in
627 1891 805 1946 medio
836 1890 1071 1948 ﬁliorum
1101 1893 1266 1949 lsrael
1298 1903 1438 1952 erat.
1468 1893 1964 1950 Circumcisionem
1991 1896 2137 1951 enim

546 1983 827 2039 habebant
864 1992 921 2040 et
950 1985 1076 2055 ipsi,
1098 1994 1155 2040 et
1183 1986 1489 2042 secundum
1512 1986 1690 2060 legem
1723 1987 1889 2045 Israel
1921 2004 2140 2061 semper

546 2072 820 2128 vixerant.
857 2071 1091 2144 Propter
1114 2076 1263 2145 quod
1295 2085 1352 2131 et
1373 2092 1564 2132 eorum
1595 2088 1754 2133 erant
1785 2079 1918 2150 ips-1e
1940 2079 2139 2135 domus

542 2162 833 2219 civitatum
864 2183 878 2218 :
910 2166 980 2221 ab
1010 2168 1146 2238 ipsis
1175 2169 1326 2224 enim
1352 2180 1514 2226 erant
1540 2171 1804 2236 liberatae,
1824 2181 1878 2227 et
1904 2172 2138 2243 quicun-

544 2270 656 2321 que
684 2256 876 2312 salvati
908 2268 1059 2325 sunt,
1097 2275 1199 2331 per
1250 2276 1347 2317 eos
1393 2261 1588 2317 salvati
1617 2272 1766 2318 sunt.
1802 2263 2020 2319 Etcum
2050 2266 2139 2319 in-

541 2348 695 2421 digni
723 2360 910 2406 essent
938 2361 1163 2424 prapter
1188 2354 1611 2425 blasphemiam,
1646 2371 1811 2427 quam
1842 2356 2138 2413 commise-

543 2453 675 2499 runt
709 2442 765 2499 in
800 2460 1041 2512 crucem,
1078 2454 1134 2500 et
1177 2462 1344 2516 quam
1386 2463 1580 2503 rursus
1612 2457 1736 2518 post
1776 2450 2139 2505 resurrectio-

541 2552 671 2591 nem
718 2548 1211 2609 prmsumpserunt,
1242 2540 1455 2595 honore
1508 2549 1691 2595 tamen
1738 2543 2136 2613 apostolorum,

541 2628 636 2698 qui
686 2638 743 2684 et
786 2639 915 2685 ante
957 2645 1177 2685 crucem
1223 2631 1620 2699 crediderunt,
1653 2642 1709 2688 ct
1743 2632 1799 2688 in
1831 2651 2015 2701 cruce,
2051 2636 2138 2692 vel

541 2721 708 2773 etiam
744 2730 867 2791 post
899 2735 1117 2776 crucem
1159 2731 1615 2791 permanserunt,
1646 2721 1702 2776 in
1748 2724 1853 2780 ﬁde
1896 2728 2137 2796 suscepti

542 2822 692 2870 sunt.
728 2815 796 2870 Et
824 2815 952 2886 quia
1000 2817 1107 2870 hoc
1138 2832 1326 2872 verum
1375 2828 1479 2882 est,
1511 2819 1663 2877 disce
1699 2820 1837 2877 Isaia
1872 2825 2090 2881 dicente
2120 2844 2132 2879 :

542 2906 664 2962 Nisi
713 2907 970 2962 Dominus
1016 2910 1344 2964 exercituum
1389 2911 1683 2983 reliquisset
1729 2916 1874 2971 nobis
1915 2934 2093 2972 semen
2119 2957 2135 2979 ,

540 3001 699 3072 quasi
736 2998 969 3057 Sodoma
998 3002 1314 3072 fuissemus,
1342 3014 1395 3059 et
1422 3006 1576 3076 quasi
1608 3004 1905 3064 Gomorrlta
1937 3012 2137 3067 similes

540 3094 821 3150 essemus”.
855 3093 915 3149 Si
947 3096 1097 3150 enim
1131 3112 1243 3151 non
1293 3098 1542 3154 relictum
1591 3109 1738 3156 esset
1784 3117 1969 3158 semen
2001 3120 2137 3174 apo-

540 3184 830 3250 stolorum,
856 3186 995 3240 nihil
1019 3187 1360 3258 prohiberet,
1397 3188 1452 3242 in
1483 3190 1704 3245 modum
1734 3190 2054 3249 Gomorrhae
2080 3203 2137 3247 et

543 3275 797 3332 Sodomae
829 3291 1049 3333 omnem
1080 3278 1293 3348 plebem
1313 3277 1594 3335 Iudaicam
1618 3282 1820 3352 perire.
1852 3282 1960 3339 Sed
2002 3298 2137 3353 apo-

539 3370 808 3425 stolorum
842 3384 1008 3425 causa
1044 3386 1156 3424 non
1187 3386 1382 3427 omnes
1414 3372 1724 3442 perierunt.
1754 3373 1999 3440 Quorum
2027 3375 2136 3430 vir-

543 3470 689 3516 tutes
736 3471 794 3516 et
834 3461 1235 3532 possessiones,
1264 3462 1457 3533 quales
1486 3474 1665 3529 erant,
1699 3466 1755 3521 in
1809 3465 2000 3536 paucis
2050 3465 2135 3521 his

539 3552 829 3609 considera
864 3554 1072 3609 verbis.

612 3643 929 3701 Suburbana
962 3638 1357 3703 autem'eorum
1383 3664 1486 3703 non
1516 3651 1749 3717 veniunt,
1778 3651 1906 3720 quia
1934 3666 2136 3720 posses-

534 3739 616 3793 sio
643 3740 962 3808 sempiterna
992 3749 1088 3794 est.
1126 3739 1411 3807 Quorum?
1443 3742 1814 3812 apostolorum
1842 3742 2129 3808 videlicet,

538 3832 597 3888 hi
629 3847 752 3888 esse
780 3831 986 3888 Levita;
1033 3833 1165 3889 dicti
1199 3842 1329 3888 sunt
1367 3850 1382 3889 :
1416 3835 1612 3890 horum
1646 3836 1986 3900 suburbana,
2017 3835 2136 3891 sive

534 3927 648 3997 agri
685 3942 800 3981 non
827 3926 1165 3993 vendantur,
1203 3926 1259 3981 id
1291 3935 1398 3991 est,
1431 3928 1905 3991 conversationes,
1936 3936 1994 3983 et
2023 3928 2134 3982 vir-

534 4028 704 4084 tutes,
735 4025 793 4074 et
843 4017 1128 4073 d)ctrin:e.
1162 4018 1292 4073 Haec
1338 4018 1487 4072 enim
1542 4034 1798 4089 agrorum
1834 4018 1954 4073 vice
1984 4018 2133 4074 cole-

534 4113 691 4178 bant,
723 4110 798 4166 ita
844 4118 902 4164 ut
937 4108 1141 4164 Paulus
1181 4108 1250 4162 de
1296 4108 1379 4163 eis
1408 4109 1655 4165 diceret:
1692 4108 1823 4174 Quis
1854 4110 2132 4179 plantavit
2192 4166 2198 4171 ,

533 4207 746 4263 vineam
777 4213 826 4258 et
859 4204 922 4257 de
952 4204 1130 4274 fructu
1159 4201 1274 4270 ejus
1307 4217 1413 4256 non
1443 4203 1629 4256 edet”?
1680 4202 1746 4258 Et
1780 4219 2007 4259 rursus:
2040 4204 2133 4259 Di-

533 4312 672 4370 gnus
697 4307 772 4353 est
795 4294 1073 4363 operarius
1104 4297 1342 4346 mercede
1374 4309 1473 4346 sua
1496 4293 1562 4347 ⁸ο,
1597 4293 1667 4347 Et
1699 4308 1891 4349 rursus
1919 4313 1933 4348 :
1973 4294 2022 4349 Ν
2030 4312 2132 4349 un-

534 4389 663 4460 quid
690 4389 756 4443 de
788 4387 948 4441 bobus
989 4402 1119 4439 cura
1174 4395 1248 4439 est
1285 4383 1396 4439 Deo
1421 4385 1487 4437 ίι.
1529 4382 1615 4440 An
1644 4385 1712 4441 de
1743 4387 1903 4443 nobis
1944 4388 2130 4457 utique

533 4481 709 4538 dicit?
737 4478 879 4547 Quia
910 4480 1057 4534 debet
1085 4480 1141 4533 in
1162 4495 1255 4549 spe
1279 4480 1370 4550 qui
1407 4489 1530 4533 arat
1554 4496 1737 4545 arare,
1767 4491 1817 4535 et
1854 4486 1945 4552 qui
1973 4484 2128 4537 semi-

533 4583 650 4640 nat,
689 4574 746 4629 in
771 4589 862 4642 spe
886 4571 1091 4643 fructus
1116 4572 1442 4643 percipiendi
1460 4572 1523 4625 ¹².
1547 4571 1611 4627 Et
1643 4589 1835 4628 rursus
1869 4593 1881 4627 :
1914 4572 2006 4628 Sic
2036 4590 2129 4630 nos

534 4666 678 4722 vobis
708 4664 979 4737 spiritalia
1012 4665 1414 4729 seminavimus,
1455 4681 1707 4735 magnum
1753 4676 1829 4720 est
1866 4666 1912 4719 si
1953 4675 2127 4721 vestra

532 4759 780 4814 carnalia
826 4756 1183 4812 metamus“?
1237 4756 1331 4812 lite
1370 4771 1499 4827 ergo
1548 4758 1814 4813 doetrinm
1861 4768 2128 4830 separatae

534 4859 694 4906 erant
723 4849 1036 4906 civitatibus
1066 4864 1279 4915 eorum,
1313 4850 1404 4920 qui
1453 4865 1550 4920 per
1593 4851 1743 4920 ipsos
1773 4853 2120 4916 constabant,

534 4949 593 4997 et
643 4957 739 5014 per
783 4942 931 5012 ipsos
982 4941 1335 4996 salvabantur
1371 4934 1479 4996 .‘et
1504 4943 1668 4998 veudi
1699 4959 1811 4998 non
1844 4952 2120 5014 poterant,

532 5035 664 5107 quia
698 5034 768 5090 ad
803 5035 953 5105 ipsos
997 5033 1283 5090 dicebatur
1316 5052 1330 5088 :
1366 5033 1549 5090 Gratis
1590 5037 1865 5106 accepistis
1890 5077 1905 5101 ,
1957 5040 2123 5109 gratis

531 5127 712 5186 date“
744 5127 903 5184 Unde
954 5136 1011 5183 et
1051 5126 1337 5183 Simonem
1388 5143 1572 5182 emere
1613 5129 1887 5183 volentem
1919 5132 2120 5185 donum

529 5222 777 5296 spiritus,
808 5220 929 5290 ejus
956 5220 1230 5290 portione,
1263 5220 1379 5275 sive
1405 5229 1551 5276 sorte
1584 5220 1841 5290 privavit.

598 5312 765 5370 Vens.
800 5312 983 5369 35-56.
1031 5331 1050 5365 ι
1083 5311 1140 5366 Si
1174 5321 1496 5367 attenuatus
1537 5312 1703 5366 fuerit
1752 5311 1921 5367 frater
1957 5322 2083 5370 tuus
2106 5356 2121 5381 ,

530 5413 589 5461 et
618 5404 872 5459 inﬁrmus
893 5418 1061 5459 manu
1086 5413 1142 5459 et
1167 5402 1476 5473 susceperis
1497 5418 1622 5458 eum
1649 5407 1805 5474 quasi
1834 5406 2122 5473 advenam,

529 5504 586 5550 et
613 5496 991 5568 peregrinum,
1022 5503 1077 5549 et
1104 5493 1299 5549 vixerit
1335 5502 1536 5559 tecum,
1569 5511 1641 5550 nc
1664 5496 1903 5569 accipias
1929 5514 2126 5555 usuras

589 5679 611 5712 ⁸
648 5686 751 5757 lsa.
789 5706 831 5753 ι,
868 5690 920 5745 9.
1003 5693 1024 5723 '
1060 5689 1075 5742 Ι
1106 5690 1234 5744 Cor.
1262 5706 1337 5757 rx,
1363 5690 1418 5745 7.

1531 5694 1571 5723 ¹⁰
1600 5692 1619 5747 1
1646 5691 1787 5749 Tim.
1827 5712 1878 5760 v,
1916 5699 2003 5753 l8.

533 5756 589 5811 8.
664 5754 782 5795 ¹⁸ο¹⁸
803 5759 945 5815 Psal.
980 5775 1205 5826 Lxxvm,
1236 5761 1290 5815 8.

1372 5763 1414 5793 ιν
1444 5760 1638 5819 Matth.
1680 5781 1752 5832 lx,
1788 5767 1875 5822 ll-

1702 320 1712 329 ‘
1742 303 2112 364 HESYCHII
2160 304 2647 365 PRESBYTER!

2087 5699 2124 5731 "
2150 5699 2174 5752 Ι
2205 5697 2331 5755 Cor.
2367 5718 2444 5770 ιι,
2476 5705 2531 5759 9.

2172 429 2217 483 Α
2246 420 2316 473 ab
2344 436 2432 485 eo,
2461 436 2565 476 nec
2585 421 2823 493 amplius
2844 406 3409 493 quam’dedistiﬂl‘ime
3437 430 3580 490 Deum
3599 450 3718 512 tum,

2245 524 2305 569 ut
2327 515 2513 571 vivere
2539 515 2715 585 possit
2748 515 2919 569 frater
2945 526 3073 572 tuus
3106 518 3247 589 apud
3279 520 3720 591 te.Pecuniamtum

2246 622 2353 660 non
2383 606 2540 662 dabis
2577 608 2628 661 ci
2653 606 2722 662 ad
2764 623 3009 673 usuram,
3043 619 3101 664 et
3124 609 3334 683 frugum
3370 620 3721 686 superabundan.

2246 701 2376 755 tiam
2422 717 2533 755 non
2577 703 2782 773 exiges.
2818 704 2932 771 ligo
2982 704 3247 761 Dominus
3294 707 3431 764 Deus
3468 725 3631 779 vester,
3663 724 3721 789 qui

2244 792 2409 847 eduxi
2441 808 2537 848 vos
2574 794 2644 848 de
2684 803 2827 848 terra
2854 795 3068 866 Egypti
3088 838 3103 861 ,
3140 804 3201 851 ut
3226 797 3407 855 darem
3433 803 3565 860 vobis
3593 817 3724 867 tenam

2243 885 2504 941 Chanaan
2537 904 2548 938 :
2588 899 2644 943 et
2671 902 2850 944 essem
2874 897 3059 943 vester
3081 889 3244 947 Deus.
3276 911 3296 947 ι

2316 999 2375 1053 In
2407 1002 2665 1071 praesenti
2695 1002 2813 1074 lege
2843 1004 2954 1060 duo
2982 1015 3155 1073 sunt,
3185 1023 3306 1077 quae
3335 1010 3509 1066 mirari
3532 1012 3728 1084 legislatu—

2245 1106 2361 1146 rem
2389 1102 2628 1163 oportet,
2664 1096 2720 1151 id
2753 1107 2838 1152 est
2863 1138 2878 1160 ,
2912 1099 3182 1169 sapientia
3233 1110 3289 1155 et
3325 1104 3503 1172 pietas.
3535 1106 3729 1178 Sapientia

2244 1185 2490 1254 quidem,
2517 1189 2644 1256 quia
2671 1205 2793 1259 qua
2822 1202 2953 1246 sunt
2978 1192 3257 1258 sublimia,
3280 1210 3374 1265 per
3401 1211 3460 1251 ea
3486 1215 3589 1269 qua:
3603 1204 3731 1258 viden-

2247 1286 2338 1331 tur
2371 1278 2621 1344 humilia,
2655 1282 2902 1351 exponit.
2939 1281 3120 1339 Pietas
3146 1295 3352 1352 autem,
3380 1302 3492 1357 qua:
3519 1302 3593 1346 est
3612 1292 3653 1347 in
3672 1311 3731 1349 cu-

2246 1368 2420 1423 stodia
2452 1369 2677 1435 litterae,
2716 1380 2773 1427 et
2806 1375 3289 1446 contemplationis
3324 1379 3576 1448 spiritalis.
3600 1382 3732 1441 Littera

2246 1458 2539 1528 siquidem,
2578 1462 2837 1532 pauperis
2873 1464 3044 1536 exigit
3071 1466 3512 1537 subventiouem,
3545 1479 3592 1526 et
3621 1489 3733 1545 neque

2246 1550 2425 1605 claudi
2457 1567 2585 1624 erga
2618 1567 2744 1608 eum
2771 1553 2983 1610 viscera
3019 1562 3230 1627 petenti
3276 1570 3542 1624 mutuum,
3572 1578 3652 1619 nec
3680 1584 3734 1621 ne-

2246 1644 2439 1715 gotiari
2465 1646 2535 1701 de
2560 1657 2886 1718 paupertate
2932 1651 3053 1720 ejus
3072 1692 3087 1716 ,
3124 1653 3640 1722 superabundantiam
3669 1661 3735 1715 exi-

2173 1766 2218 1827 Β
2247 1737 2444 1808 gendo,
2478 1749 2535 1793 et
2559 1755 2782 1811 usuram
2816 1742 3192 1813 percipiendo,
3217 1755 3276 1800 et
3301 1745 3500 1801 lucrum
3523 1749 3583 1803 de
3606 1761 3733 1819 pietate

2247 1830 2540 1900 captando.
2581 1830 2820 1903 Spiritus
2869 1845 3054 1891 autem
3100 1839 3397 1909 anagogice
3451 1839 3732 1912 demonstrat,

2244 1922 2523 1991 quomodo
2557 1933 2812 1995 oporteat
2857 1926 2935 1980 uti
2982 1927 3085 1989 eis,
3112 1928 3205 1998 qui
3240 1930 3329 1984 illa
3355 1943 3637 2002 paupertate
3656 1952 3734 2006 pau-

2244 2029 2408 2085 peres
2452 2015 2581 2072 facti
2612 2026 2763 2082 sunt,
2797 2019 2868 2074 de
2893 2035 2999 2090 qua
3037 2019 3209 2077 David
3241 2022 3505 2079 clamabat
3534 2044 3545 2079 :
3576 2026 3662 2083 Cito
3685 2047 3735 2084 as

2245 2106 2429 2174 ticipes
2448 2121 2543 2161 nos
2562 2109 2928 2165 misericordia
2950 2120 3064 2175 tua,
3079 2114 3205 2178 quia
3227 2130 3482 2183 pauperes
3496 2120 3607 2188 facti
3623 2137 3733 2176 suam

2246 2199 2404 2254 nimis
2424 2198 2557 2253 "°".
2568 2201 2658 2258 Sic
2672 2217 2804 2275 ergo
2819 2205 3120 2261 secundum
3145 2207 3394 2265 ordinem
3414 2210 3511 2272 his,
3533 2227 3631 2280 qua
3652 2214 3731 2269 dicta

2243 2302 2395 2357 sunt,
2420 2294 2776 2353 intendimus.

2315 2406 2377 2464 Si
2407 2420 2713 2467 attenuatus
2735 2415 2896 2485 fuerit
2916 2418 3086 2487 frater
3119 2428 3275 2486 tuus,
3300 2430 3349 2474 et
3379 2420 3599 2490 infirmus
3620 2439 3733 2483 manu,

2244 2510 2294 2554 et
2327 2504 2619 2571 susceperis
2665 2522 2783 2560 eunt
2818 2511 2969 2579 quasi
3009 2509 3273 2564 advenam
3305 2521 3357 2565 et
3383 2515 3736 2584 peregrinum,a

2243 2597 2431 2649 vixerit
2459 2605 2646 2651 tecum.
2680 2598 2921 2655 Fratrem
2969 2601 3406 2674 uniuscujusque
3440 2605 3521 2659 hic
3556 2606 3736 2675 aP-‘lualcn

2245 2688 2527 2760 dignitate,
2548 2699 2603 2745 et
2628 2693 3051 2748 conversatione
3076 2695 3229 2750 dicit.
3252 2695 3354 2751 Hic
3373 2698 3416 2752 si
3440 2698 3491 2750 in
3510 2699 3738 2767 operatione

2244 2784 2508 2840 virtutum
2544 2786 2850 2843 inﬁrmatus
2881 2788 3049 2844 fuerit
3080 2812 3093 2845 :
3130 2792 3237 2847 hoc
3268 2801 3354 2848 est
3394 2794 3531 2847 enim
3559 2794 3737 2848 infirmari

2244 2894 2434 2945 manu,
2475 2889 2696 2950 propter
2740 2883 2883 2951 quod
2931 2884 3121 2955 Aquila
3156 2904 3169 2939 :
3209 2884 3272 2940 Si
3320 2888 3574 2955 exciderit,
3611 2886 3737 2957 inquit,

2244 2973 2412 3043 frater
2441 2983 2582 3041 tuus,
2609 2986 2654 3029 et
2678 2976 2969 3047 culpaverit
3000 2995 3188 3033 manus
3212 2980 3329 3050 ejus
3354 2990 3532 3041 tecum.
3563 2983 3740 3036 auxiliari

2245 3065 2313 3127 ei,
2346 3065 2648 3120 secundum
2681 3066 3037 3139 Septuaginta
3067 3067 3435 3141 lnterpretum
3461 3088 3661 3136 sensum,
3680 3087 3741 3126 nos

2161 3136 2206 3194 (ἶ
2241 3162 2499 3223 tanquam
2556 3156 2852 3227 proselyto,
2896 3136 2963 3212 vet
3015 3136 3289 3228 inquilino
3334 3160 3469 3214 vult.
3519 3159 3742 3229 Proselytut

2237 3249 2422 3295 autem
2468 3252 2678 3306 noster,
2708 3246 2826 3300 sive
2873 3245 3084 3301 advena
3120 3256 3209 3302 est
3247 3248 3342 3318 qui
3387 3264 3526 3302 nunc
3551 3247 3606 3302 ad
3636 3247 3740 3301 ﬁnem

2237 3332 2412 3387 venit.
2456 3333 2772 3404 lnquilinus
2815 3343 2999 3391 autem
3047 3345 3263 3402 noster,
3296 3339 3390 3409 qui
3437 3338 3639 3393 necdum
3662 3351 3741 3406 pro-

2238 3424 2411 3494 priam
2445 3426 2667 3481 domum
2718 3429 2914 3496 habet,
2972 3430 3067 3485 sed
3109 3441 3305 3486 nostra
3345 3429 3743 3491 admonitione,et

2239 3516 2486 3588 diligenti
2530 3520 2893 3575 instructions
2934 3531 3092 3591 eget,
3123 3528 3185 3574 ut
3245 3529 3573 3593 protegatur,
3596 3526 3639 3572 et
3674 3530 3742 3569 nm

2236 3610 2700 3679 quemadmodum
2743 3611 2863 3665 sine
2895 3615 3059 3667 domo
3110 3612 3223 3667 huc
3269 3621 3329 3667 et
3377 3612 3503 3667 illuc
3537 3617 3667 3667 erret.
3690 3606 3742 3660 Sic

2236 3715 2368 3771 ergo
2396 3699 2726 3755 auxiliamur
2757 3701 2976 3756 inﬁrmo
3006 3702 3161 3757 fratri
3198 3722 3210 3756 :
3247 3714 3310 3758 ut
3351 3703 3495 3758 vivat
3522 3701 3741 3757 nobiscum.

2236 3798 2292 3845 et
2319 3789 2636 3847 nullatenus
2660 3791 2947 3855 moriatur,
2981 3808 3010 3846 a
3042 3795 3473 3849 conversatione
3501 3792 3583 3848 Dei
3605 3792 3745 3846 alienus

2236 3883 2498 3949 eﬁ‘ectus,
2529 3885 2722 3940 vivens
2751 3885 3065 3950 nobiscum,
3117 3886 3171 3942 id
3207 3895 3318 3950 est,
3354 3902 3452 3959 per
3489 3902 3596 3952 nos,
3626 3892 3667 3938 el
3686 3898 3744 3951 per

2236 3986 2480 4032 nostram
2528 3975 2858 4043 doctrinam,
2896 3979 3370 4047 quemadmodum
3399 3976 3742 4053 quibusdamu-

2236 4070 2320 4126 his
2347 4071 2508 4125 bonis
2534 4070 2899 4127 confortatus.
2923 4070 3155 4143 Oportet
3186 4084 3375 4131 autem
3404 4076 3476 4138 ei.
3510 4076 3629 4130 sicut
3651 4069 3745 4125 inﬁt-

2237 4179 2349 4226 mo,
2393 4163 2843 4220 condescendere
2870 4174 2926 4221 et
2956 4167 3199 4233 mederi,
3235 4184 3363 4238 quae
3393 4167 3658 4224 secundum
3679 4162 3745 4215 rit-

2237 4263 2409 4310 tutem
2448 4256 2570 4326 ejus
2598 4266 2747 4324 sunt,
2775 4269 3067 4329 propterea
3107 4260 3359 4318 subdidit
3393 4280 3405 4318 :

2312 4367 2394 4421 Ne
2423 4369 2657 4439 accipias
2682 4386 2871 4424 usuras
2898 4371 2962 4425 ab
2995 4389 3076 4437 eo,
3109 4389 3200 4428 nec
3224 4375 3460 4444 amplius
3478 4390 3619 4447 quam
3650 4367 3743 4423 ἀεάὶο

2161 4481 2204 4536 ι)
2236 4462 2325 4514 sti.
2367 4458 2444 4515 Ne
2476 4460 2617 4516 forte
2639 4476 2765 4516 cum
2800 4460 3054 4520 inﬁrmus
3089 4464 3267 4522 factus
3298 4468 3392 4534 sit,
3413 4477 3513 4524 eta
3540 4463 3671 4538 priori
3691 4477 3742 4515 re

2232 4552 2355 4625 gula
2392 4552 2717 4608 imminutus
2740 4596 2755 4620 ,
2789 4553 3165 4614 abundantius
3195 4560 3265 4615 ab
3295 4577 3365 4618 eo
3395 4562 3632 4618 virtutum
3661 4571 3740 4628 ope

2231 4647 2500 4702 rationem
2533 4646 2840 4719 exigamus,
2877 4651 2976 4707 sed
3002 4642 3368 4722 provocemus
3396 4672 3537 4718 eum,
3563 4665 3742 4710 manum-

2232 4754 2338 4818 que
2371 4734 2490 4808 ejus
2517 4749 2578 4793 ut
2604 4738 2803 4809 inﬁrmi
2830 4720 3227 4808 sustentemus,
3256 4757 3527 4817 caputque
3550 4758 3651 4802 eum
3669 4749 3741 4795 tan'

2234 4833 2518 4888 tummodo
2546 4827 2704 4903 legis,
2738 4842 2795 4888 et
2831 4830 3145 4891 divinorum
3182 4840 3578 4903 mandatorum,
3612 4837 3653 4892 id
3677 4840 3740 4889 est.

2234 4937 2292 4981 ut
2323 4944 2430 4983 non
2458 4938 2652 5000 peccet
2679 4930 2979 5002 exigentes.
3016 4934 3160 5006 Ergo
3188 4935 3353 4991 nimis
3388 4932 3659 4994 necessarie
3682 4927 3741 4983 ad-

2231 5019 2364 5074 didit
2397 5037 2410 5071 :

2308 5132 2458 5188 Time
2504 5133 2674 5188 Deum
2720 5145 2891 5190 tuum.
2938 5136 3051 5210 Ego
3096 5136 3362 5198 Dominus
3409 5142 3543 5199 Deus
3576 5148 3739 5198 vester:

2236 5225 2392 5295 cujus
2419 5226 2611 5296 jugum
2640 5242 2807 5283 suave
2836 5238 2940 5296 est,
2965 5229 3059 5301 qui
3092 5232 3372 5290 hominem
3421 5235 3582 5292 modis
3623 5227 3742 5287 omni-
3814 5225 3815 5281 ἓ

2227 5321 2332 5376 bus
2369 5337 2479 5377 non
2514 5339 2746 5393 peccare
2788 5328 2978 5399 erigit,
3007 5329 3245 5387 virtutes
3293 5344 3471 5388 autem
3510 5329 3740 5402 δεξαίμεθ-

2226 5412 2470 5468 cundum
2501 5416 2941 5485 possibilitatem.
2972 5422 3206 5494 Propter
3238 5428 3381 5497 quod
3418 5426 3482 5482 de
3510 5420 3741 5494 virginitate

2227 5502 2502 5559 sanciens.
2534 5503 2656 5559 Non
2707 5525 2885 5564 omnes
2933 5514 3149 5583 capiunt
3174 5518 3238 5584 ³⁷,
3272 5518 3463 5588 inquit.
3495 5515 3588 5571 Sed
3629 5520 3669 5566 et
3699 5506 3739 5559 de
3814 5544 3815 5563 :

2615 5708 2658 5739 "
2690 5708 2825 5766 ibid.
2859 5711 2949 5767 10.
3050 5714 3093 5747 ⁸⁸
3120 5714 3255 5773 ibid.
3293 5717 3375 5772 ll.
3456 5718 3492 5748 “
3522 5711 3678 5771 Matth.
3702 5720 3737 5767 ἵν
