3892 6412
208 420 340 490 ιεξθ

1318 424 1401 487 ΙΝ
1442 420 1880 485 LEVITICUM.
1909 446 1979 455 --
2017 420 2166 480 LIB.
2200 418 2332 480 VII.

3349 418 3484 482 1130

206 561 314 600 non
366 543 699 615 possidendo
732 545 936 599 docens
966 561 978 597 :
1014 544 1073 597 Si
1118 559 1193 597 vis
1215 583 1228 606 ,
1278 542 1488 612 inquit,
1535 542 1795 612 perfectus
1826 546 1866 600 Α
1896 538 2275 609 Septuaginta,
2299 538 2486 592 cibos:
2523 538 2580 591 in
2626 537 2922 608 Seripturis
2958 538 3162 592 sanctis
3210 537 3484 593 intellecta

206 638 388 692 esse".
417 636 478 690 In
514 637 769 691 mandato
792 635 930 689 dixit
962 654 976 688 :

278 728 369 783 Sic
396 744 520 799 ergo
553 729 724 799 frater
747 737 868 780 tuus
892 726 1033 779 vivat
1058 724 1202 794 apud
1227 733 1295 780 te.
1325 724 1612 780 Pecuniam
1644 734 1791 778 tuam

208 838 310 875 non
335 821 481 875 dabis
507 820 555 875 ei
573 821 645 873 ad
671 836 912 882 usuram,
935 830 982 873 et
1007 820 1219 889 frugum
1244 814 1793 887 superabundantiam

209 928 311 965 non
345 912 535 981 exiges.
572 909 945 966 Sed-Paulum
988 909 1204 965 imitare
1239 910 1514 966 dicentem
1534 928 1555 964 ηε
1591 907 1794 962 Factus

203 1021 324 1057 sum
351 1004 591 1073 inﬁrmus
617 1000 847 1072 inﬁrmis
869 1003 930 1057 ".
961 1001 1108 1057 Nihil
1143 1018 1237 1058 eos
1276 1004 1343 1058 ad
1375 1003 1595 1058 virtutis
1625 1003 1793 1058 ratio-

212 1113 334 1152 nem
363 1096 565 1167 exigas,
595 1094 720 1165 plus
754 1111 784 1149 a
820 1096 1036 1166 propria
1065 1096 1288 1150 virtute.
1320 1093 1378 1149 Si
1410 1104 1591 1149 autem
1620 1095 1792 1159 dicas,

212 1188 435 1244 forsitan
456 1203 553 1243 eos
576 1204 758 1259 posse,
790 1188 885 1242 sed
911 1187 1159 1263 inﬁrmos
1190 1203 1250 1244 se
1286 1187 1513 1260 ﬁngere,
1557 1188 1662 1243 hoc
1682 1188 1792 1257 jam

210 1298 323 1335 non
356 1289 438 1335 est
476 1290 654 1346 tuum,
689 1281 785 1335 sed
818 1280 961 1335 illius
981 1290 1085 1347 est,
1110 1280 1201 1351 qui
1226 1281 1330 1335 scit
1355 1279 1484 1351 quid
1507 1294 1635 1334 vere
1671 1293 1798 1348 pos-

210 1374 400 1427 simus.
426 1371 526 1439 Qui
564 1372 700 1426 dixit
725 1373 791 1427 ad
818 1372 991 1439 illum,
1032 1374 1126 1442 qui
1157 1373 1420 1428 talentum
1455 1372 1747 1427 abscondit
1780 1390 1793 1425 :

214 1464 495 1534 Oportebat
539 1473 587 1518 te
623 1465 754 1519 dare
785 1466 1063 1535 pecuniam
1104 1482 1278 1520 meam
1311 1463 1719 1531 uummulariis,
1748 1468 1803 1518 el

208 1573 305 1627 ego
341 1558 566 1621 veniens,
600 1574 719 1611 cum
751 1559 927 1613 usuris
953 1560 1134 1628 utique
1175 1560 1458 1629 exegissem
1492 1574 1608 1612 eam
1624 1557 1690 1612 ”.
1731 1557 1800 1612 Et

211 1666 324 1704 non
348 1658 430 1705 est
458 1651 880 1717 condemnatus,
906 1653 1032 1722 quia
1065 1668 1288 1708 usuram
1314 1667 1424 1708 non
1448 1650 1681 1723 accepit,
1703 1651 1799 1707 sed

209 1743 339 1809 quia
368 1742 655 1812 pecuniam
691 1757 802 1796 non
832 1743 987 1799 dedit
1017 1762 1032 1796 ε
1068 1743 1394 1813 sihitnetipsi
1436 1744 1584 1797 enim
1614 1753 1800 1814 pater-

213 1834 443 1888 familias
494 1834 834 1889 exactionem
879 1836 1184 1890 reservavit
1229 1850 1429 1889 usurte.
1459 1836 1799 1890 Alterutrum

1897 641 2026 688 sunt
2046 639 2305 703 pecunia,
2338 641 2529 703 utpote
2557 648 2681 702 quae
2708 632 2909 687 divites
2934 630 3084 694 facit,
3117 630 3327 685 fructus
3357 647 3487 685 vero

1896 725 1983 781 vel
2029 724 2208 789 cibus,
2242 734 2303 778 ut
2348 725 2617 779 nutriens.
2658 723 2863 779 [lorum
2911 723 3301 780 abundantiam
3343 723 3490 778 Deus

1895 818 2039 889 exigi
2085 833 2196 873 non
2222 817 2400 887 jubet,
2437 817 2534 872 sed
2581 817 2695 873 sola
2741 832 2861 885 quae
2891 815 3197 871 secundum
3228 814 3488 870 virtutem

1898 920 2048 976 sunt,
2084 920 2146 966 ut
2188 909 2259 966 sit
2303 920 2492 965 noster
2532 910 2694 966 Deus.
2725 910 2865 977 Quia
2908 918 2966 965 et
2998 910 3115 980 ipse
3157 908 3491 980 pm‘nitentes

1898 1011 2215 1073 peccatores
2256 1004 2323 1058 ad
2367 1018 2428 1058 se
2477 1003 2704 1075 suscipit
2731 1013 2787 1059 et
2818 1003 3159 1059 moderatum
3183 1001 3374 1073 iugum
3409 1001 3489 1054 eis

1900 1095 2155 1165 hnponh.

1971 1186 2137 1242 Vsus.
2173 1187 2354 1243 59-45.
2401 1207 2419 1240 ι
2450 1186 2505 1241 Si
2537 1187 2863 1243 necessitate
2888 1186 3204 1257 compulsus
3230 1185 3495 1242 vendide-

1900 1279 1975 1334 rit
1998 1295 2058 1335 se
2088 1278 2186 1335 tibi
2214 1264 2393 1334 frater
2421 1286 2547 1333 tuus
2569 1318 2584 1342 ,
2624 1294 2736 1333 non
2765 1294 2889 1333 eum
2920 1279 3199 1349 opprimes
3225 1277 3493 1332 servitute

1901 1371 2252 1436 famulorum,
2281 1371 2376 1427 sed
2417 1370 2570 1441 quasi
2603 1370 2976 1425 mercenarius
3015 1379 3070 1425 et
3106 1370 3343 1425 colonus
3364 1368 3489 1423 erit.

1903 1461 2089 1532 Usque
2120 1462 2189 1516 ad
2238 1476 2445 1516 annum
2492 1460 2777 1531 ju’hilmum
2807 1461 3129 1531 operabitur
3156 1461 3297 1531 apud
3331 1468 3405 1522 te,
3436 1470 3494 1514 ct

1901 1565 2089 1625 postea
2125 1553 2439 1625 egredietur
2469 1568 2593 1609 cum
2623 1553 2816 1608 liberis
2848 1553 2985 1617 suis,
3013 1562 3070 1609 et
3098 1562 3404 1609 revertetur
3428 1553 3496 1607 ad

1901 1648 2281 1720 cognationem
2306 1662 2483 1709 suam,
2523 1658 2579 1702 et
2595 1646 2662 1701 ad
2696 1646 3100 1718 possessionem
3129 1655 3343 1717 patrum
3369 1661 3499 1701 suo-

1901 1757 2021 1795 rum
2053 1758 2065 1794 :
2099 1740 2203 1795 mei
2230 1739 2375 1795 enim
2399 1742 2544 1795 servi
2574 1746 2722 1805 sunt,
2749 1748 2805 1795 et
2830 1754 2931 1811 ego
2957 1739 3124 1795 eduxi
3146 1754 3241 1795 eos
3257 1739 3326 1795 de
3352 1747 3498 1794 terra

1903 1824 2144 1904 Egypti,
2175 1847 2284 1887 non
2315 1833 2544 1888 venient
2570 1831 2889 1888 conditione
2923 1846 3230 1887 servorum.
3251 1830 3333 1886 Ne
3360 1829 3498 1885 affli-

212 1933 394 1980 autem
422 1941 522 1980 nos
551 1934 611 1981 ut
629 1941 921 1983 caveamus
943 1938 1250 1998 peccatum,
1271 1927 1485 1983 solvere
1506 1936 1564 1983 et
1583 1927 1801 1997 exigere
1835 1948 1875 2002 Β
1903 1942 1996 1998 gas
2023 1940 2147 1981 eum
2178 1940 2277 1996 per
2299 1926 2623 1997 potentiam,
2647 1925 2742 1980 sed
2774 1924 3004 1980 metuito
3026 1924 3197 1980 Deum
3228 1933 3406 1980 tuum.
3437 1943 3458 1978 ι

214 2018 352 2080 vult,
378 2018 557 2072 locum
589 2019 750 2075 nobis
784 2020 1007 2077 alterna:
1037 2020 1445 2090 conjunctionis
1478 2036 1589 2076 non
1621 2022 1803 2076 detra-

213 2109 493 2175 lientibus,
528 2126 640 2166 non
691 2112 1053 2182 rapientibus,
1090 2130 1201 2169 non
1253 2115 1659 2181 occidentibus,
1690 2131 1801 2170 non

214 2203 324 2258 tale
354 2203 555 2273 aliquid
589 2206 944 2275 peccantibus
969 2249 985 2274 ,
1030 2225 1129 2279 per
1161 2208 1384 2263 Paulum
1412 2210 1697 2281 praebens,
1730 2208 1806 2264 ait

215 2310 344 2365 ergo
369 2313 382 2349 :
412 2293 471 2350 Si
498 2296 615 2366 quis
647 2299 818 2369 frater
847 2301 1152 2368 appellatur
1178 2303 1490 2373 fornicator,
1526 2311 1623 2356 aut
1649 2302 1805 2357 idolis

213 2388 458 2451 serviens,
485 2398 578 2442 aut
607 2406 823 2456 avarus,
853 2402 946 2446 aut
984 2394 1271 2458 detractor,
1296 2402 1391 2446 aut
1422 2393 1676 2459 ebriosus,
1712 2405 1805 2449 aut

215 2495 408 2549 rapax.
440 2496 559 2534 cum
589 2481 895 2551 hujusmodi
924 2500 1017 2539 nec
1044 2485 1214 2539 cibum
1248 2487 1535 2540 suntere“.
1575 2486 1694 2541 Non
1726 2487 1808 2542 di-

216 2572 300 2628 xit
331 2591 343 2626 :
377 2571 433 2626 Si
473 2573 597 2642 quis
621 2589 733 2629 non
768 2577 1079 2632 vendiderit
1106 2579 1468 2634 substantiam
1505 2595 1682 2641 suam,
1712 2595 1810 2634 nc-

213 2682 345 2735 que,
369 2665 423 2719 Si
454 2682 568 2720 non
600 2668 964 2740 virginitatem
998 2671 1274 2742 pollicitus
1297 2672 1484 2737 fuerit,
1511 2687 1691 2742 neque
1714 2689 1808 2728 su-

215 2758 398 2812 blimis
426 2761 866 2817 conversationis
895 2763 1079 2819 fuerit.
1116 2763 1243 2820 Haec
1273 2774 1456 2820 autem
1489 2765 1658 2821 nimis
1686 2780 1810 2836 per-

215 2848 481 2904 fecturum
509 2861 834 2908 cunctorum
862 2855 1157 2911 humiliora
1198 2858 1455 2914 mandata
1483 2866 1635 2916 sunt.
1673 2856 1811 2913 Vide

213 2955 349 3012 ergo
377 2957 536 3012 quam
564 2944 973 3001 conclusionem
1000 2949 1258 3005 mandato
1288 2950 1497 3007 addidit
1522 2971 1535 3008 :

294 3032 404 3103 Ego
439 3034 692 3089 Dominus
724 3035 865 3090 Deus
890 3047 1075 3103 vester,
1109 3041 1198 3110 qui
1229 3041 1385 3095 eduxi
1430 3059 1519 3097 vos
1558 3046 1621 3100 de
1668 3053 1811 3101 terra

212 3122 456 3195 ﬁgypti,
490 3136 549 3180 ut
588 3128 773 3182 durem
818 3130 960 3183 vobis
991 3138 1189 3184 terram
1230 3129 1514 3199 Chanaan,
1542 3145 1600 3190 ut
1650 3153 1814 3193 essent

211 3228 387 3272 vester
411 3217 564 3273 Deus.
595 3218 654 3274 Et
686 3223 816 3290 quid
845 3223 898 3276 in
934 3226 1188 3293 prtesenti
1217 3225 1335 3281 loco
1353 3227 1457 3283 hoc
1477 3244 1812 3286 commemo-

1976 2018 2142 2073 Multa
2193 2017 2374 2075 littera
2423 2018 2543 2089 ipsa
2589 2018 2796 2089 pietate
2840 2019 3000 2089 plena
3047 2025 3152 2085 est,
3181 2017 3275 2072 sed
3325 2016 3501 2071 multo

1907 2112 2081 2182 magis
2106 2110 2368 2182 Spiritalis
2411 2111 2745 2167 intellectus.
2776 2110 3056 2178 Quantum
3089 2110 3237 2166 enim
3275 2110 3502 2166 libertas

1907 2204 2105 2259 animae
2135 2203 2331 2259 melior
2366 2213 2451 2259 est
2483 2219 2513 2258 a
2544 2202 2800 2258 libertate
2828 2202 3075 2274 corporis
3094 2244 3107 2265 ,
3137 2209 3348 2258 tantum
3390 2202 3504 2273 spi-

1907 2295 2082 2351 ritalis
2125 2296 2515 2367 contemplatio
2559 2295 2682 2362 his,
2717 2296 2812 2366 qui
2859 2296 2978 2366 ejus
3013 2305 3247 2366 possunt
3289 2296 3504 2352 fructus

1911 2390 2213 2460 percipere,
2247 2390 2473 2445 clariora
2511 2390 2680 2445 donat
2721 2406 2884 2461 quam
2925 2390 3126 2445 littera.
3154 2389 3290 2458 Quia
3318 2389 3500 2445 littera

1910 2496 2039 2553 ergo
2086 2482 2394 2538 nullatenus
2435 2498 2537 2537 nos
2584 2481 2704 2545 his,
2737 2499 2859 2553 qum
2906 2483 3166 2538 fratribus
3211 2483 3498 2546 eveniunt,

1909 2573 2062 2629 abuti
2093 2574 2228 2641 vult,
2256 2574 2308 2629 id
2337 2585 2440 2639 est,
2460 2574 2844 2640 confidelibus,
2865 2577 2960 2629 sed
2988 2575 3073 2631 vel
3099 2574 3144 2631 si
3165 2575 3286 2646 quis
3310 2591 3500 2630 eorum

1911 2668 2070 2723 nobis
2107 2668 2361 2723 venditus
2404 2668 2589 2733 fuerit,
2624 2685 2654 2723 a
2684 2668 2925 2739 qualibet
2959 2669 3278 2725 humiliatus
3305 2685 3503 2727 neces-

1914 2759 2091 2827 sitate,
2130 2759 2442 2815 nullatenus
2486 2761 2557 2816 ab
2600 2776 2667 2815 eo
2714 2760 2997 2816 servitium
3030 2762 3173 2817 servi
3202 2763 3502 2834 exigamus.

1913 2851 2086 2917 Quem
2110 2852 2258 2907 cnim
2289 2853 2461 2908 semel
2503 2852 2727 2909 fratrem
2771 2867 2868 2925 per
2912 2854 3261 2925 adoptionem
3301 2854 3504 2911 Christi

1916 2945 2230 3010 habuimus,
2251 2946 2527 3016 quomodo
2561 2947 2825 3017 deinceps
2873 2962 3094 3004 servum
3140 2947 3509 3004 habebimus?

1915 3040 2072 3096 Unde
2088 3051 2144 3097 et
2164 3029 2387 3107 Paulus,
2408 3042 2655 3097 scribens
2674 3043 2740 3097 de
2765 3040 3025 3099 Onesimo
3046 3043 3112 3099 ad
3131 3042 3506 3100 Philemonem

1916 3135 2163 3190 diccbat:
2193 3136 2480 3204 Propterea
2510 3139 2718 3192 recessit
2747 3138 2816 3192 ad
2834 3138 3045 3205 horam,
3064 3127 3121 3192 ut
3146 3148 3397 3193 aeternum
3420 3156 3506 3195 re-

1917 3229 2133 3297 ciperes,
2168 3246 2269 3284 non
2294 3230 2413 3301 jam
2457 3240 2512 3284 ut
2555 3247 2784 3298 servum,
2814 3239 2906 3287 sed
2952 3249 3048 3304 pro
3093 3249 3242 3288 servo
3286 3233 3509 3306 fratrem

214 3326 343 3368 rare
393 3312 664 3382 Icgislalor
709 3316 898 3387 eguit?
925 3315 1033 3371 Sed
1065 3318 1241 3373 modis
1265 3320 1523 3377 omnibus
1554 3322 1683 3378 illud
1715 3324 1813 3379 de-
1841 3321 1886 3380 ο
1918 3319 2306 3387 charissimum,
2335 3324 2568 3377 maxime
2599 3325 2963 3394 mihi,quanto
2994 3326 3163 3395 arrigis
3192 3335 3369 3380 autent
3393 3327 3506 3391 tibi,

214 3411 525 3457 monstrare
554 3405 763 3470 volens,
782 3408 931 3477 quia,
960 3412 1421 3480 quemadmodum
1455 3415 1715 3485 populum
1745 3416 1812 3472 de

218 3498 367 3545 terra
397 3493 632 3565 .Egypti,
663 3502 715 3549 et
751 3496 1053 3568 de'populo
1087 3501 1390 3568 peccatoris
1419 3501 1641 3565 eduxit,
1667 3494 1721 3556 et
1756 3502 1811 3557 in

216 3594 370 3638 terra
399 3585 659 3641 Chanaan
687 3588 913 3644 alterius
943 3592 1149 3662 populi,
1184 3608 1377 3648 rursus
1398 3595 1703 3664 peccatoris
1731 3595 1815 3649 in-

217 3676 491 3740 troduxit,
533 3679 628 3733 sed
662 3679 809 3736 illinc
839 3682 1060 3752 quidem
1090 3699 1186 3739 eos
1212 3685 1400 3739 eduxit
1420 3727 1434 3752 ,
1471 3696 1670 3742 utnon
1710 3690 1814 3742 sub

218 3767 622 3838 :Egyptiorutn,
652 3771 699 3825 si
747 3772 930 3828 adhuc
976 3783 1177 3829 terram
1230 3776 1559 3845 habitarent,
1591 3779 1816 3835 domino

216 3871 569 3925 tenerentur,
595 3863 648 3916 in
696 3872 896 3919 terram
943 3877 1127 3922 autem
1157 3868 1595 3926 Chananteorum
1638 3872 1813 3927 intro-

213 3950 403 4017 duxit,
434 3953 562 4021 quia
596 3954 842 4024 expulsis
871 3959 1147 4028 gentibus,
1175 3975 1284 4015 non
1314 3971 1470 4017 erant
1492 3962 1605 4031 jam
1639 3963 1691 4018 in
1717 3979 1813 4019 eo-

214 4059 346 4098 rum
376 4045 602 4101 servitio
638 4048 947 4121 redigendi,
978 4051 1072 4108 sed
1125 4065 1177 4113 et
1208 4065 1356 4113 terra
1399 4056 1693 4111 emundata
1724 4072 1812 4111 ca-

214 4133 383 4190 rebat
410 4135 567 4191 malis
593 4136 1029 4197 habitatoribus:
1063 4141 1142 4198 sic
1185 4157 1288 4198 nos
1330 4144 1474 4200 Deus
1504 4148 1606 4201 sub
1639 4147 1817 4203 domi-

213 4228 450 4284 natione
479 4230 705 4299 quidem
739 4231 909 4303 redigi
943 4245 1292 4303 peccatorum
1324 4252 1433 4292 non
1471 4239 1695 4309 patitur,
1723 4241 1819 4296 sed

211 4332 404 4387 neque
447 4334 637 4374 eorum
674 4320 1015 4389 societatem,
1054 4327 1355 4394 usquedum
1388 4337 1516 4383 sunt
1566 4340 1818 4399 peccato-

212 4425 336 4473 res,
365 4411 621 4481 amplecti
643 4431 658 4481 ;
679 4414 902 4484 quando
928 4424 1115 4472 autem
1140 4432 1330 4473 eorum
1354 4430 1496 4476 terra
1523 4422 1818 4478 emundata
1866 4444 1875 4454 ·

213 4503 411 4565 fuerit,
441 4506 687 4576 praecipit
719 4522 844 4562 eum
876 4508 958 4563 eis
986 4524 1128 4578 esse,
1161 4520 1217 4566 et
1258 4512 1422 4568 simul
1464 4515 1732 4583 habitare,
1764 4525 1821 4571 et

211 4595 357 4650 dare
392 4596 475 4650 eis
501 4609 744 4653 nostram
783 4601 1097 4670 pecuniam,
1127 4612 1184 4659 et
1229 4614 1449 4660 nostros
1496 4606 1733 4672 fructus,
1768 4608 1818 4663 id

1916 3421 1965 3466 et
1997 3413 2054 3465 in
2083 3429 2261 3478 carne,
2293 3424 2342 3469 et
2370 3416 2425 3468 in
2470 3415 2694 3470 Domino
2710 3416 2796 3469 “‘2
2832 3417 2898 3471 Et
2927 3433 3117 3472 rursus
3152 3437 3166 3472 :
3202 3417 3304 3482 Qui
3333 3431 3512 3475 autem

1915 3504 2091 3573 fideles
2129 3506 2320 3560 habent
2351 3508 2588 3563 dominos
2608 3550 2622 3574 ,
2655 3526 2759 3564 non
2791 3511 3103 3581 despiciant,
3142 3513 3269 3583 quia
3317 3514 3512 3583 fratres

1914 3599 2119 3651 sunt".
2165 3596 2393 3670 Insuper
2448 3611 2633 3657 autem
2672 3612 2728 3657 et
2767 3603 2992 3674 spiritus
3037 3606 3298 3676 prtrccpit
3345 3605 3512 3662 etiam

1916 3690 2084 3757 aliud,
2111 3694 2328 3763 quando
2363 3694 2599 3767 aliquem
2643 3696 2898 3763 fratrum,
2940 3706 2996 3753 ct
3033 3699 3298 3770 :equalem
3348 3701 3512 3755 nobis

1916 3785 2205 3841 vocatione
2248 3796 2305 3841 et
2346 3791 2766 3845 conversatione
2814 3792 3121 3858 venditum,
3161 3792 3510 3848 humiliatqu

1918 3886 2102 3934 tamen
2131 3880 2187 3934 iu
2212 3881 2525 3951 virtutibus,
2550 3883 2604 3939 id
2638 3895 2741 3946 est,
2769 3883 3103 3941 inlirmatum
3130 3886 3501 3957 deprchende-

1919 3970 2112 4039 rimus,
2144 3981 2200 4028 et
2234 3973 2382 4029 hunc
2407 3977 2862 4045 converterimus,
2897 3979 3283 4050 corripientes,
3319 3980 3513 4036 exhor-

1919 4073 2119 4130 tantes,
2141 4066 2458 4123 nullatenus
2479 4083 2545 4123 co
2580 4069 2752 4135 abuti,
2783 4072 2877 4126 sed
2903 4081 2960 4126 ut
2986 4072 3228 4128 modeste
3256 4082 3309 4128 et
3336 4073 3512 4129 humi-

1895 4155 2044 4233 liter
2074 4172 2197 4211 eum
2224 4159 2569 4226 accedamus,
2601 4172 2823 4235 prepter
2860 4164 3008 4234 quod
3058 4164 3114 4218 in
3153 4164 3338 4221 verbis
3377 4165 3513 4237 ipsis

1921 4246 2168 4304 intende.
2465 4319 2491 4336 Ι

1993 4340 2156 4396 Vens.
2189 4342 2278 4409 59,
2306 4342 2395 4399 40.
2444 4363 2460 4395 ι
2494 4341 2549 4399 Si
2575 4343 2894 4417 paupertate
2918 4351 3233 4420 compulsus
3256 4348 3515 4410 vendide-

1921 4431 1991 4487 rit
2018 4449 2077 4489 se
2106 4435 2202 4489 tibi
2246 4435 2415 4491 frater
2441 4445 2588 4500 tuus,
2619 4455 2731 4493 non
2773 4457 2901 4496 eum
2945 4443 3221 4521 opprimes
3252 4447 3515 4503 servitute

1926 4524 2279 4590 famulorum,
2301 4529 2395 4583 sed
2422 4530 2578 4600 quasi
2613 4533 2989 4588 mercenarius
3011 4543 3067 4589 et
3087 4535 3316 4591 colonus
3349 4538 3508 4593 erit»

1996 4619 2129 4687 Quia
2161 4632 2452 4691 paupertas
2473 4623 2667 4678 anima:
2693 4633 2776 4680 est
2797 4624 3084 4682 infirmitas
3103 4628 3517 4700 consequenda-

210 4698 331 4791 est,
369 4688 585 4746 divinas
643 4692 927 4791 doctrinas
980 4709 1118 4766 quas
1176 4699 1514 4770 accepimus.
1561 4700 1666 4755 Pro
1714 4703 1815 4757 do-
1853 4684 1894 4739 ί)
1925 4684 2044 4764 rum
2081 4684 2366 4776 \‘it‘lllllltll,
2397 4713 2746 4769 manifestum
2777 4726 2951 4773 estex
2979 4718 3085 4785 his,
3115 4736 3238 4791 qua:
3263 4684 3332 4777 a‘d
3354 4719 3513 4777 Sam-

209 4780 402 4836 ctrina
451 4792 635 4839 autem
681 4784 1004 4858 intelligitur
1038 4791 1292 4860 pecunia,
1323 4803 1549 4864 propter
1591 4798 1736 4866 quod
1766 4810 1820 4853 et

207 4874 430 4930 Paulus
446 4875 663 4932 dicebat
694 4894 706 4930 :
732 4876 835 4943 Qui
864 4880 1204 4949 aediﬁcaverit
1237 4900 1395 4955 super
1419 4888 1822 4957 fundamentum

205 4968 316 5020 hoc
337 5007 355 5031 ,
388 4983 583 5022 aurum
606 5008 623 5033 ,
654 4980 934 5040 argentum
961 5012 975 5037 ,
1021 4973 1225 5045 lapides
1253 4979 1589 5049 pretiosos”,
1624 4981 1820 5037 bonam

204 5057 531 5113 doctrinam
583 5076 680 5130 per
710 5062 827 5117 haec
858 5063 1116 5121 innuens.
1154 5067 1481 5126 Hoc‘autem
1517 5071 1696 5143 ipsum
1736 5082 1824 5130 est

200 5158 273 5205 et
302 5150 544 5216 fruetus,
572 5153 784 5219 sive,ut
810 5157 1186 5230 Septuaginta,
1203 5159 1650 5235 cibi;utrumque
1675 5169 1822 5221 enim

202 5242 327 5299 hoc
356 5259 549 5300 rursus
570 5245 818 5303 invenies
840 5248 1062 5305 Paulum
1086 5265 1454 5322 exponentem
1473 5273 1489 5322 ;
1507 5254 1827 5315 Corinthios

197 5337 398 5403 enim,
427 5338 517 5392 alii
565 5340 833 5396 doctrinas
880 5359 939 5399 se
988 5345 1288 5414 sociantes,
1316 5363 1581 5420 suamque
1636 5351 1825 5423 despi-

194 5428 456 5495 cientes,
516 5434 932 5502 reprehendens
980 5436 1200 5506 scripsit
1234 5438 1395 5493 :Jam
1444 5441 1632 5494 satiati
1678 5444 1828 5529 estis,

184 5520 333 5590 jam
385 5522 572 5576 divites
624 5524 753 5594 facti
806 5527 948 5591 estis,
980 5528 1094 5581 sine
1143 5530 1290 5583 nobis
1337 5532 1655 5601 reguatis".
1688 5520 1830 5606 Ergo

191 5611 533 5669 doctrinam
561 5630 660 5685 per
691 5618 981 5684 pecuniam
1010 5628 1066 5674 et
1095 5618 1327 5688 fructus,
1362 5623 1501 5692 sive,
1524 5627 1830 5682 secundum

1922 4818 2021 4856 son
2070 4802 2259 4870 Dalila,
2284 4816 2340 4861 et
2367 4806 2482 4875 ipse
2517 4806 2584 4862 ad
2616 4824 2736 4863 eam
2772 4810 3037 4881 loquitur.
3078 4812 3313 4867 Noluisti
3341 4814 3516 4870 dicere

1923 4896 1978 4949 in
2009 4913 2111 4968 quo
2151 4898 2219 4951 sit
2262 4900 2500 4953 niaxima
2535 4902 2811 4973 fortitudo.
2846 4903 3082 4976 Cumque
3112 4906 3331 4961 molesta
3361 4908 3409 4962 ei
3434 4925 3515 4962 es-

1923 4995 2021 5053 set,
2050 4997 2096 5040 et
2124 5004 2217 5057 per
2245 4989 2436 5044 niultos
2470 4991 2579 5045 dies
2596 4991 2800 5064 jugiter
2837 4995 3149 5061 adluereret,
3178 5000 3412 5069 spatium
3443 5006 3533 5063 ad,

1926 5080 2148 5150 quietem
2178 5097 2279 5134 non
2306 5082 2560 5151 tribuens,
2589 5094 2712 5140 tunc
2738 5089 2979 5157 aperiens
3008 5091 3279 5145 reritalem
3306 5091 3400 5156 rei,
3429 5092 3484 5145 di
3501 5122 3515 5130 -

1924 5172 2003 5225 a‘it
2038 5172 2110 5226 ad
2138 5184 2254 5227 eam
2287 5190 2305 5227 .'
2331 5175 2550 5231 Ferrum
2590 5195 2860 5250 nunquam
2903 5183 3135 5235 ascendit
3172 5198 3328 5250 super
3357 5190 3516 5253 caput

1928 5277 2123 5327 meum,
2165 5266 2291 5336 quia
2326 5265 2642 5335 Nazaru'us,
2671 5271 2724 5324 id
2753 5280 2849 5338 est,
2882 5285 3213 5327 consecratus
3241 5272 3348 5328 Deo
3372 5290 3515 5338 sum,

1929 5356 1992 5409 de
2025 5364 2172 5409 utero
2215 5361 2402 5413 matris
2430 5378 2578 5417 mew.
2615 5361 2677 5418 Si
2714 5381 2895 5419 rasum
2932 5366 3090 5434 fuerit
3119 5375 3275 5436 caput
3322 5383 3515 5432 meum,

1931 5448 2133 5501 recedet
2172 5466 2205 5503 α
2256 5467 2337 5505 me
2369 5454 2620 5521 fortitudo
2673 5472 2813 5523 mea,
2842 5466 2891 5511 et
2938 5457 3201 5528 deficiam,
3238 5474 3427 5530 eraque
3462 5469 3518 5514 ut

1933 5540 2108 5592 ert-teri
2142 5540 2453 5596 homines".
2481 5541 2607 5599 Post
2641 5544 2777 5609 haec,
2810 5546 3033 5602 historia
3067 5545 3306 5602 subdidit
3343 5565 3355 5601 :
3383 5547 3518 5603 Item

1934 5637 1994 5684 at
2026 5629 2118 5684 illa
2153 5631 2384 5687 dormire
2411 5651 2528 5688 eum
2557 5636 2675 5706 fecit
2697 5653 2853 5707 super
2881 5654 3051 5707 genua
3093 5655 3211 5704 sua,
3243 5648 3291 5694 et
3318 5640 3374 5695 in
3399 5639 3519 5696 sinu

288 5787 712 5883 ηιξέξιέειινιι,
739 5796 831 5852 ιλιι.
861 5797 920 5883 li:
952 5798 1116 5883 lgor.
1137 5815 1224 5883 Et,
1250 5800 1342 5856 ἓξ.
1410 5802 1456 5883 ’ξ
1488 5800 1681 5883 llatth.
1712 5822 1806 5883 δυ

1919 5808 2048 5883 7._‘_'
2076 5807 2251 5883 lgor.
2281 5825 2334 5876 v,
2366 5809 2451 5877 10,
2494 5808 2576 5863 Il.
2622 5810 2666 5841 “
2698 5810 2869 5868 lCor.
2906 5829 2989 5879 ιιι,
3023 5814 3108 5871 ω.
3163 5815 3208 5849 ⁸³
3237 5818 3402 5879 lCor.
3437 5830 3516 5883 tv,

196 5858 266 5917 8.
384 5861 430 5893 ιι
460 5860 691 5920 Philem.
728 5884 816 5931 xv,
861 5869 941 5922 ιδ.
1016 5858 1478 5940 "ITint.\'t,?..
1550 5858 1802 5932 “ludio.

1919 5858 2180 5946 316,17.

429 5952 684 6017 ΡΑΤιιθι,
744 5959 861 6022 Gn.
912 5961 1115 6022 XCIII.

3120 5981 3191 6042 36

2372 6057 2537 6067 “..‘.
