3892 6416
437 401 566 468 1131

1632 401 1995 465 HESYCHII
2033 401 2525 469 PRESBYTERI.

3532 405 3640 474 1132

430 534 524 575 suo
554 515 811 571 reclinare
843 502 1018 587 caput:
1052 516 1359 587 Vocaeitqne
1387 524 1669 583 tonsorem,
1700 525 1752 570 et
1776 516 1909 571 rasit
1936 532 2022 570 δέη
2052 520 2101 577 Α
2129 518 2333 573 tionem
2388 525 2608 588 patrum
2653 530 2901 583 suorum,
2954 515 3222 588 recipiens
3271 523 3640 583 conversationis

431 618 571 677 ptem
598 609 767 665 crines
801 607 914 680 ejus
933 651 947 677 ,
978 618 1027 663 et
1071 610 1223 679 erepit
1256 609 1488 679 abjicere
1519 626 1637 667 eum
1668 625 1700 665 α
1725 626 1800 677 se,
1827 619 1877 664 et
1905 626 1939 664 a
1965 624 2021 663 se

432 704 702 773 repellere.
732 700 926 759 Statim
950 704 1089 759 enim
1115 705 1183 759 ab
1220 721 1281 760 eo
1309 705 1563 773 fortitudo
1586 705 2021 771 discessit,dia:it-

430 811 532 866 que
550 812 577 850 .'
603 794 777 864 Super
820 803 871 851 te
897 795 1210 853 Philistiim.
1238 794 1339 863 Qui
1372 796 1437 851 de
1466 812 1650 851 somno
1681 811 2017 866 consurgens,

430 887 566 942 dixit
598 888 655 941 in
677 888 859 942 animo
889 904 984 943 suo
1026 904 1044 944 :
1083 888 1345 959 Egrediar
1391 889 1525 944 sicut
1555 898 1681 943 ante
1709 890 1829 961 feci,
1861 897 1910 944 et
1939 904 2022 942 me

431 982 715 1046 excutiam,
746 981 977 1036 nesciens
1011 982 1149 1051 quod
1182 980 1438 1037 Dominus
1463 982 1752 1037 recessisset
1779 982 1845 1035 ab
1874 998 1935 1036 eo
1952 982 2017 1036 ’⁷.

434 1069 540 1124 Sed
561 1070 614 1123 in
633 1066 984 1139 Septuaginta
1002 1070 1260 1137 editione,
1283 1086 1409 1126 cum
1444 1071 1534 1126 hic
1563 1071 1815 1127 dixisset:
1834 1069 1894 1127 Si
1920 1071 2025 1125 ltu-

431 1161 669 1216 miliatus
695 1164 855 1234 fuerit
882 1166 1050 1235 frater
1076 1173 1197 1218 tuus
1219 1180 1237 1219 :
1259 1180 1370 1220 non
1389 1164 1551 1227 dixit.
1573 1182 1605 1217 a
1637 1172 1707 1228 te,
1731 1163 1854 1228 sed,
1876 1166 2021 1234 apud

431 1264 522 1310 te:
553 1270 679 1310 nam
713 1255 818 1313 etsi
851 1255 1136 1312 nobiscum
1165 1265 1301 1322 erat,
1335 1258 1432 1314 sed
1464 1271 1567 1312 nos
1594 1271 1705 1310 non
1743 1254 1795 1310 ei
1829 1270 2021 1311 sumus

430 1347 557 1405 facti
604 1348 998 1407 bumiliationis
1041 1363 1229 1404 causa.
1299 1348 1420 1419 ipse
1467 1358 1648 1404 autem
1694 1347 2018 1419 negligens,

430 1442 788 1512 semetipsum
821 1441 1151 1509 humiliavit,
1183 1448 1240 1496 et
1264 1440 1522 1495 venditus
1550 1452 1651 1504 es',
1680 1455 1791 1493 non
1827 1439 2020 1495 vendi-

433 1534 578 1589 tione
609 1534 700 1589 illa
752 1534 822 1589 de
851 1548 956 1603 qua
1008 1532 1155 1589 Elias
1200 1533 1268 1589 ad
1315 1533 1504 1589 Achab
1532 1532 1767 1588 diccbat.
1798 1529 2023 1589 Dicebat

432 1627 579 1685 enim
609 1626 662 1682 ei
692 1644 705 1680 :
741 1625 886 1681 Nunt
915 1626 1161 1683 inuenisti
1197 1642 1279 1682 me
1310 1627 1587 1681 inimicum
1615 1626 1745 1681 tibi?
1773 1625 2021 1696 Respon-

429 1718 512 1787 dit
544 1736 559 1772 :
592 1717 795 1784 Inveni,
829 1734 889 1775 eo
919 1720 1057 1789 quod
1087 1720 1415 1775 venundatus
1443 1736 1496 1775 es
1521 1721 1694 1790 facere
1737 1720 1939 1775 malum
1963 1722 2020 1775 in

430 1820 706 1883 conspectu
740 1809 1033 1865 Domini“.
1067 1810 1161 1866 llle
1186 1811 1334 1866 enim
1364 1811 1507 1868 sicut
1553 1811 1774 1881 impius,
1838 1811 1931 1882 qui
1962 1812 2019 1868 in

2124 621 2349 675 sortem,
2383 619 2436 665 et
2468 618 2678 680 partem
2709 608 2918 680 gratim,
2945 623 3067 679 quae
3103 608 3172 664 ab
3201 608 3348 665 initio
3382 621 3514 669 sorte
3546 630 3643 685 per-

2123 715 2346 777 ceperat
2366 720 2401 760 a
2430 704 2561 765 Deo.
2588 703 2687 775 qui
2716 702 2938 774 proprie
2962 712 3152 759 noster
3197 712 3345 774 pater
3368 715 3461 773 est,
3487 707 3545 762 de
3561 725 3645 780 quo

2123 797 2203 851 ait
2226 795 2429 852 Paulus
2461 812 2476 850 :
2519 793 2657 860 Quia
2688 803 2870 849 autent
2898 795 3024 849 estis
3050 794 3173 864 filii,
3204 795 3339 849 misit
3364 794 3489 851 Deus
3509 796 3648 867 Spiri-

2124 898 2237 943 tum
2261 888 2388 943 Filii
2411 888 2495 942 sui
2516 888 2572 941 in
2590 887 2834 943 cordibus
2863 887 3051 943 uestris
3072 926 3087 952 ,
3129 886 3473 946 clamantem:
3512 891 3647 958 Abba,

2125 978 2289 1034 Pater
2326 979 2392 1034 ³⁸.
2421 976 2531 1035 Cur
2560 989 2743 1033 autem
2787 977 2903 1033 haec
2932 977 3187 1033 sanciens
3235 977 3373 1033 Deus
3397 988 3531 1035 tanta
3557 983 3650 1051 pic-

2124 1080 2235 1128 tate
2258 1079 2461 1136 utatur,
2489 1070 2608 1142 ipse
2637 1068 2772 1140 legis
2793 1068 3191 1125 demonstravit
3218 1069 3414 1124 verbis.

2190 1163 2354 1218 Vens.
2395 1161 2487 1217 49..
2526 1181 2544 1214 ι
2582 1160 2685 1217 Mei
2734 1170 2918 1216 autem
2964 1160 3110 1219 servi
3141 1169 3290 1224 sunt,
3323 1169 3376 1216 et
3406 1176 3497 1234 ego
3521 1163 3654 1219 eduxi

2122 1272 2221 1313 eos
2245 1256 2313 1312 de
2340 1265 2486 1315 terra
2514 1253 2748 1325 .ﬁgypti.
2781 1272 2800 1306 ι

2199 1348 2272 1404 Ut
2301 1363 2432 1419 ergo
2470 1348 2563 1417 qui
2597 1346 2766 1404 semel
2811 1347 2931 1417 ejus
2962 1345 3091 1401 facti
3116 1352 3249 1401 sunt
3295 1346 3469 1413 servi,
3510 1356 3559 1403 et
3582 1365 3656 1419 per

2121 1430 2249 1499 cum
2280 1438 2606 1511 intelligibili
2639 1437 2904 1493 servitute
2936 1437 3153 1511 Egypti
3200 1450 3515 1503 caruerunt,
3546 1440 3659 1495 hanc

2121 1551 2219 1593 eos
2253 1534 2481 1606 perdere
2531 1533 2851 1605 dignitatem
2884 1548 2996 1589 non
3023 1533 3158 1597 vult,
3188 1547 3291 1587 nec
3319 1533 3440 1603 quia
3479 1534 3538 1588 ad
3568 1551 3661 1586 ιιιίιο

2122 1630 2304 1691 dicnm
2333 1628 2456 1700 quis
2489 1627 2675 1698 lapsus
2697 1637 2802 1693 est,
2828 1636 3116 1696 propterea
3140 1641 3266 1682 eum
3299 1626 3353 1681 in
3384 1636 3659 1697 perpetuum

2121 1720 2351 1791 perdere
2397 1719 2679 1788 antiquam
2723 1717 3044 1789 dignitatem
3100 1718 3414 1785 desiderat,
3468 1718 3664 1789 ideoque

2122 1812 2234 1867 ait:

432 1902 763 1973 profundum
813 1903 1076 1958 malorum
1119 1904 1409 1971 ceciderat,
1446 1904 1802 1975 despiciebat.
1829 1914 1886 1959 ct
1911 1904 2020 1959 ini-
2053 1893 2097 1948 Β
2196 1903 2316 1963 Non
2362 1904 2531 1959 veniet
2575 1903 2877 1958 conditione
2919 1919 3212 1958 servorum.
3256 1902 3461 1959 Similia
3512 1903 3666 1959 dicens

431 1996 576 2052 mico
606 1996 881 2061 venditus,
916 2010 1026 2049 non
1050 1995 1267 2051 volebat
1301 1996 1674 2052 venditionem
1704 1995 2019 2060 immutare,

431 2103 534 2142 nec
570 2088 852 2159 propheta:
883 2087 1063 2152 vetuli,
1093 2087 1144 2143 id
1186 2098 1289 2151 est.
1316 2088 1499 2153 subdi,
1530 2088 1624 2158 qui
1666 2088 1718 2143 ei
1759 2089 2019 2159 paulatim

432 2194 655 2233 manum
690 2178 1038 2264 porrigendo,
1063 2178 1266 2250 agravi
1309 2179 1543 2235 liberare
1588 2194 1716 2234 eum
1757 2179 2022 2235 servitute

432 2280 663 2340 poterat.
693 2271 748 2326 Si
771 2286 900 2343 ergo
922 2271 1019 2327 tibi
1046 2271 1213 2338 ﬁdeli,
1245 2279 1299 2327 et
1320 2271 1520 2328 colenti
1548 2272 1744 2339 Deum,
1764 2271 2022 2327 humilia-

431 2373 517 2419 tus
540 2363 709 2419 fratcr
730 2364 985 2421 venditus
1008 2364 1195 2431 fuerit,
1224 2364 1681 2436 redemptionem,
1706 2372 1762 2419 et
1782 2365 2021 2435 pretium

427 2457 624 2513 anima:
643 2459 764 2529 ejus
809 2466 957 2514 tuam
987 2457 1318 2523 doctrinam,
1349 2467 1406 2513 et
1430 2458 1872 2515 exhortationem
1898 2474 2022 2514 sus-

427 2549 641 2621 cipiens
679 2567 692 2607 :
724 2559 781 2606 et
808 2550 1271 2622 quemadmodum
1297 2565 1460 2606 suum
1516 2550 1799 2607 dominum
1833 2548 2024 2606 existi-

428 2658 609 2707 mans,
632 2658 743 2698 non
771 2643 977 2699 serviat
1007 2643 1104 2699 tibi
1133 2641 1403 2698 servitute
1424 2643 1591 2708 seri'i,
1627 2643 1723 2702 sed
1755 2643 2023 2699 subdetur

428 2732 671 2804 quidem,
715 2741 1094 2791 verumtamen
1117 2732 1369 2788 libertate
1407 2732 1520 2797 illa,
1541 2731 1610 2788 de
1643 2747 1751 2804 qua
1778 2732 1856 2787 ait
1883 2731 2024 2786 Pau-

429 2826 552 2881 lus:
586 2824 851 2888 libertate,
875 2840 979 2897 qua
1019 2823 1260 2880 liberauit
1294 2840 1388 2881 nos
1421 2823 1746 2880 Christus".
1769 2823 2023 2879 Invenies

428 2923 612 2975 autem
680 2916 810 2972 alibi
861 2916 1114 2973 eumdem
1160 2930 1356 2971 rursus
1398 2915 1729 2971 scribentem
1782 2931 1795 2970 :
1841 2912 2023 2969 Pretio

428 3008 586 3077 empti
609 3008 752 3071 estis,
781 3006 941 3063 nolite
962 3007 1079 3077 fieri
1103 3008 1240 3064 serui
1263 3006 1609 3073 hominum”,
1634 3014 1856 3078 propter
1874 3005 2021 3076 quod

429 3100 504 3156 ait
532 3101 809 3173 legislator
846 3118 861 3158 :

2125 1997 2322 2054 Paulo:
2350 1997 2532 2052 Pretio
2553 1997 2717 2067 empti
2747 1998 2891 2060 estis,
2929 1996 3089 2052 nolite
3115 1997 3238 2067 ﬁeri
3259 1998 3392 2052 serui
3416 1996 3663 2053 hominum.

2124 2088 2233 2145 Sed
2265 2097 2321 2143 et
2351 2089 2456 2145 hoc
2483 2087 2721 2143 addidit:

2193 2180 2358 2238 Vsus.
2395 2179 2486 2236 45.
2527 2199 2546 2233 ‹
2584 2176 2663 2235 Nc
2695 2179 2900 2252 aliligas
2944 2195 3069 2237 cum
3116 2195 3217 2251 per
3245 2178 3552 2250 potentiam,
3592 2178 3667 2235 sed

2124 2272 2354 2328 metuito
2387 2272 2559 2328 Deum
2592 2281 2743 2329 tuum
2772 2274 2893 2329 ³¹.,»

2195 2361 2428 2434 Oportet
2476 2363 2626 2419 enim
2670 2364 2942 2419 moderari
3002 2379 3103 2419 nos
3139 2362 3333 2433 iugum
3385 2370 3669 2418 converten-

2127 2457 2261 2512 tium
2283 2497 2297 2521 ,
2328 2466 2383 2512 et
2422 2456 2620 2512 timere
2651 2454 2824 2511 Deum
2859 2465 3108 2513 nostrum
3134 2494 3149 2519 ,
3177 2455 3272 2525 qui
3308 2455 3475 2510 dixit:
3506 2453 3565 2509 In
3591 2471 3671 2527 quo

2114 2549 2322 2616 judicio
2342 2547 2735 2620 judicat‘eritis,
2752 2544 3153 2618 jadicabimini,
3179 2557 3230 2600 et
3257 2548 3316 2600 in
3343 2563 3445 2618 qua
3467 2561 3669 2601 mensura

2126 2641 2289 2696 mensi
2310 2640 2539 2712 fueritis,
2571 2640 2817 2694 metietur
2837 2638 2979 2693 vobis
3000 2637 3067 2693 ⁸³.

2196 2732 2358 2789 Vens.
2390 2730 2582 2788 «ii-t6.
2622 2751 2640 2783 ι
2679 2731 2883 2786 Servus
2908 2739 2966 2786 et
2989 2728 3186 2786 ancilla
3218 2728 3296 2785 sit
3325 2728 3478 2785 vobis
3509 2728 3570 2785 de
3592 2742 3670 2783 na-

2127 2825 2373 2883 tionibus
2397 2865 2413 2892 ,
2443 2840 2566 2896 quae
2593 2824 2651 2880 in
2678 2824 2913 2894 circuitu
2937 2833 3124 2880 vestro
3148 2830 3283 2879 sunt
3311 2862 3327 2890 ,
3359 2831 3415 2879 et
3444 2822 3511 2879 de
3539 2821 3669 2877 adve-

2124 2920 2232 2983 nis,
2262 2920 2355 2990 qui
2379 2918 2800 2990 peregrinantur
2828 2917 2971 2989 apud
3009 2931 3127 2982 vos,
3153 2915 3242 2971 vel
3269 2913 3362 2986 qui
3393 2930 3458 2970 ex
3484 2912 3561 2968 his
3585 2911 3671 2966 nati

2123 3012 2332 3069 fuerint
2378 3011 2434 3067 in
2470 3020 2614 3067 terra
2649 3020 2832 3066 vestra
2857 3050 2871 3074 ,
2914 3010 3014 3065 hos
3059 3008 3340 3065 habebitis
3373 3005 3603 3070 famulos,
3629 3013 3673 3057 et

2125 3108 2473 3164 haereditario
2494 3108 2619 3178 jure
2649 3106 3039 3162 transmittetis
3064 3105 3134 3161 ad
3167 3114 3443 3176 posteros,
3473 3119 3533 3158 ac
3570 3118 3671 3172 pos-

500 3194 666 3262 Qnasi
706 3195 1065 3250 mercenarius
1099 3203 1149 3250 et
1180 3194 1393 3250 colonus
1442 3196 1563 3251 erit.
1596 3193 1694 3251 Vel
1728 3194 1871 3252 sient
1916 3193 2020 3250 Se-
2048 3234 2093 3296 Ο
2125 3200 2372 3261 sidebitis
2402 3201 2456 3255 in
2492 3210 2783 3257 ater-num.
2820 3197 3038 3255 Fratres
3092 3209 3282 3255 autem
3315 3208 3521 3289 vestros
3564 3195 3674 3251 ﬁlios

429 3288 737 3361 ptuaginta,
766 3288 1058 3360 inquilinus
1079 3287 1237 3358 :quia
1269 3288 1466 3344 horum
1492 3296 1723 3357 uterque
1740 3287 2022 3357 subjectus

430 3390 516 3436 est
560 3381 781 3451 quidem
825 3380 974 3446 huic,
1005 3380 1161 3451 cujus
1188 3380 1410 3436 domum
1457 3379 1689 3444 habitat,
1718 3388 1774 3435 et
1807 3379 1861 3433 in
1891 3392 2022 3450 agro

431 3482 692 3541 operatur
740 3480 966 3542 propter
1018 3480 1422 3542 paupertatem,
1458 3486 1561 3527 nec
1619 3471 1841 3527 domum
1891 3486 2023 3541 pro-

429 3566 628 3636 priam,
655 3580 759 3620 nec
793 3579 985 3636 agrum
1019 3565 1266 3619 habens:
1304 3578 1416 3618 non
1449 3572 1630 3621 tamen
1663 3572 1887 3634 propter
1918 3563 2023 3618 hoc

432 3656 681 3713 aufertur
709 3656 982 3712 libertatis
1010 3656 1247 3728 dignitas
1270 3695 1288 3721 ,
1319 3654 1777 3726 quemadmodum
1808 3662 1864 3710 et
1893 3668 2020 3709 eum

431 3751 522 3823 qui
548 3766 647 3821 per
668 3765 771 3805 nos
802 3764 833 3804 a
866 3757 1091 3820 peccato
1108 3763 1407 3809 conversus
1438 3756 1543 3809 est,
1565 3754 1800 3817 oportet,
1819 3745 1865 3800 si
1894 3752 2023 3801 ante

431 3850 716 3913 peccatum
749 3841 918 3896 frater
938 3848 1129 3896 noster
1154 3841 1455 3895 secundum
1499 3838 1868 3911 :equalitatem
1901 3853 2022 3910 gra-

434 3938 541 4003 ti.c,
563 3936 939 4006 honoremque
967 3931 1401 3990 conversationis
1430 3930 1548 3987 fuit.
1591 3932 1728 3986 Nam
1760 3930 1863 3987 etsi
1893 3945 2021 4001 pro.

433 4025 607 4096 priam
657 4040 807 4080 nunc
848 4025 1073 4082 domum
1110 4022 1362 4095 iustitiae,
1395 4031 1493 4077 aut
1523 4037 1714 4093 agrum
1737 4021 2019 4093 proprium

433 4117 653 4173 virtutis
684 4131 794 4173 non
819 4115 1021 4185 habet,
1050 4130 1174 4171 cum
1203 4114 1498 4186 aliquando
1528 4114 1841 4180 habuisset,
1874 4113 2022 4170 unde

432 4225 544 4266 non
566 4209 722 4276 dixit,
757 4208 1152 4275 mercenarius,
1180 4216 1275 4261 aut
1307 4208 1553 4272 colonus,
1586 4205 1671 4261 vel
1718 4205 2020 4276 inquilinus

432 4303 561 4367 erit,
593 4300 712 4367 sed,
748 4300 904 4372 quasi
934 4300 1329 4362 mercenarius,
1362 4306 1419 4352 et
1447 4298 1698 4363 colonus,
1721 4296 1804 4353 vel
1834 4296 2010 4367 inqui-

433 4395 580 4451 linus
618 4394 723 4449 erit
751 4393 847 4448 tibi
880 4410 893 4446 :
929 4391 985 4447 in
1014 4390 1216 4446 nostris
1237 4390 1384 4445 enim
1420 4389 1667 4446 habitare
1687 4404 1827 4459 opus
1857 4389 2024 4446 habet

431 4492 489 4541 et
519 4483 759 4556 operari,
801 4482 855 4539 id
896 4491 1018 4547 est,
1051 4480 1120 4537 ad
1150 4488 1367 4537 nostras
1393 4479 1825 4548 exhortationes,
1858 4496 2020 4551 regu-

2126 3290 2311 3360 lsrael,
2334 3307 2406 3348 ne
2431 3292 2759 3364 opprimatis
2780 3307 2877 3363 per
2908 3290 3234 3362 potentiam.
3259 3309 3280 3342 ι

2155 3384 2314 3454 ;Non
2351 3394 2533 3457 potest
2556 3386 2719 3457 digne
2748 3385 2959 3441 laudari
2984 3384 3223 3440 varietas
3249 3392 3308 3441 et
3344 3380 3674 3453 multiplicius

2123 3474 2387 3547 spiritalis
2438 3476 2743 3546 sapientim.
2779 3475 3146 3542 Quamobrem
3203 3486 3493 3546 postquam
3544 3472 3674 3545 digne

2122 3567 2379 3623 admirari
2435 3585 2546 3624 non
2598 3584 2913 3639 possumus,
2955 3569 3083 3640 quia
3141 3584 3248 3625 nec
3298 3570 3555 3640 capimus,
3594 3567 3675 3621 hoc

2122 3659 2462 3726 amittentes,
2487 3660 2794 3717 districtius
2822 3676 2986 3716 aures
3016 3661 3221 3718 mentis
3249 3662 3416 3718 etiam
3444 3660 3552 3725 his,
3580 3671 3676 3728 qua:

2123 3763 2272 3805 nunc
2304 3748 2447 3803 dicta
2478 3758 2628 3812 sunt,
2658 3751 3000 3819 praebeamus
3034 3759 3093 3806 et
3121 3765 3562 3823 unumquemque
3581 3762 3673 3803 ser-

2124 3854 2344 3897 monem
2389 3841 2597 3897 intente
2631 3852 2920 3898 notemus:
2957 3843 3014 3898 in
3043 3845 3362 3905 diderentia
3408 3846 3548 3900 enim
3577 3856 3675 3898 vcr-

2123 3930 2318 3989 borum
2345 3974 2359 3998 ,
2401 3932 2768 3991 differentiam
2804 3951 3024 4007 quoque
3056 3937 3438 3994 intellectuum
3471 3933 3675 4007 reperie-

2122 4039 2266 4080 mus.
2306 4023 2459 4080 Scire
2508 4025 2673 4097 igitur
2702 4042 2805 4082 nos
2837 4028 2950 4084 vult
2995 4029 3127 4099 quid
3176 4039 3351 4085 restet
3409 4029 3545 4086 inter
3581 4028 3677 4085 bes.

2122 4131 2261 4187 quos
2291 4132 2355 4172 ex
2398 4118 2709 4191 infidelibus
2740 4121 2852 4176 Deo
2905 4122 3329 4189 salvaverimus,
3364 4124 3422 4180 et
3446 4125 3576 4190 illos,
3605 4119 3674 4192 qui

2122 4225 2249 4266 cum
2281 4209 2469 4267 ﬁdeles
2516 4222 2740 4281 essent,
2772 4214 3091 4289 similesque
3115 4218 3279 4274 nobis
3317 4217 3585 4290 dignitatis
3611 4216 3679 4269 in-

2122 4303 2411 4358 vocatione
2456 4314 2511 4361 et
2539 4308 2986 4377 conversatione,
3033 4319 3224 4380 postea
3255 4326 3358 4383 pro
3391 4320 3613 4382 tempore
3634 4308 3678 4362 in

2124 4396 2444 4467 operatione
2510 4398 2776 4455 virtutum
2840 4400 3102 4458 inﬁrmati
3168 4411 3304 4460 sunt
3360 4404 3675 4461 correximus.

2125 4487 2357 4561 Propter
2383 4491 2525 4561 quod
2578 4493 2793 4562 cperari
2829 4494 3052 4565 quidem
3105 4500 3250 4568 apud
3287 4513 3393 4553 nos
3449 4510 3604 4566 usque
3625 4491 3675 4546 ad

432 4580 620 4650 tasque
652 4578 810 4644 vim.
836 4586 893 4632 ει
936 4576 1185 4646 exempla
1210 4615 1227 4642 9
1270 4589 1393 4645 (tum
1422 4589 1453 4629 ³
1483 4572 1644 4628 "oms
1673 4572 1980 4645 ευεεθρετίι
2006 4591 2019 4627 ε
2055 4580 2098 4635 D
2124 4596 2330 4637 animm
2362 4584 2724 4650 remissionis,
2753 4586 3006 4642 videlicet
3041 4590 3410 4659 paenitentiae,
3464 4603 3566 4643 non
3600 4600 3678 4639 au-

431 4687 559 4743 spes
594 4680 776 4727 tamen
813 4677 898 4725 est
925 4683 1051 4726 eum
1082 4666 1151 4722 ad
1187 4681 1342 4722 suam
1366 4679 1653 4720 recurrere
1674 4664 2012 4736 dignitatem,

431 4762 654 4834 quando
682 4760 949 4832 integram
996 4765 1052 4813 et
1081 4759 1380 4829 perfectam
1412 4754 1586 4827 egerit
1613 4753 2011 4825 pmnitentiam.

431 4852 545 4910 lloc
565 4853 715 4910 enim
741 4851 1097 4907 manifestans
1121 4849 1396 4919 legislator
1419 4847 1700 4904 subdidit:

506 4945 674 5018 Usque
723 4944 795 4998 ad
842 4960 1044 4999 annum
1077 4942 1361 5012 jubilwnm
1389 4939 1696 5011 operabitur
1749 4936 1898 5007 apud
1945 4945 2019 4991 te.

427 5034 568 5103 Quia
589 5051 686 5107 per
719 5034 1020 5106 perfectam
1044 5032 1444 5104 paenitentiam,
1460 5032 1601 5087 sicut
1623 5031 1832 5102 integre
1859 5044 2020 5083 mun~

427 5128 611 5194 datus,
643 5135 699 5182 et
726 5135 1016 5197 propterea
1063 5122 1361 5194 perfectus,
1400 5121 1616 5194 operari
1663 5129 1719 5176 et
1764 5119 1909 5191 apud
1959 5134 2018 5175 se

426 5227 631 5290 potest,
676 5227 734 5273 et
773 5226 964 5289 postea
1012 5215 1367 5287 egredietur:
1401 5215 1545 5269 sicut
1582 5213 1739 5268 aiunt
1780 5212 2015 5282 Septua-

427 5314 602 5383 ginta,
627 5312 685 5366 in
718 5309 1100 5366 remissionem
1129 5322 1253 5363 cum
1283 5305 1472 5361 liberis
1519 5305 1654 5360 suis.
1701 5303 1822 5359 Non
1869 5304 2018 5360 solus

427 5406 577 5461 enim
607 5404 725 5476 ipse
753 5398 896 5465 liber
922 5397 1175 5466 efﬁcitur,
1204 5399 1299 5454 sed
1329 5408 1385 5453 et
1427 5410 1549 5467 quae
1596 5396 1667 5450 ab
1707 5411 1773 5450 eo
1819 5396 2018 5468 genitae

427 5501 646 5555 merant
680 5495 932 5560 virtutes,
978 5502 1272 5563 antequam
1313 5491 1418 5546 sub
1462 5488 1834 5547 venditionem
1884 5505 2016 5561 pec-

425 5591 536 5647 cati
560 5588 923 5661 redigeretur.
959 5584 1259 5655 Propterea
1287 5590 1342 5639 et
1380 5589 1686 5637 revertetur
1717 5582 1788 5637 ad
1813 5597 2014 5654 cogna-

2124 4683 2232 4730 tem
2256 4685 2443 4745 postea
2481 4678 2758 4748 praecepit.
2797 4678 2894 4735 llic
2930 4689 3135 4747 autem,
3163 4682 3293 4752 quia
3322 4696 3426 4738 nec
3448 4695 3583 4743 eum,
3603 4674 3675 4745 qui

2121 4783 2187 4822 ex
2217 4777 2445 4838 peccato
2474 4770 2794 4826 humiliatus
2822 4781 2929 4837 est,
2973 4779 3030 4829 et
3056 4785 3349 4845 propterea
3382 4774 3536 4830 nobis
3570 4784 3675 4826 ven-

2119 4858 2288 4925 ditus,
2322 4861 2416 4915 sed
2472 4876 2577 4916 nec
2620 4862 2843 4919 fratrem
2894 4864 3044 4929 dicit,
3076 4866 3174 4921 sed
3202 4866 3273 4922 de
3301 4867 3390 4922 his
3421 4863 3547 4921 dicit
3569 4874 3677 4932 quos

2120 4965 2224 5007 nos
2261 4965 2326 5006 ex
2357 4951 2695 5021 inﬁdelibus,
2724 4964 2820 5011 aut
2839 4957 3067 5014 alterius
3098 4958 3227 5014 ﬁdei
3252 4959 3312 5013 in
3334 4955 3676 5028 diseipulatmn

2124 5041 2614 5111 acquisiverimus:
2661 5056 2813 5103 recte
2857 5063 2953 5103 eos
2981 5063 3087 5105 nec
3129 5065 3322 5105 servos
3352 5057 3559 5103 nostros
3579 5056 3676 5099 esse

2124 5130 2420 5200 prmeepit:
2454 5130 2664 5188 Christi
2713 5137 2863 5190 enim
2895 5145 2950 5192 et
2998 5135 3100 5208 ipsi
3130 5147 3282 5203 sunt,
3315 5137 3457 5193 sicut
3492 5145 3542 5191 et
3578 5145 3674 5191 nos,

2121 5220 2289 5275 servi.
2340 5221 2447 5276 Sed
2492 5222 2595 5278 sub
2639 5235 2835 5281 nostra
2864 5236 3048 5282 tamen
3086 5228 3438 5299 possessione
3463 5236 3672 5283 manere.

2120 5310 2263 5367 sicut
2290 5327 2388 5384 per
2414 5331 2516 5371 nos
2552 5315 2779 5374 edoctos
2803 5320 3079 5390 praecepit,
3101 5321 3244 5377 sicut
3265 5321 3385 5393 ipsa
3412 5316 3674 5377 ostendunt

2122 5401 2446 5472 legislatoris
2477 5408 2665 5465 verba.

2189 5492 2380 5552 Servus
2415 5508 2464 5553 et
2491 5499 2691 5555 ancilla
2729 5502 2836 5555 sint
2867 5502 3008 5557 vobis
3051 5503 3116 5558 de
3143 5503 3464 5567 nationibus,
3502 5512 3605 5572 qua
3629 5496 3671 5548 ἕιι

2122 5585 2345 5642 circuitu
2377 5601 2546 5647 oestro
2582 5602 2724 5659 sunt,
2759 5602 2808 5647 et
2839 5593 2904 5647 de
2938 5594 3155 5650 advenis
3183 5596 3274 5666 qui
3305 5594 3670 5665 peregrinatur

496 5790 543 5826 ε’
559 5788 884 5867 δρῶσί-κῃ.
916 5786 1106 5867 ιβ-εθ.
1162 5785 1231 5867 ⁸³⁸
1260 5784 1331 5842 Ill
1354 5784 1492 5858 Reg.
1527 5802 1641 5854 xxi,
1666 5786 1759 5846 20.
1837 5789 1883 5822 "
1910 5786 2086 5845 Calut.
2121 5803 2195 5856 tv,
2235 5788 2324 5849 51.
2405 5792 2493 5846 “1
2530 5793 2656 5850 Cor.
2689 5809 2785 5864 vn,
2816 5797 2905 5851 23.
2983 5798 3024 5831 ⁸¹
3052 5795 3172 5853 Gal.
3207 5812 3282 5867 tv,
3317 5796 3370 5852 6.
3443 5789 3531 5848 "1
3562 5786 3662 5846 Car.

425 5878 517 5926 nt,
555 5862 650 5916 Ξῖ.
728 5861 772 5891 ⁸⁸
811 5859 1003 5911 Μίιιιιι.
1038 5872 1132 5924 \‘ll,
1161 5854 1219 5911 9.
