3892 6404
228 385 378 451 113‘}

1378 380 1461 441 IN
1505 373 1955 443 LEVITICUM.
1985 396 2054 410 -·
2098 372 2247 434 LIB.
2282 371 2417 436 VII.

3392 375 3530 442 1134

225 522 247 556 ι
270 504 381 570 pud
407 518 516 556 eos.
548 498 752 557 Gentes
780 512 900 570 quae
933 495 989 552 in
1021 494 1256 553 circuitu
1277 504 1479 550 nostro
1502 500 1666 554 sunt,
1703 506 1827 562 qua:
1855 494 1900 551 Α
1930 487 2170 541 civitates
2219 485 2573 556 presbyteros,
2612 488 2746 558 quos
2783 502 2876 558 ego
2914 487 3005 542 tibi
3046 491 3381 547 constitui".
3422 495 3527 552 Sed

224 595 473 651 necdum
515 589 892 655 crediderunt,
926 604 1079 660 spem
1123 593 1305 643 tamen
1354 585 1503 651 ﬁdei,
1550 593 1608 640 et
1637 583 1829 640 salutis

226 687 476 751 habent,
518 684 645 755 quia
692 683 827 753 ipsis
875 681 1106 737 missum
1143 678 1492 750 Evangelium
1528 686 1632 742 est,
1686 676 1830 731 sicut

229 778 442 837 Paulus
470 778 525 832 in
554 775 846 831 Antiochia
884 774 951 829 ad
999 773 1221 829 .ludzeos
1252 771 1509 826 dicebat:
1550 769 1683 824 Ecce
1709 786 1830 823 con-

226 871 493 925 vertimur
521 868 593 921 ad
619 876 831 939 gentes:
866 866 942 919 sic
980 865 1116 919 enim
1160 864 1408 934 pm'cepit
1450 863 1597 916 nobis
1641 861 1831 916 Domi-

229 980 340 1019 nus
368 963 434 1016 “.
483 960 561 1015 De
609 960 696 1014 his
721 957 885 1013 nobis
916 957 1059 1012 servi
1092 965 1144 1011 et
1172 956 1382 1012 ancilhe
1409 954 1829 1025 conquirantur,

231 1056 291 1112 id
325 1063 441 1117 est,
481 1050 575 1122 qui
604 1065 702 1121 per
733 1050 964 1104 verbum
999 1049 1286 1104 docentur.
1315 1046 1471 1103 Unde
1496 1058 1551 1102 et
1582 1063 1699 1107 eos,
1741 1046 1831 1115 qui

229 1140 562 1208 docuerunt,
605 1140 860 1195 dominos
899 1137 1196 1209 appellant,
1238 1138 1382 1208 quod
1411 1139 1751 1193 demonstrat
1779 1139 1831 1191 ii-

230 1234 502 1305 Philippis
538 1240 725 1288 custos
756 1234 1016 1296 carceris,
1064 1232 1155 1302 qui
1187 1232 1255 1286 ad
1307 1230 1536 1286 Paulum
1573 1240 1629 1285 et
1655 1230 1833 1303 Sylnm

230 1327 455 1382 diccbat
478 1341 498 1380 :
534 1325 748 1380 Domini
771 1366 785 1390 ,
813 1325 941 1397 quid
972 1340 1054 1379 me
1082 1332 1282 1394 oportet
1328 1324 1523 1395 facere,
1553 1334 1610 1378 ut
1658 1324 1836 1378 salvus

231 1420 365 1492 ﬁam
391 1420 473 1474 ³⁸7
502 1419 609 1474 Sed
649 1426 705 1473 et
726 1415 794 1473 de
819 1416 1068 1482 advenis,
1104 1415 1241 1481 sive,
1277 1425 1339 1470 ut
1365 1414 1742 1488 Septuaginta,
1770 1415 1836 1469 ﬁo

233 1514 326 1569 liis
347 1512 768 1583 inquilinorum,
800 1508 893 1579 qui
928 1508 1351 1578 peregrinantur
1375 1507 1519 1580 apud
1564 1523 1680 1572 nos,
1707 1524 1838 1562 con-

233 1590 541 1677 quiremus.
585 1603 729 1657 Dicit
756 1610 944 1657 autem
988 1600 1290 1671 inquilinos
1329 1600 1418 1655 hic
1467 1601 1710 1666 JUtiiBOS,
1745 1601 1836 1672 qui

238 1686 490 1755 habitant
540 1697 596 1752 in
637 1696 846 1752 lumine
890 1702 1104 1762 nostro,
1157 1712 1267 1751 non
1308 1705 1492 1752 tamen
1544 1698 1735 1752 volunt
1787 1697 1836 1753 ei

234 1776 429 1850 oculos
457 1790 658 1848 mentis
687 1789 1125 1855 accommodare,
1171 1790 1576 1845 abscondentes
1605 1792 1726 1861 ejus
1754 1792 1838 1846 ln-

236 1902 464 1943 cernam
514 1886 616 1941 sub
652 1884 858 1940 modio.
909 1882 1139 1953 Propter
1172 1883 1315 1953 quod
1348 1898 1459 1939 non
1517 1885 1839 1955 simpliciter

234 1976 528 2048 inquilinos
570 1974 925 2046 Septuaginta
963 1973 1274 2039 ediderunt,
1313 1975 1408 2030 sed
1447 1974 1587 2044 ﬁlios
1615 1976 1840 2043 inquili-

238 2084 453 2132 norum,
483 2065 575 2137 qui
608 2060 739 2121 sunt
779 2066 831 2120 in
873 2066 1050 2128 vobis.
1083 2065 1227 2136 quod
1255 2082 1286 2121 a
1336 2065 1715 2123 Theodotione
1784 2079 1842 2124 et

239 2155 573 2228 Symmacho
627 2155 846 2225 planius
874 2156 1140 2225 scriptum
1177 2164 1295 2210 est:
1329 2155 1371 2208 Α
1401 2156 1528 2225 ﬁliis
1554 2156 1841 2228 inquilino-

240 2266 383 2313 rum,
433 2249 522 2318 qui
553 2247 793 2301 habitant
843 2248 897 2301 in
928 2249 1089 2302 vobis.
1119 2248 1195 2303 De.
1225 2249 1425 2319 quibus
1465 2249 1599 2304 dixit
1631 2249 1797 2305 David
1824 2269 1836 2304 :

238 2340 624 2395 Intrabitabunt
674 2349 723 2393 et
774 2340 1095 2394 abscondent
1136 2339 1203 2396 ³⁸.
1236 2340 1371 2415 Cum
1414 2343 1559 2397 enim
1610 2351 1740 2397 sunt
1788 2342 1841 2396 in

236 2434 427 2500 nobis,
458 2432 551 2518 qui
599 2432 773 2506 legem
819 2433 991 2504 ipsam
1061 2441 1118 2488 et
1147 2432 1463 2505 prophetas,
1495 2451 1633 2506 quos
1659 2444 1712 2491 et
1743 2452 1845 2492 ηςςε

223 2529 533 2591 'babemus,
564 2528 789 2589 habent,
830 2527 1143 2581 inhabitant
1174 2536 1356 2582 tamen
1397 2544 1508 2582 non
1539 2529 1731 2584 eadem
1754 2545 1842 2585 sa-

236 2621 464 2693 pientes
496 2622 565 2676 de
595 2621 712 2692 lege
766 2630 819 2675 et
845 2620 1151 2691 prophetis,
1186 2637 1307 2691 quae
1339 2637 1474 2676 nos:
1509 2638 1663 2677 suam
1695 2622 1843 2711 enim

234 2719 513 2789 justitiam
564 2700 906 2773 constituere
941 2726 1273 2787 qumrcntes,
1321 2716 1550 2788 justitiae
1597 2716 1690 2773 Dei
1733 2700 1846 2772 non

238 2814 377 2861 sunt
407 2803 657 2876 subjecti,
700 2805 797 2860 sed
841 2804 947 2860 hoc
974 2805 1338 2872 abscondent,
1372 2814 1429 2860 et
1457 2815 1606 2862 recte
1632 2806 1848 2862 inhabi-

236 2905 389 2961 tant,
438 2897 583 2952 sicut
630 2898 727 2967 qui
781 2897 1110 2969 semetipsos
1153 2912 1186 2953 a
1222 2885 1425 2962 libera,
1461 2907 1518 2954 et
1547 2915 1577 2955 a
1610 2898 1847 2955 ﬁduciali

239 2987 594 3044 habitatione
625 2986 1006 3045 excludentes.
1051 2987 1209 3045 Unde
1261 2989 1549 3057 Dominus,
1583 2992 1711 3062 quia
1764 2993 1848 3049 in—

236 3079 503 3136 habitant
566 3087 793 3151 propter
856 3080 1232 3137 inﬁdelitatem
1294 3083 1533 3138 innitens
1592 3085 1843 3141 diccbat:

1932 594 1989 640 et
2038 582 2171 654 quid
2201 591 2373 638 restet
2411 584 2557 639 inter
2583 584 2730 647 illos,
2756 600 2895 656 quos
2938 587 3144 643 deforis
3177 588 3371 648 lucrati
3408 593 3529 648 fuc—

1933 676 2125 740 rimns,
2165 684 2222 730 et
2253 677 2558 746 aequalibus
2609 677 2769 733 nobis
2812 678 3095 747 fratribus,
3157 683 3253 752 qui
3303 682 3530 741 forsitan

1932 768 2203 824 humiliati
2237 759 2789 842 corriguntur,scirc
2820 787 2969 827 nunc
2999 772 3280 846 legislatur
3302 794 3402 833 nos
3434 796 3533 835 vo-

1934 856 2074 918 lens.
2129 861 2246 916 tunc
2292 863 2360 918 ad
2415 878 2765 921 communem
2821 865 3092 923 rationem
3147 870 3532 940 praedictorum

1934 952 2172 1022 scripsit.

2004 1042 2224 1100 Fratres
2245 1055 2423 1102 autem
2449 1057 2645 1105 vestros
2669 1050 2806 1120 ﬁlios
2832 1050 3010 1109 Israel
3036 1071 3139 1110 non
3169 1058 3410 1131 aﬂligetis
3443 1078 3539 1133 per

1933 1136 2250 1191 potentiam.
2308 1137 2428 1193 Non
2467 1141 2596 1210 quia
2636 1142 2793 1209 alios,
2842 1160 2981 1216 quos
3026 1147 3220 1205 lucrati
3263 1151 3538 1211 fuerimus

1937 1226 2207 1294 exterius,
2238 1228 2293 1283 in
2325 1232 2647 1288 servitutem
2678 1226 2944 1309 redigere,
2978 1252 3074 1298 aut
3124 1251 3414 1302 conterere
3452 1247 3535 1301 la-

1938 1317 2166 1372 boribus
2195 1320 2489 1389 prtecepit:
2531 1337 2803 1393 nusquam
2845 1331 2991 1385 enim
3020 1333 3128 1389 hoc
3153 1335 3208 1389 in
3249 1338 3536 1394 sanctione

1940 1408 2043 1464 hac
2081 1409 2281 1466 dixisse
2320 1412 2577 1469 videtur:
2612 1417 2706 1471 sed
2731 1420 2859 1489 quia
2888 1437 2997 1477 non
3035 1427 3229 1496 aequali
3263 1439 3537 1499 potestate

1940 1501 1995 1557 in
2030 1502 2155 1570 illis,
2188 1512 2245 1559 et
2276 1504 2397 1562 istis
2433 1508 2510 1563 uti
2554 1524 2869 1581 possumus.
2900 1514 3061 1571 Aliud
3095 1529 3180 1574 est
3215 1522 3362 1577 enim
3411 1523 3537 1578 inﬁ-

1941 1596 2094 1652 deles
2143 1598 2212 1653 ad
2254 1598 2416 1655 ﬁdem
2467 1604 2786 1673 perductos,
2841 1606 2988 1665 aliud
3038 1608 3225 1667 ﬁdeles
3269 1613 3473 1686 lapsos,
3508 1633 3537 1673 a

1942 1689 2102 1744 nobis
2131 1691 2464 1748 admonitos.

2015 1780 2182 1838 Vens.
2244 1783 2437 1840 47-49.
2474 1803 2495 1838 σ
2547 1784 2606 1843 Si
2646 1786 2943 1846 ini-aluerit
2997 1793 3147 1865 apud
3196 1810 3297 1852 vos
3343 1812 3541 1854 manus

1943 1872 2192 1938 advenae,
2225 1881 2391 1947 atque
2427 1878 2722 1950 peregrini,
2753 1888 2810 1937 et
2853 1891 3173 1943 attenuatus
3205 1887 3376 1945 frater
3411 1900 3542 1950 tuus

1943 1963 2253 2021 vendiderit
2289 1982 2348 2022 se
2387 1968 2456 2034 ei,
2500 1977 2596 2025 aut
2634 1971 2887 2042 cuiquam
2931 1975 3000 2030 de
3035 1977 3207 2049 stirpe
3236 1981 3383 2049 ejus,
3419 1992 3543 2053 rost

1942 2055 2314 2114 venditionem
2342 2069 2522 2132 potest
2550 2064 2765 2120 redimi.
2795 2064 2898 2133 Qui
2922 2069 3158 2127 voluerit
3186 2088 3256 2131 ex
3283 2073 3544 2134 fratribus

1944 2153 2085 2215 suis,
2117 2163 2265 2209 emet
2300 2170 2448 2221 eum,
2499 2166 2555 2212 et
2601 2166 2855 2228 patruus,
2883 2170 2941 2217 et
2988 2166 3270 2235 patruelis,
3303 2177 3361 2224 et
3410 2185 3548 2226 con-

1944 2248 2298 2315 sanguineus,
2330 2258 2386 2304 et
2413 2250 2609 2306 afﬁnis.
2640 2269 2661 2305 ι

2016 2338 2153 2406 Quia
2189 2342 2276 2397 lex
2311 2343 2587 2413 pertinere
2632 2346 2740 2403 sibi
2773 2351 3075 2407 secundum
3098 2355 3360 2422 litteram,
3392 2356 3462 2413 de
3490 2357 3549 2412 li-

1944 2433 2161 2490 bertate
2184 2434 2564 2508 indigenarum
2591 2439 2959 2498 lsraelitarum
2976 2446 3238 2512 ostendit,
3256 2457 3546 2519 propterea

1947 2542 2076 2591 etim
2119 2530 2214 2600 qui
2262 2530 2318 2584 in
2353 2532 2435 2586 eis
2462 2531 2708 2589 deterius
2753 2546 2983 2606 propter
3022 2549 3424 2610 paupertatem,
3454 2552 3550 2598 aut

1949 2623 2184 2704 aliquam
2210 2624 2369 2679 aliam
2406 2612 2796 2683 necessitatem
2817 2641 2962 2700 aget,
2993 2633 3304 2704 proselytis.
3335 2635 3424 2691 vel
3465 2635 3550 2691 in-

1948 2695 2194 2793 quilinis,
2227 2718 2321 2790 qtti
2350 2719 2418 2774 de
2450 2720 2536 2775 his
2563 2721 2783 2790 quidem
2808 2695 2955 2778 idus,
2977 2695 3109 2781 sunt
3139 2695 3331 2798 genio,
3364 2728 3551 2787 adhae-

1949 2806 2103 2883 serit,
2134 2808 2342 2863 servire
2371 2824 2481 2864 non
2511 2811 2742 2883 patitur,
2776 2812 2873 2869 sed
2909 2813 3103 2869 redimi
3128 2830 3257 2870 eum
3281 2817 3352 2873 ab
3372 2816 3556 2890 aliquo

1953 2910 2177 2952 suorum
2208 2906 2569 2973 cognatorum
2600 2904 2884 2974 praecepit.
2935 2904 3094 2970 Vide,
3135 2909 3414 2978 quomodo
3449 2909 3556 2966 hoc

1950 2984 2217 3065 custodiri
2246 2999 2308 3069 et
2328 2993 2632 3069 secundum
2656 3010 2939 3069 anagOgcn
2972 2997 3276 3070 spiritalem
3314 3011 3552 3073 Oportet,

1954 3092 2032 3136 all.
2053 3092 2202 3137 enim
2223 3100 2241 3137 Ζ

242 3172 450 3230 Servus
488 3190 592 3228 non
641 3182 820 3228 inane!
848 3174 906 3228 in
938 3174 1093 3229 domo
1128 3174 1182 3228 in
1205 3185 1461 3230 internum
1497 3176 1560 3243 ⁸⁷,
1590 3178 1737 3249 quod
1766 3188 1854 3235 est
1874 3191 1924 3250 ο
2030 3175 2092 3232 Si
2120 3178 2410 3233 innotuerit
2445 3180 2593 3251 apud
2624 3197 2712 3236 vos
2745 3198 2934 3238 manus
2974 3184 3190 3240 advena
3212 3196 3373 3258 atque
3404 3205 3556 3258 pere.

240 3262 683 3320 inhabitantium
717 3264 1023 3335 proprium.
1059 3262 1168 3320 Sed
1212 3266 1289 3320 ait
1318 3266 1619 3338 legislator,
1653 3261 1857 3326 secun—

241 3358 382 3414 dum
418 3356 773 3429 Septuaginta
802 3357 905 3412 :Et
933 3358 1002 3413 de
1037 3358 1285 3431 cognatis
1329 3358 1597 3430 ipsorum,
1621 3363 1859 3433 quicun-

242 3459 362 3515 que
405 3443 609 3499 fuerint
636 3445 690 3499 in
734 3454 878 3501 terra
907 3454 1106 3513 vestra,
1150 3456 1315 3504 erunt
1352 3450 1510 3505 vobis
1548 3451 1603 3506 in
1634 3468 1857 3524 posses-

244 3535 486 3591 sionem.
519 3535 747 3608 Cognati
792 3536 939 3593 enim
967 3536 1309 3605 Judaeornm,
1352 3552 1581 3614 propter
1625 3544 1862 3601 inﬁdeli-

247 3639 452 3697 tatem,
489 3629 734 3687 haeretici
781 3640 930 3699 sunt,
957 3632 1084 3703 quia
1126 3650 1236 3688 non
1268 3635 1451 3705 plene,
1487 3636 1631 3691 sicut
1681 3647 1738 3693 et
1783 3636 1859 3691 illi

243 3721 520 3787 sentiunt,
555 3730 611 3777 et
639 3722 830 3777 eadem
870 3722 1032 3779 nobis
1068 3723 1375 3795 praedicant
1428 3725 1711 3796 mysteria,
1741 3724 1857 3780 non

246 3823 439 3868 tamen
470 3815 525 3868 in
560 3814 768 3869 eiSdem
800 3800 989 3881 rectis,
1019 3823 1077 3869 et
1100 3879 1105 3887 _
1126 3815 1406 3886 perfectis,
1453 3825 1510 3871 et
1540 3817 1771 3889 integris
1803 3817 1856 3872 in

248 3904 431 3963 Deum
475 3905 865 3985 dogmatibus:
900 3907 1047 3962 unde
1079 3916 1209 3963 sunt
1233 3907 1453 3978 quidem
1487 3908 1544 3964 in
1568 3918 1720 3966 terra
1750 3910 1859 3967 no-

246 4004 392 4059 stra,
416 3997 509 4051 sed
546 3997 826 4067 inquilini.
1338 4070 1343 4073 _
1838 4000 1841 4005 '

330 4086 446 4142 flos
483 4088 758 4151 habebitis,
810 4087 1010 4160 inquit,
1062 4090 1119 4143 in
1166 4091 1489 4162 famulos,‘ct
1519 4093 1860 4149 luet'cditario

226 4181 381 4255 jure
417 4180 785 4237 transmittetis
815 4182 889 4237 ad
928 4193 1187 4253 posteros,
1220 4203 1285 4239 ac
1316 4186 1646 4256 possidebitis
1685 4188 1743 4242 in
1796 4204 1862 4243 at-

240 4287 489 4331 tentum.
530 4270 898 4347 Quoscunque
948 4292 1078 4348 ergo
1120 4293 1186 4334 ex
1232 4280 1488 4350 gentibus
1523 4281 1858 4348 inﬁdelibus,

250 4377 359 4423 aut
394 4384 456 4422 ex
485 4367 710 4430 Judzeis.
741 4380 926 4425 autex
949 4368 1224 4426 haereticis
1253 4371 1444 4427 lucrati
1468 4371 1764 4440 fuerimus,
1804 4385 1861 4432 et

252 4461 375 4515 Deo
397 4461 777 4525 ohtulerimus,
821 4477 1120 4533 servosque
1158 4473 1213 4518 et
1237 4465 1465 4521 ancillas
1500 4467 1859 4538 acquisiveri-

250 4563 407 4615 mus,
440 4548 820 4620 impendentes
851 4567 952 4622 pro
978 4553 1058 4607 eis
1079 4552 1342 4608 doctrinze
1365 4556 1680 4626 pecuniam,
1710 4558 1766 4613 bi
1800 4559 1857 4615 in
1893 4531 1935 4586 θ

254 4643 451 4693 nostra
481 4638 835 4708 possessione
871 4650 1016 4696 sunt.
1046 4642 1152 4698 Sed
1181 4652 1238 4699 et
1265 4645 1389 4700 ﬁliis
1413 4648 1638 4713 nostris,
1673 4650 1726 4705 id
1751 4659 1856 4719 est,

254 4729 579 4799 discipulis,
611 4730 858 4787 dividere
886 4748 1006 4796 eos,
1042 4734 1094 4788 id
1136 4745 1241 4802 est,
1274 4738 1488 4794 tradere
1522 4755 1713 4797 eorum
1743 4743 1860 4798 dis-

253 4819 563 4890 cipulatum
594 4837 906 4892 possumus.
932 4824 1085 4890 Quod
1117 4826 1431 4884 manifestat
1457 4829 1679 4898 Paulus,
1703 4833 1861 4903 cujus

254 4912 409 4967 sicut
441 4908 535 4967 ﬁlii
576 4923 733 4968 erant
766 4915 1018 4986 discipuli
1051 4915 1205 4975 Titus
1240 4930 1296 4974 et
1333 4919 1677 4979 Timotheus.
1722 4924 1858 4979 Nam

254 5003 580 5068 Timotheo,
608 5006 968 5065 dilectissimo
1000 5009 1109 5066 ﬁlio
1155 5011 1209 5066 in
1246 5011 1372 5081 ﬁde,
1422 5024 1478 5070 et
1529 5014 1654 5072 Tito
1692 5019 1859 5075 dilec-

258 5096 481 5177 tissimo
536 5096 646 5154 ﬁlio
694 5101 1001 5158 secundum
1057 5118 1404 5162 communem
1438 5107 1622 5177 ﬁdem,
1651 5112 1719 5166 ad
1765 5128 1860 5168 eos

256 5170 512 5269 scribens
552 5192 962 5260 przescribebat.
994 5193 1203 5251 Deinde
1248 5197 1379 5252 huic
1415 5170 1701 5272 Ephesios,
1734 5204 1862 5261 huic

256 5280 560 5340 Cretenses
614 5284 911 5341 distribuit.
958 5283 1097 5342 Nam
1152 5289 1226 5343 illi
1273 5292 1496 5362 quidem
1549 5295 1859 5354 scribebat:

258 5367 415 5429 Sicut
458 5376 645 5447 rogavi
686 5386 755 5444 te,
797 5387 853 5433 ut
892 5396 1194 5438 remanere:
1235 5383 1452 5454 Ephesi,
1480 5403 1598 5442 cum
1640 5390 1772 5445 irem
1811 5392 1867 5446 in

261 5464 665 5536 Macedoniam,
711 5481 769 5526 ut
815 5476 1167 5532 annuntiarcs
1212 5478 1549 5549 quibusdam,
1588 5464 1662 5537 ne
1713 5484 1869 5541 aliter

258 5560 509 5615 docerent
541 5562 607 5616 ³⁸.
649 5548 773 5620 Tito
797 5575 1014 5624 autem:
1055 5548 1234 5643 Hujus
1275 5572 1354 5626 rei
1383 5574 1562 5645 gratia
1602 5575 1792 5647 reliqui
1821 5587 1870 5632 te

261 5649 471 5718 Creta;
513 5663 570 5708 ut
608 5672 670 5710 ea
712 5673 829 5728 qua:
857 5659 1043 5715 desunt
1083 5663 1339 5737 corrigas,
1370 5674 1417 5719 et
1453 5659 1743 5724 constituas
1773 5686 1865 5740 per

348 5826 542 5887 “Act.
576 5850 694 5901 xm,
736 5832 828 5892 iﬁ.
906 5838 950 5871 ”
980 5839 1105 5897 Act.
1142 5859 1256 5911 κγ’,
1288 5845 1376 5903 50.
1452 5844 1500 5878 ³³
1525 5845 1670 5901 Psal.
1705 5863 1791 5917 tv,
1820 5849 1847 5903 7

1958 5848 1994 5881 ’τ
2030 5847 2187 5905 Joan.
2220 5856 2340 5918 vin,
2373 5848 2461 5905 35‘.
2543 5853 2585 5884 3"
2619 5854 2637 5910 Ι
2675 5854 2819 5911 Tim.
2855 5874 2892 5916 t.
2925 5856 2980 5912 2i.

1960 3269 2102 3339 grini
2150 3271 2289 3339 (sive
2321 3282 2383 3345 ut
2425 3264 2779 3345 Septuaginta
2803 3276 3113 3349 inquilini.)
3152 3288 3200 3334 et
3250 3290 3559 3337 attenuatus

1962 3363 2131 3433 frater
2181 3372 2301 3419 tuus
2346 3364 2729 3435 vendiderit“;
2756 3369 2805 3435 ei
2857 3377 2950 3423 aut
2986 3371 3238 3439 cuiquam
3285 3372 3351 3428 de
3392 3375 3559 3446 stirpe

1963 3453 2099 3523 ejus.

2032 3545 2093 3601 Μ
2131 3555 2237 3614 cst,
2287 3548 2333 3604 si
2380 3547 2433 3604 is
2468 3550 2561 3621 qui
2603 3550 2669 3606 ad
2721 3551 2887 3608 ﬁdem
2918 3567 2986 3607 ex
3033 3555 3312 3624 gentibus,
3341 3566 3439 3613 aut
3490 3573 3556 3614 ex

1950 3640 2185 3709 Juduais,
2227 3653 2324 3698 aut
2352 3646 2578 3700 omnino
2607 3646 2903 3715 luereticis,
2935 3648 3151 3706 noviter
3180 3660 3385 3709 nostra:
3431 3652 3558 3710 ﬁdei

1955 3733 2296 3805 conjuncttts
2332 3737 2512 3791 claros
2541 3745 2628 3791 est
2660 3738 2979 3804 virtutibus,
3011 3740 3085 3796 ita
3132 3749 3194 3796 ut
3243 3753 3443 3814 potens
3487 3747 3562 3803 sit

1964 3824 2017 3878 in
2044 3826 2354 3897 arguendo,
2374 3837 2431 3882 ct
2448 3826 2792 3885 exhortando
2809 3838 3120 3900 peccantes,
3145 3833 3309 3904 hujus
3339 3837 3559 3905 proprie

1954 3937 2160 3985 manus
2192 3920 2499 3989 invalescit,
2528 3923 2740 3987 sive,ut
2761 3925 3138 3999 Septuaginta,
3168 3929 3398 3998 invenit,
3431 3934 3558 4003 quia

1962 4030 2064 4084 per
2101 4030 2257 4070 suam
2291 4016 2564 4073 actionem
2600 4017 2848 4075 invenire
2877 4028 2935 4075 et
2974 4020 3211 4077 aliorum
3258 4040 3559 4083 conversa-

1966 4106 2170 4162 tionem
2211 4117 2268 4164 et
2318 4110 2758 4166 exhortationem
2804 4123 3009 4183 potest.
3057 4114 3264 4173 Deinde
3304 4128 3362 4174 et
3389 4119 3560 4177 frater

1966 4206 2114 4265 tuus,
2145 4202 2237 4271 qui
2266 4201 2398 4263 olim
2444 4202 2699 4269 eruditus
2732 4213 2825 4259 est
2869 4204 2926 4260 in
2974 4206 3167 4273 verbo,
3198 4208 3294 4264 sed
3325 4218 3383 4266 et
3431 4212 3557 4282 quia

1962 4292 2192 4363 aequalis
2240 4292 2340 4348 tibi
2386 4305 2473 4353 est
2516 4295 2821 4355 secundum
2858 4306 3065 4355 sortem
3101 4303 3559 4366 conversationis.

1967 4387 2070 4441 hoc
2099 4394 2189 4441 est
2236 4386 2386 4441 enim
2424 4380 2592 4447 frater
2634 4398 2979 4456 attenuatus,
3014 4392 3070 4449 id
3122 4404 3229 4462 est,
3269 4412 3378 4451 non
3418 4397 3566 4454 inve-

1967 4478 2128 4535 niens
2160 4479 2568 4547 exhortantem,
2595 4489 2653 4537 et
2688 4483 2982 4541 consilium
3010 4486 3233 4543 (tandem
3261 4508 3274 4543 :
3313 4491 3560 4557 advena,

1963 4572 2080 4628 sive
2113 4573 2423 4646 peregrino,
2464 4575 2551 4631 vel
2594 4575 2869 4648 inquilin
2896 4594 2958 4635 se
2988 4582 3319 4648 vendiderit,
3363 4585 3417 4640 id
3454 4599 3562 4652 est,

1961 4664 2013 4720 ei
2052 4665 2151 4736 qui
2202 4667 2423 4723 noviter
2451 4669 2522 4725 de
2550 4670 2828 4740 gentibus,
2852 4680 2948 4727 aut
2984 4673 3053 4729 de
3080 4673 3306 4744 Iudaeis,
3340 4687 3438 4734 aut
3473 4695 3565 4734 se-

1963 4757 2207 4815 cundum
2251 4759 2400 4829 quod
2446 4760 2687 4817 diximus
2729 4764 3004 4821 haereticis
3034 4767 3317 4833 credenti.
3350 4785 3565 4827 venun-

1964 4845 2128 4901 datur
2174 4855 2361 4904 autem
2407 4846 2494 4912 ei.
2544 4849 2639 4905 illo
2684 4852 2917 4908 verbum
2965 4851 3291 4919 doctorale.
3343 4868 3567 4930 propter

1963 4936 2441 5003 conversationem
2472 4938 2594 5008 ejus
2623 4939 3009 5012 impendente:
3043 4945 3171 5015 quia
3201 4946 3565 5021 incongruum

1964 5034 2051 5081 cst
2103 5041 2253 5092 eum,
2292 5029 2390 5100 qui
2444 5030 2575 5086 olim
2636 5030 2693 5086 in
2734 5033 2881 5089 clara
2917 5034 3151 5093 scientia
3181 5046 3238 5093 et
3281 5054 3568 5098 conversa-

1964 5117 2116 5173 tione
2144 5128 2311 5175 notus
2336 5120 2461 5184 fuit,
2492 5123 2595 5179 sub
2620 5138 2690 5179 eo
2717 5125 2811 5195 qui
2848 5126 3069 5182 noviter
3103 5128 3170 5184 ad
3203 5128 3367 5184 fidem
3394 5133 3563 5198 venit,

1967 5227 2150 5282 agerc.
2198 5211 2319 5269 Non
2367 5223 2456 5269 est
2509 5216 2658 5272 enim
2697 5233 2865 5288 parva
2902 5235 2993 5275 res
3042 5220 3425 5292 discipulatus.
3468 5226 3564 5282 sed

1968 5304 2126 5360 multi
2169 5308 2458 5377 temporis,
2496 5309 2628 5366 vitae
2665 5310 2832 5367 etiam
2871 5327 2981 5368 non
3022 5314 3271 5371 modicos
3302 5316 3569 5374 decursus

1967 5398 2038 5454 ad
2078 5398 2479 5469 perfectionem
2518 5403 2887 5461 necessarius.
2921 5403 3090 5462 Recte
3128 5406 3435 5471 redimitur.
3471 5412 3567 5481 qui

1972 5481 2210 5538 voluerit
2247 5499 2316 5540 ex
2348 5483 2611 5541 fratribus
2648 5486 2787 5555 suis,
2819 5497 2965 5544 emet
2996 5503 3144 5556 cum,
3170 5489 3380 5563 idest,
3415 5494 3570 5565 quis-

1973 5576 2121 5650 piam
2156 5590 2284 5631 eum
2325 5576 2521 5633 similis
2571 5578 2822 5643 honoris.
2867 5580 3172 5652 similisque
3218 5584 3487 5655 scientia,
3510 5595 3571 5645 et

1973 5669 2412 5731 conversationis
2472 5687 2571 5742 per
2618 5687 2776 5729 suam
2825 5674 3132 5731 doctrinam
3183 5678 3455 5747 redimat,
3506 5691 3567 5736 et

3078 5860 3122 5892 "
3156 5858 3260 5916 Tit.
3295 5875 3334 5929 ι,
3367 5856 3424 5918 5.
