3892 6416
449 354 468 418 ι
490 352 589 425 135

450 469 614 526 faciat
656 484 766 523 uon
794 483 932 538 opus
968 467 1171 522 habere
1211 466 1493 522 admoneri
1521 466 1591 520 ah
1616 466 1717 528 eis,
1748 481 1888 535 quos
1922 465 2038 532 ipse
2070 469 2108 524 Α

448 561 640 617 debuit
672 560 990 625 admonere,
1047 569 1234 630 utpote
1289 560 1380 629 qui
1437 560 1492 614 in
1532 558 1756 613 scientia
1807 556 2034 628 perfecit

447 668 545 708 eos
584 653 677 724 qui
713 653 893 707 adhuc
948 654 1108 709 modo
1157 653 1323 724 geniti
1382 662 1529 706 sunt.
1573 650 1690 705 Non
1749 661 1832 705 est
1884 651 2030 706 enim

447 744 847 817 qualiscunque
875 743 929 797 in
966 744 1278 799 doctoribus
1310 742 1561 814 dignitas,
1595 742 1736 812 lougi
1771 744 2033 810 temporis

447 835 695 898 seteutia,
719 835 771 887 iu
802 840 1011 888 tantum
1054 844 1112 888 ut
1151 833 1371 897 Paulus,
1406 832 1625 903 quando
1659 830 2031 887 Philemonem

446 924 661 978 volebat
699 924 941 995 alligare,
978 925 1059 979 sic
1093 924 1403 994 scripsisset
1437 940 1451 976 :
1493 922 1734 978 Obsecro
1755 938 1880 977 cuin
1913 923 2033 977 talis

352 1050 363 1059 -
446 1018 544 1082 sis,
568 1025 627 1071 ut
654 1016 854 1071 Paulus
892 1030 1081 1081 senex,
1109 1030 1256 1069 nunc
1282 1022 1466 1068 autem
1490 1023 1546 1069 et
1584 1013 1799 1069 vinctus
1828 1013 2031 1068 Christi

444 1102 593 1160 Jesu.
639 1104 706 1158 lit
735 1114 1064 1160 vetustatem
1099 1105 1382 1175 temporis,
1415 1105 1770 1169 confessioni,
1809 1120 1940 1174 quae
1980 1104 2032 1158 in

448 1193 683 1247 vinculis
720 1202 860 1258 erat,
909 1194 1215 1260 conjunxit,
1249 1201 1438 1263 utpote
1478 1192 1731 1248 idoneam
1760 1195 2029 1248 exsistet:-

443 1293 551 1337 tem
592 1282 660 1336 ad
699 1284 925 1354 gloriam
958 1298 1150 1338 eorum
1189 1282 1357 1353 quiin
1396 1282 1623 1337 scicntia
1659 1282 2030 1353 profecerunt.

441 1368 674 1425 Patruus
705 1386 855 1443 ergo,
882 1380 937 1426 et
967 1373 1251 1441 patruelis,
1280 1379 1336 1426 et
1365 1371 1828 1441 consanguineus,
1854 1379 1910 1425 et
1952 1369 2011 1424 af
2017 1396 2035 1410 ο

442 1459 566 1514 finis
619 1460 855 1515 redimat
908 1475 1054 1513 eum.
1099 1458 1288 1514 Patres
1317 1459 1488 1515 nostri
1545 1469 1675 1513 sunt
1730 1458 2030 1514 secundum

442 1547 720 1618 spiritum,
754 1548 845 1617 qui
880 1563 980 1602 nos
1010 1557 1439 1620 genueruntper
1474 1548 1678 1603 Christi
1701 1548 2029 1613 doctrinam,

442 1645 665 1706 propter
702 1636 849 1705 quod
883 1644 940 1689 et
978 1635 1180 1691 Paulus
1220 1636 1521 1691 Corinthiis
1553 1636 1846 1691 scribebat:
1887 1633 2032 1688 Nam

438 1725 537 1777 etsi
574 1722 766 1777 multos
794 1722 997 1777 habetis
1026 1726 1337 1796 pa’dagogos
1389 1727 1445 1779 iu
1501 1725 1725 1790 Christo,
1783 1727 1874 1778 sed
1930 1740 2032 1777 non

441 1816 635 1871 multos
657 1825 835 1886 patres
864 1816 930 1869 “’.
964 1815 1018 1869 lu
1059 1816 1281 1871 Christo
1311 1816 1457 1871 enim
1479 1816 1629 1881 Jesu,
1662 1832 1757 1886 per
1787 1818 2031 1886 Evange-
2065 1816 2105 1871 Β

441 1908 573 1962 lium
621 1923 720 1964 vos
768 1908 949 1979 genui.
989 1908 1270 1977 Quotquot
1323 1923 1453 1980 ergo
1486 1909 1682 1963 fratres
1723 1909 1940 1973 horum,
1978 1910 2031 1963 id

437 2008 522 2055 est
558 2000 894 2063 sacerdotes,
943 1998 1085 2054 sicut
1131 2008 1187 2054 et
1232 1999 1336 2071 ipsi
1376 2008 1504 2054 sunt
1536 2008 1593 2054 et
1627 1999 1901 2066 doctores,
1938 2009 2032 2054 aut

436 2103 491 2147 et
549 2093 645 2147 ﬁlii
700 2092 955 2160 fratrum,
1010 2101 1108 2146 aut
1153 2092 1409 2162 discipuli
1458 2092 1678 2163 quidem
1716 2108 1928 2161 eorum,
1973 2093 2028 2147 in

435 2186 684 2239 eamdem
736 2194 917 2240 autem
971 2200 1135 2254 quam
1176 2183 1266 2239 ille
1311 2178 1597 2240 scientiam
1632 2195 1687 2239 et
1721 2186 2028 2240 doctrinam

438 2278 687 2349 provecti
740 2286 893 2340 sunt,
931 2278 1131 2332 fratres
1168 2278 1336 2348 patris
1392 2287 1540 2333 recte
1596 2278 1871 2334 dicuntur.
1926 2278 2029 2345 Qui

435 2372 580 2425 enim
617 2356 1013 2442 consanguinei
1064 2378 1120 2423 et
1159 2369 1349 2425 afﬁnes
1397 2378 1528 2425 sunt
1578 2369 1699 2439 ejus
1759 2370 1857 2440 qui
1907 2384 2031 2441 eget

435 2465 663 2520 consilio
693 2472 748 2517 et
776 2463 1187 2526 exhortatione,
1218 2461 1272 2515 id
1304 2470 1411 2526 est,
1446 2470 1507 2516 ut
1536 2463 1627 2531 qui
1656 2461 1903 2528 ejusdem
1943 2463 2028 2516 di-

434 2555 656 2626 gnitatis
686 2563 742 2607 et
790 2552 1229 2608 conversationis
1261 2552 1503 2618 fuerunt,
1549 2551 1603 2605 bi
1641 2566 1831 2607 rursus
1877 2552 2027 2606 redi-

437 2656 612 2710 munt,
642 2646 791 2700 Pauli
820 2659 1095 2699 memores
1127 2645 1304 2699 vocis:
1352 2643 1412 2698 Si
1438 2645 1555 2715 quis
1583 2655 1762 2700 autem
1788 2661 2026 2713 suorum,

435 2749 485 2795 et
530 2739 761 2793 maxime
813 2737 1220 2791 domesticorum
1266 2752 1451 2790 curam
1493 2753 1597 2791 non
1642 2737 1836 2804 habet,
1870 2738 2027 2807 [idem

436 2830 678 2901 negavit,
709 2838 758 2882 et
788 2837 861 2883 est
892 2828 1093 2896 inﬁdeli
1141 2829 1373 2882 deterior
1401 2829 1466 2895 δι,
1500 2838 1555 2883 et
1592 2830 1685 2896 qui
1714 2838 1930 2900 oportet
1959 2831 2024 2885 ad

424 2935 629 2977 oumes
647 2920 852 2975 bonum
884 2918 1201 2984 ostendere,
1219 2918 1452 2975 maxime
1474 2929 1655 2974 autem
1676 2922 1745 2975 ad
1776 2921 2025 2991 proprios

436 3016 583 3072 fidei.
647 3014 713 3070 lli
767 3028 897 3086 ergo
957 3013 1121 3068 nobis
1176 3014 1570 3083 consanguinei
1641 3032 1741 3086 per
1801 3031 2021 3070 carnem

433 3109 636 3165 Christi
665 3120 812 3174 sunt,
846 3107 974 3178 quia
1013 3108 1081 3163 de
1128 3123 1290 3162 carne
1325 3108 1446 3178 ejus
1478 3117 1533 3163 et
1560 3108 1625 3163 de
1653 3109 1870 3165 ossibus
1900 3111 2021 3181 ejus

435 3216 647 3265 sumus,
680 3198 1143 3269 quemadmodum
1169 3197 1285 3268 ipse
1313 3213 1503 3253 rursus
1538 3198 1738 3252 Paulus
1764 3198 2021 3268 Ephesiis

435 3293 675 3363 scripsit.
713 3291 770 3344 In
818 3300 1029 3345 tantum
1071 3304 1202 3360 ergo
1240 3289 1435 3343 melius
1462 3297 1547 3344 est
1577 3289 1645 3343 ab
1669 3290 1928 3359 antiquis,
1966 3299 2022 3344 ct

435 3389 680 3457 ejusdem
734 3384 858 3439 fidei
910 3382 1189 3439 admoneri
1246 3381 1497 3452 eumqui
1563 3381 1616 3435 in
1665 3383 1886 3437 actione
1927 3393 2023 3438 aut

435 3481 662 3536 scientia
695 3479 877 3533 minor
913 3486 1015 3545 est,
1048 3477 1173 3547 quia
1204 3475 1421 3546 Apelles
1456 3475 1883 3541 Alexandrinus,
1920 3476 2022 3530 do-

435 3581 556 3628 ctus
601 3571 862 3642 magister
890 3580 1007 3625 erat
1044 3578 1099 3624 et
1143 3570 1341 3634 clarus,
1381 3569 1477 3624 sed
1532 3580 1715 3623 tamen
1749 3569 2021 3623 minorem

435 3664 718 3719 scientiam
753 3662 1011 3727 habebat,
1047 3670 1103 3715 et
1142 3661 1247 3715 hoc
1280 3661 1424 3730 quod
1464 3669 1583 3714 erat
1610 3673 1908 3724 summum,
1939 3673 2023 3712 re-

436 3755 811 3829 prehensibile
860 3756 1115 3820 habebat,
1168 3755 1423 3809 nesciens
1467 3752 1673 3807 Christi
1728 3752 2019 3822 baptisma.

436 3849 590 3907 Unde
638 3847 882 3903 Priscilla
937 3855 994 3902 et
1038 3846 1233 3916 Aquila
1285 3851 1648 3915 susceperunt
1686 3844 1835 3898 hunc
1863 3844 1932 3910 δ’,
1968 3853 2025 3898 et

434 3937 695 3991 subtilius
727 3942 1106 4005 exposuerunt
1156 3933 1207 3988 ei
1239 3934 1399 3998 viam,
1451 3936 1596 3988 sicut
1630 3933 1709 3987 ait
1732 3933 1929 3998 Lucas,
1966 3933 2020 3987 id

434 4038 543 4093 est,
571 4043 657 4091 ea.
689 4044 811 4098 quze
841 4027 1192 4097 pertinebant
1220 4028 1285 4081 ad
1310 4027 1615 4081 doctrinam
1639 4036 1695 4081 et
1709 4027 2019 4082 scientiam:

433 4112 797 4191 incongruum
826 4133 949 4172 esse
982 4124 1257 4187 putantes,
1293 4117 1338 4171 si
1370 4117 1440 4171 ab
1462 4116 1585 4170 aliis
1613 4125 1668 4171 et
1709 4132 1819 4172 non
1852 4118 1920 4173 ab
1942 4118 2024 4172 eis

433 4213 526 4283 qui
591 4214 646 4267 in
709 4210 941 4266 scientia
1002 4209 1395 4280 profecerunt,
1444 4210 1633 4279 quales
1681 4219 1840 4266 erant
1894 4211 2019 4282 ipsi,

434 4303 821 4357 emendaretur
863 4301 1072 4355 doctor.
1118 4299 1225 4356 Sed
1247 4309 1305 4355 et
1332 4315 1457 4355 cum
1502 4301 1618 4355 haec
1646 4300 1758 4357 sint
1788 4302 2024 4357 admira-

435 4395 588 4457 bilia,
613 4393 794 4448 adhuc
821 4392 1228 4449 admirabiliora
1250 4403 1573 4464 sequuntur.

1642 350 2006 413 HESYCIIII
2063 348 2543 411 PBESBYTERI
2582 414 2587 419 ,

3560 362 3580 423 1
3592 364 3669 430 136

2213 460 2449 517 Tantum
2486 464 2553 518 de
2575 463 2825 520 libertate
2866 474 3075 533 nostra,
3110 478 3163 523 et
3189 469 3481 533 honestate.
3508 490 3551 531 et
3577 483 3669 547 ειοε

2136 551 2369 607 riatione
2409 553 2464 606 in
2516 555 2674 609 nobis
2698 595 2712 618 .
2745 565 2802 611 et
2840 557 3174 613 confidentia
3221 571 3435 616 sanctus
3477 563 3671 636 Spiritus

2135 644 2231 706 ait.
2274 653 2333 698 ut
2365 660 2815 718 unumquemque
2853 661 3104 705 nostrum
3154 653 3255 708 sub
3297 656 3542 711 servitute
3570 675 3674 729 pee-

2135 740 2243 793 cati
2293 740 2677 805 constitutum,
2713 740 3012 795 virtutibus
3068 743 3350 812 prtecipiat
3400 747 3591 813 redimi,
3632 761 3677 807 et

2134 832 2596 896 correctionibus,
2616 833 2663 887 si
2692 833 2844 888 verbi
2876 834 3070 905 gratia.
3106 835 3344 890 cilicium
3375 846 3427 891 ct
3452 839 3674 906 cinerem,

2134 930 2189 976 ct
2229 923 2513 994 lacrymas.
2550 933 2607 978 et
2653 939 2773 979 eam
2820 941 2942 995 qua:
2974 925 3030 980 in
3062 925 3149 981 bis
3200 936 3285 982 est
3321 928 3675 986 confessionem

2135 1013 2335 1069 lucrari
2392 1015 2667 1079 volumus,
2727 1024 2783 1072 et
2819 1031 3161 1088 quaecunque
3213 1033 3338 1074 cum
3384 1018 3464 1073 his
3510 1037 3676 1077 auuutu

2135 1102 2422 1157 continent
2454 1103 2663 1173 jubilmi
2690 1144 2704 1169 ,
2742 1102 2857 1160 sive
2893 1105 3257 1166 remissionis,
3308 1106 3374 1160 ad
3408 1107 3676 1176 bujusmodi

2133 1194 2282 1248 enim
2324 1196 2705 1264 probationem
2754 1197 3048 1267 praesentia
3084 1199 3361 1268 exposuit.
3412 1197 3503 1254 Sin
3528 1210 3678 1257 autem

2135 1292 2190 1337 ct
2233 1283 2347 1355 ipse
2395 1286 2653 1356 potuerit,
2707 1287 2941 1341 redimet
2987 1302 3047 1341 se
3098 1289 3413 1358 supputatis
3455 1291 3680 1348 duntaxat

2134 1366 2316 1441 annis,
2354 1391 2385 1431 a
2418 1385 2663 1447 tempore
2688 1378 3020 1434 venditionis
3047 1394 3181 1443 suae,
3214 1395 3388 1450 usque
3416 1381 3480 1434 ad
3508 1398 3678 1440 annum

2130 1466 2357 1535 jubila-i.
2400 1468 2458 1521 Si
2505 1468 2653 1523 enim
2699 1485 2905 1540 pauper
2949 1470 3129 1526 factus
3161 1488 3261 1543 per
3294 1476 3681 1545 peccatum,qui

2134 1559 2286 1628 prius
2311 1559 2465 1614 dives
2488 1569 2607 1614 erat
2635 1561 2686 1614 in
2709 1560 3003 1616 virtutibus
3020 1572 3075 1617 et
3095 1555 3541 1632 correctionibus,
3562 1578 3679 1621 recte

2134 1651 2489 1721 semetipsum
2524 1651 2799 1716 liberavit,
2839 1652 2969 1707 dum
3006 1652 3239 1708 sufﬁciat
3286 1655 3353 1711 ad
3381 1658 3678 1713 exhortatio-

2136 1758 2264 1796 nem
2301 1746 2600 1813 propriam.
2637 1744 3027 1800 Verumtamcn
3058 1761 3163 1800 nec
3219 1746 3310 1801 hic
3351 1747 3602 1819 integrum
3627 1751 3679 1805 de

2135 1850 2193 1889 sc
2229 1835 2487 1892 conﬁdat.
2523 1846 2580 1889 ut
2610 1837 2701 1905 qui
2736 1837 2906 1891 semel
2956 1837 3267 1895 inﬁrmatus
3314 1848 3417 1905 cst,
3463 1842 3681 1895 evhnrta-

2136 1924 2284 1978 tione
2316 1933 2371 1978 et
2399 1925 2629 1978 consilio
2651 1940 2841 1995 egens,
2859 1935 3141 1996 computet
3171 1928 3318 1997 apud
3344 1929 3676 1999 semctipsnm.

2134 2016 2184 2070 id
2226 2026 2331 2083 est,
2374 2031 2559 2071 secum
2603 2027 2797 2073 tractet
2851 2028 2907 2073 et
2965 2018 3257 2087 disceptet.
3321 2018 3412 2075 Sic
3455 2023 3588 2075 enim
3637 2033 3679 2076 ct

2132 2108 2514 2165 Theodotion:
2566 2110 2839 2165 Tractabit
2874 2129 2995 2165 cum
3028 2129 3107 2177 eo,
3142 2114 3236 2179 qui
3267 2114 3539 2184 acquisivit
3566 2133 3676 2172 eum.

2130 2202 2325 2272 Aquila
2366 2212 2570 2258 autem:
2596 2202 2917 2273 Supputabit
2940 2222 3057 2258 cum
3089 2222 3167 2267 eo.
3204 2208 3296 2276 qui
3318 2210 3538 2276 possedit
3564 2226 3676 2261 eum.

2131 2294 2193 2348 Ei
2219 2295 2310 2364 qui
2343 2297 2615 2360 tractavit,
2649 2298 2923 2366 quomodo
2957 2297 3156 2351 debeat
3188 2286 3389 2353 veram
3410 2299 3676 2355 libertatem

2130 2387 2232 2441 sibi
2285 2388 2653 2458 conquirere:
2712 2388 3048 2457 computavit
3084 2398 3270 2443 autem
3307 2391 3378 2446 ab
3425 2407 3560 2444 anno
3592 2409 3677 2461 quo

2129 2479 2483 2550 semetipsum
2513 2479 2779 2543 vendidit,
2811 2495 2982 2548 usque
3003 2480 3068 2534 ad
3102 2496 3314 2534 annum
3342 2482 3559 2552 jubilad,
3584 2486 3676 2538 sive

2128 2571 2489 2632 remissionis.
2522 2588 2552 2625 a
2585 2588 2694 2640 quo
2730 2572 2980 2641 videlicet
3015 2589 3257 2643 peccans
3288 2575 3437 2646 eguit
3482 2576 3676 2629 consilio

2126 2671 2182 2717 et
2220 2662 2506 2726 doctrina.
2554 2664 2859 2732 usquedum
2905 2663 3172 2735 integram
3245 2676 3303 2720 et
3346 2667 3671 2722 omnimodae:

2127 2765 2348 2828 peragat
2399 2756 2798 2827 paenitentiam,
2842 2760 2897 2811 in
2957 2773 3064 2828 qna
3120 2759 3502 2816 remissionem
3557 2760 3673 2815 acci-

2127 2849 2304 2919 piens,
2335 2847 2557 2917 zequalis
2606 2848 2653 2902 ei
2702 2848 2827 2913 ﬁat,
2876 2850 2967 2919 qui
3006 2851 3226 2921 penitus
3274 2867 3387 2905 non
3443 2852 3669 2922 peccavit.

2124 2937 2265 3004 Quid
2300 2946 2482 2992 autem
2517 2937 2805 2992 tractabit?
2844 2939 3043 3009 quibus
3092 2940 3392 2995 virtutibus
3446 2950 3497 2995 et
3520 2958 3672 2995 corre«

2123 3031 2418 3098 ctionibus,
2451 3047 2568 3086 eam
2603 3047 2724 3101 qum
2768 3049 2866 3102 pcr
2903 3034 3672 3104 studiosamperniteutiamest

2123 3128 2521 3194 remissionem,
2542 3130 2923 3200 apprehendre
2953 3140 3007 3184 et
3040 3132 3343 3199 procedere
3364 3134 3545 3202 possit.
3574 3131 3669 3188 Sie-

2123 3229 2208 3273 ut.
2239 3218 2386 3272 enim
2420 3218 2510 3288 qui
2545 3220 2829 3289 pecuniam
2855 3220 3090 3275 reddidit
3124 3225 3668 3294 re.letnptori,anuom

2123 3309 2463 3363 remissionis
2496 3320 2818 3379 exspectare
2849 3327 2988 3380 opus
3017 3329 3128 3366 nou
3160 3313 3424 3383 habebat,
3456 3317 3540 3387 qui
3578 3326 3669 3370 erat

2121 3402 2630 3473 quinquagesimus.
2680 3404 2770 3473 qui
2822 3404 3078 3474 jubilaeus
3123 3406 3434 3474 dicebatur,
3469 3411 3542 3465 sic
3595 3410 3667 3481 qui

2122 3502 2408 3561 peccatqu
2439 3492 2506 3547 ad
2550 3493 2841 3547 delendum
2891 3494 3022 3549 illud
3076 3497 3343 3565 aequales,
3382 3500 3492 3555 sive
3541 3515 3668 3570 pares

2123 3584 2352 3639 virtutes
2381 3584 2643 3655 exquirit,
2680 3586 2934 3655 pra-cedit
2968 3588 3379 3657 pmnitentiam,
3404 3591 3669 3645 actionibus

2122 3676 2281 3731 bonis
2300 3693 2359 3733 sc
2399 3677 2713 3732 redimens:
2736 3678 2880 3746 quod
2917 3677 3261 3734 demonstrat
3292 3680 3574 3748 Zachaeus,
3598 3681 3668 3752 qui

2122 3784 2246 3823 cum
2294 3769 2657 3840 plurimorqu
2710 3770 2945 3840 plurima
2993 3773 3349 3836 sustulisset,
3405 3791 3510 3830 non
3553 3776 3669 3847 eguit

2123 3877 2305 3929 sacco,
2329 3872 2386 3917 et
2415 3862 2621 3927 cinere,
2650 3871 2707 3916 et
2740 3861 3019 3932 lacrymis,
3050 3873 3102 3918 et
3134 3865 3409 3922 oratione.
3437 3865 3529 3920 Hic
3552 3867 3668 3919 enim

2123 3953 2283 4008 nobis
2320 3969 2499 4008 annus
2521 3952 2886 4020 remissionis,
2917 3953 3059 4009 sicut
3092 3956 3279 4011 omnia
3329 3958 3549 4019 habens.
3575 3974 3668 4028 qua:

2126 4043 2284 4099 nobis
2312 4042 2643 4098 fructificeut
2666 4043 3066 4099 remissionem.
3100 4043 3221 4099 Non
3250 4046 3480 4117 indiguit
3498 4056 3667 4110 autem,

2122 4132 2252 4202 quia
2286 4141 2511 4201 peccata
2543 4132 2770 4202 quidem
2803 4144 2961 4187 erant
3002 4135 3349 4203 pecuniaria:
3382 4135 3494 4205 ipse
3520 4145 3665 4188 autem

2124 4237 2208 4288 ea,
2250 4237 2372 4292 quae
2402 4221 2631 4291 abrepta
2671 4221 2910 4287 fuerant,
2961 4222 3214 4291 promisit
3240 4223 3467 4277 reddere
3488 4223 3538 4276 in
3560 4237 3666 4290 qua-

2122 4313 2400 4384 druplum,
2428 4299 2714 4367 dimidium
2746 4321 2928 4369 autem
2968 4328 3192 4367 suorum
3226 4314 3547 4368 distribuere
3567 4326 3666 4380 pauo

2124 4407 2370 4478 peribus.
2414 4405 2643 4474 Propter
2698 4405 2841 4474 quod
2897 4404 3151 4459 Christus
3200 4406 3269 4459 ad
3319 4421 3481 4459 eum:
3530 4402 3665 4458 Hodie

501 4488 663 4541 Vitas.
700 4485 890 4541 50-55.
923 4504 942 4537 ε
980 4485 1037 4540 Si
1068 4494 1250 4540 autem
1279 4494 1335 4541 et
1354 4485 1473 4555 ipse
1502 4484 1760 4556 potuerit,
1789 4484 2021 4541 redimet

2129 4501 2268 4556 salus
2319 4500 2439 4554 huic
2484 4501 2666 4552 domui
2696 4499 2839 4569 facta
2890 4507 2965 4552 est
2993 4497 3060 4566 “,
3104 4499 3412 4568 suscipiens
3448 4496 3664 4568 pecunias

433 4594 515 4647 se,
545 4579 857 4651 supputatis
882 4577 1149 4633 duntaxat
1176 4577 1336 4633 annis
1358 4592 1390 4631 a
1423 4585 1667 4648 tempore
1686 4576 2017 4633 venditionis

432 4688 548 4727 sua:
603 4685 779 4743 usque
823 4673 879 4725 in
928 4686 1134 4725 annum
1184 4670 1490 4741 jubilteum,
1542 4679 1594 4725 et
1628 4672 1861 4741 pecunia
1907 4685 2015 4742 qua

436 4764 690 4819 venditus
724 4764 936 4830 fuerat,
974 4764 1131 4834 juxta
1183 4777 1455 4817 annorum
1484 4777 1775 4818 numerum
1836 4772 1894 4818 et
1925 4779 2016 4818 ra-

434 4858 641 4911 tionem
670 4857 998 4912 mercenarii
1028 4865 1342 4927 supputata.
1375 4855 1433 4911 Si
1453 4857 1636 4927 plures
1652 4857 1854 4912 fuerint
1883 4858 2015 4911 anni

428 4952 526 5022 qui
570 4960 855 5005 remanent
887 4965 1059 5020 usque
1092 4951 1160 5004 ad
1211 4949 1515 5021 jubilzrum,
1564 4951 1864 5005 secundum
1914 4950 2015 5005 bos

429 5045 622 5101 reddet
647 5054 703 5101 et
743 5056 1000 5116 pretium.
1039 5044 1096 5099 Si
1142 5045 1319 5115 pauci,
1358 5054 1524 5114 ponet
1571 5043 1837 5099 rationem
1888 5058 2013 5096 cum

428 5153 497 5192 eo
526 5138 680 5207 juxta
714 5138 973 5207 pretium,
1005 5147 1059 5192 et
1084 5151 1375 5191 numerum
1409 5150 1701 5196 annorum,
1737 5144 1793 5187 et
1823 5133 2013 5188 reddet

427 5233 663 5301 emptori
695 5231 840 5302 quod
885 5230 1156 5301 reliquum
1203 5237 1289 5284 est
1330 5242 1621 5290 annorum,
1654 5225 1855 5294 quibus
1884 5233 2010 5278 ante

429 5323 659 5377 servivit
705 5321 1050 5376 mercedibus
1104 5317 1404 5389 imputatis.
1457 5315 1577 5369 Non
1628 5316 1829 5385 afﬂiget
1881 5329 2007 5368 eum

426 5414 694 5471 violenter
720 5414 776 5467 in
805 5421 1103 5482 conspectu
1145 5419 1257 5465 tuo.
1284 5409 1439 5476 Quod
1472 5409 1518 5462 si
1548 5424 1646 5480 per
1675 5408 1790 5462 llaec
1819 5407 2011 5463 redimi

431 5522 542 5562 nou
593 5505 848 5577 potuerit,
894 5519 1041 5559 anno
1077 5502 1300 5573 jubilzeo
1345 5501 1621 5571 egreditur
1669 5515 1794 5555 cum
1822 5500 2013 5555 liberis

430 5602 565 5654 suis.
594 5596 698 5651 Hei
726 5597 872 5651 enim
904 5603 1034 5651 sunt
1064 5593 1209 5650 servi
1243 5592 1336 5648 filii
1371 5593 1555 5658 lsrael,
1587 5607 1725 5663 quos
1753 5592 1915 5648 eduxi
1945 5592 2015 5648 de

432 5695 579 5746 terra
608 5687 844 5759 Egypti.
877 5689 989 5759 Ego
1019 5686 1282 5742 Dominus
1314 5685 1459 5741 Deus
1482 5695 1679 5742 vester.
1721 5702 1740 5739 ι

2120 4587 2516 4659 redemptionis
2537 4586 2677 4657 ejus,
2695 4585 2850 4639 dixit.
2876 4585 3210 4640 Admirabile
3241 4596 3327 4640 est
3351 4594 3527 4639 autem
3551 4578 3662 4654 quod

2119 4680 2394 4750 sequitur.

2188 4771 2255 4825 Et
2287 4770 2507 4841 pecunia
2542 4785 2645 4841 qua
2678 4768 2917 4823 venditus
2944 4769 3118 4839 fuerat
3135 4769 3300 4835 juxta
3325 4784 3567 4824 armorum
3588 4780 3656 4818 uu-

2119 4878 2342 4928 merum,
2379 4871 2426 4916 et
2460 4863 2719 4915 rationem
2748 4860 3061 4915 mercenarii
3087 4870 3452 4929 supputatam.

2196 4955 2323 5009 Sive
2353 4951 2653 5007 secundum
2686 4950 3042 5023 Septuaginta
3067 4971 3079 5003 :
3103 4953 3219 5007 Erit
3254 4954 3481 5023 pecunia
3518 4946 3662 5024 vcndi-

2122 5045 2283 5100 tionis
2312 5046 2431 5115 ejus
2465 5058 2610 5098 anno
2652 5043 2795 5097 sicut
2819 5043 2938 5098 dies
2966 5043 3292 5097 mercenarii
3317 5043 3428 5100 erit
3453 5058 3563 5096 cum
3592 5054 3657 5091 eo.

2116 5137 2258 5191 Cum
2298 5152 2408 5205 quo
2441 5134 2529 5189 die
2570 5147 2700 5205 ergo
2741 5133 3017 5205 legislator
3068 5147 3179 5186 non
3233 5133 3431 5187 l‘rustra
3463 5131 3660 5187 mentio-

2115 5244 2240 5283 nem
2264 5228 2410 5290 fccit,
2430 5227 2522 5283 sed
2548 5228 2694 5281 illam
2721 5226 2977 5289 iunuens,
2996 5238 3157 5296 quam
3182 5227 3435 5297 apertein
3455 5224 3657 5293 Evange-

2113 5317 2200 5375 liis
2216 5321 2474 5375 Dominus
2487 5318 2971 5383 ostendit,quando
2987 5318 3294 5389 parabolam
3308 5318 3653 5390 operariorum,

2118 5412 2213 5481 qui
2248 5412 2315 5465 ad
2346 5411 2561 5465 vineam
2611 5409 2868 5465 conducti
2918 5419 3083 5474 sunt.
3112 5409 3424 5481 exposuit“
3447 5402 3654 5478 :quando

2120 5505 2222 5558 hos
2240 5504 2461 5574 quidem
2481 5518 2661 5569 mane,
2682 5502 2801 5558 illos
2822 5511 3007 5558 autem
3040 5504 3171 5559 hora
3188 5505 3362 5570 tertia,
3394 5504 3488 5559 hos
3506 5509 3651 5555 autem

2121 5604 2271 5649 sexta
2302 5635 2319 5660 ,
2352 5595 2473 5649 illos
2506 5604 2689 5649 autem
2713 5609 2879 5661 nona,
2907 5592 3042 5650 alios
3062 5611 3195 5651 vero
3223 5595 3493 5650 undecima
3516 5599 3649 5661 quum

2122 5686 2354 5742 conduci
2394 5685 2643 5753 dixisset,
2684 5696 2741 5741 et
2786 5686 2901 5742 dari
2943 5688 3226 5744 mercedes
3277 5688 3379 5764 his,
3412 5685 3493 5757 qui
3534 5680 3643 5738 circa

502 5803 552 5837 ⁵⁸
579 5803 602 5860 ι
637 5802 758 5859 Cor.
797 5819 868 5869 tv,
892 5803 979 5856 15.
1057 5803 1097 5833 δ’
1132 5802 1248 5856 Cal.
1278 5817 1352 5869 vt,
1379 5803 1466 5859 10.
1543 5804 1586 5836 θ’
1613 5803 1731 5869 Act.
1759 5821 1877 5873 vin,
1906 5804 1998 5862 26.

2152 5806 2287 5860 Luc.
2319 5821 2430 5873 χιχ,
2466 5804 2519 5859 9.
2597 5804 2643 5838 "'
2671 5804 2865 5861 Matth.
2903 5821 2995 5870 xx,
3035 5808 3056 5859 Ι
3089 5819 3205 5876 seq.
