3892 6404
225 370 361 440 1137

1348 383 1425 443 1N
1470 379 1913 444 LEVITICUM.
1951 405 2020 416 —
2060 381 2207 440 LIB.
2246 382 2382 441 VII.

3359 379 3498 445 1138

224 484 571 541 undecimam
606 488 865 544 conducti
894 497 1052 552 sunt,
1070 489 1216 543 sicut
1238 488 1324 542 his
1343 488 1436 557 qui
1466 496 1639 545 totam
1660 486 1804 542 diem
1837 490 1879 548 Α
1910 484 2349 556 praedicaverunt
2376 486 2672 556 jejunium,
2726 497 2783 543 et
2835 490 3011 545 induti
3064 502 3189 547 sunt
3246 506 3406 547 sacro
3463 510 3494 549 a

220 577 431 643 operati
474 588 623 641 sunt,
656 579 841 647 jussit,
880 581 1022 634 sicut
1055 579 1220 635 unius
1251 594 1390 650 ergo
1431 579 1671 641 illorum,
1704 576 1809 633 erit

221 667 272 721 ei
329 668 423 733 qui
475 668 761 726 redimitur
804 671 1033 741 pecunia
1090 671 1421 726 venditionis
1468 685 1631 725 sum:
1674 669 1805 724 licet

219 761 373 816 enim
403 763 451 816 ei
484 772 540 817 et
568 778 666 832 per
696 776 925 832 parvum
956 771 1191 833 tempus,
1223 772 1277 818 et
1304 778 1401 832 per
1418 762 1647 817 multum
1680 777 1809 831 per-

220 868 386 924 agere
428 854 881 924 redemptionem,
923 862 1144 924 propter
1203 854 1428 923 quodet
1470 850 1809 907 rationabili-

225 951 313 997 tcr
344 944 621 1014 legislator
641 944 847 999 addidit
876 964 889 999 :

301 1034 410 1089 δεῖ
457 1045 640 1089 autem
684 1034 885 1104 plures
932 1035 1136 1091 fuerint
1187 1036 1339 1101 anui,
1384 1035 1478 1105 qui
1526 1042 1813 1091 remanent

225 1141 404 1196 usque
436 1127 503 1181 ad
528 1126 833 1195 jubilaeum,
866 1126 1169 1182 secundum
1218 1126 1318 1181 hos
1358 1125 1549 1180 reddet
1600 1133 1657 1180 et
1683 1138 1811 1195 pre-

228 1216 368 1273 tium
408 1218 485 1272 :si
514 1218 693 1288 pauci,
715 1227 886 1288 ponet
906 1218 1172 1273 rationem
1196 1233 1321 1273 eum
1352 1232 1439 1280 eo,
1459 1216 1611 1287 juxta
1635 1230 1811 1270 anno-

225 1330 354 1370 rum
387 1322 771 1377 numerum,et
798 1313 988 1368 reddet
1008 1313 1240 1383 emptori
1265 1312 1411 1381 quod
1443 1311 1710 1381 reliquum
1727 1317 1813 1365 est

217 1423 523 1475 annorum,
564 1407 763 1476 quibus
786 1405 1016 1461 servivit
1038 1405 1385 1460 mercedibus
1412 1404 1751 1474 imputatis.i

299 1497 542 1552 Primum
572 1513 702 1569 ergo
745 1498 1053 1552 secundum
1092 1494 1212 1551 hac
1257 1494 1408 1551 reddi
1451 1495 1709 1565 pretium,
1758 1494 1811 1550 id

215 1600 335 1653 est,
362 1591 665 1646 secundum
694 1605 783 1656 ea,
812 1605 935 1659 qua:
971 1590 1241 1658 peccavit,
1272 1588 1419 1659 quod
1454 1589 1813 1659 semetipsum

222 1681 501 1736 redimere
524 1682 642 1735 vult
662 1681 939 1751 praecepit,
978 1690 1038 1736 ut
1064 1681 1109 1734 si
1136 1679 1368 1735 forsitan
1408 1694 1477 1734 ex.
1524 1679 1650 1751 gula
1684 1695 1813 1747 pee-

225 1774 396 1840 cavit,
427 1789 525 1844 per
548 1774 820 1845 jejunium
850 1773 1086 1845 corrigat
1112 1773 1234 1829 :sin
1258 1781 1442 1827 autem
1472 1787 1539 1826 ex
1567 1771 1813 1826 verbosi-

225 1873 365 1930 tate,
399 1866 618 1921 studeat
645 1866 1090 1922 taciturnitatem.
1122 1865 1179 1923 Si
1216 1881 1281 1921 ex
1314 1865 1585 1919 ineautela
1625 1864 1813 1919 oculo-

225 1967 351 2005 rum
383 1952 440 2007 in
475 1953 721 2007 mulieris
743 1952 1246 2023 concupiscentiam
1295 1952 1511 2016 cecidit,
1540 1957 1664 2022 agat
1705 1966 1814 2005 non

224 2046 418 2101 videre
458 2045 736 2112 mulieres,
765 2059 945 2115 neque
1010 2044 1236 2099 omnino
1279 2044 1359 2098 eis
1383 2044 1606 2098 obvium
1672 2043 1810 2098 ﬁeri.

226 2139 440 2192 Deinde
468 2139 511 2193 si
545 2138 661 2193 vuit
687 2138 920 2193 celerem
951 2138 1054 2193 sibi
1096 2136 1531 2207 redemptionem
1595 2150 1812 2207 parare,

226 2229 483 2285 intendat
516 2229 766 2305 pecuniis
790 2227 1210 2298 conquisitionis
1238 2242 1371 2290 sure,
1424 2227 1591 2281 verbo
1621 2225 1815 2281 videli-

226 2332 321 2377 cet
366 2322 653 2387 doctrinm,
677 2322 823 2391 quod
853 2335 981 2375 eum
1030 2320 1334 2390 intelligere
1366 2320 1646 2389 p"0prium
1685 2334 1815 2390 pec-

226 2428 413 2474 catum
453 2428 509 2475 et
537 2419 696 2474 subdi
726 2418 1043 2473 admonenti
1070 2417 1217 2473 fecit.
1258 2416 1323 2471 Et
1350 2416 1394 2471 si
1429 2414 1624 2471 viderit
1675 2413 1818 2467 mul-

228 2523 348 2567 tum
384 2513 565 2567 minus
587 2528 710 2567 esse
736 2512 805 2567 ad
833 2527 1038 2566 annum
1080 2511 1442 2574 remissionis,
1479 2520 1535 2564 et
1560 2509 1630 2563 ad
1690 2524 1815 2564 cor-

228 2605 557 2670 rectionem,
588 2603 1116 2659 videlicet'delinitm
1151 2603 1201 2657 ei
1238 2602 1595 2673 poenitentiar,
1644 2602 1819 2674 magis

226 2704 493 2766 operetur
516 2696 766 2760 virtutes,
790 2705 845 2750 et
873 2695 1199 2751 laboriosam
1266 2695 1508 2749 lucratur
1545 2695 1816 2764 paeniten-

229 2792 388 2845 tiam.
426 2790 482 2844 Si
508 2799 692 2846 autem
718 2791 822 2846 hoc
855 2806 1044 2846 rursus
1075 2804 1266 2861 parum
1296 2799 1554 2860 operatus
1593 2788 1720 2855 fuit,
1772 2788 1820 2848 si

227 2900 344 2939 non
384 2899 482 2954 per
500 2883 758 2948 virtutes,
789 2899 888 2953 per
920 2884 1188 2953 lacrymas
1216 2892 1424 2949 autem,
1454 2891 1506 2937 et
1557 2882 1816 2952 suspiria,

225 2987 287 3030 et
319 2974 540 3041 similia,
600 2974 710 3030 illis
748 2974 989 3030 remedia
1040 2989 1300 3045 peragere
1354 2989 1580 3029 necesse
1632 2973 1819 3028 habet.

227 3069 578 3123 tloulirmans
599 3078 784 3124 autem
821 3067 963 3137 quod
995 3067 1200 3122 dictum
1231 3075 1336 3130 est,
1361 3049 1664 3120 secundum
1718 3065 1818 3119 Se-

1911 577 2125 647 majore
2168 592 2340 647 usque
2401 579 2469 633 ad
2509 587 2765 648 patruum
2818 592 3125 644 eorum,et
3151 584 3495 640 exclamave~

1910 678 2042 721 runt
2074 668 2142 722 ad
2176 668 2353 723 Deum
2383 669 2623 735 intente,
2646 679 2703 725 et
2741 688 2867 726 cum
2893 681 3006 727 toto
3031 674 3233 737 animo,
3264 685 3320 728 et
3341 690 3498 728 avero

1913 766 2094 812 terunt
2127 773 2187 813 se
2217 760 2599 830 unusquisque
2623 776 2663 815 a
2689 763 2779 816 via
2795 777 2897 817 sua
2935 764 3097 829 mala,
3124 772 3180 817 et
3203 763 3273 819 ab
3341 764 3502 832 inju-

1912 848 2056 903 stitia
2099 865 2220 919 quae
2255 850 2310 905 in
2339 851 2594 907 manibus
2624 868 2816 908 eorum
2843 864 2981 909 erat.
3027 853 3119 909 Sic
3139 854 3289 909 enim
3350 855 3498 910 Deus

1910 955 2103 996 eorum
2165 943 2542 1012 paenitentiam
2570 946 2846 1017 suscepit,
2881 956 2941 1002 ut
2978 948 3245 1018 propheta
3299 948 3503 1002 subdc-

1911 1043 2034 1088 ret:
2062 1033 2300 1090 Misertus
2326 1046 2403 1090 est
2442 1036 2581 1091 Deus
2604 1054 2759 1107 sitper
2812 1039 3101 1103 malitiam,
3134 1057 3297 1106 quam
3355 1040 3527 1095 locu-v

1914 1136 1997 1181 tu:
2017 1129 2214 1197 fuerat,
2247 1137 2301 1181 ut
2334 1134 2529 1199 laceret
2564 1131 2659 1197 eis,
2691 1141 2739 1186 et
2780 1149 2882 1187 non
2906 1134 3028 1203 fecit
3062 1134 3135 1188 “.
3164 1132 3229 1188 Et
3245 1149 3368 1204 qua:
3416 1143 3503 1189 est

1913 1232 2101 1282 causa,
2132 1232 2254 1286 qua:
2284 1220 2666 1287 paenitentiam
2697 1222 2881 1277 delere
2922 1232 3145 1293 peccata
3206 1225 3387 1287 faciat,
3444 1234 3501 1280 et

1914 1305 2044 1361 facit
2076 1305 2333 1360 mundam
2372 1309 2656 1377 pmnitenti
2710 1311 2994 1383 proﬂigari
3042 1314 3497 1385 redemptionem.

1913 1398 1987 1453 ita
2005 1406 2069 1453 ut
2093 1414 2195 1453 nec
2217 1414 2357 1468 opus
2386 1400 2595 1453 habent.
2616 1401 2780 1455 aliuzn
2813 1404 2935 1472 jam:
2953 1406 3338 1461 admonentem
3357 1447 3372 1471 ,
3401 1422 3500 1462 ue-

1914 1505 2022 1559 quc
2050 1489 2153 1543 sub
2176 1489 2307 1560 jugo
2341 1490 2566 1545 alterius
2601 1507 2763 1563 agere
2794 1495 3077 1551 doctrinae.

1980 1581 2082 1636 Hei
2110 1591 2231 1637 sunt
2259 1583 2398 1637 enim
2419 1584 2556 1637 serui
2590 1585 2691 1653 ﬁlii
2709 1585 2901 1654 Israel,
2934 1604 3061 1657 quos
3089 1588 3247 1643 eduxi
3275 1590 3337 1642 de
3361 1599 3505 1643 terra

1915 1672 2155 1745 Αὲῃυριὶ.
2187 1672 2472 1741 Quomodo
2524 1684 2707 1731 autem
2739 1693 2837 1733 eos
2891 1679 3126 1735 eduxit?
3155 1680 3507 1749 Susliirautes

1916 1766 2354 1833 videlicet,sieut
2377 1766 2514 1823 liber
2536 1770 2697 1825 nobis
2731 1771 2904 1826 Exodi
2934 1773 3371 1829 demonstravit:
3403 1773 3508 1828 Per

1918 1858 2143 1912 multum
2169 1860 2417 1929 temporis
2444 1870 2682 1915 mortuus
2743 1875 2817 1916 est
2852 1880 2944 1918 rea:
2980 1861 3222 1935 λείψω.
3254 1875 3303 1918 et
3355 1865 3506 1935 iuge-

1917 1951 2187 2005 misceutes
2224 1951 2324 2020 ﬁlii
2352 1951 2522 2006 Israel
2549 1963 2763 2023 propter
2824 1971 3008 2024 opera,
3062 1957 3332 2028 uoriferati
3359 1964 3504 2020 sunt,

1917 2044 2249 2113 ascenditque
2303 2044 2504 2099 clamor
2551 2062 2732 2099 eorum
2793 2048 2865 2102 ad
2914 2047 3175 2102 Deum-‘7.
3205 2048 3308 2115 Qui
3375 2064 3508 2118 ergo

1920 2143 2049 2191 tunc
2087 2135 2272 2206 populi
2302 2137 2603 2208 suspirium
2628 2139 2905 2209 suscepit,
2936 2140 3305 2210 liberavitque
3327 2155 3424 2194 eos
3474 2153 3508 2195 a

1918 2226 2179 2282 servitute
2206 2226 2477 2300 Egyptia,
2504 2229 2621 2298 ipse
2643 2239 2700 2286 et
2750 2246 2900 2286 nunc
2961 2246 3406 2301 unumquemque
3449 2232 3508 2287 in

1918 2318 2242 2388 paenitentia
2287 2319 2655 2390 suspirantem
2714 2320 2928 2386 liberat,
2958 2331 3013 2377 ct
3049 2322 3119 2377 ab
3179 2321 3510 2394 iutelligibili

1919 2410 2150 2482 [Egypto
2173 2412 2425 2467 redimet.
2459 2412 2600 2468 Dicit
2625 2414 2690 2469 ad
2723 2430 2822 2470 uos
2854 2432 2869 2469 :
2900 2413 3014 2486 Ego
3045 2415 3307 2471 Dominus
3367 2416 3510 2470 Deus

1920 2513 2120 2573 vester,
2137 2505 2228 2577 qui
2264 2505 2351 2561 illa
2379 2506 2484 2578 egi,
2521 2514 2577 2562 ct
2602 2506 2721 2562 htec
2743 2507 3003 2579 praecepi.

2488 2662 2716 2720 CAPUT
2741 2661 2934 2719 XXVI.

1992 2775 2155 2831 Vens.
2186 2776 2309 2841 1,2.
2338 2776 2457 2833 Non
2483 2777 2694 2832 facietis
2724 2778 2879 2833 vobis
2913 2776 3140 2842 idolum,
3166 2774 3511 2846 etsculptilc,

1923 2884 2023 2923 nec
2058 2868 2242 2924 titulos
2270 2868 2510 2941 erigctis,
2544 2884 2646 2924 nec
2675 2869 2950 2941 insignem
2994 2868 3229 2939 lapidem
3293 2868 3514 2939 pom-tis

1923 2964 1977 3017 in
2014 2972 2155 3018 terra
2186 2972 2388 3027 vestra,
2418 2970 2478 3017 ut
2504 2962 2742 3017 adoretis
2769 2977 2920 3025 eum,
2954 2978 3055 3034 ego
3079 2961 3226 3019 enim
3255 2977 3374 3017 sum
3414 2959 3515 3015 Do-

1922 3053 2103 3106 minus
2136 3051 2277 3107 Deus
2303 3060 2502 3108 vester.
2534 3050 2821 3107 Custodite
2868 3051 3101 3107 Sabbata
3134 3067 3275 3113 mea,
3306 3058 3362 3104 et
3415 3065 3512 3119 pa-

229 3162 520 3232 ptuaginta
548 3160 714 3216 infert
754 3177 768 3213 :
800 3159 938 3226 Quia
985 3158 1359 3214 mercenarius
1407 3169 1554 3212 anno
1574 3174 1640 3213 ex
1674 3172 1817 3212 anno

1926 3155 2046 3201 vete
2067 3145 2435 3200 sanctuarium
2473 3160 2677 3200 meum.
2701 3144 2815 3217 Ego
2846 3144 3135 3200 Dominus.
3178 3162 3196 3195 ι

227 3270 361 3310 cum
394 3268 461 3309 eo
483 3261 588 3318 est,
616 3269 726 3309 non
750 3252 953 3322 amiges
969 3266 1094 3306 eum
1126 3251 1181 3306 in
1209 3251 1417 3314 labore,
1444 3251 1499 3304 in
1522 3260 1820 3320 conspectu

230 3356 350 3399 tuo.
386 3343 467 3398 Ad
502 3343 654 3397 illum
685 3342 986 3412 respiciens
1014 3342 1435 3405 mercenarium,
1465 3356 1699 3409 quorum
1734 3340 1823 3395 hic

229 3437 457 3506 quidem
505 3450 603 3504 per
642 3450 806 3489 unam
845 3434 1054 3497 horam,
1088 3433 1177 3488 ille
1216 3442 1396 3487 autem
1427 3449 1523 3503 per
1548 3441 1656 3487 tres
1710 3432 1823 3487 for-

230 3528 379 3581 sitan
404 3525 541 3578 alter
565 3524 842 3593 aliquanto
874 3523 1109 3593 amplius
1149 3525 1458 3578 mercedem
1491 3524 1676 3594 operis
1728 3540 1820 3580 ac-

226 3619 385 3690 cepit
413 3619 481 3672 ".
514 3616 699 3687 Neque
729 3618 878 3672 enim
932 3617 1169 3687 injustas
1226 3626 1366 3682 erat,
1410 3619 1503 3688 qui
1535 3619 1820 3683 conduxit,

231 3713 334 3765 sed
359 3711 501 3765 sicut
522 3711 728 3779 justus,
758 3725 868 3765 non
899 3710 1075 3765 Solum
1097 3711 1162 3766 ad
1196 3722 1411 3780 tempus
1449 3711 1823 3780 operantium,

229 3802 335 3856 sed
365 3810 422 3856 et
458 3801 526 3855 ad
561 3816 727 3871 opera
765 3801 1022 3872 respexit,
1054 3800 1132 3855 sic
1183 3801 1425 3857 metiaris
1452 3801 1524 3865 ei,
1558 3802 1649 3872 qui
1705 3802 1821 3858 vult

229 3912 338 3967 per
366 3895 613 3950 actiones
636 3897 806 3951 bonas
836 3896 1213 3967 semetipsum,
1249 3905 1304 3951 et
1335 3894 1701 3969 perfectiones
1734 3912 1821 3951 re-

228 3987 466 4052 dimere,
495 3997 554 4043 ut
578 4004 782 4044 annum
806 4003 873 4043 ex
907 4003 1053 4044 anno
1079 3988 1289 4043 sitcum
1321 4002 1411 4052 eo,
1433 3987 1825 4057 redemptionis

227 4080 473 4151 propria:
500 4079 729 4151 pecunia
759 4079 817 4135 iu
845 4087 1257 4142 momento,aut
1282 4094 1380 4151 per
1406 4079 1605 4133 multos
1627 4094 1821 4143 annos,

228 4184 334 4229 aut
361 4188 458 4245 per
480 4189 684 4244 paucos
705 4173 964 4229 virtutem
992 4173 1253 4243 Operaudi
1288 4172 1646 4242 redemptioni
1678 4171 1825 4227 simi-

229 4270 369 4321 lem.

314 4361 385 4416 Et
414 4378 519 4416 non
549 4362 746 4432 aﬂiges
772 4377 891 4416 eum
940 4362 996 4416 in
1026 4361 1203 4416 labore
1261 4362 1319 4414 in
1365 4367 1643 4430 conspectu
1710 4369 1817 4413 tuo.

228 4456 384 4523 Quid
418 4465 600 4511 autem
629 4455 733 4510 hoc
752 4454 875 4508 est?
902 4452 972 4509 Ut
994 4468 1142 4515 eum,
1167 4453 1259 4523 qui
1296 4469 1392 4523 per
1416 4452 1674 4506 virtutem
1698 4467 1826 4521 pec-

1988 3237 2112 3291 Non
2136 3238 2310 3291 solum
2336 3237 2510 3302 nobis,
2564 3237 2839 3309 quomodo
2864 3245 3152 3306 peccantes
3209 3234 3514 3290 libertatem

1874 3334 1879 3338 ’
1925 3329 2243 3395 habeamus,
2277 3345 2381 3385 nec
2433 3329 2661 3385 aliorum
2719 3329 2968 3385 doctrina
2992 3338 3088 3382 aut
3128 3327 3515 3401 exhortatione

1923 3434 2203 3492 egeamus,
2236 3420 2320 3475 lex
2376 3421 2620 3484 mandat,
2655 3429 2716 3476 ut
2759 3421 3139 3492 propheticum
3182 3419 3312 3475 illud
3357 3418 3517 3474 nobis

1925 3513 2279 3584 impleretur:
2315 3515 2381 3569 Et
2437 3532 2539 3569 non
2598 3514 2799 3569 docebit
2868 3514 3230 3583 unusquisque
3289 3514 3514 3583 fratrem

1922 3622 2097 3668 suum,
2168 3605 2390 3660 dicens:
2444 3606 2707 3676 Cognosce
2768 3605 3052 3672 Dominum
3089 3621 3109 3657 :
3158 3605 3285 3676 quia
3336 3620 3514 3658 omnes

1923 3698 2085 3753 scient
2115 3714 2225 3763 me,
2250 3715 2281 3751 a
2306 3698 2503 3752 minore
2529 3714 2691 3768 usque
2723 3697 2794 3750 ad
2845 3697 3099 3767 majorem
3157 3712 3357 3760 eorum,
3387 3697 3512 3764 quia

1924 3791 2180 3861 prapitius
2205 3806 2292 3844 ero
2316 3791 2681 3861 iniquitatibus
2704 3805 2883 3845 eorum
2908 3799 2955 3844 et
3002 3797 3336 3858 peccatorum
3393 3787 3514 3842 illo-

1925 3899 2042 3937 rum
2064 3881 2184 3952 jam
2220 3899 2323 3937 non
2350 3883 2664 3937 recordabar
2685 3882 2916 3952 amplius
2939 3881 3004 3936 ".
3023 3879 3308 3948 Quomodo
3330 3888 3512 3935 autem

1926 3975 2030 4031 hoc
2054 3984 2190 4039 erat,
2214 3976 2256 4030 si
2284 3992 2393 4029 non
2429 3977 2611 4030 solum
2631 3976 2701 4031 ab
2757 3983 2948 4045 aperto
3000 3974 3272 4030 idolorum
3336 3972 3510 4039 cultu,

1924 4080 2086 4136 quem
2127 4065 2381 4135 prohibet
2411 4065 2542 4136 legis
2566 4066 2769 4129 littera,
2800 4063 2895 4121 sed
2926 4072 2982 4119 et
3011 4064 3080 4119 ab
3102 4063 3319 4118 occulto
3345 4062 3515 4116 abstio

1925 4156 2198 4211 neamus?
2226 4157 2294 4211 de
2324 4172 2432 4226 quo
2466 4154 2667 4211 Paulus
2722 4154 2939 4211 dicebat
2972 4173 2993 4210 ι
3045 4153 3223 4209 Radix
3278 4154 3515 4207 ciuilium

1926 4246 2191 4302 malorum
2245 4247 2472 4301 avaritia
2518 4247 2730 4317 “,quze
2789 4256 2875 4303 est
2929 4246 3197 4302 idolorum
3237 4245 3511 4300 servitus:

1926 4336 2386 4408 quemadmodum
2443 4337 2599 4392 nobis
2648 4327 2811 4392 etiam
2872 4352 3021 4392 nunc
3086 4336 3222 4407 legis
3289 4335 3516 4405 spiritus

1927 4430 2313 4484 abstinentiam
2332 4430 2571 4485 mandat.
2596 4429 2664 4483 Et
2692 4445 2798 4483 nou
2821 4428 3084 4484 faciemus
3100 4426 3257 4483 nobis
3287 4427 3514 4487 idolum,

226 4554 424 4602 catum
463 4545 691 4615 respuit,
725 4560 837 4600 non
868 4544 918 4599 ci
953 4544 1369 4612 superimponas
1405 4541 1665 4597 district-ae
1710 4556 1817 4610 pa:-

1929 4529 1984 4577 et
2033 4521 2303 4591 sculptile,
2338 4521 2472 4586 sive,
2499 4530 2559 4575 ut
2587 4519 2963 4592 Septuaginta,
3020 4517 3380 4589 utauufactile,
3414 4517 3513 4571 do-

228 4637 489 4693 nitent'ue
509 4637 742 4707 pondus.
775 4636 954 4690 Semel
987 4634 1134 4690 enim
1158 4635 1514 4704 semetipsum
1568 4633 1826 4703 operibus

228 4729 400 4785 bouis
425 4727 675 4783 redemit.
706 4726 848 4797 Ergo
888 4726 1052 4781 nimis
1077 4735 1226 4781 recte
1260 4723 1524 4792 subdidit,
1559 4738 1680 4793 qua:
1736 4738 1824 4779 se-

231 4828 509 4890 quuutur.

311 4909 467 4975 Quod
490 4909 536 4963 si
562 4925 655 4978 per
680 4912 789 4963 Iure
818 4909 1003 4963 redimi
1030 4923 1131 4962 non
1170 4917 1420 4977 potuerit.
1443 4926 1584 4964 arma
1619 4909 1829 4964 iubila'o

232 5002 539 5074 egredietur
584 4982 721 5053 cum‘
753 5000 932 5054 liberis
972 5001 1102 5055 suis.
1159 4999 1262 5066 Qui
1292 5013 1475 5057 autem
1526 5003 1830 5073 aequalibus

230 5103 468 5165 peccato
492 5092 785 5148 virtutibus
808 5093 1164 5162 semetipsum
1192 5108 1304 5147 non
1341 5095 1593 5162 redemit,
1625 5096 1678 5148 in
1727 5111 1829 5150 an~

228 5203 314 5242 no
338 5186 571 5256 jubilzei,
607 5186 723 5241 sive
752 5185 1118 5248 remissionis,
1152 5186 1206 5241 id
1249 5194 1354 5252 est,
1411 5187 1467 5242 in
1494 5187 1734 5258 perfecta
1773 5196 1830 5243 et

227 5277 487 5334 districta
565 5277 912 5347 poenitentia,
971 5278 1432 5347 quemadmodum
1510 5279 1829 5350 frequenter

226 5367 503 5432 diximus,
527 5376 583 5423 ct
612 5368 789 5437 ipsum
811 5368 1003 5423 redimi
1036 5369 1316 5439 praecepit,
1336 5370 1430 5425 sed
1452 5379 1508 5425 et
1530 5371 1670 5426 bona
1692 5386 1826 5441 ope.

226 5475 321 5524 ra,
350 5475 475 5529 qua:
508 5459 828 5529 priusquam
885 5468 1187 5529 peccasset,
1213 5461 1343 5534 egit,
1367 5477 1488 5532 quae
1516 5462 1609 5517 ﬁlii
1644 5462 1827 5517 unius-

221 5554 510 5623 cujusque
547 5560 796 5608 nostrum
828 5561 976 5607 sunt.
1015 5552 1111 5607 Sin
1142 5567 1322 5609 autem
1349 5554 1430 5609 vis
1474 5570 1823 5626 cognoscere,

221 5659 362 5718 qua:
397 5644 469 5700 sit
509 5644 750 5718 terl'ecta
784 5643 1127 5714 paenitentia,
1158 5645 1427 5701 Ninivilas
1464 5646 1707 5713 intende,
1733 5647 1825 5718 qui

1925 4628 2043 4667 mos
2072 4613 2418 4677 mdilicantes,
2452 4623 2505 4667 et
2553 4629 2711 4684 agros
2737 4612 2949 4681 aliquos
3007 4610 3376 4681 possidentes,
3415 4623 3517 4663 nec

1924 4703 2175 4773 sculptile
2228 4703 2283 4756 in
2319 4704 2399 4757 eis
2450 4703 2768 4774 ligurautes,
2818 4711 3063 4756 nostram
3108 4699 3516 4769 quodammodo

1925 4804 2223 4851 atterentes
2262 4812 2449 4852 amore
2482 4812 2670 4852 eorum
2731 4803 2992 4851 mentem.
3017 4792 3129 4850 Nec
3170 4794 3364 4850 titulos
3416 4809 3517 4849 uo-

1928 4887 2034 4952 bis,
2089 4887 2204 4941 sive
2266 4896 2501 4941 statuam
2528 4886 2580 4940 in
2619 4886 2704 4940 his
2768 4885 3062 4957 erigamus,
3123 4884 3373 4940 volentes
3423 4899 3520 4954 per

1933 4995 2052 5035 eam
2078 4978 2396 5034 memoriam
2440 4989 2682 5034 nostram
2714 4978 3009 5033 extendere
3070 4976 3123 5031 in
3179 4976 3392 5032 futuras
3422 4991 3519 5046 ge-

1935 5072 2246 5129 nerationes
2279 5089 2292 5126 :
2338 5071 2433 5126 sed
2464 5086 2568 5126 nec
2605 5070 2840 5141 lapidem
2890 5069 3162 5141 insignem
3218 5070 3515 5140 erigamus.

1932 5165 2074 5229 auri,
2112 5163 2262 5221 verbi
2290 5164 2481 5237 gratia,
2514 5172 2607 5218 aut
2638 5163 2850 5235 argenti
2890 5162 3200 5228 cumulum,
3235 5170 3329 5215 aut
3378 5160 3519 5230 lapi«

1931 5255 2087 5321 dum,
2116 5254 2208 5325 qui
2243 5254 2496 5308 videntur
2528 5268 2649 5309 esse
2674 5252 2898 5323 pretiosi
2927 5252 3150 5322 lapides,
3181 5253 3344 5305 etiam
3374 5250 3423 5303 hi
3451 5250 3519 5305 de

1931 5356 2075 5403 terra
2121 5346 2356 5417 atquales
2403 5345 2540 5401 albis
2591 5343 2863 5415 lapidibus
2903 5352 3054 5407 sunt,
3082 5342 3182 5397 etsi
3232 5356 3520 5396 avarorum

1933 5440 2086 5494 visus
2134 5439 2191 5494 in
2238 5438 2347 5504 his,
2383 5436 2842 5508 quemadmodum
2873 5448 3206 5505 paganorqu
3242 5432 3297 5486 iu
3338 5430 3517 5497 idolis,

1934 5532 2311 5587 seducuntur:
2346 5538 2568 5601 propter
2613 5530 2755 5599 quod
2810 5536 2861 5582 et
2913 5525 3141 5595 insignis
3178 5524 3315 5595 lapis
3342 5524 3522 5578 dictus

1935 5632 2036 5680 cst.
2067 5622 2177 5681 Nos
2206 5631 2389 5679 autem
2419 5622 2557 5677 nihil
2588 5621 2691 5676 tale
2724 5619 3011 5691 patiamur,
3037 5633 3140 5672 nec
3170 5618 3397 5690 insignis
3425 5632 3523 5671 uo-

309 5822 361 5856 “
394 5822 582 5879 Matth.
608 5838 696 5889 xx,
733 5823 889 5894 lseq.
985 5823 1031 5856 ⁸⁸
1057 5823 1227 5882 Jonas.
1261 5841 1338 5896 tu,
1379 5824 1457 5879 ιο.
1536 5824 1578 5856 ³⁷
1613 5823 1783 5881 Eicd.

1926 5824 2009 5881 23.
2088 5826 2130 5859 ⁸⁵³
2158 5824 2358 5882 .‘erem.
2398 5841 2544 5893 xxxi,
2574 5822 2662 5879 δι.
2743 5823 2782 5854 ³³⁵
2816 5821 2834 5877 l
2870 5820 3009 5878 Tim.
3043 5837 3116 5886 vt,
3148 5819 3235 5879 10.
