1946 3208
225 190 294 222 1139

846 188 1028 218 IIESYCHII
1049 188 1286 218 PRESBYTER!

1775 188 1827 224 illo

223 249 265 276 bis
280 248 349 283 lapis
363 247 515 275 ediciantur
529 248 641 280 diviti-te,
659 253 688 275 ut
708 247 858 275 secundum
883 246 1021 273 iutentio-
1037 250 1057 276 Α
1073 254 1131 277 vos,
1143 249 1171 273 et
1185 253 1309 273 crescere
1320 245 1431 278 faciam,
1444 245 1698 280 multiplicabimini,
1709 250 1733 273 et
1742 246 1830 276 ﬁrmabo

222 300 285 321 nem
298 301 393 320 earum
407 293 541 325 vivamus,
553 293 706 320 secundum
721 292 890 320 intellectum
904 291 1022 326 Septua-

223 340 297 376 ginta
312 341 492 374 interpretum
505 348 512 373 ;
527 344 555 366 et
567 347 622 366 non
640 346 812 374 quaecunque
828 338 1019 373 praeceperint,

222 387 403 418 t'aciamus,et
417 386 562 414 desideriis
577 393 671 412 earum
687 386 848 418 serviamus,
862 385 1022 412 adoremus-

222 441 276 467 que
292 440 353 465 eas,
370 437 398 460 et
417 433 539 460 colamus
556 433 585 459 in
599 432 790 460 conservando
803 439 859 459 eas.
876 431 1022 458 Custodia-

223 485 284 504 mus
298 481 390 504 autem
403 481 431 504 et
443 477 572 511 Subbata,
588 478 622 504 ab
635 477 709 504 omni
725 477 778 504 alio
792 477 864 504 malo
880 476 1023 504 abstinen-

224 527 288 553 tiam
306 526 532 560 vacationemqoe
562 526 716 559 studentes,
733 529 761 552 et
774 530 885 560 agentes
900 529 930 552 ut
956 532 1024 560 ope-

223 572 299 599 ribus
315 572 458 607 praesentis
472 572 564 599 mundi
577 579 731 604 careamus,
743 577 826 606 atque
839 571 874 598 ab
887 571 929 598 eis
943 571 1023 606 quie-

222 624 341 644 scamus.
357 616 415 644 lloe
432 617 506 644 enim
523 617 694 652 intelligibile
712 621 739 644 et
754 624 849 644 verum
874 616 1024 644 Sabbatum

223 668 274 694 est,
290 663 363 697 quod
389 670 445 689 non
470 663 564 697 populi
588 667 632 690 est
653 663 762 698 ingrati,
780 663 827 690 sed
851 662 938 697 ipsius
964 662 1022 694 Dei,

222 708 454 743 quemadmodum
468 709 495 735 in
511 709 580 736 Isaia
593 709 701 736 dicebat
718 718 724 735 :
739 709 837 736 Beatus
852 709 892 736 vir
905 709 950 744 qui
963 710 1023 744 fecit

223 754 282 786 hoc,
299 759 323 781 et
340 754 412 788 ﬁlius
436 754 550 781 hominis
574 755 619 789 qui
641 754 814 789 apprehendit
836 754 916 787 istud,
936 759 1024 781 custo-

222 800 297 826 diens
313 799 459 827 Sabbutum
474 808 505 826 ne
515 800 617 835 polluat
631 800 697 827 illud
707 801 741 828 ⁵⁸.
760 800 838 828 Unde
855 800 1024 836 distinguere

224 845 258 873 ab
273 846 326 873 illis
341 847 457 878 volebat,
470 847 504 874 de
519 847 619 881 quibus
636 847 715 874 initio
730 847 882 882 prophetiae
898 848 1022 876 dicebat:

224 891 397 923 Neutnenius,
414 898 436 919 et
453 893 609 924 Subbalum,
627 898 651 920 et
663 894 817 928 festivitates
831 894 901 920 alios
915 902 966 921 non
984 895 1024 931 [c-

224 939 323 965 ram".
333 939 411 970 Quod
429 944 520 966 autent
535 939 582 967 Dei
596 944 637 967 est
652 939 812 972 Sabhatum,
825 943 871 967 aut
886 942 1023 975 quomodo

225 983 289 1011 illud
306 984 367 1018 quis
390 985 535 1019 profanare
552 993 606 1012 non
625 990 735 1020 potest,
762 986 898 1014 subinl‘ert
915 995 920 1013 :
938 985 1019 1019 Quie-

223 1030 288 1057 scite
301 1039 380 1065 agerc
396 1032 554 1064 perverse“.
573 1032 643 1066 Ergo
662 1039 677 1059 a
692 1031 770 1059 malis
783 1032 921 1060 abstinere
934 1054 942 1066 ,
958 1033 1020 1060 sab-

224 1076 278 1103 bati
297 1081 338 1104 cst
355 1077 468 1112 impleti.
483 1077 536 1105 Sed
549 1081 577 1104 et
591 1078 778 1105 sanctuarium
793 1078 852 1113 ejus
872 1086 1020 1113 paveamus

223 1123 430 1150 sanctimoniam
446 1124 598 1156 studentes,
618 1124 644 1151 id
656 1128 711 1158 est,
725 1125 879 1152 castitatem
895 1133 927 1152 ac.
940 1126 1020 1160 pudi-

222 1169 313 1196 citiam
330 1179 336 1197 :
353 1170 410 1198 haec
426 1170 500 1198 enim
517 1171 633 1198 estvita:
647 1170 816 1206 impcrfccta‘.
840 1176 867 1199 ct
891 1180 1020 1200 consum-

224 1220 303 1243 matae
326 1216 491 1250 capitulum,
508 1216 567 1245 sive
590 1225 707 1244 summa.
727 1217 842 1252 Propter
866 1218 939 1253 quod
968 1219 1020 1247 hoc

222 1260 303 1288 ctiam
320 1262 499 1289 novissimum
517 1263 621 1297 posuit,
637 1267 703 1290 tunc
720 1263 787 1291 dicit
806 1264 839 1291 ad
855 1272 905 1292 nos
923 1264 994 1292 Deus
1011 1273 1017 1292 :

223 1306 277 1341 Ego
289 1306 422 1335 Dominus
435 1308 507 1335 Deus
519 1313 618 1340 vester,
633 1309 677 1343 qui
694 1317 754 1336 sum
768 1310 881 1344 quidem
897 1315 1018 1343 sanctus,

221 1351 269 1379 sed
286 1356 313 1379 et
330 1352 356 1378 in
372 1354 474 1380 sanctis
491 1354 634 1388 requiesco
646 1374 654 1386 ,
680 1355 842 1383 interimens
866 1360 894 1383 et
913 1356 1019 1391 disper-

221 1397 292 1424 dcns
304 1404 411 1429 omnes,
428 1398 474 1433 qui
491 1399 698 1427 tabernaculum
713 1408 804 1428 meum
820 1401 978 1436 polluerint,
993 1407 1021 1430 et

222 1442 355 1477 templum
379 1451 471 1471 meum
492 1445 693 1479 pollutionibus
713 1447 883 1482 voluptatum
902 1448 1019 1476 violave-

222 1489 293 1516 riut:
306 1490 377 1525 quod
393 1493 512 1519 testatur
528 1491 629 1520 Paulus
644 1493 759 1521 dicens:
774 1494 804 1522 Si
820 1495 878 1529 quis
893 1495 1020 1530 temptant

223 1537 271 1564 Dei
287 1538 436 1572 violaverit,
454 1541 588 1575 disperde!
602 1541 679 1568 illum
693 1541 804 1569 Deus".
820 1541 934 1578 Propter
946 1543 1019 1578 quod

222 1584 407 1611 sanctuarium
421 1585 481 1620 ejus
497 1593 656 1620 paveamus,
675 1590 704 1613 ut
718 1594 769 1613 nec
783 1594 882 1621 corpus
894 1591 1019 1614 nostrum

223 1628 386 1663 poiluamus,
399 1637 490 1665 neque
505 1630 538 1658 ad
555 1638 655 1666 corpus
671 1631 782 1664 Christi,
796 1631 823 1658 in
838 1639 892 1666 quo
906 1636 947 1659 est
961 1639 1019 1659 om-
1034 1622 1054 1649 δ

223 1674 267 1702 nis
292 1676 473 1704 sanctiﬁcatio
492 1677 529 1712 (in
552 1678 611 1712 ipso
629 1678 702 1705 enim
717 1678 808 1705 omnis
820 1679 962 1713 plenitudo
978 1679 1020 1705 in-

225 1721 328 1749 habitat
341 1722 584 1759 divinitatis),sine
601 1724 694 1751 subtili
707 1724 904 1759 dijudieatione
919 1726 1018 1758 nostri,

224 1773 327 1796 temere
349 1770 512 1798 accedamus
525 1792 533 1804 ,
552 1772 599 1799 sed
616 1772 693 1806 prius
710 1772 895 1807 nosmetipsos
918 1772 1019 1807 probe-

224 1823 295 1848 mus,
318 1817 527 1845 reminiscentes
551 1819 611 1853 ejus
636 1819 681 1854 qui
695 1818 763 1846 dixit
782 1827 788 1846 :
809 1819 962 1852 Quicunque
976 1828 1019 1846 co-

225 1861 333 1887 mederi!
355 1870 452 1895 partem
475 1867 523 1889 aut
548 1862 640 1890 biberit
655 1864 764 1891 calicem
780 1864 886 1891 Domini
903 1865 1018 1900 indigne,

224 1915 283 1933 reus
298 1908 347 1935 erit
362 1909 479 1943 corporis
493 1914 517 1936 et
542 1911 679 1945 sangui‘tis
690 1911 809 1940 Domini.
821 1911 915 1939 Probet
930 1917 1019 1938 autem

223 1953 391 1988 semetipsum
405 1955 492 1989 homo,
509 1960 534 1982 et
548 1956 586 1983 sic
600 1957 631 1983 de
648 1965 716 1992 pane
733 1958 862 1990 comedat,
880 1962 904 1984 et
925 1959 956 1985 tle
974 1966 1020 1985 ca—

225 1999 274 2026 lice
296 1999 366 2026 bibat
376 2000 408 2027 5‘.
424 2000 538 2033 Qualem
555 2002 744 2037 probationem
763 2003 847 2031 dicit?
867 2004 895 2032 ld
919 2009 970 2035 est,
990 2008 1018 2031 ut

226 2045 254 2071 in
270 2046 352 2073 corde
366 2047 478 2080 mundo,
492 2051 575 2083 atque
590 2048 770 2082 conscientia,
786 2054 814 2077 et
829 2050 1020 2084 pmnitentiam

227 2098 333 2124 eorum,
348 2100 408 2127 quae
433 2093 498 2120 olim
520 2092 634 2129 deliquit
661 2095 816 2123 iutendenti
842 2096 1021 2130 participetur

227 2138 338 2170 sanctis,
354 2139 388 2166 ad
402 2140 569 2168 ablutionem
583 2146 757 2175 peccatorum
773 2150 896 2170 suorum.

265 2183 346 2211 Vsus.
365 2185 442 2213 5-15,
468 2196 477 2212 ι
493 2186 521 2214 Si
545 2187 573 2214 in
595 2188 739 2222 prmceptis
755 2188 823 2215 meis
838 2188 1021 2217 ambulaveri-

229 2229 274 2262 tis,
288 2234 316 2257 et
338 2231 466 2259 mandata
489 2240 548 2259 mea
571 2233 755 2261 custodieritis
782 2237 809 2261 et
835 2233 955 2261 feceritis
977 2241 1019 2266 ea,

230 2276 301 2304 dabo
324 2277 402 2305 vobis
425 2279 545 2313 pluviam
571 2279 599 2306 in
620 2280 788 2315 temporibus
805 2280 862 2308 suis
879 2284 927 2308 :et
949 2284 1021 2308 terra

230 2322 322 2358 signet
332 2324 451 2352 fructum
464 2333 554 2358 suum,
567 2331 595 2353 et
609 2326 696 2361 pomis
709 2326 823 2354 arbores
833 2327 1022 2362 replehuntur,

230 2372 258 2396 et
273 2369 463 2403 apprehendet
474 2371 601 2399 messium
621 2372 718 2399 tritura
731 2372 905 2404 vindemiam,
921 2377 948 2400 et
965 2373 1025 2399 vin-

232 2414 321 2442 demia
348 2416 490 2451 occupabit
514 2421 687 2444 sementem:
710 2422 738 2444 et
751 2418 901 2445 comedetis
928 2426 1026 2453 panem

231 2465 353 2488 vestrum
370 2462 397 2488 in
411 2463 592 2495 saturitatem,
611 2467 638 2490 et
654 2463 755 2498 absque
773 2471 872 2498 pavore
889 2465 1027 2492 habitabi-

234 2507 268 2535 tis
281 2507 308 2535 in
326 2512 397 2535 terra
413 2513 513 2535 vestra.
538 2509 612 2535 Dabo
628 2517 722 2543 pacem
743 2509 768 2535 in
787 2509 886 2536 ﬁnibus
901 2510 1002 2537 vestris
1019 2519 1025 2537 :

232 2554 386 2588 dormietis,
397 2559 424 2582 et
438 2563 491 2582 non
508 2555 560 2582 erit
575 2555 619 2589 qui
639 2555 922 2583 exterreal.t\uferam
941 2556 1026 2583 malas

234 2601 351 2633 bestias,
366 2606 394 2628 et
411 2601 517 2636 gladius
539 2609 594 2628 non
611 2601 737 2628 transibit
755 2601 885 2628 terminos
909 2607 1025 2629 vestros.

234 2646 433 2682 Pcrsequimini
457 2647 583 2674 inimicos
598 2652 712 2677 vestros,
728 2651 756 2673 et
781 2650 910 2673 corrucnt
937 2654 1026 2674 coram

234 2693 321 2721 vobis.
333 2693 537 2728 l’erscquentur
549 2692 670 2727 quinque
683 2692 717 2719 de
729 2692 828 2719 vestris
840 2697 950 2719 centum
962 2693 1028 2720 alie-

236 2748 297 2772 ros,
314 2743 342 2767 et
358 2744 468 2767 centum
485 2747 516 2767 ex
534 2739 612 2766 vobis
627 2739 723 2766 decem
747 2738 841 2765 millia.
860 2738 962 2766 Cadent
975 2738 1028 2766 iiii-

237 2787 300 2815 mici
316 2787 401 2815 vestri
425 2787 453 2814 in
474 2792 622 2822 conspectu
647 2792 737 2814 vestro
754 2785 852 2822 gladio.
872 2785 1027 2820 Despiciam

762 2887 785 2903 ⁵³
798 2888 864 2914 ibia.
883 2886 924 2914 ili.

722 2922 744 2939 ⁵⁸
759 2922 858 2957 Ευὴεδ.
876 2931 911 2953 tv,
930 2923 970 2951 15.

272 2887 295 2903 ⁸⁸
309 2887 361 2913 lsa.
379 2888 472 2918 I.v|,2.
526 2888 547 2903 ⁸¹
564 2887 614 2913 lsa.
632 2895 650 2915 I.
670 2887 710 2914 l5.

236 2921 257 2937 ’⁸
278 2921 335 2948 [bid
364 2922 408 2949 55.
447 2923 468 2938 ⁸⁷
487 2921 568 2948 Hebr.
587 2930 623 2956 χι,
640 2923 683 2949 3?.

980 2888 1024 2915 ⁵³1
1042 2887 1104 2917 Cor.
1124 2895 1162 2921 ιιι,
1187 2887 1227 2915 l7.

1075 296 1185 327 pactum
1214 299 1305 319 meum
1330 292 1483 319 vobiscum.
1508 291 1661 319 Comedetis
1682 293 1831 322 vetustissima

1074 342 1246 368 vcterum,ct
1265 342 1355 364 vetera
1375 336 1454 364 novis
1470 336 1720 371 supervenientibus
1733 338 1832 372 projicie—

1074 384 1119 410 tis.
1136 382 1236 409 Pensm
1255 382 1460 410 tabernaculum
1477 389 1568 409 nicum
1587 382 1612 408 in
1629 382 1714 409 medio
1727 384 1834 416 vestri,et

1074 436 1129 455 non
1145 428 1255 463 abjieiet
1271 436 1319 455 vos
1332 428 1422 455 anima
1440 436 1511 455 mea.
1529 428 1679 455 Ambulabo
1696 428 1760 455 inter
1769 436 1834 458 voset

1074 483 1121 502 ero
1138 479 1229 503 vester
1246 475 1329 507 Deus,
1344 483 1447 509 vosque
1467 475 1545 502 eritis
1567 475 1682 509 populus
1705 482 1782 502 meus.
1794 475 1835 511 Ego

1075 521 1207 548 Dominus
1226 520 1297 548 Deus
1313 525 1412 552 vester,
1428 521 1474 555 qui
1491 520 1574 548 eduxi
1592 527 1637 547 vos
1649 520 1680 547 de
1694 524 1758 547 terra

1075 568 1205 603 ptiorum,
1224 575 1259 595 ne
1272 567 1414 594 serviretis
1428 568 1480 599 eis,
1495 571 1526 594 'et
1546 567 1593 601 qui
1617 566 1731 601 confregi
1750 571 1837 594 catenas

1075 615 1213 641 cervicum
1229 618 1392 645 vestrarum,
1410 617 1439 640 ut
1453 612 1619 641 incederetis
1636 613 1727 640 erecti.
1743 622 1751 638 ι

1111 659 1174 688 Haec
1189 660 1355 688 sensibiliter
1370 660 1493 694 suscepit
1507 659 1663 687 Judzeorum
1675 659 1790 694 populus,
1806 663 1837 685 ut-

1075 711 1139 741 pote
1156 713 1266 741 parvam
1289 706 1395 733 habens
1414 713 1490 740 spem
1507 705 1603 738 futuri,
1619 711 1646 733 et
1661 713 1713 733 non
1736 706 1793 732 satis
1808 706 1839 732 in-

1075 752 1265 787 telligibilibus
1278 759 1429 787 suspensus
1447 752 1538 779 bonis.
1554 752 1619 779 Erat
1641 752 1711 779 enim
1735 755 1797 778 totus
1815 751 1839 779 ad

1075 803 1199 826 ventrem
1225 803 1252 825 et
1273 799 1307 826 ad
1330 798 1440 825 carnale
1465 798 1551 825 otium
1574 798 1706 829 intentus,
1720 798 1753 824 ita
1776 802 1801 824 ut
1820 799 1839 824 in

1075 844 1203 880 praesenti
1222 845 1275 872 vita
1287 865 1293 876 ,
1313 852 1344 871 ea
1361 852 1421 879 qua:
1443 844 1476 871 ad
1495 844 1662 879 voluptatem
1683 843 1839 879 pertinebant,

1076 894 1182 921 etiamsi
1199 893 1280 920 nimis
1295 896 1389 920 essent
1402 893 1530 927 despecta
1555 895 1583 919 et
1608 890 1717 918 minima
1737 898 1780 924 pro
1793 890 1840 920 illis,

1074 948 1135 975 quae
1159 948 1256 975 parum
1274 940 1408 967 laboriosa
1433 943 1522 971 erant,
1539 937 1586 966 sed
1613 937 1725 964 militum
1749 937 1840 970 majora,

1071 987 1194 1022 eligeret.
1213 992 1241 1014 et
1257 991 1401 1021 propterea
1421 989 1557 1021 qurereret
1574 984 1714 1019 .IEgyptios
1733 991 1840 1018 pepones,

1071 1041 1169 1068 caepas,
1180 1037 1207 1061 et
1221 1033 1293 1065 allia,
1310 1033 1440 1067 quoniam
1457 1032 1485 1059 in
1502 1036 1630 1066 promptu
1647 1034 1723 1057 erant
1734 1029 1765 1056 ad
1778 1036 1840 1056 exsa-

1072 1079 1179 1106 tiandos
1192 1086 1250 1111 eos,
1267 1083 1294 1105 et
1312 1078 1373 1105 sine
1393 1077 1487 1105 labore
1506 1077 1632 1104 aderant.
1654 1075 1710 1102 Nos
1724 1079 1812 1106 autem.
1825 1075 1841 1101 si

1072 1124 1206 1152 mandatis
1231 1124 1277 1151 Dei
1304 1124 1485 1154 intendimus,
1512 1123 1636 1150 dicentes
1663 1122 1733 1149 sicut
1754 1120 1840 1147 David:

1073 1172 1147 1200 Viam
1159 1172 1384 1207 jttstiﬁcationum
1399 1176 1505 1197 tuarum
1519 1170 1626 1197 insinuo
1642 1169 1704 1196 mihi
1713 1169 1744 1195 ³⁵.
1759 1167 1788 1195 Et
1798 1175 1842 1194 rur-

1071 1226 1138 1246 sus:
1155 1218 1244 1245 Detluc
1268 1227 1307 1245 me
1325 1218 1352 1244 in
1368 1218 1462 1245 semita
1485 1216 1674 1243 mandatorum
1697 1220 1806 1245 tuorum;
1824 1219 1841 1240 et

1071 1265 1271 1291 custodierimus
1285 1264 1413 1291 mandato
1429 1263 1484 1298 t’jlts
1497 1263 1530 1295 ",
1549 1262 1619 1289 nihil
1635 1269 1729 1289 eorum
1743 1268 1842 1288 corrum-

1070 1315 1167 1346 pentes
1178 1331 1185 1343 ,
1202 1319 1291 1346 neque
1305 1310 1457 1338 secundum
1467 1313 1589 1336 nostram
1608 1308 1792 1337 intentionem.
1808 1305 1843 1333 sed

1070 1357 1221 1385 secundum
1251 1356 1331 1391 ejus,
1349 1359 1378 1383 et
1403 1363 1463 1391 qua:
1488 1355 1548 1390 ejus
1573 1359 1650 1387 sunt,
1669 1353 1844 1389 agenteszboe

1069 1403 1142 1431 enim
1160 1408 1204 1431 est
1222 1402 1333 1438 proprie
1349 1401 1408 1436 ejus
1425 1400 1564 1428 custodire
1579 1400 1726 1432 mandata;
1740 1397 1844 1432 intelligi-

1070 1450 1163 1478 biliter
1178 1453 1369 1484 exspectemus
1384 1447 1599 1483 unumquodque
1611 1453 1783 1481 eorum,qute
1793 1452 1844 1480 pre-

1070 1497 1142 1525 dicta
1160 1500 1236 1523 sunt.
1254 1495 1322 1529 Quia
1346 1499 1437 1522 autem
1455 1502 1470 1521 a
1485 1494 1588 1522 Judmis
1604 1494 1776 1521 inveniemus
1787 1490 1843 1519 omni

1070 1543 1152 1570 modo
1169 1542 1227 1569 lucc
1242 1540 1393 1569 secundum
1409 1541 1528 1567 litteram
1548 1540 1662 1575 impleta
1679 1548 1686 1566 :
1705 1538 1776 1566 multi
1789 1537 1844 1565 enim

1073 1587 1118 1615 Dei
1132 1583 1284 1622 prophetae,
1298 1586 1485 1614 custodientes
1495 1587 1554 1621 ejus
1570 1585 1709 1618 mandata,
1721 1588 1747 1612 et
1759 1584 1783 1611 in
1794 1590 1846 1618 pm-

1072 1635 1157 1670 ceptis
1172 1635 1231 1670 ejus
1250 1634 1431 1666 ambulantes,
1452 1633 1480 1660 in
1496 1633 1580 1660 multa
1595 1631 1709 1660 fuerunt
1724 1630 1845 1659 aillictione

1071 1681 1224 1712 constituti,
1242 1688 1292 1708 nec
1306 1688 1405 1715 panem
1423 1687 1502 1707 suum
1518 1687 1580 1707 cum
1598 1679 1737 1709 satietate,
1749 1677 1790 1705 sed
1800 1683 1845 1704 cum

1072 1732 1192 1763 egestate
1212 1727 1403 1760 comederunt,
1424 1725 1658 1761 quemadmodum
1675 1723 1801 1754 Ezechiel,
1814 1721 1846 1749 cui

1071 1776 1105 1802 ab
1119 1775 1179 1809 ipso
1195 1775 1247 1801 hoc
1263 1774 1318 1801 Deo
1333 1777 1500 1808 przeccptum
1517 1776 1569 1800 est.
1584 1772 1640 1799 Sed
1657 1777 1686 1799 et
1702 1771 1794 1798 Paulus
1802 1776 1845 1797 (ξος.

1070 1821 1117 1856 qui
1134 1820 1161 1847 in
1179 1820 1238 1855 lege
1251 1823 1279 1847 et
1295 1819 1438 1854 prophetis
1460 1818 1602 1853 justiﬁcati
1635 1822 1712 1850 sunt,
1731 1822 1846 1851 exponens

1070 1866 1196 1893 dicebat:
1211 1866 1378 1893 Circuierunt
1395 1865 1422 1891 in
1437 1864 1549 1895 melotis,
1566 1864 1592 1890 in
1608 1863 1722 1898 pellibus
1743 1860 1845 1897 caprinis.

1070 1912 1214 1945 ltumiliuti,
1229 1911 1319 1946 aﬂlicti
1331 1932 1338 1943 ,
1355 1911 1449 1946 quibus
1465 1910 1559 1944 dignus
1574 1918 1625 1937 non
1640 1914 1698 1937 erat
1716 1910 1815 1936 mundus
1823 1906 1846 1933 ".

1071 1959 1139 1987 Illud
1155 1964 1246 1986 autem
1263 1957 1349 1993 magis
1367 1957 1510 1984 intendere
1528 1956 1555 1984 in
1574 1957 1626 1989 his,
1643 1964 1704 1991 qua:
1715 1956 1782 1983 dicta
1792 1957 1847 1984 sunt.

1071 2008 1190 2040 oportet,
1220 2004 1286 2039 quia
1302 2003 1523 2031 custodientibus
1537 2003 1585 2030 Dei
1602 2003 1743 2034 mandata,
1760 2000 1848 2036 triginta

1071 2049 1279 2078 benedictiones
1300 2049 1327 2076 in
1349 2049 1478 2084 praesenti
1492 2049 1534 2076 lex
1553 2048 1657 2083 posuit.
1675 2048 1721 2075 Sic
1737 2047 1801 2075 enim
1814 2051 1847 2071 cas

1072 2103 1189 2123 numero
1208 2095 1344 2127 invenies,
1362 2102 1587 2130 unamquamque
1602 2093 1813 2121 benedictionem
1824 2089 1848 2117 ab

1072 2142 1125 2168 alia
1149 2149 1198 2176 per
1220 2140 1456 2175 conjunctionem,
1472 2140 1500 2167 in
1526 2140 1680 2167 secundum
1697 2137 1848 2174 Septuaginta

1072 2187 1194 2216 editione
1218 2187 1390 2219 discernens,
1419 2187 1483 2221 quia
1507 2191 1547 2214 tot
1573 2194 1712 2214 annorum
1739 2184 1848 2212 exsistens

1073 2233 1216 2266 Dominus,
1232 2233 1266 2261 de
1284 2241 1338 2268 quo
1353 2233 1392 2260 ait
1405 2233 1517 2265 Paulus,
1533 2231 1567 2259 Ut
1590 2240 1761 2259 occurramus
1781 2236 1848 2257 omna

1073 2282 1102 2308 in
1124 2281 1209 2307 uirum
1232 2281 1377 2315 perfectum
1387 2279 1419 2313 ⁵⁸,
1435 2280 1463 2306 in
1478 2286 1637 2306 mensuram
1651 2278 1738 2306 artatis
1754 2275 1849 2313 plenilu‘

1078 2327 1150 2354 (linis
1163 2326 1264 2354 Christi
1282 2335 1288 2353 :
1310 2326 1387 2354 venit
1412 2325 1446 2353 ad
1469 2325 1636 2360 baptismum
1655 2329 1804 2360 :quatenus
1814 2321 1849 2348 do-

1078 2372 1198 2400 nationis
1206 2365 1424 2407 perfectionem,
1439 2378 1489 2406 per
1498 2375 1618 2403 aetatem,
1634 2378 1717 2405 quam
1731 2375 1806 2405 agens
1816 2367 1849 2394 ba-

1078 2418 1197 2453 ptizatus
1211 2422 1269 2450 est,
1283 2417 1424 2445 nuntiaret
1438 2421 1466 2444 et
1482 2407 1641 2444 ostenderet
1659 2426 1666 2444 :
1685 2421 1713 2443 et
1729 2415 1765 2443 sic
1780 2412 1850 2449 perle-

1079 2469 1141 2492 ctus
1163 2464 1313 2492 secundum
1339 2468 1447 2499 tempus
1470 2463 1570 2496 factus,
1588 2462 1738 2498 praedicare
1750 2461 1850 2493 Evange-

1079 2511 1146 2538 lium
1160 2511 1244 2545 empit
1263 2520 1269 2537 :
1287 2510 1314 2537 in
1328 2517 1383 2544 quo
1397 2509 1527 2536 omnibus
1546 2513 1589 2536 est
1602 2508 1663 2535 vitae
1679 2512 1706 2535 et
1720 2502 1851 2535 donationis

1080 2557 1231 2593 plenitudo,
1249 2561 1276 2584 ct
1293 2555 1522 2589 conversationis,
1540 2554 1788 2588 retributionisque.
1801 2551 1850 2583 ρυπ

1081 2604 1125 2631 hic
1141 2603 1322 2639 signiﬁcavit:
1341 2603 1379 2630 ait
1392 2602 1465 2630 enim
1478 2611 1485 2629 :

1117 2649 1152 2676 Et
1176 2650 1243 2677 (laba
1266 2650 1337 2677 vobis
1361 2649 1479 2685 pluviam
1497 2649 1524 2676 in
1542 2650 1702 2684 temporious
1717 2647 1778 2674 suis.
1798 2641 1850 2670 Dicit

1081 2700 1172 2722 autem
1188 2695 1302 2723 verbum
1320 2695 1367 2723 Dei
1381 2715 1389 2727 ,
1407 2699 1502 2730 utpote
1523 2694 1737 2722 descendentem
1754 2692 1784 2718 de
1799 2687 1851 2716 ctrio

1081 2741 1183 2777 gratias,
1200 2742 1234 2769 de
1256 2749 1310 2776 quo
1325 2741 1429 2777 Moyses
1445 2741 1484 2769 sic
1498 2741 1566 2768 dixit
1581 2750 1588 2768 :
1605 2740 1725 2771 Attende,
1733 2736 1822 2765 mlum,
1833 2736 1850 2757 ιι

1082 2787 1186 2822 loquar,
1200 2791 1224 2814 et
1241 2787 1336 2814 audiat
1351 2791 1423 2814 terra
1436 2787 1514 2814 verba
1532 2795 1564 2814 ex
1578 2794 1622 2813 ore
1637 2793 1703 2818 meo,
1715 2785 1849 2818 exspt'ctrttl

1281 2888 1303 2904 δ”
1318 2889 1328 2916 l
1342 2888 1405 2916 Cor.
1428 2894 1465 2922 si,
1484 2887 1529 2915 28.
1578 2888 1601 2903 "
1615 2885 1685 2913 Psai.
1701 2890 1787 2915 cxvm,
1813 2879 1846 2907 27ι
