3892 6408
233 283 244 293 ’
333 311 466 386 ιλιι
1437 332 1517 393 IN
1563 334 2008 395 LEVITICUM.
2050 359 2117 368 --
2157 336 2304 395 LIB.
2347 337 2476 396 v11.
3468 338 3606 407 me

334 433 465 487 sicut
494 433 674 504 pluria
705 437 968 508 eloquium
1005 442 1256 496 meum”.
1305 441 1420 498 Hoc
1466 461 1577 500 non
1610 448 1912 516 qualecun-
1943 455 1986 508 Α
2016 448 2140 500 stris
2155 448 2236 502 '5‘?
2264 449 2476 514 Quibus
2512 450 2808 506 destructis
2847 469 2953 523 pax
2993 454 3049 507 in
3097 463 3242 510 terra
3273 463 3456 513 vestra
3486 455 3606 530 lege

333 541 441 595 que
470 527 672 584 bonum
700 541 783 585 est
827 534 880 586 in
911 543 1156 604 tempore
1185 551 1285 590 suo
1334 537 1637 606 percipere,
1673 540 1766 593 sed
1795 555 1910 593 ma-

338 619 531 675 nifesta
582 631 666 676 est
715 624 809 678 Dei
861 626 1122 681 bonitatis
1160 629 1424 694 ostensio,
1452 631 1912 699 quemadmodum

335 725 447 765 non
495 714 746 783 accipere
789 718 1146 772 aversationis
1191 729 1296 774 est.
1333 717 1565 790 Propter
1593 723 1738 792 quod
1773 724 1914 777 Deus

334 800 579 860 irascens
627 808 829 876 populo
875 808 1210 872 Judaeorum,
1244 827 1341 881 per
1367 813 1556 867 Isaiam
1590 816 1912 884 prophetam

333 896 576 953 minatus
622 909 728 964 est,
764 901 954 956 dicens
988 921 1000 955 :
1038 902 1104 957 Et
1154 905 1449 974 relinquam
1481 909 1691 961 vineam
1723 925 1912 975 meant,

333 998 386 1040 et
417 1005 518 1043 non
548 993 836 1059 putabitur,
872 1011 964 1047 nec
997 995 1248 1064 fodietur,
1275 1007 1324 1051 et
1350 1001 1630 1053 ascenderit
1679 1002 1734 1054 in
1776 1018 1912 1065 eam,

332 1084 466 1136 sicut
495 1084 551 1136 in
575 1100 702 1152 agro
731 1085 948 1147 inculto.
976 1074 1172 1154 spinae;
1207 1099 1254 1142 et
1284 1091 1504 1144 nubibus
1536 1093 1818 1158 mandabo,
1855 1111 1918 1148 ne

331 1174 519 1240 pluunt
569 1193 729 1241 super
762 1191 879 1230 eam
909 1178 1230 1246 pluviam“.
1261 1182 1401 1247 Quid
1449 1183 1594 1237 enim
1649 1185 1808 1240 nobis
1851 1201 1916 1240 ex

331 1265 644 1334 accipienda
671 1267 848 1336 pluvia
878 1269 932 1322 in
971 1278 1213 1340 tempore
1246 1288 1348 1325 suo
1379 1275 1637 1343 prolicit?

402 1358 470 1412 Et
499 1370 640 1413 terra
673 1362 847 1430 gfgnet
875 1364 1105 1432 fructum
1136 1381 1310 1418 suum.
1345 1365 1400 1421 ld
1431 1377 1534 1430 est,
1571 1383 1772 1439 corpus
1813 1385 1914 1426 no-

330 1458 526 1512 strum,
558 1452 722 1520 hujus
770 1454 918 1506 enim
967 1455 1096 1508 doni
1139 1456 1348 1511 fructus
1377 1467 1524 1521 sunt,
1552 1461 1796 1526 castitas,
1827 1476 1916 1515 so-

330 1537 553 1601 brietas,
586 1541 938 1596 abstinentia.
967 1543 1034 1596 Et
1083 1546 1250 1613 pomis
1300 1547 1515 1601 arbores
1556 1549 1910 1618 replebuntur.

331 1627 480 1696 Sive,
517 1640 575 1685 ιιι
616 1633 972 1704 Septuaginta
1010 1653 1023 1688 :
1056 1636 1225 1706 Ligna
1254 1641 1428 1707 campi
1455 1643 1653 1696 dabunt
1684 1644 1914 1710 fructum

327 1737 505 1776 suum.
533 1722 701 1794 Ligna
747 1736 931 1780 autem
965 1729 1139 1797 campi
1199 1739 1328 1784 sunt
1366 1732 1561 1786 animus
1593 1746 1790 1798 motus,
1829 1747 1913 1790 ut-

327 1823 456 1882 pote
488 1816 579 1885 qui
614 1827 742 1871 sunt
775 1819 1014 1874 motibus
1041 1821 1366 1893 iutelligibili
1402 1834 1600 1881 nostra;
1632 1836 1809 1892 terrm,
1836 1829 1914 1883 vi-

325 1905 528 1963 delicet
555 1924 720 1964 Carne
751 1911 1120 1968 sublimior-es.
1157 1915 1364 1970 llorum
1393 1931 1520 1988 ergo
1553 1918 1782 1985 fructus,
1817 1938 1909 1976 ve-

326 1999 486 2063 ritas,
515 2001 753 2069 justitia,
783 2007 1169 2072 mansuetudo,
1198 2010 1522 2079 compassio,
1562 2021 1616 2066 et
1647 2013 1731 2067 his
1758 2014 1912 2067 simi-

323 2091 397 2146 lia
425 2110 441 2159 ;
471 2104 693 2165 propter
721 2097 864 2166 quod
913 2108 1316 2170 consequenter
1367 2102 1724 2174 subjungens,
1757 2106 1911 2160 addi-

324 2187 430 2240 dit.

395 2279 756 2349 Appreltendet
783 2285 1027 2339 messium
1055 2288 1250 2342 tritura
1281 2291 1620 2353 vindemiam,
1646 2299 1694 2344 ct
1733 2293 1912 2347 vinde-

320 2375 434 2429 mia
489 2378 761 2444 occupabit
810 2392 1117 2436 sementem.
1157 2381 1295 2448 Quia
1339 2384 1486 2437 enim
1531 2385 1722 2440 tritura
1755 2395 1912 2440 terra}

317 2468 530 2539 colligit
575 2469 807 2535 fructus,
854 2472 1128 2528 vindemia
1180 2476 1462 2540 arborum,
1507 2487 1654 2533 recte
1703 2477 1914 2534 fructus

316 2561 570 2631 corporis
617 2571 712 2617 aut
759 2563 969 2620 fructus
1014 2567 1212 2622 animm
1263 2569 1763 2639 comprehendere,
1797 2571 1912 2627 sive

313 2666 592 2722 occupare
621 2653 856 2709 dicimus
877 2696 892 2721 ,
923 2657 1050 2725 quia
1081 2657 1186 2712 hoc
1217 2659 1438 2727 quidem
1469 2661 1717 2715 maxima:
1746 2662 1913 2717 bene-

313 2743 584 2801 dictionis
620 2755 724 2809 est,
789 2762 901 2802 uno
967 2749 1274 2819 eodemque
1325 2759 1570 2821 tempore
1620 2754 1810 2808 stabile
1858 2763 1912 2809 et

314 2834 616 2890 fecundum
674 2852 894 2907 corpus,
925 2847 1088 2908 atque
1111 2841 1350 2895 animam
1383 2841 1437 2896 in
1473 2842 1766 2899 virtutibus
1787 2861 1913 2910 pus-

314 2926 523 2982 sidere.
558 2927 994 2996 Comprehendit
1020 2941 1228 2999 autem,
1255 2935 1371 2989 sive
1403 2936 1690 3005 occupavit
1723 2938 1912 2994 vinde-

313 3020 434 3076 mia
482 3031 820 3090 sementem;
871 3039 1210 3096 congregans
1262 3028 1410 3082 enim
1458 3029 1640 3084 anima
1684 3031 1913 3086 virtutes

314 3128 476 3178 suas,
512 3129 636 3168 mox
667 3115 804 3170 alias
833 3117 1127 3183 desiderat,
1168 3135 1339 3188 usque
1368 3121 1495 3174 dum
1526 3121 1646 3177 illas
1674 3123 1916 3195 attigerit

314 3205 566 3268 divitias,
593 3206 660 3260 ad
695 3223 830 3276 quas
857 3206 1058 3263 Paulus
1093 3208 1392 3273 festinavit,
1431 3218 1484 3264 et
1515 3221 1801 3281 propterea
1828 3211 1916 3266 di-

309 3300 523 3354 cebat:
561 3299 801 3367 Fratres,
834 3317 926 3372 ego
973 3319 1057 3355 me
1103 3319 1206 3355 non
1243 3304 1476 3356 arbitror
1501 3306 1918 3374 comprehendis-

310 3409 374 3447 se
393 3393 464 3458 ⁴¹¹,
497 3410 664 3449 unum
694 3404 902 3457 autem,
933 3410 1054 3464 quze
1088 3396 1308 3464 quidem
1342 3407 1488 3451 retro
1518 3407 1646 3452 sunt
1691 3399 1912 3461 oblitus,

314 3487 379 3540 in
417 3486 502 3540 his
531 3495 736 3552 autem,
773 3503 894 3557 quae
931 3489 1112 3557 priora
1144 3498 1274 3543 sunt
1302 3498 1577 3554 extentus,
1612 3491 1914 3544 secundum]

314 3575 690 3630 intentionem
726 3591 927 3645 sequor
957 3576 1024 3630 ad
1057 3576 1291 3646 palmam
1324 3591 1578 3646 superna:
1619 3579 1918 3633 vocationis

311 3668 552 3722 Christi.
585 3667 813 3737 Propter
856 3669 1002 3738 quod
1053 3679 1108 3722 et
1158 3669 1361 3723 bonum
1413 3669 1661 3738 sequitur
1706 3685 1916 3737 semen,

315 3758 550 3829 plenum
594 3760 928 3816 salutaribus
967 3759 1301 3825 actionibus,
1333 3771 1393 3814 ut
1439 3761 1580 3815 bene
1627 3762 1919 3817 conveniat

312 3849 477 3920 quod
509 3851 778 3920 sequitur.

400 3942 467 3996 Et
495 3945 772 3998 comedetis
796 3958 989 4013 panem
1018 3951 1244 3997 vestrum
1270 3944 1323 3996 in
1353 3945 1656 3998 saturitate.
1690 3945 1746 4000 Si
1771 3946 1916 4000 enim

316 4036 488 4110 panis
516 4043 704 4091 noster
736 4035 913 4091 virtus
953 4043 1060 4099 est,
1095 4037 1165 4089 de
1203 4051 1310 4105 qua
1355 4036 1618 4092 Dominus
1650 4037 1868 4092 dicebat
1903 4058 1915 4092 :

314 4129 636 4198 Operamini
663 4144 767 4182 non
803 4127 974 4182 cibum
1007 4127 1097 4198 qui
1127 4129 1294 4196 perit,
1330 4129 1421 4180 sed
1449 4129 1538 4198 qui
1566 4139 1836 4198 permanet
1865 4131 1920 4184 iu

315 4223 499 4278 vitam
527 4231 786 4277 retentam
805 4221 850 4253 °’
879 4238 892 4274 :
925 4219 1012 4275 hic
1040 4218 1191 4274 illum
1211 4220 1277 4274 ad
1309 4221 1613 4276 satietatem
1641 4222 1915 4286 comedet,

316 4311 386 4366 id
417 4310 930 4381 est,operatur,qui
955 4309 1011 4363 in
1042 4319 1308 4381 perpetuo
1339 4312 1462 4380 ejus
1488 4312 1790 4382 appetitum
1819 4313 1918 4368 ha-

316 4403 446 4458 bet.

2017 541 2109 594 Dei
2141 541 2429 596 refraenata
2461 543 2798 614 proﬂigatur.

2088 631 2157 686 Et
2179 635 2476 698 dormieris,
2504 637 2696 707 inquit.
2721 637 2778 692 In
2803 639 3183 696 retributionis
3201 650 3381 696 autem
3402 642 3604 713 specie,

2015 725 2180 779 etiam
2226 727 2330 782 hoc
2377 727 2660 799 Scriptura
2716 747 2866 786 saera
2917 734 3117 802 posuit.
3160 734 3426 790 Dormitio
3460 737 3604 796 enim

2019 827 2206 886 utpote
2241 820 2488 889 requies,
2521 837 2671 877 mors
2699 835 3015 880 sanctorum
3043 825 3264 888 dicitur,
3296 827 3604 896 iniquorum

2017 917 2198 964 autem
2228 926 2338 966 non
2371 922 2454 968 est
2483 913 2575 977 ita,
2597 915 2686 968 cui
2721 917 2876 970 testis
2909 925 2995 970 est
3023 917 3413 974 Ecclesiastes:
3440 919 3604 974 Satu-

2019 1002 2151 1055 ritas
2188 1011 2368 1056 autem
2397 1005 2576 1058 divitis
2605 1022 2706 1059 non
2745 1008 2872 1060 sinit
2897 1008 3127 1062 dormire
3153 1024 3270 1062 eum
3287 1010 3353 1065 “.
3377 1011 3606 1082 Propter

2017 1092 2161 1160 quod
2194 1109 2342 1148 nunc
2373 1106 2770 1165 consequenter
2797 1098 3008 1152 addidit
3055 1116 3069 1152 :

2091 1183 2162 1236 Et
2189 1201 2290 1237 non
2321 1194 2395 1239 est
2421 1187 2509 1255 qui
2538 1197 2818 1244 exterreat.
2842 1190 2945 1254 Qui
2967 1190 3111 1244 enim
3139 1191 3220 1246 sic
3238 1191 3390 1257 vixit,
3412 1207 3605 1262 quem-

2020 1271 2311 1327 admodum
2346 1274 2400 1327 in
2434 1275 2806 1344 superioribus
2834 1278 3042 1333 dictum
3074 1287 3190 1344 est,
3225 1295 3334 1333 non
3383 1280 3605 1335 habebit

2017 1363 2108 1433 qui
2135 1379 2260 1419 eum
2292 1373 2496 1421 terreat
2526 1376 2768 1438 tempore
2797 1372 3010 1436 mortis,
3039 1388 3160 1441 qua:
3207 1373 3366 1428 nobis
3397 1373 3603 1427 dormi-

2019 1457 2093 1511 tio
2143 1466 2247 1522 est,
2288 1469 2511 1530 propter
2558 1475 2710 1530 spem
2762 1471 3106 1518 mortuorum
3156 1464 3602 1520 resurrectionis.

2018 1544 2135 1601 Non
2189 1547 2411 1602 habebit
2457 1559 2640 1603 autem
2691 1550 2781 1620 qui
2821 1561 3115 1618 exterreat,
3153 1553 3287 1607 nihil
3321 1553 3427 1610 sibi
3473 1568 3604 1609 con-

2017 1640 2182 1703 scius,
2215 1640 2283 1694 de
2315 1657 2422 1710 quo
2453 1650 2743 1696 terreatur.

2085 1730 2338 1802 Aufer-am
2393 1733 2564 1787 malas
2616 1734 2830 1788 bestias.
2866 1733 3133 1790 Videlicet
3175 1736 3471 1792 dtrmoncs.
3500 1737 3603 1793 Be-

2019 1824 2138 1879 stiae
2168 1825 2315 1878 enim
2346 1835 2477 1880 sunt
2506 1841 2571 1880 ex
2605 1828 2769 1882 simili
2811 1829 3037 1894 malitia,
3069 1831 3307 1900 primum
3355 1830 3498 1886 sicut
3527 1831 3605 1885 la-

2019 1923 2214 1980 tentes,
2247 1915 2445 1970 dcinde
2481 1926 2540 1971 ut
2567 1932 2838 1973 venenum
2893 1920 3241 1990 importabile
3277 1930 3332 1976 et
3361 1921 3607 1977 mortifeo

2017 2023 2134 2061 rtttn
2171 2007 2457 2064 habentes.
2507 2009 2898 2078 Prosequimini
2942 2012 3182 2066 inimicos
3228 2021 3442 2068 uestros.
3482 2013 3602 2068 Non

1971 2167 1974 2170 .
2016 2105 2244 2165 possunt
2269 2101 2414 2151 enim
2445 2107 2571 2153 ante
2603 2097 2797 2153 faciem
2823 2114 3036 2164 eorum,
3061 2102 3154 2171 qui
3186 2103 3489 2158 secundum
3521 2103 3601 2158 lc-

2015 2202 2134 2256 gem
2187 2187 2401 2250 vivunt,
2428 2198 2594 2246 stare.
2644 2189 2711 2243 Et
2761 2201 3002 2244 corruent
3056 2205 3232 2244 coram
3279 2192 3440 2245 vobis.
3484 2193 3601 2257 Qua

2015 2281 2232 2335 morte?
2261 2279 2394 2346 Qua:
2427 2291 2509 2337 est
2545 2283 2730 2352 utique
2762 2300 2860 2354 per
2891 2283 3162 2354 jejunium
3193 2294 3248 2340 et
3274 2285 3598 2340 orationem.

2017 2372 2129 2428 lloc
2153 2375 2297 2428 enim
2327 2374 2489 2428 modo
2513 2375 2684 2428 nostri
2713 2375 3080 2446 intelligibiles
3102 2376 3305 2431 inimici
3323 2375 3601 2432 daemones

2015 2465 2426 2532 interimuntur,
2457 2477 2519 2522 ut
2564 2483 2906 2538 nequaquam
2947 2470 3086 2524 ultra
3114 2479 3305 2525 contra
3337 2485 3438 2526 nos
3467 2483 3598 2541 pos-

2013 2558 2123 2612 sint
2152 2557 2500 2615 reviviscere.
2538 2559 2693 2616 Unde
2737 2571 2792 2616 et
2840 2563 3102 2617 Dominus
3125 2565 3386 2635 apostolis
3417 2566 3600 2636 inqui-

2015 2650 2281 2713 rentibus,
2317 2667 2416 2706 cur
2442 2663 2652 2707 mutum
2694 2663 2750 2708 et
2785 2655 3008 2709 surdum
3041 2656 3370 2712 daemonium
3402 2658 3600 2727 ejicere

2014 2742 2240 2796 minime
2274 2744 2601 2814 potuissent,
2633 2747 2946 2817 respondit:
2973 2748 3082 2802 Hoc
3117 2751 3257 2803 enim
3295 2768 3459 2822 genus
3500 2761 3601 2806 non

2015 2834 2250 2904 ejicitur,
2291 2837 2392 2890 nisi
2430 2853 2523 2906 per
2551 2837 2825 2907 jejunium
2863 2848 2914 2893 et
2953 2843 3335 2896 orationem“.

2086 2927 2472 2998 Persequentur
2523 2931 2752 3001 quinque
2799 2933 2864 2986 de
2917 2933 3064 2988 vobis
3103 2946 3312 2990 centum
3371 2937 3600 2992 alienos.

2018 3020 2144 3076 Sive
2174 3029 2234 3076 ut
2261 3021 2614 3094 Septuaginta
2635 3041 2650 3077 :
2670 3023 2946 3094 Expellam
2973 3017 3359 3098 quinquaginta
3393 3038 3601 3082 centum

1944 3129 1986 3186 ς
2019 3115 2424 3184 quinquaginta.
2476 3116 2718 3172 Dicimus
2772 3133 2893 3173 esse
2945 3119 3245 3188 spiritalem
3303 3121 3600 3184 hominem.

2019 3209 2145 3276 quia
2191 3208 2280 3263 die
2309 3207 2661 3266 Pentecostes
2709 3208 2943 3281 Spiritus
2985 3212 3054 3266 de
3106 3213 3248 3268 casio
3299 3213 3602 3269 descendit.

2021 3301 2159 3369 Ergo
2187 3300 2444 3370 spiritalis
2474 3302 2562 3356 ille
2587 3303 2764 3372 qualis
2782 3303 2871 3366 sit,
2912 3301 3114 3358 Paulus
3139 3304 3354 3359 dicebat
3379 3322 3392 3358 :
3424 3305 3606 3376 Spiri-

2022 3389 2148 3444 talis
2185 3399 2362 3444 autem
2388 3391 2601 3460 judicat
2631 3395 2831 3456 omnia,
2864 3403 2914 3446 et
2939 3393 3050 3462 ipse
3081 3411 3115 3448 a
3149 3396 3357 3449 nemine
3387 3395 3606 3464 judica-

2021 3490 2107 3534 tur
2132 3481 2176 3513 “
2215 3501 2227 3536 :
2268 3483 2321 3537 id
2356 3492 2457 3548 est,
2501 3484 2593 3551 qui
2624 3484 2908 3538 scientiam
2938 3485 3237 3553 perfectam
3275 3486 3480 3551 habet,
3536 3489 3605 3543 ad

2019 3570 2276 3624 subtilem
2309 3586 2522 3636 eorum,
2546 3573 2901 3642 qute‘agenda
2935 3584 3064 3627 sunt
3089 3574 3496 3642 discretionem,
3518 3577 3607 3636 hic

2019 3661 2266 3730 quamvis
2297 3662 2533 3717 validum
2568 3663 2894 3730 daemonem,
2921 3665 3070 3719 verbi
3101 3667 3407 3737 gratia,qui
3433 3684 3500 3723 ex
3528 3669 3607 3724 eis

2021 3769 2185 3822 supra
2215 3762 2462 3819 centum,
2501 3764 2556 3808 et
2589 3756 2682 3824 qui
2715 3756 2853 3825 legio
2881 3757 3189 3826 appellatur
3217 3768 3440 3829 propter
3465 3762 3607 3815 mul-

2024 3844 2311 3899 titudinem
2356 3846 2730 3902 obedientiqu
2781 3848 2832 3902 ei
2879 3851 3148 3905 malorum
3201 3852 3492 3922 spirituum
3552 3863 3609 3908 et

2021 3939 2461 4008 cooperantium,
2489 3940 2634 3994 valet
2662 3955 2925 4010 superare
2953 3950 3120 4011 atque
3147 3942 3387 3998 vincere.

2095 4030 2160 4084 Et
2187 4041 2397 4084 centum
2427 4047 2492 4083 ea:
2522 4030 2661 4085 vobis
2704 4033 2878 4086 decem
2921 4033 3112 4088 millia.
3149 4033 3252 4099 Qui
3300 4034 3448 4089 enim
3495 4052 3603 4090 non

2022 4122 2198 4176 solum
2227 4123 2514 4177 scientiam
2555 4123 2720 4178 habet
2745 4123 3023 4190 subtilem,
3081 4126 3177 4180 sed
3206 4135 3260 4180 ct
3286 4127 3451 4180 vitam
3480 4143 3606 4196 per-

2022 4215 2217 4269 fectam
2255 4223 2418 4285 atque
2463 4225 2920 4282 consummatam,
2967 4219 3056 4274 hic
3087 4219 3286 4290 duplex
3341 4221 3609 4291 quodam-

2025 4307 2186 4361 modo
2217 4306 2478 4377 spiritalis
2501 4316 2606 4372 est,
2639 4316 2696 4362 et
2719 4318 3008 4379 propterea
3039 4313 3354 4367 centenario
3378 4329 3609 4368 numero

2024 4399 2379 4454 honorandus
2421 4409 2525 4466 est,
2560 4400 2704 4455 sicut
2729 4401 3003 4471 duplicem
3049 4402 3284 4459 fructum
3323 4406 3506 4461 ferens
3552 4408 3608 4462 iu

405 4494 475 4550 Et
503 4496 698 4567 absque
723 4513 916 4565 pavore
946 4495 1253 4550 habitabitis
1287 4497 1342 4550 in
1373 4505 1516 4552 terra
1548 4507 1741 4554 vestra.
1765 4497 1920 4554 Dabo
1954 4493 1995 4548 Β
2023 4491 2243 4561 spiritu,
2274 4500 2436 4561 atque
2464 4492 2787 4562 perfectum,
2825 4503 2881 4549 et
2909 4510 3018 4564 quo
3064 4496 3328 4566 majorem
3357 4498 3611 4555 Christus

315 4605 514 4662 pacem
543 4590 597 4642 in
627 4588 820 4656 finibus
849 4590 1057 4642 vestris.
1084 4587 1179 4643 Vel
1209 4589 1511 4644 secundum
1544 4588 1919 4661 Septuaginta,

316 4686 384 4735 et
409 4677 603 4733 bellum
631 4695 733 4732 non
761 4679 1104 4747 pertransibit
1132 4688 1350 4742 terram,
1370 4679 1515 4748 quod
1534 4690 1718 4734 nostra
1741 4690 1920 4735 trans-

318 4771 470 4827 latio
504 4771 664 4842 paulo
701 4778 825 4840 post
853 4771 1003 4824 dicit.
1029 4768 1248 4825 Gladius
1291 4787 1393 4824 non
1435 4774 1681 4826 transibit
1720 4773 1775 4826 in
1816 4782 1922 4826 ter-

319 4858 503 4920 minos
532 4872 750 4927 vestros,
772 4873 821 4918 et
848 4863 984 4917 dabo
1007 4880 1191 4933 pacem
1224 4865 1280 4916 in
1307 4872 1449 4918 terra
1474 4873 1669 4919 vestra.
1696 4865 1750 4918 Si
1773 4865 1920 4920 enim

316 4972 536 5026 corpus
563 4956 760 5011 stabile
793 4955 976 5019 fuerit,
1012 4964 1068 5009 et
1099 4955 1280 5009 anima
1310 4954 1624 5020 fructiﬁcat,
1655 4957 1833 5011 securi
1866 4956 1922 5010 in

320 5059 479 5104 terra
508 5059 690 5104 nostra
723 5048 1114 5111 habitabimus,
1147 5049 1272 5118 quia
1305 5047 1445 5102 Caro
1475 5065 1578 5103 non
1608 5050 1922 5118 concupiscit

320 5151 518 5196 contra
567 5143 814 5212 spiritum
835 5140 876 5172 ⁸³
921 5159 934 5194 :
983 5139 1127 5195 unde
1177 5155 1279 5194 nec
1329 5141 1532 5195 bellum
1581 5155 1679 5210 per
1725 5149 1923 5195 terram

322 5231 604 5286 transibit.
632 5229 821 5300 Neque
854 5230 1005 5286 enim
1052 5230 1276 5286 habebit
1317 5239 1533 5302 tempus
1572 5231 1629 5285 in
1675 5246 1926 5286 resurre-

323 5323 518 5379 ctione
555 5324 1150 5394 eoncupiscentiarum,
1179 5324 1248 5379 de
1291 5324 1492 5393 quibus
1541 5324 1617 5378 ait
1645 5323 1925 5380 Iacobus:

2027 4597 2136 4636 non
2179 4583 2331 4648 dicit,
2367 4583 2461 4638 sed
2493 4583 2808 4654 frequenter
2856 4587 3054 4641 bonum
3086 4595 3288 4643 terram
3321 4589 3612 4646 insinuans

2027 4676 2244 4731 dicebat
2273 4695 2285 4730 :
2314 4676 2474 4746 Aﬂ’ert
2502 4679 2732 4748 fructum
2759 4679 3105 4749 trigesimum,
3129 4690 3177 4734 et
3202 4683 3609 4754 sexagesimum,

2026 4778 2074 4820 ct
2107 4768 2447 4822 centesimum
2468 4769 2536 4822 ⁸⁷.
2567 4769 2666 4824 llic
2689 4784 2819 4839 ergo
2845 4770 3012 4824 millia
3043 4771 3281 4827 hostium
3313 4774 3609 4846 subjicere.

2027 4873 2220 4913 omnes
2251 4859 2506 4916 videlicet
2531 4863 2835 4917 contrarias
2865 4861 3119 4927 virtutes,
3163 4874 3351 4935 utpote
3387 4867 3477 4936 qui
3504 4867 3612 4922 vir-

2029 4960 2205 5006 tutum
2237 4951 2401 5006 iiahet
2429 4951 2843 5022 perfectionem,
2869 4963 3070 5024 potest.
3095 4955 3382 5023 Quomodo
3405 4967 3610 5026 autem,

2029 5045 2270 5113 subjicit.
2301 5043 2358 5100 In
2386 5045 2552 5100 verbo
2578 5046 2765 5115 utique
2799 5046 2924 5113 Dei;
2957 5048 3033 5102 ait
3063 5049 3208 5102 enim
3237 5066 3251 5102 :

2101 5135 2167 5188 Et
2193 5134 2381 5188 cadent
2409 5135 2612 5188 inimici
2644 5136 2801 5190 vestri
2829 5137 2882 5189 in
2911 5147 3186 5205 conspectu
3214 5146 3383 5192 vestro
3409 5139 3610 5208 gladio.

2030 5227 2183 5283 illum
2215 5229 2425 5292 dicens,
2456 5245 2619 5300 quem
2653 5229 2879 5285 Paulum
2912 5231 2990 5286 sic
3033 5231 3302 5297 scribens,
3335 5232 3611 5304 exposuit.

2029 5320 2168 5375 Cum
2195 5319 2344 5374 enim
2375 5319 2527 5390 prius
2556 5319 2781 5375 dixisset
2804 5319 3148 5375 inimicorum
3177 5319 3340 5374 millia
3363 5359 3378 5383 ,
3409 5320 3460 5374 id
3489 5329 3574 5375 est
3599 5339 3612 5373 :

2033 5413 2153 5468 Non
2179 5421 2253 5466 est
2281 5413 2422 5466 vobis
2456 5411 2758 5465 colluctatio
2799 5412 3046 5466 adversus
3073 5427 3288 5465 carnem
3313 5421 3359 5466 et
3394 5413 3616 5483 sangui-

2036 5523 2174 5572 nem,
2218 5507 2308 5561 sed
2347 5506 2597 5560 adversus
2641 5506 2904 5574 principes
2936 5514 2984 5558 et
3029 5514 3331 5574 potestates.
3365 5507 3616 5560 adversus

327 5415 487 5471 Unde
548 5416 685 5470 bella
737 5425 787 5470 et
828 5417 947 5470 lites
985 5418 1042 5470 in
1078 5417 1264 5470 vobis?
1313 5415 1504 5471 Nonne
1539 5417 1662 5471 ltinc
1697 5433 1762 5472 ea:
1801 5433 1925 5471 cou-

333 5508 669 5582 cupiscentiis
723 5509 946 5576 vestris,
986 5525 1105 5580 qua:
1153 5508 1387 5562 militant
1441 5509 1498 5563 in
1557 5507 1803 5563 membris
1839 5525 1926 5564 ve-

405 5709 454 5743 ³⁸
485 5709 624 5766 Deut
671 5729 843 5772 xxx".
867 5713 924 5766 ‘2.
1003 5713 1048 5745 ⁶⁰
1101 5712 1204 5769 lsa.
1232 5731 1285 5779 ν,
1308 5715 1361 5769 6.

1442 5715 1484 5746 ⁶¹
1518 5713 1658 5770 Phil.
1687 5731 1768 5780 ιιι,
1803 5717 1888 5771 15.

2031 5715 2188 5770 Joan.
2217 5732 2293 5780 τι,
2322 5714 2414 5768 27.
2485 5713 2560 5783 A”
2581 5712 2696 5769 Gal.
2732 5729 2786 5783 ν,
2821 5711 2909 5772 l7.
2985 5711 3028 5745 “
3056 5711 3159 5768 ls‘t.
3195 5726 3270 5778 tv,
3307 5710 3356 5769 l.
3419 5709 3487 5743 “‘
3511 5707 3616 5766 Ec.

340 5797 447 5844 cae.
499 5798 552 5850 γ,
582 5783 669 5840 ll.
748 5785 791 5818 ⁸⁸
815 5783 1006 5840 Matth.
1038 5800 1148 5840 xm
1175 5825 1189 5852 ,
1224 5784 1313 5840 ‘20.

1394 5785 1438 5818 “
1465 5785 1484 5841 1
1516 5785 1643 5843 ('Ot'.
1681 5803 1739 5853 tt,
1781 5786 1862 5842 ις.
1941 5787 1982 5820 ετ
2013 5786 2203 5842 Matth.
2237 5801 2354 5848 λιιι,
2391 5784 2444 5852 8,
2472 5781 2560 5841 ‘25.
