3892 6428
410 333 544 401 1H3

1609 346 1972 406 HESYCHII
2010 340 2487 408 PRESBYTERI

3540 345 3644 410 liii

405 448 590 502 mundi
621 457 845 503 rectores
866 450 1204 506 tenebrarum
1219 453 1433 514 harum.
1457 455 1704 510 adversus
1723 454 1992 526 spiritalia
2022 456 2069 512 Δ
2172 455 2282 527 Ego
2312 455 2567 510 Dominus
2611 453 2752 510 Deus
2802 462 2991 517 vester,
3023 451 3116 521 qui
3142 451 3302 506 eduxi
3338 467 3425 505 vos
3447 452 3509 506 de
3534 463 3653 512 terra

405 539 657 610 nequitia.-
687 540 742 593 in
770 539 1063 595 crelestibus
1092 542 1159 608 ",
1188 542 1461 599 subinfert
1492 586 1506 598 .
1532 544 1821 614 Propterea
1851 546 1995 599 acci-

409 634 518 700 pite
583 642 918 689 armaturam
973 635 1071 689 Dei
1103 634 1183 701 °’;
1227 651 1392 706 quam
1457 636 1769 708 singulatim
1831 636 1996 691 dinu-

410 737 654 785 merans,
699 723 777 779 ait
805 742 819 778 :
848 724 916 779 Et
941 723 1186 796 gladium
1218 725 1460 796 spiritus,
1507 727 1647 797 quod
1677 735 1753 780 est
1783 725 1996 781 verbum

404 813 509 870 Dei
537 815 583 845 ’°

478 902 779 973 Respiciam
800 921 906 960 vos.
930 907 1071 972 Quid
1096 918 1183 966 est
1203 910 1352 966 enim
1383 910 1599 977 melius,
1616 927 1778 983 quam
1799 911 1997 984 respici

411 1011 442 1048 a
474 996 586 1052 Deo
608 1039 623 1064 ,
656 998 815 1069 cujus
860 1008 1143 1069 respectus
1177 1003 1324 1058 salus
1347 1012 1433 1059 est
1454 1045 1469 1072 ,
1511 1008 1783 1063 aversatio
1814 1017 1997 1062 autem

412 1105 561 1144 mors
590 1091 716 1145 cst?
760 1090 829 1144 Et
860 1108 1090 1148 crescere
1115 1096 1342 1167 faciam,
1390 1107 1443 1151 et
1491 1098 1996 1169 multiplicabimini.

409 1180 588 1252 Auget
616 1197 717 1236 nos
746 1183 990 1253 quidem,
1028 1201 1151 1240 cum
1187 1202 1353 1257 parva
1407 1188 1571 1254 bona,
1596 1205 1719 1259 quae
1765 1191 1998 1263 agimus,

412 1272 649 1329 maxima
693 1273 825 1330 facit
875 1292 1163 1347 apparere.
1225 1278 1547 1350 Multiplicat
1592 1292 1779 1337 autem
1831 1298 2003 1353 pauca

413 1380 662 1422 crescere
725 1367 933 1425 faciens
962 1370 1019 1424 in
1062 1372 1267 1427 multis.
1300 1375 1497 1429 Annon
1538 1390 1747 1446 angens
1790 1384 2005 1431 nostras

415 1455 649 1510 virtutes
698 1466 755 1512 et
787 1459 1146 1530 magniﬁcans
1211 1462 1428 1519 dicebat
1457 1483 1469 1519 :
1502 1464 1751 1530 Quandiu
1813 1467 2006 1537 fecistis

415 1546 508 1599 uni
562 1547 627 1601 de
681 1548 918 1604 minimis
942 1550 1054 1616 his,
1094 1553 1225 1607 mihi
1254 1555 1450 1625 fecistis
1473 1556 1560 1610 7'?
1610 1555 1676 1610 Et
1745 1558 2003 1629 multipli-

414 1651 547 1693 cans
590 1654 801 1707 rursus,
837 1640 1066 1698 Paulum
1116 1646 1355 1702 scribere
1384 1648 1654 1704 faciebat:
1693 1649 1816 1706 Non
1866 1654 2007 1707 enim

416 1729 660 1797 occides;
692 1748 794 1786 non
852 1734 1187 1791 adulterabis
1221 1755 1240 1801 ;
1277 1756 1381 1793 non
1438 1744 1813 1813 concupisces;
1861 1755 1909 1799 et
1960 1747 2006 1800 si

417 1824 558 1890 quod
579 1834 655 1879 est
679 1825 832 1880 aliud
859 1830 1172 1886 mandatum
1194 1832 1262 1898 ⁷⁸,
1296 1833 1402 1889 hoc
1429 1835 1595 1890 verbo
1635 1846 2003 1894 restaurator:

386 1970 393 1975 ,
418 1914 622 1988 Diliges
646 1922 944 1987 proximum
970 1932 1120 1979 tuum
1150 1927 1286 1980 sicut
1306 1929 1536 1997 teipsum
1556 1930 1622 1996 ⁷³,
1653 1931 1820 1986 multa
1848 1949 2007 1988 man-

421 2004 546 2060 data
576 2007 820 2066 eﬂiciens
845 2012 952 2068 hoc
975 2029 1144 2069 unum
1163 2017 1501 2084 mandatum,
1520 2028 1580 2074 ut
1597 2035 1696 2076 nos
1709 2037 2009 2093 assequen-

423 2102 506 2150 tes
529 2095 685 2163 illud,
713 2099 912 2157 divites
941 2102 1262 2160 etliciamur.
1312 2105 1488 2164 Nimis
1528 2104 1663 2181 ergo
1700 2123 2007 2183 opportuna

420 2198 570 2253 sunt,
594 2206 717 2260 qum
746 2203 1070 2264 sequuntur.

497 2280 753 2338 Firmabo
775 2294 991 2353 pactum
1019 2304 1193 2346 meum
1215 2291 1496 2349 vobiscum.
1531 2295 1607 2350 Ea
1635 2297 1853 2367 quidem
1879 2311 2010 2357 sunt

420 2374 700 2444 pradicta,
731 2392 830 2446 per
852 2380 1241 2439 retributiones
1261 2395 1444 2441 autem
1475 2386 1605 2443 illud
1638 2388 1835 2459 llrmat,
1861 2396 2006 2463 quod

422 2468 796 2537 manifestam,
831 2487 953 2542 quae
981 2485 1321 2546 sequuntur:
1343 2478 1638 2536 Comedetis
1660 2487 2009 2542 vetustissima

421 2570 674 2616 veterum.
707 2561 833 2619 Sive
857 2575 918 2621 ut
947 2566 1326 2640 Septuaginta,
1356 2581 1530 2626 vetera
1558 2577 1878 2643 veterum,id
1901 2591 2006 2647 est,

420 2666 546 2722 quae
571 2655 729 2711 vobis
761 2672 860 2727 per
891 2659 1066 2730 legem
1117 2670 1174 2716 et
1216 2665 1516 2733 prophetas
1563 2668 1829 2735 promissa
1859 2679 2008 2737 sunt,

422 2754 480 2800 et
505 2763 767 2819 quas-per
791 2752 1135 2820 patriarchas
1191 2755 1247 2810 in
1298 2771 1491 2812 eorum
1534 2759 2012 2819 benedictionibus

422 2838 695 2906 promisit.
729 2838 797 2895 Et
826 2851 1000 2896 vetera
1026 2844 1172 2897 novis
1186 2847 1669 2915 supervenientibus
1693 2852 2007 2921 projicietis.

421 2929 556 2998 Qua:
573 2945 702 2989 sunt
730 2936 912 2991 nova?
951 2936 1244 3009 Evangelia
1278 2939 1555 3009 videlicet;
1587 2958 1709 2998 nam
1742 2961 1869 3001 cum
1895 2963 2011 3004 ma-

423 3027 569 3081 xima
610 3035 740 3081 sunt
765 3042 851 3094 ea,
892 3044 1016 3100 quae
1056 3039 1188 3085 sunt
1210 3047 1310 3101 per
1339 3033 1701 3103 patriarchas,
1738 3037 1915 3109 legem
1955 3049 2012 3095 et

2098 549 2340 620 Egypti,
2377 565 2441 603 ne
2474 549 2739 603 serviretis
2783 548 2877 602 eis.
2922 544 3079 612 Quod
3125 544 3170 598 si
3201 543 3288 598 vis
3334 557 3654 616 cognoscere,

2101 640 2217 694 haec
2250 639 2419 694 Exodi
2465 638 2630 693 verba
2671 653 2769 708 per
2818 635 3096 707 Evangelii
3154 634 3408 690 ordinem
3454 634 3656 692 discute.

2106 731 2249 785 Dixit
2293 746 2424 801 ergo
2478 727 2742 784 Dominus
2784 728 2851 782 ad
2896 726 3115 797 Moysen
3150 742 3164 778 :
3196 725 3315 781 Vidi
3359 724 3660 794 afﬂictione:

2104 824 2285 892 populi
2315 823 2417 876 mei
2464 822 2521 874 in
2545 818 2779 892 Egypto
2805 861 2820 884 ,
2872 821 3156 871 clanwrem
3187 817 3307 886 ejus
3334 817 3530 882 audivi,
3556 835 3661 887 pro-

2105 925 2223 982 pter
2243 912 2502 967 duritiam
2531 928 2733 974 corum,
2760 912 2850 980 qui
2879 918 3115 979 praesunt
3146 906 3393 977 operibus
3415 922 3434 960 :
3453 919 3500 962 et
3522 909 3664 964 sciens

2104 1005 2339 1059 dolorem
2365 1005 2500 1073 ejus,
2532 1003 2773 1057 descendi
2797 1002 3025 1055 liberare
3056 1015 3143 1054 eos
3175 1001 3240 1054 de
3262 1000 3504 1053 manibus
3523 999 3666 1072 Egy-

2106 1099 2361 1168 ptiorum,
2401 1105 2452 1151 et
2478 1096 2696 1149 educere
2726 1095 2791 1148 de
2817 1102 2960 1147 terra
2988 1094 3085 1146 illa
3116 1094 3171 1146 in
3192 1101 3398 1147 terram
3422 1092 3601 1147 bonum
3627 1105 3667 1149 et

2105 1190 2418 1257 speciosam,
2448 1204 2564 1259 qua:
2594 1187 2713 1256 ﬂuit
2740 1186 2879 1240 lacte
2910 1195 2960 1239 et
2992 1184 3145 1239 melle
3166 1184 3231 1236 ⁷⁸.
3267 1182 3338 1238 Et
3365 1183 3489 1252 quis
3502 1183 3565 1239 sit
3590 1185 3667 1255 qui

2106 1281 2409 1338 introducit
2435 1281 2492 1334 in
2529 1278 2913 1351 promissionis
2944 1287 3153 1332 terram
3185 1275 3361 1346 Hpse
3396 1274 3567 1340 Deus,
3595 1278 3670 1349 qni

2107 1378 2225 1432 haec
2256 1374 2422 1445 Moysi
2452 1372 2693 1428 ostendit
2722 1388 2737 1424 :
2771 1371 2903 1428 Ecce
2924 1386 3018 1442 ego
3048 1371 3199 1423 mitto
3226 1368 3488 1440 Angelum
3523 1386 3673 1425 meust

2106 1472 2197 1541 qui
2229 1465 2495 1539 prtecedat
2526 1476 2576 1520 te
2609 1473 2659 1519 et
2679 1464 2942 1519 custodiat
2984 1470 3032 1516 te
3062 1462 3117 1516 in
3146 1463 3257 1523 via,
3295 1470 3347 1516 et
3403 1464 3674 1516 introirent

2107 1566 2179 1620 ad
2208 1565 2379 1618 locum
2407 1576 2562 1634 quem
2588 1557 2775 1629 paravi
2794 1558 2861 1609 ".
2891 1554 3159 1625 Angelum
3187 1554 3365 1608 ﬁlium
3400 1555 3672 1625 appellans,

2107 1660 2236 1732 quia
2274 1658 2612 1713 voluntatem
2640 1651 2800 1708 nobis
2836 1649 3010 1705 Patris
3047 1647 3439 1711 annuntiavit,
3490 1648 3673 1716 dequo

2112 1754 2189 1808 ait
2215 1751 2384 1807 Isaias
2417 1769 2430 1804 :
2466 1748 2608 1803 Puer
2643 1754 2799 1799 natus
2823 1752 2898 1798 est
2933 1742 3109 1806 nobis,
3142 1741 3292 1810 filius
3317 1741 3479 1794 datus
3504 1750 3576 1793 est
3601 1756 3677 1792 no-

2115 1848 2213 1911 bis,
2255 1843 2413 1913 cujus
2440 1839 2767 1911 principatus
2809 1851 2967 1905 super
2990 1837 3235 1887 Itumeros
3266 1832 3411 1900 ejus,
3437 1841 3486 1884 et
3524 1832 3678 1901 appet-

2116 1941 2314 1996 labitur
2346 1951 2534 1991 nomen
2565 1933 2679 2002 ejus
2712 1929 2892 2001 magni
2934 1926 3139 1981 consilii
3169 1923 3437 1995 Angelus,
3466 1923 3673 1976 admira-

2114 2035 2253 2099 bilis,
2306 2027 2665 2085 consiliarius.
2730 2021 2867 2075 Deus
2923 2018 3075 2091 fortis
3103 2017 3171 2070 ⁷⁸.
3221 2014 3514 2082 Quomodo
3533 2013 3673 2076 enim,

2115 2141 2242 2185 cum
2276 2118 2595 2196 promiserit
2643 2114 2807 2180 Deus,
2845 2127 2944 2183 per
2984 2124 3048 2165 ea
3091 2123 3215 2179 qua:
3262 2104 3523 2176 superius
3560 2104 3677 2159 dicta

2116 2227 2266 2287 sunt,
2303 2211 2653 2271 introducere
2679 2206 2939 2277 populum
2966 2203 3020 2255 in
3048 2211 3278 2262 terram,
3318 2196 3558 2268 Angelus
3598 2196 3679 2249 hoc

2119 2314 2321 2375 facere,
2348 2316 2405 2362 et
2425 2320 2535 2359 non
2572 2302 2690 2371 ipse
2716 2297 2809 2368 qui
2837 2293 3110 2366 promisit,
3150 2290 3411 2363 paterat?
3437 2288 3565 2354 Quis
3598 2302 3677 2341 au-

2118 2417 2250 2472 tem,
2273 2410 2330 2459 et
2359 2398 2457 2470 qui
2481 2391 2789 2458 descendit,
2821 2390 2940 2460 ipse
2969 2385 3131 2441 nobis
3155 2385 3350 2439 dicens
3380 2382 3499 2437 haec
3522 2379 3583 2435 ad
3604 2377 3674 2433 Ni-

2117 2499 2407 2557 codemum
2443 2486 2685 2546 ostendit
2713 2501 2729 2540 :
2762 2481 2932 2537 Nemo
2979 2478 3219 2533 ascendit
3242 2478 3306 2530 in
3342 2474 3526 2530 etclam
3550 2514 3565 2537 ,
3598 2472 3676 2526 nisi

2118 2593 2206 2666 qui
2238 2584 2500 2645 descendit
2542 2583 2605 2636 de
2632 2576 2780 2642 coelo,
2812 2573 2981 2632 Filius
3009 2572 3240 2626 hominis
3272 2569 3368 2640 qui
3407 2569 3463 2621 in

2119 2658 2283 2755 Atqui
2328 2677 2563 2734 necdum
2602 2672 2658 2725 in
2717 2668 2916 2725 caelum
2971 2680 3099 2721 cum
3139 2675 3312 2755 carne
3366 2658 3676 2755 ascenderat,

2120 2750 2353 2833 necdum
2385 2768 2532 2826 enim
2566 2770 2884 2833 assumptus
2912 2765 3052 2824 erat,
3083 2756 3181 2811 sed
3212 2750 3678 2810 descensionemet

2118 2863 2498 2923 ascensionem
2534 2855 2819 2928 pristinam
2850 2851 3003 2915 dicit,
3038 2848 3250 2918 dequa,
3280 2845 3431 2901 sicut
3454 2841 3676 2901 diximus,
3725 2868 3735 2879 ο

2122 2957 2287 3030 Moysi
2325 2955 2539 3009 locutus
2577 2957 2704 3004 est:
2740 2944 2853 2999 Vidi
2877 2941 3215 3012 aﬂlictionem
3253 2935 3445 3008 pepuli
3482 2935 3678 3030 mei

2119 3023 2361 3108 descendi
2409 3046 2634 3100 liberare
2679 3055 2765 3093 eos
2804 3037 2869 3091 de
2899 3034 3141 3090 manibus
3167 3030 3562 3102 Egyptiorum.
3601 3023 3679 3079 llic

425 3121 726 3192 prophetas
746 3122 1007 3191 pollicita,
1032 3130 1215 3180 tamen
1237 3138 1334 3195 per
1356 3128 1709 3197 Evangelium
1738 3132 2009 3200 promissa
2040 3161 2084 3220 ο
2118 3134 2247 3217 ergo
2280 3139 2438 3196 nobis
2464 3145 2520 3192 et
2551 3149 2635 3200 ea,
2675 3145 2798 3202 quae
2819 3134 3147 3220 sequuntur.
3179 3124 3358 3179 dedit-

425 3217 634 3286 majora
666 3223 817 3280 sunt,
850 3226 1077 3287 propter
1124 3219 1304 3288 quod,
1353 3220 1549 3274 horum
1578 3225 2011 3293 comparatione,

394 3350 404 3356 .
425 3308 519 3363 illa
548 3307 709 3362 nobis
732 3307 1360 3378 superﬂuajudieantur.
1385 3309 1525 3366 Ecce
1542 3327 1670 3382 ergo
1691 3313 2014 3383 capitulum,

424 3398 572 3470 quod
639 3407 806 3454 totam
842 3399 1295 3455 benedictionem
1321 3401 1650 3469 conﬁrmat,
1701 3404 1912 3471 infert,
1963 3407 2018 3462 id

427 3502 533 3561 est,
589 3507 712 3564 quae
749 3509 849 3564 per
904 3493 1275 3565 evangelieam
1321 3501 1440 3551 acta
1487 3503 1619 3551 sunt
1690 3506 1747 3553 et
1796 3498 2017 3570 impleta

422 3600 519 3657 gru
528 3586 679 3655 tiam.

499 3679 703 3735 Ponant
738 3680 1139 3736 tabernaculum
1174 3698 1348 3737 meum
1378 3683 1433 3736 in
1488 3683 1660 3737 medio
1705 3686 1885 3739 vestri.
1923 3685 2020 3739 Vel

425 3768 569 3825 sicut
611 3769 1028 3851 Septuaginta;
1068 3770 1405 3826 Constituam
1438 3780 1809 3827 testamentum
1845 3791 2021 3829 meum

428 3862 712 3917 vobiscum.
751 3861 908 3927 Quod
939 3855 1184 3925 esthoc,
1227 3863 1282 3916 in
1321 3878 1432 3933 quo
1452 3878 1590 3919 nova
1614 3865 1890 3934 promisit,
1928 3881 2024 3921 cu-

424 3955 516 4026 jus
543 3956 623 4010 sic
653 3955 920 4025 propheta
947 3953 1217 4011 Jcremias
1242 3956 1564 4011 memoriam
1601 3957 1771 4013 facit:
1799 3956 1868 4011 Et
1895 3973 2023 4011 con-

396 4049 650 4104 stituam
695 4048 836 4103 vobis
902 4058 1277 4103 testamentum
1319 4064 1542 4115 novum,
1593 4066 1697 4104 non
1735 4051 2025 4105 secundum

394 4151 834 4204 ~ustameutunt,
886 4143 1026 4212 quod
1067 4143 1304 4211 disposui
1341 4143 1582 4212 patribus
1604 4144 1788 4198 vestris
1817 4144 1882 4198 ⁷⁸.
1929 4143 2024 4200 llis

428 4234 578 4290 enim
645 4235 941 4304 conjuncta
993 4242 1158 4297 sunt,
1215 4243 1272 4291 et
1325 4250 1450 4305 qua:
1519 4246 1827 4306 sequuntur
1908 4254 2023 4292 ma-

431 4329 595 4386 xime.

502 4421 571 4475 Et
603 4437 703 4475 non
736 4420 1129 4476 abominabitur
1173 4420 1359 4475 animo
1415 4436 1534 4474 mea
1579 4436 1687 4475 vos.
1734 4420 2026 4478 Ambulabo

431 4515 573 4569 inter
598 4531 707 4582 vos,
752 4524 802 4569 et
842 4530 932 4568 ero
967 4523 1137 4570 vester
1168 4512 1335 4577 Deus,
1363 4529 1554 4584 vosque
1599 4516 1746 4569 eritis
1798 4515 2024 4586 populus

436 4624 602 4663 meus.
642 4608 846 4680 Aperte
869 4607 1035 4664 etiam
1068 4608 1187 4664 haec
1214 4624 1243 4663 a
1263 4607 1528 4679 praedicto
1558 4609 1847 4680 propheta,
1880 4610 2025 4665 sicut

434 4703 795 4777 Septuaginta
817 4702 987 4757 editio
1024 4700 1291 4766 continet,
1341 4699 1542 4772 scripta
1574 4711 1722 4757 sunt.
1756 4701 1855 4757 llic
1880 4700 2025 4757 Deus

398 4838 401 4843 .
432 4808 637 4865 vester,
671 4812 783 4853 non
810 4796 1160 4866 reputabitur
1197 4795 1339 4850 alius
1386 4795 1455 4849 ad
1495 4810 1647 4850 eum.
1696 4794 1935 4851 Postlta'c
1967 4797 2026 4848 in

2185 3206 2289 3304 Qui
2332 3227 2585 3302 confregit
2643 3231 2858 3277 catenas
2908 3218 3167 3273 cervicum
3210 3224 3530 3269 vestrarum.
3570 3206 3677 3304 'l‘atn

2117 3295 2328 3403 peccati
2357 3295 2529 3395 quam
2554 3315 2689 3388 legis
2725 3313 2922 3367 litterte
2954 3327 2968 3364 :
3006 3309 3069 3365 Ut
3091 3301 3607 3403 incederetis-erecti.
3634 3295 3676 3349 Id

2119 3393 2223 3484 est,
2254 3393 2756 3478 cumconlidentia,
2785 3406 2911 3477 quia
2938 3404 3171 3460 virtutes
3194 3400 3360 3456 nobis
3390 3397 3507 3453 sine
3530 3393 3676 3461 aliqua

2121 3510 2466 3570 haesitatione
2504 3499 2717 3573 operari
2748 3496 2920 3553 dedit.

2196 3606 2357 3659 Vens.
2385 3571 2571 3654 li-l'l.
2604 3614 2623 3646 ‹
2653 3591 2809 3660 Quod
2833 3590 2879 3644 si
2912 3601 3024 3642 non
3049 3582 3342 3640 audieritis
3373 3595 3482 3644 me,
3505 3571 3678 3630 necte-

2122 3697 2309 3754 ccritis
2343 3690 2596 3748 mandata
2617 3700 2761 3751 mea,
2817 3681 2863 3737 si
2903 3677 3224 3751 spreveritis
3258 3675 3414 3744 leges
3454 3682 3609 3730 meas,
3636 3672 3678 3718 et

2118 3789 2326 3864 judicia
2356 3800 2475 3840 mea
2503 3775 2964 3848 contempseritis,
3015 3781 3078 3827 ut
3099 3785 3212 3826 non
3239 3765 3457 3864 faciatis
3481 3777 3560 3864 ea,
3582 3770 3679 3828 qua.

2123 3855 2153 3938 ξι
2189 3897 2276 3936 me
2308 3874 2605 3934 constituta
2634 3878 2782 3931 sunt,
2815 3876 2872 3922 et
2898 3866 2966 3921 ad
3014 3863 3229 3919 irritum
3274 3855 3580 3931 perducatis
3601 3864 3678 3920 pa-

2125 3985 2275 4030 ctum
2307 3983 2513 4033 meum,
2533 3979 2635 4037 ego
2659 3975 2876 4035 quoque
2903 3958 3023 4013 haec
3051 3955 3249 4011 iaciam
3268 3952 3448 4008 vobis.
3472 3943 3678 4037 Visitst

2125 4081 2222 4122 vos
2255 4062 2520 4119 velociter
2549 4035 2605 4113 in
2635 4061 2876 4127 egestate
2928 4057 2982 4106 et
3036 4047 3233 4104 ardore
3262 4088 3278 4112 ,
3337 4043 3431 4115 qui
3462 4035 3680 4097 conﬁciat

2125 4159 2316 4216 oculos
2339 4165 2572 4220 vestros,
2606 4159 2661 4207 et
2694 4152 2984 4205 consumat
3003 4142 3236 4197 animas.
3263 4139 3488 4193 Frustra
3519 4127 3678 4188 seretis

2129 4270 2316 4311 semen
2341 4293 2355 4316 ,
2393 4248 2540 4321 quod
2586 4247 2655 4302 ab
2699 4242 2947 4299 hostibus
2979 4236 3357 4295 devorabitur.
3394 4224 3677 4321 Ponamia-

2127 4350 2266 4404 ciem
2300 4317 2476 4401 mea-ni
2505 4348 2695 4396 contra
2720 4352 2837 4400 vos,
2863 4341 2921 4389 et
2947 4331 3218 4388 corruetis
3243 4340 3431 4384 coram
3469 4317 3678 4417 hostibus

2131 4441 2352 4508 vestris,
2383 4445 2438 4494 et
2459 4428 2828 4506 subjiciemini
2852 4427 2919 4482 iis
2939 4424 3032 4496 qui
3061 4423 3301 4479 oderunt
3331 4434 3443 4474 vos.
3474 4410 3677 4483 Fugietis

2130 4533 2355 4590 nomine
2379 4532 2769 4601 persequente.
2797 4538 2816 4569 ι
2960 4595 2968 4607 ,
3358 4603 3372 4607 _
3437 4602 3448 4607 _

2202 4626 2336 4694 Qua:
2362 4623 2505 4678 bona
2534 4633 2650 4684 eos,
2670 4614 2764 4686 qui
2789 4602 3055 4668 obecliimt
3082 4607 3174 4662 Dei
3208 4602 3499 4665 mandatis,
3517 4605 3677 4662 exspe-

2133 4729 2305 4785 ctant,
2346 4712 2685 4771 sullicienter
2725 4708 2811 4761 lex
2860 4701 3114 4774 superius
3160 4697 3316 4753 dixit.
3360 4695 3489 4760 Quae
3529 4695 3676 4742 autem

2134 4809 2357 4866 evenire
2410 4795 2938 4873 transgredientibus
2991 4790 3323 4849 comminata
3361 4794 3462 4849 est,
3497 4786 3676 4873 eaqtlaf

431 4893 591 4949 terris
620 4893 762 4947 visus
790 4900 885 4956 est,
917 4899 966 4945 et
996 4906 1116 4945 cum
1145 4889 1440 4944 hominibus
1477 4899 1813 4944 conversatus
1847 4899 1921 4944 est
1937 4890 2023 4943 πε
2061 4927 2104 4981 υ
2134 4916 2284 4958 nunc
2315 4896 2639 4955 sanciumur
2664 4932 2679 4958 ,
2737 4887 3055 4944 ostendunt.
3104 4881 3352 4981 Quorum
3397 4871 3598 4981 quando'

432 4985 579 5058 quod
609 5002 720 5041 non
752 4984 973 5057 egisset,
1002 4984 1048 5039 sl
1083 4997 1184 5038 nos
1208 4988 1576 5038 aversaretur.
1617 4982 1737 5037 Non
1762 4998 1893 5053 ergo
1919 4998 2021 5038 nos

433 5077 779 5134 abominatus
804 5083 907 5143 est,
941 5076 1037 5132 sed
1061 5085 1116 5130 ct
1144 5074 1482 5130 inambulare
1509 5075 1563 5128 in
1590 5074 1751 5129 nobis
1776 5090 1873 5144 per
1902 5090 2023 5130 car-

432 5188 559 5229 nem
586 5171 779 5238 voluit,
813 5179 870 5225 et
910 5168 1027 5224 ﬁeri
1068 5177 1257 5223 noster
1284 5167 1448 5233 Deus,
1493 5182 1616 5222 cum
1658 5178 1802 5223 esset
1843 5170 2019 5239 prius,

432 5266 531 5321 sed
564 5265 787 5337 ignotus
813 5280 827 5316 :
856 5262 984 5332 quia
1018 5275 1121 5314 nos
1146 5259 1322 5314 errori
1363 5257 1646 5330 conjuncti
1673 5275 1913 5315 eramus.
1944 5260 2022 5316 Ex

433 5376 544 5433 quo
573 5374 757 5416 autem
790 5373 894 5413 nos
918 5357 1142 5428 proprio
1167 5356 1301 5410 emit.
1326 5354 1593 5425 sanguine
1614 5398 1628 5422 ,
1661 5355 1804 5411 Deus
1835 5366 2025 5413 noster

433 5454 612 5510 factus
639 5465 743 5519 est,
777 5460 833 5508 et
856 5468 957 5507 nos
979 5451 1194 5522 plebem
1223 5465 1378 5505 suam
1410 5449 1561 5505 fecit.
1590 5451 1656 5505 Et
1676 5450 1801 5520 quis
1821 5461 1904 5507 est
1932 5452 2022 5524 qui

438 5548 553 5603 haec
582 5547 714 5604 fecit
743 5548 769 5603 ?

505 5755 553 5789 “
590 5756 796 5825 Epltes.
827 5773 902 5819 vr,
937 5756 1027 5811 {2.
1102 5754 1147 5787 "
1182 5752 1313 5825 ibid.
1352 5754 1436 5809 ll.

434 5841 585 5894 aut,
615 5823 708 5882 32.
785 5828 830 5860 ⁷⁵
858 5826 1096 5885 Baruch.
1129 5840 1212 5893 tu,
1239 5824 1329 5882 58.
1364 5886 1370 5892 _
1401 5825 1444 5858 "
1471 5823 1645 5885 Exod.
1691 5840 1773 5894 tu,
1800 5826 1854 5895 7,
1891 5824 1944 5883 8.

1528 5755 1575 5785 "’
1612 5753 1743 5810 ibid.
1790 5754 1877 5808 11.
1951 5755 1990 5787 ⁷³
2026 5753 2222 5809 Matth.
2266 5766 2390 5816 xxv,
2429 5750 2520 5803 40.
2592 5748 2638 5780 ἠ
2671 5745 2831 5800 llum.
2867 5758 2989 5805 xm,
3028 5741 3077 5816 9“
3159 5741 3208 5816 ff
3239 5741 3285 5816 ill

2060 5791 2334 5880 πίέὲυᾶιᾶ
2348 5791 2520 5890 ἶιῖιῖξ
2554 5818 2644 5876 :20.
2671 5791 3100 5881 "ii'i‘simixfs.
3159 5810 3202 5889 '_'°
3236 5808 3389 5865 JOan.
3421 5791 3589 5866 111,15-

2130 4995 2369 5049 lilteram
2406 4984 2617 5057 singula
2667 4981 3036 5045 discutimus,
3091 4972 3405 5030 invenimus
3456 4960 3671 5062 populum

2129 5086 2468 5147 Judteorum,
2498 5053 2695 5133 borum
2724 5086 2943 5145 passum
2974 5066 3224 5140 quaedam
3252 5060 3540 5120 secundum
3561 5053 3674 5105 litte-

2131 5194 2269 5243 ram,
2302 5172 2487 5229 omnia
2518 5177 2702 5224 autem
2733 5163 3036 5221 secundum
3081 5158 3359 5229 spiritum.

2203 5233 2353 5333 Quod
2395 5265 2441 5319 si
2474 5277 2576 5316 non
2622 5256 2900 5312 audieritis
2928 5269 3032 5319 me,
3074 5264 3167 5304 n‘ec
3197 5245 3419 5320 feceritis
3457 5233 3668 5295 manda“

2134 5378 2280 5423 mea,
2334 5359 2379 5412 si
2425 5352 2725 5427 spreveritis
2768 5349 2902 5421 leges
2931 5346 3093 5413 ineas,
3130 5352 3178 5398 et
3203 5338 3407 5411 judicia
3441 5337 3665 5430 mea

2137 5422 2470 5523 tempseritis,
2508 5455 2564 5501 ut
2597 5461 2702 5500 non
2745 5441 2958 5516 faciatis
3006 5454 3091 5500 ea,
3125 5448 3242 5505 qurc
3267 5450 3299 5486 α
3323 5446 3401 5485 me
3427 5422 3665 5481 constituta

2137 5554 2278 5611 sunt,
2313 5551 2362 5597 ct
2390 5545 2460 5595 ad
2492 5540 2706 5594 irritum
2736 5526 3035 5607 perducatis
3063 5537 3276 5600 pactum
3312 5536 3489 5578 meum.

3161 5739 3208 5775 rt
3239 5714 3366 5790 ίιιίξι,
3438 5727 3477 5764 ⁷⁸
3498 5722 3654 5777 Jrrcm.
