3892 6414
167 348 290 417 1145

1265 345 1348 409 ΙΝ
1389 347 1831 411 LEVITICUM.
1857 371 1920 387 -·
1958 349 2107 410 LIB.
2134 350 2269 413 VII.

3272 347 3410 418 1146

224 467 321 535 Qui
350 480 457 523 non
496 463 724 521 audiunt
755 462 1068 519 mandatum
1099 462 1216 531 Dei,
1273 474 1329 518 et
1387 465 1478 535 qui
1513 464 1720 534 judicia
1752 472 1796 525 Α
1826 466 2166 529 abscondere
2198 471 2488 538 poterant,
2543 467 2639 522 sed
2679 467 2989 525 clamabant
3042 469 3218 540 palam
3246 482 3411 541 atque

162 558 542 620 contemnunt?
574 556 674 611 nisi
712 557 804 627 qui
856 556 1176 611 traditiones
1207 557 1488 611 seniorum
1540 556 1721 610 inten-

160 652 375 711 dentes,
397 658 451 703 et
483 647 809 718 legislatoris
840 647 1200 702 intentionem
1233 647 1717 719 transgredientes,

162 745 224 799 ad
253 743 355 797 hoc
402 739 548 810 quod
591 738 669 794 eis
715 738 1000 795 videbatur
1024 739 1194 811 legem
1223 739 1591 809 exponebant,
1628 738 1721 808 qui

159 832 416 897 dicebant,
455 830 595 884 sicut
620 828 1004 884 aitDominus:
1026 827 1333 899 Quicunque
1362 828 1557 882 dixerit
1580 829 1722 897 patri

160 933 242 979 aut
268 920 466 976 matri:
504 919 712 973 Donum
760 922 1104 991 quodcunque
1130 935 1193 973 ex
1225 935 1307 972 me
1337 919 1434 972 tibi
1465 918 1721 988 proderit,

160 1026 203 1072 et
226 1031 323 1069 non
344 1012 707 1081 honoriﬁcabit
726 1022 931 1082 patrem
974 1028 1126 1065 suum
1152 1020 1199 1065 et
1223 1020 1444 1065 matrem
1469 1027 1622 1063 suam
1639 1011 1720 1062 "t

159 1108 206 1163 id
249 1115 329 1162 est
352 1148 367 1172 ,
419 1105 735 1175 quicunque
772 1104 972 1159 dixerit
1025 1103 1347 1173 parentibus
1385 1103 1566 1159 :Vota
1596 1111 1725 1157 sunt

163 1202 260 1254 Deo
295 1212 356 1253 ea
377 1212 499 1266 quae
527 1196 724 1263 habeo,
753 1196 856 1266 ipsi
890 1195 1036 1250 enim
1071 1210 1134 1249 ea
1179 1209 1377 1248 munus
1408 1201 1464 1248 et
1492 1192 1723 1247 oblatio-
1774 1185 1779 1191 ’

160 1304 273 1345 nem
301 1287 504 1354 obtuli,
552 1302 668 1351 eos,
714 1288 807 1358 qui
850 1293 1274 1359 generaverunt,
1308 1285 1580 1339 honorare
1613 1298 1723 1337 non

161 1381 373 1453 cogitur.
395 1379 499 1447 Qui
543 1388 675 1435 sunt
719 1379 812 1449 qui
841 1395 950 1433 non
977 1379 1097 1449 ejus
1125 1377 1308 1432 omnia
1335 1376 1546 1431 faciunt
1571 1391 1725 1429 man-

159 1472 307 1530 data?
332 1471 434 1527 nisi
460 1471 553 1543 qui
589 1486 806 1526 anetum
832 1481 880 1527 et
907 1472 1173 1543 cyminum
1195 1471 1479 1534 decimam,
1510 1478 1557 1522 et
1578 1484 1726 1521 men-

160 1563 310 1630 thant,
342 1563 645 1633 relinquunt
675 1572 854 1617 autent
875 1563 1142 1632 judicium
1164 1605 1177 1629 ,
1211 1572 1259 1616 et
1286 1560 1723 1623 misericordiam,

158 1667 202 1709 et
228 1653 480 1722 ﬁdem";
537 1669 665 1708 cum
713 1652 853 1709 Deus
894 1653 976 1709 eis
1031 1668 1131 1724 per
1164 1652 1484 1723 prophetam
1530 1652 1722 1706 dicat:
1770 1685 1779 1693 .

158 1747 393 1802 Indicabo
421 1744 548 1811 tibi,
598 1762 629 1799 ο
656 1746 829 1813 homo,
881 1745 1008 1817 quid
1038 1744 1293 1799 Dominus
1321 1752 1527 1815 quierat
1577 1760 1611 1796 a
1654 1751 1721 1805 te,

159 1839 320 1908 utique
343 1839 519 1933 [licere
543 1811 849 1907 judicium,
883 1811 932 1891 et
961 1837 1181 1908 diligere
1208 1811 1646 1897 misericordiam,
1677 1842 1725 1887 et
1760 1811 1801 1868 B

157 1925 422 1985 sollicitu'm
460 1928 744 1982 ambulare
780 1946 899 1982 cum
930 1927 1040 1982 Deo
1081 1937 1170 1981 tuo
1198 1928 1266 1982 δ’,
1322 1926 1553 1998 Propter
1581 1925 1727 1996 quod

160 2022 397 2075 Dominus
425 2020 493 2075 ad
518 2035 639 2086 eos,
674 2029 865 2091 utpote
907 2036 1017 2075 non
1045 2020 1228 2074 omnia
1265 2019 1557 2089 implentes
1594 2018 1729 2090 legis

159 2120 428 2184 praecepta,
472 2113 573 2168 sed
622 2129 746 2183 quae
798 2113 920 2183 ejus
948 2124 1079 2169 sunt
1114 2112 1299 2185 gravia
1331 2113 1723 2182 relinquentes,

158 2212 207 2258 et
233 2219 344 2272 quae
370 2203 601 2258 minima
627 2212 869 2274 agentes,
898 2203 1145 2258 dicebat:
1178 2201 1303 2258 llaec
1334 2202 1619 2272 oportebat
1646 2202 1728 2256 fa-

158 2309 289 2358 cere,
316 2303 369 2348 et
397 2293 486 2347 illa
514 2309 633 2348 non
663 2294 938 2349 omittere.
987 2290 1095 2347 Sed
1123 2301 1181 2347 et
1227 2292 1483 2347 mandata
1516 2290 1610 2347 Dei
1652 2292 1728 2346 illi

159 2386 358 2458 proprie
397 2386 901 2457 transgrediuntur,
944 2394 998 2440 et
1027 2385 1108 2440 eis
1145 2383 1380 2438 maxime
1409 2384 1730 2438 inobedien-

163 2488 235 2533 tcs
256 2478 538 2547 sunt.quia
558 2479 891 2533 exteriorem
924 2478 1120 2533 faciem
1153 2492 1366 2541 eorum,
1401 2492 1511 2531 non
1543 2485 1726 2531 autem

159 2572 497 2626 intentionem
516 2567 621 2623 Dei
649 2577 1000 2623 conservant.
1025 2567 1245 2622 Planius
1279 2582 1409 2637 ergo
1434 2566 1649 2636 Aquila,
1675 2574 1731 2620 et

160 2661 476 2718 Theodotion
500 2701 516 2727 ,
578 2672 637 2718 et
676 2660 1035 2733 Symmachus
1064 2660 1302 2714 edidisse
1352 2658 1728 2716 inveniuntur.

158 2755 277 2810 Nam
303 2755 389 2810 ille
420 2755 647 2827 quidem
678 2755 755 2809 ait
780 2772 792 2808 :
828 2752 887 2809 Si
914 2754 1198 2808 constituta
1224 2769 1340 2807 mea
1370 2750 1731 2819 reprobaveri-

160 2847 247 2910 tis;
290 2847 362 2902 illi
392 2857 583 2901 autem
617 2864 630 2900 :
666 2844 725 2900 Si
763 2844 1081 2899 subtilitates
1112 2861 1256 2899 meas
1282 2884 1298 2909 ,
1352 2843 1406 2899 id
1449 2851 1569 2908 est,
1616 2840 1730 2912 agri

161 2938 308 3007 viam,
344 2940 650 2995 renueritis.
686 2938 945 3011 Dogmata
977 2946 1163 2992 autem
1191 2937 1317 3003 Dei,
1373 2944 1425 2991 ct
1455 2934 1730 2991 subtilita-

162 3040 257 3086 tem
278 3072 293 3098 ,
321 3046 439 3101 qua:
473 3031 529 3085 in
566 3029 799 3101 spiritali
847 3029 1230 3083 mandatorum
1283 3026 1560 3082 intellectu
1589 3032 1729 3092 erat,

166 3123 647 3193 transgrediuntur,
681 3119 807 3191 quia
846 3119 1000 3176 Novo
1030 3118 1383 3175 Testamento
1411 3117 1728 3184 concordat,

162 3212 415 3267 infirmare
447 3211 826 3283 evangelicam
876 3208 1105 3283 gratiam
1154 3224 1254 3280 per
1306 3208 1413 3264 hoc
1458 3206 1728 3273 volentes,

160 3307 288 3377 quod
324 3322 417 3362 eos
441 3321 687 3380 arguens
726 3305 844 3360 ait:

221 3397 281 3452 Et
303 3399 371 3452 ad
394 3399 615 3453 irritum
639 3397 944 3466 perducatis
974 3404 1192 3465 pactum
1220 3411 1413 3449 meum.
1438 3392 1579 3460 Quid
1602 3410 1730 3465 ergo

162 3504 249 3558 pro
284 3489 382 3544 hoc
414 3489 663 3544 minatus
690 3488 815 3543 est?
855 3486 1027 3541 Nimis
1051 3486 1198 3541 enim
1230 3484 1426 3555 similis
1458 3499 1615 3554 paena
1649 3492 1732 3538 est

162 3581 579 3650 prmvaricationi
605 3597 822 3636 eorum.
852 3579 964 3651 Ego
989 3595 1194 3650 quoque
1212 3579 1323 3633 lucc
1338 3579 1535 3649 faciant
1565 3576 1725 3629 vobis.

162 3671 463 3738 Quomodo?
496 3674 733 3729 Visitabo
770 3691 857 3729 vos
886 3673 1129 3727 uelociter
1155 3674 1212 3726 in
1270 3680 1521 3743 egestate.
1558 3669 1731 3725 Nimis

162 3767 289 3821 enim
320 3779 544 3839 egentes
570 3782 665 3822 eos
696 3766 958 3821 Dominus
988 3781 1085 3835 per
1116 3764 1344 3820 verbum
1375 3780 1534 3819 suum
1578 3761 1726 3829 fecit,

163 3856 209 3910 in
236 3866 432 3912 tantum
460 3869 516 3912 ut
541 3856 613 3911 ad
639 3856 873 3911 invicem
904 3855 1157 3910 dicerent
1186 3870 1201 3905 :
1238 3853 1420 3907 Durus
1450 3862 1525 3907 est
1559 3869 1731 3907 sermo

162 3948 253 4016 hic,
288 3951 400 4020 quis
429 3959 602 4020 potest
627 3966 745 4003 eum
774 3948 963 4002 audire
982 3948 1073 4001 In?
1107 3923 1263 4001 Sicut
1286 3961 1416 4017 ergo
1437 3952 1633 4016 sponte
1654 3945 1731 4000 le-

162 4043 232 4112 gis
252 4043 587 4099 intellectum
624 4041 1169 4113 transgrediebantur
1190 4082 1205 4108 ,
1262 4051 1322 4095 ut
1350 4038 1727 4110 evangelicum

165 4144 530 4191 testamentum
595 4135 647 4189 in
707 4135 923 4189 irritum
953 4134 1324 4213 deducerent,
1385 4131 1532 4203 quod
1579 4132 1732 4187 illinc

165 4223 378 4281 habebat
404 4226 719 4292 exordium,
749 4227 830 4282 sic
858 4226 941 4281 eis
968 4234 1025 4281 et
1046 4225 1162 4296 ipse
1184 4224 1415 4281 obscura
1448 4224 1615 4281 verba
1643 4224 1726 4280 di-

164 4316 323 4383 cebat,
349 4328 402 4373 et
427 4319 705 4375 difficilem
733 4334 959 4376 suorum
984 4318 1301 4389 dogmatum
1328 4316 1561 4373 faciebat
1581 4332 1730 4372 corn-

164 4409 594 4477 prebensionem.
638 4411 747 4467 Sed
780 4412 894 4483 jam
924 4427 1049 4482 qua:
1074 4419 1379 4482 sequuntur
1401 4426 1658 4483 agnosce.

1826 559 2199 629 prtedicabant
2236 578 2247 613 :
2283 558 2427 625 Quid
2455 560 2730 630 faciemus,
2783 561 2908 631 quia
2938 561 3022 614 hic
3060 561 3211 614 homo
3242 559 3411 614 multa

1826 651 1976 720 signa
2020 650 2196 715 facit?
2222 646 2280 703 Si
2311 649 2603 703 omittimus
2644 666 2761 703 eum
2790 651 2892 714 sic,
2928 650 3131 703 venient
3164 647 3411 711 Romani,

1825 752 1873 796 et
1920 740 2101 795 tollent
2136 750 2369 795 nostrum
2400 749 2448 795 et
2476 740 2649 795 locum
2687 751 2734 795 et
2769 751 2973 812 gentem
3012 741 3079 795 “.
3116 741 3259 813 Ergo
3302 757 3412 796 non

1827 834 1953 904 quia
1990 834 2090 904 legi
2124 841 2219 887 aut
2244 833 2532 904 prophetis
2562 832 2837 888 contraria
2869 833 3125 898 docebat,
3160 849 3285 887 nam
3323 833 3412 887 ni-

1828 925 1930 979 mis
1959 925 2041 978 eis
2057 938 2298 977 consona
2323 923 2528 987 docuit,
2553 924 2648 979 sed
2678 923 2761 978 sui
2781 924 2985 980 amoris
3003 940 3189 988 causa,
3218 925 3414 994 suique

1826 1032 1988 1070 causa
2035 1016 2284 1086 negotii,
2336 1017 2688 1071 sermonibus
2737 1017 2858 1087 ejus
2892 1030 3011 1071 .non
3060 1018 3411 1073 obedicbant.

1828 1107 1941 1163 Hoc
1966 1124 2095 1179 ergo
2127 1108 2361 1178 perculsi
2384 1110 2595 1175 morbo,
2629 1110 2818 1165 oculos
2860 1125 2990 1165 suos
3022 1110 3407 1172 conﬁciebant,

1826 1210 1878 1256 et
1908 1201 2119 1254 animas
2149 1200 2579 1267 consumebant,
2624 1218 2733 1255 non
2784 1204 2961 1258 solum
2992 1204 3411 1276 exardesccntes

1827 1294 2034 1358 furore,
2062 1301 2117 1347 et
2156 1291 2355 1346 invidia
2392 1294 2667 1363 corrupti,
2702 1294 2800 1350 scd
2846 1306 2907 1350 ut
2936 1296 3108 1349 semel
3148 1294 3408 1351 infirmati

1828 1395 2033 1450 mente,
2081 1394 2135 1439 et
2162 1382 2520 1456 c’ngitationes
2554 1400 2667 1438 non
2696 1385 2860 1441 nimis
2896 1401 3057 1441 sanas
3085 1386 3152 1441 ad
3209 1387 3411 1442 disrrc-

1830 1478 2035 1534 tionem
2067 1475 2336 1531 factorum
2395 1478 2735 1532 dictorumve
2776 1478 3041 1532 habentes
3071 1518 3087 1543 ,
3117 1477 3304 1533 verbis
3355 1486 3413 1531 ct

1828 1573 2108 1629 miraculis
2134 1612 2150 1639 ,
2206 1572 2497 1628 interiores
2530 1588 2659 1628 suos
2690 1573 2881 1628 oculos
2914 1572 3302 1638 conficiebant,
3358 1580 3414 1626 et

1828 1666 2067 1719 animam
2110 1664 2545 1731 consumebant,
2586 1663 2661 1719 ita
2708 1672 2769 1719 ut
2797 1664 2862 1719 ad
2900 1680 3027 1718 eum
3057 1663 3362 1718 clamarent
3397 1680 3411 1716 :

1835 1759 2107 1828 Usquequo
2137 1758 2377 1811 animam
2406 1767 2641 1811 nostram
2675 1756 2856 1811 tollis?
2894 1755 2952 1811 Si
2987 1766 3043 1809 tu
3074 1772 3126 1809 es
3156 1754 3413 1820 Christus,

1828 1853 1914 1906 dic
1943 1851 2089 1904 nobis
2126 1849 2312 1919 palam
2338 1849 2407 1903 ⁸⁸.
2452 1847 2606 1914 Quod
2642 1848 2831 1919 utique
2855 1849 3050 1901 anima:
3079 1844 3417 1901 infidelitatis

1828 1941 2235 2012 consmnptioui
2284 1941 2637 2011 subiacentes
2682 1948 2861 1994 erant.
2915 1936 3023 1993 Sed
3072 1945 3129 1991 et
3173 1934 3417 1990 Joannes

1832 2035 1946 2089 haec
1975 2031 2045 2087 de
2083 2031 2165 2086 eis
2207 2030 2337 2085 dicit
2370 2047 2383 2083 :
2417 2028 2714 2099 Propterea
2748 2043 2858 2081 non
2886 2033 3142 2097 poterant
3168 2021 3415 2079 credere.

1830 2127 1934 2194 Qui
1964 2140 2156 2180 rursus
2202 2123 2336 2180 dicit
2377 2122 2541 2178 Isaias
2568 2140 2581 2175 :
2608 2120 2760 2176 Greca
2810 2136 2900 2173 cor
2942 2117 3124 2189 populi
3153 2118 3334 2187 hujus,
3368 2124 3418 2170 et

1832 2234 1988 2272 aures
2017 2217 2131 2285 ejus
2168 2231 2400 2286 aggrava
2425 2252 2441 2279 ,
2484 2229 2547 2267 ne
2576 2211 2788 2284 quando
2836 2210 3001 2264 oculis
3033 2210 3143 2262 suis
3182 2208 3417 2274 videant,

1831 2319 1881 2363 et
1920 2306 2137 2362 auribus
2186 2305 2445 2369 audiant,
2488 2313 2537 2358 et
2570 2302 2725 2356 corde
2762 2300 3062 2372 intelligant
3092 2301 3159 2353 ⁸⁸.
3199 2298 3416 2362 Cernis,

1831 2401 1957 2473 quia
1985 2397 2445 2471 quemadmodum
2492 2394 2742 2451 fecerunt
2785 2394 2914 2465 ipsi,
2961 2392 3040 2448 sic
3070 2400 3127 2447 et
3166 2390 3419 2446 Christus

1832 2495 1913 2549 eis
1950 2492 2099 2549 fecit.
2141 2490 2281 2558 Quia
2324 2490 2473 2545 enim
2520 2488 2639 2559 ejus
2674 2487 2891 2542 irritum
2942 2484 3122 2543 facere
3170 2491 3415 2555 pactum,

1834 2584 1952 2639 sive
1986 2590 2374 2639 testamentum
2407 2580 2761 2644 studuerunt,
2813 2587 2961 2633 recte
2994 2592 3186 2633 eorum
3229 2573 3419 2631 oculos

1833 2685 1890 2733 et
1916 2691 2011 2732 cor
2042 2673 2430 2740 excaecavit,et
2445 2672 2697 2727 ardorem
2722 2670 2837 2726 sive
2868 2670 3082 2739 ῐκτερον
3116 2665 3419 2722 conﬁcien-

1836 2778 1947 2823 tem
1979 2767 2171 2822 oculos
2198 2780 2412 2829 eorum,
2445 2771 2497 2818 et
2526 2763 2737 2818 animas
2761 2769 3179 2816 consumentem
3208 2758 3289 2812 eis
3321 2758 3421 2812 dc-

1834 2854 1934 2911 dit.
1983 2851 2091 2908 Sed
2118 2851 2254 2923 quid
2287 2853 2353 2907 iis
2383 2850 2627 2907 addidit?

1906 2946 2130 3001 Frustra
2161 2954 2444 2999 sementem
2472 2946 2677 3023 seretis,
2710 2960 2829 3016 qua:
2851 2943 2916 2997 ab
2939 2943 3172 2997 hostibus
3197 2941 3423 2995 devora-

1836 3037 1998 3091 bitur.
2043 3033 2268 3090 Frustra
2301 3035 2446 3090 enim
2488 3034 2596 3089 illis
2626 3035 3018 3106 prophetarum
3051 3045 3106 3090 et
3135 3033 3270 3105 legis
3294 3047 3422 3105 pro-

1756 3162 1801 3222 ο
1836 3126 2022 3182 ferunt
2061 3125 2270 3181 semina
2298 3167 2315 3191 ,
2360 3134 2415 3180 et
2449 3126 2758 3181 doctorales
2801 3126 2952 3181 illinc
2988 3125 3264 3193 seminam
3301 3139 3421 3179 scr-

1834 3233 2052 3284 mones,
2101 3233 2210 3273 non
2245 3217 2513 3272 habentes
2549 3226 2746 3271 terram
2779 3215 3017 3271 fertilem
3068 3215 3134 3269 ad
3162 3212 3424 3284 intelligi-

1832 3309 2026 3364 bilium
2056 3306 2375 3377 dogmatum
2408 3306 2646 3361 fructum
2679 3323 2693 3359 :
2725 3304 2871 3359 unde
2919 3318 3023 3358 nec
3055 3302 3180 3357 cibo
3229 3314 3421 3355 eorum

1834 3401 2116 3465 fruuntur,
2149 3400 2243 3455 sed
2273 3399 2540 3454 devorant
2574 3412 2637 3452 ea
2667 3393 2964 3451 adversarii
2998 3408 3190 3449 eorum
3237 3390 3329 3461 qui
3366 3390 3422 3444 iu

1832 3493 2054 3548 Christo
2100 3492 2356 3555 credunt,
2384 3505 2523 3560 quos
2557 3489 2659 3560 ipsi
2700 3487 2804 3543 sibi
2834 3503 2931 3558 per
2959 3484 3338 3541 infidelitatem
3367 3491 3424 3537 ct

1834 3586 2098 3641 invidiam
2134 3584 2443 3650 contrarios
2477 3582 2747 3639 fecerunt.

1905 3676 1974 3731 Et
2007 3693 2203 3747 ponam
2234 3676 2425 3746 {aciem
2463 3690 2635 3729 meam
2687 3680 2871 3727 contra
2929 3687 3037 3726 vos.
3104 3667 3421 3724 Secundum

1832 3769 2212 3843 propheticam
2265 3768 2411 3823 illam
2464 3781 2700 3823 vocem:
2746 3763 2934 3819 Vultus
2989 3774 3171 3816 autent
3206 3760 3419 3815 Domini

1832 3880 1992 3934 super
2016 3863 2267 3935 facientes
2294 3859 2439 3915 mala
2461 3901 2476 3926 ,
2506 3868 2563 3913 ut
2595 3858 2783 3927 perdat
2825 3856 2889 3909 de
2921 3864 3070 3908 terra
3110 3852 3420 3917 meritoriam

1833 3971 2015 4009 eorum
2036 3952 2108 4008 ⁸⁷.

1903 4048 1973 4103 Et
2000 4046 2254 4101 corruetis
2283 4060 2461 4099 coram
2483 4042 2718 4097 hostibus
2756 4039 2959 4094 vestris.
2988 4037 3231 4092 Gentiles
3247 4034 3417 4093 enim,

1833 4156 1975 4213 quos
1998 4137 2252 4193 inimicos
2285 4136 2384 4192 sibi
2422 4135 2695 4205 judicent,
2745 4147 2930 4189 coram
2962 4131 3043 4185 eis
3092 4128 3329 4190 cadunt,
3364 4126 3419 4179 in

1834 4232 2010 4288 salute
2042 4244 2236 4285 eorum
2266 4227 2633 4282 oil'endentes.
2677 4224 2833 4280 Unde
2868 4220 3227 4294 Synnnachns
3251 4261 3266 4283 ,
3322 4233 3423 4289 pro

1834 4324 2051 4391 cadetis,
2094 4321 2366 4392 oﬂ‘endetis
2392 4359 2408 4383 ,
2456 4319 2553 4384 ait,
2585 4327 2708 4372 ante
2744 4316 2986 4372 inimicos
3022 4323 3236 4369 uestros.
3280 4309 3421 4376 Quid

1834 4429 2018 4474 autem
2048 4415 2196 4471 aliud
2234 4412 2485 4468 addidit?
2518 4410 3042 4489 Persequentur’vos,
3070 4405 3188 4460 odio
3221 4404 3419 4457 haben-

225 4500 288 4555 Et
319 4503 507 4558 ardore
541 4503 633 4574 qui
658 4502 899 4573 conﬁciat
929 4502 1105 4556 oculos
1128 4510 1340 4556 vestros.
1366 4501 1492 4556 Sive
1526 4516 1727 4555 secun-
1761 4500 1803 4556 D
1833 4524 1907 4569 εεδ
1936 4529 2046 4577 vos,
2073 4521 2122 4566 ει
2155 4509 2366 4582 fugietis
2394 4506 2538 4560 nullo
2562 4513 2921 4576 persequente.

166 4591 280 4648 dum
311 4594 664 4667 Septuaginta
690 4613 703 4651 :
733 4593 999 4659 Scabiem,
1035 4604 1083 4649 et
1109 4594 1345 4648 morbum
1374 4594 1572 4665 regium
1606 4610 1730 4647 con-

164 4698 405 4742 stituentes
432 4688 608 4743 oculos
626 4699 842 4752 vestros,
870 4686 1161 4756 obfirmabo
1193 4702 1352 4756 super
1371 4702 1478 4739 vos.
1505 4684 1730 4740 Scabies

166 4787 333 4834 autem
361 4781 586 4836 morbus
614 4790 699 4836 est
726 4779 998 4850 corporis,
1033 4779 1126 4833 sed
1150 4778 1495 4844 manifestus,
1539 4777 1592 4831 in
1634 4794 1731 4832 su-

167 4871 371 4938 perficie
397 4874 583 4929 carnis
616 4882 671 4927 et
696 4872 848 4928 corio
872 4873 992 4942 ejus
1026 4871 1345 4926 decurrens.
1384 4869 1605 4925 Morbus
1632 4885 1732 4925 au-

169 4969 264 5015 tem
287 4964 481 5035 regius,
503 4965 556 5020 id
578 4974 684 5030 est,
706 4964 940 5035 ἵκτερος,
964 4962 1026 5017 iit
1050 4962 1271 5033 quidem
1296 4978 1362 5017 ex
1383 4963 1729 5017 acccnsione.

171 5048 470 5115 Manifestus
502 5066 685 5113 autem
730 5058 822 5113 hic
850 5065 957 5124 est,
992 5056 1049 5110 in
1107 5054 1399 5126 superﬁcie
1446 5055 1626 5110 carnis
1677 5064 1735 5109 et

169 5146 311 5212 pellis
341 5149 657 5217 decurrens,
716 5160 772 5205 et
826 5148 1000 5204 multo
1047 5148 1220 5218 magis
1249 5148 1423 5203 oculis
1466 5146 1729 5202 insidens.

170 5234 348 5295 Latere
376 5251 557 5297 autem
591 5243 906 5298 morborum
936 5250 1132 5296 neuter
1161 5248 1363 5311 potest.
1390 5239 1549 5296 Tales
1579 5249 1735 5296 erant

170 5329 455 5389 animarum
503 5333 855 5391 Judaicarum
896 5335 1115 5400 morbi,
1166 5334 1441 5389 manifesti
1474 5343 1530 5389 et
1577 5333 1729 5400 mali,

172 5433 220 5476 et
244 5436 575 5494 nequaquam
616 5426 756 5481 ultra
786 5427 1040 5482 latentes.
1080 5426 1426 5481 Emulantes
1446 5426 1731 5497 cnimDo-

173 5516 291 5570 mini
328 5521 490 5576 verba
526 5532 580 5578 et
638 5522 942 5591 miracula,
996 5538 1109 5579 non
1151 5523 1263 5595 jam
1326 5522 1546 5577 morbos
1600 5537 1729 5577 suos

160 5772 200 5807 ὃ.
225 5712 581 5807 ξ’ᾼλιειτορδι,
781 5726 826 5807 ’ξ
853 5721 1044 5779 Matth.
1077 5725 1378 5807 ξξιιιηξὶίξε.
1516 5722 1679 5778 Micb.
1709 5742 1727 5807 ς

1837 5724 1881 5781 Β.
1928 5696 1998 5757 ’⁸³
2028 5721 2278 5793 Joanm,
2313 5721 2403 5780 61.

229 5788 325 5845 isa.
355 5808 424 5863 vi,
460 5788 578 5853 tu.'
628 5799 674 5831 ⁸⁷
706 5797 846 5854 Ρδειῐ.
880 5798 1157 5861 suam”.
1237 5797 1281 5827 ⁸⁸
1320 5794 1554 5866 Philipp.
1598 5810 1676 5863 ut,
1709 5796 1789 5853 Ν.

1906 4604 2006 4660 Hic
2032 4600 2441 4675 quodammodo
2471 4597 2808 4654 contrarium
2838 4610 2960 4650 esse
3006 4590 3226 4645 videtur
3272 4587 3418 4658 quod

1834 4699 2057 4755 dicitur.
2097 4694 2153 4751 Si
2187 4694 2332 4750 enim
2362 4692 2431 4747 ab
2462 4690 2715 4747 hostibus
2734 4685 3174 4759 persecutionem
3202 4681 3420 4752 patiun-

1836 4802 1946 4856 tur,
1974 4786 2249 4860 quomodo
2266 4784 2417 4839 nullo
2442 4788 2809 4854 persequente
2839 4775 3099 4848 fugiunt?
3132 4773 3261 4839 Sed,
3292 4788 3418 4842 pcr-

1834 4890 2137 4952 sequentur
2170 4893 2269 4933 vos
2293 4919 2308 4943 ,
2351 4892 2463 4930 non
2496 4874 2563 4929 ad
2598 4870 2986 4943 expellendum
3016 4866 3298 4939 legislator
3328 4877 3419 4917 ac-

1834 4971 2025 5042 cepit:
2062 4968 2159 5023 sed
2197 4967 2325 5038 quia
2354 4964 2628 5020 currendo
2676 4962 3049 5025 imminerent,
3082 4958 3147 5012 ad
3189 4955 3416 5011 salutem

1834 5076 2025 5117 eorum
2059 5058 2404 5114 festinantes.
2437 5055 2615 5120 Unde,
2647 5058 3049 5125 persequentur
3072 5063 3186 5113 vos,
3223 5046 3281 5100 In
3310 5061 3409 5098 ser-

1834 5156 2051 5210 uitutem
2085 5152 2315 5222 redigent
2345 5165 2454 5211 vos,
2473 5145 2864 5219 Symmachus;
2892 5142 3159 5198 Erudiunt
3194 5155 3225 5192 a
3257 5138 3417 5199 vobis,

1836 5243 2177 5300 Theodotion
2212 5242 2405 5300 edidit.
2446 5240 2633 5296 Talem
2657 5238 2818 5294 nobis
2852 5245 2907 5293 et
2938 5234 3138 5289 Paulus
3159 5246 3418 5303 persecu-

1838 5336 2043 5390 tionem
2080 5334 2421 5388 demonstrut
2450 5349 2463 5385 :
2497 5329 2703 5401 Sequar
2744 5338 2925 5383 autem
2950 5366 2965 5391 ,
3005 5325 3051 5380 si
3084 5322 3424 5393 comprehen-

1837 5427 1983 5492 dam,
2018 5426 2073 5478 in
2102 5440 2204 5495 quo
2236 5433 2284 5476 et
2307 5423 2703 5492 comprehensus
2727 5418 2926 5480 sum”.
2959 5416 3162 5473 Gentes
3183 5431 3335 5485 ergo,
3366 5425 3421 5469 et

1836 5517 1979 5573 sicut
1996 5515 2164 5572 David
2180 5516 2248 5571 de
2277 5514 2501 5582 Judaais,
2518 5513 2709 5570 dicunt
2728 5528 2742 5566 :
2762 5508 2953 5566 Nonne
2979 5506 3071 5578 qui
3097 5516 3146 5561 te
3172 5507 3421 5571 oderunt,

2483 5719 2529 5754 ”
2557 5718 2690 5778 Luc.
2726 5730 2788 5789 tr,
2814 5714 2900 5773 47.
2966 5714 3011 5747 ⁸⁸
3040 5713 3198 5772 Joan.
3238 5726 3294 5781 ι,
3325 5712 3419 5773 2i.
3442 5716 3458 5732 '
