3892 6436
504 303 649 372 1H7

1704 307 2071 371 HESYCHII
2108 308 2591 372 PRESBYTER!

3596 314 3692 385 ili!

499 422 666 486 Deus,
698 420 920 475 oderam
965 413 1086 473 illas
1110 417 1199 474 "‘2
1236 419 1622 475 Verumtamen
1672 434 1864 475 eorum
1924 422 2091 476 instat
2122 426 2166 483 Α
2196 423 2360 476 totius
2392 420 2683 492 praesentis
2711 419 2838 475 vita:
2865 417 3039 490 ﬁgura
3067 428 3169 482 est,
3201 427 3255 474 et
3282 420 3481 492 signum
3505 437 3589 495 est,
3608 445 3695 500 qua

500 507 1054 581 saluiﬂestinatquc
1088 520 1143 566 et
1172 518 1313 578 orat,
1346 510 1451 566 scit
1473 511 1618 566 enim
1646 509 1782 575 Quia
1804 512 2093 577 assumptio

500 604 869 671 earumdem
891 603 967 658 ait
990 603 1211 669 Paulus,
1246 607 1353 658 vita
1382 611 1458 657 est
1489 619 1552 657 ea:
1586 602 1826 667 mortuis,
1851 612 1898 657 et
1929 602 2097 673 pleni-

399 757 403 760 ν
498 696 631 749 tudo
660 708 865 762 earum,
897 693 1050 749 salus
1081 695 1264 748 mundi
1287 694 1354 748 '°.
1390 690 1452 747 lli
1478 701 1661 747 autem
1698 692 1917 764 fugiunt
1944 692 2096 748 nullo

400 824 411 833 .›
499 795 894 856 persequente.
937 784 1052 841 Non
1079 786 1225 840 enim
1291 783 1755 856 quemadmodum
1789 784 1864 837 illi
1896 792 2098 837 nostra!

497 877 667 932 saluti
701 878 968 943 invident,
988 878 1068 933 sic
1091 888 1148 932 et
1174 893 1275 932 nos
1299 876 1540 937 illorum,
1560 874 1705 932 unde
1733 891 1828 931 cos
1850 890 1955 930 nec
1976 890 2100 945 per-

500 967 822 1039 sequimur,
857 984 962 1023 nec
1009 983 1135 1023 cum
1188 983 1288 1021 nos
1340 976 1701 1033 aversantur,
1755 982 2095 1031 aversantur,

504 1058 603 1116 sed
653 1060 948 1130 implemus
1008 1058 1153 1130 quod
1213 1057 1382 1113 Isaias
1412 1058 1685 1129 propheta
1714 1058 1851 1113 dixit
1880 1074 1894 1112 :
1929 1057 2100 1112 Dicite

502 1151 806 1205 odientibus
841 1167 930 1204 vos
960 1151 1215 1221 fratribus
1242 1150 1450 1217 vestris,
1482 1160 1531 1203 et
1560 1149 2006 1212 abominantibus,
2041 1160 2098 1204 ut

502 1255 691 1293 nomen
714 1238 929 1294 Domini
955 1239 1301 1312 gloriﬁcatur.
1321 1248 1369 1294 et
1394 1240 1635 1294 videatur
1665 1240 1721 1293 in
1745 1239 2100 1295 exsultatione

505 1347 708 1397 eorum,
739 1341 786 1385 et
818 1330 900 1385 illi
928 1330 1330 1386 erubescant".

578 1421 747 1478 Vsus.
777 1423 961 1478 t8-°26.
993 1443 1009 1476 ι
1028 1423 1125 1478 Sin
1144 1432 1328 1478 autem
1354 1438 1458 1478 nec
1491 1422 1570 1478 sic
1598 1422 1914 1479 obedieritis
1942 1424 2099 1491 mihi,

504 1514 702 1569 addam
727 1513 1109 1584 correptiones
1139 1523 1351 1569 vestras
1377 1513 1688 1584 septuplum
1718 1526 1942 1585 propter
1971 1532 2102 1586 pec-

505 1615 628 1661 cata
670 1616 876 1671 vestra,
902 1613 958 1660 et
988 1613 1271 1661 conteram
1305 1605 1559 1660 duritiam
1593 1605 1864 1675 superbia:
1885 1617 2099 1672 vestrae,

506 1696 762 1768 daboque
786 1699 986 1754 coelum
1016 1697 1172 1753 vobis
1198 1697 1455 1768 desuper,
1489 1697 1631 1752 sicut
1661 1696 1890 1762 ferrum,
1920 1704 1975 1752 et
2002 1707 2105 1753 ter-

2197 526 2295 580 per
2325 507 2699 579 septenarium
2736 523 3027 563 numerum
3062 505 3313 562 volvitur.
3342 506 3525 581 thuia
3543 529 3697 585 septem

2197 601 2277 656 eis
2311 600 2690 671 correptiones
2722 599 2840 655 sive
2886 598 3156 654 vindictas
3192 600 3279 655 vel
3323 600 3491 672 plagas
3528 603 3697 677 inferre,

2197 693 2569 748 omnitnodam
2598 707 2836 762 poenam,
2873 701 2928 746 et
2947 690 3217 762 integram
3250 691 3541 758 vindictam,
3564 707 3703 768 utpote

2197 801 2309 840 non
2342 784 2571 840 venialia
2603 799 2708 839 nec
2738 779 3067 855 pmuitentia
3098 782 3263 853 digna
3289 787 3609 852 peccantibus
3634 790 3705 846 mi-

2198 887 2361 932 natus
2398 884 2500 941 est,
2533 876 2608 931 ita
2644 884 2695 930 ut
2734 877 2897 930 linem
2932 875 2988 929 in
3020 875 3100 929 eis
3151 874 3281 929 illud
3331 876 3581 946 acciperet
3616 896 3705 949 pro.

2198 967 2478 1038 pbeticum
2507 966 2788 1036 eloquium
2824 984 2837 1020 :
2869 964 3008 1031 Quid
3065 966 3310 1035 cogitatis
3356 977 3525 1020 contra
3578 968 3708 1026 Domi-

2201 1075 2327 1114 num
2348 1059 2429 1113 ”?
2449 1058 2993 1114 Consummationem
3017 1056 3135 1128 ipse
3153 1056 3332 1123 faciet,
3357 1071 3458 1112 non
3485 1074 3709 1134 consurget

2201 1150 2403 1220 duplex
2434 1149 2734 1216 tribulatio,
2759 1150 2887 1221 quia
2916 1148 3060 1205 sicut
3086 1150 3263 1219 Spinte
3290 1164 3348 1204 se
3373 1148 3585 1217 invicem
3603 1168 3710 1209 corn-

2201 1244 2536 1314 plectuntur,
2561 1242 2643 1297 sic
2663 1243 2974 1297 convivium
2996 1242 3212 1296 illorum
3237 1240 3438 1311 pariter
3453 1246 3710 1311 potantium,

2202 1344 2599 1390 consumantur
2631 1332 2787 1404 quasi
2839 1334 3039 1404 stipula
3088 1333 3344 1387 ariditate
3384 1334 3551 1403 plena.
3589 1332 3648 1390 Ex
3679 1348 3713 1393 te

2203 1421 2394 1487 exibit,
2424 1421 2674 1492 cogitans
2703 1432 2895 1477 contra
2940 1421 3234 1475 Dominum
3271 1420 3521 1475 malitiam
3545 1462 3558 1487 ,
3583 1434 3715 1480 mente

2203 1520 2547 1584 pertractans
2578 1504 3110 1584 pecvaricationem.
3148 1512 3192 1567 Λ
3222 1528 3332 1582 quo
3363 1522 3535 1567 autem
3564 1515 3716 1587 cogita-

2207 1604 2281 1660 tio
2307 1616 2495 1660 contra
2533 1606 2824 1661 Dominum
2863 1622 3084 1678 egressa
3116 1618 3221 1670 est,
3253 1605 3393 1659 mala
3427 1606 3661 1676 cogitans,
3682 1619 3717 1664 et

2206 1697 2480 1752 contraria
2519 1699 2812 1770 praeceptis
2851 1700 2989 1770 ejus,
3043 1699 3150 1753 nisi
3197 1699 3403 1769 populo
3428 1696 3719 1755 Iudaeorum?

504 1802 624 1843 ram
659 1805 891 1845 auream.
933 1789 1304 1844 Consumetur
1352 1789 1628 1844 incassum
1687 1788 1841 1844 labor
1894 1798 2100 1845 vester.
2134 1780 2177 1837 Β
2204 1788 2274 1845 de
2304 1805 2414 1861 quo
2443 1790 2612 1847 Isaias
2651 1792 2904 1847 dicebat:
2944 1786 3027 1847 Va:
3056 1790 3199 1858 illis,
3232 1792 3361 1862 quia
3397 1789 3641 1844 consilium
3663 1810 3719 1846 co-

506 1881 626 1935 Non
658 1881 901 1952 proferet
936 1890 1079 1936 terra
1114 1896 1360 1953 germen,
1385 1895 1489 1936 nec
1515 1881 1743 1936 arbores
1765 1898 1923 1951 poma
1957 1898 2098 1953 prie-

508 1974 736 2029 bebunt.
776 1973 832 2028 Si
863 1973 1275 2029 ambulaveritis
1312 1989 1379 2028 ex
1419 1974 1651 2029 adverso
1686 1975 1842 2041 mihi,
1872 1990 1975 2031 nec
2004 1991 2101 2031 vo-

506 2065 722 2120 lueritis
773 2066 965 2120 amlire
1012 2079 1139 2132 me,
1195 2064 1393 2119 addam
1444 2064 1633 2135 plagas
1676 2072 1890 2119 vestras
1925 2080 2100 2135 usque

502 2156 819 2227 septuplum
864 2167 1088 2228 propter
1133 2167 1355 2228 peccata
1391 2166 1569 2211 vestra
1607 2176 1619 2212 :
1653 2160 2011 2229 etttiltamqtte
2042 2160 2097 2214 in

506 2263 607 2303 vos
637 2248 807 2303 malas
833 2247 1039 2304 bestias
1088 2246 1225 2318 agri,
1259 2263 1381 2317 quae
1428 2256 1755 2302 consumant
1792 2254 1847 2301 et
1896 2261 1996 2302 vos
2044 2256 2101 2302 et

503 2352 706 2410 perora
740 2348 920 2393 vestra
946 2379 961 2403 ,
1020 2345 1074 2393 et
1113 2338 1181 2392 ad
1215 2339 1547 2407 paucitatem
1588 2347 1782 2393 cuncta
1829 2339 2096 2410 redigant,

504 2431 692 2487 desert
707 2447 848 2502 eque
876 2430 1009 2485 liant
1042 2430 1145 2485 viae
1169 2441 1385 2485 vestrae.
1418 2430 1575 2497 Quod
1601 2430 1645 2485 si
1677 2447 1780 2487 nec
1810 2431 1889 2487 sic
1917 2433 2101 2487 volue-

508 2524 634 2582 ritis
670 2525 918 2595 reeiperc
941 2522 1311 2594 disciplinam,
1346 2524 1442 2577 sed
1466 2522 1881 2578 ambularet-itis
1910 2539 1975 2579 ex
2004 2524 2102 2580 ad-

510 2632 672 2673 verso
705 2616 835 2671 mibi
858 2656 873 2682 ,
923 2630 1025 2687 ego
1063 2630 1283 2686 quoque
1312 2624 1501 2670 contra
1528 2629 1626 2669 vos
1659 2614 1924 2669 adversus
1954 2614 2101 2670 ince-

503 2706 657 2772 dam,
682 2716 738 2762 et
757 2706 1060 2777 percutiam
1077 2722 1174 2761 vos
1193 2705 1398 2777 septies
1416 2714 1640 2779 propter
1655 2716 1878 2776 peccata
1898 2715 2100 2770 vestra,

511 2798 879 2868 inducamquc
902 2812 1071 2868 super
1091 2812 1191 2853 vos
1211 2796 1448 2868 gladium
1476 2797 1715 2852 ultorem
1734 2795 1955 2853 fmderis
1969 2794 2099 2852 mel.

506 2889 762 2961 Cumque
797 2888 1155 2959 conlugeritis
1182 2889 1252 2945 ad
1291 2888 1476 2953 urbes,
1500 2887 1712 2944 mittam
1737 2888 2100 2959 pestilentiam

509 2978 570 3035 in
604 2980 785 3035 medio
821 2979 984 3034 vestri
1014 3020 1029 3046 ,
1088 2988 1145 3035 et
1177 2978 1470 3034 trademini
1512 2979 1755 3034 hostium
1809 2980 2102 3036 manibus:

512 3081 807 3145 postquam
833 3070 1158 3143 eontregero
1194 3070 1450 3126 baculum
1481 3072 1641 3142 panis
1676 3071 1882 3139 vestri,
1936 3073 2006 3127 ita
2044 3082 2106 3127 ut

509 3165 1006 3222 decem-mulieres
1033 3163 1087 3217 in
1113 3162 1331 3218 clibano
1362 3174 1600 3233 coquont
1632 3180 1802 3234 panes
1826 3205 1841 3230 ,
1878 3172 1934 3219 et
1972 3164 2101 3219 red-
2129 3135 2173 3191 θ

508 3256 647 3310 dent
694 3270 790 3310 eos
842 3255 907 3310 ad
942 3253 1179 3325 pondus,
1213 3262 1270 3310 et
1316 3255 1618 3310 comedetis
1646 3296 1660 3321 ,
1718 3264 1775 3311 et
1806 3271 1918 3311 non
1948 3265 2101 3312 satu-

513 3346 792 3402 rabintini.
834 3365 852 3398 ι

582 3435 809 3492 Talibus
877 3436 1330 3493 distinctionibus
1386 3453 1498 3493 non
1553 3436 1754 3493 frustra
1823 3437 2103 3510 legislator

520 3546 647 3586 usus
687 3539 790 3594 est,
818 3545 944 3585 nam
971 3545 1123 3586 nunc
1154 3532 1375 3602 quidem
1413 3532 1491 3587 ait
1526 3550 1538 3588 :
1578 3531 1676 3588 Sin
1704 3540 1883 3587 autem
1909 3549 2001 3586 nec
2027 3533 2103 3586 sic

440 3642 451 3653 ν
509 3623 813 3678 obedicritis
838 3622 991 3677 mitti.
1048 3623 1253 3678 Deinde
1303 3623 1567 3694 quasdam
1598 3624 1976 3693 correptiones
2006 3623 2103 3678 de-

510 3728 813 3768 numerans
844 3712 1122 3769 subinfert
1155 3732 1169 3770 :
1200 3710 1261 3769 Si
1316 3713 1721 3769 ambulavct‘ilis
1768 3730 1832 3768 ea:
1884 3718 2103 3769 adverso

511 3805 662 3859 nti/ti.
708 3804 775 3859 Et
804 3820 995 3859 rursus
1024 3804 1159 3859 alias
1178 3804 1364 3877 plagas
1393 3821 1696 3876 exponens,
1729 3803 1884 3858 addit
1908 3822 1920 3857 :
1952 3802 2105 3869 Quod

508 3897 555 3950 si
583 3911 677 3949 nec
696 3895 965 3950 volueritis
992 3897 1220 3967 recipere
1261 3897 1635 3966 disciplinam,
1662 3897 1754 3952 sed
1787 3894 2099 3951 ambulave—

511 3985 631 4040 ritis
658 4002 723 4040 ex
747 3986 967 4041 adverso
1005 3986 1154 4042 milii.

584 4076 694 4135 Sed
746 4079 869 4135 ideo
889 4123 905 4147 ,
958 4088 1018 4135 ut
1047 4078 1286 4135 diximus
1311 4122 1325 4146 ,
1372 4080 1460 4137 his
1486 4078 1935 4139 distinctionibus
1965 4101 2100 4142 usus

510 4181 635 4239 est,
688 4172 816 4244 quia
848 4173 1166 4243 frequenter
1194 4172 1450 4228 Cbristus
1496 4175 1782 4244 suscipere
1832 4177 2100 4249 populum

508 4262 828 4320 Judreorum
853 4263 1044 4331 voluit,
1076 4263 1155 4317 illi
1194 4271 1377 4318 autent
1413 4280 1521 4318 non
1551 4265 1903 4335 obediebant,
1942 4268 2016 4322 ita
2044 4273 2109 4322 ut

514 4354 585 4409 ad
615 4369 711 4409 eos
737 4352 998 4407 clamaret
1029 4370 1042 4407 :
1075 4351 1395 4419 Jerusalem,
1424 4351 1742 4421 Jerusalem,
1770 4368 1886 4425 quis
1911 4352 2107 4409 occidis

2194 1879 2364 1950 gitant
2394 1879 2590 1934 malum
2615 1922 2629 1943 ,
2681 1891 2867 1935 contra
2901 1881 3200 1948 semetipsos
3247 1882 3472 1935 dicentes
3501 1882 3720 1937 :cCircttm-

2199 1969 2475 2024 veniamus
2495 1971 2702 2041 justunt
2738 1992 2750 2027 :
2790 1974 2918 2043 quia
2946 1972 3153 2026 inutilis
3183 1981 3263 2026 est
3292 1971 3437 2028 nobis
3465 1972 3528 2026 “.
3552 1972 3721 2028 Fructus

2201 2076 2333 2133 ergo
2358 2062 2607 2117 laborum
2642 2079 2866 2118 suorum
2921 2064 3359 2119 manducabunt.
3394 2063 3601 2119 Intende
3623 2067 3720 2119 enim

2201 2150 2452 2206 ordinem
2523 2167 2633 2222 quo
2707 2151 2878 2207 utitur
2938 2151 3219 2223 legislator
3287 2156 3354 2208 ad
3415 2155 3721 2209 cunnuinatiu-

2203 2257 2355 2297 nem.

2275 2332 2374 2389 Sin
2405 2344 2579 2388 autem
2616 2350 2706 2388 nec
2734 2335 2810 2388 sic
2850 2335 3147 2390 obedieritis
3194 2336 3349 2397 mihi.
3390 2338 3573 2391 addam
3602 2354 3721 2390 com-

2202 2429 2405 2500 ptiones
2459 2440 2658 2485 vestras
2702 2431 2999 2501 septuplunt
3061 2442 3278 2502 propter
3338 2442 3539 2501 peccata
3586 2444 3723 2486 vestra.

2203 2517 2557 2591 Septuaginta
2626 2531 2808 2575 autem
2889 2520 3180 2576 ediderunt
3220 2539 3233 2573 :
3269 2518 3329 2575 Si
3374 2537 3527 2591 usque
3589 2523 3644 2575 ad
3667 2522 3726 2573 hcc

2206 2629 2310 2667 non
2349 2612 2629 2667 audieritis
2669 2630 2751 2666 me
2780 2630 2792 2666 :
2821 2628 2994 2682 usque
3024 2611 3092 2667 ad
3141 2611 3247 2668 hoc
3268 2613 3412 2684 quod
3446 2611 3726 2683 przeeedentia

2204 2702 2584 2770 ostenderunt,
2620 2704 2711 2758 ubi
2738 2713 3038 2772 egestatem
3067 2703 3439 2773 ardoremque
3458 2704 3600 2759 dixit.
3642 2702 3728 2769 Qua

2202 2796 2477 2868 quomodo
2521 2804 2771 2868 oporteat
2802 2795 2998 2868 accipi,
3041 2796 3096 2850 in
3147 2797 3580 2867 prince-dentibus
3616 2809 3729 2866 expo-

2205 2890 2438 2945 suimus.
2468 2888 2526 2944 Si
2567 2906 2697 2962 ergo
2725 2905 2897 2961 usque
2927 2889 2994 2945 ad
3037 2888 3142 2945 hoc
3172 2888 3548 2945 inobedientes
3572 2886 3729 2954 iuerint,

2208 2991 2270 3036 ut
2299 2998 2402 3037 nec
2432 2999 2498 3038 ex
2530 2981 2637 3049 bis,
2668 2998 2792 3053 qua:
2819 2982 2962 3038 dicta
2995 2992 3147 3047 sunt,
3181 2982 3559 3042 emendentur.
3590 2980 3730 3049 septies

2212 3074 2332 3130 illos
2364 3074 2500 3130 dixit
2524 3074 2747 3146 corripi,
2771 3074 2822 3128 id
2847 3085 2949 3139 est,
2985 3074 3286 3144 perfectam
3323 3074 3677 3145 correptionem
3695 3071 3732 3124 in

2205 3163 2442 3232 peccatis
2485 3179 2675 3219 eorum
2705 3165 2949 3220 evenire.
2979 3163 3188 3230 Quibus
3232 3173 3440 3228 autem,
3480 3178 3578 3216 non
3622 3161 3728 3223 dicit,

2205 3262 2264 3308 ut
2313 3269 2505 3308 eorum
2559 3262 2782 3325 peccata
2820 3252 2921 3309 hoc
2984 3253 3125 3323 ipso,
3170 3253 3324 3324 quod
3362 3269 3469 3309 non
3523 3250 3730 3306 emendati

2203 3352 2351 3412 sunt,
2373 3361 2440 3401 ex
2463 3346 2740 3416 praedictis
2765 3345 3151 3414 intelligamus.
3180 3344 3252 3399 Et
3280 3345 3411 3416 quid
3437 3345 3500 3400 ad
3521 3340 3621 3399 lidit
3649 3343 3667 3395 ἓ

2277 3435 2344 3490 Et
2380 3446 2647 3491 conteram
2671 3436 2925 3491 duritiam
2941 3438 3198 3507 superbia:
3230 3446 3437 3492 vestra'.
3463 3435 3571 3491 Non
3597 3433 3733 3490 volue-

2205 3537 2337 3584 runt
2386 3545 2505 3584 eam
2548 3526 2753 3584 Christi
2804 3528 3117 3584 libertatem
3165 3529 3468 3599 suscipere,
3520 3527 3732 3582 dicentes:

2204 3621 2391 3677 Semen
2424 3621 2646 3676 Abrahae
2675 3636 2878 3684 sumus,
2901 3631 2948 3676 et
2973 3620 3105 3674 nulli
3136 3621 3449 3675 servivitrtus
3482 3616 3731 3691 unquam”.

2207 3712 2359 3769 lianc
2391 3729 2579 3769 eorum
2631 3713 2888 3768 duritiam
2934 3713 3206 3784 superbiae
3270 3712 3543 3780 contrivit,
3589 3707 3734 3764 servire

2204 3822 2301 3861 eos
2328 3805 2582 3877 gentibus
2599 3804 2827 3861 faciens.
2858 3788 3007 3858 Dabo
3034 3803 3222 3857 cretum
3244 3805 3388 3858 vobis
3412 3808 3612 3871 desuper
3635 3801 3732 3853 sicut

2212 3901 2438 3972 ferrum.
2467 3896 2682 3952 Nullam
2707 3912 2836 3969 ergo
2856 3912 2919 3952 ex
2951 3911 3018 3951 eo
3040 3895 3418 3952 visitationem
3444 3896 3635 3967 penitus
3652 3900 3736 3945 sunt

2208 3990 2416 4061 adepti.
2458 3988 2525 4044 Et
2555 3998 2751 4043 terram
2780 4004 3004 4044 amcam.
3041 3988 3210 4043 Terra
3243 3988 3395 4043 enim
3437 3986 3615 4042 divinae
3637 3983 3735 4038 Sen-

2206 4093 2402 4156 pturae,
2447 4098 2611 4153 quam
2647 4081 2958 4154 possident,
3018 4078 3364 4135 infructuosa
3409 4080 3488 4135 eis
3518 4086 3619 4142 est;
3653 4089 3733 4129 cum

2207 4190 2320 4230 non
2362 4173 2431 4230 ab
2481 4172 2560 4229 eis
2606 4173 2925 4245 intelligitur
2976 4189 3085 4243 quo
3124 4181 3385 4242 oporteat
3436 4170 3610 4236 modo,
3638 4167 3734 4221 illuni

2207 4278 2415 4320 aeneam
2467 4278 2588 4319 esse
2632 4262 2784 4319 dicit.
2826 4262 2908 4318 Ad
2948 4263 3109 4334 cujus
3163 4263 3242 4317 rei
3282 4261 3636 4319 ostensionem
3673 4256 3735 4310 ad-

2209 4356 2349 4412 didit
2382 4373 2395 4409 :

518 4446 819 4514 prop/tetas,
844 4454 893 4498 et
921 4444 1130 4516 lapides
1155 4459 1239 4499 eos
1265 4442 1357 4515 qui
1380 4444 1448 4498 ad
1478 4453 1527 4498 te
1552 4444 1695 4499 missi
1714 4454 1836 4499 sunt
1860 4460 1879 4500 :
1899 4446 2104 4517 quoties
2136 4474 2180 4531 ι)
2280 4446 2629 4505 Consumetur
2671 4445 2938 4500 incassum
2987 4442 3139 4498 labor
3181 4454 3371 4502 vester.
3414 4444 3580 4502 Labor
3611 4436 3727 4497 enim,

519 4536 663 4593 volui
699 4552 1017 4609 congregare
1054 4534 1193 4606 ﬁlios
1224 4545 1371 4602 tuos,
1413 4536 1550 4590 sicut
1586 4535 1788 4606 gallina
1820 4547 2105 4611 congregat

515 4630 688 4702 pullos
713 4646 834 4684 suos
865 4628 959 4683 sub
1008 4627 1128 4683 alas
1158 4644 1305 4693 suas,
1342 4636 1391 4681 et
1422 4627 1644 4682 noluisti
1671 4627 1717 4661 ⁸³
1742 4614 1771 4682 ’ἓ
1802 4629 1934 4685 Illud
1976 4644 2107 4701 ergo

516 4722 755 4779 maxime
781 4722 837 4776 in
871 4721 977 4789 bis,
1032 4735 1156 4791 qua:
1186 4718 1332 4776 dicta
1363 4729 1513 4786 sunt,
1556 4722 1928 4784 attendamus,
1980 4720 2107 4792 quia

517 4828 645 4869 cum
679 4822 891 4884 septem
924 4812 1301 4883 correptiones
1353 4812 1722 4868 comminatus
1774 4812 1976 4881 fuerit,
2029 4813 2110 4869 sic

517 4920 613 4960 eas
638 4905 886 4960 subdidit
921 4921 934 4958 :
963 4903 1366 4960 Contritionem
1400 4918 1530 4975 ergo
1559 4903 1777 4960 duritia:
1816 4905 2108 4977 superbiae,

518 5006 577 5053 et
597 4996 875 5053 (lationem
898 4997 1019 5052 ereti
1051 4996 1240 5063 ferrei,
1268 5006 1325 5053 et
1354 5008 1514 5053 terrae
1535 5011 1725 5058 mneae.
1746 5006 1804 5053 et
1836 4999 2112 5054 incassum

518 5105 711 5145 eorum
743 5088 995 5145 consumi
1035 5087 1278 5144 laborem
1304 5129 1319 5153 ,
1367 5097 1417 5143 et
1475 5097 1676 5144 terram
1718 5103 1829 5142 non
1866 5089 2114 5159 proferre

520 5198 771 5255 germen,
810 5197 914 5237 nec
942 5180 1169 5237 arbores
1210 5196 1372 5251 poma
1417 5182 1666 5251 praebere
1719 5181 1963 5235 minatus
2006 5191 2114 5237 est.

522 5274 653 5332 Haec
687 5282 874 5331 autem
902 5289 998 5330 sex
1018 5283 1169 5341 sunt,
1200 5288 1310 5328 non
1344 5281 1556 5344 septem
1584 5290 1598 5328 :
1623 5273 1729 5328 boc
1760 5271 1903 5327 idem
1930 5284 2115 5329 autem

526 5367 799 5435 invenies,
832 5376 889 5422 et
907 5365 1150 5438 reliquas
1175 5365 1556 5436 correptiones
1586 5379 1936 5436 percurrens.
1972 5364 2117 5437 Ergo

525 5478 625 5532 per
650 5463 757 5518 bac
777 5458 1131 5516 manifestum
1153 5466 1239 5516 est
1262 5475 1275 5513 :
1302 5458 1431 5529 quia
1461 5456 1807 5529 septenarius
1830 5471 2117 5527 numerus,

603 5687 648 5719 ἰθ
681 5685 826 5743 Psal.
868 5705 1135 5751 cxxxvtn.
1162 5687 1255 5744 2|.
1357 5688 1402 5722 ³⁸
1435 5686 1593 5744 Rom.
1640 5705 1718 5755 xr,
1744 5685 1811 5744 15
1842 5696 1900 5744 et
1931 5688 2013 5743 l2.

510 5758 573 5850 “
616 5756 744 5830 Sap.
783 5774 845 5829 ιι,
883 5760 969 5815 12.
1048 5760 1095 5795 ⁸⁸
1124 5759 1284 5816 Joan.
1322 5774 1440 5829 vin,
1464 5757 1553 5817 55.
1630 5761 1675 5797 ⁸⁸
1704 5757 1907 5833 Philip.
1941 5775 2025 5830 ut,
2060 5757 2149 5817 lit.

2127 5689 2170 5721 ἰ
2196 5687 2302 5746 lsa.
2331 5703 2475 5757 LXVI,
2508 5671 2556 5742 ὅ.

2209 4557 2372 4614 quem
2403 4542 2459 4596 in
2494 4540 2694 4596 divinis
2719 4537 3018 4608 Scripturis
3046 4540 3372 4604 ostendunt,
3433 4535 3737 4594 incumbentes

2215 4633 2490 4692 traditioni
2541 4634 2756 4697 litterae,
2783 4632 3059 4687 incassum
3093 4632 3458 4697 consumitur,
3512 4628 3593 4699 qui
3632 4624 3735 4694 plene

2214 4744 2324 4784 non
2344 4736 2573 4798 possunt
2597 4726 2716 4797 lege
2736 4724 3038 4780 secundum
3064 4723 3301 4779 litteram
3332 4725 3433 4787 uti,
3469 4723 3626 4778 ablato
3642 4716 3734 4771 loco.

2216 4820 2272 4876 in
2297 4835 2406 4892 quo
2426 4819 2613 4874 littera
2634 4834 2853 4873 omnem
2873 4816 3118 4872 divinum
3145 4818 3354 4871 cultum
3372 4816 3503 4887 legis
3522 4804 3735 4867 conclusit.

2218 4910 2393 4967 Nimis
2421 4910 2567 4966 cnim
2591 4909 2849 4964 convenit
2875 4907 3021 4980 quod
3053 4908 3303 4978 sequitur
3329 4926 3343 4962 :
3380 4907 3493 4962 Non
3527 4900 3649 4958 dabit
3670 4906 3736 4947 ta-

2221 5021 2285 5058 να
2346 5017 2558 5073 germen
2616 5015 2794 5063 suum,
2849 5015 2942 5053 nec
2993 4999 3209 5053 arbores
3269 5015 3429 5067 poma
3478 4989 3731 5064 prtebrlmnt.

2222 5095 2409 5166 Neque
2448 5093 2596 5148 enim
2638 5091 2881 5146 exterior
2911 5102 3101 5146 eorum
3141 5091 3329 5157 homo,
3370 5089 3460 5160 qui
3507 5081 3737 5156 appellatar

2226 5193 2393 5248 terra,
2429 5181 2740 5248 fructiﬁeat,
2774 5181 2904 5252 quia
2950 5182 3004 5236 in
3032 5182 3407 5254 gastrimargia
3435 5167 3737 5236 vivunt,eldc

2223 5273 2304 5329 eis
2357 5273 2563 5328 dictum
2604 5283 2726 5328 est:
2780 5269 3018 5337 Quorum
3076 5270 3219 5327 Deus
3247 5282 3444 5333 venter,
3478 5279 3523 5324 et
3544 5263 3680 5338 gloria
3703 5257 3737 5354 ἕξ

2225 5367 2528 5437 confusione
2553 5367 2816 5422 eorum“.
2841 5363 2948 5421 Sed
2979 5378 3084 5420 nec
3124 5373 3356 5428 mentes,
3395 5377 3512 5435 qua:
3529 5364 3633 5415 sunt
3663 5361 3735 5418 agn

2228 5459 2395 5531 ligna,
2430 5459 2575 5515 sicut
2607 5457 2829 5515 inserta:
2856 5456 3079 5528 quidem
3108 5457 3324 5529 corpori
3356 5476 3371 5513 :
3408 5453 3497 5511 sed
3530 5449 3736 5505 tomento

2674 5688 2719 5720 ⁹²
2754 5684 2950 5742 Matth.
2978 5700 3133 5756 χχιιι,
3176 5685 3264 5742 57.
3342 5681 3388 5715 ⁸³
3415 5658 3726 5735 Nabum.t,9-

3326 5896 3331 5897 γ
3344 5891 3391 5898 α..
