3892 6408
184 367 313 436 1149

1327 366 1411 430 IN
1452 364 1892 430 LEVtTIcun.
1914 388 1980 401 -
2002 349 2148 426 LIB.
2173 356 2299 422 vn.

3300 342 3438 413 115.0

178 478 505 537 excelsiores
518 476 729 535 fructus
755 478 864 535 Deo
897 479 1144 550 praebent
1164 479 1308 551 quod
1332 478 1637 552 germinare
1659 490 1760 531 nos
1789 481 1832 535 Α
1863 475 1937 528 ris
1995 468 2314 542 sapientiam
2377 461 2699 532 obstupesce
2727 499 2741 525 ,
2797 458 3069 529 quomodo
3136 467 3440 529 opportuna

180 571 233 629 in
268 572 466 643 pietate
493 571 629 626 vult.

232 664 290 720 Si
309 662 707 719 ambulaveritis
723 678 787 717 ea:
807 662 1026 716 adverso
1051 661 1195 715 mihi.
1221 658 1407 730 Neque
1437 658 1584 713 enim
1616 664 1766 711 recto

181 757 345 813 corde
392 756 458 810 ad
492 754 659 809 Deum
714 754 996 809 incedunt.
1056 754 1382 808 Pervertunt
1440 750 1586 807 enim
1647 750 1766 818 ejus

180 850 348 913 viam,
404 847 538 919 legis
564 855 621 901 et
663 845 1057 915 prophetarum
1106 859 1302 899 sensus
1364 843 1766 905 subvertentes,

181 950 241 996 ut
268 955 420 995 suam
452 937 878 993 inobedient‘iam
926 951 1021 1006 per
1049 936 1153 992 hoc
1180 944 1342 1006 atque
1367 932 1768 1007 praevaricatio—

180 1047 306 1086 nem
366 1032 631 1087 colerent.
666 1029 897 1099 Propter
953 1028 1099 1099 quod
1146 1027 1354 1084 infert:
1388 1025 1497 1080 Nec
1520 1025 1565 1080 si
1591 1023 1771 1080 value;

182 1121 302 1175 ritis
331 1120 521 1174 audire
551 1135 653 1179 me.
682 1119 879 1172 addam
911 1117 1052 1172 vobis
1083 1117 1272 1189 plagas
1296 1126 1494 1172 vestras
1516 1131 1676 1186 usque
1701 1114 1771 1169 ad

179 1213 483 1285 septuplum
509 1221 722 1284 propter
741 1220 957 1283 peccata
986 1220 1177 1266 vestra.
1203 1209 1322 1263 Non
1340 1208 1454 1278 jam
1473 1202 1771 1276 correptio-

181 1320 310 1371 nes,
355 1305 452 1361 sed
504 1305 707 1375 plagas,
762 1303 1076 1358 validiorem
1125 1316 1272 1355 nunc
1302 1313 1518 1369 pennam
1568 1310 1772 1368 praece-

189 1398 372 1466 denti,
411 1407 464 1453 et
504 1396 767 1468 aequalem
806 1409 995 1450 eorum
1040 1392 1421 1463 iniquitatibus
1470 1401 1771 1459 exponens,

178 1503 356 1560 quam
391 1489 556 1544 hanc.

255 1578 621 1651 Emittantque
642 1579 697 1633 in
718 1594 806 1633 eos
850 1574 1023 1632 malas
1062 1574 1254 1629 bestias
1281 1570 1421 1643 agri,
1449 1585 1565 1641 qum
1587 1582 1777 1622 censu»

180 1681 340 1728 mant
382 1689 470 1727 vos
498 1680 548 1725 et
585 1686 774 1742 pecora
798 1677 992 1732 vestra,
1025 1676 1075 1721 et
1114 1666 1185 1719 ad
1227 1663 1547 1734 paucitatem
1588 1666 1776 1712 cuncta

181 1767 461 1837 redigant,
522 1765 841 1832 desertaque
885 1760 1017 1830 [iant
1048 1760 1145 1812 vim
1188 1765 1391 1811 vestrm.
1440 1750 1576 1818 Quia
1627 1750 1769 1804 enim

1867 565 2054 623 subdit
2079 583 2094 619 :

1935 676 2173 750 Cumque
2224 672 2466 747 fug/eritis
2521 670 2593 724 ad
2625 669 2796 732 urbes,
2846 667 3055 721 mittam
3089 662 3446 734 pestilentiam

1866 770 1923 824 in
1976 769 2147 825 medio
2195 767 2375 821 vestri.
2426 760 2795 832 lntclligibiles
2839 755 3107 818 civitates,
3165 755 3448 824 prophetae

1868 871 2018 917 sunt.
2058 856 2406 913 Manifestum
2449 861 2532 907 est
2562 859 2744 905 autem
2778 863 2847 904 ex
2880 847 3079 918 quibus
3116 845 3257 899 Deus
3294 842 3449 898 lere-

1869 952 1994 1007 mite
2032 949 2249 1005 dicebat
2295 963 2308 1002 :
2347 945 2460 1018 Ego
2511 944 2706 1015 quippe
2749 940 2869 995 dedi
2905 948 2955 992 te
2995 937 3146 990 hodie
3184 937 3450 990 civitatem

1871 1041 2133 1096 munitam
2147 1041 2215 1092 '9.
2232 1035 2695 1104 Quemadmodum
2714 1046 2845 1103 ergo
2859 1030 2913 1083 in
2940 1022 3189 1083 civitates
3208 1034 3451 1083 muratos

1868 1131 1961 1202 qui
1993 1129 2150 1203 fugit,
2169 1128 2213 1182 si
2246 1124 2452 1180 amicus
2478 1131 2561 1177 est
2590 1122 2848 1184 solvatur,
2874 1117 2923 1172 sl
2958 1124 3143 1171 autem
3173 1115 3449 1179 inimicus,

1870 1218 2085 1275 facilius
2136 1213 2420 1285 perimitur
2456 1210 2511 1268 in
2534 1224 2724 1265 eorum
2779 1206 2991 1261 ambitu
3030 1204 3400 1260 circumdatus
3434 1218 3450 1256 :

1872 1310 1953 1367 sic
1988 1310 2043 1364 in
2081 1303 2421 1379 propheticis
2460 1300 2634 1365 libris,
2672 1308 2729 1355 et
2772 1299 2828 1352 in
2876 1307 3066 1352 eorum
3106 1293 3453 1357 testimoniis,

1872 1402 2033 1457 amici
2089 1398 2212 1454 ﬁdei
2249 1392 2631 1464 confugientes
2686 1389 3049 1444 munitionem
3118 1387 3457 1455 salutemque

1875 1492 2183 1555 inveniunt,
2233 1487 2438 1544 inimici
2486 1494 2671 1539 autem
2717 1491 2774 1535 et
2813 1479 3060 1534 inﬁdeles
3105 1478 3214 1531 cito
3258 1475 3457 1546 captivi

1877 1592 2130 1657 pereunt.
2164 1581 2394 1650 Propter
2419 1575 2585 1647 quod,
2608 1573 2829 1644 quando
2860 1571 2927 1624 ad
2958 1569 3261 1640 prophetas
3286 1565 3457 1621 iudici

1880 1677 2116 1747 fugiunt,
2161 1671 2503 1729 declinantes
2547 1684 2672 1722 cum
2724 1663 2815 1734 qui
2868 1662 3032 1717 estin
3081 1659 3256 1715 doctis
3305 1657 3460 1720 viris,

1881 1767 2184 1837 Spiritalem
2222 1763 2482 1836 gladium,
2524 1756 2893 1830 pestilentiam
2932 1754 3011 1808 ait
3056 1768 3114 1808 se
3161 1751 3376 1806 mittere
3408 1748 3462 1800 in

178 1858 516 1928 semetipsos
550 1872 581 1911 a
622 1855 717 1909 Dei
765 1854 851 1908 via
900 1851 1235 1921 repulerunt,
1286 1854 1433 1900 recte
1474 1856 1638 1912 super
1684 1853 1779 1897 cos

1904 1860 2061 1916 nedio
2110 1872 2326 1914 eorum.
2376 1854 2497 1909 illic
2551 1851 2699 1908 enim
2728 1848 3059 1908 moriuntur,
3119 1844 3283 1898 etiam
3316 1839 3465 1894 nullo

178 1951 381 2006 bestia:
421 1948 557 2021 agri,
608 1946 885 2002 daemones
921 1942 1312 2002 immittuntur,
1366 1934 1639 1992 dominari
1694 1931 1775 1985 eis

177 2040 469 2112 permissi,
525 2037 618 2109 qui
677 2053 771 2093 eos
799 2043 854 2091 et
900 2038 1251 2090 consumunt.
1305 2024 1576 2096 Quidquid
1627 2021 1773 2077 enim

179 2111 693 2201 videnturjustiliae
712 2142 895 2199 agere,
924 2126 1067 2179 Deus
1097 2121 1198 2177 sibi
1228 2135 1334 2176 non
1360 2120 1607 2187 imputat,
1632 2111 1777 2183 quod

180 2224 540 2279 demonstrat
565 2217 763 2272 Paulus
788 2214 978 2270 dicens
1016 2227 1029 2266 :
1068 2208 1510 2265 Justitiamsuam
1539 2216 1779 2275 qureret:-

183 2328 270 2372 tes
312 2314 648 2377 constituere,
685 2309 916 2381 justitiw
959 2305 1055 2361 Dei
1089 2320 1189 2358 non
1218 2310 1338 2356 sunt
1369 2298 1591 2368 subjecti
1613 2294 1679 2350 ".
1715 2294 1783 2348 Et

185 2423 386 2465 rursus
434 2403 661 2462 :lsrael
719 2410 898 2456 autem
947 2397 1195 2453 sectanda
1245 2394 1413 2463 legem
1452 2388 1698 2461 justitiw,
1728 2386 1783 2440 in

186 2498 361 2569 legem
391 2495 618 2567 justitiae
655 2508 762 2547 non
800 2489 1032 2561 pervenit
1063 2487 1132 2541 ’⁸.
1168 2484 1402 2539 Necesse
1433 2490 1516 2536 est
1544 2494 1693 2549 ergo,
1726 2486 1784 2531 ut

194 2603 322 2645 eum
344 2588 634 2644 comedam
661 2585 959 2644 dmmones,
988 2580 1080 2651 qui
1119 2593 1308 2634 eorum
1345 2589 1563 2651 pecora,
1594 2572 1647 2626 id
1678 2579 1783 2635 est,

189 2682 490 2754 pecoribus
522 2678 729 2735 similes
769 2675 1042 2734 homines.
1073 2685 1301 2743 pravum
1336 2648 1589 2723 videlicet
1617 2678 1789 2734 popu-

196 2776 321 2831 lum
365 2783 529 2844 atque
556 2769 870 2842 imperitum
904 2770 1260 2829 consumunt,
1300 2758 1570 2829 siquidem
1601 2755 1790 2811 nullus

191 2876 290 2925 est
332 2867 391 2923 in
435 2865 544 2922 illis
580 2862 917 2925 intellectus,
960 2856 1095 2914 nihil
1148 2854 1241 2911 Dei
1291 2851 1513 2908 servitio
1566 2849 1791 2922 dignum

192 2958 446 3034 cegitare
474 2960 906 3014 consueverunt,
925 2949 1020 3007 sed
1045 2949 1190 3005 sicut
1214 2948 1459 3019 jumenta
1488 2943 1544 2999 in
1571 2942 1793 2998 modum

197 3033 354 3109 freni
406 3048 589 3107 stultis
649 3044 1067 3118 praepositorum
1115 3055 1338 3097 suorum
1405 3033 1795 3091 traditionibus

202 3147 512 3207 ducuntur,
543 3148 769 3213 propter
804 3134 950 3207 quod
982 3141 1111 3189 sunt
1139 3131 1452 3187 daemonum
1479 3127 1608 3194 cibi,
1639 3133 1696 3181 et
1728 3127 1796 3181 ad

202 3200 563 3311 paucitatem.
587 3200 934 3300 rediguntur,
969 3234 1081 3280 tam
1126 3221 1481 3278 multitudine
1512 3234 1676 3290 quam
1710 3218 1795 3273 di-
1825 3200 1869 3258 (ἶ

205 3328 441 3402 gnitate.
461 3324 808 3390 Desertmquo
827 3334 1015 3374 eorum
1038 3317 1175 3372 fiunt
1194 3313 1313 3381 viae,
1337 3328 1459 3383 qua:
1481 3326 1584 3366 nec
1605 3325 1799 3380 aquam

208 3422 425 3477 habent
456 3418 601 3481 vitae,
632 3430 736 3470 nec
760 3411 1191 3483 susceptionem,
1223 3409 1339 3463 sive
1374 3405 1801 3476 hospitalitatem

208 3510 629 3585 intelligibilem,
697 3521 799 3562 nec
877 3503 1246 3575 [traducentes
1299 3515 1358 3553 se
1391 3498 1475 3555 vel
1527 3496 1683 3569 quasi
1727 3494 1795 3549 ad

213 3619 442 3661 manum
474 3602 832 3665 deducentes,
863 3604 958 3650 aut
988 3593 1382 3648 custodientes.

293 3696 450 3762 Quod
476 3695 524 3749 si
555 3710 647 3747 nec
674 3693 749 3749 sic
776 3689 1048 3745 volueritis
1077 3686 1305 3753 recipere
1330 3680 1686 3752 disciplinam,
1719 3680 1807 3733 sed

214 3787 618 3847 ambulaveritis
648 3801 712 3839 ea:
740 3783 960 3837 adverso
995 3762 1141 3844 mihi,
1161 3793 1253 3847 ego
1279 3792 1482 3848 quoque
1510 3783 1692 3828 contra
1721 3788 1808 3826 vos

215 3882 475 3937 adversus
508 3877 771 3933 incedam.
813 3872 1059 3929 Adversa
1088 3883 1248 3940 pinna
1279 3876 1422 3928 utar,
1453 3862 1813 3936 quemadmo—

217 3973 358 4026 dum
382 3969 611 4024 adversa
646 3972 732 4020 est
752 3962 855 4035 legi
879 3969 1061 4017 vestra
1085 3953 1640 4030 praevaricationum
1664 3948 1811 4004 enim

217 4060 479 4120 meditari
540 4074 661 4114 eam
715 4042 1033 4118 videamini,
1098 4047 1467 4105 intentionem
1522 4042 1643 4113 ejus
1702 4055 1815 4095 non

217 4154 479 4219 servatis,
513 4152 595 4208 sic
622 4159 677 4206 et
710 4165 810 4221 ego
857 4147 1146 4202 adversam
1193 4139 1348 4197 vobis
1390 4133 1816 4207 superinducam

218 4261 472 4321 pennam,
500 4259 609 4298 non
634 4257 731 4297 vos
759 4237 1061 4308 corripiens
1096 4234 1225 4297 illis,
1254 4230 1452 4302 quibus
1484 4225 1818 4298 ﬂagellabant

219 4341 404 4413 prius,
428 4337 652 4410 quando
679 4329 989 4389 mortiferas
1014 4334 1298 4397 serpentes
1325 4330 1380 4376 et
1398 4318 1733 4379 incendium,
1766 4325 1823 4369 et

221 4406 393 4488 terrai
422 4406 626 4493 hiatus,
663 4434 718 4481 ct
766 4408 1169 4490 similia’super
1193 4431 1292 4472 vos
1327 4411 1673 4472 inducebam,
1726 4406 1821 4461 sed

220 4519 390 4576 alias.
446 4518 578 4584 Quae
632 4520 763 4570 sunt
812 4520 997 4568 autem
1058 4508 1169 4572 lue,
1237 4502 1522 4575 sequentia
1576 4500 1820 4571 legentes

222 4613 494 4668 sciemus.

331 4703 399 4759 Et
429 4702 721 4773 percutiam
752 4714 839 4754 vos
876 4694 1072 4773 septies
1109 4698 1319 4763 propter
1355 4694 1571 4759 peccata
1620 4691 1820 4741 vestra.

223 4796 401 4853 Prius
427 4793 745 4863 corripiam,
766 4770 965 4846 deinde
992 4782 1317 4857 percutiam.
1349 4777 1656 4833 Procedens
1677 4773 1827 4828 enim

225 4903 429 4964 penna,
464 4892 657 4957 utpote
685 4891 876 4942 contra
908 4876 1311 4936 inobedientes.
1348 4870 1542 4928 fortior
1569 4865 1823 4923 efﬁcitur.

226 4957 261 5039 .1
270 4982 608 5051 nducamque
638 4993 797 5046 super
830 4990 918 5029 vos
945 4970 1185 5044 gladium
1225 4966 1444 5020 ultorem
1464 4960 1672 5036 foederis
1706 4957 1831 5013 mei.

227 5072 469 5130 Gladius
508 5050 738 5142 spiritus
785 5065 913 5139 quia
964 5061 1193 5118 verbum
1238 5056 1334 5111 Dei
1383 5054 1474 5119 sit,
1523 5050 1839 5121 frequenter

236 5165 512 5223 diximus.
543 5140 666 5218 lioc
691 5160 919 5215 verbum
950 5142 1003 5209 in
1027 5150 1227 5223 linguis
1262 5145 1519 5203 Ecclesiae
1556 5140 1842 5212 magistro-

238 5276 401 5327 rum,
456 5256 701 5313 vindicat
739 5249 1008 5324 judicium
1061 5241 1307 5307 foederis,
1356 5241 1472 5294 sive
1528 5232 1841 5291 testamenti

236 5351 572 5426 evangelici.
617 5344 907 5405 Convincit
951 5340 1098 5396 enim
1138 5351 1235 5392 eos
1281 5332 1372 5405 qui
1420 5344 1623 5417 novum
1653 5336 1842 5382 trans-

240 5448 600 5523 grediuntur,
627 5456 730 5497 nec
759 5445 919 5493 vetus
942 5429 1217 5491 custodire
1242 5438 1425 5499 posse,
1462 5430 1517 5476 et
1539 5418 1843 5475 vindicatur

245 5507 637 5612 Evangelium,
678 5546 806 5589 cum
854 5524 1061 5584 inimici
1110 5520 1248 5594 legis
1303 5514 1694 5574 ostenduntur,
1748 5507 1844 5580 qui

246 5596 540 5704 Evangelii
571 5596 801 5701 gratiam
825 5613 1320 5691 transgrediuntur.
1354 5603 1463 5661 Sed
1494 5610 1551 5657 et
1572 5596 1845 5671 legislato-

341 5824 564 5901 "Poto.
599 5838 653 5891 κ,
683 5822 735 5878 5.
798 5815 859 5895 _"
890 5811 1086 5885 Philip.
1112 5809 1259 5880 nt,6.
1335 5807 1381 5840 θ’
1406 5802 1610 5861 iorem.
1639 5797 1795 5870 1,18.

1875 1960 2160 2024 arguente,
2189 1964 2299 2003 non
2322 1947 2563 2001 valentes
2586 1942 2803 1997 cunctis
2828 1939 2897 1995 de
2920 1937 3140 1993 Christo
3164 1930 3466 2006 prophetiis

1878 2044 1957 2098 sic
1976 2040 2180 2113 apertis
2212 2051 2536 2109 repugnare.

1950 2155 2020 2210 Et
2086 2150 2374 2208 trademini
2423 2148 2650 2203 hostium
2703 2144 2947 2199 manibus
2995 2142 3133 2211 ejus.
3202 2137 3470 2194 Videlicet

1881 2242 2324 2316 intelligibilium.
2355 2238 2649 2308 Postquam
2684 2250 2742 2289 co
2755 2234 2997 2303 nfregero
3025 2228 3272 2285 baculum
3315 2226 3472 2296 panis

1881 2338 2060 2396 vestri.
2114 2331 2363 2388 liarescit
2432 2330 2582 2385 enim
2635 2324 2779 2397 apud
2802 2338 2911 2378 eos
2954 2320 3249 2377 doctoralis
3294 2316 3471 2388 panis,

1884 2430 2124 2490 maxime
2174 2424 2432 2483 salutaris
2501 2441 2515 2477 :
2562 2416 2840 2490 quomodo
2895 2409 3297 2469 autem‘IAudi
3345 2422 3471 2477 qua:

1886 2530 2193 2594 sequuntur
2233 2517 2364 2573 :Ita
2401 2525 2459 2569 ut
2507 2514 2685 2567 decem
2739 2507 2981 2562 mulieres
3022 2506 3078 2558 in
3120 2519 3223 2557 uno
3266 2500 3475 2554 clibano

1887 2590 2115 2688 coquant
2132 2627 2314 2683 panes,
2339 2615 2388 2663 et
2415 2605 2637 2661 reddant
2654 2617 2740 2656 eos
2763 2600 2832 2654 ad
2855 2598 3081 2668 pondus,
3104 2604 3153 2650 et
3170 2590 3475 2656 comedetis,

1889 2720 1939 2766 et
1963 2683 2083 2764 ἠοτι
2107 2698 2508 2761 saturabimini.
2547 2694 2695 2751 sum
2729 2692 2935 2747 habent
2975 2687 3177 2753 Judaei,
3206 2684 3350 2755 quod
3383 2683 3481 2739 do-

1891 2801 2129 2863 ctrinam
2183 2797 2331 2852 vires
2376 2790 2590 2848 habere
2655 2782 2937 2841 nutriendi
2989 2779 3175 2863 iaciat,
3236 2775 3484 2847 exceptis

1892 2860 2085 2953 decem
2125 2884 2437 2961 praeceptis,
2482 2880 2610 2952 quia
2639 2892 2827 2934 veram
2873 2860 3271 2946 prophetarum
3311 2881 3486 2938 espo-

1896 2957 2177 3050 sitionem,
2221 2986 2412 3050 utpote
2448 2971 2877 3032 concord-antem
2940 2963 3242 3022 Salvatotis
3308 2957 3486 3017 nostri

1899 3072 2295 3149 dispensationi
2340 3069 2583 3141 fugiunt.
2633 3063 2863 3132 Reliqua
2904 3069 3088 3114 autem
3119 3055 3256 3127 legis
3296 3052 3485 3109 nolunt

1903 3146 2317 3241 intelligibiliter
2345 3161 2620 3231 accipere,
2647 3171 2754 3210 nec
2786 3151 3144 3224 spiritualiter
3175 3146 3491 3217 suscipere:

1904 3265 1997 3320 sed
2021 3259 2326 3319 secundum
2348 3257 2581 3310 litteram
2602 3249 2796 3314 solam,
2820 3245 2967 3317 quod
2988 3254 3130 3299 stare
3155 3256 3264 3295 non
3293 3242 3488 3309 potest.

1906 3358 2167 3416 Primum,
2225 3350 2352 3422 quia
2396 3349 2550 3402 locus
2600 3343 2917 3399 destructus
2970 3345 3075 3403 est,
3118 3334 3174 3388 in
3204 3348 3314 3403 quo
3338 3336 3499 3386 erant

1905 3445 2187 3509 sacrificia,
2220 3455 2275 3496 et
2303 3437 2706 3499 mundationes,
2735 3440 2791 3488 et
2819 3429 3150 3491 oblationes,
3177 3436 3235 3481 et
3261 3423 3496 3492 reliqua,

1905 3553 2026 3610 qua:
2047 3535 2320 3607 pertinent
2345 3530 2411 3586 ad
2436 3528 2755 3582 servitutem
2782 3523 3001 3585 litterze,
3029 3517 3234 3572 deinde
3260 3514 3428 3571 multa
3445 3513 3503 3569 in

1907 3630 1988 3686 eis
2022 3635 2198 3690 erant,
2234 3638 2349 3680 non
2401 3630 2509 3676 tam
2552 3616 2759 3679 studio,
2800 3628 2965 3683 quam
2997 3609 3109 3663 risu
3143 3607 3327 3677 digna,
3357 3604 3503 3660 sicut

1910 3737 1996 3782 ea,
2029 3734 2151 3789 quae.
2179 3723 2312 3770 sunt
2343 3712 2412 3768 de
2439 3711 2591 3780 lepra
2623 3706 2918 3778 parietum,
2956 3701 3214 3764 trabium,
3244 3696 3501 3757 vestium,

1919 3825 2030 3864 non
2057 3821 2213 3861 arare
2243 3818 2368 3858 cum
2404 3801 2546 3855 hove
2582 3807 2638 3853 et
2666 3795 2918 3858 asino,et
2952 3790 3174 3853 similia,
3206 3802 3331 3858 qua:
3359 3785 3506 3855 lega-

1913 3904 2057 3958 libus
2088 3896 2473 3955 traditionibus
2506 3890 2883 3947 continentur.
2922 3886 3118 3941 Decem
3142 3888 3325 3939 autem
3348 3892 3508 3935 mau-

1916 3993 2166 4048 datorutn
2210 3988 2389 4041 littera
2424 3983 2571 4037 clara
2616 3985 2720 4042 est,
2767 3976 2931 4047 digna
2975 3973 3043 4029 ad
3084 3968 3512 4028 custodiendun

1918 4095 2080 4153 atque
2111 4077 2473 4152 npcrandum.
2501 4072 2615 4128 Nec
2637 4069 2974 4126 contrarium
3000 4074 3089 4121 est
3105 4062 3329 4119 Sabbati
3352 4076 3513 4116 man-

1920 4179 2135 4241 datum,
2179 4172 2309 4243 quia
2370 4169 2474 4225 etsi
2525 4165 2716 4221 decem
2761 4160 3036 4218 mandatis
3092 4158 3363 4213 insertum
3403 4160 3511 4218 est,

1922 4284 2033 4325 non
2084 4241 2266 4322 tamen
2305 4277 2375 4319 es
2401 4260 2484 4315 eis
2522 4265 2626 4313 est.
2667 4253 2726 4309 Si
2758 4268 2889 4324 ergo
2926 4249 3245 4306 mandatum
3276 4241 3520 4316 speciale

1927 4374 2196 4433 ponamus
2226 4374 2239 4413 :

2005 4472 2114 4543 Ego
2143 4485 2258 4522 sum
2296 4461 2547 4521 Dominus
2582 4460 2722 4515 heus
2744 4467 2887 4523 tuus,
2909 4455 3003 4526 qui
3022 4451 3182 4507 eduxi
3210 4460 3262 4504 te
3286 4449 3353 4503 de
3375 4455 3524 4501 term

1855 4560 1897 4614 D
1924 4542 2164 4634 Egypti,
2193 4562 2256 4613 de
2281 4559 2436 4611 domo
2468 4550 2738 4608 servitutis
2762 4589 2777 4615 ,
2810 4547 3117 4617 perfectum
3140 4542 3330 4596 decem
3361 4548 3522 4592 man-

1922 4660 2191 4715 datorum
2249 4662 2541 4706 uulnerum
2623 4642 2986 4698 inveniemus.
3066 4634 3278 4690 Dehinc
3334 4638 3527 4699 aperte
3582 4625 3587 4631 ’

1932 4748 2179 4820 requiem
2203 4739 2594 4812 intelligibilem
2616 4734 2909 4808 significat,
2937 4732 3116 4800 inqua
3140 4724 3354 4781 nullum
3384 4736 3529 4793 opus

1935 4819 2103 4911 hujus
2124 4835 2309 4892 mundi
2336 4834 2463 4888 licet
2497 4845 2603 4898 nos.
2645 4842 2828 4900 agere.
2860 4823 2986 4879 llme
3014 4837 3144 4892 ergo
3175 4819 3290 4873 sola
3322 4829 3521 4887 panem

1920 4920 2238 5005 operantur
2272 4924 2477 4997 populo
2505 4918 2841 4984 Iudaeorum,
2879 4916 2935 4970 in
2973 4914 3189 4969 clibano
3225 4925 3336 4965 uno
3367 4905 3525 4975 legali

1943 5000 2221 5083 videlicet,
2273 5025 2329 5073 et
2380 5014 2617 5071 reddunt
2666 5026 2765 5067 eos
2807 5008 2875 5064 ad
2920 5006 3135 5078 pondus
3186 5000 3530 5072 supradictas

1945 5130 2139 5192 panes,
2181 5112 2234 5169 id
2268 5119 2372 5177 est,
2423 5109 2489 5164 ad
2523 5103 2839 5161 sensibilem
2876 5097 3296 5156 districtioncm.
3337 5090 3529 5171 Reque

1926 5187 2078 5283 ergo
2120 5207 2350 5264 dilatant
2387 5199 2694 5259 doctrinam
2738 5194 2882 5250 sicut
2924 5187 3301 5259 Evangelium,
3344 5195 3527 5250 neque

1947 5301 2208 5361 adulterii
2258 5295 2563 5352 doctrinam
2614 5287 2913 5345 ostendunt
2946 5283 3013 5337 ad
3064 5276 3393 5335 custodiam.
3429 5287 3530 5326 nec

1920 5392 2273 5469 'respieiendi
2315 5387 2624 5449 mulierem,
2659 5396 2763 5436 nec
2798 5374 3098 5434 homicidii,
3143 5385 3251 5425 nec
3292 5367 3359 5421 ad
3395 5366 3531 5419 iras-

1950 5457 2209 5550 ceridum.
2239 5483 2397 5541 Unde
2451 5493 2557 5534 nec
2586 5477 2857 5532 satiantur
2897 5466 3217 5524 Judaeorum
3277 5457 3529 5531 panibus,

1942 5582 2036 5657 qui
2057 5595 2122 5638 es
2152 5579 2232 5636 eis
2247 5583 2380 5633 sunt
2397 5569 2615 5636 nutriti,
2636 5573 2841 5623 arctam
2883 5556 3173 5633 quamdam
3198 5550 3531 5623 doctrinam,
