3892 6428
485 321 506 387 1
523 316 615 397 151

1669 324 1997 388 HESYCHI
2003 325 2032 385 Ι
2068 323 2543 386 PRESBYTERI

3566 333 3666 402 lli?

479 435 729 504 n'hique
753 432 1054 490 habentem
1082 433 1367 503 ubertatis,
1405 434 1773 507 spiritalisque
1792 436 2064 508 largitatis
2096 441 2141 499 Α
2167 443 2327 491 erant
2358 434 2709 506 eaptivitates
2743 436 2981 507 experti,
3012 439 3289 512 multaque
3319 442 3506 513 ﬂagella
3527 460 3668 517 perm-

476 533 778 583 sumentes.

549 614 714 672 Vnus.
746 617 941 674 27-65.
983 638 1002 671 ε
1040 618 1135 674 Sin
1168 631 1349 675 autem
1375 635 1477 675 nec
1507 636 1605 692 per
1628 621 1743 677 haec
1775 622 2060 678 audieritis

479 720 591 773 me,
637 709 731 765 sed
781 711 1192 767 ambulaveritis
1221 720 1411 768 contra
1447 728 1558 780 me,
1587 723 1646 769 et
1666 730 1767 786 ego
1808 714 2058 770 incedam

479 798 773 856 adversum
795 817 890 858 vos
909 804 961 857 in
989 803 1173 858 furore
1207 819 1330 860 meo
1354 806 1647 873 contrario,
1686 816 1743 862 et
1768 808 2059 878 corripiam

478 906 578 948 vos
605 902 813 964 septem
877 896 1049 966 plagis
1099 905 1323 968 propter
1364 907 1582 967 peccata
1639 910 1841 963 vestra,
1904 902 1976 955 ita
2004 909 2062 955 ut

478 987 776 1042 comedetis
814 1005 1032 1044 carnem
1086 988 1318 1045 ﬁliorum
1357 999 1682 1058 vestrorum,
1726 1001 1782 1047 et
1826 992 2058 1047 ﬁliarum

480 1086 803 1134 vestrarum.
848 1081 1133 1137 Destruam
1189 1083 1404 1138 excelsa
1444 1093 1621 1138 vestra
1664 1094 1720 1139 et
1768 1086 2059 1142 simulacra

477 1169 835 1242 confringam.
875 1173 1093 1229 Cadetis
1127 1175 1271 1230 inter
1310 1175 1494 1230 ruinas
1539 1177 1807 1233 idolorum
1850 1190 2061 1234 vestro-

476 1276 619 1326 rum.
665 1270 721 1317 et
759 1265 1165 1321 abominabitur
1196 1282 1294 1335 vos
1334 1267 1516 1322 anima
1549 1284 1690 1332 mea,
1736 1270 1791 1325 in
1823 1278 2057 1335 tantum,

477 1360 539 1406 ut
569 1354 732 1410 urbes
763 1366 972 1411 vestras
1000 1359 1239 1426 redigam
1270 1358 1323 1412 in
1353 1357 1725 1425 solitudinem,
1762 1370 1816 1416 ct
1841 1361 2060 1417 deserta

477 1442 672 1500 faciam
726 1449 1037 1502 sanctuaria
1096 1458 1301 1512 vestra,
1359 1466 1463 1504 nee
1511 1451 1768 1522 recipiam
1836 1453 2059 1509 odorem

478 1534 617 1588 ultra
657 1535 1064 1600 suaviSsimum,
1103 1537 1520 1609 dtsperdamque
1551 1548 1749 1595 terram
1796 1552 2057 1609 vestram,

477 1634 534 1681 et
562 1627 859 1696 stupebunt
887 1644 1052 1698 super
1074 1645 1198 1684 eam
1227 1630 1433 1686 inimici
1465 1633 1654 1698 vestri,
1685 1649 1809 1688 cum
1848 1631 2059 1691 habita-

479 1728 625 1774 tores
651 1719 793 1774 illius
822 1719 1045 1775 fuerint.
1066 1721 1174 1778 Vos
1203 1732 1386 1777 autem
1413 1723 1718 1796 dispergam
1748 1725 1803 1779 in
1837 1736 2055 1798 gentes,

475 1818 532 1863 et
559 1810 857 1880 evaginabo
878 1817 1003 1881 post
1037 1827 1132 1866 vos
1153 1812 1415 1883 gladium,
1453 1814 1667 1884 eritque
1695 1822 1838 1871 terra
1874 1827 2056 1874 vestra

477 1899 713 1958 deserta.
758 1912 813 1953 et.
858 1900 1105 1956 civitates
1139 1901 1355 1958 dirutae.
1389 1903 1545 1959 Tunc
1575 1905 1866 1975 placebunt
1900 1916 2058 1965 terra:

478 1990 702 2046 sabbata
736 2007 832 2045 sua
860 1993 1073 2048 cunctis
1097 1993 1291 2048 diebus
1312 1995 1624 2051 solitudinis
1673 2012 1804 2065 sum,
1838 2001 2058 2070 quando

477 2080 782 2149 lueritisjn
821 2092 964 2138 terra
1011 2084 1217 2139 hostili.
1266 2076 1637 2143 Sabbatizabit
1663 2098 1718 2144 et
1751 2090 2059 2160 requiescet

474 2174 532 2226 in
564 2174 802 2229 sabbatis
827 2175 1142 2230 solitudinis
1171 2192 1304 2241 sum,
1337 2193 1403 2233 eo
1425 2181 1568 2249 quod
1594 2197 1703 2236 non
1728 2183 2059 2252 requieverit

478 2262 740 2321 Sabhatis
788 2268 1003 2335 vestris,
1040 2268 1262 2339 quando
1300 2268 1617 2326 habitabilis
1668 2273 1723 2327 in
1753 2289 1837 2329 ea.
1872 2272 1934 2329 Et
1964 2275 2055 2344 qni

470 2356 540 2410 de
594 2357 747 2411 vobis
783 2359 1167 2425 remanserint,
1217 2360 1360 2415 dabo
1402 2375 1660 2430 pavorem
1711 2363 1765 2417 in
1802 2365 2059 2420 cordibus

471 2464 662 2503 eorum
697 2465 709 2502 :
744 2449 797 2502 in
848 2450 1163 2520 regionibus
1195 2450 1437 2505 hostium
1466 2453 1693 2509 terrebit
1726 2469 1821 2508 vos
1846 2455 2059 2509 sonitus

472 2537 586 2592 folii
620 2539 872 2604 volantis,
901 2551 958 2594 et
986 2540 1057 2594 ita
1086 2539 1302 2612 fugient
1352 2544 1507 2611 quasi
1553 2543 1812 2613 gladium.
1850 2544 2059 2600 Cadent

471 2629 624 2683 nullo
666 2644 954 2700 sequente,
1000 2640 1056 2686 et
1088 2641 1350 2687 corruent
1393 2633 1591 2703 singuli
1634 2651 1801 2705 super
1839 2637 2054 2702 fratres,

470 2721 626 2790 quasi
646 2722 780 2776 bella
807 2721 1100 2793 fugientes.
1115 2724 1288 2779 Nemo
1317 2733 1558 2779 vestrum
1578 2725 1815 2783 inimicis
1837 2728 2059 2783 audebit

472 2815 748 2870 resistere.
788 2814 1041 2872 Peribitis
1071 2818 1215 2872 inter
1228 2826 1439 2889 gentes,
1474 2829 1527 2874 et
1553 2821 1768 2877 hostilis
1787 2836 1880 2877 vos
1910 2831 2054 2877 terra

473 2916 780 2963 consumet.
834 2908 991 2975 Quod
1045 2911 1089 2965 si
1118 2919 1172 2965 et
1213 2912 1282 2966 de
1313 2912 1397 2966 his
1445 2913 1613 2984 aliqui
1668 2916 2052 2981 remanserint,

474 3000 755 3055 tabescent
790 3001 845 3055 in
876 3001 1255 3072 iniquitatibus
1285 3004 1419 3071 suis,
1449 3005 1503 3059 in
1536 3015 1674 3060 terra
1704 3005 2049 3062 inimicorum

2163 526 2362 593 lerant,
2405 526 2500 581 sed
2540 542 2604 581 ea
2630 542 2753 597 quae
2788 544 2937 584 nunc
2976 544 3076 600 per
3110 544 3291 603 partes
3316 534 3459 600 dicit,
3481 538 3540 593 ad
3557 539 3668 599 illam

2161 618 2529 689 captivitatem
2573 621 2872 690 pertinent,
2917 638 3040 693 qua:
3076 635 3297 696 propter
3317 626 3618 698 iniquitatem
3634 638 3673 691 in

2160 708 2379 765 Christo
2410 710 2781 778 commissam,
2813 729 2844 767 a
2875 712 3137 772 Romanis
3171 717 3593 790 depopulantibus
3618 727 3676 782 eis

2160 803 2410 876 centigit.
2436 803 2735 876 Cognoscis
2761 814 2968 873 autem,
2998 809 3042 863 si
3067 809 3326 866 subtilius
3343 828 3494 869 nosse
3527 817 3596 870 vis
3614 834 3677 881 ea,

2159 909 2282 964 qua:
2319 893 2399 949 eis
2428 905 2752 961 evenerunt,
2795 911 2860 951 ex
2888 896 3110 968 Josepbi
3156 899 3397 966 historia,
3428 902 3478 955 in
3502 919 3591 974 qua
3610 922 3678 963 eos

2160 994 2216 1041 et
2243 986 2383 1042 ﬁlios
2426 987 2753 1053 comedisse,
2795 998 2850 1043 et
2877 989 3085 1059 reliqua
3118 992 3463 1061 praesentium
3500 1000 3679 1052 commi-

2161 1077 2449 1131 nationum
2501 1077 2831 1134 sustinuisse
2880 1080 3197 1152 descripsit,
3223 1098 3450 1153 quorum
3500 1086 3684 1154 plurima

2160 1169 2323 1223 etiam
2358 1184 2506 1224 nunc
2547 1170 2751 1225 nostris
2778 1170 2846 1226 ad
2871 1173 3207 1228 cernendum
3238 1173 3477 1243 adiacent
3502 1177 3683 1236 visibus.

2164 1258 2385 1314 Deserta
2406 1274 2594 1314 eorum
2621 1268 2787 1328 terra,
2838 1261 3091 1318 civitates
3136 1263 3456 1334 deprtedatae
3475 1266 3536 1321 ab
3557 1268 3686 1323 hosti-

2161 1351 2283 1419 bus,
2324 1351 2565 1430 desolata
2594 1352 2873 1422 provincia
2903 1353 3118 1425 ipsique
3159 1342 3557 1427 peregrinantes
3576 1362 3685 1430 apud

2162 1427 2415 1497 inimicos
2432 1457 2561 1496 suos
2585 1442 2835 1519 gentiles,
2866 1458 2991 1498 cum
3021 1453 3171 1498 metu
3203 1443 3483 1500 continuo.
3510 1446 3687 1504 Verum-

2163 1543 2345 1588 tamen
2389 1534 2847 1605 quemadmodum
2902 1550 3013 1589 non
3067 1535 3245 1591 solum
3286 1535 3392 1591 hoc
3438 1542 3685 1596 secundum

2161 1628 2395 1683 litteram
2419 1629 2660 1699 perpessi
2679 1637 2830 1691 sunt,
2850 1627 2943 1683 sed
2965 1628 3032 1683 ad
3060 1628 3235 1698 ipsam
3254 1628 3686 1688 considerationem

2161 1719 2405 1791 spiritus,
2446 1719 2736 1789 dupliciter
2775 1720 2922 1774 enim
2971 1728 3285 1790 peccantes,
3320 1721 3374 1775 in
3400 1721 3523 1793 legis
3554 1731 3688 1780 trans-

2159 1810 2458 1881 gressione,
2510 1820 2566 1866 et
2606 1810 2931 1881 legislatoris
2992 1810 3357 1881 blasphemia,
3409 1812 3625 1883 duplices
3652 1827 3689 1871 et

2159 1917 2349 1973 poenas
2385 1910 2535 1958 recte
2567 1902 2868 1972 patiuntur,
2899 1901 3043 1972 quod
3074 1904 3179 1957 hoc
3211 1904 3374 1959 modo
3402 1904 3560 1961 disce.
3597 1910 3690 1962 Am-

2158 1994 2485 2049 bulaverunt
2535 2009 2657 2049 cum
2703 1993 2946 2059 Christo,
2981 2009 3047 2048 ex
3095 1994 3331 2049 adverso
3367 1996 3691 2053 subvertentes

2158 2084 2419 2140 miracula
2474 2085 2615 2154 eius,
2649 2093 2704 2139 et
2759 2083 2829 2140 de
2876 2084 3125 2139 doctrina
3181 2084 3310 2153 ejus
3353 2085 3687 2143 detrahentes:

2159 2193 2285 2232 cum
2326 2194 2424 2248 per
2464 2176 2729 2232 invidiam
2790 2176 3208 2240 insidiarentur,
3276 2188 3522 2247 tanquam
3546 2188 3693 2234 contra

2164 2266 2329 2319 licunt
2375 2272 2626 2335 agentem
2670 2263 2841 2319 divini
2888 2264 3094 2319 amoris
3138 2263 3431 2320 Doctorem
3482 2264 3694 2321 fallaciter

2158 2356 2495 2411 asserebant.
2541 2355 2648 2410 Sed
2689 2364 2743 2410 et
2776 2355 2893 2426 ipse
2936 2357 2991 2409 in
3032 2355 3112 2410 ira
3157 2357 3242 2411 eis
3272 2372 3339 2412 ex
3386 2359 3594 2414 adverso
3617 2360 3693 2414 hoc

2160 2446 2321 2500 modo
2350 2461 2485 2502 usus
2536 2455 2621 2501 est
2661 2466 2673 2501 :
2709 2448 2835 2517 quia
2866 2447 3013 2502 enim
3042 2448 3318 2517 judicium
3351 2448 3473 2513 fuit,
3497 2460 3547 2505 et
3572 2466 3693 2520 poena

2160 2537 2464 2593 commissa:
2501 2537 2555 2592 in
2583 2553 2649 2593 eo
2681 2538 2983 2608 iniquitatis
3021 2540 3341 2610 captivitas,
3373 2557 3528 2613 quam
3570 2543 3691 2598 susti-

2160 2638 2400 2684 nuerunt
2439 2645 2452 2681 :
2492 2644 2652 2699 quam
2697 2645 2807 2683 non
2836 2639 3015 2685 tamen
3065 2630 3443 2702 pr0pterrhoc
3474 2631 3694 2687 Romanos

2161 2720 2361 2776 inferre
2384 2720 2532 2788 fecit,
2554 2721 2788 2776 necdum
2809 2722 2956 2776 enim
2976 2723 3095 2792 ejus
3114 2722 3468 2779 vindicabant
3483 2725 3691 2796 gloriam:

2159 2813 2253 2869 sed
2285 2812 2559 2882 quomudo
2587 2812 2677 2882 qui
2705 2829 2896 2868 eorum
2941 2813 3172 2884 imperio
3224 2815 3567 2883 resistebant,
3599 2832 3692 2872 cum

2158 2905 2369 2977 pridem
2390 2906 2679 2961 collatores
2694 2922 2881 2960 eorum
2905 2905 3160 2972 fuissent,
3182 2909 3509 2979 tributisque
3528 2924 3695 2972 eorum,

2161 3007 2215 3052 et
2272 2997 2504 3069 legibus,
2567 3006 2729 3067 atque
2782 2998 3190 3069 magistratibus
3234 3000 3587 3056 obedientes:
3627 3000 3699 3054 sed

471 3107 717 3151 suorum,
750 3101 807 3148 et
849 3101 1069 3163 propter
1098 3103 1316 3164 peccata
1349 3105 1564 3167 patrum
1612 3114 1836 3153 suorum
1882 3108 1937 3154 et
1957 3114 2056 3153 sua
2084 3105 2127 3163 ο
2159 3091 2400 3147 furorem
2436 3106 2506 3146 ex
2541 3091 2772 3146 adverso
2816 3105 3079 3147 exercens
3121 3092 3394 3149 adversus
3438 3108 3527 3148 eos
3568 3092 3692 3153 Deus.

471 3182 797 3255 aﬂligentur,
843 3183 1019 3240 donec
1060 3186 1426 3243 conﬁteantur
1461 3189 1779 3260 iniquitates
1823 3206 1970 3256 suas,
1998 3200 2054 3245 et

473 3276 742 3346 majorum
786 3291 1032 3343 suorum,
1083 3279 1283 3349 quibus
1325 3281 1664 3350 praevaricati
1714 3289 1843 3338 sunt
1886 3283 1943 3337 in
1966 3299 2053 3338 me

472 3376 532 3422 et
560 3366 978 3423 ambulaverunt
1005 3384 1071 3423 ex
1111 3369 1340 3424 adverso
1367 3370 1523 3425 mihi.
1555 3371 1861 3437 Ambulabo
1892 3372 2057 3442 igitur

472 3467 529 3512 et
547 3473 649 3529 ego
661 3466 844 3513 contra
861 3473 977 3525 eos,
994 3468 1047 3512 et
1062 3459 1316 3514 inducam
1341 3460 1461 3517 illos
1477 3462 1531 3515 in
1555 3469 1756 3517 terram
1780 3463 2053 3531 hostilem,

473 3551 651 3606 donec
697 3551 982 3607 erubescat
1027 3551 1408 3608 iucircumcisa
1454 3570 1611 3610 mens
1652 3570 1865 3610 eorum.
1902 3557 2058 3613 Tune

473 3642 707 3696 orabunt
750 3658 849 3712 pro
891 3642 1264 3714 impietatibus
1307 3645 1442 3707 suis,
1489 3653 1548 3701 et
1582 3647 1914 3703 recordabor
1959 3649 2058 3705 foe-

475 3734 622 3789 deris
678 3733 806 3793 mei.
861 3734 1007 3804 quod
1059 3735 1236 3807 pepigi
1266 3751 1391 3791 cum
1438 3735 1626 3802 Jacob,
1681 3746 1736 3793 et
1787 3739 1954 3805 Isaac,
2002 3748 2058 3795 et

477 3823 750 3879 Abraham
790 3842 804 3877 :
857 3833 1013 3879 teme
1062 3840 1281 3897 quoque
1334 3842 1549 3883 memor
1590 3846 1708 3897 ero,
1763 3847 1886 3900 quae
1931 3847 2054 3886 cum

477 3917 661 3972 relicta
711 3916 876 3972 fuerit
919 3918 988 3973 ab
1019 3920 1121 3983 eis,
1152 3920 1516 3989 complacebit
1565 3923 1667 3978 sibi
1718 3924 1773 3977 in
1814 3924 2057 3979 sabbatis

475 4009 609 4072 suis,
663 4010 878 4080 patiens
919 4010 1272 4068 solitudinem
1311 4020 1536 4083 propter
1571 4013 1711 4069 illos.
1758 4014 1863 4084 Ipsi
1923 4030 2056 4070 vero

428 4098 431 4101 ’
474 4103 743 4174 rogabunt
788 4117 889 4172 pro
935 4104 1172 4173 peccatis
1221 4104 1355 4169 suis,
1405 4119 1472 4159 eo
1522 4106 1668 4174 quod
1729 4107 2047 4177 abjeeerant

472 4192 674 4261 judicia
724 4208 866 4257 mea,
907 4202 961 4247 et
997 4194 1145 4262 leges
1173 4209 1325 4249 meas
1357 4194 1747 4265 despexerunt.
1795 4199 2050 4252 Attamen

477 4300 603 4339 cum
649 4294 835 4339 essent
877 4283 1104 4339 interra
1152 4285 1484 4349 hostili,non
1513 4287 1731 4358 penitus
1759 4289 1931 4357 abieci
1962 4306 2056 4347 eos

479 4389 661 4443 neque
695 4375 773 4429 sic
811 4375 1053 4444 despexi,
1099 4384 1159 4431 ut
1200 4388 1677 4443 consumerentur,
1734 4389 1790 4434 et
1836 4381 2052 4437 irritum

2157 3181 2541 3254 superiuduxit
2582 3191 2773 3239 contra
2814 3197 2911 3238 eos
2956 3182 3114 3251 iram,
3140 3194 3201 3239 ut
3240 3184 3595 3247 vindicaretur
3626 3199 3696 3254 per

2157 3275 2527 3331 Romanorum
2548 3273 2857 3344 imperium,
2880 3282 3139 3346 tanquam
3163 3276 3345 3347 ipsius
3363 3275 3699 3347 prmdicatores

2157 3366 2515 3432 exstitissent,
2534 3375 2589 3421 et
2605 3367 2872 3435 corripuit
2888 3381 2984 3423 eos
3004 3375 3215 3438 septem
3234 3368 3434 3440 plagis,
3451 3365 3699 3422 secundum

2156 3468 2381 3529 peccata
2417 3474 2630 3525 eorum,
2661 3460 3033 3532 multiplicans
3062 3476 3257 3515 eorum
3292 3476 3504 3531 pmnas.
3530 3459 3587 3513 Et
3614 3472 3693 3511 non

2157 3566 2269 3607 uno
2295 3551 2457 3607 modo
2474 3550 2790 3616 vindicavit,
2825 3552 2951 3622 quia
2974 3568 3076 3607 nec
3102 3552 3206 3624 ipsi
3251 3569 3366 3607 uno
3390 3554 3696 3623 peccaverunt

2158 3643 2321 3700 modo
2354 3661 2367 3698 :
2403 3642 2499 3698 sed
2531 3650 2587 3698 et
2620 3657 2816 3698 carnes
2862 3643 3097 3698 ﬁliorum
3140 3659 3370 3699 suorum
3422 3652 3477 3722 et
3511 3641 3694 3696 ﬁliarum

2158 3751 2378 3790 suarum
2435 3734 2745 3802 comedent,
2796 3734 2850 3790 id
2895 3743 3000 3801 est,
3058 3736 3362 3806 discipulos
3417 3750 3554 3797 suos,
3596 3746 3695 3802 quos

2158 3829 2313 3899 quasi
2350 3828 2403 3882 in
2440 3826 2582 3883 ﬁlios
2610 3828 2710 3884 sibi
2740 3835 3050 3895 assumunt,
3076 3828 3144 3884 ad
3170 3831 3424 3885 eamdem
3447 3826 3695 3883 doctrinam

2160 3921 2338 3977 verbis
2382 3921 2615 3988 callidis,
2659 3921 3010 3992 animamque
3058 3922 3510 3977 subvertentibus
3557 3934 3695 3975 come-

2159 4015 2371 4070 tlentes.
2411 4013 2517 4068 Sed
2567 4022 2620 4069 et
2653 4014 2869 4068 excelsa
2904 4028 3097 4069 eorum
3131 4014 3200 4069 ad
3230 4015 3511 4071 desertum
3536 4011 3693 4083 perdu-

2160 4105 2256 4170 xit,
2301 4112 2357 4159 et
2392 4104 2683 4160 simulacra
2722 4103 3017 4174 confregit.
3062 4102 3288 4160 Excelsa
3328 4106 3526 4175 quippe
3553 4114 3694 4157 eorum

2160 4196 2436 4268 principes
2478 4204 2535 4251 et
2576 4196 2850 4262 ductores,
2893 4211 3031 4265 quos
3079 4195 3456 4262 intendentes,
3502 4194 3625 4251 sicut
3657 4192 3694 4243 in

2159 4288 2382 4344 sublimi
2414 4288 2763 4354 constitutos,
2796 4288 2880 4342 vel
2911 4289 3054 4343 sicut
3098 4286 3269 4355 LXX,
3302 4294 3529 4354 statuas,
3570 4285 3695 4341 vitam

2160 4395 2315 4437 suam
2351 4395 2683 4451 componere
2730 4379 3057 4435 debuerunt.
3104 4379 3212 4436 Sed
3238 4382 3372 4451 quia
3414 4380 3541 4435 nihil
3572 4376 3694 4432 habe-

479 4463 717 4518 facerem
762 4471 979 4534 pactum
1038 4481 1220 4521 meum
1266 4481 1393 4521 cum
1446 4467 1546 4523 eis.
1580 4467 1692 4540 Ego
1721 4470 1868 4525 enim
1929 4487 2050 4527 sum
2093 4445 2134 4499 θ
2163 4470 2297 4525 bant
2333 4484 2552 4537 sanum,
2605 4484 2784 4540 neque
2824 4467 2984 4535 forte,
3040 4468 3135 4525 sed
3189 4470 3407 4526 inﬁrma
3460 4467 3640 4531 omnia,
3658 4474 3696 4517 ct

482 4555 742 4612 Dominus
782 4558 926 4613 Deus
966 4567 1277 4625 eorum,,et
1311 4559 1641 4614 recordabor
1673 4560 1896 4617 foederis
1942 4563 2052 4618 mei

480 4647 713 4719 pristini,
756 4650 1015 4720 quoniam
1063 4651 1226 4707 eduxi
1265 4666 1362 4707 eos
1411 4651 1478 4706 de
1538 4661 1682 4709 terra
1726 4653 1968 4725 IEgypti,
2001 4654 2054 4709 in

478 4752 777 4812 conspectu
824 4743 1093 4813 gentium,
1143 4750 1203 4797 ut
1251 4757 1429 4799 essem
1482 4739 1627 4798 Deus
1669 4758 1879 4800 eorum.
1947 4745 2058 4818 Ego

482 4832 745 4888 Dominus
772 4832 935 4888 Deus.
983 4853 1003 4887 ι

551 4925 688 4990 Quia
731 4941 841 4981 non
880 4927 1053 4982 solum
1095 4926 1369 4999 legislator
1410 4926 1640 5001 Moyses,
1671 4931 1765 4987 sed
1802 4930 1969 4987 etiam
2007 4940 2062 4987 et

480 5017 745 5088 propheta
782 5026 917 5094 erat,
964 5020 1079 5089 ipse
1117 5020 1532 5085 demonstravit,
1564 5022 1632 5077 de
1680 5022 1900 5081 Christo
1932 5038 2062 5094 spe-

478 5109 693 5165 cialiter
744 5111 1079 5181 prophelans
1141 5111 1227 5167 his
1281 5113 1464 5171 verbis
1497 5130 1519 5171 :
1555 5112 1875 5183 Prophetam
1921 5116 2061 5170 vobis

478 5188 750 5257 susei‘tabit
797 5202 1052 5257 Dominus
1094 5204 1159 5257 de
1196 5205 1449 5274 fratribus
1493 5207 1699 5270 uestris,
1744 5207 1880 5260 sicut
1906 5223 1986 5261 me
2017 5208 2057 5261 ¹.

481 5292 628 5349 Bene
668 5301 847 5348 anteis
891 5293 993 5348 sibi
1037 5292 1240 5349 Christi
1285 5294 1698 5351 similitudinem
1743 5297 2062 5363 custodivit,

480 5384 573 5456 qui
596 5395 795 5454 praeter
822 5386 948 5448 alia,
984 5385 1039 5439 in
1062 5386 1264 5456 quibus
1292 5386 1711 5454 similitudinem
1758 5387 1880 5458 ejus
1907 5404 2066 5459 gere-

481 5475 596 5543 bat,
629 5476 1087 5545 quemadmodum
1127 5476 1394 5532 Dominus
1422 5476 1490 5531 de
1537 5475 1644 5531 ﬁne
1684 5476 1872 5532 mundi
1904 5478 2063 5543 dixit,

484 5565 559 5623 ita
592 5575 649 5623 et
696 5567 783 5623 hic
806 5584 893 5632 ea,
915 5584 1036 5638 quae
1074 5567 1260 5625 futura
1300 5578 1458 5624 erant
1486 5569 1687 5641 populo
1729 5570 2063 5637 Judacorum,

484 5653 542 5712 in
576 5658 829 5729 pratsenti
876 5659 992 5730 lege
1026 5660 1369 5733 conscripsit.
1425 5660 1620 5719 Multas
1663 5662 1930 5734 siquidem
1977 5664 2066 5720 fu-

560 5793 576 5824 ¹
613 5790 775 5851 Deut.
801 5810 957 5863 xvtu,
990 5796 1075 5851 15.

2165 4561 2536 4632 corruptibilia
2570 4560 2783 4616 virtutis
2831 4561 3131 4628 schemata,
3162 4571 3219 4618 ct
3251 4557 3581 4626 imitationis,
3609 4571 3695 4627 qum

2169 4660 2413 4721 tempore
2451 4659 2881 4722 corrumpuntur
2906 4656 3071 4720 atque
3100 4659 3452 4721 putrescunt,
3499 4650 3622 4704 unde
3660 4653 3696 4696 et

2164 4740 2307 4809 apud
2338 4737 2500 4805 LXX,
2528 4739 2700 4811 lignea
2730 4741 3037 4811 manufacta
3083 4740 3410 4796 dicebantur
3443 4761 3456 4796 :
3487 4736 3697 4795 desolavit

2163 4845 2250 4898 ea,
2290 4847 2526 4904 arguens
2574 4847 2756 4887 coram
2811 4849 2976 4889 unam
3036 4833 3377 4904 hypocrisin,
3424 4848 3539 4888 eum
3599 4827 3697 4898 ipsis

2163 4931 2345 4979 autem
2376 4932 2432 4980 et
2459 4924 2770 4994 populares,
2794 4924 2885 4995 qui
2920 4922 3001 4982 eis
3034 4924 3416 4980 intendebant.
3454 4922 3696 4988 Posuitque

2162 5015 2423 5073 cadavera
2454 5030 2642 5071 eorum
2668 5016 2812 5070 inter
2846 5016 3034 5072 ruinas
3070 5015 3342 5072 idolorum
3388 5015 3629 5086 ipsorum.
3655 5007 3690 5060 ἱιΙ

2162 5116 2267 5175 est,
2318 5111 2562 5164 membra
2590 5109 2802 5179 populi,
2839 5119 2894 5164 et
2923 5110 3167 5164 actiones
3218 5120 3552 5163 eoacervans
3573 5112 3697 5170 super

2164 5199 2407 5255 actiones
2466 5198 2735 5254 idolorum
2812 5200 3079 5270 ipsorum,
3138 5197 3528 5253 Phariszrornm
3572 5202 3694 5258 atque

2169 5290 2522 5357 Scribarum,
2564 5292 2764 5361 quibus
2807 5291 2951 5346 sicut
3003 5290 3161 5345 idolis
3217 5289 3525 5351 utebantur,
3569 5282 3694 5337 relin-

2165 5391 2396 5455 quentes
2424 5381 2614 5449 Deum,
2644 5392 2698 5436 et
2733 5383 3001 5439 idolorum
3024 5382 3431 5438 seductionibus
3454 5373 3693 5434 intenden-

2168 5482 2274 5538 tes,
2305 5484 2594 5546 propterea
2625 5474 2702 5528 ait
2731 5491 2742 5527 :

2238 5566 2641 5622 Abominabitur
2688 5582 2776 5620 vos
2807 5565 2991 5620 anima
3045 5582 3184 5621 mea.
3237 5564 3367 5631 Quae
3391 5563 3414 5617 *ἶ
3439 5573 3580 5632 quam
3620 5564 3690 5622 pro

2169 5661 2331 5719 nobis
2401 5659 2604 5732 posuit,
2673 5668 2731 5714 ut
2784 5674 2883 5714 nos
2944 5658 3010 5715 dc
3088 5659 3350 5715 servitute
3402 5652 3691 5726 peccatorum
