3892 6436
138 408 291 476 li53

1258 414 1340 473 IN
1378 410 1822 475 LEVITICUM.
1864 434 1929 448 -
1969 411 2119 473 LIB.
2157 414 2293 475 VII.

3300 419 3437 483 1154

131 524 347 577 mortis
388 522 707 578 redimeret.
739 521 867 576 llaec
913 537 1043 593 ergo
1071 520 1292 578 Iudaeos
1326 522 1756 588 abominabitur,
1789 529 1834 581 Α
1865 524 2072 577 sonitus
2141 524 2259 594 folii
2335 522 2587 578 volantis.
2660 524 2940 596 Quotquot
3014 526 3163 581 enim
3216 544 3284 582 ex
3353 531 3445 587 eis

135 613 395 683 atquein
430 621 758 684 perpetuum
803 627 899 667 eos
936 621 1243 681 aversatur,
1287 614 1411 683 quia
1440 613 1561 684 ejus
1584 628 1743 683 opus,

107 714 419 774 quantum
445 705 511 758 ad
531 720 628 759 eos
669 704 956 774 pertinuit,
989 706 1056 759 ad
1084 705 1301 759 irritum
1348 704 1761 775 perduxerunt,

138 812 478 852 concessum
530 814 631 867 per
701 813 821 852 eam
872 798 1079 852 donum
1136 803 1456 850 renuentes.
1516 794 1747 865 Propter

136 891 297 957 quod
333 891 501 945 urbes
544 906 735 945 eorum
759 890 970 960 redegit
1019 889 1075 943 in
1104 888 1479 955 solitudinem,
1510 887 1749 958 fecitque

136 982 367 1036 deserta
398 982 716 1037 sanctuaria
743 1000 757 1047 ;
784 983 995 1036 nullum
1023 981 1172 1037 enim
1211 980 1499 1049 inveniunt
1526 981 1596 1036 de
1620 996 1748 1052 pro-

134 1073 391 1141 pheticis
420 1072 576 1127 libris
611 1072 875 1133 fructum.
905 1088 1086 1143 neque
1105 1073 1345 1143 aliquam
1370 1072 1594 1128 studere
1615 1088 1746 1128 san-

135 1164 472 1218 ctimoniam
506 1163 710 1219 valent.
741 1163 855 1219 Nec
875 1164 1072 1236 recipit
1092 1165 1314 1221 odorem
1336 1165 1745 1230 suavissimum,

136 1272 253 1311 nec
295 1259 530 1328 suscipit
557 1274 748 1313 eorum
779 1259 1112 1325 orationem,
1137 1259 1516 1329 disperditque
1541 1266 1745 1313 terram

133 1362 368 1413 eorum,
402 1362 570 1402 omne
609 1356 770 1403 vetus
813 1356 1227 1412 testamentum,
1262 1362 1372 1403 non
1403 1348 1530 1419 quia
1567 1348 1746 1418 ipsum

132 1455 204 1494 ex
241 1450 364 1496 toto
409 1440 753 1511 deSpoIiavit,
785 1442 883 1497 sed
932 1442 1040 1499 illis
1066 1442 1368 1497 desolatam
1427 1450 1484 1496 et
1538 1440 1746 1496 invium

133 1531 303 1585 fecit.
354 1531 614 1587 llabitare
671 1543 858 1588 autem
899 1533 954 1587 in
1003 1549 1067 1588 ea
1108 1534 1238 1589 fecit
1272 1542 1483 1606 gentes,
1522 1540 1749 1603 propter

129 1624 297 1694 quod
323 1624 440 1678 ait:

208 1713 515 1783 Stupebant
540 1732 698 1784 super
734 1733 852 1771 eam
907 1717 1110 1770 inimici
1159 1716 1340 1781 uestri,
1383 1733 1502 1771 cum
1536 1716 1751 1772 habita-

131 1816 290 1862 tores
341 1808 489 1862 illius
520 1810 740 1879 fuerint.
793 1809 997 1864 Gentes
1044 1809 1310 1879 siquidem
1349 1809 1585 1865 inimicae
1620 1817 1750 1865 sunt

132 1896 492 1965 Judtcorum,
537 1899 665 1969 quia
708 1899 785 1952 illi
856 1900 1146 1971 elegerunt
1183 1899 1501 1954 inimicitias
1544 1899 1748 1954 habere

135 2005 277 2044 cum
314 1990 450 2054 Deo,
488 1999 545 2045 et
592 2005 717 2045 cum
748 1990 855 2046 illis
897 2006 1035 2061 quos
1066 1989 1264 2046 Paulus
1288 1991 1538 2048 inimicos
1566 1991 1748 2046 crucis

132 2081 355 2137 Christi
388 2092 566 2138 vocat.
616 2083 879 2138 Ilabitant
945 2092 1129 2139 autem
1158 2085 1212 2138 in
1238 2083 1553 2139 Judatorum
1581 2092 1744 2150 terra,

136 2176 196 2229 in
233 2176 418 2229 veteri
442 2186 796 2240 testamento,
826 2185 883 2231 et
917 2176 1225 2232 habitantes
1245 2184 1571 2247 stupescunt
1595 2191 1744 2244 eum,

132 2268 240 2338 qui
270 2268 328 2322 in
376 2268 494 2341 lege
522 2279 580 2325 et
608 2268 897 2340 prophetis
933 2270 1061 2325 talia
1086 2270 1302 2325 locutus
1326 2278 1432 2326 est.
1466 2268 1573 2337 Qui
1621 2270 1747 2327 vitm

132 2357 259 2415 illic
293 2359 549 2416 fundavit
569 2362 818 2424 exordia,
855 2362 1082 2433 insuper
1106 2363 1182 2417 ait
1210 2380 1223 2416 :

218 2453 322 2508 Vos
352 2462 532 2508 autem
566 2454 870 2525 dispergam
903 2456 959 2508 in
988 2464 1186 2525 gentes.
1214 2455 1334 2510 Non
1365 2455 1544 2510 solum
1570 2455 1748 2511 sensi-

129 2543 239 2599 bili
287 2545 395 2598 hac
440 2544 811 2614 dispersione,
865 2547 962 2602 sed
997 2556 1052 2602 et
1110 2547 1460 2619 intelligibili.
1494 2546 1627 2614 Quae
1675 2549 1750 2604 sit

128 2644 334 2690 autem
368 2636 508 2704 haec,
534 2637 703 2692 disce.
732 2636 803 2691 Et
856 2639 1149 2711 evaginabo
1198 2650 1312 2708 post
1350 2657 1439 2695 vos
1485 2640 1745 2710 gladium,

128 2728 358 2799 eritque
400 2742 546 2783 terra
589 2739 765 2784 vestra
797 2730 1009 2785 deserta
1046 2741 1095 2785 et
1131 2733 1366 2787 civitates
1395 2733 1605 2788 dirutae.
1653 2730 1747 2787 Dei

129 2821 295 2876 enim
328 2821 579 2887 verbum,
618 2824 765 2893 quod
794 2833 879 2879 est
928 2824 1155 2894 spiritus
1202 2825 1432 2897 gladius,
1468 2825 1670 2895 ubique
1691 2823 1747 2879 in

130 2915 410 2985 gentibus
447 2915 764 2982 decurrens,
793 2924 850 2971 et
875 2930 1096 2971 omnem
1145 2925 1349 2971 terram
1378 2916 1744 2981 circumdans,

132 3006 432 3061 consumit
490 3006 804 3062 Judatorum
863 3007 1047 3075 ﬁlios,
1099 3016 1154 3063 et
1208 3009 1476 3079 disperdit
1528 3024 1623 3064 eos
1678 3009 1749 3064 de

134 3099 367 3152 sanctis
408 3099 503 3153 Dei
540 3118 553 3154 :
587 3098 889 3154 ostendens
913 3099 1059 3169 quod
1084 3099 1288 3154 nullam
1315 3114 1441 3154 cum
1482 3098 1563 3154 eis
1594 3114 1744 3153 com-

137 3189 477 3244 munionem
512 3190 771 3253 habeant,
809 3190 955 3245 unde
984 3190 1199 3246 deserta
1228 3198 1375 3245 terra
1398 3200 1454 3245 et
1473 3191 1742 3254 civitates,
1775 3225 1820 3286 α

137 3282 399 3352 expulsis
423 3283 505 3339 eis
533 3282 869 3338 habitatione
900 3298 1020 3348 sua,
1046 3283 1427 3339 inveniuntur.

216 3372 369 3428 Tunc
400 3373 681 3443 placebunt
715 3386 874 3429 terra!
902 3373 1126 3427 sabbata
1187 3390 1287 3428 sua
1326 3373 1528 3427 cunctis
1566 3370 1747 3427 diebus

141 3464 456 3520 solitudinis
477 3483 607 3531 sum,
639 3468 851 3538 quando
873 3468 1082 3537 fueritis
1111 3467 1168 3520 in
1191 3478 1335 3521 terra
1361 3466 1540 3521 hostili
1570 3482 1589 3520 :
1620 3465 1746 3520 sab-

150 3559 418 3614 batizabit
454 3570 503 3615 et
530 3561 819 3631 requiescet
851 3561 907 3615 in
929 3560 1163 3614 sabbatis
1195 3559 1494 3613 solitudinis
1518 3574 1648 3623 suae,
1685 3574 1745 3612 eo

145 3653 292 3723 quod
360 3667 462 3705 non
515 3652 826 3724 requieverit
881 3652 938 3706 in
971 3649 1219 3708 Sabbatis
1271 3653 1473 3716 vestris,
1533 3656 1745 3721 quando

144 3743 461 3798 habitabilis
508 3744 565 3797 in
616 3759 702 3799 ea.
747 3742 972 3798 Terram
1013 3757 1135 3798 esse
1164 3743 1558 3814 intelligibilem
1593 3742 1742 3797 Serio

149 3846 372 3906 pturam
418 3837 537 3901 Dei,
582 3844 639 3891 et
685 3836 1186 3899 conversationem,
1238 3849 1362 3905 qute
1402 3834 1456 3889 in
1501 3835 1583 3889 eis
1636 3844 1741 3903 est,

144 3944 302 3999 saepe
353 3928 702 3984 ostendimus
748 3948 761 3983 :
810 3927 905 3983 sed
950 3925 1265 3981 Judatorum
1323 3925 1544 3995 quidem
1584 3934 1742 3981 vetus

145 4027 550 4076 teStamentum
588 4039 600 4074 :
638 4019 881 4091 gentium
921 4027 1130 4081 autem,
1159 4033 1299 4087 'quaa
1341 4016 1575 4072 inimicat
1615 4026 1744 4071 sunt

141 4110 377 4177 Iudaeis,
427 4127 628 4167 novum
672 4130 687 4165 :
721 4111 849 4181 quia
895 4124 1024 4180 ergo
1061 4106 1360 4163 Sabbatum
1402 4107 1739 4163 vacationem

145 4207 423 4280 signiﬁcat
479 4206 706 4271 ludatis,
740 4203 977 4258 tnaxime
1013 4202 1120 4257 hoc
1152 4217 1298 4257 nunc
1340 4201 1623 4257 evidenter
1659 4200 1741 4255 le-

143 4302 381 4374 gislator
419 4300 619 4354 innuit.
656 4296 796 4364 Quia
822 4295 961 4350 nihil
1008 4310 1159 4351 nunc
1191 4294 1476 4349 invenient
1506 4309 1570 4348 ex
1622 4294 1741 4365 lege

142 4406 204 4450 et
234 4394 540 4465 prophetis,
574 4391 719 4462 quod
763 4391 862 4461 ipsi
891 4388 1071 4444 facere
1096 4387 1307 4451 volunt,
1341 4387 1436 4442 sed
1463 4387 1739 4442 destructa

145 4503 343 4544 eorum
378 4502 518 4557 pene
548 4485 729 4540 omnis
745 4481 1079 4553 superficies
1104 4481 1317 4537 litterae
1344 4479 1572 4550 Propter
1596 4478 1738 4551 quod

1849 614 2025 669 relicti
2111 623 2259 677 sunt,
2303 614 2487 670 adhuc
2572 616 2862 671 studentes
2944 615 3287 686 Scripturam
3349 633 3443 673 sa-

1848 708 2022 772 cra‘m,
2046 714 2251 776 pavent
2281 706 2334 760 in
2360 714 2504 762 terra
2529 707 2879 763 inimicorum
2927 725 3177 775 suorum,
3213 710 3269 764 in
3293 724 3441 767 novo

1852 807 2202 862 testamento,
2240 798 2385 853 sicut
2427 799 2704 856 diximus:
2757 800 2955 855 timent
2981 801 3132 855 enim
3160 817 3226 856 ex
3271 801 3438 857 fatui-

1849 898 1981 954 tatc,
2010 899 2063 944 et
2093 891 2261 945 corde
2294 902 2499 947 caecato
2526 892 2916 948 commixtione
2939 894 3061 963 ejus
3081 902 3167 956 ,et
3195 895 3440 965 comple-
3476 910 3480 915 ‘

1851 992 1940 1035 tur
1964 998 1976 1033 :
1996 981 2118 1036 Illic
2146 983 2541 1053 trepidaverunt
2572 985 2779 1048 timore,
2809 985 2900 1038 ubi
2930 1000 3035 1038 mn
3062 995 3178 1039 erat
3202 987 3362 1041 timor
3391 989 3437 1043 ³.

1911 1070 2142 1125 Terrebit
2172 1089 2258 1126 eos
2280 1074 2480 1127 sonitus
2500 1073 2617 1145 folii
2640 1074 2891 1129 volantis.
2911 1073 3121 1130 Folium
3139 1077 3437 1148 legislitte‘

1850 1177 1964 1216 ram
2004 1163 2291 1232 appellans
2312 1179 2324 1214 :
2347 1164 2513 1234 hujus
2526 1165 2674 1219 enim
2701 1180 2798 1220 eos
2827 1165 3044 1221 sonitus
3061 1168 3438 1237 persequitur,

1849 1264 1905 1311 et
1940 1257 2194 1311 timorem
2247 1266 2497 1312 nostrum
2525 1257 2608 1313 eis
2639 1257 2848 1323 indicit,
2876 1260 3026 1329 quia,
3057 1259 3210 1315 verbi
3240 1261 3433 1332 gratia,

1850 1345 2084 1401 audiunt
2107 1347 2533 1403 custodiendum
2552 1348 2697 1403 diem
2722 1348 2966 1413 Sabbati,
3001 1350 3190 1406 vident
3249 1344 3435 1407 autem

1845 1454 1947 1494 nos
1969 1440 2110 1495 nihil
2134 1441 2203 1496 de
2226 1441 2421 1497 eodem
2444 1442 2708 1497 mandato
2737 1443 3073 1513 despicabile
3097 1459 3318 1515 sapere,
3333 1461 3436 1500 ne-

1849 1548 1958 1603 que
1988 1541 2290 1598 terrenum,
2310 1550 2491 1605 neque
2527 1551 2559 1589 a
2588 1536 2800 1591 cultura
2841 1543 3022 1603 terras,
3056 1537 3154 1592 sed
3212 1553 3243 1592 a
3293 1539 3434 1592 mala

1849 1626 2067 1681 actione
2091 1627 2436 1682 vacationem
2457 1627 2734 1683 discentes
2767 1645 2783 1682 :
2836 1628 3128 1683 odendunt
3157 1629 3213 1683 in
3250 1630 3435 1692 nobis,

1849 1725 1906 1773 et
1934 1718 2283 1773 commisceri
2317 1719 2481 1774 nobis
2507 1716 2749 1790 fugiunt.
2792 1718 3008 1774 Folium
3050 1728 3237 1775 autem
3287 1727 3439 1775 recte

1850 1806 1986 1879 legis
2018 1808 2198 1865 littera
2222 1809 2515 1880 accipitur,
2536 1811 2661 1879 quia
2680 1811 3143 1881 quemadmodum
3178 1811 3440 1866 arborum

1848 1899 2061 1955 fructus
2095 1900 2241 1956 foliis
2259 1902 2481 1972 tegitur,
2506 1901 2587 1956 sic
2634 1902 2738 1958 sub
2776 1901 2912 1974 legis
2940 1902 3120 1957 lit'era
3144 1902 3438 1957 abscondi-

1849 1998 1940 2046 tur
1955 1991 2202 2061 spiritus.
2236 1991 2470 2062 Propter
2490 1994 2635 2062 qnod
2690 2008 2813 2059 nos,
2843 1993 2915 2048 de
2963 1993 3169 2063 quibus
3224 1992 3436 2050 dictum

1847 2088 1934 2136 est
1961 2097 1974 2134 :
2004 2079 2064 2135 Si
2086 2082 2490 2138 vindemiatores
2523 2084 2748 2154 ingressi
2795 2084 3015 2154 fuissem
3048 2084 3106 2136 in
3136 2092 3208 2147 te,
3246 2082 3438 2137 saltem

1848 2173 2179 2245 reliquissent
2204 2191 2476 2229 racemum
2516 2176 2611 2230 tibi
2647 2175 2670 2206 ‘
2696 2193 2710 2230 :
2740 2176 3016 2231 nudamus
3042 2175 3234 2231 folium
3284 2177 3438 2231 litte-

1848 2277 1945 2328 ras,
1974 2275 2032 2318 ut
2060 2262 2303 2318 fructum
2323 2263 2554 2334 spiritus
2585 2264 2952 2321 inveniamus.
3004 2263 3069 2318 Hi
3099 2274 3284 2320 autem
3339 2265 3434 2335 qni

1848 2351 1969 2408 haec
1992 2354 2264 2425 ignorant,
2294 2352 2437 2408 sicut
2461 2352 2717 2409 inimicos
2746 2369 2849 2410 nos
2874 2354 3097 2419 habent,
3126 2364 3181 2409 et
3216 2354 3438 2425 fugiunt

1848 2458 1951 2497 nos
1982 2443 2124 2499 sicut
2151 2444 2243 2515 qui
2296 2444 2436 2514 fugit
2460 2445 2718 2516 gladium.

1918 2536 1990 2590 Et
2037 2539 2226 2592 cadent
2294 2537 2440 2592 nullo
2466 2546 2748 2609 sequente.
2789 2536 2979 2608 Neque
3030 2537 3179 2592 enim
3209 2551 3309 2592 nos
3338 2552 3434 2593 eos

1851 2631 2250 2700 persequimur,
2279 2630 2374 2685 sed
2409 2645 2474 2685 ex
2534 2631 2617 2685 sui
2648 2630 2830 2685 cordis
2869 2629 3065 2685 duritia
3092 2628 3432 2698 persecutio-

1851 2738 1977 2778 nem
2002 2722 2306 2793 patiuntur.
2337 2722 2472 2777 Nam
2494 2723 2617 2778 vide
2642 2723 2774 2792 quid
2814 2721 3079 2777 subdidit.
3104 2720 3168 2774 Et
3190 2730 3434 2775 consent

1850 2814 2046 2883 singuli
2119 2829 2279 2878 super
2317 2814 2512 2881 fratres
2578 2828 2723 2877 suos,
2767 2811 2920 2877 quasi
2976 2809 3113 2863 bella
3153 2811 3431 2880 fugientes.

1851 2903 2085 2970 Quando
2106 2905 2253 2959 enim
2282 2919 2409 2960 cum
2433 2904 2515 2959 eis
2548 2904 2852 2973 loquimur,
2887 2910 2944 2955 et
2967 2901 3106 2971 legis
3131 2901 3436 2972 propheta-

1852 3008 2084 3064 rumque
2121 2993 2430 3049 testimonia
2458 3004 2648 3047 contra
2673 3005 2768 3045 eos
2805 2991 2873 3045 de
2896 2989 3117 3045 Christo
3145 2989 3435 3063 Evangeli-

1853 3085 2041 3156 cisque
2059 3085 2331 3156 mysteriis
2347 3083 2697 3155 proferimus,
2711 3082 2972 3136 coarctati
2992 3081 3044 3136 hi
3064 3083 3285 3153 quidem
3306 3083 3434 3147 hoc,

1855 3176 1931 3232 illi
1966 3185 2148 3231 autem
2189 3176 2321 3230 illud
2344 3175 2555 3236 dicunt,
2594 3181 2652 3227 et
2706 3173 3087 3242 unusquisque
3119 3187 3286 3242 super
3322 3171 3435 3228 fra-

1851 3278 1994 3326 trem
2028 3271 2155 3325 ruit.
2184 3268 2402 3324 lnﬁrma
2432 3265 2579 3321 enim
2611 3279 2807 3320 omnes
2855 3264 3068 3331 dicunt,
3132 3265 3437 3322 consistere

1852 3370 2075 3434 propter
2100 3362 2203 3416 hoc
2227 3361 2280 3414 in
2312 3358 2537 3414 alternis
2571 3373 2686 3412 non
2733 3357 2916 3412 valent
2942 3357 3145 3425 verbis,
3202 3366 3259 3412 et
3299 3373 3438 3414 cono

1854 3455 2145 3507 turbantur
2168 3451 2323 3521 quasi
2358 3449 2498 3505 bella
2523 3449 2820 3519 fugientes,
2843 3448 2998 3502 nullo
3024 3458 3309 3519 sequente.
3323 3449 3439 3504 Nos

1850 3553 2033 3598 autem
2069 3557 2181 3596 non
2206 3540 2588 3611 persequimur
2614 3553 2731 3604 eos,
2764 3554 2868 3594 nec
2894 3547 2956 3594 ut
2981 3554 3308 3607 noceamus,
3337 3542 3436 3597 sed

1849 3644 1912 3689 ut
1934 3636 2190 3705 juvemus
2217 3641 2380 3703 atque
2411 3632 2688 3687 lucremur
2715 3646 2832 3699 eos,
2872 3631 3250 3703 disceptamus
3305 3648 3434 3690 cum

1848 3726 1954 3782 eis.
1986 3725 2127 3792 Quid
2145 3739 2275 3796 ergo
2306 3724 2436 3778 hinc
2466 3723 2795 3793 patiuntur?

1920 3819 2089 3873 Nemo
2125 3826 2354 3872 vestrum
2389 3817 2619 3871 inimicis
2644 3816 2861 3870 audebit
2898 3816 3166 3884 resistere,
3195 3817 3435 3888 peribitis

1849 3914 1988 3967 inter
2034 3918 2233 3982 gentes,
2257 3918 2306 3963 et
2339 3909 2545 3963 hostilis
2577 3925 2667 3963 vos
2715 3918 2860 3962 terra
2899 3919 3189 3965 consumet.
3219 3911 3435 3966 Consu-

1848 4005 1951 4059 mit
1978 4003 2129 4059 enim
2159 4016 2253 4057 eos
2271 4001 2651 4073 evangelicum
2675 4008 3092 4064 testamentum,
3123 4001 3294 4058 totius
3328 4017 3429 4057 eo-

1849 4116 1970 4155 rum
1995 4109 2290 4154 eonterens
2327 4096 2532 4151 erroris
2568 4095 2952 4151 substantiam.
3008 4093 3171 4150 Unde
3203 4108 3308 4149 nec
3339 4109 3431 4149 re-

1848 4193 2042 4248 sistere
2063 4190 2302 4246 inimicis
2319 4189 2454 4257 suis,
2488 4189 2580 4259 qui
2612 4188 2811 4244 salvari
2850 4204 2951 4259 per
2973 4187 3138 4243 ﬁdem
3171 4196 3427 4257 possunt,

1847 4287 1943 4344 sed
1977 4294 2032 4341 et
2070 4293 2305 4356 pereunt
2362 4283 2507 4339 inter
2562 4291 2774 4354 gentes,
2835 4281 2890 4335 in
2941 4280 3119 4351 lapide
3182 4266 3431 4352 angniari

1847 4379 2211 4442 oﬂ‘endentes,
2283 4385 2468 4432 etnec
2539 4374 2677 4446 legis
2727 4374 2949 4445 quidem
3022 4372 3257 4428 litteram
3339 4387 3430 4428 re-

1846 4471 2060 4543 spicere
2119 4469 2391 4532 volentes,
2449 4476 2639 4537 utpote
2680 4466 2773 4537 qui
2815 4467 2871 4522 in
2902 4480 3023 4522 eam
3076 4480 3188 4520 non
3219 4463 3430 4521 habent

142 4585 278 4639 facti
311 4590 441 4637 sunt
469 4581 524 4635 in
575 4589 720 4634 terra
774 4576 1120 4631 inimicorum
1168 4589 1418 4641 suorum,
1455 4572 1507 4628 id
1550 4583 1653 4640 est,
1681 4573 1735 4628 in
1769 4581 1813 4637 ι)
1845 4568 2120 4624 fiduciam.

141 4673 467 4745 evangeliea
516 4678 881 4728 testamento:
914 4668 1040 4722 facti
1084 4676 1211 4722 sunt
1252 4674 1456 4729 autem,
1489 4666 1589 4721 etsi
1626 4681 1737 4721 non

139 4776 367 4840 sponte,
401 4775 580 4822 tamen
627 4780 694 4820 ex
740 4760 1089 4818 necessitate.
1135 4758 1272 4830 Ipsis
1320 4758 1469 4814 enim
1501 4759 1739 4815 nolenti-

139 4863 274 4929 bus,
330 4859 617 4923 sacuificia,
663 4866 720 4913 et
760 4854 1175 4928 puriﬁeationes
1206 4852 1542 4925 aitymorum,
1576 4863 1631 4908 et
1657 4861 1739 4906 ta-

141 4952 573 5008 bernaculorum
626 4950 972 5016 festivitates,
997 4957 1053 5002 et
1087 4946 1295 5017 reliqua
1341 4961 1556 5001 cessare
1586 4945 1741 5014 fecit,

144 5046 527 5100 difficultatem
564 5043 861 5115 patientes,
891 5042 948 5095 in
978 5039 1389 5096 meditationem
1416 5040 1537 5109 ejus
1565 5038 1744 5094 disce-

148 5139 311 5195 dunt.
346 5139 414 5193 Et
460 5138 602 5193 hanc
630 5136 970 5190 vacationem
999 5149 1097 5204 pro
1125 5132 1365 5188 Sabbato
1393 5131 1655 5202 suscepit,
1685 5140 1739 5186 et

148 5231 222 5286 ab
264 5230 347 5285 eis
385 5246 536 5286 sacra
579 5228 885 5298 Scriptura,
920 5226 1195 5297 nimisque
1241 5226 1322 5281 eis
1364 5224 1528 5298 etiam
1575 5239 1738 5294 supra

149 5320 396 5393 priorum
451 5318 817 5373 Sabbatorum
878 5317 1221 5372 vacationem
1289 5315 1541 5387 placebit.
1582 5313 1740 5368 Cur?

150 5406 293 5477 Quia
328 5428 429 5465 non
473 5421 545 5466 est
580 5412 813 5480 speciosa
854 5408 975 5463 laus
1009 5410 1062 5462 in
1093 5426 1182 5464 ore
1224 5408 1514 5480 peccatoris
1543 5407 1588 5460 ’.
1632 5405 1738 5462 Sed

149 5505 263 5562 sit:

225 5598 298 5653 Et
352 5597 443 5669 qui
488 5597 553 5650 de
580 5595 725 5650 vobis
778 5595 1154 5659 remanserint,
1204 5592 1339 5647 dabo
1390 5606 1640 5661 pavorem
1686 5590 1741 5644 in

153 5691 402 5749 cordibus
432 5704 638 5753 eorum,
670 5688 728 5741 in
781 5686 1078 5757 regionibus
1120 5685 1351 5739 hostium
1409 5680 1620 5737 terrebit
1656 5697 1742 5736 eos

222 5877 244 5905 ²
271 5868 444 5926 Eccli.
471 5884 558 5943 xv,
585 5870 637 5922 9.
716 5865 736 5897 ³
767 5862 910 5919 Psal.
948 5878 1063 5931 xm,
1108 5864 1160 5917 5.

1240 5861 1257 5892 ⁵
1282 5858 1486 5914 Jerem.
1532 5873 1681 5926 χχιχ,
1716 5856 1770 5911 9.

1917 4658 2069 4725 Quod
2097 4656 2195 4711 etsi
2224 4657 2287 4710 de
2306 4655 2388 4708 Itis
2420 4653 2592 4724 aliqui
2624 4637 3024 4719 remanserint,
3068 4654 3331 4705 tabescent
3372 4651 3429 4705 in

1845 4748 2215 4821 iniquitatibus
2244 4747 2375 4812 suis,
2396 4747 2452 4799 in
2483 4753 2625 4799 terra
2651 4744 2989 4798 inimicorum
3020 4758 3258 4796 suorum.
3292 4740 3429 4809 Qui-

1846 4855 2063 4912 cunque
2096 4839 2241 4895 enim
2290 4854 2355 4893 ex
2386 4838 2488 4905 eis,
2510 4837 2601 4908 qui
2658 4836 2908 4891 conversi
2938 4845 3087 4903 sunt,
3116 4846 3439 4906 remanent,

1848 4942 2232 5005 permanentes
2260 4931 2313 4985 in
2340 4931 2471 5002 legis
2497 4929 2700 4995 studio,
2735 4928 2788 4983 hi
2821 4935 3046 4999 propter
3073 4936 3293 4998 peccata
3307 4942 3425 4996 sua,

1840 5043 1963 5097 quae
1998 5027 2054 5081 in
2088 5034 2232 5081 terra
2260 5025 2610 5079 inimicorum
2643 5037 2887 5089 suorum,
2911 5021 2964 5076 id
2983 5030 3087 5084 est,
3146 5021 3200 5075 in
3249 5021 3430 5076 Evan-

1847 5120 2022 5190 gelico
2061 5125 2410 5183 testamento,
2446 5115 2748 5171 secundum
2800 5114 2945 5184 quod
2998 5113 3257 5178 diximus,
3300 5127 3430 5183 pro-

1834 5210 1970 5283 pter
1997 5210 2483 5284 transgressionem
2511 5209 2630 5280 ejus
2673 5216 2910 5279 pereunt
2942 5223 2957 5262 :
2988 5206 3106 5263 hate
3123 5213 3253 5261 sunt
3279 5203 3428 5259 enim

1848 5306 2024 5359 modis
2051 5304 2309 5359 omnibus
2334 5312 2580 5375 peccata,
2614 5317 2737 5373 quae
2778 5301 2833 5355 in
2880 5316 2947 5356 eo
2990 5299 3427 5355 committuntur.

1918 5397 1990 5452 Et
2017 5407 2233 5469 propter
2246 5408 2470 5467 peccata
2494 5413 2618 5459 sua,
2644 5405 2694 5450 et
2729 5403 2942 5465 propter
2965 5399 3181 5462 peccata
3216 5399 3430 5461 patrum

1848 5506 2085 5545 suorum.
2108 5490 2246 5558 Quia
2277 5488 2618 5561 prmvaricati
2648 5497 2798 5554 sunt,
2832 5486 3276 5555 etdeSpexerunt
3301 5495 3384 5536 me
3416 5498 3432 5537 :

1848 5598 1913 5640 ea
1933 5583 2080 5638 enim
2109 5596 2229 5654 qum
2254 5598 2404 5639 nunc
2438 5582 2521 5637 eis
2549 5588 2879 5645 evenerunt,
2939 5585 3156 5650 patrum
3192 5576 3435 5651 peccatis

1851 5679 2151 5736 ascribunt.
2182 5677 2416 5751 Propter
2437 5675 2582 5747 quod
2607 5684 2663 5731 et
2690 5673 2973 5730 tabescent
3008 5671 3064 5726 in
3087 5670 3192 5738 eis,
3221 5685 3321 5745 pro
3349 5671 3434 5725 eis
