  <div class='ocr_page' id='page_1' title='image "/cluster/home/n/w/nwhite01/storage/ocr_20150623/93/coo.31924054869973/589.png"; bbox 0 0 3892 6410; ppageno 0'>
   <div class='ocr_carea' id='block_1_1' title="bbox 528 379 669 447">
    <p class='ocr_par' dir='ltr' id='par_1_1' title="bbox 528 379 669 447">
     <span class='ocr_line' id='line_1_1' title="bbox 528 379 669 447; baseline -0.021 0"><span class='ocrx_word' id='word_1_1' title='bbox 528 379 584 447; x_wconf 70' lang='grc' dir='ltr'>Η</span> <span class='ocrx_word' id='word_1_2' title='bbox 597 382 669 446; x_wconf 81' lang='grc'>55</span> 
     </span>
    </p>
   </div>
   <div class='ocr_carea' id='block_1_2' title="bbox 1714 367 2599 435">
    <p class='ocr_par' dir='ltr' id='par_1_2' title="bbox 1714 367 2599 435">
     <span class='ocr_line' id='line_1_2' title="bbox 1714 367 2599 435; baseline 0.002 -3"><span class='ocrx_word' id='word_1_3' title='bbox 1714 368 2081 432; x_wconf 79' lang='lat' dir='ltr'><strong>HESYCHII</strong></span> <span class='ocrx_word' id='word_1_4' title='bbox 2121 367 2599 435; x_wconf 68' lang='lat' dir='ltr'><strong>PRESBYTER!</strong></span> 
     </span>
    </p>
   </div>
   <div class='ocr_carea' id='block_1_3' title="bbox 3596 382 3693 453">
    <p class='ocr_par' dir='ltr' id='par_1_3' title="bbox 3596 382 3693 453">
     <span class='ocr_line' id='line_1_3' title="bbox 3596 382 3693 453; baseline 0.072 -7"><span class='ocrx_word' id='word_1_5' title='bbox 3596 382 3693 453; x_wconf 73' lang='lat' dir='ltr'><strong>lilii</strong></span> 
     </span>
    </p>
   </div>
   <div class='ocr_carea' id='block_1_4' title="bbox 523 480 3698 573">
    <p class='ocr_par' dir='ltr' id='par_1_4' title="bbox 523 480 3698 573">
     <span class='ocr_line' id='line_1_4' title="bbox 523 480 3698 573; baseline -0.001 -24"><span class='ocrx_word' id='word_1_6' title='bbox 523 492 874 556; x_wconf 68' lang='lat' dir='ltr'><strong>conﬁtentes,</strong></span> <span class='ocrx_word' id='word_1_7' title='bbox 896 488 1025 560; x_wconf 99' lang='lat' dir='ltr'><strong>quia</strong></span> <span class='ocrx_word' id='word_1_8' title='bbox 1045 483 1387 560; x_wconf 62' lang='lat' dir='ltr'><strong>pravaricati</strong></span> <span class='ocrx_word' id='word_1_9' title='bbox 1425 491 1555 539; x_wconf 90' lang='lat' dir='ltr'><strong>sunt</strong></span> <span class='ocrx_word' id='word_1_10' title='bbox 1579 481 1751 538; x_wconf 88' lang='lat' dir='ltr'><strong>Deum</strong></span> <span class='ocrx_word' id='word_1_11' title='bbox 1786 483 1842 536; x_wconf 88' lang='lat' dir='ltr'><strong>in</strong></span> <span class='ocrx_word' id='word_1_12' title='bbox 1896 490 2107 573; x_wconf 74' lang='lat' dir='ltr'><strong>tempo-</strong></span> <span class='ocrx_word' id='word_1_13' title='bbox 2137 515 2179 573; x_wconf 63' lang='grc' dir='ltr'>Α</span> <span class='ocrx_word' id='word_1_14' title='bbox 2210 483 2450 553; x_wconf 82' lang='lat' dir='ltr'><strong>relinqui</strong></span> <span class='ocrx_word' id='word_1_15' title='bbox 2475 483 2569 538; x_wconf 73' lang='lat' dir='ltr'><strong>ille</strong></span> <span class='ocrx_word' id='word_1_16' title='bbox 2592 495 2623 539; x_wconf 91' lang='lat' dir='ltr'><strong>a</strong></span> <span class='ocrx_word' id='word_1_17' title='bbox 2645 480 2856 538; x_wconf 66' lang='lat' dir='ltr'><strong>ludatis</strong></span> <span class='ocrx_word' id='word_1_18' title='bbox 2877 480 3028 547; x_wconf 77' lang='lat' dir='ltr'><strong>fecit,</strong></span> <span class='ocrx_word' id='word_1_19' title='bbox 3050 482 3178 553; x_wconf 80' lang='lat' dir='ltr'><strong>quia</strong></span> <span class='ocrx_word' id='word_1_20' title='bbox 3217 484 3469 543; x_wconf 84' lang='lat' dir='ltr'><strong>malitiose</strong></span> <span class='ocrx_word' id='word_1_21' title='bbox 3495 488 3698 565; x_wconf 67' lang='grc' dir='ltr'><strong>ἰιιιεφη.</strong></span> 
     </span>
    </p>
   </div>
   <div class='ocr_carea' id='block_1_5' title="bbox 526 569 2105 645">
    <p class='ocr_par' dir='ltr' id='par_1_5' title="bbox 526 569 2105 645">
     <span class='ocr_line' id='line_1_5' title="bbox 526 569 2105 645; baseline -0.008 -9"><span class='ocrx_word' id='word_1_22' title='bbox 526 582 681 636; x_wconf 84' lang='lat' dir='ltr'><strong>ribus</strong></span> <span class='ocrx_word' id='word_1_23' title='bbox 717 574 1108 645; x_wconf 85' lang='lat' dir='ltr'><strong>anterioribus,</strong></span> <span class='ocrx_word' id='word_1_24' title='bbox 1140 589 1250 630; x_wconf 91' lang='lat' dir='ltr'><strong>non</strong></span> <span class='ocrx_word' id='word_1_25' title='bbox 1300 574 1445 629; x_wconf 87' lang='lat' dir='ltr'><strong>bona</strong></span> <span class='ocrx_word' id='word_1_26' title='bbox 1477 572 1583 627; x_wconf 89' lang='lat' dir='ltr'><strong>hoc</strong></span> <span class='ocrx_word' id='word_1_27' title='bbox 1608 577 1816 636; x_wconf 88' lang='lat' dir='ltr'><strong>mente,</strong></span> <span class='ocrx_word' id='word_1_28' title='bbox 1842 569 1938 624; x_wconf 92' lang='lat' dir='ltr'><strong>scd</strong></span> <span class='ocrx_word' id='word_1_29' title='bbox 1964 569 2105 624; x_wconf 86' lang='lat' dir='ltr'><strong>mala</strong></span> 
     </span>
    </p>
   </div>
   <div class='ocr_carea' id='block_1_6' title="bbox 523 662 2109 739">
    <p class='ocr_par' dir='ltr' id='par_1_6' title="bbox 523 662 2109 739">
     <span class='ocr_line' id='line_1_6' title="bbox 523 662 2109 739; baseline -0.009 -9"><span class='ocrx_word' id='word_1_30' title='bbox 523 672 812 735; x_wconf 68' lang='lat' dir='ltr'><strong>facientes,</strong></span> <span class='ocrx_word' id='word_1_31' title='bbox 827 677 890 724; x_wconf 92' lang='lat' dir='ltr'><strong>ut</strong></span> <span class='ocrx_word' id='word_1_32' title='bbox 903 682 1120 739; x_wconf 65' lang='lat' dir='ltr'><strong>pennam</strong></span> <span class='ocrx_word' id='word_1_33' title='bbox 1142 682 1263 737; x_wconf 70' lang='lat' dir='ltr'><strong>qua:</strong></span> <span class='ocrx_word' id='word_1_34' title='bbox 1291 679 1456 735; x_wconf 81' lang='lat' dir='ltr'><strong>super</strong></span> <span class='ocrx_word' id='word_1_35' title='bbox 1477 678 1573 719; x_wconf 85' lang='lat' dir='ltr'><strong>eos</strong></span> <span class='ocrx_word' id='word_1_36' title='bbox 1595 664 1747 719; x_wconf 87' lang='lat' dir='ltr'><strong>venit</strong></span> <span class='ocrx_word' id='word_1_37' title='bbox 1764 669 1989 734; x_wconf 86' lang='lat' dir='ltr'><strong>propter</strong></span> <span class='ocrx_word' id='word_1_38' title='bbox 2006 662 2109 717; x_wconf 87' lang='lat' dir='ltr'><strong>ini-</strong></span> 
     </span>
    </p>
   </div>
   <div class='ocr_carea' id='block_1_7' title="bbox 523 756 2103 836">
    <p class='ocr_par' dir='ltr' id='par_1_7' title="bbox 523 756 2103 836">
     <span class='ocr_line' id='line_1_7' title="bbox 523 756 2103 836; baseline -0.004 -17"><span class='ocrx_word' id='word_1_39' title='bbox 523 766 813 836; x_wconf 82' lang='lat' dir='ltr'><strong>quitatem,-</strong></span> <span class='ocrx_word' id='word_1_40' title='bbox 844 776 1005 832; x_wconf 80' lang='lat' dir='ltr'><strong>quam</strong></span> <span class='ocrx_word' id='word_1_41' title='bbox 1032 760 1087 814; x_wconf 83' lang='lat' dir='ltr'><strong>in</strong></span> <span class='ocrx_word' id='word_1_42' title='bbox 1110 758 1335 815; x_wconf 86' lang='lat' dir='ltr'><strong>Christo</strong></span> <span class='ocrx_word' id='word_1_43' title='bbox 1357 756 1779 822; x_wconf 86' lang='lat' dir='ltr'><strong>commiserunt,</strong></span> <span class='ocrx_word' id='word_1_44' title='bbox 1813 756 2103 823; x_wconf 83' lang='lat' dir='ltr'><strong>molliant;</strong></span> 
     </span>
    </p>
   </div>
   <div class='ocr_carea' id='block_1_8' title="bbox 525 847 2106 909">
    <p class='ocr_par' dir='ltr' id='par_1_8' title="bbox 525 847 2106 909">
     <span class='ocr_line' id='line_1_8' title="bbox 525 847 2106 909; baseline -0.005 0"><span class='ocrx_word' id='word_1_45' title='bbox 525 868 657 909; x_wconf 80' lang='lat' dir='ltr'><strong>nam</strong></span> <span class='ocrx_word' id='word_1_46' title='bbox 684 853 850 907; x_wconf 90' lang='lat' dir='ltr'><strong>infert</strong></span> <span class='ocrx_word' id='word_1_47' title='bbox 873 872 887 906; x_wconf 83' lang='lat'><strong>:</strong></span> <span class='ocrx_word' id='word_1_48' title='bbox 907 850 975 905; x_wconf 89' lang='lat' dir='ltr'><strong>Et</strong></span> <span class='ocrx_word' id='word_1_49' title='bbox 1003 850 1510 906; x_wconf 80' lang='lat' dir='ltr'><strong>ambulaveruntex</strong></span> <span class='ocrx_word' id='word_1_50' title='bbox 1539 848 1777 904; x_wconf 84' lang='lat' dir='ltr'><strong>adverso</strong></span> <span class='ocrx_word' id='word_1_51' title='bbox 1799 847 2106 903; x_wconf 77' lang='lat' dir='ltr'><strong>mihi.Am-</strong></span> 
     </span>
    </p>
   </div>
   <div class='ocr_carea' id='block_1_9' title="bbox 525 934 2109 1013">
    <p class='ocr_par' dir='ltr' id='par_1_9' title="bbox 525 934 2109 1013">
     <span class='ocr_line' id='line_1_9' title="bbox 525 934 2109 1013; baseline -0.004 -14"><span class='ocrx_word' id='word_1_52' title='bbox 525 944 728 1000; x_wconf 65' lang='lat' dir='ltr'><strong>ibulsbo</strong></span> <span class='ocrx_word' id='word_1_53' title='bbox 758 943 921 1013; x_wconf 82' lang='lat' dir='ltr'><strong>igitur</strong></span> <span class='ocrx_word' id='word_1_54' title='bbox 941 950 999 996; x_wconf 89' lang='lat' dir='ltr'><strong>et</strong></span> <span class='ocrx_word' id='word_1_55' title='bbox 1030 956 1132 1012; x_wconf 88' lang='lat' dir='ltr'><strong>ego</strong></span> <span class='ocrx_word' id='word_1_56' title='bbox 1162 934 1354 995; x_wconf 85' lang='lat' dir='ltr'><strong>contra</strong></span> <span class='ocrx_word' id='word_1_57' title='bbox 1391 955 1508 1006; x_wconf 82' lang='lat' dir='ltr'><strong>eos,</strong></span> <span class='ocrx_word' id='word_1_58' title='bbox 1569 948 1629 995; x_wconf 89' lang='lat' dir='ltr'><strong>et</strong></span> <span class='ocrx_word' id='word_1_59' title='bbox 1670 938 1926 995; x_wconf 86' lang='lat' dir='ltr'><strong>inducam</strong></span> <span class='ocrx_word' id='word_1_60' title='bbox 1983 938 2109 993; x_wconf 83' lang='lat' dir='ltr'><strong>illos</strong></span> 
     </span>
    </p>
   </div>
   <div class='ocr_carea' id='block_1_10' title="bbox 529 1030 2108 1101">
    <p class='ocr_par' dir='ltr' id='par_1_10' title="bbox 529 1030 2108 1101">
     <span class='ocr_line' id='line_1_10' title="bbox 529 1030 2108 1101; baseline -0.003 -12"><span class='ocrx_word' id='word_1_61' title='bbox 529 1035 588 1089; x_wconf 88' lang='lat' dir='ltr'><strong>in</strong></span> <span class='ocrx_word' id='word_1_62' title='bbox 611 1044 810 1088; x_wconf 83' lang='lat' dir='ltr'><strong>terram</strong></span> <span class='ocrx_word' id='word_1_63' title='bbox 848 1032 1125 1088; x_wconf 83' lang='lat' dir='ltr'><strong>hostilem.</strong></span> <span class='ocrx_word' id='word_1_64' title='bbox 1153 1031 1623 1097; x_wconf 78' lang='lat' dir='ltr'><strong>Quemadmodum</strong></span> <span class='ocrx_word' id='word_1_65' title='bbox 1661 1031 1811 1089; x_wconf 76' lang='lat' dir='ltr'><strong>enim</strong></span> <span class='ocrx_word' id='word_1_66' title='bbox 1839 1030 1917 1086; x_wconf 84' lang='lat' dir='ltr'><strong>illi</strong></span> <span class='ocrx_word' id='word_1_67' title='bbox 1945 1046 2108 1101; x_wconf 88' lang='lat' dir='ltr'><strong>repu-</strong></span> 
     </span>
    </p>
   </div>
   <div class='ocr_carea' id='block_1_11' title="bbox 529 1122 2106 1188">
    <p class='ocr_par' dir='ltr' id='par_1_11' title="bbox 529 1122 2106 1188">
     <span class='ocr_line' id='line_1_11' title="bbox 529 1122 2106 1188; baseline -0.002 -8"><span class='ocrx_word' id='word_1_68' title='bbox 529 1133 645 1180; x_wconf 82' lang='lat' dir='ltr'><strong>tant</strong></span> <span class='ocrx_word' id='word_1_69' title='bbox 671 1124 839 1178; x_wconf 88' lang='lat' dir='ltr'><strong>Deum</strong></span> <span class='ocrx_word' id='word_1_70' title='bbox 863 1124 1287 1188; x_wconf 81' lang='lat' dir='ltr'><strong>circumvenire,</strong></span> <span class='ocrx_word' id='word_1_71' title='bbox 1314 1140 1383 1179; x_wconf 73' lang='lat' dir='ltr'><strong>ex</strong></span> <span class='ocrx_word' id='word_1_72' title='bbox 1400 1122 1638 1178; x_wconf 84' lang='lat' dir='ltr'><strong>adverso</strong></span> <span class='ocrx_word' id='word_1_73' title='bbox 1662 1124 1713 1178; x_wconf 85' lang='lat' dir='ltr'><strong>ei</strong></span> <span class='ocrx_word' id='word_1_74' title='bbox 1739 1124 2106 1186; x_wconf 77' lang='lat' dir='ltr'><strong>ambulantes,</strong></span> 
     </span>
    </p>
   </div>
   <div class='ocr_carea' id='block_1_12' title="bbox 526 1218 2119 1290">
    <p class='ocr_par' dir='ltr' id='par_1_12' title="bbox 526 1218 2119 1290">
     <span class='ocr_line' id='line_1_12' title="bbox 526 1218 2119 1290; baseline -0.001 -15"><span class='ocrx_word' id='word_1_75' title='bbox 526 1229 584 1275; x_wconf 88' lang='lat' dir='ltr'><strong>et</strong></span> <span class='ocrx_word' id='word_1_76' title='bbox 613 1220 718 1274; x_wconf 82' lang='lat' dir='ltr'><strong>alia</strong></span> <span class='ocrx_word' id='word_1_77' title='bbox 740 1234 841 1290; x_wconf 83' lang='lat' dir='ltr'><strong>pro</strong></span> <span class='ocrx_word' id='word_1_78' title='bbox 865 1220 989 1274; x_wconf 84' lang='lat' dir='ltr'><strong>aliis</strong></span> <span class='ocrx_word' id='word_1_79' title='bbox 1018 1218 1575 1290; x_wconf 76' lang='lat' dir='ltr'><strong>interpretationibus</strong></span> <span class='ocrx_word' id='word_1_80' title='bbox 1599 1218 1737 1289; x_wconf 82' lang='lat' dir='ltr'><strong>legis</strong></span> <span class='ocrx_word' id='word_1_81' title='bbox 1780 1227 1835 1274; x_wconf 88' lang='lat' dir='ltr'><strong>et</strong></span> <span class='ocrx_word' id='word_1_82' title='bbox 1863 1220 2119 1290; x_wconf 62' lang='lat' dir='ltr'><strong>propitiem</strong></span> 
     </span>
    </p>
   </div>
   <div class='ocr_carea' id='block_1_13' title="bbox 526 1310 2107 1382">
    <p class='ocr_par' dir='ltr' id='par_1_13' title="bbox 526 1310 2107 1382">
     <span class='ocr_line' id='line_1_13' title="bbox 526 1310 2107 1382; baseline 0.001 -15"><span class='ocrx_word' id='word_1_83' title='bbox 526 1321 726 1376; x_wconf 87' lang='lat' dir='ltr'><strong>tarum,</strong></span> <span class='ocrx_word' id='word_1_84' title='bbox 748 1324 871 1381; x_wconf 64' lang='lat' dir='ltr'><strong>quas</strong></span> <span class='ocrx_word' id='word_1_85' title='bbox 898 1311 1226 1366; x_wconf 75' lang='lat' dir='ltr'><strong>confirmant</strong></span> <span class='ocrx_word' id='word_1_86' title='bbox 1250 1310 1453 1367; x_wconf 77' lang='lat' dir='ltr'><strong>Christi</strong></span> <span class='ocrx_word' id='word_1_87' title='bbox 1478 1312 1817 1382; x_wconf 79' lang='lat' dir='ltr'><strong>mysterium,</strong></span> <span class='ocrx_word' id='word_1_88' title='bbox 1839 1312 2107 1379; x_wconf 72' lang='lat' dir='ltr'><strong>dit-entes,</strong></span> 
     </span>
    </p>
   </div>
   <div class='ocr_carea' id='block_1_14' title="bbox 526 1402 2122 1475">
    <p class='ocr_par' dir='ltr' id='par_1_14' title="bbox 526 1402 2122 1475">
     <span class='ocr_line' id='line_1_14' title="bbox 526 1402 2122 1475; baseline -0.001 -20"><span class='ocrx_word' id='word_1_89' title='bbox 526 1403 673 1472; x_wconf 86' lang='lat' dir='ltr'><strong>quod</strong></span> <span class='ocrx_word' id='word_1_90' title='bbox 701 1415 783 1456; x_wconf 88' lang='lat' dir='ltr'><strong>est</strong></span> <span class='ocrx_word' id='word_1_91' title='bbox 818 1402 1232 1458; x_wconf 81' lang='lat' dir='ltr'><strong>adversantium</strong></span> <span class='ocrx_word' id='word_1_92' title='bbox 1282 1403 1567 1473; x_wconf 84' lang='lat' dir='ltr'><strong>proprium</strong></span> <span class='ocrx_word' id='word_1_93' title='bbox 1599 1421 1615 1456; x_wconf 92' lang='lat'>:</span> <span class='ocrx_word' id='word_1_94' title='bbox 1655 1403 1736 1458; x_wconf 92' lang='lat' dir='ltr'><strong>sic</strong></span> <span class='ocrx_word' id='word_1_95' title='bbox 1755 1412 1810 1459; x_wconf 83' lang='lat' dir='ltr'><strong>et</strong></span> <span class='ocrx_word' id='word_1_96' title='bbox 1841 1404 1957 1475; x_wconf 87' lang='lat' dir='ltr'><strong>ipse</strong></span> <span class='ocrx_word' id='word_1_97' title='bbox 1993 1419 2081 1459; x_wconf 89' lang='lat' dir='ltr'><strong>am</strong></span> <span class='ocrx_word' id='word_1_98' title='bbox 2095 1432 2122 1453; x_wconf 82' lang='lat'><strong>-.</strong></span> 
     </span>
    </p>
   </div>
   <div class='ocr_carea' id='block_1_15' title="bbox 525 1494 2109 1560">
    <p class='ocr_par' dir='ltr' id='par_1_15' title="bbox 525 1494 2109 1560">
     <span class='ocr_line' id='line_1_15' title="bbox 525 1494 2109 1560; baseline 0.004 -11"><span class='ocrx_word' id='word_1_99' title='bbox 525 1494 738 1550; x_wconf 78' lang='lat' dir='ltr'><strong>bulavit</strong></span> <span class='ocrx_word' id='word_1_100' title='bbox 765 1495 995 1550; x_wconf 33' lang='lat' dir='ltr'><strong>cumzcis</strong></span> <span class='ocrx_word' id='word_1_101' title='bbox 1011 1496 1308 1560; x_wconf 63' lang='lat' dir='ltr'><strong>adversus,</strong></span> <span class='ocrx_word' id='word_1_102' title='bbox 1343 1503 1400 1550; x_wconf 88' lang='lat' dir='ltr'><strong>et</strong></span> <span class='ocrx_word' id='word_1_103' title='bbox 1436 1496 1671 1551; x_wconf 81' lang='lat' dir='ltr'><strong>inducet</strong></span> <span class='ocrx_word' id='word_1_104' title='bbox 1700 1512 1800 1553; x_wconf 83' lang='lat' dir='ltr'><strong>eos</strong></span> <span class='ocrx_word' id='word_1_105' title='bbox 1822 1497 1875 1552; x_wconf 89' lang='lat' dir='ltr'><strong>in</strong></span> <span class='ocrx_word' id='word_1_106' title='bbox 1906 1506 2109 1555; x_wconf 86' lang='lat' dir='ltr'><strong>terram</strong></span> 
     </span>
    </p>
   </div>
   <div class='ocr_carea' id='block_1_16' title="bbox 528 1583 2113 1659">
    <p class='ocr_par' dir='ltr' id='par_1_16' title="bbox 528 1583 2113 1659">
     <span class='ocr_line' id='line_1_16' title="bbox 528 1583 2113 1659; baseline 0.002 -18"><span class='ocrx_word' id='word_1_107' title='bbox 528 1586 805 1653; x_wconf 82' lang='lat' dir='ltr'><strong>hostilem,</strong></span> <span class='ocrx_word' id='word_1_108' title='bbox 842 1583 896 1640; x_wconf 92' lang='lat' dir='ltr'><strong>id</strong></span> <span class='ocrx_word' id='word_1_109' title='bbox 924 1597 1027 1652; x_wconf 80' lang='lat' dir='ltr'><strong>est,</strong></span> <span class='ocrx_word' id='word_1_110' title='bbox 1063 1585 1118 1639; x_wconf 87' lang='lat' dir='ltr'><strong>in</strong></span> <span class='ocrx_word' id='word_1_111' title='bbox 1142 1585 1522 1657; x_wconf 80' lang='lat' dir='ltr'><strong>Erangelium,</strong></span> <span class='ocrx_word' id='word_1_112' title='bbox 1566 1588 1712 1657; x_wconf 89' lang='lat' dir='ltr'><strong>quod</strong></span> <span class='ocrx_word' id='word_1_113' title='bbox 1743 1588 1997 1659; x_wconf 72' lang='lat' dir='ltr'><strong>gentibus</strong></span> <span class='ocrx_word' id='word_1_114' title='bbox 2016 1588 2113 1644; x_wconf 86' lang='lat' dir='ltr'><strong>de-</strong></span> 
     </span>
    </p>
   </div>
   <div class='ocr_carea' id='block_1_17' title="bbox 525 1676 2117 1752">
    <p class='ocr_par' dir='ltr' id='par_1_17' title="bbox 525 1676 2117 1752">
     <span class='ocr_line' id='line_1_17' title="bbox 525 1676 2117 1752; baseline 0.003 -21"><span class='ocrx_word' id='word_1_115' title='bbox 525 1676 626 1731; x_wconf 88' lang='lat' dir='ltr'><strong>dit.</strong></span> <span class='ocrx_word' id='word_1_116' title='bbox 657 1677 737 1730; x_wconf 76' lang='lat' dir='ltr'><strong>Ex</strong></span> <span class='ocrx_word' id='word_1_117' title='bbox 765 1691 877 1746; x_wconf 82' lang='lat' dir='ltr'><strong>quo</strong></span> <span class='ocrx_word' id='word_1_118' title='bbox 899 1676 1115 1732; x_wconf 86' lang='lat' dir='ltr'><strong>duobus</strong></span> <span class='ocrx_word' id='word_1_119' title='bbox 1151 1676 1329 1732; x_wconf 76' lang='lat' dir='ltr'><strong>modis</strong></span> <span class='ocrx_word' id='word_1_120' title='bbox 1352 1684 1588 1746; x_wconf 84' lang='lat' dir='ltr'><strong>pereunt</strong></span> <span class='ocrx_word' id='word_1_121' title='bbox 1614 1696 1630 1733; x_wconf 91' lang='lat'><strong>:</strong></span> <span class='ocrx_word' id='word_1_122' title='bbox 1672 1679 1935 1749; x_wconf 86' lang='lat' dir='ltr'><strong>primum,</strong></span> <span class='ocrx_word' id='word_1_123' title='bbox 1979 1682 2117 1752; x_wconf 56' lang='lat' dir='ltr'><strong>quia:</strong></span> 
     </span>
    </p>
   </div>
   <div class='ocr_carea' id='block_1_18' title="bbox 524 1766 2113 1844">
    <p class='ocr_par' dir='ltr' id='par_1_18' title="bbox 524 1766 2113 1844">
     <span class='ocr_line' id='line_1_18' title="bbox 524 1766 2113 1844; baseline 0.004 -21"><span class='ocrx_word' id='word_1_124' title='bbox 524 1766 809 1823; x_wconf 72' lang='lat' dir='ltr'><strong>Iudaicam</strong></span> <span class='ocrx_word' id='word_1_125' title='bbox 833 1768 1420 1839; x_wconf 41' lang='lat' dir='ltr'><strong>justitiam&#39;destruit:</strong></span> <span class='ocrx_word' id='word_1_126' title='bbox 1488 1770 1709 1837; x_wconf 88' lang='lat' dir='ltr'><strong>deinde,</strong></span> <span class='ocrx_word' id='word_1_127' title='bbox 1770 1772 1898 1841; x_wconf 84' lang='lat' dir='ltr'><strong>quia</strong></span> <span class='ocrx_word' id='word_1_128' title='bbox 1964 1773 2113 1844; x_wconf 84' lang='lat' dir='ltr'><strong>apud</strong></span> 
     </span>
    </p>
   </div>
   <div class='ocr_carea' id='block_1_19' title="bbox 2210 573 3768 646">
    <p class='ocr_par' dir='ltr' id='par_1_19' title="bbox 2210 573 3768 646">
     <span class='ocr_line' id='line_1_19' title="bbox 2210 573 3768 646; baseline 0.004 -19"><span class='ocrx_word' id='word_1_129' title='bbox 2210 581 2409 640; x_wconf 85' lang='lat' dir='ltr'><strong>tantes,</strong></span> <span class='ocrx_word' id='word_1_130' title='bbox 2441 573 2713 630; x_wconf 82' lang='lat' dir='ltr'><strong>noabene</strong></span> <span class='ocrx_word' id='word_1_131' title='bbox 2751 573 3179 641; x_wconf 77' lang='lat' dir='ltr'><strong>meditabantur,</strong></span> <span class='ocrx_word' id='word_1_132' title='bbox 3235 575 3545 646; x_wconf 83' lang='lat' dir='ltr'><strong>iujuriabaut</strong></span> <span class='ocrx_word' id='word_1_133' title='bbox 3594 602 3697 645; x_wconf 69' lang='lat' dir='ltr'><strong>eas;</strong></span> <span class='ocrx_word' id='word_1_134' title='bbox 3758 578 3768 585; x_wconf 72' lang='grc'><strong><em>’</em></strong></span> 
     </span>
    </p>
   </div>
   <div class='ocr_carea' id='block_1_20' title="bbox 2208 665 3702 737">
    <p class='ocr_par' dir='ltr' id='par_1_20' title="bbox 2208 665 3702 737">
     <span class='ocr_line' id='line_1_20' title="bbox 2208 665 3702 737; baseline 0.007 -17"><span class='ocrx_word' id='word_1_135' title='bbox 2208 666 2445 735; x_wconf 77' lang='lat' dir='ltr'><strong>primum</strong></span> <span class='ocrx_word' id='word_1_136' title='bbox 2460 666 2684 737; x_wconf 81' lang='lat' dir='ltr'><strong>quidem</strong></span> <span class='ocrx_word' id='word_1_137' title='bbox 2711 665 2981 733; x_wconf 78' lang='lat' dir='ltr'><strong>dicentes,</strong></span> <span class='ocrx_word' id='word_1_138' title='bbox 3004 675 3060 721; x_wconf 91' lang='lat' dir='ltr'><strong>et</strong></span> <span class='ocrx_word' id='word_1_139' title='bbox 3095 682 3206 722; x_wconf 88' lang='lat' dir='ltr'><strong>non</strong></span> <span class='ocrx_word' id='word_1_140' title='bbox 3254 666 3519 732; x_wconf 77' lang='lat' dir='ltr'><strong>facientes.</strong></span> <span class='ocrx_word' id='word_1_141' title='bbox 3553 672 3702 733; x_wconf 83' lang='lat' dir='ltr'><strong>deinde</strong></span> 
     </span>
    </p>
   </div>
   <div class='ocr_carea' id='block_1_21' title="bbox 2208 757 3704 830">
    <p class='ocr_par' dir='ltr' id='par_1_21' title="bbox 2208 757 3704 830">
     <span class='ocr_line' id='line_1_21' title="bbox 2208 757 3704 830; baseline 0.007 -17"><span class='ocrx_word' id='word_1_142' title='bbox 2208 757 2618 829; x_wconf 79' lang='lat' dir='ltr'><strong>despicabiliter</strong></span> <span class='ocrx_word' id='word_1_143' title='bbox 2678 759 3129 830; x_wconf 78' lang='lat' dir='ltr'><strong>interpretantes,</strong></span> <span class='ocrx_word' id='word_1_144' title='bbox 3184 768 3241 814; x_wconf 86' lang='lat' dir='ltr'><strong>et</strong></span> <span class='ocrx_word' id='word_1_145' title='bbox 3265 760 3406 829; x_wconf 77' lang='lat' dir='ltr'><strong>quod</strong></span> <span class='ocrx_word' id='word_1_146' title='bbox 3451 762 3501 817; x_wconf 83' lang='lat' dir='ltr'><strong>in</strong></span> <span class='ocrx_word' id='word_1_147' title='bbox 3521 763 3589 817; x_wconf 78' lang='lat' dir='ltr'><strong>eis</strong></span> <span class='ocrx_word' id='word_1_148' title='bbox 3623 781 3704 824; x_wconf 77' lang='lat' dir='ltr'><strong>erat</strong></span> 
     </span>
    </p>
   </div>
   <div class='ocr_carea' id='block_1_22' title="bbox 2208 850 3704 923">
    <p class='ocr_par' dir='ltr' id='par_1_22' title="bbox 2208 850 3704 923">
     <span class='ocr_line' id='line_1_22' title="bbox 2208 850 3704 923; baseline 0.006 -17"><span class='ocrx_word' id='word_1_149' title='bbox 2208 852 2469 923; x_wconf 76' lang='lat' dir='ltr'><strong>optimam</strong></span> <span class='ocrx_word' id='word_1_150' title='bbox 2503 851 2808 922; x_wconf 77' lang='lat' dir='ltr'><strong>spiritalem</strong></span> <span class='ocrx_word' id='word_1_151' title='bbox 2852 850 3267 922; x_wconf 76' lang='lat' dir='ltr'><strong>intelligentiam</strong></span> <span class='ocrx_word' id='word_1_152' title='bbox 3328 860 3565 923; x_wconf 79' lang='lat' dir='ltr'><strong>tegentes.</strong></span> <span class='ocrx_word' id='word_1_153' title='bbox 3590 857 3704 915; x_wconf 75' lang='lat' dir='ltr'><strong>[inde</strong></span> 
     </span>
    </p>
   </div>
   <div class='ocr_carea' id='block_1_23' title="bbox 2207 930 2973 1013">
    <p class='ocr_par' dir='ltr' id='par_1_23' title="bbox 2207 930 2973 1013">
     <span class='ocr_line' id='line_1_23' title="bbox 2207 930 2973 1013; baseline -0.004 -15"><span class='ocrx_word' id='word_1_154' title='bbox 2207 951 2266 998; x_wconf 82' lang='lat' dir='ltr'><strong>et</strong></span> <span class='ocrx_word' id='word_1_155' title='bbox 2296 950 2700 1013; x_wconf 80' lang='lat' dir='ltr'><strong>consequenter</strong></span> <span class='ocrx_word' id='word_1_156' title='bbox 2714 930 2925 998; x_wconf 75' lang='lat' dir='ltr'><strong>addidit</strong></span> <span class='ocrx_word' id='word_1_157' title='bbox 2959 959 2973 995; x_wconf 89' lang='lat'><strong>:</strong></span> 
     </span>
    </p>
   </div>
   <div class='ocr_carea' id='block_1_24' title="bbox 2275 1031 3710 1105">
    <p class='ocr_par' dir='ltr' id='par_1_24' title="bbox 2275 1031 3710 1105">
     <span class='ocr_line' id='line_1_24' title="bbox 2275 1031 3710 1105; baseline -0.003 -16"><span class='ocrx_word' id='word_1_158' title='bbox 2275 1034 2628 1105; x_wconf 78' lang='lat' dir='ltr'><strong>Complacebit</strong></span> <span class='ocrx_word' id='word_1_159' title='bbox 2655 1034 2757 1089; x_wconf 86' lang='lat' dir='ltr'><strong>sibi</strong></span> <span class='ocrx_word' id='word_1_160' title='bbox 2785 1035 2843 1088; x_wconf 73' lang='lat' dir='ltr'><strong>in</strong></span> <span class='ocrx_word' id='word_1_161' title='bbox 2863 1031 3114 1088; x_wconf 85' lang='lat' dir='ltr'><strong>Sabbatis</strong></span> <span class='ocrx_word' id='word_1_162' title='bbox 3141 1034 3271 1089; x_wconf 81' lang='lat' dir='ltr'><strong>suis.</strong></span> <span class='ocrx_word' id='word_1_163' title='bbox 3297 1032 3347 1088; x_wconf 80' lang='lat' dir='ltr'><strong>l.l</strong></span> <span class='ocrx_word' id='word_1_164' title='bbox 3377 1045 3476 1101; x_wconf 88' lang='lat' dir='ltr'><strong>est,</strong></span> <span class='ocrx_word' id='word_1_165' title='bbox 3503 1036 3611 1093; x_wconf 83' lang='lat' dir='ltr'><strong>dum</strong></span> <span class='ocrx_word' id='word_1_166' title='bbox 3641 1041 3710 1096; x_wconf 62' lang='lat' dir='ltr'><strong>de.</strong></span> 
     </span>
    </p>
   </div>
   <div class='ocr_carea' id='block_1_25' title="bbox 2210 1121 3711 1187">
    <p class='ocr_par' dir='ltr' id='par_1_25' title="bbox 2210 1121 3711 1187">
     <span class='ocr_line' id='line_1_25' title="bbox 2210 1121 3711 1187; baseline 0.006 -8"><span class='ocrx_word' id='word_1_167' title='bbox 2210 1121 2382 1179; x_wconf 79' lang='lat' dir='ltr'><strong>solata</strong></span> <span class='ocrx_word' id='word_1_168' title='bbox 2411 1124 2481 1179; x_wconf 85' lang='lat' dir='ltr'><strong>ab</strong></span> <span class='ocrx_word' id='word_1_169' title='bbox 2510 1123 2593 1180; x_wconf 87' lang='lat' dir='ltr'><strong>eis</strong></span> <span class='ocrx_word' id='word_1_170' title='bbox 2620 1132 2892 1180; x_wconf 78' lang='lat' dir='ltr'><strong>remanet.</strong></span> <span class='ocrx_word' id='word_1_171' title='bbox 2940 1124 3152 1182; x_wconf 85' lang='lat' dir='ltr'><strong>Gaudet</strong></span> <span class='ocrx_word' id='word_1_172' title='bbox 3176 1140 3325 1181; x_wconf 85' lang='lat' dir='ltr'><strong>enim</strong></span> <span class='ocrx_word' id='word_1_173' title='bbox 3376 1124 3466 1182; x_wconf 87' lang='lat' dir='ltr'><strong>Dei</strong></span> <span class='ocrx_word' id='word_1_174' title='bbox 3521 1127 3594 1183; x_wconf 79' lang='lat' dir='ltr'><strong>lex</strong></span> <span class='ocrx_word' id='word_1_175' title='bbox 3642 1130 3711 1187; x_wconf 81' lang='lat' dir='ltr'><strong>lu-</strong></span> 
     </span>
    </p>
   </div>
   <div class='ocr_carea' id='block_1_26' title="bbox 2210 1214 3714 1289">
    <p class='ocr_par' dir='ltr' id='par_1_26' title="bbox 2210 1214 3714 1289">
     <span class='ocr_line' id='line_1_26' title="bbox 2210 1214 3714 1289; baseline 0.005 -18"><span class='ocrx_word' id='word_1_176' title='bbox 2210 1214 2450 1273; x_wconf 63' lang='lat' dir='ltr'><strong>dmorum</strong></span> <span class='ocrx_word' id='word_1_177' title='bbox 2477 1214 2669 1273; x_wconf 76' lang='lat' dir='ltr'><strong>fruens</strong></span> <span class='ocrx_word' id='word_1_178' title='bbox 2690 1217 3051 1284; x_wconf 86' lang='lat' dir='ltr'><strong>desolatione.</strong></span> <span class='ocrx_word' id='word_1_179' title='bbox 3083 1234 3247 1286; x_wconf 86' lang='lat' dir='ltr'><strong>quam</strong></span> <span class='ocrx_word' id='word_1_180' title='bbox 3278 1218 3377 1289; x_wconf 87' lang='lat' dir='ltr'><strong>ipsi</strong></span> <span class='ocrx_word' id='word_1_181' title='bbox 3403 1219 3598 1277; x_wconf 85' lang='lat' dir='ltr'><strong>sibimet</strong></span> <span class='ocrx_word' id='word_1_182' title='bbox 3612 1224 3714 1279; x_wconf 85' lang='lat' dir='ltr'><strong>intu-</strong></span> 
     </span>
    </p>
   </div>
   <div class='ocr_carea' id='block_1_27' title="bbox 2209 1303 3715 1383">
    <p class='ocr_par' dir='ltr' id='par_1_27' title="bbox 2209 1303 3715 1383">
     <span class='ocr_line' id='line_1_27' title="bbox 2209 1303 3715 1383; baseline 0.007 -25"><span class='ocrx_word' id='word_1_183' title='bbox 2209 1303 2408 1361; x_wconf 80' lang='lat' dir='ltr'><strong>lerunt.</strong></span> <span class='ocrx_word' id='word_1_184' title='bbox 2434 1305 2661 1379; x_wconf 82' lang='lat' dir='ltr'><strong>Propter</strong></span> <span class='ocrx_word' id='word_1_185' title='bbox 2674 1306 2899 1377; x_wconf 84' lang='lat' dir='ltr'><strong>quodet</strong></span> <span class='ocrx_word' id='word_1_186' title='bbox 2917 1308 3270 1365; x_wconf 69' lang='lat' dir='ltr'><strong>solitudinem</strong></span> <span class='ocrx_word' id='word_1_187' title='bbox 3324 1309 3463 1364; x_wconf 79' lang='lat' dir='ltr'><strong>illam</strong></span> <span class='ocrx_word' id='word_1_188' title='bbox 3508 1313 3603 1381; x_wconf 86' lang='lat' dir='ltr'><strong>pati</strong></span> <span class='ocrx_word' id='word_1_189' title='bbox 3646 1328 3715 1383; x_wconf 81' lang='lat' dir='ltr'><strong>prs</strong></span> 
     </span>
    </p>
   </div>
   <div class='ocr_carea' id='block_1_28' title="bbox 2209 1397 2472 1456">
    <p class='ocr_par' dir='ltr' id='par_1_28' title="bbox 2209 1397 2472 1456">
     <span class='ocr_line' id='line_1_28' title="bbox 2209 1397 2472 1456; baseline -0.008 0"><span class='ocrx_word' id='word_1_190' title='bbox 2209 1397 2292 1456; x_wconf 76' lang='lat' dir='ltr'><strong>eis</strong></span> <span class='ocrx_word' id='word_1_191' title='bbox 2316 1397 2472 1454; x_wconf 81' lang='lat' dir='ltr'><strong>dixit.</strong></span> 
     </span>
    </p>
   </div>
   <div class='ocr_carea' id='block_1_29' title="bbox 2224 1492 3717 1567">
    <p class='ocr_par' dir='ltr' id='par_1_29' title="bbox 2224 1492 3717 1567">
     <span class='ocr_line' id='line_1_29' title="bbox 2224 1492 3717 1567; baseline 0.003 -20"><span class='ocrx_word' id='word_1_192' title='bbox 2224 1516 2231 1525; x_wconf 64' lang='grc' dir='ltr'><strong><em>λ</em></strong></span> <span class='ocrx_word' id='word_1_193' title='bbox 2277 1492 2388 1563; x_wconf 69' lang='lat' dir='ltr'><strong>Ipsi</strong></span> <span class='ocrx_word' id='word_1_194' title='bbox 2407 1509 2529 1563; x_wconf 74' lang='lat' dir='ltr'><strong>vero</strong></span> <span class='ocrx_word' id='word_1_195' title='bbox 2559 1496 2822 1564; x_wconf 78' lang='lat' dir='ltr'><strong>rogabant</strong></span> <span class='ocrx_word' id='word_1_196' title='bbox 2849 1510 2948 1564; x_wconf 86' lang='lat' dir='ltr'><strong>pro</strong></span> <span class='ocrx_word' id='word_1_197' title='bbox 2982 1494 3216 1564; x_wconf 79' lang='lat' dir='ltr'><strong>peccatis</strong></span> <span class='ocrx_word' id='word_1_198' title='bbox 3234 1494 3369 1558; x_wconf 76' lang='lat' dir='ltr'><strong>sitis.</strong></span> <span class='ocrx_word' id='word_1_199' title='bbox 3407 1498 3599 1567; x_wconf 78' lang='lat' dir='ltr'><strong>ecquod</strong></span> <span class='ocrx_word' id='word_1_200' title='bbox 3612 1500 3717 1563; x_wconf 76' lang='lat' dir='ltr'><strong>adie-</strong></span> 
     </span>
    </p>
   </div>
   <div class='ocr_carea' id='block_1_30' title="bbox 2211 1583 3720 1660">
    <p class='ocr_par' dir='ltr' id='par_1_30' title="bbox 2211 1583 3720 1660">
     <span class='ocr_line' id='line_1_30' title="bbox 2211 1583 3720 1660; baseline 0.004 -23"><span class='ocrx_word' id='word_1_201' title='bbox 2211 1584 2374 1638; x_wconf 79' lang='lat' dir='ltr'><strong>cerint</strong></span> <span class='ocrx_word' id='word_1_202' title='bbox 2389 1583 2600 1653; x_wconf 79' lang='lat' dir='ltr'><strong>judicia</strong></span> <span class='ocrx_word' id='word_1_203' title='bbox 2626 1600 2769 1649; x_wconf 80' lang='lat' dir='ltr'><strong>mea,</strong></span> <span class='ocrx_word' id='word_1_204' title='bbox 2799 1585 3002 1657; x_wconf 70' lang='lat' dir='ltr'><strong>etlrges</strong></span> <span class='ocrx_word' id='word_1_205' title='bbox 3042 1601 3188 1639; x_wconf 83' lang='lat' dir='ltr'><strong>meas</strong></span> <span class='ocrx_word' id='word_1_206' title='bbox 3233 1586 3566 1655; x_wconf 67' lang='lat' dir='ltr'><strong>despexerint.</strong></span> <span class='ocrx_word' id='word_1_207' title='bbox 3589 1588 3720 1660; x_wconf 76' lang='lat' dir='ltr'><strong>Dupli-</strong></span> 
     </span>
    </p>
   </div>
   <div class='ocr_carea' id='block_1_31' title="bbox 2210 1673 3719 1749">
    <p class='ocr_par' dir='ltr' id='par_1_31' title="bbox 2210 1673 3719 1749">
     <span class='ocr_line' id='line_1_31' title="bbox 2210 1673 3719 1749; baseline 0.007 -20"><span class='ocrx_word' id='word_1_208' title='bbox 2210 1673 2316 1741; x_wconf 82' lang='lat' dir='ltr'><strong>cia,</strong></span> <span class='ocrx_word' id='word_1_209' title='bbox 2344 1674 2545 1744; x_wconf 84' lang='lat' dir='ltr'><strong>inquit,</strong></span> <span class='ocrx_word' id='word_1_210' title='bbox 2561 1675 2704 1730; x_wconf 88' lang='lat' dir='ltr'><strong>bona</strong></span> <span class='ocrx_word' id='word_1_211' title='bbox 2727 1677 2957 1747; x_wconf 76' lang='lat' dir='ltr'><strong>expulsa</strong></span> <span class='ocrx_word' id='word_1_212' title='bbox 2991 1677 3061 1732; x_wconf 87' lang='lat' dir='ltr'><strong>de</strong></span> <span class='ocrx_word' id='word_1_213' title='bbox 3126 1677 3289 1749; x_wconf 85' lang='lat' dir='ltr'><strong>plebe</strong></span> <span class='ocrx_word' id='word_1_214' title='bbox 3325 1677 3630 1749; x_wconf 62' lang='lat' dir='ltr'><strong>Judatormu,</strong></span> <span class='ocrx_word' id='word_1_215' title='bbox 3676 1686 3719 1740; x_wconf 76' lang='lat' dir='ltr'><strong>de</strong></span> 
     </span>
    </p>
   </div>
   <div class='ocr_carea' id='block_1_32' title="bbox 2152 1766 3721 1847">
    <p class='ocr_par' dir='ltr' id='par_1_32' title="bbox 2152 1766 3721 1847">
     <span class='ocr_line' id='line_1_32' title="bbox 2152 1766 3721 1847; baseline 0.004 -25"><span class='ocrx_word' id='word_1_216' title='bbox 2152 1840 2157 1847; x_wconf 27' lang='lat'><strong>.</strong></span> <span class='ocrx_word' id='word_1_217' title='bbox 2216 1766 2520 1837; x_wconf 83' lang='lat' dir='ltr'><strong>Scripturis</strong></span> <span class='ocrx_word' id='word_1_218' title='bbox 2542 1767 2713 1824; x_wconf 87' lang='lat' dir='ltr'><strong>sacris</strong></span> <span class='ocrx_word' id='word_1_219' title='bbox 2731 1778 3127 1839; x_wconf 79' lang='lat' dir='ltr'><strong>provenerunt,</strong></span> <span class='ocrx_word' id='word_1_220' title='bbox 3159 1786 3266 1826; x_wconf 86' lang='lat' dir='ltr'><strong>nec</strong></span> <span class='ocrx_word' id='word_1_221' title='bbox 3319 1770 3421 1840; x_wconf 83' lang='lat' dir='ltr'><strong>ipsi</strong></span> <span class='ocrx_word' id='word_1_222' title='bbox 3454 1773 3585 1828; x_wconf 78' lang='lat' dir='ltr'><strong>enim</strong></span> <span class='ocrx_word' id='word_1_223' title='bbox 3628 1775 3721 1844; x_wconf 78' lang='lat' dir='ltr'><strong>inju-</strong></span> 
     </span>
    </p>
   </div>
   <div class='ocr_carea' id='block_1_33' title="bbox 530 1855 3721 1933">
    <p class='ocr_par' dir='ltr' id='par_1_33' title="bbox 530 1855 3721 1933">
     <span class='ocr_line' id='line_1_33' title="bbox 530 1855 3721 1933; baseline 0.004 -25"><span class='ocrx_word' id='word_1_224' title='bbox 530 1864 728 1925; x_wconf 79' lang='lat' dir='ltr'><strong>gentes</strong></span> <span class='ocrx_word' id='word_1_225' title='bbox 746 1864 857 1918; x_wconf 83' lang='lat' dir='ltr'><strong>est,</strong></span> <span class='ocrx_word' id='word_1_226' title='bbox 882 1857 1083 1925; x_wconf 80' lang='lat' dir='ltr'><strong>quibus</strong></span> <span class='ocrx_word' id='word_1_227' title='bbox 1105 1855 1286 1912; x_wconf 81' lang='lat' dir='ltr'><strong>aemuli</strong></span> <span class='ocrx_word' id='word_1_228' title='bbox 1309 1865 1460 1924; x_wconf 85' lang='lat' dir='ltr'><strong>sunt,</strong></span> <span class='ocrx_word' id='word_1_229' title='bbox 1487 1868 1544 1913; x_wconf 82' lang='lat' dir='ltr'><strong>et</strong></span> <span class='ocrx_word' id='word_1_230' title='bbox 1604 1862 1953 1917; x_wconf 83' lang='lat' dir='ltr'><strong>contentiosa</strong></span> <span class='ocrx_word' id='word_1_231' title='bbox 2015 1864 2113 1919; x_wconf 85' lang='lat' dir='ltr'><strong>ad—</strong></span> <span class='ocrx_word' id='word_1_232' title='bbox 2143 1866 2184 1923; x_wconf 75' lang='grc' dir='ltr'><strong><em>Β</em></strong></span> <span class='ocrx_word' id='word_1_233' title='bbox 2213 1855 2445 1924; x_wconf 80' lang='lat' dir='ltr'><strong>risnlur,</strong></span> <span class='ocrx_word' id='word_1_234' title='bbox 2476 1865 2704 1928; x_wconf 75' lang='lat' dir='ltr'><strong>propter</strong></span> <span class='ocrx_word' id='word_1_235' title='bbox 2720 1859 2865 1929; x_wconf 89' lang='lat' dir='ltr'><strong>quod</strong></span> <span class='ocrx_word' id='word_1_236' title='bbox 2886 1868 2942 1914; x_wconf 89' lang='lat' dir='ltr'><strong>et</strong></span> <span class='ocrx_word' id='word_1_237' title='bbox 2965 1861 3203 1931; x_wconf 75' lang='lat' dir='ltr'><strong>gaudent</strong></span> <span class='ocrx_word' id='word_1_238' title='bbox 3251 1874 3363 1916; x_wconf 74' lang='lat' dir='ltr'><strong>non</strong></span> <span class='ocrx_word' id='word_1_239' title='bbox 3404 1862 3502 1933; x_wconf 75' lang='lat' dir='ltr'><strong>legi</strong></span> <span class='ocrx_word' id='word_1_240' title='bbox 3554 1865 3614 1919; x_wconf 80' lang='lat' dir='ltr'><strong>ab</strong></span> <span class='ocrx_word' id='word_1_241' title='bbox 3653 1867 3721 1933; x_wconf 76' lang='lat' dir='ltr'><strong>eis,</strong></span> 
     </span>
    </p>
   </div>
   <div class='ocr_carea' id='block_1_34' title="bbox 525 1946 2115 2017">
    <p class='ocr_par' dir='ltr' id='par_1_34' title="bbox 525 1946 2115 2017">
     <span class='ocr_line' id='line_1_34' title="bbox 525 1946 2115 2017; baseline 0.006 -17"><span class='ocrx_word' id='word_1_242' title='bbox 525 1959 723 2001; x_wconf 74' lang='lat' dir='ltr'><strong>versus</strong></span> <span class='ocrx_word' id='word_1_243' title='bbox 746 1960 841 2000; x_wconf 87' lang='lat' dir='ltr'><strong>eas</strong></span> <span class='ocrx_word' id='word_1_244' title='bbox 863 1946 1048 2002; x_wconf 82' lang='lat' dir='ltr'><strong>animo</strong></span> <span class='ocrx_word' id='word_1_245' title='bbox 1074 1948 1274 2004; x_wconf 85' lang='lat' dir='ltr'><strong>salvari</strong></span> <span class='ocrx_word' id='word_1_246' title='bbox 1326 1962 1438 2005; x_wconf 87' lang='lat' dir='ltr'><strong>non</strong></span> <span class='ocrx_word' id='word_1_247' title='bbox 1472 1950 1686 2017; x_wconf 88' lang='lat' dir='ltr'><strong>volunt,</strong></span> <span class='ocrx_word' id='word_1_248' title='bbox 1741 1953 1813 2007; x_wconf 92' lang='lat' dir='ltr'><strong>ita</strong></span> <span class='ocrx_word' id='word_1_249' title='bbox 1862 1963 1922 2008; x_wconf 90' lang='lat' dir='ltr'><strong>ut</strong></span> <span class='ocrx_word' id='word_1_250' title='bbox 1971 1955 2115 2011; x_wconf 84' lang='lat' dir='ltr'><strong>Deus</strong></span> 
     </span>
    </p>
   </div>
   <div class='ocr_carea' id='block_1_35' title="bbox 518 2033 2117 2106">
    <p class='ocr_par' dir='ltr' id='par_1_35' title="bbox 518 2033 2117 2106">
     <span class='ocr_line' id='line_1_35' title="bbox 518 2033 2117 2106; baseline 0.012 -25"><span class='ocrx_word' id='word_1_251' title='bbox 518 2049 629 2105; x_wconf 68' lang='grc' dir='ltr'><strong>,ρετ</strong></span> <span class='ocrx_word' id='word_1_252' title='bbox 651 2033 876 2106; x_wconf 76' lang='lat' dir='ltr'><strong>Moysen</strong></span> <span class='ocrx_word' id='word_1_253' title='bbox 905 2035 1113 2092; x_wconf 84' lang='lat' dir='ltr'><strong>diceret</strong></span> <span class='ocrx_word' id='word_1_254' title='bbox 1143 2053 1159 2091; x_wconf 90' lang='lat'><strong>:</strong></span> <span class='ocrx_word' id='word_1_255' title='bbox 1192 2038 1274 2093; x_wconf 82' lang='lat' dir='ltr'><strong>Ad</strong></span> <span class='ocrx_word' id='word_1_256' title='bbox 1298 2039 1698 2096; x_wconf 70' lang='lat' dir='ltr'><strong>tantulationem</strong></span> <span class='ocrx_word' id='word_1_257' title='bbox 1730 2059 1820 2097; x_wconf 81' lang='lat' dir='ltr'><strong>uos</strong></span> <span class='ocrx_word' id='word_1_258' title='bbox 1849 2045 2117 2100; x_wconf 75' lang='lat' dir='ltr'><strong>adducam</strong></span> 
     </span>
    </p>
   </div>
   <div class='ocr_carea' id='block_1_36' title="bbox 519 2125 2117 2207">
    <p class='ocr_par' dir='ltr' id='par_1_36' title="bbox 519 2125 2117 2207">
     <span class='ocr_line' id='line_1_36' title="bbox 519 2125 2117 2207; baseline 0.006 -27"><span class='ocrx_word' id='word_1_259' title='bbox 519 2127 699 2180; x_wconf 75' lang='lat' dir='ltr'><strong>nonin</strong></span> <span class='ocrx_word' id='word_1_260' title='bbox 722 2135 872 2197; x_wconf 76' lang='lat' dir='ltr'><strong>gente</strong></span> <span class='ocrx_word' id='word_1_261' title='bbox 900 2129 943 2178; x_wconf 82' lang='grc'><strong>⁸.</strong></span> <span class='ocrx_word' id='word_1_262' title='bbox 969 2125 1172 2184; x_wconf 75' lang='lat' dir='ltr'><strong>Paulus</strong></span> <span class='ocrx_word' id='word_1_263' title='bbox 1197 2137 1380 2185; x_wconf 85' lang='lat' dir='ltr'><strong>autem</strong></span> <span class='ocrx_word' id='word_1_264' title='bbox 1399 2148 1414 2184; x_wconf 86' lang='lat'><strong>:</strong></span> <span class='ocrx_word' id='word_1_265' title='bbox 1436 2129 1736 2187; x_wconf 77' lang='lat' dir='ltr'><strong>Secundum</strong></span> <span class='ocrx_word' id='word_1_266' title='bbox 1769 2133 2117 2207; x_wconf 78' lang='lat' dir='ltr'><strong>Euangeliunt</strong></span> 
     </span>
    </p>
   </div>
   <div class='ocr_carea' id='block_1_37' title="bbox 534 2216 2114 2291">
    <p class='ocr_par' dir='ltr' id='par_1_37' title="bbox 534 2216 2114 2291">
     <span class='ocr_line' id='line_1_37' title="bbox 534 2216 2114 2291; baseline 0.006 -23"><span class='ocrx_word' id='word_1_267' title='bbox 534 2216 745 2285; x_wconf 78' lang='lat' dir='ltr'><strong>quidem</strong></span> <span class='ocrx_word' id='word_1_268' title='bbox 778 2216 981 2270; x_wconf 84' lang='lat' dir='ltr'><strong>inimici</strong></span> <span class='ocrx_word' id='word_1_269' title='bbox 999 2226 1213 2287; x_wconf 75' lang='lat' dir='ltr'><strong>propter</strong></span> <span class='ocrx_word' id='word_1_270' title='bbox 1240 2235 1332 2273; x_wconf 76' lang='lat' dir='ltr'><strong>vos</strong></span> <span class='ocrx_word' id='word_1_271' title='bbox 1359 2220 1402 2272; x_wconf 80' lang='lat'><strong>°.</strong></span> <span class='ocrx_word' id='word_1_272' title='bbox 1459 2219 1672 2291; x_wconf 83' lang='lat' dir='ltr'><strong>Rursus</strong></span> <span class='ocrx_word' id='word_1_273' title='bbox 1707 2236 1724 2274; x_wconf 86' lang='lat'><strong>:</strong></span> <span class='ocrx_word' id='word_1_274' title='bbox 1764 2219 1911 2277; x_wconf 77' lang='lat' dir='ltr'><strong>Sicut</strong></span> <span class='ocrx_word' id='word_1_275' title='bbox 1976 2224 2114 2277; x_wconf 84' lang='lat' dir='ltr'><strong>enim</strong></span> 
     </span>
    </p>
   </div>
   <div class='ocr_carea' id='block_1_38' title="bbox 524 2308 2115 2382">
    <p class='ocr_par' dir='ltr' id='par_1_38' title="bbox 524 2308 2115 2382">
     <span class='ocr_line' id='line_1_38' title="bbox 524 2308 2115 2382; baseline 0.006 -22"><span class='ocrx_word' id='word_1_276' title='bbox 524 2321 617 2360; x_wconf 76' lang='lat' dir='ltr'><strong>vos</strong></span> <span class='ocrx_word' id='word_1_277' title='bbox 645 2322 766 2361; x_wconf 77' lang='lat' dir='ltr'><strong>cum</strong></span> <span class='ocrx_word' id='word_1_278' title='bbox 792 2308 999 2363; x_wconf 81' lang='lat' dir='ltr'><strong>inimici</strong></span> <span class='ocrx_word' id='word_1_279' title='bbox 1029 2311 1236 2375; x_wconf 79' lang='lat' dir='ltr'><strong>essetis,</strong></span> <span class='ocrx_word' id='word_1_280' title='bbox 1268 2311 1597 2366; x_wconf 80' lang='lat' dir='ltr'><strong>reconciliati</strong></span> <span class='ocrx_word' id='word_1_281' title='bbox 1612 2313 1738 2368; x_wconf 86' lang='lat' dir='ltr'><strong>estis</strong></span> <span class='ocrx_word' id='word_1_282' title='bbox 1758 2313 1892 2382; x_wconf 79' lang='lat' dir='ltr'><strong>Deo,</strong></span> <span class='ocrx_word' id='word_1_283' title='bbox 1921 2317 2002 2370; x_wconf 78' lang='lat' dir='ltr'><strong>sic</strong></span> <span class='ocrx_word' id='word_1_284' title='bbox 2064 2322 2115 2370; x_wconf 85' lang='lat' dir='ltr'><strong>et</strong></span> 
     </span>
    </p>
   </div>
   <div class='ocr_carea' id='block_1_39' title="bbox 526 2397 1894 2458">
    <p class='ocr_par' dir='ltr' id='par_1_39' title="bbox 526 2397 1894 2458">
     <span class='ocr_line' id='line_1_39' title="bbox 526 2397 1894 2458; baseline 0.008 -11"><span class='ocrx_word' id='word_1_285' title='bbox 526 2408 667 2448; x_wconf 75' lang='lat' dir='ltr'><strong>nunc</strong></span> <span class='ocrx_word' id='word_1_286' title='bbox 684 2410 787 2447; x_wconf 87' lang='lat' dir='ltr'><strong>non</strong></span> <span class='ocrx_word' id='word_1_287' title='bbox 807 2397 1139 2451; x_wconf 81' lang='lat' dir='ltr'><strong>crediderunt</strong></span> <span class='ocrx_word' id='word_1_288' title='bbox 1168 2399 1220 2452; x_wconf 87' lang='lat' dir='ltr'><strong>in</strong></span> <span class='ocrx_word' id='word_1_289' title='bbox 1246 2409 1420 2457; x_wconf 81' lang='lat' dir='ltr'><strong>vestra</strong></span> <span class='ocrx_word' id='word_1_290' title='bbox 1451 2402 1812 2457; x_wconf 72' lang='lat' dir='ltr'><strong>misericordia</strong></span> <span class='ocrx_word' id='word_1_291' title='bbox 1852 2406 1894 2458; x_wconf 83' lang='grc'><strong>⁷.</strong></span> 
     </span>
    </p>
   </div>
   <div class='ocr_carea' id='block_1_40' title="bbox 606 2487 2116 2557">
    <p class='ocr_par' dir='ltr' id='par_1_40' title="bbox 606 2487 2116 2557">
     <span class='ocr_line' id='line_1_40' title="bbox 606 2487 2116 2557; baseline 0.008 -17"><span class='ocrx_word' id='word_1_292' title='bbox 606 2487 748 2541; x_wconf 82' lang='lat' dir='ltr'><strong>Tunc</strong></span> <span class='ocrx_word' id='word_1_293' title='bbox 778 2488 1044 2544; x_wconf 75' lang='lat' dir='ltr'><strong>erubescet</strong></span> <span class='ocrx_word' id='word_1_294' title='bbox 1078 2489 1453 2545; x_wconf 79' lang='lat' dir='ltr'><strong>incircumcisa</strong></span> <span class='ocrx_word' id='word_1_295' title='bbox 1483 2507 1629 2547; x_wconf 80' lang='lat' dir='ltr'><strong>mens</strong></span> <span class='ocrx_word' id='word_1_296' title='bbox 1660 2510 1870 2557; x_wconf 79' lang='lat' dir='ltr'><strong>eorum,</strong></span> <span class='ocrx_word' id='word_1_297' title='bbox 1909 2505 1959 2550; x_wconf 80' lang='lat' dir='ltr'><strong>et</strong></span> <span class='ocrx_word' id='word_1_298' title='bbox 1990 2504 2116 2552; x_wconf 72' lang='lat' dir='ltr'><strong>tunc</strong></span> 
     </span>
    </p>
   </div>
   <div class='ocr_carea' id='block_1_41' title="bbox 526 2577 2114 2653">
    <p class='ocr_par' dir='ltr' id='par_1_41' title="bbox 526 2577 2114 2653">
     <span class='ocr_line' id='line_1_41' title="bbox 526 2577 2114 2653; baseline 0.006 -20"><span class='ocrx_word' id='word_1_299' title='bbox 526 2577 756 2633; x_wconf 75' lang='lat' dir='ltr'><strong>orabunt</strong></span> <span class='ocrx_word' id='word_1_300' title='bbox 812 2594 907 2647; x_wconf 90' lang='lat' dir='ltr'><strong>pro</strong></span> <span class='ocrx_word' id='word_1_301' title='bbox 959 2581 1330 2651; x_wconf 76' lang='lat' dir='ltr'><strong>iniquitatibus</strong></span> <span class='ocrx_word' id='word_1_302' title='bbox 1355 2583 1491 2637; x_wconf 84' lang='lat' dir='ltr'><strong>suis.</strong></span> <span class='ocrx_word' id='word_1_303' title='bbox 1517 2583 1644 2639; x_wconf 88' lang='lat' dir='ltr'><strong>Sive</strong></span> <span class='ocrx_word' id='word_1_304' title='bbox 1683 2597 1745 2641; x_wconf 91' lang='lat' dir='ltr'><strong>ut</strong></span> <span class='ocrx_word' id='word_1_305' title='bbox 1806 2586 1970 2653; x_wconf 76' lang='lat' dir='ltr'><strong>LXX,</strong></span> <span class='ocrx_word' id='word_1_306' title='bbox 2046 2589 2114 2643; x_wconf 86' lang='lat' dir='ltr'><strong>Et</strong></span> 
     </span>
    </p>
   </div>
   <div class='ocr_carea' id='block_1_42' title="bbox 532 2670 2115 2749">
    <p class='ocr_par' dir='ltr' id='par_1_42' title="bbox 532 2670 2115 2749">
     <span class='ocr_line' id='line_1_42' title="bbox 532 2670 2115 2749; baseline 0.008 -25"><span class='ocrx_word' id='word_1_307' title='bbox 532 2676 746 2742; x_wconf 83' lang='lat' dir='ltr'><strong>peccata</strong></span> <span class='ocrx_word' id='word_1_308' title='bbox 805 2684 905 2723; x_wconf 88' lang='lat' dir='ltr'><strong>sua</strong></span> <span class='ocrx_word' id='word_1_309' title='bbox 959 2670 1160 2739; x_wconf 83' lang='lat' dir='ltr'><strong>placita</strong></span> <span class='ocrx_word' id='word_1_310' title='bbox 1193 2673 1477 2735; x_wconf 75' lang='lat' dir='ltr'><strong>habebunt,</strong></span> <span class='ocrx_word' id='word_1_311' title='bbox 1524 2674 1581 2729; x_wconf 90' lang='lat' dir='ltr'><strong>id</strong></span> <span class='ocrx_word' id='word_1_312' title='bbox 1611 2684 1720 2741; x_wconf 88' lang='lat' dir='ltr'><strong>est,</strong></span> <span class='ocrx_word' id='word_1_313' title='bbox 1744 2692 1937 2746; x_wconf 58' lang='lat' dir='ltr'><strong>pinnas</strong></span> <span class='ocrx_word' id='word_1_314' title='bbox 1980 2694 2115 2749; x_wconf 79' lang='lat' dir='ltr'><strong>quas</strong></span> 
     </span>
    </p>
   </div>
   <div class='ocr_carea' id='block_1_43' title="bbox 528 2755 2117 2832">
    <p class='ocr_par' dir='ltr' id='par_1_43' title="bbox 528 2755 2117 2832">
     <span class='ocr_line' id='line_1_43' title="bbox 528 2755 2117 2832; baseline 0.009 -24"><span class='ocrx_word' id='word_1_315' title='bbox 528 2755 814 2826; x_wconf 86' lang='lat' dir='ltr'><strong>patiuntur</strong></span> <span class='ocrx_word' id='word_1_316' title='bbox 847 2771 945 2824; x_wconf 92' lang='lat' dir='ltr'><strong>pro</strong></span> <span class='ocrx_word' id='word_1_317' title='bbox 966 2758 1210 2826; x_wconf 88' lang='lat' dir='ltr'><strong>peccatis</strong></span> <span class='ocrx_word' id='word_1_318' title='bbox 1247 2775 1261 2811; x_wconf 86' lang='lat'><strong><em>:</em></strong></span> <span class='ocrx_word' id='word_1_319' title='bbox 1291 2760 1372 2815; x_wconf 92' lang='lat' dir='ltr'><strong>sic</strong></span> <span class='ocrx_word' id='word_1_320' title='bbox 1412 2760 1559 2816; x_wconf 73' lang='lat' dir='ltr'><strong>enim</strong></span> <span class='ocrx_word' id='word_1_321' title='bbox 1600 2764 1748 2832; x_wconf 86' lang='lat' dir='ltr'><strong>quod</strong></span> <span class='ocrx_word' id='word_1_322' title='bbox 1775 2764 1985 2820; x_wconf 86' lang='lat' dir='ltr'><strong>dictum</strong></span> <span class='ocrx_word' id='word_1_323' title='bbox 2030 2774 2117 2822; x_wconf 86' lang='lat' dir='ltr'><strong>est</strong></span> 
     </span>
    </p>
   </div>
   <div class='ocr_carea' id='block_1_44' title="bbox 529 2845 2111 2924">
    <p class='ocr_par' dir='ltr' id='par_1_44' title="bbox 529 2845 2111 2924">
     <span class='ocr_line' id='line_1_44' title="bbox 529 2845 2111 2924; baseline 0.009 -23"><span class='ocrx_word' id='word_1_324' title='bbox 529 2846 590 2902; x_wconf 88' lang='lat' dir='ltr'><strong>in</strong></span> <span class='ocrx_word' id='word_1_325' title='bbox 612 2845 753 2903; x_wconf 87' lang='lat' dir='ltr'><strong>Osee</strong></span> <span class='ocrx_word' id='word_1_326' title='bbox 782 2848 1181 2907; x_wconf 75' lang='lat' dir='ltr'><strong>intelleximus:</strong></span> <span class='ocrx_word' id='word_1_327' title='bbox 1214 2851 1441 2907; x_wconf 78' lang='lat' dir='ltr'><strong>I’eccata</strong></span> <span class='ocrx_word' id='word_1_328' title='bbox 1455 2855 1638 2924; x_wconf 78' lang='lat' dir='ltr'><strong>populi</strong></span> <span class='ocrx_word' id='word_1_329' title='bbox 1660 2858 1762 2912; x_wconf 83' lang='lat' dir='ltr'><strong>mei</strong></span> <span class='ocrx_word' id='word_1_330' title='bbox 1776 2866 2046 2914; x_wconf 72' lang='lat' dir='ltr'><strong>comedent</strong></span> <span class='ocrx_word' id='word_1_331' title='bbox 2068 2860 2111 2917; x_wconf 82' lang='lat'><strong>&#39;.</strong></span> 
     </span>
    </p>
   </div>
   <div class='ocr_carea' id='block_1_45' title="bbox 530 2936 2111 3012">
    <p class='ocr_par' dir='ltr' id='par_1_45' title="bbox 530 2936 2111 3012">
     <span class='ocr_line' id='line_1_45' title="bbox 530 2936 2111 3012; baseline 0.009 -23"><span class='ocrx_word' id='word_1_332' title='bbox 530 2936 674 3003; x_wconf 82' lang='lat' dir='ltr'><strong>Quid</strong></span> <span class='ocrx_word' id='word_1_333' title='bbox 694 2944 876 2993; x_wconf 85' lang='lat' dir='ltr'><strong>autem</strong></span> <span class='ocrx_word' id='word_1_334' title='bbox 901 2937 1005 2994; x_wconf 87' lang='lat' dir='ltr'><strong>hoc</strong></span> <span class='ocrx_word' id='word_1_335' title='bbox 1027 2946 1133 3004; x_wconf 87' lang='lat' dir='ltr'><strong>est,</strong></span> <span class='ocrx_word' id='word_1_336' title='bbox 1162 2938 1215 2992; x_wconf 90' lang='lat' dir='ltr'><strong>in</strong></span> <span class='ocrx_word' id='word_1_337' title='bbox 1236 2940 1704 3012; x_wconf 83' lang='lat' dir='ltr'><strong>subsequentibus</strong></span> <span class='ocrx_word' id='word_1_338' title='bbox 1720 2947 2111 3004; x_wconf 85' lang='lat' dir='ltr'><strong>manifestavit:</strong></span> 
     </span>
    </p>
   </div>
   <div class='ocr_carea' id='block_1_46' title="bbox 530 3026 2113 3098">
    <p class='ocr_par' dir='ltr' id='par_1_46' title="bbox 530 3026 2113 3098">
     <span class='ocr_line' id='line_1_46' title="bbox 530 3026 2113 3098; baseline 0.009 -14"><span class='ocrx_word' id='word_1_339' title='bbox 530 3026 602 3085; x_wconf 83' lang='lat' dir='ltr'><strong>Et</strong></span> <span class='ocrx_word' id='word_1_340' title='bbox 632 3027 702 3082; x_wconf 83' lang='lat' dir='ltr'><strong>ad</strong></span> <span class='ocrx_word' id='word_1_341' title='bbox 723 3028 1062 3098; x_wconf 72' lang='lat' dir='ltr'><strong>iniquitatem</strong></span> <span class='ocrx_word' id='word_1_342' title='bbox 1080 3046 1264 3084; x_wconf 76' lang='lat' dir='ltr'><strong>eorum</strong></span> <span class='ocrx_word' id='word_1_343' title='bbox 1310 3034 1653 3092; x_wconf 71' lang='lat' dir='ltr'><strong>sublevabunt</strong></span> <span class='ocrx_word' id='word_1_344' title='bbox 1679 3040 1889 3096; x_wconf 86' lang='lat' dir='ltr'><strong>animas</strong></span> <span class='ocrx_word' id='word_1_345' title='bbox 1908 3057 2113 3098; x_wconf 80' lang='lat' dir='ltr'><strong>eorum.</strong></span> 
     </span>
    </p>
   </div>
   <div class='ocr_carea' id='block_1_47' title="bbox 2214 1950 3723 2023">
    <p class='ocr_par' dir='ltr' id='par_1_47' title="bbox 2214 1950 3723 2023">
     <span class='ocr_line' id='line_1_47' title="bbox 2214 1950 3723 2023; baseline 0.005 -19"><span class='ocrx_word' id='word_1_346' title='bbox 2214 1962 2394 2020; x_wconf 81' lang='lat' dir='ltr'><strong>neque</strong></span> <span class='ocrx_word' id='word_1_347' title='bbox 2442 1950 2595 2007; x_wconf 87' lang='lat' dir='ltr'><strong>enim</strong></span> <span class='ocrx_word' id='word_1_348' title='bbox 2623 1951 2696 2007; x_wconf 90' lang='lat' dir='ltr'><strong>ita</strong></span> <span class='ocrx_word' id='word_1_349' title='bbox 2719 1951 2930 2022; x_wconf 87' lang='lat' dir='ltr'><strong>legunt,</strong></span> <span class='ocrx_word' id='word_1_350' title='bbox 2954 1952 3097 2008; x_wconf 85' lang='lat' dir='ltr'><strong>sicut</strong></span> <span class='ocrx_word' id='word_1_351' title='bbox 3131 1953 3308 2023; x_wconf 82' lang='lat' dir='ltr'><strong>prius,</strong></span> <span class='ocrx_word' id='word_1_352' title='bbox 3348 1970 3471 2011; x_wconf 81' lang='lat' dir='ltr'><strong>eum</strong></span> <span class='ocrx_word' id='word_1_353' title='bbox 3540 1956 3634 2010; x_wconf 86' lang='lat' dir='ltr'><strong>sint</strong></span> <span class='ocrx_word' id='word_1_354' title='bbox 3668 1958 3723 2012; x_wconf 78' lang='lat' dir='ltr'><strong>tli-</strong></span> 
     </span>
    </p>
   </div>
   <div class='ocr_carea' id='block_1_48' title="bbox 2214 2039 3721 2113">
    <p class='ocr_par' dir='ltr' id='par_1_48' title="bbox 2214 2039 3721 2113">
     <span class='ocr_line' id='line_1_48' title="bbox 2214 2039 3721 2113; baseline 0.006 -20"><span class='ocrx_word' id='word_1_355' title='bbox 2214 2039 2387 2110; x_wconf 84' lang='lat' dir='ltr'><strong>spersi</strong></span> <span class='ocrx_word' id='word_1_356' title='bbox 2403 2040 2665 2111; x_wconf 82' lang='lat' dir='ltr'><strong>omnique</strong></span> <span class='ocrx_word' id='word_1_357' title='bbox 2687 2051 2943 2101; x_wconf 79' lang='lat' dir='ltr'><strong>carentes</strong></span> <span class='ocrx_word' id='word_1_358' title='bbox 2984 2042 3439 2113; x_wconf 72' lang='lat' dir='ltr'><strong>praesumptione.</strong></span> <span class='ocrx_word' id='word_1_359' title='bbox 3472 2042 3570 2100; x_wconf 84' lang='lat' dir='ltr'><strong>Sed</strong></span> <span class='ocrx_word' id='word_1_360' title='bbox 3607 2048 3721 2102; x_wconf 81' lang='lat' dir='ltr'><strong>etiam</strong></span> 
     </span>
    </p>
   </div>
   <div class='ocr_carea' id='block_1_49' title="bbox 2215 2133 3725 2206">
    <p class='ocr_par' dir='ltr' id='par_1_49' title="bbox 2215 2133 3725 2206">
     <span class='ocr_line' id='line_1_49' title="bbox 2215 2133 3725 2206; baseline 0.005 -19"><span class='ocrx_word' id='word_1_361' title='bbox 2215 2133 2317 2204; x_wconf 83' lang='lat' dir='ltr'><strong>ipsi</strong></span> <span class='ocrx_word' id='word_1_362' title='bbox 2354 2143 2709 2204; x_wconf 76' lang='lat' dir='ltr'><strong>peccatorum</strong></span> <span class='ocrx_word' id='word_1_363' title='bbox 2732 2150 2979 2201; x_wconf 82' lang='lat' dir='ltr'><strong>suorum,</strong></span> <span class='ocrx_word' id='word_1_364' title='bbox 3011 2147 3067 2192; x_wconf 88' lang='lat' dir='ltr'><strong>et</strong></span> <span class='ocrx_word' id='word_1_365' title='bbox 3092 2135 3555 2206; x_wconf 67' lang='lat' dir='ltr'><strong>praevaricationis</strong></span> <span class='ocrx_word' id='word_1_366' title='bbox 3581 2139 3725 2194; x_wconf 73' lang='lat' dir='ltr'><strong>dirius</strong></span> 
     </span>
    </p>
   </div>
   <div class='ocr_carea' id='block_1_50' title="bbox 2214 2225 3723 2297">
    <p class='ocr_par' dir='ltr' id='par_1_50' title="bbox 2214 2225 3723 2297">
     <span class='ocr_line' id='line_1_50' title="bbox 2214 2225 3723 2297; baseline 0.005 -16"><span class='ocrx_word' id='word_1_367' title='bbox 2214 2225 2351 2297; x_wconf 81' lang='lat' dir='ltr'><strong>legis</strong></span> <span class='ocrx_word' id='word_1_368' title='bbox 2373 2227 2580 2283; x_wconf 86' lang='lat' dir='ltr'><strong>conscii</strong></span> <span class='ocrx_word' id='word_1_369' title='bbox 2603 2229 2706 2284; x_wconf 87' lang='lat' dir='ltr'><strong>sibi</strong></span> <span class='ocrx_word' id='word_1_370' title='bbox 2760 2229 2942 2284; x_wconf 77' lang='lat' dir='ltr'><strong>effecti</strong></span> <span class='ocrx_word' id='word_1_371' title='bbox 2996 2237 3144 2286; x_wconf 80' lang='lat' dir='ltr'><strong>sunt.</strong></span> <span class='ocrx_word' id='word_1_372' title='bbox 3195 2229 3574 2284; x_wconf 79' lang='lat' dir='ltr'><strong>Admirandum</strong></span> <span class='ocrx_word' id='word_1_373' title='bbox 3612 2232 3723 2289; x_wconf 80' lang='lat' dir='ltr'><strong>etiam</strong></span> 
     </span>
    </p>
   </div>
   <div class='ocr_carea' id='block_1_51' title="bbox 2210 2319 3729 2390">
    <p class='ocr_par' dir='ltr' id='par_1_51' title="bbox 2210 2319 3729 2390">
     <span class='ocr_line' id='line_1_51' title="bbox 2210 2319 3729 2390; baseline 0.005 -17"><span class='ocrx_word' id='word_1_374' title='bbox 2210 2319 2473 2390; x_wconf 80' lang='lat' dir='ltr'><strong>estquod</strong></span> <span class='ocrx_word' id='word_1_375' title='bbox 2504 2319 2768 2379; x_wconf 83' lang='lat' dir='ltr'><strong>adtotius</strong></span> <span class='ocrx_word' id='word_1_376' title='bbox 2821 2322 3125 2383; x_wconf 80' lang='lat' dir='ltr'><strong>sanctionis</strong></span> <span class='ocrx_word' id='word_1_377' title='bbox 3188 2321 3584 2379; x_wconf 84' lang='lat' dir='ltr'><strong>conclusionem</strong></span> <span class='ocrx_word' id='word_1_378' title='bbox 3621 2323 3729 2385; x_wconf 61' lang='lat' dir='ltr'><strong>lasti-~</strong></span> 
     </span>
    </p>
   </div>
   <div class='ocr_carea' id='block_1_52' title="bbox 2215 2402 3803 2485">
    <p class='ocr_par' dir='ltr' id='par_1_52' title="bbox 2215 2402 3803 2485">
     <span class='ocr_line' id='line_1_52' title="bbox 2215 2402 3803 2485; baseline 0.004 -21"><span class='ocrx_word' id='word_1_379' title='bbox 2215 2409 2472 2481; x_wconf 85' lang='lat' dir='ltr'><strong>giumque</strong></span> <span class='ocrx_word' id='word_1_380' title='bbox 2508 2411 2737 2466; x_wconf 89' lang='lat' dir='ltr'><strong>addidit.</strong></span> <span class='ocrx_word' id='word_1_381' title='bbox 2770 2413 2839 2468; x_wconf 87' lang='lat' dir='ltr'><strong>Et</strong></span> <span class='ocrx_word' id='word_1_382' title='bbox 2867 2412 3311 2485; x_wconf 79' lang='lat' dir='ltr'><strong>intelligendum,</strong></span> <span class='ocrx_word' id='word_1_383' title='bbox 3351 2413 3476 2482; x_wconf 79' lang='lat' dir='ltr'><strong>quia</strong></span> <span class='ocrx_word' id='word_1_384' title='bbox 3501 2417 3724 2484; x_wconf 86' lang='lat' dir='ltr'><strong>apertequi</strong></span> <span class='ocrx_word' id='word_1_385' title='bbox 3802 2402 3803 2415; x_wconf 78' lang='lat'>‘</span> 
     </span>
    </p>
   </div>
   <div class='ocr_carea' id='block_1_53' title="bbox 2217 2485 3726 2575">
    <p class='ocr_par' dir='ltr' id='par_1_53' title="bbox 2217 2485 3726 2575">
     <span class='ocr_line' id='line_1_53' title="bbox 2217 2485 3726 2575; baseline 0.003 -19"><span class='ocrx_word' id='word_1_386' title='bbox 2217 2501 2273 2556; x_wconf 88' lang='lat' dir='ltr'><strong>in</strong></span> <span class='ocrx_word' id='word_1_387' title='bbox 2310 2499 2513 2572; x_wconf 80' lang='lat' dir='ltr'><strong>Moyse,</strong></span> <span class='ocrx_word' id='word_1_388' title='bbox 2543 2485 2662 2572; x_wconf 81' lang='lat' dir='ltr'><strong>ipse</strong></span> <span class='ocrx_word' id='word_1_389' title='bbox 2688 2502 2854 2558; x_wconf 88' lang='lat' dir='ltr'><strong>etiam</strong></span> <span class='ocrx_word' id='word_1_390' title='bbox 2878 2502 2934 2558; x_wconf 89' lang='lat' dir='ltr'><strong>in</strong></span> <span class='ocrx_word' id='word_1_391' title='bbox 2962 2502 3155 2569; x_wconf 87' lang='lat' dir='ltr'><strong>Paulo,</strong></span> <span class='ocrx_word' id='word_1_392' title='bbox 3192 2513 3257 2563; x_wconf 85' lang='lat' dir='ltr'><strong>et</strong></span> <span class='ocrx_word' id='word_1_393' title='bbox 3297 2504 3353 2558; x_wconf 91' lang='lat' dir='ltr'><strong>in</strong></span> <span class='ocrx_word' id='word_1_394' title='bbox 3385 2504 3618 2569; x_wconf 76' lang='lat' dir='ltr'><strong>omnibus</strong></span> <span class='ocrx_word' id='word_1_395' title='bbox 3641 2521 3726 2575; x_wconf 80' lang='lat' dir='ltr'><strong>apo-</strong></span> 
     </span>
    </p>
   </div>
   <div class='ocr_carea' id='block_1_54' title="bbox 2215 2592 3565 2675">
    <p class='ocr_par' dir='ltr' id='par_1_54' title="bbox 2215 2592 3565 2675">
     <span class='ocr_line' id='line_1_54' title="bbox 2215 2592 3565 2675; baseline 0.007 -29"><span class='ocrx_word' id='word_1_396' title='bbox 2215 2592 2370 2648; x_wconf 86' lang='lat' dir='ltr'><strong>stolis</strong></span> <span class='ocrx_word' id='word_1_397' title='bbox 2392 2593 2608 2650; x_wconf 83' lang='lat' dir='ltr'><strong>loeutus</strong></span> <span class='ocrx_word' id='word_1_398' title='bbox 2635 2602 2741 2650; x_wconf 90' lang='lat' dir='ltr'><strong>est.</strong></span> <span class='ocrx_word' id='word_1_399' title='bbox 3560 2672 3565 2675; x_wconf 17' lang='grc' dir='ltr'>ἶ</span> 
     </span>
    </p>
   </div>
   <div class='ocr_carea' id='block_1_55' title="bbox 2287 2684 3728 2758">
    <p class='ocr_par' dir='ltr' id='par_1_55' title="bbox 2287 2684 3728 2758">
     <span class='ocr_line' id='line_1_55' title="bbox 2287 2684 3728 2758; baseline 0.002 -20"><span class='ocrx_word' id='word_1_400' title='bbox 2287 2684 2539 2740; x_wconf 76' lang='lat' dir='ltr'><strong>Attamen</strong></span> <span class='ocrx_word' id='word_1_401' title='bbox 2572 2702 2691 2740; x_wconf 74' lang='lat' dir='ltr'><strong>cum</strong></span> <span class='ocrx_word' id='word_1_402' title='bbox 2720 2696 2887 2741; x_wconf 83' lang='lat' dir='ltr'><strong>essent</strong></span> <span class='ocrx_word' id='word_1_403' title='bbox 2922 2688 2979 2740; x_wconf 82' lang='lat' dir='ltr'><strong>in</strong></span> <span class='ocrx_word' id='word_1_404' title='bbox 3008 2698 3149 2741; x_wconf 85' lang='lat' dir='ltr'><strong>terra</strong></span> <span class='ocrx_word' id='word_1_405' title='bbox 3215 2688 3417 2755; x_wconf 77' lang='lat' dir='ltr'><strong>hostili,</strong></span> <span class='ocrx_word' id='word_1_406' title='bbox 3445 2706 3540 2744; x_wconf 78' lang='lat' dir='ltr'><strong>non</strong></span> <span class='ocrx_word' id='word_1_407' title='bbox 3583 2690 3728 2758; x_wconf 68' lang='lat' dir='ltr'><strong>penitis</strong></span> 
     </span>
    </p>
   </div>
   <div class='ocr_carea' id='block_1_56' title="bbox 2218 2776 3729 2850">
    <p class='ocr_par' dir='ltr' id='par_1_56' title="bbox 2218 2776 3729 2850">
     <span class='ocr_line' id='line_1_56' title="bbox 2218 2776 3729 2850; baseline 0.003 -20"><span class='ocrx_word' id='word_1_408' title='bbox 2218 2776 2390 2846; x_wconf 74' lang='lat' dir='ltr'><strong>abjeoi</strong></span> <span class='ocrx_word' id='word_1_409' title='bbox 2423 2793 2533 2839; x_wconf 83' lang='lat' dir='ltr'><strong>eos,</strong></span> <span class='ocrx_word' id='word_1_410' title='bbox 2556 2792 2722 2849; x_wconf 78' lang='lat' dir='ltr'><strong>neque</strong></span> <span class='ocrx_word' id='word_1_411' title='bbox 2748 2779 2981 2850; x_wconf 65' lang='lat' dir='ltr'><strong>despexi,</strong></span> <span class='ocrx_word' id='word_1_412' title='bbox 3018 2789 3075 2834; x_wconf 82' lang='lat' dir='ltr'><strong>ut</strong></span> <span class='ocrx_word' id='word_1_413' title='bbox 3120 2792 3562 2845; x_wconf 74' lang='lat' dir='ltr'><strong>consumerentur,</strong></span> <span class='ocrx_word' id='word_1_414' title='bbox 3576 2792 3616 2835; x_wconf 80' lang='lat' dir='ltr'><strong>et</strong></span> <span class='ocrx_word' id='word_1_415' title='bbox 3642 2781 3729 2834; x_wconf 83' lang='lat' dir='ltr'><strong>ini-</strong></span> 
     </span>
    </p>
   </div>
   <div class='ocr_carea' id='block_1_57' title="bbox 2216 2869 3732 2945">
    <p class='ocr_par' dir='ltr' id='par_1_57' title="bbox 2216 2869 3732 2945">
     <span class='ocr_line' id='line_1_57' title="bbox 2216 2869 3732 2945; baseline 0.004 -25"><span class='ocrx_word' id='word_1_416' title='bbox 2216 2875 2329 2922; x_wconf 86' lang='lat' dir='ltr'><strong>tum</strong></span> <span class='ocrx_word' id='word_1_417' title='bbox 2365 2869 2595 2938; x_wconf 81' lang='lat' dir='ltr'><strong>[acerem</strong></span> <span class='ocrx_word' id='word_1_418' title='bbox 2618 2878 2837 2939; x_wconf 65' lang='lat' dir='ltr'><strong>pactum</strong></span> <span class='ocrx_word' id='word_1_419' title='bbox 2858 2887 3031 2925; x_wconf 85' lang='lat' dir='ltr'><strong>meum</strong></span> <span class='ocrx_word' id='word_1_420' title='bbox 3069 2887 3187 2925; x_wconf 82' lang='lat' dir='ltr'><strong>cum</strong></span> <span class='ocrx_word' id='word_1_421' title='bbox 3205 2872 3304 2927; x_wconf 82' lang='lat' dir='ltr'><strong>eis.</strong></span> <span class='ocrx_word' id='word_1_422' title='bbox 3338 2872 3449 2945; x_wconf 81' lang='lat' dir='ltr'><strong>Ego</strong></span> <span class='ocrx_word' id='word_1_423' title='bbox 3495 2875 3615 2929; x_wconf 72' lang='lat' dir='ltr'><strong>cuitu</strong></span> <span class='ocrx_word' id='word_1_424' title='bbox 3650 2889 3732 2927; x_wconf 69' lang='lat' dir='ltr'><strong>sua</strong></span> 
     </span>
    </p>
   </div>
   <div class='ocr_carea' id='block_1_58' title="bbox 2215 2956 3731 3035">
    <p class='ocr_par' dir='ltr' id='par_1_58' title="bbox 2215 2956 3731 3035">
     <span class='ocr_line' id='line_1_58' title="bbox 2215 2956 3731 3035; baseline 0.002 -24"><span class='ocrx_word' id='word_1_425' title='bbox 2215 2956 2479 3013; x_wconf 81' lang='lat' dir='ltr'><strong>Dominus</strong></span> <span class='ocrx_word' id='word_1_426' title='bbox 2517 2957 2661 3014; x_wconf 78' lang='lat' dir='ltr'><strong>Deus</strong></span> <span class='ocrx_word' id='word_1_427' title='bbox 2684 2976 2887 3024; x_wconf 77' lang='lat' dir='ltr'><strong>eorum,</strong></span> <span class='ocrx_word' id='word_1_428' title='bbox 2922 2969 2971 3015; x_wconf 81' lang='lat' dir='ltr'><strong>et</strong></span> <span class='ocrx_word' id='word_1_429' title='bbox 2989 2962 3310 3016; x_wconf 79' lang='lat' dir='ltr'><strong>recordabar</strong></span> <span class='ocrx_word' id='word_1_430' title='bbox 3337 2964 3536 3035; x_wconf 65' lang='lat' dir='ltr'><strong>{aderis</strong></span> <span class='ocrx_word' id='word_1_431' title='bbox 3558 2963 3639 3016; x_wconf 78' lang='lat' dir='ltr'><strong>mei</strong></span> <span class='ocrx_word' id='word_1_432' title='bbox 3656 2962 3731 3030; x_wconf 76' lang='lat' dir='ltr'><strong>pri-</strong></span> 
     </span>
    </p>
   </div>
   <div class='ocr_carea' id='block_1_59' title="bbox 2210 3049 3732 3125">
    <p class='ocr_par' dir='ltr' id='par_1_59' title="bbox 2210 3049 3732 3125">
     <span class='ocr_line' id='line_1_59' title="bbox 2210 3049 3732 3125; baseline 0.003 -23"><span class='ocrx_word' id='word_1_433' title='bbox 2210 3049 2371 3115; x_wconf 82' lang='lat' dir='ltr'><strong>stini,</strong></span> <span class='ocrx_word' id='word_1_434' title='bbox 2415 3051 2628 3120; x_wconf 77' lang='lat' dir='ltr'><strong>quando</strong></span> <span class='ocrx_word' id='word_1_435' title='bbox 2662 3052 2819 3105; x_wconf 73' lang='lat' dir='ltr'><strong>eduxi</strong></span> <span class='ocrx_word' id='word_1_436' title='bbox 2861 3069 2947 3107; x_wconf 87' lang='lat' dir='ltr'><strong>eos</strong></span> <span class='ocrx_word' id='word_1_437' title='bbox 2990 3054 3055 3108; x_wconf 86' lang='lat' dir='ltr'><strong>de</strong></span> <span class='ocrx_word' id='word_1_438' title='bbox 3084 3062 3233 3108; x_wconf 70' lang='lat' dir='ltr'><strong>terra</strong></span> <span class='ocrx_word' id='word_1_439' title='bbox 3294 3053 3530 3125; x_wconf 65' lang='lat' dir='ltr'><strong>ngypti,</strong></span> <span class='ocrx_word' id='word_1_440' title='bbox 3560 3055 3608 3108; x_wconf 79' lang='lat' dir='ltr'><strong>in</strong></span> <span class='ocrx_word' id='word_1_441' title='bbox 3651 3069 3732 3107; x_wconf 77' lang='lat' dir='ltr'><strong>tos-</strong></span> 
     </span>
    </p>
   </div>
   <div class='ocr_carea' id='block_1_60' title="bbox 531 3119 3731 3215">
    <p class='ocr_par' dir='ltr' id='par_1_60' title="bbox 531 3119 3731 3215">
     <span class='ocr_line' id='line_1_60' title="bbox 531 3119 3731 3215; baseline 0.007 -41"><span class='ocrx_word' id='word_1_442' title='bbox 531 3119 677 3215; x_wconf 83' lang='lat' dir='ltr'><strong>Ergo</strong></span> <span class='ocrx_word' id='word_1_443' title='bbox 702 3128 927 3215; x_wconf 69' lang='lat' dir='ltr'><strong>peccata</strong></span> <span class='ocrx_word' id='word_1_444' title='bbox 961 3121 1151 3192; x_wconf 87' lang='lat' dir='ltr'><strong>populi</strong></span> <span class='ocrx_word' id='word_1_445' title='bbox 1182 3124 1496 3215; x_wconf 74' lang='lat' dir='ltr'><strong>comedere,</strong></span> <span class='ocrx_word' id='word_1_446' title='bbox 1519 3138 1607 3183; x_wconf 87' lang='lat' dir='ltr'><strong>est</strong></span> <span class='ocrx_word' id='word_1_447' title='bbox 1634 3144 1738 3200; x_wconf 91' lang='lat' dir='ltr'><strong>pro</strong></span> <span class='ocrx_word' id='word_1_448' title='bbox 1783 3132 1866 3188; x_wconf 84' lang='lat' dir='ltr'><strong>eis</strong></span> <span class='ocrx_word' id='word_1_449' title='bbox 1922 3148 2115 3203; x_wconf 63' lang='lat' dir='ltr'><strong>plenus</strong></span> <span class='ocrx_word' id='word_1_450' title='bbox 2150 3204 2184 3215; x_wconf 78' lang='lat'>_</span> <span class='ocrx_word' id='word_1_451' title='bbox 2210 3149 2396 3208; x_wconf 77' lang='lat' dir='ltr'><strong>specta</strong></span> <span class='ocrx_word' id='word_1_452' title='bbox 2418 3119 2678 3210; x_wconf 72' lang='lat' dir='ltr'><strong>gentium,</strong></span> <span class='ocrx_word' id='word_1_453' title='bbox 2719 3151 2783 3197; x_wconf 82' lang='lat' dir='ltr'><strong>at</strong></span> <span class='ocrx_word' id='word_1_454' title='bbox 2828 3158 2994 3197; x_wconf 79' lang='lat' dir='ltr'><strong>essem</strong></span> <span class='ocrx_word' id='word_1_455' title='bbox 3040 3141 3179 3198; x_wconf 77' lang='lat' dir='ltr'><strong>Deus</strong></span> <span class='ocrx_word' id='word_1_456' title='bbox 3224 3119 3449 3199; x_wconf 45' lang='lat' dir='ltr'><strong>eorum:</strong></span> <span class='ocrx_word' id='word_1_457' title='bbox 3482 3119 3583 3215; x_wconf 72' lang='lat' dir='ltr'><strong>Ego</strong></span> <span class='ocrx_word' id='word_1_458' title='bbox 3603 3142 3731 3198; x_wconf 73' lang='lat' dir='ltr'><strong>Doni-</strong></span> 
     </span>
    </p>
   </div>
   <div class='ocr_carea' id='block_1_61' title="bbox 529 3204 2337 3286">
    <p class='ocr_par' dir='ltr' id='par_1_61' title="bbox 529 3204 2337 3286">
     <span class='ocr_line' id='line_1_61' title="bbox 529 3204 2337 3286; baseline 0.012 -22"><span class='ocrx_word' id='word_1_459' title='bbox 529 3208 1112 3282; x_wconf 81' lang='lat' dir='ltr'><strong>sustinere,dignaque</strong></span> <span class='ocrx_word' id='word_1_460' title='bbox 1129 3226 1189 3267; x_wconf 87' lang='lat' dir='ltr'><strong>se</strong></span> <span class='ocrx_word' id='word_1_461' title='bbox 1216 3213 1328 3283; x_wconf 89' lang='lat' dir='ltr'><strong>pati</strong></span> <span class='ocrx_word' id='word_1_462' title='bbox 1357 3218 1590 3283; x_wconf 83' lang='lat' dir='ltr'><strong>peccatis</strong></span> <span class='ocrx_word' id='word_1_463' title='bbox 1614 3219 1730 3276; x_wconf 90' lang='lat' dir='ltr'><strong>suis</strong></span> <span class='ocrx_word' id='word_1_464' title='bbox 1768 3220 1991 3278; x_wconf 88' lang='lat' dir='ltr'><strong>dicunt:</strong></span> <span class='ocrx_word' id='word_1_465' title='bbox 2010 3224 2114 3279; x_wconf 89' lang='lat' dir='ltr'><strong>etsi</strong></span> <span class='ocrx_word' id='word_1_466' title='bbox 2143 3204 2185 3264; x_wconf 67' lang='grc' dir='ltr'><strong>θ</strong></span> <span class='ocrx_word' id='word_1_467' title='bbox 2220 3204 2337 3286; x_wconf 77' lang='lat' dir='ltr'><strong>nus.</strong></span> 
     </span>
    </p>
   </div>
   <div class='ocr_carea' id='block_1_62' title="bbox 531 3298 2115 3386">
    <p class='ocr_par' dir='ltr' id='par_1_62' title="bbox 531 3298 2115 3386">
     <span class='ocr_line' id='line_1_62' title="bbox 531 3298 2115 3386; baseline 0.011 -33"><span class='ocrx_word' id='word_1_468' title='bbox 531 3298 781 3368; x_wconf 80' lang='lat' dir='ltr'><strong>quaedam</strong></span> <span class='ocrx_word' id='word_1_469' title='bbox 834 3310 1056 3371; x_wconf 87' lang='lat' dir='ltr'><strong>peccata</strong></span> <span class='ocrx_word' id='word_1_470' title='bbox 1111 3318 1208 3359; x_wconf 90' lang='lat' dir='ltr'><strong>sua</strong></span> <span class='ocrx_word' id='word_1_471' title='bbox 1241 3304 1607 3376; x_wconf 83' lang='lat' dir='ltr'><strong>confitentur,</strong></span> <span class='ocrx_word' id='word_1_472' title='bbox 1632 3312 1883 3381; x_wconf 65' lang='lat' dir='ltr'><strong>quaedam</strong></span> <span class='ocrx_word' id='word_1_473' title='bbox 1906 3323 2115 3386; x_wconf 87' lang='lat' dir='ltr'><strong>tegunt,</strong></span> 
     </span>
    </p>
   </div>
   <div class='ocr_carea' id='block_1_63' title="bbox 531 3391 1482 3462">
    <p class='ocr_par' dir='ltr' id='par_1_63' title="bbox 531 3391 1482 3462">
     <span class='ocr_line' id='line_1_63' title="bbox 531 3391 1482 3462; baseline 0.011 -17"><span class='ocrx_word' id='word_1_474' title='bbox 531 3406 655 3462; x_wconf 64' lang='lat' dir='ltr'><strong>quae</strong></span> <span class='ocrx_word' id='word_1_475' title='bbox 684 3391 736 3447; x_wconf 87' lang='lat' dir='ltr'><strong>in</strong></span> <span class='ocrx_word' id='word_1_476' title='bbox 763 3392 1041 3448; x_wconf 88' lang='lat' dir='ltr'><strong>Christum</strong></span> <span class='ocrx_word' id='word_1_477' title='bbox 1069 3396 1482 3456; x_wconf 86' lang='lat' dir='ltr'><strong>commiserunt.</strong></span> 
     </span>
    </p>
   </div>
   <div class='ocr_carea' id='block_1_64' title="bbox 602 3481 2116 3569">
    <p class='ocr_par' dir='ltr' id='par_1_64' title="bbox 602 3481 2116 3569">
     <span class='ocr_line' id='line_1_64' title="bbox 602 3481 2116 3569; baseline 0.013 -33"><span class='ocrx_word' id='word_1_478' title='bbox 602 3481 673 3537; x_wconf 89' lang='lat' dir='ltr'><strong>Et</strong></span> <span class='ocrx_word' id='word_1_479' title='bbox 701 3486 1016 3540; x_wconf 81' lang='lat' dir='ltr'><strong>recordabar</strong></span> <span class='ocrx_word' id='word_1_480' title='bbox 1039 3487 1246 3558; x_wconf 64' lang='lat' dir='ltr'><strong>(«aderis</strong></span> <span class='ocrx_word' id='word_1_481' title='bbox 1272 3490 1371 3544; x_wconf 86' lang='lat' dir='ltr'><strong>mei</strong></span> <span class='ocrx_word' id='word_1_482' title='bbox 1407 3493 1549 3561; x_wconf 85' lang='lat' dir='ltr'><strong>quod</strong></span> <span class='ocrx_word' id='word_1_483' title='bbox 1582 3496 1758 3566; x_wconf 80' lang='lat' dir='ltr'><strong>pepigi</strong></span> <span class='ocrx_word' id='word_1_484' title='bbox 1786 3513 1907 3550; x_wconf 77' lang='lat' dir='ltr'><strong>cum</strong></span> <span class='ocrx_word' id='word_1_485' title='bbox 1929 3498 2116 3569; x_wconf 71' lang='lat' dir='ltr'><strong>Iacob,</strong></span> 
     </span>
    </p>
   </div>
   <div class='ocr_carea' id='block_1_65' title="bbox 541 3571 2118 3652">
    <p class='ocr_par' dir='ltr' id='par_1_65' title="bbox 541 3571 2118 3652">
     <span class='ocr_line' id='line_1_65' title="bbox 541 3571 2118 3652; baseline 0.013 -26"><span class='ocrx_word' id='word_1_486' title='bbox 541 3571 694 3634; x_wconf 74' lang='lat' dir='ltr'><strong>Isaac</strong></span> <span class='ocrx_word' id='word_1_487' title='bbox 749 3585 798 3629; x_wconf 78' lang='lat' dir='ltr'><strong>et</strong></span> <span class='ocrx_word' id='word_1_488' title='bbox 826 3575 1120 3630; x_wconf 83' lang='lat' dir='ltr'><strong>Abraham.</strong></span> <span class='ocrx_word' id='word_1_489' title='bbox 1149 3575 1319 3649; x_wconf 81' lang='lat' dir='ltr'><strong>Cujus</strong></span> <span class='ocrx_word' id='word_1_490' title='bbox 1345 3579 1426 3634; x_wconf 87' lang='lat' dir='ltr'><strong>rei</strong></span> <span class='ocrx_word' id='word_1_491' title='bbox 1465 3581 1638 3652; x_wconf 87' lang='lat' dir='ltr'><strong>gratia</strong></span> <span class='ocrx_word' id='word_1_492' title='bbox 1659 3599 1773 3640; x_wconf 85' lang='lat' dir='ltr'><strong>non</strong></span> <span class='ocrx_word' id='word_1_493' title='bbox 1813 3589 2118 3648; x_wconf 83' lang='lat' dir='ltr'><strong>secundum</strong></span> 
     </span>
    </p>
   </div>
   <div class='ocr_carea' id='block_1_66' title="bbox 533 3663 2119 3750">
    <p class='ocr_par' dir='ltr' id='par_1_66' title="bbox 533 3663 2119 3750">
     <span class='ocr_line' id='line_1_66' title="bbox 533 3663 2119 3750; baseline 0.016 -33"><span class='ocrx_word' id='word_1_494' title='bbox 533 3663 785 3719; x_wconf 89' lang='lat' dir='ltr'><strong>ordinem</strong></span> <span class='ocrx_word' id='word_1_495' title='bbox 817 3666 1081 3736; x_wconf 90' lang='lat' dir='ltr'><strong>temporis</strong></span> <span class='ocrx_word' id='word_1_496' title='bbox 1126 3677 1183 3724; x_wconf 91' lang='lat' dir='ltr'><strong>et</strong></span> <span class='ocrx_word' id='word_1_497' title='bbox 1212 3672 1433 3741; x_wconf 77' lang='lat' dir='ltr'><strong>generis</strong></span> <span class='ocrx_word' id='word_1_498' title='bbox 1470 3676 1747 3733; x_wconf 79' lang='lat' dir='ltr'><strong>Abraham</strong></span> <span class='ocrx_word' id='word_1_499' title='bbox 1775 3681 1962 3750; x_wconf 81' lang='lat' dir='ltr'><strong>etepit,</strong></span> <span class='ocrx_word' id='word_1_500' title='bbox 2022 3683 2119 3741; x_wconf 73' lang='lat' dir='ltr'><strong>sed</strong></span> 
     </span>
    </p>
   </div>
   <div class='ocr_carea' id='block_1_67' title="bbox 528 3752 2117 3829">
    <p class='ocr_par' dir='ltr' id='par_1_67' title="bbox 528 3752 2117 3829">
     <span class='ocr_line' id='line_1_67' title="bbox 528 3752 2117 3829; baseline 0.013 -19"><span class='ocrx_word' id='word_1_501' title='bbox 528 3752 741 3810; x_wconf 84' lang='lat' dir='ltr'><strong>Jacob?</strong></span> <span class='ocrx_word' id='word_1_502' title='bbox 769 3757 857 3812; x_wconf 88' lang='lat' dir='ltr'><strong>vel</strong></span> <span class='ocrx_word' id='word_1_503' title='bbox 879 3772 977 3812; x_wconf 89' lang='lat' dir='ltr'><strong>cur</strong></span> <span class='ocrx_word' id='word_1_504' title='bbox 1020 3758 1163 3815; x_wconf 76' lang='lat' dir='ltr'><strong>LXX</strong></span> <span class='ocrx_word' id='word_1_505' title='bbox 1190 3776 1303 3816; x_wconf 90' lang='lat' dir='ltr'><strong>non</strong></span> <span class='ocrx_word' id='word_1_506' title='bbox 1324 3764 1515 3821; x_wconf 85' lang='lat' dir='ltr'><strong>dicunt</strong></span> <span class='ocrx_word' id='word_1_507' title='bbox 1536 3785 1554 3822; x_wconf 85' lang='lat'><em>:</em></span> <span class='ocrx_word' id='word_1_508' title='bbox 1592 3766 2002 3828; x_wconf 79' lang='lat' dir='ltr'><strong>Testamentqu</strong></span> <span class='ocrx_word' id='word_1_509' title='bbox 2022 3773 2117 3829; x_wconf 85' lang='lat' dir='ltr'><strong>Ja-</strong></span> 
     </span>
    </p>
   </div>
   <div class='ocr_carea' id='block_1_68' title="bbox 530 3845 2116 3930">
    <p class='ocr_par' dir='ltr' id='par_1_68' title="bbox 530 3845 2116 3930">
     <span class='ocr_line' id='line_1_68' title="bbox 530 3845 2116 3930; baseline 0.013 -30"><span class='ocrx_word' id='word_1_510' title='bbox 530 3845 658 3911; x_wconf 86' lang='lat' dir='ltr'><strong>cob,</strong></span> <span class='ocrx_word' id='word_1_511' title='bbox 690 3854 746 3900; x_wconf 86' lang='lat' dir='ltr'><strong>et</strong></span> <span class='ocrx_word' id='word_1_512' title='bbox 777 3847 944 3915; x_wconf 86' lang='lat' dir='ltr'><strong>Isaac,</strong></span> <span class='ocrx_word' id='word_1_513' title='bbox 969 3856 1027 3904; x_wconf 87' lang='lat' dir='ltr'><strong>et</strong></span> <span class='ocrx_word' id='word_1_514' title='bbox 1053 3851 1350 3921; x_wconf 78' lang='lat' dir='ltr'><strong>Abraham,</strong></span> <span class='ocrx_word' id='word_1_515' title='bbox 1381 3856 1500 3921; x_wconf 78' lang='lat' dir='ltr'><strong>sed,</strong></span> <span class='ocrx_word' id='word_1_516' title='bbox 1524 3867 1894 3917; x_wconf 70' lang='lat' dir='ltr'><strong>testamentum</strong></span> <span class='ocrx_word' id='word_1_517' title='bbox 1935 3863 2116 3930; x_wconf 82' lang='lat' dir='ltr'><strong>Jacob,</strong></span> 
     </span>
    </p>
   </div>
   <div class='ocr_carea' id='block_1_69' title="bbox 531 3944 2122 4012">
    <p class='ocr_par' dir='ltr' id='par_1_69' title="bbox 531 3944 2122 4012">
     <span class='ocr_line' id='line_1_69' title="bbox 531 3944 2122 4012; baseline 0.012 -20"><span class='ocrx_word' id='word_1_518' title='bbox 531 3944 584 3992; x_wconf 80' lang='lat' dir='ltr'><strong>et</strong></span> <span class='ocrx_word' id='word_1_519' title='bbox 610 3946 981 3996; x_wconf 80' lang='lat' dir='ltr'><strong>testamentum</strong></span> <span class='ocrx_word' id='word_1_520' title='bbox 1025 3944 1204 4010; x_wconf 81' lang='lat' dir='ltr'><strong>Isaac,</strong></span> <span class='ocrx_word' id='word_1_521' title='bbox 1264 3955 1314 4001; x_wconf 81' lang='lat' dir='ltr'><strong>et</strong></span> <span class='ocrx_word' id='word_1_522' title='bbox 1365 3955 1737 4005; x_wconf 76' lang='lat' dir='ltr'><strong>testamentum</strong></span> <span class='ocrx_word' id='word_1_523' title='bbox 1808 3951 2122 4012; x_wconf 76' lang='lat' dir='ltr'><strong>Abraham?</strong></span> 
     </span>
    </p>
   </div>
   <div class='ocr_carea' id='block_1_70' title="bbox 533 4029 2115 4110">
    <p class='ocr_par' dir='ltr' id='par_1_70' title="bbox 533 4029 2115 4110">
     <span class='ocr_line' id='line_1_70' title="bbox 533 4029 2115 4110; baseline 0.011 -27"><span class='ocrx_word' id='word_1_524' title='bbox 533 4029 661 4084; x_wconf 89' lang='lat' dir='ltr'><strong>Tria</strong></span> <span class='ocrx_word' id='word_1_525' title='bbox 691 4033 1151 4101; x_wconf 83' lang='lat' dir='ltr'><strong>quemadmodum</strong></span> <span class='ocrx_word' id='word_1_526' title='bbox 1187 4044 1512 4096; x_wconf 88' lang='lat' dir='ltr'><strong>testamenta</strong></span> <span class='ocrx_word' id='word_1_527' title='bbox 1545 4041 1864 4110; x_wconf 81' lang='lat' dir='ltr'><strong>innitentes,</strong></span> <span class='ocrx_word' id='word_1_528' title='bbox 1911 4053 1973 4100; x_wconf 91' lang='lat' dir='ltr'><strong>ut</strong></span> <span class='ocrx_word' id='word_1_529' title='bbox 2031 4046 2115 4102; x_wconf 87' lang='lat' dir='ltr'><strong>le-</strong></span> 
     </span>
    </p>
   </div>
   <div class='ocr_carea' id='block_1_71' title="bbox 531 4123 2123 4210">
    <p class='ocr_par' dir='ltr' id='par_1_71' title="bbox 531 4123 2123 4210">
     <span class='ocr_line' id='line_1_71' title="bbox 531 4123 2123 4210; baseline 0.013 -36"><span class='ocrx_word' id='word_1_530' title='bbox 531 4136 658 4192; x_wconf 86' lang='lat' dir='ltr'><strong>gem</strong></span> <span class='ocrx_word' id='word_1_531' title='bbox 686 4123 943 4179; x_wconf 85' lang='lat' dir='ltr'><strong>videlicet</strong></span> <span class='ocrx_word' id='word_1_532' title='bbox 977 4133 1034 4181; x_wconf 89' lang='lat' dir='ltr'><strong>et</strong></span> <span class='ocrx_word' id='word_1_533' title='bbox 1080 4128 1379 4198; x_wconf 81' lang='lat' dir='ltr'><strong>praplictas</strong></span> <span class='ocrx_word' id='word_1_534' title='bbox 1426 4135 1838 4190; x_wconf 88' lang='lat' dir='ltr'><strong>commendaret</strong></span> <span class='ocrx_word' id='word_1_535' title='bbox 1878 4136 2123 4210; x_wconf 72' lang='lat' dir='ltr'><strong>Evange-</strong></span> 
     </span>
    </p>
   </div>
   <div class='ocr_carea' id='block_1_72' title="bbox 532 4210 2123 4289">
    <p class='ocr_par' dir='ltr' id='par_1_72' title="bbox 532 4210 2123 4289">
     <span class='ocr_line' id='line_1_72' title="bbox 532 4210 2123 4289; baseline 0.013 -23"><span class='ocrx_word' id='word_1_536' title='bbox 532 4210 694 4277; x_wconf 83' lang='lat' dir='ltr'><strong>llum,</strong></span> <span class='ocrx_word' id='word_1_537' title='bbox 728 4226 963 4283; x_wconf 84' lang='lat' dir='ltr'><strong>quorum</strong></span> <span class='ocrx_word' id='word_1_538' title='bbox 997 4217 1126 4285; x_wconf 87' lang='lat' dir='ltr'><strong>quia</strong></span> <span class='ocrx_word' id='word_1_539' title='bbox 1159 4219 1437 4289; x_wconf 87' lang='lat' dir='ltr'><strong>antiquior</strong></span> <span class='ocrx_word' id='word_1_540' title='bbox 1456 4220 1544 4276; x_wconf 80' lang='lat' dir='ltr'><strong>lex</strong></span> <span class='ocrx_word' id='word_1_541' title='bbox 1563 4230 1668 4289; x_wconf 88' lang='lat' dir='ltr'><strong>est,</strong></span> <span class='ocrx_word' id='word_1_542' title='bbox 1694 4227 1942 4282; x_wconf 91' lang='lat' dir='ltr'><strong>secundo</strong></span> <span class='ocrx_word' id='word_1_543' title='bbox 1992 4245 2123 4286; x_wconf 83' lang='lat' dir='ltr'><strong>vero</strong></span> 
     </span>
    </p>
   </div>
   <div class='ocr_carea' id='block_1_73' title="bbox 532 4301 2123 4383">
    <p class='ocr_par' dir='ltr' id='par_1_73' title="bbox 532 4301 2123 4383">
     <span class='ocr_line' id='line_1_73' title="bbox 532 4301 2123 4383; baseline 0.013 -29"><span class='ocrx_word' id='word_1_544' title='bbox 532 4301 658 4357; x_wconf 83' lang='lat' dir='ltr'><strong>loco</strong></span> <span class='ocrx_word' id='word_1_545' title='bbox 692 4304 976 4372; x_wconf 63' lang='lat' dir='ltr'><strong>prophetae</strong></span> <span class='ocrx_word' id='word_1_546' title='bbox 1004 4306 1363 4363; x_wconf 88' lang='lat' dir='ltr'><strong>novissimum</strong></span> <span class='ocrx_word' id='word_1_547' title='bbox 1413 4310 1770 4383; x_wconf 82' lang='lat' dir='ltr'><strong>Evangelium</strong></span> <span class='ocrx_word' id='word_1_548' title='bbox 1833 4318 2123 4376; x_wconf 88' lang='lat' dir='ltr'><strong>ostendere</strong></span> 
     </span>
    </p>
   </div>
   <div class='ocr_carea' id='block_1_74' title="bbox 535 4390 2121 4480">
    <p class='ocr_par' dir='ltr' id='par_1_74' title="bbox 535 4390 2121 4480">
     <span class='ocr_line' id='line_1_74' title="bbox 535 4390 2121 4480; baseline 0.013 -34"><span class='ocrx_word' id='word_1_549' title='bbox 535 4390 850 4448; x_wconf 86' lang='lat' dir='ltr'><strong>voluerunt.</strong></span> <span class='ocrx_word' id='word_1_550' title='bbox 880 4393 1019 4461; x_wconf 86' lang='lat' dir='ltr'><strong>Quia</strong></span> <span class='ocrx_word' id='word_1_551' title='bbox 1036 4396 1413 4470; x_wconf 86' lang='lat' dir='ltr'><strong>Evangelium,</strong></span> <span class='ocrx_word' id='word_1_552' title='bbox 1444 4402 1549 4458; x_wconf 83' lang='lat' dir='ltr'><strong>etsi</strong></span> <span class='ocrx_word' id='word_1_553' title='bbox 1592 4406 1957 4465; x_wconf 86' lang='lat' dir='ltr'><strong>novissimum</strong></span> <span class='ocrx_word' id='word_1_554' title='bbox 1995 4427 2121 4480; x_wconf 81' lang='lat' dir='ltr'><strong>gra-</strong></span> 
     </span>
    </p>
   </div>
   <div class='ocr_carea' id='block_1_75' title="bbox 2290 3322 3732 3398">
    <p class='ocr_par' dir='ltr' id='par_1_75' title="bbox 2290 3322 3732 3398">
     <span class='ocr_line' id='line_1_75' title="bbox 2290 3322 3732 3398; baseline 0.002 -21"><span class='ocrx_word' id='word_1_555' title='bbox 2290 3322 2418 3379; x_wconf 80' lang='lat' dir='ltr'><strong>llaec</strong></span> <span class='ocrx_word' id='word_1_556' title='bbox 2446 3322 2492 3380; x_wconf 88' lang='lat' dir='ltr'><strong>si</strong></span> <span class='ocrx_word' id='word_1_557' title='bbox 2520 3339 2603 3380; x_wconf 79' lang='lat' dir='ltr'><strong>vis</strong></span> <span class='ocrx_word' id='word_1_558' title='bbox 2635 3338 2734 3395; x_wconf 87' lang='lat' dir='ltr'><strong>per</strong></span> <span class='ocrx_word' id='word_1_559' title='bbox 2770 3327 2985 3398; x_wconf 83' lang='lat' dir='ltr'><strong>singula</strong></span> <span class='ocrx_word' id='word_1_560' title='bbox 3011 3340 3372 3395; x_wconf 72' lang='lat' dir='ltr'><strong>cognoscere,</strong></span> <span class='ocrx_word' id='word_1_561' title='bbox 3423 3324 3732 3395; x_wconf 72' lang='lat' dir='ltr'><strong>Paulumlege,</strong></span> 
     </span>
    </p>
   </div>
   <div class='ocr_carea' id='block_1_76' title="bbox 2218 3418 3734 3491">
    <p class='ocr_par' dir='ltr' id='par_1_76' title="bbox 2218 3418 3734 3491">
     <span class='ocr_line' id='line_1_76' title="bbox 2218 3418 3734 3491; baseline -0.001 -18"><span class='ocrx_word' id='word_1_562' title='bbox 2218 3419 2491 3488; x_wconf 88' lang='lat' dir='ltr'><strong>quomodo</strong></span> <span class='ocrx_word' id='word_1_563' title='bbox 2517 3434 2615 3476; x_wconf 88' lang='lat' dir='ltr'><strong>eos</strong></span> <span class='ocrx_word' id='word_1_564' title='bbox 2639 3434 2750 3474; x_wconf 88' lang='lat' dir='ltr'><strong>non</strong></span> <span class='ocrx_word' id='word_1_565' title='bbox 2784 3419 3099 3491; x_wconf 78' lang='lat' dir='ltr'><strong>despexerit</strong></span> <span class='ocrx_word' id='word_1_566' title='bbox 3125 3419 3275 3476; x_wconf 75' lang='lat' dir='ltr'><strong>Deus</strong></span> <span class='ocrx_word' id='word_1_567' title='bbox 3316 3421 3372 3476; x_wconf 90' lang='lat' dir='ltr'><strong>in</strong></span> <span class='ocrx_word' id='word_1_568' title='bbox 3425 3429 3565 3477; x_wconf 87' lang='lat' dir='ltr'><strong>terra</strong></span> <span class='ocrx_word' id='word_1_569' title='bbox 3584 3418 3734 3482; x_wconf 81' lang='lat' dir='ltr'><strong>hostili,</strong></span> 
     </span>
    </p>
   </div>
   <div class='ocr_carea' id='block_1_77' title="bbox 2220 3508 3736 3581">
    <p class='ocr_par' dir='ltr' id='par_1_77' title="bbox 2220 3508 3736 3581">
     <span class='ocr_line' id='line_1_77' title="bbox 2220 3508 3736 3581; baseline -0.002 -16"><span class='ocrx_word' id='word_1_570' title='bbox 2220 3509 2276 3565; x_wconf 88' lang='lat' dir='ltr'><strong>id</strong></span> <span class='ocrx_word' id='word_1_571' title='bbox 2310 3517 2417 3575; x_wconf 88' lang='lat' dir='ltr'><strong>est,</strong></span> <span class='ocrx_word' id='word_1_572' title='bbox 2450 3508 2503 3563; x_wconf 83' lang='lat' dir='ltr'><strong>in</strong></span> <span class='ocrx_word' id='word_1_573' title='bbox 2532 3508 2860 3581; x_wconf 80' lang='lat' dir='ltr'><strong>Evangelico</strong></span> <span class='ocrx_word' id='word_1_574' title='bbox 2922 3520 3278 3578; x_wconf 87' lang='lat' dir='ltr'><strong>testamento,</strong></span> <span class='ocrx_word' id='word_1_575' title='bbox 3333 3526 3440 3568; x_wconf 85' lang='lat' dir='ltr'><strong>nec</strong></span> <span class='ocrx_word' id='word_1_576' title='bbox 3473 3510 3736 3579; x_wconf 78' lang='lat' dir='ltr'><strong>consumpsit</strong></span> 
     </span>
    </p>
   </div>
   <div class='ocr_carea' id='block_1_78' title="bbox 2219 3599 3739 3677">
    <p class='ocr_par' dir='ltr' id='par_1_78' title="bbox 2219 3599 3739 3677">
     <span class='ocr_line' id='line_1_78' title="bbox 2219 3599 3739 3677; baseline 0.001 -24"><span class='ocrx_word' id='word_1_577' title='bbox 2219 3613 2337 3667; x_wconf 88' lang='lat' dir='ltr'><strong>eos,</strong></span> <span class='ocrx_word' id='word_1_578' title='bbox 2363 3609 2424 3654; x_wconf 90' lang='lat' dir='ltr'><strong>ut</strong></span> <span class='ocrx_word' id='word_1_579' title='bbox 2456 3599 2671 3657; x_wconf 87' lang='lat' dir='ltr'><strong>irritum</strong></span> <span class='ocrx_word' id='word_1_580' title='bbox 2704 3603 2909 3659; x_wconf 76' lang='lat' dir='ltr'><strong>faceret</strong></span> <span class='ocrx_word' id='word_1_581' title='bbox 2928 3612 3149 3674; x_wconf 87' lang='lat' dir='ltr'><strong>pactum</strong></span> <span class='ocrx_word' id='word_1_582' title='bbox 3171 3620 3341 3661; x_wconf 83' lang='lat' dir='ltr'><strong>suum</strong></span> <span class='ocrx_word' id='word_1_583' title='bbox 3371 3599 3739 3677; x_wconf 64' lang='lat' dir='ltr'><strong>pristinumch—</strong></span> 
     </span>
    </p>
   </div>
   <div class='ocr_carea' id='block_1_79' title="bbox 2220 3693 3739 3762">
    <p class='ocr_par' dir='ltr' id='par_1_79' title="bbox 2220 3693 3739 3762">
     <span class='ocr_line' id='line_1_79' title="bbox 2220 3693 3739 3762; baseline 0.004 -16"><span class='ocrx_word' id='word_1_584' title='bbox 2220 3706 2326 3762; x_wconf 86' lang='lat' dir='ltr'><strong>que</strong></span> <span class='ocrx_word' id='word_1_585' title='bbox 2350 3693 2499 3747; x_wconf 88' lang='lat' dir='ltr'><strong>enim</strong></span> <span class='ocrx_word' id='word_1_586' title='bbox 2526 3693 2594 3748; x_wconf 86' lang='lat' dir='ltr'><strong>ad</strong></span> <span class='ocrx_word' id='word_1_587' title='bbox 2626 3694 2840 3749; x_wconf 89' lang='lat' dir='ltr'><strong>irritum</strong></span> <span class='ocrx_word' id='word_1_588' title='bbox 2874 3695 3008 3750; x_wconf 84' lang='lat' dir='ltr'><strong>illud</strong></span> <span class='ocrx_word' id='word_1_589' title='bbox 3036 3696 3267 3753; x_wconf 76' lang='lat' dir='ltr'><strong>deduxit</strong></span> <span class='ocrx_word' id='word_1_590' title='bbox 3319 3713 3387 3753; x_wconf 82' lang='lat' dir='ltr'><strong>ex</strong></span> <span class='ocrx_word' id='word_1_591' title='bbox 3413 3708 3539 3762; x_wconf 80' lang='lat' dir='ltr'><strong>toto.</strong></span> <span class='ocrx_word' id='word_1_592' title='bbox 3589 3697 3666 3752; x_wconf 87' lang='lat' dir='ltr'><strong>sed</strong></span> <span class='ocrx_word' id='word_1_593' title='bbox 3704 3702 3739 3747; x_wconf 77' lang='lat' dir='ltr'><strong>et</strong></span> 
     </span>
    </p>
   </div>
   <div class='ocr_carea' id='block_1_80' title="bbox 2221 3784 3736 3855">
    <p class='ocr_par' dir='ltr' id='par_1_80' title="bbox 2221 3784 3736 3855">
     <span class='ocr_line' id='line_1_80' title="bbox 2221 3784 3736 3855; baseline 0.001 -19"><span class='ocrx_word' id='word_1_594' title='bbox 2221 3798 2376 3852; x_wconf 87' lang='lat' dir='ltr'><strong>spem</strong></span> <span class='ocrx_word' id='word_1_595' title='bbox 2402 3784 2596 3839; x_wconf 87' lang='lat' dir='ltr'><strong>salutis</strong></span> <span class='ocrx_word' id='word_1_596' title='bbox 2622 3785 2861 3855; x_wconf 81' lang='lat' dir='ltr'><strong>reliquit,</strong></span> <span class='ocrx_word' id='word_1_597' title='bbox 2886 3803 2987 3841; x_wconf 86' lang='lat' dir='ltr'><strong>non</strong></span> <span class='ocrx_word' id='word_1_598' title='bbox 3018 3790 3263 3844; x_wconf 82' lang='lat' dir='ltr'><strong>omnibus</strong></span> <span class='ocrx_word' id='word_1_599' title='bbox 3298 3800 3500 3855; x_wconf 79' lang='lat' dir='ltr'><strong>autem,</strong></span> <span class='ocrx_word' id='word_1_600' title='bbox 3521 3787 3602 3844; x_wconf 82' lang='lat' dir='ltr'><strong>sed</strong></span> <span class='ocrx_word' id='word_1_601' title='bbox 3648 3785 3736 3841; x_wconf 79' lang='lat' dir='ltr'><strong>reli-</strong></span> 
     </span>
    </p>
   </div>
   <div class='ocr_carea' id='block_1_81' title="bbox 2220 3875 3738 3952">
    <p class='ocr_par' dir='ltr' id='par_1_81' title="bbox 2220 3875 3738 3952">
     <span class='ocr_line' id='line_1_81' title="bbox 2220 3875 3738 3952; baseline 0.006 -25"><span class='ocrx_word' id='word_1_602' title='bbox 2220 3875 2379 3946; x_wconf 80' lang='lat' dir='ltr'><strong>quiis,</strong></span> <span class='ocrx_word' id='word_1_603' title='bbox 2429 3875 2571 3930; x_wconf 89' lang='lat' dir='ltr'><strong>sicut</strong></span> <span class='ocrx_word' id='word_1_604' title='bbox 2588 3875 2793 3931; x_wconf 80' lang='lat' dir='ltr'><strong>Paulus</strong></span> <span class='ocrx_word' id='word_1_605' title='bbox 2823 3877 2922 3944; x_wconf 87' lang='lat' dir='ltr'><strong>ait,</strong></span> <span class='ocrx_word' id='word_1_606' title='bbox 2978 3879 3270 3950; x_wconf 87' lang='lat' dir='ltr'><strong>proferens</strong></span> <span class='ocrx_word' id='word_1_607' title='bbox 3324 3881 3477 3938; x_wconf 62' lang='lat' dir='ltr'><strong>Isaiae</strong></span> <span class='ocrx_word' id='word_1_608' title='bbox 3527 3880 3738 3952; x_wconf 64' lang='lat' dir='ltr'><strong>proplielsl</strong></span> 
     </span>
    </p>
   </div>
   <div class='ocr_carea' id='block_1_82' title="bbox 2223 3964 3739 4041">
    <p class='ocr_par' dir='ltr' id='par_1_82' title="bbox 2223 3964 3739 4041">
     <span class='ocr_line' id='line_1_82' title="bbox 2223 3964 3739 4041; baseline 0.002 -22"><span class='ocrx_word' id='word_1_609' title='bbox 2223 3964 2617 4021; x_wconf 82' lang='lat' dir='ltr'><strong>testimonium.</strong></span> <span class='ocrx_word' id='word_1_610' title='bbox 2639 3964 2698 4021; x_wconf 83' lang='lat' dir='ltr'><strong>Si</strong></span> <span class='ocrx_word' id='word_1_611' title='bbox 2724 3968 2884 4038; x_wconf 75' lang='lat' dir='ltr'><strong>fuerit</strong></span> <span class='ocrx_word' id='word_1_612' title='bbox 2906 3985 3155 4025; x_wconf 82' lang='lat' dir='ltr'><strong>nunterns</strong></span> <span class='ocrx_word' id='word_1_613' title='bbox 3187 3971 3428 4041; x_wconf 71' lang='lat' dir='ltr'><strong>ﬁliorum</strong></span> <span class='ocrx_word' id='word_1_614' title='bbox 3468 3971 3620 4028; x_wconf 82' lang='lat' dir='ltr'><strong>Israel</strong></span> <span class='ocrx_word' id='word_1_615' title='bbox 3650 3968 3739 4022; x_wconf 73' lang='lat' dir='ltr'><strong>sicsi</strong></span> 
     </span>
    </p>
   </div>
   <div class='ocr_carea' id='block_1_83' title="bbox 2222 4058 3740 4134">
    <p class='ocr_par' dir='ltr' id='par_1_83' title="bbox 2222 4058 3740 4134">
     <span class='ocr_line' id='line_1_83' title="bbox 2222 4058 3740 4134; baseline 0.002 -24"><span class='ocrx_word' id='word_1_616' title='bbox 2222 4060 2592 4124; x_wconf 82' lang='lat' dir='ltr'><strong>arenamaris,</strong></span> <span class='ocrx_word' id='word_1_617' title='bbox 2620 4060 2862 4132; x_wconf 70' lang='lat' dir='ltr'><strong>reliquid:</strong></span> <span class='ocrx_word' id='word_1_618' title='bbox 2877 4059 3038 4116; x_wconf 67' lang='lat' dir='ltr'><strong>salva:</strong></span> <span class='ocrx_word' id='word_1_619' title='bbox 3065 4062 3201 4130; x_wconf 79' lang='lat' dir='ltr'><strong>ﬁunt</strong></span> <span class='ocrx_word' id='word_1_620' title='bbox 3229 4064 3271 4116; x_wconf 82' lang='lat'><strong>’.</strong></span> <span class='ocrx_word' id='word_1_621' title='bbox 3306 4062 3445 4118; x_wconf 91' lang='lat' dir='ltr'><strong>Dico</strong></span> <span class='ocrx_word' id='word_1_622' title='bbox 3473 4058 3740 4134; x_wconf 34' lang='lat' dir='ltr'><strong>ergogh&#39;ul-</strong></span> 
     </span>
    </p>
   </div>
   <div class='ocr_carea' id='block_1_84' title="bbox 2222 4149 3738 4222">
    <p class='ocr_par' dir='ltr' id='par_1_84' title="bbox 2222 4149 3738 4222">
     <span class='ocr_line' id='line_1_84' title="bbox 2222 4149 3738 4222; baseline 0.001 -18"><span class='ocrx_word' id='word_1_623' title='bbox 2222 4149 2353 4219; x_wconf 90' lang='lat' dir='ltr'><strong>quid</strong></span> <span class='ocrx_word' id='word_1_624' title='bbox 2382 4150 2583 4220; x_wconf 84' lang='lat' dir='ltr'><strong>repulit</strong></span> <span class='ocrx_word' id='word_1_625' title='bbox 2607 4149 2750 4207; x_wconf 85' lang='lat' dir='ltr'><strong>Deus</strong></span> <span class='ocrx_word' id='word_1_626' title='bbox 2767 4152 2985 4222; x_wconf 88' lang='lat' dir='ltr'><strong>plebem</strong></span> <span class='ocrx_word' id='word_1_627' title='bbox 3019 4153 3213 4209; x_wconf 86' lang='lat' dir='ltr'><strong>suam?</strong></span> <span class='ocrx_word' id='word_1_628' title='bbox 3238 4155 3401 4211; x_wconf 77' lang='lat' dir='ltr'><strong>Absit</strong></span> <span class='ocrx_word' id='word_1_629' title='bbox 3429 4156 3443 4210; x_wconf 87' lang='grc' dir='ltr'><strong>ι</strong></span> <span class='ocrx_word' id='word_1_630' title='bbox 3479 4150 3738 4210; x_wconf 81' lang='lat' dir='ltr'><strong>llecordabi-</strong></span> 
     </span>
    </p>
   </div>
   <div class='ocr_carea' id='block_1_85' title="bbox 2226 4239 3738 4316">
    <p class='ocr_par' dir='ltr' id='par_1_85' title="bbox 2226 4239 3738 4316">
     <span class='ocr_line' id='line_1_85' title="bbox 2226 4239 3738 4316; baseline -0.002 -20"><span class='ocrx_word' id='word_1_631' title='bbox 2226 4250 2314 4296; x_wconf 87' lang='lat' dir='ltr'><strong>tur</strong></span> <span class='ocrx_word' id='word_1_632' title='bbox 2335 4242 2498 4296; x_wconf 84' lang='lat' dir='ltr'><strong>etiam</strong></span> <span class='ocrx_word' id='word_1_633' title='bbox 2524 4242 2743 4298; x_wconf 68' lang='lat' dir='ltr'><strong>fmdcris</strong></span> <span class='ocrx_word' id='word_1_634' title='bbox 2800 4245 2884 4299; x_wconf 87' lang='lat' dir='ltr'><strong>sui</strong></span> <span class='ocrx_word' id='word_1_635' title='bbox 2921 4245 3410 4316; x_wconf 83' lang='lat' dir='ltr'><strong>pristini,quando</strong></span> <span class='ocrx_word' id='word_1_636' title='bbox 3460 4246 3591 4302; x_wconf 85' lang='lat' dir='ltr'><strong>ﬁlios</strong></span> <span class='ocrx_word' id='word_1_637' title='bbox 3624 4239 3738 4298; x_wconf 77' lang='lat' dir='ltr'><strong>lsrad</strong></span> 
     </span>
    </p>
   </div>
   <div class='ocr_carea' id='block_1_86' title="bbox 2224 4330 3740 4408">
    <p class='ocr_par' dir='ltr' id='par_1_86' title="bbox 2224 4330 3740 4408">
     <span class='ocr_line' id='line_1_86' title="bbox 2224 4330 3740 4408; baseline 0.003 -23"><span class='ocrx_word' id='word_1_638' title='bbox 2224 4330 2293 4386; x_wconf 88' lang='lat' dir='ltr'><strong>de</strong></span> <span class='ocrx_word' id='word_1_639' title='bbox 2321 4340 2467 4386; x_wconf 88' lang='lat' dir='ltr'><strong>terra</strong></span> <span class='ocrx_word' id='word_1_640' title='bbox 2488 4330 2710 4404; x_wconf 69' lang='lat' dir='ltr'><strong>.IEgypti</strong></span> <span class='ocrx_word' id='word_1_641' title='bbox 2739 4333 2948 4389; x_wconf 72' lang='lat' dir='ltr'><strong>eduxit.</strong></span> <span class='ocrx_word' id='word_1_642' title='bbox 3006 4335 3074 4389; x_wconf 85' lang='lat' dir='ltr'><strong>Et</strong></span> <span class='ocrx_word' id='word_1_643' title='bbox 3111 4336 3168 4390; x_wconf 90' lang='lat' dir='ltr'><strong>in</strong></span> <span class='ocrx_word' id='word_1_644' title='bbox 3227 4353 3341 4408; x_wconf 88' lang='lat' dir='ltr'><strong>quo</strong></span> <span class='ocrx_word' id='word_1_645' title='bbox 3386 4332 3740 4394; x_wconf 77' lang='lat' dir='ltr'><strong>recordabitur?</strong></span> 
     </span>
    </p>
   </div>
   <div class='ocr_carea' id='block_1_87' title="bbox 2227 4420 3741 4502">
    <p class='ocr_par' dir='ltr' id='par_1_87' title="bbox 2227 4420 3741 4502">
     <span class='ocr_line' id='line_1_87' title="bbox 2227 4420 3741 4502; baseline 0.009 -24"><span class='ocrx_word' id='word_1_646' title='bbox 2227 4420 2299 4478; x_wconf 79' lang='lat' dir='ltr'><strong>Ut</strong></span> <span class='ocrx_word' id='word_1_647' title='bbox 2322 4430 2467 4478; x_wconf 83' lang='lat' dir='ltr'><strong>esset</strong></span> <span class='ocrx_word' id='word_1_648' title='bbox 2493 4421 2637 4478; x_wconf 83' lang='lat' dir='ltr'><strong>Deus</strong></span> <span class='ocrx_word' id='word_1_649' title='bbox 2660 4440 2848 4480; x_wconf 88' lang='lat' dir='ltr'><strong>eorum</strong></span> <span class='ocrx_word' id='word_1_650' title='bbox 2872 4426 2927 4481; x_wconf 87' lang='lat' dir='ltr'><strong>in</strong></span> <span class='ocrx_word' id='word_1_651' title='bbox 2952 4438 3254 4499; x_wconf 88' lang='lat' dir='ltr'><strong>conspectu</strong></span> <span class='ocrx_word' id='word_1_652' title='bbox 3275 4431 3541 4502; x_wconf 86' lang='lat' dir='ltr'><strong>gentium.</strong></span> <span class='ocrx_word' id='word_1_653' title='bbox 3571 4429 3637 4483; x_wconf 86' lang='lat' dir='ltr'><strong>Ad</strong></span> <span class='ocrx_word' id='word_1_654' title='bbox 3649 4440 3741 4497; x_wconf 73' lang='lat' dir='ltr'><strong>quo:</strong></span> 
     </span>
    </p>
   </div>
   <div class='ocr_carea' id='block_1_88' title="bbox 533 4480 3739 4593">
    <p class='ocr_par' dir='ltr' id='par_1_88' title="bbox 533 4480 3739 4593">
     <span class='ocr_line' id='line_1_88' title="bbox 533 4480 3739 4593; baseline 0.011 -59"><span class='ocrx_word' id='word_1_655' title='bbox 533 4480 632 4549; x_wconf 85' lang='lat' dir='ltr'><strong>tia,</strong></span> <span class='ocrx_word' id='word_1_656' title='bbox 681 4483 777 4588; x_wconf 80' lang='lat' dir='ltr'><strong>sed</strong></span> <span class='ocrx_word' id='word_1_657' title='bbox 823 4500 853 4539; x_wconf 89' lang='lat' dir='ltr'><strong>a</strong></span> <span class='ocrx_word' id='word_1_658' title='bbox 891 4484 1018 4593; x_wconf 42' lang='lat' dir='ltr'><strong>.Deo</strong></span> <span class='ocrx_word' id='word_1_659' title='bbox 1039 4490 1395 4593; x_wconf 66' lang='lat' dir='ltr'><strong>praeponitur,</strong></span> <span class='ocrx_word' id='word_1_660' title='bbox 1429 4502 1596 4566; x_wconf 89' lang='lat' dir='ltr'><strong>atque</strong></span> <span class='ocrx_word' id='word_1_661' title='bbox 1627 4496 1750 4553; x_wconf 90' lang='lat' dir='ltr'><strong>ideo</strong></span> <span class='ocrx_word' id='word_1_662' title='bbox 1794 4502 1947 4569; x_wconf 88' lang='lat' dir='ltr'><strong>prius</strong></span> <span class='ocrx_word' id='word_1_663' title='bbox 2000 4504 2120 4573; x_wconf 81' lang='lat' dir='ltr'><strong>ejus</strong></span> <span class='ocrx_word' id='word_1_664' title='bbox 2152 4537 2196 4593; x_wconf 64' lang='grc' dir='ltr'><strong><em>υ</em></strong></span> <span class='ocrx_word' id='word_1_665' title='bbox 2227 4527 2346 4566; x_wconf 91' lang='lat' dir='ltr'><strong>rum</strong></span> <span class='ocrx_word' id='word_1_666' title='bbox 2372 4513 2725 4570; x_wconf 82' lang='lat' dir='ltr'><strong>manifestam</strong></span> <span class='ocrx_word' id='word_1_667' title='bbox 2772 4480 3310 4574; x_wconf 54' lang='lat' dir='ltr'><strong>demonstraiionen:</strong></span> <span class='ocrx_word' id='word_1_668' title='bbox 3374 4521 3629 4576; x_wconf 82' lang='lat' dir='ltr'><strong>sulliciunt</strong></span> <span class='ocrx_word' id='word_1_669' title='bbox 3679 4513 3739 4569; x_wconf 72' lang='lat' dir='ltr'><strong>tibi</strong></span> 
     </span>
    </p>
   </div>
   <div class='ocr_carea' id='block_1_89' title="bbox 529 4576 3742 4680">
    <p class='ocr_par' dir='ltr' id='par_1_89' title="bbox 529 4576 3742 4680">
     <span class='ocr_line' id='line_1_89' title="bbox 529 4576 3742 4680; baseline 0.005 -36"><span class='ocrx_word' id='word_1_670' title='bbox 529 4576 1034 4647; x_wconf 66' lang='grc' dir='ltr'><strong>ίηθωοτίθιηῖπίι,</strong></span> <span class='ocrx_word' id='word_1_671' title='bbox 1062 4580 1301 4652; x_wconf 64' lang='lat' dir='ltr'><strong>Primum</strong></span> <span class='ocrx_word' id='word_1_672' title='bbox 1325 4583 1518 4656; x_wconf 59' lang='lat' dir='ltr'><strong>1300b,</strong></span> <span class='ocrx_word' id='word_1_673' title='bbox 1540 4588 1635 4659; x_wconf 84' lang='lat' dir='ltr'><strong>qui</strong></span> <span class='ocrx_word' id='word_1_674' title='bbox 1654 4591 1989 4648; x_wconf 58' lang='lat' dir='ltr'><strong>“missimus</strong></span> <span class='ocrx_word' id='word_1_675' title='bbox 2035 4604 2122 4650; x_wconf 73' lang='lat' dir='ltr'><strong>est</strong></span> <span class='ocrx_word' id='word_1_676' title='bbox 2152 4576 2193 4593; x_wconf 47' lang='grc' dir='ltr'><strong><em>ν</em></strong></span> <span class='ocrx_word' id='word_1_677' title='bbox 2226 4603 2345 4659; x_wconf 73' lang='lat' dir='ltr'><strong>hmo</strong></span> <span class='ocrx_word' id='word_1_678' title='bbox 2366 4605 2698 4675; x_wconf 77' lang='lat' dir='ltr'><strong>Apostolica:</strong></span> <span class='ocrx_word' id='word_1_679' title='bbox 2723 4608 2888 4663; x_wconf 77' lang='lat' dir='ltr'><strong>verba</strong></span> <span class='ocrx_word' id='word_1_680' title='bbox 2919 4610 3232 4680; x_wconf 64' lang='lat' dir='ltr'><strong>sapientiae.</strong></span> <span class='ocrx_word' id='word_1_681' title='bbox 3262 4609 3387 4666; x_wconf 81' lang='lat' dir='ltr'><strong>Non</strong></span> <span class='ocrx_word' id='word_1_682' title='bbox 3411 4614 3547 4666; x_wconf 81' lang='lat' dir='ltr'><strong>enim</strong></span> <span class='ocrx_word' id='word_1_683' title='bbox 3573 4609 3665 4664; x_wconf 71' lang='lat' dir='ltr'><strong>sala</strong></span> <span class='ocrx_word' id='word_1_684' title='bbox 3687 4622 3742 4659; x_wconf 67' lang='lat' dir='ltr'><strong>ea</strong></span> 
     </span>
    </p>
   </div>
   <div class='ocr_carea' id='block_1_90' title="bbox 528 4670 2119 4754">
    <p class='ocr_par' dir='ltr' id='par_1_90' title="bbox 528 4670 2119 4754">
     <span class='ocr_line' id='line_1_90' title="bbox 528 4670 2119 4754; baseline 0.012 -34"><span class='ocrx_word' id='word_1_685' title='bbox 528 4673 782 4737; x_wconf 80' lang='lat' dir='ltr'><strong>tempore</strong></span> <span class='ocrx_word' id='word_1_686' title='bbox 808 4677 865 4724; x_wconf 84' lang='lat' dir='ltr'><strong>et</strong></span> <span class='ocrx_word' id='word_1_687' title='bbox 887 4670 1101 4739; x_wconf 89' lang='lat' dir='ltr'><strong>ordine,</strong></span> <span class='ocrx_word' id='word_1_688' title='bbox 1125 4674 1462 4735; x_wconf 87' lang='lat' dir='ltr'><strong>mentionem</strong></span> <span class='ocrx_word' id='word_1_689' title='bbox 1479 4678 1627 4735; x_wconf 85' lang='lat' dir='ltr'><strong>facit.</strong></span> <span class='ocrx_word' id='word_1_690' title='bbox 1648 4678 1719 4736; x_wconf 89' lang='lat' dir='ltr'><strong>Ut</strong></span> <span class='ocrx_word' id='word_1_691' title='bbox 1735 4684 2119 4754; x_wconf 85' lang='lat' dir='ltr'><strong>cognationem</strong></span> 
     </span>
    </p>
   </div>
   <div class='ocr_carea' id='block_1_91' title="bbox 514 4759 2119 4842">
    <p class='ocr_par' dir='ltr' id='par_1_91' title="bbox 514 4759 2119 4842">
     <span class='ocr_line' id='line_1_91' title="bbox 514 4759 2119 4842; baseline 0.011 -30"><span class='ocrx_word' id='word_1_692' title='bbox 514 4766 718 4833; x_wconf 67' lang='lat' dir='ltr'><strong>autem</strong></span> <span class='ocrx_word' id='word_1_693' title='bbox 754 4759 899 4816; x_wconf 89' lang='lat' dir='ltr'><strong>inter</strong></span> <span class='ocrx_word' id='word_1_694' title='bbox 931 4778 991 4818; x_wconf 90' lang='lat' dir='ltr'><strong>se</strong></span> <span class='ocrx_word' id='word_1_695' title='bbox 1015 4764 1275 4822; x_wconf 86' lang='lat' dir='ltr'><strong>habentia</strong></span> <span class='ocrx_word' id='word_1_696' title='bbox 1319 4768 1572 4826; x_wconf 86' lang='lat' dir='ltr'><strong>similiter</strong></span> <span class='ocrx_word' id='word_1_697' title='bbox 1614 4774 1925 4842; x_wconf 76' lang='lat' dir='ltr'><strong>conjunxit.</strong></span> <span class='ocrx_word' id='word_1_698' title='bbox 1961 4774 2029 4829; x_wconf 88' lang='lat' dir='ltr'><strong>Et</strong></span> <span class='ocrx_word' id='word_1_699' title='bbox 2063 4776 2119 4831; x_wconf 91' lang='lat' dir='ltr'><strong>in</strong></span> 
     </span>
    </p>
   </div>
   <div class='ocr_carea' id='block_1_92' title="bbox 531 4848 2121 4936">
    <p class='ocr_par' dir='ltr' id='par_1_92' title="bbox 531 4848 2121 4936">
     <span class='ocr_line' id='line_1_92' title="bbox 531 4848 2121 4936; baseline 0.014 -34"><span class='ocrx_word' id='word_1_700' title='bbox 531 4848 645 4915; x_wconf 78' lang='lat' dir='ltr'><strong>his.</strong></span> <span class='ocrx_word' id='word_1_701' title='bbox 698 4851 751 4906; x_wconf 89' lang='lat' dir='ltr'><strong>in</strong></span> <span class='ocrx_word' id='word_1_702' title='bbox 811 4855 1011 4924; x_wconf 81' lang='lat' dir='ltr'><strong>quibus</strong></span> <span class='ocrx_word' id='word_1_703' title='bbox 1042 4857 1187 4930; x_wconf 79' lang='lat' dir='ltr'><strong>legis</strong></span> <span class='ocrx_word' id='word_1_704' title='bbox 1240 4861 1743 4936; x_wconf 84' lang='lat' dir='ltr'><strong>prophetarumque</strong></span> <span class='ocrx_word' id='word_1_705' title='bbox 1786 4869 2121 4924; x_wconf 87' lang='lat' dir='ltr'><strong>mentionem</strong></span> 
     </span>
    </p>
   </div>
   <div class='ocr_carea' id='block_1_93' title="bbox 528 4941 2121 5024">
    <p class='ocr_par' dir='ltr' id='par_1_93' title="bbox 528 4941 2121 5024">
     <span class='ocr_line' id='line_1_93' title="bbox 528 4941 2121 5024; baseline 0.016 -30"><span class='ocrx_word' id='word_1_706' title='bbox 528 4941 685 5009; x_wconf 59' lang='lat' dir='ltr'><strong>facit,</strong></span> <span class='ocrx_word' id='word_1_707' title='bbox 710 4943 762 4997; x_wconf 90' lang='lat' dir='ltr'><strong>in</strong></span> <span class='ocrx_word' id='word_1_708' title='bbox 790 4945 875 5002; x_wconf 85' lang='lat' dir='ltr'><strong>his</strong></span> <span class='ocrx_word' id='word_1_709' title='bbox 900 4963 957 5004; x_wconf 91' lang='lat' dir='ltr'><strong>se</strong></span> <span class='ocrx_word' id='word_1_710' title='bbox 978 4958 1036 5005; x_wconf 87' lang='lat' dir='ltr'><strong>et</strong></span> <span class='ocrx_word' id='word_1_711' title='bbox 1067 4950 1345 5024; x_wconf 85' lang='lat' dir='ltr'><strong>Evangelii</strong></span> <span class='ocrx_word' id='word_1_712' title='bbox 1402 4956 1536 5012; x_wconf 89' lang='lat' dir='ltr'><strong>dicit</strong></span> <span class='ocrx_word' id='word_1_713' title='bbox 1574 4956 1777 5016; x_wconf 86' lang='lat' dir='ltr'><strong>facere.</strong></span> <span class='ocrx_word' id='word_1_714' title='bbox 1808 4960 1981 5017; x_wconf 75' lang='lat' dir='ltr'><strong>Nimis</strong></span> <span class='ocrx_word' id='word_1_715' title='bbox 2016 4978 2121 5018; x_wconf 78' lang='lat' dir='ltr'><strong>au-</strong></span> 
     </span>
    </p>
   </div>
   <div class='ocr_carea' id='block_1_94' title="bbox 530 5037 1748 5114">
    <p class='ocr_par' dir='ltr' id='par_1_94' title="bbox 530 5037 1748 5114">
     <span class='ocr_line' id='line_1_94' title="bbox 530 5037 1748 5114; baseline 0.015 -26"><span class='ocrx_word' id='word_1_716' title='bbox 530 5042 642 5090; x_wconf 86' lang='lat' dir='ltr'><strong>tem</strong></span> <span class='ocrx_word' id='word_1_717' title='bbox 673 5037 776 5094; x_wconf 89' lang='lat' dir='ltr'><strong>hoc</strong></span> <span class='ocrx_word' id='word_1_718' title='bbox 804 5054 889 5107; x_wconf 88' lang='lat' dir='ltr'><strong>ea,</strong></span> <span class='ocrx_word' id='word_1_719' title='bbox 922 5057 1043 5112; x_wconf 68' lang='lat' dir='ltr'><strong>quae</strong></span> <span class='ocrx_word' id='word_1_720' title='bbox 1072 5056 1401 5114; x_wconf 83' lang='lat' dir='ltr'><strong>sequuntur.</strong></span> <span class='ocrx_word' id='word_1_721' title='bbox 1438 5050 1748 5106; x_wconf 80' lang='lat' dir='ltr'><strong>confirmat.</strong></span> 
     </span>
    </p>
   </div>
   <div class='ocr_carea' id='block_1_95' title="bbox 604 5122 2123 5216">
    <p class='ocr_par' dir='ltr' id='par_1_95' title="bbox 604 5122 2123 5216">
     <span class='ocr_line' id='line_1_95' title="bbox 604 5122 2123 5216; baseline 0.014 -37"><span class='ocrx_word' id='word_1_722' title='bbox 604 5122 782 5182; x_wconf 79' lang='lat' dir='ltr'><strong>Ternr</strong></span> <span class='ocrx_word' id='word_1_723' title='bbox 822 5146 1028 5203; x_wconf 79' lang='lat' dir='ltr'><strong>quoque</strong></span> <span class='ocrx_word' id='word_1_724' title='bbox 1053 5151 1253 5190; x_wconf 87' lang='lat' dir='ltr'><strong>memor</strong></span> <span class='ocrx_word' id='word_1_725' title='bbox 1269 5154 1376 5200; x_wconf 80' lang='lat' dir='ltr'><strong>ero,</strong></span> <span class='ocrx_word' id='word_1_726' title='bbox 1403 5156 1521 5210; x_wconf 74' lang='lat' dir='ltr'><strong>qua:</strong></span> <span class='ocrx_word' id='word_1_727' title='bbox 1572 5158 1692 5197; x_wconf 83' lang='lat' dir='ltr'><strong>cunt</strong></span> <span class='ocrx_word' id='word_1_728' title='bbox 1743 5142 1928 5198; x_wconf 81' lang='lat' dir='ltr'><strong>relicta</strong></span> <span class='ocrx_word' id='word_1_729' title='bbox 1961 5145 2123 5216; x_wconf 80' lang='lat' dir='ltr'><strong>fuerit</strong></span> 
     </span>
    </p>
   </div>
   <div class='ocr_carea' id='block_1_96' title="bbox 522 5218 2123 5306">
    <p class='ocr_par' dir='ltr' id='par_1_96' title="bbox 522 5218 2123 5306">
     <span class='ocr_line' id='line_1_96' title="bbox 522 5218 2123 5306; baseline 0.015 -34"><span class='ocrx_word' id='word_1_730' title='bbox 522 5218 598 5272; x_wconf 71' lang='lat' dir='ltr'><strong>ab</strong></span> <span class='ocrx_word' id='word_1_731' title='bbox 630 5220 724 5283; x_wconf 82' lang='lat' dir='ltr'><strong>eis,</strong></span> <span class='ocrx_word' id='word_1_732' title='bbox 742 5222 857 5277; x_wconf 78' lang='lat' dir='ltr'><strong>sive</strong></span> <span class='ocrx_word' id='word_1_733' title='bbox 882 5232 940 5278; x_wconf 92' lang='lat' dir='ltr'><strong>ut</strong></span> <span class='ocrx_word' id='word_1_734' title='bbox 967 5223 1130 5293; x_wconf 84' lang='lat' dir='ltr'><strong>LXX,</strong></span> <span class='ocrx_word' id='word_1_735' title='bbox 1154 5228 1469 5300; x_wconf 81' lang='lat' dir='ltr'><strong>relinquitur</strong></span> <span class='ocrx_word' id='word_1_736' title='bbox 1492 5233 1556 5286; x_wconf 91' lang='lat' dir='ltr'><strong>ab</strong></span> <span class='ocrx_word' id='word_1_737' title='bbox 1578 5235 1676 5289; x_wconf 74' lang='lat' dir='ltr'><strong>eis.</strong></span> <span class='ocrx_word' id='word_1_738' title='bbox 1699 5234 1837 5306; x_wconf 86' lang='lat' dir='ltr'><strong>Ergo</strong></span> <span class='ocrx_word' id='word_1_739' title='bbox 1858 5239 1984 5306; x_wconf 82' lang='lat' dir='ltr'><strong>quia</strong></span> <span class='ocrx_word' id='word_1_740' title='bbox 2023 5240 2123 5296; x_wconf 89' lang='lat' dir='ltr'><strong>be-</strong></span> 
     </span>
    </p>
   </div>
   <div class='ocr_carea' id='block_1_97' title="bbox 524 5309 2121 5391">
    <p class='ocr_par' dir='ltr' id='par_1_97' title="bbox 524 5309 2121 5391">
     <span class='ocr_line' id='line_1_97' title="bbox 524 5309 2121 5391; baseline 0.016 -29"><span class='ocrx_word' id='word_1_741' title='bbox 524 5309 768 5365; x_wconf 65' lang='lat' dir='ltr'><strong>nedictio</strong></span> <span class='ocrx_word' id='word_1_742' title='bbox 803 5314 1037 5370; x_wconf 76' lang='lat' dir='ltr'><strong>maxime</strong></span> <span class='ocrx_word' id='word_1_743' title='bbox 1055 5326 1206 5373; x_wconf 82' lang='lat' dir='ltr'><strong>terra</strong></span> <span class='ocrx_word' id='word_1_744' title='bbox 1226 5330 1309 5376; x_wconf 86' lang='lat' dir='ltr'><strong>est</strong></span> <span class='ocrx_word' id='word_1_745' title='bbox 1335 5337 1366 5375; x_wconf 84' lang='lat' dir='ltr'><strong>a</strong></span> <span class='ocrx_word' id='word_1_746' title='bbox 1395 5322 1526 5391; x_wconf 81' lang='lat' dir='ltr'><strong>Deo,</strong></span> <span class='ocrx_word' id='word_1_747' title='bbox 1564 5324 1618 5378; x_wconf 89' lang='lat' dir='ltr'><strong>in</strong></span> <span class='ocrx_word' id='word_1_748' title='bbox 1652 5328 1914 5383; x_wconf 84' lang='lat' dir='ltr'><strong>memoria</strong></span> <span class='ocrx_word' id='word_1_749' title='bbox 1930 5330 2121 5387; x_wconf 81' lang='lat' dir='ltr'><strong>haberi</strong></span> 
     </span>
    </p>
   </div>
   <div class='ocr_carea' id='block_1_98' title="bbox 529 5400 2120 5488">
    <p class='ocr_par' dir='ltr' id='par_1_98' title="bbox 529 5400 2120 5488">
     <span class='ocr_line' id='line_1_98' title="bbox 529 5400 2120 5488; baseline 0.014 -32"><span class='ocrx_word' id='word_1_750' title='bbox 529 5400 764 5473; x_wconf 75' lang='lat' dir='ltr'><strong>diligens</strong></span> <span class='ocrx_word' id='word_1_751' title='bbox 835 5405 1231 5479; x_wconf 69' lang='lat' dir='ltr'><strong>iutelligibilem</strong></span> <span class='ocrx_word' id='word_1_752' title='bbox 1281 5423 1482 5469; x_wconf 89' lang='lat' dir='ltr'><strong>terram</strong></span> <span class='ocrx_word' id='word_1_753' title='bbox 1536 5416 1700 5484; x_wconf 87' lang='lat' dir='ltr'><strong>Deus,</strong></span> <span class='ocrx_word' id='word_1_754' title='bbox 1727 5417 1781 5474; x_wconf 92' lang='lat' dir='ltr'><strong>id</strong></span> <span class='ocrx_word' id='word_1_755' title='bbox 1842 5430 1945 5488; x_wconf 85' lang='lat' dir='ltr'><strong>est,</strong></span> <span class='ocrx_word' id='word_1_756' title='bbox 1992 5439 2120 5480; x_wconf 85' lang='lat' dir='ltr'><strong>suas</strong></span> 
     </span>
    </p>
   </div>
   <div class='ocr_carea' id='block_1_99' title="bbox 529 5495 2118 5578">
    <p class='ocr_par' dir='ltr' id='par_1_99' title="bbox 529 5495 2118 5578">
     <span class='ocr_line' id='line_1_99' title="bbox 529 5495 2118 5578; baseline 0.018 -31"><span class='ocrx_word' id='word_1_757' title='bbox 529 5495 934 5567; x_wconf 73' lang='lat' dir='ltr'><strong>scripturas,et</strong></span> <span class='ocrx_word' id='word_1_758' title='bbox 952 5504 1271 5560; x_wconf 86' lang='lat' dir='ltr'><strong>memoriam</strong></span> <span class='ocrx_word' id='word_1_759' title='bbox 1297 5522 1512 5578; x_wconf 87' lang='lat' dir='ltr'><strong>eorum,</strong></span> <span class='ocrx_word' id='word_1_760' title='bbox 1569 5520 1623 5567; x_wconf 86' lang='lat' dir='ltr'><strong>et</strong></span> <span class='ocrx_word' id='word_1_761' title='bbox 1671 5526 1783 5567; x_wconf 84' lang='lat' dir='ltr'><strong>non</strong></span> <span class='ocrx_word' id='word_1_762' title='bbox 1835 5515 2118 5575; x_wconf 81' lang='lat' dir='ltr'><strong>oblivione</strong></span> 
     </span>
    </p>
   </div>
   <div class='ocr_carea' id='block_1_100' title="bbox 600 5702 2071 5805">
    <p class='ocr_par' dir='ltr' id='par_1_100' title="bbox 600 5702 2071 5805">
     <span class='ocr_line' id='line_1_100' title="bbox 600 5702 2071 5805; baseline 0.013 -33"><span class='ocrx_word' id='word_1_763' title='bbox 600 5718 620 5805; x_wconf 66' lang='grc' dir='ltr'><strong>ξ’</strong></span> <span class='ocrx_word' id='word_1_764' title='bbox 654 5715 810 5805; x_wconf 73' lang='lat' dir='ltr'><strong>Deut.</strong></span> <span class='ocrx_word' id='word_1_765' title='bbox 833 5739 1001 5805; x_wconf 37' lang='lat' dir='ltr'><strong>sua&quot;,</strong></span> <span class='ocrx_word' id='word_1_766' title='bbox 1044 5724 1103 5805; x_wconf 53' lang='lat' dir='ltr'><strong>ill</strong></span> <span class='ocrx_word' id='word_1_767' title='bbox 1128 5726 1336 5805; x_wconf 37' lang='lat' dir='ltr'><strong>illam.</strong></span> <span class='ocrx_word' id='word_1_768' title='bbox 1365 5702 1538 5805; x_wconf 41' lang='grc' dir='ltr'><strong>κάς).</strong></span> <span class='ocrx_word' id='word_1_769' title='bbox 1616 5734 1636 5761; x_wconf 72' lang='grc'><strong><em>⁸</em></strong></span> <span class='ocrx_word' id='word_1_770' title='bbox 1668 5735 1825 5792; x_wconf 76' lang='lat' dir='ltr'><strong>Rom.</strong></span> <span class='ocrx_word' id='word_1_771' title='bbox 1872 5738 2071 5805; x_wconf 63' lang='lat' dir='ltr'><strong>st,.‘28.</strong></span> 
     </span>
    </p>
   </div>
   <div class='ocr_carea' id='block_1_101' title="bbox 533 5783 1630 5865">
    <p class='ocr_par' dir='ltr' id='par_1_101' title="bbox 533 5783 1630 5865">
     <span class='ocr_line' id='line_1_101' title="bbox 533 5783 1630 5865; baseline 0.016 -28"><span class='ocrx_word' id='word_1_772' title='bbox 533 5783 637 5850; x_wconf 70' lang='lat'><strong>27;</strong></span> <span class='ocrx_word' id='word_1_773' title='bbox 676 5789 770 5843; x_wconf 81' lang='lat' dir='ltr'><strong>lsu.</strong></span> <span class='ocrx_word' id='word_1_774' title='bbox 802 5806 856 5857; x_wconf 69' lang='grc' dir='ltr'><strong>ι,</strong></span> <span class='ocrx_word' id='word_1_775' title='bbox 879 5783 1000 5847; x_wconf 48' lang='grc' dir='ltr'><strong>’ὶῖί</strong></span> <span class='ocrx_word' id='word_1_776' title='bbox 1052 5799 1095 5827; x_wconf 76' lang='grc' dir='ltr'><strong>ιο</strong></span> <span class='ocrx_word' id='word_1_777' title='bbox 1127 5783 1284 5851; x_wconf 80' lang='lat' dir='ltr'><strong>llum.</strong></span> <span class='ocrx_word' id='word_1_778' title='bbox 1316 5783 1630 5865; x_wconf 31' lang='grc' dir='ltr'><strong>χεῖρά-26.</strong></span> 
     </span>
    </p>
   </div>
   <div class='ocr_carea' id='block_1_102' title="bbox 2224 4695 3741 4772">
    <p class='ocr_par' dir='ltr' id='par_1_102' title="bbox 2224 4695 3741 4772">
     <span class='ocr_line' id='line_1_102' title="bbox 2224 4695 3741 4772; baseline 0.004 -25"><span class='ocrx_word' id='word_1_779' title='bbox 2224 4695 2495 4765; x_wconf 85' lang='lat' dir='ltr'><strong>ignorare,</strong></span> <span class='ocrx_word' id='word_1_780' title='bbox 2518 4698 2735 4768; x_wconf 72' lang='lat' dir='ltr'><strong>fratres,</strong></span> <span class='ocrx_word' id='word_1_781' title='bbox 2780 4702 3086 4772; x_wconf 77' lang='lat' dir='ltr'><strong>mysterium</strong></span> <span class='ocrx_word' id='word_1_782' title='bbox 3107 4701 3223 4766; x_wconf 76' lang='lat' dir='ltr'><strong>hac,</strong></span> <span class='ocrx_word' id='word_1_783' title='bbox 3252 4712 3316 4756; x_wconf 82' lang='lat' dir='ltr'><strong>stt</strong></span> <span class='ocrx_word' id='word_1_784' title='bbox 3351 4720 3456 4759; x_wconf 76' lang='lat' dir='ltr'><strong>non</strong></span> <span class='ocrx_word' id='word_1_785' title='bbox 3510 4703 3613 4758; x_wconf 82' lang='lat' dir='ltr'><strong>sitis</strong></span> <span class='ocrx_word' id='word_1_786' title='bbox 3645 4697 3741 4768; x_wconf 68' lang='lat' dir='ltr'><strong>apud</strong></span> 
     </span>
    </p>
   </div>
   <div class='ocr_carea' id='block_1_103' title="bbox 2225 4787 3739 4865">
    <p class='ocr_par' dir='ltr' id='par_1_103' title="bbox 2225 4787 3739 4865">
     <span class='ocr_line' id='line_1_103' title="bbox 2225 4787 3739 4865; baseline 0.005 -27"><span class='ocrx_word' id='word_1_787' title='bbox 2225 4787 2560 4856; x_wconf 79' lang='lat' dir='ltr'><strong>vosmetipsos</strong></span> <span class='ocrx_word' id='word_1_788' title='bbox 2581 4790 2863 4858; x_wconf 75' lang='lat' dir='ltr'><strong>sapientes,</strong></span> <span class='ocrx_word' id='word_1_789' title='bbox 2898 4793 3026 4863; x_wconf 81' lang='lat' dir='ltr'><strong>quia</strong></span> <span class='ocrx_word' id='word_1_790' title='bbox 3066 4794 3276 4848; x_wconf 68' lang='lat' dir='ltr'><strong>ca’citas</strong></span> <span class='ocrx_word' id='word_1_791' title='bbox 3307 4811 3373 4849; x_wconf 78' lang='lat' dir='ltr'><strong>ea:</strong></span> <span class='ocrx_word' id='word_1_792' title='bbox 3402 4804 3557 4865; x_wconf 83' lang='lat' dir='ltr'><strong>parte</strong></span> <span class='ocrx_word' id='word_1_793' title='bbox 3581 4788 3739 4858; x_wconf 70' lang='lat' dir='ltr'><strong>contigit</strong></span> 
     </span>
    </p>
   </div>
   <div class='ocr_carea' id='block_1_104' title="bbox 2225 4876 3740 4957">
    <p class='ocr_par' dir='ltr' id='par_1_104' title="bbox 2225 4876 3740 4957">
     <span class='ocr_line' id='line_1_104' title="bbox 2225 4876 3740 4957; baseline 0.007 -27"><span class='ocrx_word' id='word_1_794' title='bbox 2225 4878 2282 4931; x_wconf 86' lang='lat' dir='ltr'><strong>in</strong></span> <span class='ocrx_word' id='word_1_795' title='bbox 2313 4876 2502 4945; x_wconf 82' lang='lat' dir='ltr'><strong>Israel,</strong></span> <span class='ocrx_word' id='word_1_796' title='bbox 2534 4879 2698 4935; x_wconf 85' lang='lat' dir='ltr'><strong>donec</strong></span> <span class='ocrx_word' id='word_1_797' title='bbox 2721 4882 2994 4952; x_wconf 78' lang='lat' dir='ltr'><strong>plenitudo</strong></span> <span class='ocrx_word' id='word_1_798' title='bbox 3046 4886 3285 4957; x_wconf 78' lang='lat' dir='ltr'><strong>gentium</strong></span> <span class='ocrx_word' id='word_1_799' title='bbox 3350 4888 3609 4951; x_wconf 82' lang='lat' dir='ltr'><strong>introiret,</strong></span> <span class='ocrx_word' id='word_1_800' title='bbox 3638 4892 3674 4937; x_wconf 78' lang='grc' dir='ltr'><strong>ει</strong></span> <span class='ocrx_word' id='word_1_801' title='bbox 3693 4878 3740 4932; x_wconf 62' lang='lat' dir='ltr'><strong>sic</strong></span> 
     </span>
    </p>
   </div>
   <div class='ocr_carea' id='block_1_105' title="bbox 2220 4969 3741 5052">
    <p class='ocr_par' dir='ltr' id='par_1_105' title="bbox 2220 4969 3741 5052">
     <span class='ocr_line' id='line_1_105' title="bbox 2220 4969 3741 5052; baseline 0.005 -31"><span class='ocrx_word' id='word_1_802' title='bbox 2220 4969 2397 5024; x_wconf 81' lang='lat' dir='ltr'><strong>omnis</strong></span> <span class='ocrx_word' id='word_1_803' title='bbox 2416 4969 2777 5028; x_wconf 79' lang='lat' dir='ltr'><strong>Israelsalvus</strong></span> <span class='ocrx_word' id='word_1_804' title='bbox 2788 4974 2943 5044; x_wconf 78' lang='lat' dir='ltr'><strong>ﬁeret</strong></span> <span class='ocrx_word' id='word_1_805' title='bbox 2964 4977 3032 5029; x_wconf 84' lang='grc'><strong>¹⁰.</strong></span> <span class='ocrx_word' id='word_1_806' title='bbox 3065 4977 3210 5032; x_wconf 88' lang='lat' dir='ltr'><strong>Bene</strong></span> <span class='ocrx_word' id='word_1_807' title='bbox 3229 4994 3362 5052; x_wconf 79' lang='lat' dir='ltr'><strong>ergo</strong></span> <span class='ocrx_word' id='word_1_808' title='bbox 3378 4980 3445 5035; x_wconf 88' lang='lat' dir='ltr'><strong>ad</strong></span> <span class='ocrx_word' id='word_1_809' title='bbox 3475 4980 3630 5035; x_wconf 88' lang='lat' dir='ltr'><strong>totius</strong></span> <span class='ocrx_word' id='word_1_810' title='bbox 3641 4973 3741 5029; x_wconf 81' lang='lat' dir='ltr'><strong>verbi</strong></span> 
     </span>
    </p>
   </div>
   <div class='ocr_carea' id='block_1_106' title="bbox 2229 5058 3741 5141">
    <p class='ocr_par' dir='ltr' id='par_1_106' title="bbox 2229 5058 3741 5141">
     <span class='ocr_line' id='line_1_106' title="bbox 2229 5058 3741 5141; baseline 0.009 -27"><span class='ocrx_word' id='word_1_811' title='bbox 2229 5058 2642 5117; x_wconf 83' lang='lat' dir='ltr'><strong>conclusionem</strong></span> <span class='ocrx_word' id='word_1_812' title='bbox 2673 5061 2936 5121; x_wconf 87' lang='lat' dir='ltr'><strong>Dominus</strong></span> <span class='ocrx_word' id='word_1_813' title='bbox 2981 5066 3163 5121; x_wconf 82' lang='lat' dir='ltr'><strong>dixit:</strong></span> <span class='ocrx_word' id='word_1_814' title='bbox 3221 5066 3332 5141; x_wconf 86' lang='lat' dir='ltr'><strong>Ego</strong></span> <span class='ocrx_word' id='word_1_815' title='bbox 3377 5068 3629 5122; x_wconf 75' lang='lat' dir='ltr'><strong>Dominus.</strong></span> <span class='ocrx_word' id='word_1_816' title='bbox 3676 5058 3741 5126; x_wconf 77' lang='grc' dir='ltr'><strong>Ουί</strong></span> 
     </span>
    </p>
   </div>
   <div class='ocr_carea' id='block_1_107' title="bbox 2226 5155 3740 5229">
    <p class='ocr_par' dir='ltr' id='par_1_107' title="bbox 2226 5155 3740 5229">
     <span class='ocr_line' id='line_1_107' title="bbox 2226 5155 3740 5229; baseline 0.002 -20"><span class='ocrx_word' id='word_1_817' title='bbox 2226 5155 2474 5209; x_wconf 89' lang='lat' dir='ltr'><strong>omnium</strong></span> <span class='ocrx_word' id='word_1_818' title='bbox 2501 5155 2735 5212; x_wconf 88' lang='lat' dir='ltr'><strong>salutem</strong></span> <span class='ocrx_word' id='word_1_819' title='bbox 2772 5157 2919 5221; x_wconf 82' lang='lat' dir='ltr'><strong>volo,</strong></span> <span class='ocrx_word' id='word_1_820' title='bbox 2943 5166 3106 5229; x_wconf 87' lang='lat' dir='ltr'><strong>atque</strong></span> <span class='ocrx_word' id='word_1_821' title='bbox 3138 5159 3265 5215; x_wconf 86' lang='lat' dir='ltr'><strong>ideo</strong></span> <span class='ocrx_word' id='word_1_822' title='bbox 3289 5160 3453 5215; x_wconf 78' lang='lat' dir='ltr'><strong>etiam</strong></span> <span class='ocrx_word' id='word_1_823' title='bbox 3474 5159 3740 5215; x_wconf 71' lang='lat' dir='ltr'><strong>Judzeonnn.</strong></span> 
     </span>
    </p>
   </div>
   <div class='ocr_carea' id='block_1_108' title="bbox 2227 5244 3618 5321">
    <p class='ocr_par' dir='ltr' id='par_1_108' title="bbox 2227 5244 3618 5321">
     <span class='ocr_line' id='line_1_108' title="bbox 2227 5244 3618 5321; baseline 0.002 -22"><span class='ocrx_word' id='word_1_824' title='bbox 2227 5244 2359 5300; x_wconf 88' lang='lat' dir='ltr'><strong>licet</strong></span> <span class='ocrx_word' id='word_1_825' title='bbox 2381 5259 2505 5316; x_wconf 83' lang='lat' dir='ltr'><strong>pOSt</strong></span> <span class='ocrx_word' id='word_1_826' title='bbox 2529 5255 2610 5302; x_wconf 86' lang='lat' dir='ltr'><strong>tot</strong></span> <span class='ocrx_word' id='word_1_827' title='bbox 2638 5247 2975 5318; x_wconf 84' lang='lat' dir='ltr'><strong>iniquitates,</strong></span> <span class='ocrx_word' id='word_1_828' title='bbox 3019 5250 3332 5305; x_wconf 75' lang='lat' dir='ltr'><strong>salvaturus</strong></span> <span class='ocrx_word' id='word_1_829' title='bbox 3357 5250 3618 5321; x_wconf 84' lang='lat' dir='ltr'><strong>reliquias.</strong></span> 
     </span>
    </p>
   </div>
   <div class='ocr_carea' id='block_1_109' title="bbox 2302 5338 3742 5413">
    <p class='ocr_par' dir='ltr' id='par_1_109' title="bbox 2302 5338 3742 5413">
     <span class='ocr_line' id='line_1_109' title="bbox 2302 5338 3742 5413; baseline -0.001 -20"><span class='ocrx_word' id='word_1_830' title='bbox 2302 5338 2465 5395; x_wconf 74' lang='lat' dir='ltr'><strong>Vens.</strong></span> <span class='ocrx_word' id='word_1_831' title='bbox 2496 5339 2587 5394; x_wconf 69' lang='grc'><strong>45.</strong></span> <span class='ocrx_word' id='word_1_832' title='bbox 2631 5358 2651 5392; x_wconf 77' lang='lat' dir='ltr'><strong>t</strong></span> <span class='ocrx_word' id='word_1_833' title='bbox 2691 5340 2819 5396; x_wconf 64' lang='lat' dir='ltr'><strong>llaec</strong></span> <span class='ocrx_word' id='word_1_834' title='bbox 2847 5349 3261 5413; x_wconf 74' lang='lat' dir='ltr'><strong>smtlpra‘cepta</strong></span> <span class='ocrx_word' id='word_1_835' title='bbox 3290 5349 3453 5412; x_wconf 89' lang='lat' dir='ltr'><strong>atque</strong></span> <span class='ocrx_word' id='word_1_836' title='bbox 3482 5339 3673 5411; x_wconf 84' lang='lat' dir='ltr'><strong>judicia,</strong></span> <span class='ocrx_word' id='word_1_837' title='bbox 3708 5338 3742 5386; x_wconf 72' lang='lat' dir='ltr'><strong>cl</strong></span> 
     </span>
    </p>
   </div>
   <div class='ocr_carea' id='block_1_110' title="bbox 2226 5425 3739 5503">
    <p class='ocr_par' dir='ltr' id='par_1_110' title="bbox 2226 5425 3739 5503">
     <span class='ocr_line' id='line_1_110' title="bbox 2226 5425 3739 5503; baseline 0.001 -18"><span class='ocrx_word' id='word_1_838' title='bbox 2226 5430 2375 5503; x_wconf 85' lang='lat' dir='ltr'><strong>leges</strong></span> <span class='ocrx_word' id='word_1_839' title='bbox 2391 5447 2527 5501; x_wconf 85' lang='lat' dir='ltr'><strong>quas</strong></span> <span class='ocrx_word' id='word_1_840' title='bbox 2558 5432 2712 5487; x_wconf 90' lang='lat' dir='ltr'><strong>dedit</strong></span> <span class='ocrx_word' id='word_1_841' title='bbox 2739 5433 3005 5489; x_wconf 89' lang='lat' dir='ltr'><strong>Dominus</strong></span> <span class='ocrx_word' id='word_1_842' title='bbox 3034 5433 3179 5489; x_wconf 89' lang='lat' dir='ltr'><strong>inter</strong></span> <span class='ocrx_word' id='word_1_843' title='bbox 3207 5450 3287 5502; x_wconf 88' lang='lat' dir='ltr'><strong>se,</strong></span> <span class='ocrx_word' id='word_1_844' title='bbox 3322 5445 3377 5490; x_wconf 90' lang='lat' dir='ltr'><strong>et</strong></span> <span class='ocrx_word' id='word_1_845' title='bbox 3399 5434 3551 5497; x_wconf 87' lang='lat' dir='ltr'><strong>filios,</strong></span> <span class='ocrx_word' id='word_1_846' title='bbox 3577 5429 3662 5496; x_wconf 80' lang='lat' dir='ltr'><strong>vel,</strong></span> <span class='ocrx_word' id='word_1_847' title='bbox 3704 5425 3739 5478; x_wconf 74' lang='lat' dir='ltr'><strong>ill</strong></span> 
     </span>
    </p>
   </div>
   <div class='ocr_carea' id='block_1_111' title="bbox 2229 5522 3245 5598">
    <p class='ocr_par' dir='ltr' id='par_1_111' title="bbox 2229 5522 3245 5598">
     <span class='ocr_line' id='line_1_111' title="bbox 2229 5522 3245 5598; baseline 0.003 -24"><span class='ocrx_word' id='word_1_848' title='bbox 2229 5531 2422 5578; x_wconf 85' lang='lat' dir='ltr'><strong>monte</strong></span> <span class='ocrx_word' id='word_1_849' title='bbox 2451 5522 2605 5577; x_wconf 83' lang='lat' dir='ltr'><strong>Sinai</strong></span> <span class='ocrx_word' id='word_1_850' title='bbox 2627 5538 2725 5595; x_wconf 87' lang='lat' dir='ltr'><strong>per</strong></span> <span class='ocrx_word' id='word_1_851' title='bbox 2750 5539 2973 5580; x_wconf 87' lang='lat' dir='ltr'><strong>manum</strong></span> <span class='ocrx_word' id='word_1_852' title='bbox 3001 5525 3192 5598; x_wconf 69' lang='lat' dir='ltr'><strong>Moysi.</strong></span> <span class='ocrx_word' id='word_1_853' title='bbox 3226 5546 3245 5577; x_wconf 74' lang='grc' dir='ltr'><strong><em>ι</em></strong></span> 
     </span>
    </p>
   </div>
   <div class='ocr_carea' id='block_1_112' title="bbox 2176 5742 3735 5815">
    <p class='ocr_par' dir='ltr' id='par_1_112' title="bbox 2176 5742 3735 5815">
     <span class='ocr_line' id='line_1_112' title="bbox 2176 5742 3735 5815; baseline 0.006 -19"><span class='ocrx_word' id='word_1_854' title='bbox 2176 5743 2195 5772; x_wconf 76' lang='grc'><strong>⁷</strong></span> <span class='ocrx_word' id='word_1_855' title='bbox 2229 5742 2387 5797; x_wconf 79' lang='lat' dir='ltr'><strong>Boni.</strong></span> <span class='ocrx_word' id='word_1_856' title='bbox 2450 5761 2503 5811; x_wconf 87' lang='lat' dir='ltr'><strong>v,</strong></span> <span class='ocrx_word' id='word_1_857' title='bbox 2533 5746 2619 5801; x_wconf 86' lang='lat' dir='ltr'><strong>lO.</strong></span> <span class='ocrx_word' id='word_1_858' title='bbox 2715 5747 2736 5777; x_wconf 77' lang='grc'><em>³</em></span> <span class='ocrx_word' id='word_1_859' title='bbox 2771 5746 2928 5803; x_wconf 81' lang='lat' dir='ltr'><strong>Osee.</strong></span> <span class='ocrx_word' id='word_1_860' title='bbox 2967 5765 3038 5815; x_wconf 77' lang='lat' dir='ltr'><strong>tv,</strong></span> <span class='ocrx_word' id='word_1_861' title='bbox 3078 5750 3132 5803; x_wconf 89' lang='lat'><strong>8.</strong></span> <span class='ocrx_word' id='word_1_862' title='bbox 3209 5750 3231 5782; x_wconf 83' lang='lat'><strong>’</strong></span> <span class='ocrx_word' id='word_1_863' title='bbox 3261 5748 3388 5806; x_wconf 84' lang='lat' dir='ltr'><strong>ibid.</strong></span> <span class='ocrx_word' id='word_1_864' title='bbox 3461 5748 3497 5779; x_wconf 88' lang='lat'><em>&quot;</em></span> <span class='ocrx_word' id='word_1_865' title='bbox 3528 5745 3735 5804; x_wconf 69' lang='lat' dir='ltr'><strong>llonux.</strong></span> 
     </span>
    </p>
   </div>
  </div>
