3892 6408
127 434 265 501 ῙῖἷιἾ

1245 428 1329 489 ΙΝ
1371 420 1818 489 LEVITICUM.
1860 447 1932 461 ·-
1970 420 2119 483 LIB.
2159 418 2293 481 VII.

3269 421 3406 490 1153

207 550 331 608 Non
365 550 543 607 otiose
564 546 836 614 intendas,
861 561 984 618 quas
1031 545 1176 602 dicta
1200 552 1348 599 sunt.
1398 539 1721 597 Conclusio-
1749 544 1795 602 Α
1825 535 2070 604 cerdote,
2094 543 2149 591 et
2170 540 2438 605 quantum
2456 529 2546 587 ille
2574 529 2946 597 aestimaverit,
2969 539 3025 587 et
3053 531 3252 592 viderit
3278 552 3418 594 eum.

122 659 257 700 nem
314 642 463 698 enim
524 640 707 697 verbis
764 640 877 694 suis
933 637 1212 712 legislator
1262 632 1487 705 adjecit,
1520 648 1582 687 ex
1608 645 1714 701 qua

124 751 308 807 usque
340 734 405 789 ad
429 742 642 789 certum
665 743 879 802 tempus
906 729 1118 784 ﬁrmam
1149 726 1281 783 velit
1305 740 1428 780 esse
1450 722 1588 795 legis
1628 721 1712 777 lit-

127 837 324 890 teram,
362 826 481 883 sine
511 824 690 895 aliqua
734 821 1077 877 dubitatione
1122 816 1512 878 manilestavit,
1541 824 1596 869 et
1622 813 1719 869 Ju-

128 920 379 975 dteorum
414 916 690 971 obstruxit
711 930 793 982 os,
824 910 1169 968 tentantibus
1193 910 1298 964 hac
1323 909 1442 981 lege
1463 907 1537 961 uti
1553 907 1717 961 etiam

132 1026 308 1074 nunc,
333 1010 554 1080 quando
584 1018 806 1077 tempus
836 1021 946 1060 non
981 1004 1338 1073 habent,jam
1371 1001 1625 1056 veniente
1654 1015 1723 1053 eo

127 1102 225 1172 qui
252 1099 483 1162 Judmis,
509 1098 654 1153 sicut
681 1095 939 1156 inﬁrmis,
975 1094 1135 1149 lactis
1167 1094 1287 1147 vice
1315 1091 1450 1163 legis
1484 1091 1721 1144 litteram

129 1192 455 1264 exquisivit,
486 1188 690 1245 ethuic
740 1188 961 1260 Moysen
1007 1184 1334 1257 praecipiens
1388 1182 1722 1244 ministrare,

130 1285 253 1356 ipse
286 1283 518 1339 veniens
547 1282 614 1336 ad
648 1281 794 1335 illam
848 1277 1147 1350 perfectius
1174 1275 1477 1331 introduxit
1500 1271 1724 1343 judicia.

125 1376 280 1449 Ergo
297 1375 602 1430 secundum
661 1371 804 1443 quod
831 1369 1001 1425 semel
1040 1368 1301 1429 diximus,
1337 1363 1724 1435 propriedixit,

124 1483 256 1539 quae
306 1466 420 1520 Deo
448 1464 732 1532 iudicante
792 1461 862 1517 de
909 1459 1233 1528 quibusdam
1288 1456 1560 1528 capitulis,
1609 1469 1729 1525 quae

124 1562 461 1635 ignorantes
519 1558 1017 1627 interrogaverunt,
1065 1554 1209 1608 dicta
1269 1560 1418 1605 sunt.
1452 1550 1728 1619 Praecepta

126 1661 350 1716 autem,
375 1666 496 1721 quae
521 1665 627 1703 non
653 1649 757 1703 hoc
779 1646 961 1713 modo,
997 1644 1093 1701 sed
1124 1643 1421 1713 semetipso
1453 1640 1732 1712 legislator

124 1742 294 1797 nullo
348 1741 719 1811 interrogante
764 1735 1019 1791 sancivit.
1063 1732 1269 1788 Deinde
1303 1732 1587 1787 succincte
1646 1738 1732 1786 to-

124 1833 251 1887 tius
285 1830 587 1886 sauctionis
641 1826 1109 1897 dispensationem
1199 1822 1490 1895 complecti
1536 1819 1727 1875 volens

123 1925 387 1981 subdidit
421 1923 457 1977 ε’

207 2018 282 2072 Et
313 2017 452 2087 leges
485 2029 618 2085 quas
644 2011 785 2066 dedit
819 2009 1070 2065 Dominus
1091 2009 1226 2061 inter
1253 2023 1308 2061 se
1340 2015 1388 2060 et
1433 2007 1571 2059 inter
1591 2003 1729 2075 ﬁlios

130 2108 344 2163 Israel.
370 2107 594 2176 PrOpter
622 2102 766 2174 quod
797 2112 853 2158 et
887 2100 1081 2170 reliqui
1106 2099 1455 2167 interpretes,
1486 2096 1731 2164 exceptis

134 2198 315 2265 LXX,
332 2199 478 2271 leges
500 2196 811 2261 ediderunt,
846 2190 1156 2248 differentia
1181 2189 1315 2259 legis
1335 2189 1551 2259 negotia
1563 2186 1733 2241 verbo

133 2289 250 2341 hoc
282 2286 661 2339 demonstrare
682 2280 987 2351 cupientes.
1049 2274 1187 2342 Quid
1237 2285 1417 2327 autem
1447 2281 1531 2327 est
1587 2271 1732 2342 quod

134 2376 284 2432 dixit
302 2372 479 2429 inter?
517 2370 625 2426 nisi
651 2369 776 2440 quia
808 2364 1177 2438 proculdubio
1202 2378 1373 2430 usque
1398 2362 1528 2415 dum
1548 2359 1735 2414 veniat

136 2469 214 2525 de
250 2483 364 2538 quo
391 2465 470 2520 ait
500 2464 671 2518 Isaias
697 2478 711 2514 :
755 2459 875 2530 Ipse
895 2458 1067 2513 veniet
1122 2452 1414 2509 etsalvabit
1440 2468 1532 2505 nos
1560 2465 1579 2504 :
1612 2458 1737 2502 tunc

140 2561 460 2633 aperientur
474 2555 612 2610 oculi
626 2560 960 2614 ca'corum,et
978 2563 1134 2602 aures
1146 2546 1426 2599 surdorum
1441 2541 1657 2596 audient
1672 2540 1737 2605 η,

149 2662 205 2708 et
236 2662 582 2722 quaecunque
608 2646 662 2700 in
700 2644 791 2699 illa
836 2639 1125 2714 prOphetia
1167 2636 1554 2691 continentur:
1610 2638 1741 2686 tunc

145 2756 500 2816 nequaquam
536 2740 678 2793 ultra
709 2733 1009 2790 secundum
1039 2728 1385 2801 superﬁciem
1415 2726 1626 2790 litterae,
1647 2723 1743 2776 sed

144 2832 615 2908 quemadmodum
662 2830 780 2901 ipse
799 2825 1138 2898 exposuerit,
1175 2827 1397 2892 oportet
1416 2819 1593 2889 legem
1645 2830 1744 2870 cu-

148 2907 350 2984 stodiri
368 2925 434 2979 ad
454 2920 836 2993 Evangelicam
860 2916 1089 2989 gratiam
1116 2912 1431 2968 translatam
1460 2917 1513 2962 et
1536 2907 1602 2961 ad
1619 2920 1748 2976 perv

151 3018 448 3073 fectiorem
494 3010 993 3073 conversationem,
1025 3021 1137 3060 non
1160 3003 1304 3058 utad
1327 3002 1540 3056 irritum
1572 2998 1747 3053 dedu-

152 3116 341 3175 catur,
372 3105 469 3161 sed
492 3111 554 3159 ut
582 3104 649 3159 ad
669 3101 995 3173 prudentem
1031 3093 1567 3167 interpretationem,
1626 3088 1743 3159 Spl-

1817 644 1983 700 posse
2011 626 2259 689 reddere,
2279 632 2491 679 tantum
2521 622 2692 678 dabit.
2743 641 2762 675 ι

1887 718 2050 773 Plena
2074 726 2205 773 sunt
2219 717 2337 772 haec
2361 714 2527 771 etlam
2549 714 2881 786 legislatoris
2901 716 3065 772 verba
3085 716 3406 789 prudentia,

1821 810 2055 866 maxime
2092 817 2400 880 opportuno
2429 815 2754 864 conservata
2787 809 3061 880 tempori;
3098 825 3219 880 quae
3256 811 3405 865 enim

1821 907 2070 969 oporteat
2094 899 2198 969 agi,
2226 912 2348 968 quae
2398 895 2653 962 minime,
2707 897 2773 951 in'
2796 898 3177 969 superioribus
3213 902 3408 970 praeci-
3493 937 3499 945 -

1822 990 2002 1061 piens,
2030 1003 2178 1044 nunc
2201 989 2367 1044 etiam
2414 987 2736 1061 dignitatem
2799 1003 2862 1042 ea
2911 990 3290 1063 peragentium
3341 1007 3407 1047 ex

1824 1088 1959 1145 toto,
1985 1080 2072 1136 vel
2101 1094 2167 1134 ex
2194 1089 2372 1150 parte,
2394 1095 2494 1150 per
2526 1080 2661 1144 haec,
2687 1096 2808 1150 quae
2845 1081 3110 1137 dicuntur
3135 1070 3407 1155 'exponit.

1824 1172 1894 1226 Et
1917 1171 2044 1242 quid
2070 1170 2141 1226 sit
2178 1171 2420 1241 perfecta
2455 1171 2593 1236 vita,
2616 1187 2736 1242 quae
2753 1182 2935 1227 autem
2974 1174 3157 1229 adhuc
3177 1175 3231 1229 in
3281 1190 3404 1244 pro-

1825 1263 1973 1318 fectu
1995 1262 2689 1332 constituta,quidinitium
2720 1264 3046 1334 cognitionis
3072 1266 3426 1331 Deihabens,.

1826 1354 1957 1424 quid
1980 1353 2117 1421 veri,
2150 1368 2272 1423 qua:
2308 1354 2572 1408 virtutum
2637 1369 2825 1424 opera,
2875 1354 3020 1409 clare
3062 1356 3417 1426 perfectoque

1827 1443 2122 1515 percurrit.
2149 1442 2255 1498 Sed
2281 1452 2337 1498 et
2367 1442 2696 1509 inﬁrmatus,
2741 1459 2853 1498 non
2911 1453 3092 1499 tamen
3142 1446 3430 1502 recedens

1828 1537 1898 1593 ab
1926 1552 2024 1604 ea,
2057 1535 2377 1592 diﬁerertes
2432 1543 2625 1590 aetates
2665 1536 2969 1600 ascribens,
3004 1537 3278 1607 exposuit.
3320 1536 3413 1590 Di-

1830 1630 1906 1685 cit
1923 1637 2107 1685 autem
2132 1629 2247 1684 sic:
2718 1668 2721 1673 .

1903 1719 2097 1787 Homo,
2124 1720 2214 1785 qui
2239 1726 2419 1773 votum
2453 1719 2655 1790 fecerit,
2681 1727 2732 1773 et
2758 1719 3097 1789 spoponderit
3156 1718 3270 1773 Deo
3298 1720 3421 1773 ani-

1834 1822 1977 1863 manu
1996 1825 2171 1863 suam.
2196 1807 2254 1862 id
2289 1815 2406 1873 est,
2468 1807 2782 1877 quicunque
2824 1807 3139 1878 promiserit
3182 1809 3429 1863 animaar

1760 1889 1800 1945 li
1829 1911 1983 1951 suam
2019 1894 2154 1959 Deo,
2191 1908 2520 1963 omnemque
2550 1894 2600 1947 ei
2633 1908 2786 1950 suam
2808 1893 2976 1947 vitam
2998 1894 3197 1949 oﬂ'erre
3232 1895 3422 1948 volue-

1830 1986 1922 2041 rit.
1969 1984 2201 2054 Propter
2248 1984 2395 2055 quod
2443 1984 2638 2054 Aquila
2687 1992 2745 2038 et
2794 1982 3168 2049 Theodotion,
3223 1998 3324 2053 pro
3353 1998 3434 2038 eo

1832 2077 1979 2147 quod
2006 2078 2214 2132 dictum
2239 2084 2343 2142 est,
2371 2085 2552 2129 votum
2598 2075 2801 2146 fecerit,
2835 2073 3196 2143 Symmachus
3212 2085 3427 2140 autem,

1832 2167 2243 2236 si'superaoerit,
2275 2164 2589 2219 ediderunt.
2622 2163 2959 2218 Admirabile
3010 2165 3159 2217 enim
3185 2178 3314 2218 vere
3339 2170 3436 2218 est.

1834 2267 1891 2313 et
1913 2258 2070 2313 valde
2092 2256 2417 2312 beatitudini
2450 2256 2787 2325 proximum,
2834 2263 3009 2309 totum
3061 2255 3422 2325 semetipsum

1837 2349 2150 2422 quempiam
2178 2348 2287 2402 Deo
2312 2348 2532 2412 oﬁ‘erre,
2585 2355 2645 2400 ut
2669 2346 2909 2400 animam
2960 2360 3115 2400 suam
3169 2345 3431 2411 Domino,

1838 2442 1925 2497 vel
1956 2442 2096 2495 sicut
2118 2438 2280 2505 LXX,
2306 2440 2551 2492 honorem
2579 2437 2774 2491 animo:
2797 2450 2908 2490 suae
2926 2436 3171 2498 Domino,
3206 2435 3260 2490 id
3314 2442 3422 2500 est,

1842 2542 1904 2588 ut
1931 2535 2126 2586 otferat
2159 2531 2270 2585 Deo
2289 2544 2455 2599 quem
2495 2528 2707 2597 accepit
2728 2529 2797 2581 ab
2825 2541 2892 2580 eo
2918 2528 3119 2581 animae
3147 2526 3417 2580 honorem

1842 2627 2019 2690 illum,
2074 2625 2143 2679 de
2198 2639 2307 2693 quo
2349 2621 2516 2676 David
2545 2621 2858 2676 daemonum
2912 2617 3140 2673 insidias
3163 2617 3425 2678 innuens,

1843 2720 2063 2775 dicebat
2097 2735 2112 2772 :
2155 2718 2523 2773 Verumtamen
2554 2718 2807 2769 honorem
2852 2727 3026 2765 meum
3068 2710 3435 2781 cogitaverunt

1845 2812 2095 2884 repellere
2124 2810 2189 2866 ¹⁵.

1909 2931 2027 2986 Erit
2057 2928 2285 3000 pretium
2340 2924 2569 2980 masculi
2623 2940 2655 2977 a
2687 2921 2933 2977 vicesima
2963 2935 3124 2981 anno,
3156 2934 3319 2991 usque
3362 2930 3435 2972 aa

1848 3020 2231 3092 sexagesimum
2261 3031 2487 3079 annum,
2517 3012 2907 3085 quinquaginta
2947 3010 3064 3064 sicli
3086 3009 3314 3079 argenti,
3363 3009 3437 3062 ad

1851 3126 2153 3165 mensuram
2180 3104 2497 3161 sanctuarii.
2536 3104 2667 3157 Sive
2695 3112 2751 3157 ut
2775 3099 2919 3156 LXX
2948 3143 2963 3169 ,
2995 3101 3317 3155 didrachmaa
3340 3112 3435 3154 aro

153 3202 487 3270 τίωιθωίιηθ
506 3210 730 3252 sensum
765 3194 1034 3248 traham“
1078 3189 1190 3245 cur
1234 3186 1400 3243 eum“
1436 3184 1617 3239 locum
1672 3184 1750 3234 δί’
1778 3225 1820 3282 C
1854 3203 2015 3277 genti.
2037 3199 2447 3270 Quinquaginta
2467 3195 2798 3251 didrachmas
2822 3193 2937 3248 sive
2966 3191 3106 3257 sicli,
3132 3190 3276 3246 oboli
3307 3198 3438 3245 sunt

155 3289 482 3367 gnitlcavit?
512 3289 588 3343 ait
609 3287 756 3342 enim
783 3300 801 3338 :

234 3383 307 3439 In
337 3391 512 3438 monte
540 3378 726 3445 Sinai,
757 3376 863 3431 nisi
896 3382 959 3429 nt
980 3367 1317 3438 non,'David
1351 3368 1572 3425 dicente
1606 3382 1619 3416 :
1656 3365 1751 3419 Vi—

159 3477 375 3533 debitur
396 3475 536 3530 Deus
565 3474 783 3526 deorum
810 3468 867 3521 in
896 3465 1024 3521 Sion
1054 3465 1099 3496 "
1124 3480 1140 3530 ;
1171 3470 1227 3516 et
1254 3459 1549 3529 Malachia‘:
1569 3458 1755 3516 Subito

158 3570 338 3625 veniet
367 3567 424 3620 in
451 3563 703 3635 templum
729 3575 886 3614 suum
929 3556 1205 3615 Dominus,
1237 3568 1392 3623 quem
1445 3567 1533 3605 vos
1563 3552 1759 3623 quarri—

164 3660 337 3727 lis“;
374 3667 429 3713 et
458 3668 650 3710 rursus
668 3648 974 3707 David:Ea:
1011 3646 1140 3702 Sion
1172 3645 1365 3715 species
1402 3643 1601 3697 decoris
1620 3635 1756 3712 ejus,

160 3757 315 3813 Deus
348 3750 658 3821 manifestus
678 3745 868 3808 veniet,
891 3741 1031 3796 Deus
1046 3748 1239 3802 noster,
1265 3750 1315 3791 et
1343 3752 1445 3790 non
1472 3734 1643 3789 silebit
1664 3733 1709 3766 “
1740 3749 1755 3787 :

162 3848 321 3904 illam
378 3845 500 3912 ejus
534 3838 642 3896 dici
690 3834 1153 3906 dispensationem
1201 3838 1460 3900 putemus
1514 3836 1760 3896 tempore

164 3937 314 4010 legis
342 3943 540 3997 actam,
575 3928 721 3984 unde
761 3927 853 3982 hic
913 3933 1021 3978 tam
1063 3921 1171 3977 loci
1235 3917 1573 3974 mentionem
1634 3915 1765 3970 fecit

164 4006 342 4101 quam
366 4021 726 4081 ministrantis
754 4017 945 4088 Moysi,
963 4022 1024 4069 ut
1051 4029 1115 4068 ex
1138 4013 1243 4066 hoc
1266 4006 1764 4076 disceremus,quia

164 4097 347 4178 alium
373 4115 534 4173 nobis
566 4113 862 4168 adventum
895 4108 1015 4178 ejus
1044 4104 1327 4176 prophetat
1373 4097 1764 4170 prniniserunt,

169 4214 272 4285 qui
303 4210 492 4266 neein
531 4207 683 4273 Sina,
715 4217 821 4259 nec
860 4214 961 4273 per
1015 4197 1398 4257 mediatorum,
1437 4191 1534 4247 sed
1581 4197 1768 4260 aperte

174 4310 360 4365 tactus
395 4312 500 4361 est.

745 4383 977 4444 CAPUT
1020 4380 1237 4437 XXVII.

256 4491 426 4547 Vens.
455 4486 562 4541 1-8.
604 4503 623 4536 ι
647 4482 1001 4548 Locutusque
1023 4484 1109 4530 est
1161 4470 1424 4526 Dominus
1454 4467 1522 4523 ad
1549 4465 1773 4535 Moysen

1856 3287 2049 3351 mille’:
2090 3291 2459 3366 viginlienim
2492 3288 2686 3343 obolos
2735 3300 2855 3341 esse
2890 3283 3104 3349 siclum,
3163 3282 3280 3337 sive
3351 3282 3439 3344 dio.

1856 3387 2195 3447 drachmam.
2224 3384 2311 3438 hic
2336 3382 2453 3451 ipse
2483 3380 2537 3433 in
2571 3377 2757 3437 Exodo
2790 3376 2946 3431 dixit.
2964 3374 3055 3429 Ait
3080 3372 3226 3427 enim
3258 3372 3337 3427 sic
3367 3371 3439 3427 de

1859 3480 1984 3536 ﬁliis
2019 3476 2178 3533 Israel
2209 3493 2223 3530 :
2249 3472 2415 3528 Juxta
2437 3485 2708 3524 numerum
2743 3467 2943 3521 dabunt
2976 3463 3174 3534 singuli
3211 3462 3438 3532 pretium

1859 3587 1955 3640 pro
1975 3565 2253 3620 animabus
2277 3562 2387 3616 suis
2416 3558 2641 3614 Domino
2672 3557 2737 3621 ",
2773 3553 2866 3624 qui
2896 3561 3077 3608 autem
3110 3549 3319 3604 dabunt
3365 3548 3444 3603 di-

1861 3635 2094 3712 midium
2127 3651 2268 3718 sicli,
2300 3651 2457 3723 juxta
2487 3658 2801 3700 mensuram
2833 3639 3046 3710 templi,
3074 3637 3161 3695 vel
3191 3644 3252 3692 ut
3277 3635 3442 3702 LXX,

1863 3742 2387 3814 didrachmae,quod
2416 3737 2720 3797 secundum
2769 3733 3145 3789 didrachmam
3198 3738 3443 3786 sanctam

1862 3839 2054 3913 viginti
2088 3837 2251 3894 oboli.
2290 3834 2419 3889 Sicli
2441 3847 2572 3904 ergo
2631 3830 2746 3883 sive
2801 3826 3152 3891 didrachmaa,
3175 3823 3296 3877 ideo
3345 3816 3453 3877 nos

1860 3934 2017 4006 juxta
2046 3942 2359 3985 mensuram
2392 3922 2600 3994 templi,
2629 3920 2715 3974 vel
2767 3916 3070 3974 secundum
3133 3926 3449 3968 mensuram

1866 4005 2167 4083 sanctuarii
2200 4014 2477 4073 reminisci
2521 4012 2718 4077 voluit,
2747 4009 2814 4064 ad
2850 4007 3004 4064 illum
3057 4005 3192 4076 legis
3241 4012 3451 4058 textum

1868 4114 2243 4173 transmittere
2275 4124 2376 4163 nos
2400 4106 2652 4176 cupiens,
2686 4100 2744 4155 in
2777 4114 2885 4170 quo
2908 4097 3100 4169 viginti
3151 4093 3342 4150 obolos
3363 4093 3450 4148 di-

1868 4203 2183 4262 drachmam
2217 4205 2461 4253 sanctam
2490 4205 2633 4257 esse,
2665 4188 2779 4244 sive
2803 4187 2999 4242 siclum
3021 4184 3118 4239 ait.
3144 4181 3281 4237 Cum
3299 4181 3452 4252 adja-

1871 4299 2019 4350 ceret
2042 4297 2223 4354 autem
2247 4284 2538 4356 przecipere
2562 4293 2730 4333 unum
2768 4275 2985 4334 siclum,
3016 4271 3105 4326 vel
3139 4269 3454 4325 drachmam

1872 4377 2082 4444 ollerri,
2109 4390 2222 4431 non
2253 4373 2333 4428 sic
2367 4366 2654 4441 prmcepit,
2703 4363 2799 4419 sed
2833 4361 2950 4416 sicli
2981 4359 3095 4416 sive
3125 4356 3460 4413 didrachmas

1877 4465 2189 4524 dimidium.
2208 4461 2311 4516 Per
2336 4460 2441 4514 huc
2461 4457 2861 4512 demonstrans,
2913 4447 3046 4518 quia
3077 4443 3297 4517 praprie
3329 4458 3461 4500 san-

180 4587 413 4643 dicens:
442 4581 689 4650 Loquere
713 4573 836 4628 ﬁliis
869 4534 1031 4625 Israel
1067 4566 1291 4622 etdices
1316 4562 1384 4617 ad
1429 4576 1524 4617 eos
1557 4577 1571 4614 :
1599 4534 1772 4613 Homo
1806 4571 1851 4626 υ
1882 4568 2028 4615 ctum
2053 4555 2111 4610 in
2143 4553 2262 4624 lege
2283 4557 2389 4616 est,
2422 4562 2532 4602 non
2563 4543 2708 4615 quod
2755 4538 3055 4597 secundum
3085 4536 3254 4593 solam
3310 4534 3464 4591 ιίιιρ..

180 4677 281 4751 qui
304 4683 489 4731 votum
512 4669 725 4734 fecerit,
754 4673 811 4720 et
839 4659 1193 4733 spoponderit
1213 4658 1324 4711 Deo
1341 4654 1578 4708 animam
1597 4664 1774 4709 suam,

185 4742 296 4827 sub
322 4762 685 4824 aestimatione
707 4756 861 4814 dabit
884 4754 1141 4826 pretium.
1190 4749 1247 4805 Si
1283 4746 1453 4803 fuerit
1478 4742 1775 4807 masculus,

184 4859 513 4919 avicesimo
551 4866 726 4923 usque
788 4848 857 4903 ad
912 4843 1307 4915 sexagesimum
1352 4852 1580 4901 annum,
1628 4832 1778 4889 dabit

187 4950 594 5029 quinquaginta
617 4946 782 5001 sielos
809 4939 1020 5012 argenti
1049 4936 1115 4991 ad
1153 4947 1468 4990 mensuram
1524 4935 1779 4984 sanctua-

188 5028 262 5104 rii
291 5064 306 5101 :
333 5046 381 5100 si
409 5041 626 5102 ruulier,
669 5032 910 5107 triginta.
936 5031 982 5086 A
1010 5028 1201 5100 quinto
1217 5034 1402 5079 autem
1430 5034 1581 5076 anno
1602 5030 1777 5088 usque

190 5140 266 5196 ad
306 5134 647 5196 vicesimum,
667 5125 943 5183 masculus
973 5119 1127 5177 dabit
1157 5116 1344 5188 viginti
1365 5114 1552 5177 siclos,
1576 5110 1778 5166 femina

190 5235 413 5290 decem.
435 5227 520 5282 Ab
561 5237 672 5279 uno
708 5233 900 5276 mense
940 5229 1118 5284 usque
1156 5211 1223 5266 ad
1246 5202 1478 5264 'annum
1527 5204 1780 5275 quintum

194 5340 301 5398 pro
342 5318 590 5376 masculo
640 5313 919 5371 dabuntur
957 5307 1201 5381 quinque
1246 5300 1388 5365 sicli,
1450 5310 1553 5368 pro
1581 5293 1783 5349 femina

196 5385 337 5473 ires.
370 5406 790 5481 Sexagenarius,
814 5409 869 5456 et
899 5398 1043 5454 ultra
1067 5393 1341 5450 masculus
1378 5390 1530 5446 dabit
1553 5385 1787 5458 quinde-

197 5509 309 5565 cim
327 5478 738 5569 siclos,l'emina
755 5494 966 5549 decem.
1003 5489 1059 5544 Si
1107 5499 1319 5558 pauper
1346 5482 1534 5548 fuerit,
1558 5490 1615 5535 et
1641 5478 1789 5534 aesti-

1883 4665 2022 4715 ram,
2055 4646 2151 4701 sed
2180 4644 2344 4699 etiam
2376 4638 2677 4695 secundum
2715 4633 2968 4705 spiritum
3003 4628 3346 4698 intelligitur,
3404 4635 3463 4683 et

1881 4742 2049 4812 hujus
2088 4737 2316 4794 debetur
2374 4731 2598 4786 oblatio.
2656 4726 2813 4783 Unde
2860 4731 2917 4778 et
2940 4720 3243 4778 secundum
3287 4717 3460 4780 LXX,

1884 4808 2035 4906 ipsas
2062 4828 2410 4885 didrachmas
2430 4822 2533 4879 sibi
2554 4817 2858 4890 conjunxit,
2883 4813 3167 4871 dimidium
3181 4819 3364 4867 autem
3381 4808 3467 4865 oli-

1884 4898 2014 4980 l'erri
2045 4919 2339 4992 prazcepit:
2363 4922 2421 4969 ut
2445 4913 2614 4977 dicas,
2645 4908 2772 4980 quia
2808 4901 3262 4962 condescendens
3320 4898 3468 4953 sicut

1885 4989 2137 5077 inﬁrmis,
2170 5011 2257 5066 his
2276 5006 2369 5079 qui
2391 5006 2564 5074 legem
2589 4997 2953 5070 accipiebant,
2998 5008 3109 5048 non
3167 4989 3467 5079 perfectam

1885 5102 2237 5171 oblationem,
2273 5077 2654 5171 imperfectum
2682 5099 2768 5147 est
2819 5089 3021 5159 quippe
3056 5081 3360 5142 dimidium,
3384 5077 3470 5171 ol-
3516 5130 3535 5169 ,ν

1889 5200 2021 5258 ferri
2041 5169 2321 5271 praacepit,
2354 5169 2502 5262 quod
2523 5193 2768 5243 sanctam
2788 5179 3162 5236 didrachmatn
3182 5173 3236 5227 in
3266 5172 3353 5226 bis
3371 5169 3470 5224 dc-

1890 5262 2116 5354 comest
2135 5262 2348 5354 obolos,
2384 5285 2437 5341 id
2467 5292 2572 5349 est,
2598 5282 2652 5337 in
2674 5275 2886 5350 viginti.
2914 5275 3026 5330 Lex
3073 5268 3218 5325 enim
3264 5263 3350 5320 bis
3372 5262 3469 5318 de~

1894 5405 2013 5444 cem
2059 5382 2314 5440 mandata
2359 5378 2543 5441 habet,
2604 5371 2829 5441 exigens
2856 5381 2920 5422 ea
2962 5356 3251 5432 duplicari,
3284 5354 3338 5409 id
3366 5360 3472 5417 est,
3556 5388 3561 5394 .

1895 5477 2198 5536 secundum
2228 5472 2486 5532 litteram,
2504 5472 2561 5520 et
2580 5460 2880 5520 secundum
2909 5454 3159 5527 spiritum
3182 5443 3473 5504 custodiri.

197 5540 309 5565 υιιιι
329 5540 493 5561 διυιυῦ
534 5540 738 5556 Iuno-nu.-
758 5540 966 5549 υ-ννν---ν
1003 5540 1059 5544 τν-
1109 5540 1197 5558 res,
1219 5540 1236 5556 Ι
1520 5540 1531 5548 ν

197 5544 514 5659 ιιιιιῑίοιιιειιιΙ
536 5592 767 5650 reddere
792 5599 904 5642 non
945 5580 1199 5647 valuerit,
1248 5575 1415 5632 stabit
1463 5586 1649 5629 coram
1704 5585 1791 5625 sa-
1894 5569 2005 5625 Illis
2026 5575 2232 5632 autem,
2262 5572 2325 5618 ut
2348 5565 2533 5616 mente
2562 5550 2923 5627 pauperibus.
2956 5540 3359 5606 suﬁieiebat,et
3384 5550 3477 5591 so-

279 5786 324 5821 ίι
352 5784 436 5839 lsa
490 5791 654 5841 xxxv,
692 5775 744 5840 4,
782 5771 835 5826 5.
916 5768 960 5800 “
990 5764 1133 5822 Psal.
1170 5775 1395 5825 Lxxxtu,
1437 5758 1489 5815 8.
1572 5755 1616 5789 ¹³
1647 5753 1747 5810 Mal

1862 5789 1875 5806 .
1912 5764 1995 5818 ιιι,
2028 5746 2078 5802 l.
2159 5743 2203 5775 "
2226 5740 2366 5799 Psal.
2391 5753 2534 5803 χιιι,
2566 5735 2619 5790 ‘5.
2707 5732 2749 5763 ’⁵
2781 5726 2920 5783 Psal.
2955 5740 3037 5780 ex:
3061 5763 3075 5789 ,
3105 5722 3154 5777 ἱ).
3243 5719 3281 5753 ·⁶
3302 5715 3479 5774 Exod.

200 5874 340 5922 ‘ux,
373 5856 462 5910 l2.

3514 5166 3543 5335 ἐ
