3892 6408
104 0 953 28 M

509 374 644 444 “59

1698 372 2059 436 HESYCHII
2117 370 2590 434 PRESBYTERI

3599 366 3699 438 1160

508 498 618 552 lam
647 496 887 551 litteram
917 492 1219 558 custodire,
1247 501 1472 564 propter
1497 490 1866 547 inﬁrmitatem
1892 505 2083 546 suam:
2122 494 2160 550 Α
2194 488 2471 543 tellectnm
2525 486 2851 557 perfectum,
2900 492 2954 539 et
3003 484 3393 550 fortitudinem,
3429 498 3481 543 et
3520 490 3701 549 ﬁliorum
3759 500 3774 511 ‘

509 598 567 643 et
596 590 786 643 decem
849 587 1229 641 mandatorum
1274 586 1475 641 offerre
1522 586 1715 640 saltem
1760 584 2093 639 sensibiliter

511 678 888 749 impletionem
942 686 1106 748 atque
1136 677 1429 741 actionem,
1449 691 1545 747 per
1575 691 1736 745 quam
1759 691 1913 731 suam
1930 677 2093 731 etiam

510 769 744 825 liberare
763 771 1004 824 animam
1036 770 1104 824 de
1130 777 1479 839 peccatorum
1516 767 1779 822 servitute
1817 767 2095 822 sensibilis

510 860 753 915 Israelita
772 868 1006 930 poterat.
1028 858 1086 914 Si
1113 860 1235 930 quis
1258 874 1387 929 ergo
1407 873 1439 912 a
1480 858 1745 914 vicesimo
1789 872 1937 912 anno
1985 864 2091 921 est,

511 953 568 1008 id
605 961 707 1017 est,
732 952 925 1022 pubes,
959 951 1136 1015 fortis,
1190 950 1422 1015 validus,
1462 948 1740 1005 sufﬁciens
1767 964 1960 1003 omnes
1978 948 2094 1002 vir-

514 1052 659 1099 tutes
685 1043 921 1113 operari,
946 1052 1000 1098 et
1021 1043 1294 1113 subjicere
1317 1041 1685 1113 intelligibiles
1710 1042 1962 1097 inimicos
1979 1055 2097 1095 om-

511 1134 677 1189 nibus
704 1134 1032 1197 aelionibus,
1056 1142 1112 1188 et
1140 1134 1400 1203 operibus
1424 1151 1436 1187 :
1463 1149 1494 1188 a
1521 1134 1707 1205 viginti
1734 1133 1880 1188 enim
1910 1131 2093 1198 annis,

510 1236 567 1281 et
590 1241 775 1296 supra,
809 1225 971 1280 Israel
1002 1226 1125 1281 vide
1149 1225 1278 1296 quid
1310 1225 1378 1280 de
1400 1224 1504 1280 bac
1522 1235 1683 1280 {etate
1712 1224 1950 1280 dicebat.

584 1316 769 1371 Omnis
795 1317 1060 1371 masculus
1085 1334 1118 1369 a
1148 1318 1337 1387 viginti
1363 1318 1520 1371 annis
1582 1326 1631 1371 et
1677 1334 1862 1387 supra.
1890 1315 2097 1371 Omnes

507 1408 602 1479 qui
629 1408 908 1463 ambulant
933 1409 989 1461 in
1017 1409 1219 1463 virtute
1245 1424 1258 1460 :
1295 1423 1393 1464 sua
1419 1408 1724 1463 fortitudini
1752 1408 1988 1462 maxime
2013 1408 2098 1464 his

508 1500 605 1570 qui
632 1499 763 1554 illud
795 1510 963 1570 agunt
990 1508 1227 1567 tempus,
1263 1500 1318 1552 in
1374 1499 1654 1570 prtedictis
1717 1498 2094 1554 testimonium

510 1591 746 1662 praebuit
780 1590 984 1654 verbis,
1017 1589 1093 1644 ita
1124 1598 1314 1661 utpote
1345 1590 1447 1646 hac
1471 1599 1651 1658 aetate,
1685 1606 1978 1646 excurrere
1998 1607 2096 1646 va-

509 1683 735 1746 lentem,
761 1690 818 1738 et
852 1697 1003 1737 arma
1046 1691 1286 1752 portare,
1318 1682 1662 1754 multumque
1692 1684 1982 1740 habentem
2036 1684 2093 1740 in

507 1773 721 1845 agendo
779 1772 1051 1829 fervorem
1088 1771 1465 1847 caloremque,
1509 1774 1675 1844 hujus
1743 1775 2005 1846 pretium,
2042 1775 2095 1830 id

2198 577 2641 646 procreationem
2667 575 2850 638 habet.
2887 585 2945 630 ut
2986 592 3054 630 ex
3098 576 3438 632 sensibilibns
3470 595 3560 634 nos
3583 581 3705 638 intel-

2196 668 2420 740 ligibilia
2452 670 2775 741 cogitemus.
2820 666 2958 740 Ergo
2994 670 3086 739 qui
3128 669 3452 724 intellectum
3492 682 3706 731 maturum

2196 770 2251 813 et
2293 758 2594 829 perfectum
2647 759 2831 826 habet,
2867 769 2923 814 et
2972 758 3367 827 fortitudinem,
3399 769 3457 816 ut
3492 763 3614 831 quod
3648 765 3708 820 in-

2199 849 2407 904 tellexit
2454 859 2596 919 agat,
2642 849 2734 903 hic
2782 848 2921 904 filios
2972 865 3291 931 comparare
3338 852 3466 906 alios
3503 850 3615 918 Deo,
3640 873 3711 926 per

2197 957 2352 995 suam
2406 940 2919 1009 conversationem,
2965 942 3053 996 vel
3108 942 3408 997 doctrinam
3454 944 3712 1015 impendens

2198 1041 2398 1100 potest.
2462 1030 2637 1102 Hujus
2691 1032 2928 1101 pretium
2996 1032 3195 1087 anima:
3252 1035 3614 1105 quinquaginta
3654 1041 3713 1093 di-

2196 1125 2471 1179 drachmas
2503 1123 2778 1194 perfectus
2817 1123 3028 1179 fructus
3064 1132 3170 1188 cst,
3210 1134 3268 1180 et
3303 1126 3621 1196 perfectionis
3646 1146 3714 1186 co«

2198 1230 2357 1280 rona,
2386 1231 2509 1285 quae
2551 1224 2609 1271 et
2650 1213 2969 1286 martyrium
3002 1214 3223 1270 habebit
3263 1224 3319 1270 et
3361 1231 3529 1273 rerum
3565 1219 3712 1290 despe-

2196 1313 2367 1365 ctum.
2401 1313 2457 1360 et
2500 1321 2719 1360 omnem
2763 1304 2908 1360 illam
2951 1304 3366 1376 perfectionem,
3394 1322 3543 1377 quam
3578 1309 3714 1365 Domi-

2197 1414 2302 1453 nus
2329 1397 2547 1453 dicebat
2566 1417 2580 1453 :
2600 1398 2767 1453 Erilis
2794 1398 3033 1468 perfecti,
3061 1399 3196 1452 sicut
3228 1406 3279 1452 et
3308 1398 3468 1453 Pater
3486 1411 3629 1455 vester
3648 1420 3717 1457 ce-

2197 1488 2340 1542 lestis
2378 1490 2637 1559 perfectus
2667 1498 2741 1543 est
2771 1489 2839 1542 ”.
2876 1486 2992 1544 Hoc
3035 1497 3217 1543 autem
3253 1490 3468 1559 quando
3504 1495 3718 1550 masculus

2197 1579 2398 1644 fuerit,
2445 1580 2498 1634 id
2548 1590 2654 1645 est,
2686 1580 2906 1650 quando
2959 1595 3179 1650 semper
3234 1579 3393 1635 fortis
3435 1598 3447 1633 :
3482 1582 3575 1636 hoc
3613 1586 3716 1638 enim

2197 1674 2286 1728 hic
2322 1675 2622 1729 masculum
2671 1674 2825 1731 dicit.
2870 1673 3110 1729 Femina:
3154 1684 3341 1729 autem
3391 1676 3493 1729 erit
3534 1678 3717 1732 testim:-

2198 1766 2296 1833 tio,
2333 1764 2554 1836 triginta
2596 1766 2736 1832 sicli,
2764 1766 2881 1820 sive
2926 1765 3286 1833 didrachmas,
3333 1775 3392 1820 ut
3437 1767 3540 1822 sint
3577 1768 3717 1823 drach-

507 1874 616 1930 cst,
644 1865 990 1920 conversatio
1055 1873 1112 1920 et
1153 1864 1284 1932 vita,
1310 1865 1619 1933 retributio,
1655 1882 1831 1939 quam
1872 1882 2090 1937 prose-

2197 1872 2301 1911 mte
2354 1857 2672 1928 sexaginta,
2736 1856 2975 1911 fructum
3037 1855 3294 1911 videlicet
3348 1859 3717 1929 sexagenarium.

507 1956 742 2025 metipso
777 1954 887 2010 Deo
916 1953 1098 2021 offert,
1127 1965 1183 2010 et
1212 1956 1507 2026 promittit,
1531 1957 1927 2027 quinquaginta
1948 1957 2090 2023 sicli,

505 2047 625 2102 sive
660 2045 939 2101 drachmis
965 2055 1116 2100 sunt.
1143 2045 1662 2117 Quinquagenarius
1691 2047 1841 2102 enim
1893 2063 2092 2102 nume-

506 2153 605 2193 rus
625 2138 931 2208 spiritalem
964 2136 1163 2207 figurat
1193 2136 1383 2203 vitam,
1453 2138 1582 2208 quia
1634 2138 1692 2192 in
1756 2138 2095 2208 quinquage-

505 2229 651 2285 simo
709 2229 797 2285 die
878 2230 1049 2283 sancti
1115 2228 1356 2299 Spiritus
1416 2229 1685 2285 adventus
1753 2229 1933 2284 factus
1987 2238 2090 2285 est.

508 2320 620 2376 Sed
651 2320 709 2374 in
747 2335 892 2374 anno
928 2320 1383 2390 quinquagesimo
1415 2320 1669 2375 liheratio
1696 2319 1757 2375 fit
1782 2321 1965 2375 omnis
1991 2320 2093 2377 de-

504 2414 631 2480 biti,
661 2423 719 2469 et
754 2420 914 2467 terrae
938 2411 1237 2478 restitutio,
1271 2412 1621 2481 multaquein
1636 2427 1705 2467 eo
1720 2413 1825 2467 alia
1838 2413 1978 2467 bona
1993 2411 2095 2467 Ju-

503 2505 637 2560 dacis
664 2520 765 2574 per
792 2504 966 2575 legero
1001 2502 1264 2573 disposita
1290 2510 1438 2558 sunt.
1474 2501 1878 2575 Quinquaginta
1909 2513 2094 2558 autem

503 2597 583 2651 ait
629 2596 815 2660 siclos,
856 2595 940 2650 vel
985 2594 1371 2660 didrachmas,
1430 2604 1492 2649 ut
1541 2596 1738 2650 iterum
1790 2597 2096 2665 duplicaret

504 2683 923 2755 quinquaginta,
949 2692 1006 2737 et
1033 2692 1256 2738 centum
1286 2684 1819 2754 diceretdrachmas,
1855 2685 2095 2741 fructum

508 2776 662 2830 illum
695 2775 998 2845 perfectum
1037 2775 1281 2846 signans,
1316 2776 1475 2830 istam
1520 2776 1710 2832 dicens
1744 2778 1940 2832 bonam
1982 2786 2097 2832 ter-

488 2884 626 2923 .ram
660 2864 1011 2932 fructificare,
1041 2881 1322 2938 exponens
1355 2870 1625 2925 seminum
1669 2871 2007 2942 parabolam,
2041 2871 2096 2925 in

510 2958 753 3031 triginta,
782 2970 838 3015 et
868 2962 1170 3033 sexaginta,
1192 2970 1249 3015 et
1272 2971 1495 3017 centum
1516 2962 1709 3019 dividit
1737 2981 1750 3017 :
1776 2963 1923 3019 hunc
1948 2962 2096 3019 enim

509 3067 805 3107 numerum
860 3052 1044 3108 nullus
1100 3052 1383 3109 hominum
1443 3062 1626 3125 potest
1682 3056 2093 3112 transcendere.

2195 1963 2453 2019 magnum
2517 1948 2738 2017 quidem
2790 1956 2846 2002 et
2892 1948 3108 2019 ipsum,
3167 1948 3265 2003 sed
3310 1950 3607 2003 centenario
3649 1952 3719 2005 mi-

2195 2057 2298 2094 nor
2342 2050 2446 2106 est,
2488 2049 2713 2110 propter
2764 2040 2908 2109 quod
2955 2048 3009 2095 et
3055 2040 3275 2095 feminae
3321 2040 3603 2096 introduxit
3635 2058 3720 2112 per-

2195 2146 2408 2193 sonam,
2445 2147 2570 2202 qua:
2612 2132 2790 2187 minor
2829 2142 2913 2188 est
2953 2147 2983 2187 a
3013 2132 3180 2188 virili.
3221 2132 3367 2205 Ergo
3407 2142 3461 2188 et
3500 2134 3717 2199 mulieres,

2194 2225 2416 2293 quando
2453 2223 2522 2280 ad
2565 2238 2880 2278 mensuram
2923 2239 3193 2279 summam
3251 2226 3603 2295 pervenerint,
3631 2243 3719 2296 pro.

2195 2316 2463 2385 fcctzeque
2506 2315 2709 2371 fuerint
2759 2320 2829 2371 ad
2875 2317 3294 2387 perfectionem,
3342 2318 3508 2374 fortes
3548 2331 3721 2390 possunt

2195 2408 2482 2478 appellari,
2520 2418 2707 2479 utpote
2735 2425 2857 2480 quae
2889 2425 3043 2465 suam
3087 2421 3417 2483 trangressa!
3455 2421 3573 2467 sunt
3611 2412 3720 2466 infir-

2197 2499 2469 2566 mitatem,
2515 2501 2987 2572 intentionemque
3030 2502 3377 2558 fortitudinis
3422 2514 3720 2570 resumentes,

2197 2598 2422 2660 propter
2449 2593 2595 2662 quod
2621 2600 2678 2645 et
2706 2592 2935 2662 spiritus
2962 2591 3057 2647 Dei
3096 2592 3151 2648 in
3187 2595 3501 2651 Proverbiis
3523 2596 3717 2653 dicebat:

2197 2683 2470 2738 Mulierem
2521 2686 2707 2755 fortem
2754 2686 2872 2755 quis
2911 2687 3255 2763 inveniet"?
3284 2687 3391 2749 'Cui
3432 2705 3554 2762 ergo
3588 2707 3720 2745 rerum

2197 2776 2490 2847 deSpcctus
2535 2776 2727 2832 deest?
2760 2778 2876 2833 Alia
2930 2785 3115 2834 autem
3152 2779 3230 2835 ait
3264 2780 3524 2852 perfecte,
3556 2798 3655 2852 qua:
3676 2782 3720 2836 de

2198 2868 2443 2924 omnium
2493 2883 2675 2923 rerum
2727 2870 3069 2925 continentia
3106 2872 3193 2927 lex
3226 2873 3501 2946 corrigere
3527 2875 3671 2945 jubet,
3687 2875 3720 2929 ei

2198 2961 2288 3031 qui
2321 2962 2624 3018 secundum
2658 2977 2779 3017 eam
2821 2963 2975 3018 vivit.
3017 2963 3192 3034 llujus
3227 2966 3519 3022 aestimatio
3558 2978 3627 3023 cst
3662 2967 3724 3021 tri-

2199 3053 2345 3124 ginta
2398 3054 2535 3119 sicli,
2583 3054 2699 3110 sive
2751 3056 3109 3124 didrachmze,
3149 3057 3203 3114 id
3264 3068 3354 3115 est
3402 3060 3722 3133 sexagenarius

508 3146 745 3200 Centum
785 3154 970 3199 autem
999 3145 1279 3201 drachma:
1319 3162 1512 3202 rursus
1544 3147 1866 3220 decuplatm,
1903 3149 2097 3205 obolos
2123 3187 2167 3244 Ω
2201 3143 2433 3208 fructus,
2470 3161 2632 3216 quem
2681 3157 2739 3202 et
2786 3146 2987 3203 Paulus
3030 3148 3274 3221 figurans
3322 3152 3570 3208 dicebat:
3605 3152 3722 3207 Vidn

511 3239 658 3291 enim
714 3237 906 3292 decem
959 3238 1283 3305 drachmas,
1331 3241 1789 3310 quemadmodum
1837 3240 2094 3306 diximus,

511 3327 697 3388 habet.
740 3327 1104 3383 millenarium
1134 3344 1425 3386 numerum
1448 3331 1765 3403 perficiunt,
1800 3331 1856 3386 in
1878 3349 1986 3404 quo
2013 3342 2097 3388 est

510 3430 624 3471 non
666 3416 921 3486 quislibet
964 3417 1246 3488 perfectio,
1292 3420 1388 3476 sed
1430 3421 1758 3490 caelestium,
1795 3423 1846 3479 id
1887 3434 1972 3480 est
2010 3424 2097 3479 in-

511 3517 927 3573 corporeorum,
945 3520 1067 3574 quae
1091 3516 1176 3561 est
1198 3506 1436 3575 illorum,
1459 3510 1551 3580 qui
1576 3511 1967 3569 habitationem
2003 3529 2096 3569 su-

509 3607 610 3663 per
629 3608 731 3648 nos
753 3595 932 3649 sortiti
956 3604 1107 3664 sunt,
1131 3613 1253 3667 quae
1273 3607 1359 3654 est
1382 3600 1764 3658 excedentium
1792 3606 2098 3676 corruptio.

509 3697 659 3749 nem,
709 3693 765 3738 et
820 3687 1272 3755 consequentium
1329 3689 1821 3762 incorruptionem,
1870 3708 2096 3768 propter

508 3773 654 3843 quod
711 3773 804 3829 Dei
858 3775 1082 3846 spiritus
1130 3778 1184 3833 in
1223 3779 1464 3837 Canticis
1505 3782 1947 3842 dicebat:Vinea
1992 3790 2093 3859 fuit

507 3864 764 3933 paciﬁca,
812 3865 869 3918 in
920 3882 981 3919 ea
1034 3883 1151 3938 qua:
1198 3869 1353 3924 habet
1399 3875 1635 3943 populos.
1688 3874 1925 3931 Tradidit
1974 3895 2092 3932 eam

509 3956 831 4022 custodibus,
866 3957 947 4011 vir
970 3959 1122 4028 aﬂ'ert
1151 3960 1382 4031 fructum
1412 3965 1527 4033 ejus
1551 3966 1695 4022 mille
1722 3979 1998 4038 argenteos
2025 3971 2089 4026 ¹⁷.

508 4045 643 4112 Quis
684 4047 766 4100 vir
822 4046 1023 4117 (neque
1054 4050 1202 4103 enim
1229 4066 1422 4108 omnes
1459 4055 1607 4109 hunc
1632 4056 1833 4112 offerre
1861 4069 2093 4128 possunt

507 4136 886 4206 fructum),ex
934 4141 1291 4209 sequentibus
1332 4144 1502 4201 disce.
1541 4144 1685 4202 Mille
1734 4148 1809 4202 tui
1857 4150 2087 4219 pacifici,

507 4239 567 4281 et
593 4228 814 4282 ducenti
849 4230 937 4285 his
963 4232 1057 4300 qui
1088 4234 1411 4292 custodiunt
1436 4236 1646 4294 fructus
1674 4240 1814 4312 ejus.
1840 4241 1984 4298 Mille
2013 4244 2088 4297 tui

506 4315 743 4406 pacifici,
761 4318 814 4373 id
833 4329 917 4375 est
936 4319 1193 4377 Salomon
1218 4342 1230 4378 :
1253 4323 1510 4382 Salomon
1534 4339 1715 4386 autem
1734 4332 2089 4406 intelligibilis

505 4403 762 4460 Christus
794 4418 898 4471 est,
930 4409 1055 4479 quia
1100 4411 1356 4469 Salomon
1387 4418 1640 4488 paciﬁcus
1672 4403 2084 4492 interpretatur.

2201 3234 2432 3306 eligatur
2464 3251 2571 3289 non
2600 3237 2774 3290 minor
2803 3240 3080 3309 sexaginta
3112 3257 3383 3297 annorum
3406 3244 3451 3274 ²¹
3483 3264 3497 3299 :
3526 3260 3608 3315 per
3628 3253 3723 3300 ala-

2201 3334 2307 3379 tem
2365 3341 2766 3397 numerumque
2828 3344 3097 3385 annorum
3150 3333 3505 3390 manifestare
3557 3334 3722 3397 volens,

2198 3433 2336 3488 quas
2378 3418 2609 3475 virtutes
2662 3428 2720 3475 et
2770 3421 3016 3477 actiones
3055 3422 3326 3482 exhibere
3377 3426 3564 3484 debeat
3591 3427 3722 3490 vidua,

2197 3528 2320 3584 quae
2366 3527 2397 3566 a
2442 3510 2552 3567 Deo
2578 3512 2794 3584 legitur,
2838 3529 2960 3585 qua:
2989 3515 3045 3570 in
3077 3516 3283 3575 divinis
3312 3521 3560 3576 scribitur
3577 3520 3723 3585 Libris,

2197 3611 2255 3658 et
2277 3618 2400 3672 qua:
2430 3611 2610 3672 potest
2641 3603 2696 3657 in
2726 3619 2957 3662 numero
2978 3606 3288 3666 Jerusalem
3310 3613 3541 3669 caelestis
3558 3614 3721 3684 degere.

2196 3694 2426 3764 Propter
2448 3694 2595 3764 quod
2631 3704 2689 3750 et
2720 3697 2983 3766 subdidit,
3021 3701 3317 3760 insinuans
3345 3708 3488 3776 quod
3514 3722 3611 3761 non
3640 3717 3723 3761 tan-

2196 3795 2311 3841 tum
2339 3787 2482 3843 cide
2507 3796 2687 3856 aetate,
2717 3799 2813 3845 aut
2854 3793 3037 3861 annis,
3081 3804 3354 3865 quantum
3393 3798 3461 3853 de
3495 3798 3725 3854 virtutibus

2193 3891 2315 3945 quae
2358 3892 2458 3947 per
2504 3877 2621 3934 haec
2668 3880 3071 3951 signiﬁcantur,
3105 3900 3237 3939 cura
3277 3895 3403 3942 erat
3435 3906 3449 3942 :
3484 3887 3630 3944 Unius
3655 3888 3723 3941 viri

2193 3985 2327 4023 uxor
2355 3985 2374 4024 :
2404 3971 2452 4025 si
2482 3970 2620 4040 filios
2645 3973 2909 4042 educavit,
2946 3976 2993 4029 si
3025 3978 3250 4046 hospitio
3281 3995 3537 4051 pauperes
3564 3981 3721 4049 recepit.

2190 4063 2237 4116 si
2265 4072 2569 4119 sanctorum
2596 4067 2749 4134 pedes
2775 4066 2930 4133 lavit,
2961 4070 3009 4123 si
3040 4071 3442 4128 tribulationem
3464 4072 3721 4145 patientibus

2190 4152 2629 4224 subministravit,
2655 4158 2701 4211 si
2731 4175 2881 4213 onme
2913 4176 3045 4231 opus
3074 4162 3265 4218 bonum
3302 4167 3570 4221 subsecuta
3596 4176 3655 4220 est
3675 4165 3720 4219 ”.

2194 4243 2320 4299 llaec
2363 4246 2581 4315 quidem
2615 4249 2891 4318 perfectus
2928 4260 2984 4307 et
3027 4269 3126 4323 per
3155 4259 3343 4312 omnia
3373 4267 3721 4315 consummatus

2192 4333 2376 4388 homo.
2412 4335 2543 4391 Vide
2593 4347 2776 4394 autem
2815 4350 2870 4396 et
2918 4358 3044 4398 eum
3083 4346 3172 4400 cui
3216 4348 3326 4404 hoc
3362 4350 3530 4418 deest,
3558 4349 3637 4405 sed
3664 4358 3720 4403 ts-

2190 4439 2315 4481 men
2347 4429 2414 4481 ad
2442 4427 2593 4482 illum
2621 4431 2851 4499 provehi
2881 4433 3175 4494 desiderat.

504 4496 758 4602 (‘Jhristus
799 4516 928 4602 ergo
969 4510 1381 4602 pacem_generi
1425 4511 1666 4568 humano
1694 4514 1861 4570 dedit.
1905 4516 2084 4588 Ipsum
2260 4520 2305 4574 A
2335 4523 2519 4592 quinto
2550 4496 2729 4580 autem
2761 4543 2902 4582 anno
2931 4546 3096 4602 usqge
3124 4535 3197 4587 ad
3227 4535 3527 4592 uicesimum
3562 4550 3718 4591 masca-

502 4586 664 4642 decet
686 4591 962 4662 praecipue
987 4603 1041 4649 et
1068 4596 1350 4666 perfectio,
1383 4608 1438 4655 et
1472 4616 1564 4658 eos
1591 4604 1682 4673 qui
1716 4586 2087 4665 conversatio-
2139 4597 2148 4604 ’

504 4691 632 4767 nem
667 4680 787 4749 ejus
817 4673 1117 4746 sectantur,
1151 4698 1206 4743 et
1225 4692 1527 4762 angelicum
1549 4706 1816 4768 peragunt
1841 4715 2081 4767 cursum,

501 4769 701 4839 quibus
751 4773 1088 4833 millcnarius
1134 4794 1398 4839 numerus
1438 4794 1626 4857 utpote
1663 4790 1939 4858 perfectus
1984 4792 2085 4849 dc-

501 4868 727 4952 putatur
761 4881 774 4918 :
810 4864 979 4918 Milliu
1034 4869 1181 4923 enim
1246 4873 1471 4928 millium
1512 4879 1895 4935 ministrabant
1936 4883 1985 4936 ei
2020 4883 2084 4952 ’3,

500 4951 579 5005 ait
635 4951 853 5021 Daniel,
918 4958 1047 5014 dum
1108 4964 1359 5020 cmlestes
1406 4969 1635 5026 virtutes
1684 4970 1795 5028 Deo
1840 4951 2082 5032 aStantes

500 5055 816 5113 exponeret.
850 5048 957 5104 Sed
984 5060 1035 5105 et
1068 5050 1232 5109 David
1259 5057 1334 5112 ait
1358 5076 1372 5111 :
1394 5057 1600 5116 Memor
1618 5063 1720 5132 fuit
1750 5065 1803 5118 in
1829 5067 2080 5131 sweulum

499 5140 796 5192 testamenti
841 5143 922 5195 sui
960 5142 1052 5198 ‘9:
1103 5146 1249 5201 verbi
1296 5151 1440 5217 quod
1496 5154 1776 5210 mandavi:
1827 5158 1881 5211 in
1933 5159 2080 5214 mille

496 5230 900 5299 generationes,
937 5233 1330 5302 perfectionem
1374 5240 1570 5297 divina:
1613 5244 1767 5315 legis,
1798 5259 1854 5302 et
1885 5265 2076 5305 eorum

493 5317 588 5390 qui
648 5320 818 5390 legem
876 5325 1285 5395 percipiebant,
1343 5346 1441 5398 per
1494 5334 1645 5389 mille
1695 5341 2078 5407 generationes

492 5409 812 5466 ostendens.
847 5413 889 5467 A
932 5414 1118 5487 viginti
1167 5427 1348 5474 autem
1393 5425 1551 5480 annis
1592 5441 1766 5496 usque
1805 5431 1871 5484 ad
1916 5448 2076 5488 sexa-

491 5496 641 5567 ginta
673 5515 871 5569 annos,
906 5503 1042 5559 intra
1086 5504 1201 5562 haec
1239 5510 1385 5566 enim
1436 5523 1698 5587 tempora,
1729 5530 1861 5577 actas
1890 5534 1944 5578 ct
1987 5525 2075 5578 in-

570 5677 613 5749 έ⁷
636 5682 795 5737 (.ant.
818 5700 935 5749 vm,
964 5686 1051 5745 ll.

434 5818 437 5821 _
474 5746 544 5781 υ
573 5748 701 5803 ibid.
742 5756 825 5806 to.

2189 4611 2271 4666 lus
2316 4614 2464 4668 dabit
2504 4616 2691 4686 viginti
2728 4619 2903 4673 siclos.
2952 4620 3099 4689 Sive,
3136 4635 3196 4679 ut
3226 4626 3390 4695 LXX,
3422 4631 3715 4683 didrachmas.

2191 4701 2289 4758 llic
2324 4720 2451 4758 eum
2480 4706 2572 4775 qui
2604 4709 2841 4764 necdum
2876 4713 3097 4781 quidem
3138 4725 3224 4771 est
3258 4719 3549 4788 perfectus,
3574 4732 3717 4774 sensa-

2190 4803 2305 4848 tum
2386 4805 2569 4853 tamen
2646 4799 2922 4857 hominem
2988 4805 3159 4873 dicit,
3226 4819 3283 4865 et
3346 4812 3440 4881 qui
3505 4811 3715 4882 proﬁcere

2186 4887 2355 4957 cmpit
2388 4906 2401 4942 :
2438 4904 2636 4946 sensus
2669 4893 2815 4949 enim
2859 4910 2955 4965 per
2991 4912 3282 4955 numerum
3320 4904 3554 4974 quinque
3581 4915 3713 4958 anno-

2186 4992 2310 5030 rum
2342 4978 2542 5046 innuit,
2571 4982 2662 5050 (ιιιί
2695 4992 2773 5037 tot
2799 4996 2929 5041 sunt
2956 5003 3212 5046 numero.
3243 4992 3518 5051 Perfectus
3538 5004 3710 5050 autem:

2185 5070 2279 5139 qui
2330 5072 2397 5127 ad
2445 5073 2791 5143 juventutcm
2847 5081 3042 5148 tendit,
3079 5092 3134 5138 et
3180 5084 3249 5140 ad
3297 5089 3710 5155 perfectiorem,l

2183 5163 2427 5235 quinque
2460 5166 2642 5235 annis,
2674 5176 2728 5222 et
2756 5185 2928 5242 usque
2958 5175 3025 5229 ad
3057 5176 3379 5235 vicesimum
3417 5196 3603 5235 annum
3634 5186 3707 5231 est.

2186 5255 2385 5327 Viginti
2433 5259 2579 5314 cnim
2618 5277 2913 5328 annorum,
2948 5266 3097 5321 inter
3127 5269 3297 5325 fortes
3327 5273 3485 5327 etiam
3515 5279 3706 5342 pugnare

2185 5347 2371 5404 valens
2395 5361 2716 5409 numeratus
2740 5364 2823 5409 cst
2847 5372 2876 5410 a
2910 5356 3050 5429 lege,
3073 5360 3218 5416 sicut
3238 5360 3582 5437 Numerorum
3606 5359 3707 5412 liber

2183 5440 2445 5497 ostendit.
2493 5441 2667 5513 llujus
2717 5462 2849 5518 ergo
2888 5451 3126 5518 pretium
3172 5455 3358 5526 viginti
3405 5453 3701 5513 didrachmﬁ,

2183 5528 2237 5584 id
2295 5540 2380 5587 cst
2429 5533 2705 5592 draclnnae
2751 5541 3112 5615 quadraginta
3164 5541 3698 5630 obolioquadringenli-

1128 5690 1170 5721 ¹⁸
1197 5689 1331 5747 Dan.
1358 5704 1456 5760 vit,
1488 5694 1575 5748 fl).
1614 5674 1684 5727 ’κ’
1712 5696 1851 5756 Psal.
1894 5718 2000 5769 etv,
2034 5702 2086 5759 8.
2168 5706 2212 5737 ’°
2232 5705 2423 5763 Matth.
2471 5726 2521 5777 v,
2553 5712 2640 5769 48.
2706 5718 2745 5749 ²¹
2789 5719 2950 5776 Prov.
2987 5739 3134 5791 XXXI,
3180 5694 3262 5779 f0.
3333 5722 3561 5781 "lTim.
3587 5716 3694 5790 v.9-
