3892 6422
244 321 386 389 llC-l

1384 322 1465 380 IN
1507 316 1950 380 LEVITICUM.
1974 341 2047 353 --·
2077 316 2223 375 LIB.
2256 317 2379 372 Vll.

3387 319 3526 386 1162

238 440 587 511 Jejuuiorum
623 450 805 495 autem
827 450 991 509 atque
1030 437 1294 492 orationis
1332 437 1662 507 profectum,
1697 451 1835 504 qua-
1869 450 1909 502 Α
1941 433 2216 487 drachma:
2254 441 2401 496 sunt,
2433 442 2492 486 ut
2523 434 2575 487 in
2614 434 2891 504 mysteriis
2919 432 3167 504 duplices
3196 451 3393 493 sensus
3424 441 3525 496 ha-

241 535 494 606 dragiuta
546 533 933 587 drachmarum
985 547 1248 586 numerus
1288 531 1576 601 signiﬁcat,
1618 529 1743 599 quia
1783 537 1839 583 et

245 636 329 680 tot
358 627 553 680 diebus
577 625 860 695 jejuuasse
885 634 938 678 et
964 624 1224 694 Moysem,
1255 633 1312 678 et
1342 623 1538 686 Etiam,
1572 631 1627 678 et
1658 621 1835 691 ipsum

242 716 543 780 Dominum
590 716 920 777 didicimus,
970 715 1190 784 quando
1242 730 1272 768 a
1323 714 1539 769 diabolo
1592 713 1840 768 tentabac

243 818 341 865 tur
365 809 432 862 ’⁸.
465 807 1003 879 Quadringentorum
1026 816 1210 862 autem
1231 823 1495 862 numerus
1518 806 1646 878 quid
1669 807 1838 877 signi-

243 902 398 965 ticet,
433 908 529 956 aut
560 916 722 971 quam
759 901 1098 955 demonstret
1129 900 1622 967 conversationem,
1654 910 1840 957 osten-

243 994 333 1048 dit
358 990 503 1062 quod
530 993 737 1061 dictum
763 1000 847 1047 est
871 992 926 1046 in
950 993 1091 1047 libro
1118 992 1348 1063 Regum,
1373 994 1593 1063 quando
1621 1010 1839 1050 reversa

243 1085 409 1140 navis
450 1101 573 1154 quae
632 1084 955 1139 mittebatur
992 1100 1021 1137 a
1066 1085 1377 1151 Salomone,
1417 1085 1485 1139 ad
1526 1083 1839 1155 Sophiram,

244 1176 472 1231 dicebat
498 1193 513 1241 ;
541 1176 618 1230 ait
646 1177 791 1230 enim
824 1176 1126 1231 secundum
1160 1175 1301 1230 LXX
1326 1194 1340 1231 :
1365 1176 1431 1230 Et
1466 1178 1605 1230 venit
1636 1177 1707 1229 ad
1743 1174 1843 1231 So-

242 1267 466 1331 phiram
496 1266 586 1320 η’.
627 1265 826 1336 Sophir
865 1274 1048 1319 autem
1096 1266 1286 1319 bonum
1340 1264 1752 1334 interpretatur,
1788 1273 1843 1319 et

243 1355 470 1424 accepit
511 1354 639 1408 inde
675 1353 794 1407 auri
830 1354 1189 1424 quadraginta
1222 1366 1277 1408 et
1304 1353 1495 1424 viginti
1542 1354 1760 1418 talenta,
1788 1363 1844 1409 et

246 1446 483 1500 adduxit
514 1446 627 1517 regi
668 1444 967 1500 Salomoni.
1007 1445 1163 1510 Quod
1208 1462 1337 1517 ergo
1380 1445 1459 1501 sic
1490 1446 1695 1501 bonum
1736 1455 1839 1510 est,

246 1540 401 1594 sicut
440 1554 537 1609 per
566 1538 863 1609 jejunium,
893 1549 950 1595 et
989 1539 1292 1595 orationem
1323 1540 1589 1605 exerceri,
1617 1549 1673 1594 et
1716 1554 1844 1609 pro-

247 1632 388 1687 vehi
427 1632 492 1685 ad
528 1634 676 1686 illam
704 1632 894 1697 vitam,
923 1632 991 1686 ad
1031 1649 1193 1703 quam
1234 1633 1446 1704 Moyses
1477 1642 1533 1688 et
1568 1633 1712 1687 Elias
1749 1648 1844 1687 su-

248 1722 690 1792 peraedificantes
713 1722 928 1793 jejunio
959 1733 1123 1792 atque
1158 1723 1393 1778 orationi
1432 1725 1684 1788 virtutes,
1716 1738 1845 1792 pro-

1940 528 2087 589 beat,
2128 528 2181 580 id
2221 539 2322 592 est,
2364 537 2425 581 ut
2457 544 2578 597 mue
2625 528 2958 583 sensibiliter
2990 528 3162 588 audit».
3201 531 3319 586 haec
3364 533 3527 588 intel-

1941 615 2220 687 ligibiliter
2250 616 2534 686 suscipiat.
2577 617 2633 670 Si
2667 617 2833 672 etiam
2864 618 3077 680 videns,
3110 629 3165 674 et
3197 631 3442 692 gustans,
3473 631 3532 679 et:

1941 708 2197 773 odorans,
2230 716 2286 762 et
2334 717 2586 779 tangens,
2620 710 2871 783 perducit
2912 711 3016 768 hoc
3050 727 3193 780 cum
3238 713 3306 768 ad
3349 714 3531 783 perfe-
3608 733 3625 740 ·

1943 799 2203 862 ctionem,
2243 807 2471 869 propter
2512 801 2658 869 quod
2705 811 2759 856 et
2805 811 3025 863 centum
3069 805 3355 861 obolorum
3402 824 3531 878 pre-

1945 891 2080 945 tium
2112 891 2295 947 habet.
2336 891 2605 948 Numerus
2633 903 2840 959 autem,
2871 895 3015 969 sicut
3036 897 3240 953 dictum
3270 910 3373 963 est,
3408 916 3533 970 per-

1944 982 2120 1038 fectus
2142 992 2248 1039 est.
2281 983 2421 1056 Ergo
2443 986 2634 1056 procul
2662 986 2830 1043 dubio
2858 1003 3009 1055 eum,
3032 990 3123 1058 qui
3150 1006 3302 1045 nunc
3331 1000 3532 1061 myste-

1947 1073 2152 1129 riorqu
2184 1077 2459 1148 particeps
2489 1078 2718 1134 ell‘ectus
2747 1090 2850 1144 est,
2883 1083 3227 1154 necdumque
3259 1084 3326 1138 ad
3361 1101 3531 1156 agen—

1945 1166 2077 1220 dum
2112 1170 2404 1239 processit,
2435 1172 2529 1225 sed
2569 1171 2623 1226 in
2671 1172 2775 1228 [ide
2807 1175 3024 1230 interim
3061 1177 3349 1246 probatur,
3391 1179 3533 1233 sicut

1946 1257 2126 1313 adhuc
2150 1259 2441 1326 infantem,
2469 1272 2524 1317 et
2552 1264 2787 1319 necdum
2817 1276 3032 1336 tempus
3062 1268 3129 1322 ad
3157 1270 3529 1324 ostensiouem

1945 1350 2205 1407 virtutem
2252 1353 2569 1419 habentem,
2621 1357 2985 1412 dcn‘ionstrat.
3025 1359 3082 1413 Si
3120 1371 3302 1415 autem
3352 1363 3533 1416 minor

1948 1444 2055 1511 his,
2088 1444 2181 1514 qui
2210 1445 2318 1500 tale
2346 1455 2451 1509 est,
2482 1446 2667 1509 fuerit,
2700 1448 2772 1502 ita
2814 1458 2875 1503 ut
2910 1452 3203 1507 conveniat
3242 1454 3294 1507 in
3337 1469 3405 1508 eo
3448 1454 3533 1508 fe-

1946 1535 2110 1589 minae
2155 1550 2426 1606 personaz,
2468 1538 2648 1592 minor
2690 1551 2871 1595 autem
2913 1549 2996 1594 est
3034 1551 3094 1596 ut
3129 1544 3445 1613 simplicior,
3479 1556 3534 1599 et

1946 1642 2056 1681 non
2103 1628 2261 1682 valde
2298 1628 2567 1684 discretus
2606 1648 2618 1684 :
2657 1630 2819 1719 ltpjus
2874 1634 3106 1702 pretium
3158 1647 3243 1690 est
3292 1646 3400 1692 tres
3446 1638 3533 1692 di-

1948 1719 2247 1786 drachmas,
2284 1722 2417 1777 fides
2457 1722 2655 1797 Patris,
2690 1734 2746 1778 et
2774 1725 2919 1787 Filii,
2958 1736 3014 1780 et
3057 1727 3295 1796 Spiritus
3336 1730 3531 1794 sancti,

248 1815 402 1869 vecti
430 1824 558 1869 sunt
589 1833 602 1868 :
636 1815 716 1870 sic
745 1815 1007 1870 Dominus
1036 1815 1322 1868 insinuare
1350 1815 1705 1885 semetipsum
1748 1829 1847 1885 per
1877 1801 1918 1855 Β
1949 1822 2009 1867 ut
2038 1829 2150 1868 non
2180 1814 2324 1869 hanc
2356 1817 2808 1888 transgrediatur.
2840 1819 2934 1875 sed
2966 1821 3131 1875 corde
3155 1823 3362 1886 credat,
3394 1823 3537 1879 sicut

245 1906 727 1977 pnedicationem,
756 1916 813 1961 et
859 1906 1010 1977 signa
1045 1907 1231 1977 generi
1272 1907 1514 1961 humano
1552 1906 1840 1976 incipiens,

240 1997 523 2066 jejunium
567 2006 623 2052 et
661 1998 967 2053 orationem
1008 2014 1122 2053 suae
1161 1998 1597 2054 conversationis
1642 1998 1845 2068 princi-

246 2090 408 2158 pium
458 2089 606 2144 fecit.
656 2087 981 2161 Quicunque
1020 2105 1150 2161 ergo
1187 2099 1441 2146 scnsatus
1480 2090 1699 2159 quidem
1737 2098 1842 2153 est,

245 2192 310 2237 et
357 2186 626 2252 prolicere
673 2182 888 2252 incipit,
919 2198 1031 2236 non
1071 2192 1253 2237 tamen
1287 2183 1475 2248 nimis,
1508 2182 1603 2237 sed
1642 2182 1843 2247 medic,

246 2281 315 2327 ut
353 2274 780 2343 praesumptione
814 2275 1249 2329 conversationis
1287 2275 1480 2345 jejunii
1524 2291 1635 2329 non
1674 2276 1847 2344 possit

247 2367 494 2427 on‘erari,
532 2367 620 2419 hic
652 2367 891 2436 pretium
931 2368 1119 2420 decem
1165 2365 1627 2431 didrachmarum,
1670 2366 1721 2420 id
1761 2376 1846 2420 est

252 2461 445 2533 viginti
476 2462 886 2525 drachmarum,
927 2470 984 2516 et
1012 2462 1296 2516 obolorum
1335 2461 1699 2516 ducentorum
1740 2468 1841 2514 est.

249 2552 317 2607 In
354 2553 601 2607 custodia
637 2553 785 2607 enim
823 2553 1012 2607 decem
1049 2552 1454 2619 mandatorum,
1499 2568 1623 2622 qua:
1663 2552 1845 2622 dupli-

246 2652 415 2700 catur
452 2646 756 2699 secundum
795 2644 1052 2710 litteram,
1091 2651 1146 2698 et
1183 2644 1460 2714 spiritum,
1503 2643 1845 2700 conversatio

248 2738 423 2805 hujus
454 2745 557 2804 est,
589 2737 736 2792 inter
773 2752 895 2807 qua:
927 2737 1202 2807 jejunium
1231 2753 1341 2791 non
1374 2746 1458 2794 est
1486 2745 1842 2808 praeceptum.

250 2829 556 2884 Sublimior
586 2831 734 2885 enim
768 2838 853 2885 est
888 2831 955 2885 ad
1001 2846 1119 2885 eam
1153 2831 1438 2901 pertinens
1476 2832 1842 2899 conversatio,

248 2937 379 2991 quae
404 2921 762 2992 lcgislatores,
794 2930 849 2976 et
879 2922 1199 2992 prophetas,
1227 2931 1284 2977 et
1320 2938 1514 2978 omnes
1542 2923 1634 2994 qui
1668 2923 1847 2994 profe-

247 3022 473 3074 cerunt,
486 3013 665 3079 decet,
682 3024 738 3068 et
760 3013 995 3068 necdum
1009 3014 1228 3082 quidem
1249 3015 1594 3070 conversatio
1610 3017 1731 3085 ejus
1752 3016 1820 3070 ha
1832 3046 1847 3057 -

248 3103 352 3158 bet
373 3103 766 3173 perfectionem
788 3121 802 3159 :
820 3119 959 3173 opus
978 3105 1124 3158 enim
1153 3106 1317 3160 habet
1339 3106 1843 3168 mansuetudinem.

246 3195 670 3265 perfectamque
709 3195 1057 3262 charitatem,
1090 3212 1213 3267 qua:
1246 3206 1332 3252 est
1364 3196 1418 3250 in
1458 3197 1575 3253 zelo
1618 3197 1841 3263 Christi,

247 3289 510 3357 producit
540 3297 723 3343 tamen
756 3289 822 3342 ad
853 3288 1271 3358 perfectionem.
1299 3288 1438 3355 Quia
1469 3298 1653 3345 autem
1688 3306 1845 3345 man-

245 3379 505 3434 datorum
541 3380 843 3434 secundum
878 3380 1139 3442 litteram,
1168 3390 1225 3435 et
1270 3380 1529 3451 spiritum
1571 3380 1841 3447 custodia,

245 3468 449 3523 decem
480 3468 836 3532 didrachmas,
872 3470 1019 3539 quod
1062 3478 1191 3525 sunt
1228 3469 1372 3525 oboli
1416 3470 1663 3537 ducenti,
1697 3480 1847 3526 recte

243 3569 501 3631 putatur,
533 3562 601 3615 ad
648 3561 970 3617 memoriam
1012 3571 1161 3616 tuam
1195 3571 1415 3616 revocat
1446 3578 1651 3625 sermo,
1680 3578 1841 3633 quem

244 3668 322 3706 ex
359 3652 602 3708 Canticis
633 3654 974 3708 canticorum
1005 3668 1183 3724 nuper
1211 3653 1559 3724 protulimus.
1591 3653 1735 3709 Mille
1765 3653 1842 3710 tui

245 3745 489 3816 pacifici,
519 3754 578 3799 et
607 3746 827 3800 ducenti
859 3745 947 3801 bis
970 3746 1064 3816 qui
1095 3746 1415 3801 custodiunt
1438 3746 1674 3802 fructum
1700 3747 1840 3817 ejus.

243 3838 429 3903 Quam
463 3838 719 3893 vineam?
762 3839 831 3894 de
859 3854 963 3909 qua
1003 3839 1058 3892 in
1097 3840 1537 3910 praecedentibus
1579 3839 1793 3895 dicebat
1827 3859 1840 3894 :

256 3929 431 3983 Vinea
456 3931 554 3999 fuit
584 3930 806 3999 paciﬁca
830 3931 887 3984 in
915 3948 976 3985 ea
1008 3947 1126 4002 qua:
1152 3930 1306 3985 habet
1335 3931 1552 4000 populos
1579 3932 1645 3997 “,
1677 3947 1841 4001 quam

242 4035 368 4073 non
418 4020 799 4076 custodierunt
845 4021 1054 4087 Judaei,
1105 4029 1332 4093 propter
1376 4023 1522 4092 quod
1577 4039 1675 4092 pro
1723 4024 1842 4077 uvis

242 4111 444 4182 spinas
489 4114 862 4183 protulerunt,
913 4115 1009 4170 sed
1056 4123 1114 4170 et
1166 4114 1501 4170 vindemiant
1543 4130 1606 4170 ea
1651 4130 1843 4171 omnes

242 4205 349 4276 qui
403 4214 692 4261 transeunt
726 4207 909 4261 ‘viam.
960 4207 1066 4273 Qui
1126 4208 1446 4263 custodiunt
1491 4218 1673 4263 autem
1724 4208 1841 4263 fru-

241 4308 429 4365 ctum,
461 4299 517 4353 in
558 4300 836 4365 ducentis,
881 4300 937 4355 id
985 4308 1070 4355 est
1110 4301 1306 4371 viginti
1347 4300 1625 4356 drachmis
1663 4300 1841 4370 dupli-

239 4400 376 4446 cata
415 4392 666 4447 custodia
709 4391 1110 4459 mandatorum,
1156 4392 1301 4448 sicut
1346 4392 1609 4457 diximus,
1645 4407 1841 4447 secun-

240 4482 383 4537 dum
416 4483 763 4548 litteram,et
790 4484 1065 4553 spiritum,
1103 4484 1482 4541 inveniuntur.

326 4578 400 4630 Ab
431 4594 536 4631 uno
562 4586 742 4632 autem
769 4595 943 4633 mense
962 4595 1124 4649 usque
1151 4579 1224 4632 ad
1244 4594 1447 4632 annum
1474 4579 1716 4648 quintum
1746 4593 1839 4647 pro

241 4673 488 4729 masculo
532 4674 809 4727 dabuntur
849 4674 1080 4743 quinque
1136 4672 1289 4738 sicli,
1335 4672 1445 4726 sive
1480 4673 1712 4742 quinque
1757 4671 1842 4724 di-

239 4765 538 4830 drachmw,
582 4781 676 4832 pro
716 4764 914 4835 femina
950 4773 1074 4817 tres.
1118 4762 1291 4818 Unius
1333 4762 1539 4817 mensis
1572 4761 1840 4831 intelligas

237 4872 376 4910 eum
417 4855 508 4924 qui
540 4871 689 4910 nunc
714 4865 800 4910 est
827 4855 1045 4923 genitus
1089 4855 1145 4909 iu
1186 4854 1314 4916 fide,
1344 4854 1413 4909 ad
1450 4870 1613 4925 quem
1645 4853 1840 4909 Petrus

236 4948 511 5002 dicebat:
555 4945 703 5001 Sicut
751 4948 905 5001 modo
957 4947 1121 5017 geniti
1167 4947 1426 5016 infantes,
1474 4944 1835 5009 rationabiles,

234 5041 360 5093 sine
384 5038 527 5104 dolo,
565 5040 648 5093 lac
682 5040 1053 5109 concupiscite,
1078 5048 1133 5090 ut
1165 5039 1409 5092 crescetis
1438 5039 1494 5091 in
1522 5055 1580 5092 eo
1610 5038 1668 5091 in
1695 5036 1844 5091 salu-

236 5143 373 5196 tem,
405 5133 451 5187 si
489 5144 668 5187 tamen
706 5133 951 5203 gustatis.
993 5133 1117 5199 quia
1165 5132 1335 5186 dulcis
1377 5142 1451 5185 est
1484 5130 1743 5185 Dominus
1774 5131 1839 5182 “.

239 5227 426 5296 Hujus
478 5225 716 5297 pretium
773 5239 947 5295 usque
999 5224 1066 5279 ad
1119 5224 1532 5293 quinquennem
1587 5230 1840 5287 aetatem,

232 5319 300 5375 id
326 5329 414 5373 est
443 5318 813 5382 conversatio,
840 5325 915 5381 et
949 5316 1080 5380 vita,
1110 5315 1354 5385 quinque
1393 5313 1838 5369 didrachmarum

234 5411 482 5483 argenti,
514 5412 569 5465 id
609 5419 695 5465 est
733 5411 925 5465 decem
973 5387 1269 5472 drachufte,
1310 5406 1457 5462 oboli
1490 5414 1676 5461 autem
1706 5420 1840 5459 cen-

234 5515 385 5561 tum.
434 5504 796 5559 Conversatio
852 5516 983 5571 ergo
1029 5485 1193 5554 modo
1240 5497 1432 5570 geniti,
1472 5496 1715 5567 quinque
1761 5494 1844 5549 di-

312 5691 364 5723 ²¹⁵
391 5686 581 5741 Matth.
615 5699 687 5738 Iv.
764 5684 832 5715 ’δ’
869 5684 931 5737 Ill
961 5679 1093 5754 Reg.
1118 5700 1194 5747 ix,
1225 5680 1316 5734 28.

227 5759 280 5793 ²⁹
311 5760 450 5817 ibid.

567 5852 839 5912 pATROL.
872 5846 994 5907 Gn.
1029 5842 1253 5947 XClll.

1640 5910 1671 5917 σε

1414 5679 1460 5711 ’⁵
1493 5677 1651 5733 Cant.
1680 5693 1779 5745 vu,
1814 5677 1900 5730 ii.

1947 1904 2024 1958 ait
2066 1905 2287 1969 Paulus,
2322 1906 2425 1962 Ore
2472 1920 2650 1962 autent
2693 1910 3010 1978 confiteatur
3039 1913 3101 1966 ‘7.
3150 1913 3241 1969 Sic
3291 1914 3434 1969 enim
3482 1916 3537 1970 ei

1952 1998 2086 2061 haec,
2125 1997 2226 2051 tria
2270 2014 2383 2052 non
2432 2000 2607 2053 solum
2643 2001 2927 2056 confitenti
2973 2003 3174 2074 lingua,
3209 2006 3302 2060 sed
3337 2014 3395 2061 et
3430 2007 3536 2062 fide

1948 2090 2215 2152 credenti,
2265 2090 2404 2146 ﬁunt
2449 2093 2571 2147 dua:
2620 2093 2914 2148 drachma).
2954 2094 3041 2149 Fit
3087 2110 3270 2151 autem
3309 2108 3365 2152 et
3411 2099 3537 2152 huic

1952 2181 2075 2236 talis
2104 2182 2239 2237 ﬁdes
2280 2183 2348 2237 ad
2390 2183 2783 2253 perfectionem
2835 2185 3165 2242 mediocrem
3203 2206 3215 2241 :
3252 2202 3359 2244 tres
3386 2189 3533 2244 enim

1950 2271 2304 2337 didrachmas,
2336 2290 2431 2329 sex
2466 2284 2595 2329 sunt
2622 2275 2898 2330 drachma-
2930 2294 2942 2329 :
2985 2291 3077 2331 sex
3111 2287 3293 2332 autem
3334 2279 3535 2334 drach—

1949 2382 2073 2429 mae,
2106 2367 2387 2438 sexaginta
2419 2376 2546 2423 sunt
2581 2368 2749 2433 oboli,
2778 2368 2867 2424 hic
2896 2379 3078 2424 autem
3115 2371 3235 2426 talis
3270 2387 3537 2427 numerus

1950 2459 2278 2514 mediocrem
2309 2459 2707 2529 perfectionem
2750 2461 2905 2529 gerit.
2948 2460 3242 2532 Propterea
3272 2471 3327 2516 et
3358 2479 3535 2533 popu-

1952 2551 2037 2605 lus
2064 2551 2249 2615 Israel,
2293 2562 2675 2607 sexcentorum
2726 2552 2978 2615 millium,
3021 2554 3166 2623 quod
3207 2563 3336 2608 sunt
3376 2571 3537 2610 sexa-

1950 2644 2100 2714 ginta
2144 2643 2435 2715 myriades,
2482 2660 2777 2701 numerum
2812 2644 3022 2700 habuit.
3065 2644 3355 2702 Sensibilis
3386 2648 3535 2703 enim

1950 2736 2117 2791 Israel
2146 2736 2383 2791 habebat
2407 2737 2627 2805 quidem
2657 2746 2714 2791 et
2739 2737 3089 2792 mediocriter
3115 2738 3411 2807 perfectos,
3442 2739 3538 2808 qui

1951 2822 2004 2874 in
2065 2821 2181 2893 lege
2238 2823 2556 2887 constituti,
2622 2823 3001 2895 Evangelicam
3062 2828 3538 2883 conversationem

1950 2914 2298 2984 aliquatenus
2325 2917 2580 2987 agebant.
2626 2915 2767 2972 Sunt
2793 2926 2998 2982 autem,
3027 2918 3225 2988 quibus
3259 2922 3537 2978 mediocre

1950 3006 2086 3078 legis
2114 3015 2169 3060 et
2199 3008 2592 3077 pr0phetarum
2623 3017 2743 3062 erat
2773 3008 3013 3064 studiqu
3048 3022 3270 3080 propter
3308 3014 3453 3082 quod
3482 3025 3540 3070 et

1951 3099 2172 3165 similia,
2208 3099 2479 3168 myriades
2510 3110 2688 3165 erant,
2725 3101 2820 3155 sed
2865 3116 2970 3155 nec
3013 3102 3164 3158 mille
3207 3104 3400 3168 millia,
3433 3121 3538 3162 nec

1950 3190 2136 3261 myrin:
2170 3191 2460 3262 myriades,
2493 3201 2555 3246 ut
2600 3208 2818 3262 semper
2857 3202 3006 3248 esset
3042 3193 3096 3247 in
3132 3195 3211 3250 eis
3237 3196 3535 3266 perfectio;

1951 3285 2056 3338 hoc
2106 3283 2251 3338 enim
2302 3285 2656 3354 angelorum,
2714 3294 2770 3340 et
2817 3286 3117 3342 secundum
3166 3288 3539 3359 evangelicam

1949 3373 2119 3427 vitam
2178 3373 2628 3428 conversantium
2685 3382 2788 3429 est.
2844 3374 3037 3445 Angeli
3093 3375 3243 3429 enim
3298 3383 3355 3429 et
3405 3375 3535 3445 ipsi,

1948 3466 2168 3535 quando
2202 3465 2558 3535 profecerint,
2588 3466 2926 3521 eiliciuutur.

2019 3553 2411 3625 Sexagenarius
2436 3564 2615 3608 autem
2646 3563 2695 3608 et
2724 3554 2867 3608 ultra
2894 3554 3181 3617 masculus,
3205 3554 3351 3609 dabit
3380 3557 3538 3626 quin-

1947 3646 2111 3698 decim
2146 3645 2319 3709 siclos,
2352 3645 2461 3698 sive
2495 3645 2856 3707 didrachmas,
2888 3646 3086 3716 femina
3117 3654 3296 3699 autem
3334 3646 3533 3701 decem.

1948 3738 2016 3794 Et
2047 3739 2170 3808 quis
2202 3747 2285 3794 est
2312 3738 2421 3802 hic,
2455 3737 2547 3807 qui
2575 3737 2871 3791 maximam
2899 3738 3400 3799 conversationem.
3437 3755 3536 3808 per

1946 3831 2319 3903 virginitatem
2341 3847 2392 3885 v.
2418 3845 2525 3900 gr.,
2563 3828 2651 3884 vel
2688 3844 2800 3883 non
2829 3829 3185 3899 possidendo,
3211 3829 3538 3885 virtutibus-

1946 3941 2055 3994 que
2100 3925 2223 3980 aliis
2272 3923 2564 3995 promittit,
2606 3931 2664 3978 et
2717 3931 2843 3993 post
2888 3923 3005 3979 haec
3054 3922 3362 3978 infirmatus
3410 3922 3536 3977 est?

1945 4016 2262 4086 Cognovisti
2318 4014 2487 4080 enim,
2528 4015 2655 4086 quia
2711 4030 2861 4080 eum,
2901 4014 2995 4084 qui
3045 4032 3076 4069 a
3125 4015 3320 4086 viginti
3372 4014 3536 4071 annis

1948 4125 2121 4179 usque
2150 4108 2217 4163 ad
2249 4108 2531 4179 sexaginta
2570 4123 2844 4162 annorum
2875 4118 2980 4171 est,
3017 4106 3275 4161 omnibus
3312 4105 3533 4177 legisla-

1946 4212 2032 4258 tor
2069 4202 2391 4273 praeposuit.
2438 4201 2646 4255 Deinde
2693 4190 2843 4254 nun‘e
2877 4208 3003 4270 post
3046 4214 3237 4254 omnes
3274 4215 3396 4253 eum
3436 4198 3533 4269 qui

1942 4313 1975 4351 a
2017 4295 2297 4367 sexaginta
2332 4294 2494 4349 anuis
2527 4302 2584 4349 et
2627 4308 2787 4362 supra
2817 4301 2922 4358 est,
2959 4292 3056 4346 ait.
3100 4291 3206 4346 Per
3244 4293 3349 4347 hoc
3387 4292 3535 4362 quod

1945 4390 2107 4458 dixit,
2158 4405 2344 4457 supra,
2395 4387 2594 4442 animae
2651 4394 2994 4441 senectutem
3048 4394 3104 4439 et
3156 4384 3533 4439 infirmitatem

1874 4498 1917 4554 ι)
1946 4485 2089 4555 ejus,
2136 4484 2228 4554 qui
2268 4482 2560 4536 maximam
2615 4479 3091 4535 conversationem
3148 4488 3534 4548 proposuerat,

1946 4577 2142 4648 procul
2190 4575 2359 4630 dubio
2401 4573 2674 4643 designat.
2724 4570 2828 4637 Qui
2877 4585 3007 4641 ergo
3047 4585 3146 4639 pro
3195 4569 3535 4641 virginitate,

1947 4668 2033 4723 vel
2067 4667 2330 4737 despectu
2364 4662 2684 4733 possidendi
2726 4660 3202 4714 conversationem
3239 4659 3535 4730 promittit,

1946 4768 2002 4813 et
2051 4756 2329 4829 proponit,
2361 4753 2563 4808 deinde
2613 4752 2923 4805 infirmatur
2967 4749 3243 4818 complere
3287 4750 3539 4819 proposi-

1946 4863 2085 4919 tum,
2117 4852 2304 4906 audiat
2326 4866 2355 4904 a
2378 4847 2551 4903 Paulo
2585 4866 2598 4901 :
2627 4845 2686 4901 Si
2712 4847 2828 4917 quis
2856 4856 3061 4916 turpem
3087 4863 3140 4899 se
3163 4846 3330 4900 videri
3356 4847 3539 4900 eaisti-
3594 4914 3599 4917 τ

1946 4956 2056 5000 mat
2104 4960 2262 5014 super
2311 4942 2568 5012 virginem
2627 4955 2805 5001 suam,
2850 4954 2909 4991 eo
2958 4939 3096 5009 quod
3144 4939 3302 5009 fuerit
3348 4954 3536 5008 super-
3592 5000 3617 5009 Ἴ

1946 5038 2131 5093 adulta
2168 5038 2236 5101 ’⁸,
2270 5035 2512 5091 ostendit
2550 5031 2955 5101 quodammodo
2989 5031 3341 5094 infirmatum,
3383 5039 3437 5085 et
3464 5030 3536 5085 ad

1946 5133 2288 5180 senectutem
2344 5122 2640 5176 deductum
2687 5120 3062 5190 propositum,
3115 5130 3164 5173 et
3211 5122 3286 5173 sic
3333 5128 3533 5189 oportet

1945 5219 2082 5288 ﬁeri,
2130 5217 2268 5287 quod
2317 5217 2426 5269 vult
2478 5215 2661 5281 faciat.
2708 5230 2809 5266 non
2856 5222 3036 5282 peccat
3076 5213 3121 5266 si
3164 5212 3325 5264 nabat
3357 5212 3421 5261 ²⁹.
3468 5209 3535 5265 Et

1944 5325 2185 5366 rursus:
2221 5307 2279 5364 Si
2335 5306 2596 5377 nupseris,
2639 5320 2742 5359 non
2795 5305 3044 5373 peccasti.
3088 5302 3157 5355 Et
3205 5302 3250 5355 εξ
3299 5303 3534 5367 nupserit

1944 5402 2125 5471 virgo,
2179 5415 2284 5452 non
2335 5396 2590 5467 peccavit.
2646 5394 3060 5448 Tribulationem
3121 5400 3299 5445 autem
3356 5393 3535 5445 carnis

1947 5492 2208 5544 habebunt
2258 5485 2584 5557 hujusmodi.
2636 5484 2747 5555 Ego
2793 5491 2970 5537 autem
3019 5481 3160 5534 vobis
3200 5496 3391 5549 parco,
3439 5480 3536 5535 hoc

1990 5672 2086 5726 ²⁶1
2122 5672 2266 5726 Petr.
2298 5686 2338 5735 ι,
2365 5656 2423 5722 2.
2502 5668 2546 5704 ’⁷
2573 5664 2737 5719 Rom.
2780 5680 2836 5731 κ,
3013 5664 3058 5693 ³⁵³
3088 5661 3103 5713 1
3129 5660 3255 5716 Cor.
3281 5674 3382 5729 vlt,
3425 5659 3522 5719 7.6.

3117 5827 3196 5886 37
