3892 6402
466 311 600 377 1163

1650 310 2012 375 HESYCHII
2050 308 2525 378 PRESBYTERI

3561 325 3666 391 “Gl

461 439 637 484 autent
663 428 802 492 diro,
833 429 1045 498 fratres,
1081 440 1283 499 tempus
1322 429 1470 484 breve
1512 439 1607 496 est,
1654 431 1914 500 reliquum
1969 439 2043 483 est
2073 431 2119 488 Α
2149 447 2251 485 non
2283 432 2534 499 valuerit,
2555 433 2715 487 stabit
2740 449 2920 488 coram
2950 434 3238 496 sacerdote.
3272 444 3320 489 et
3357 449 3584 506 quantum
3606 443 3673 497 ille

458 531 517 576 ut
544 531 593 576 et
626 522 715 592 qui
749 522 942 576 habent
969 538 1158 576 uxores
1184 532 1441 593 tanquam
1481 539 1583 576 non
1619 522 1865 578 habentes
1890 525 1993 578 sint
2026 540 2044 577 :

458 622 509 667 et
538 614 628 684 qui
658 613 858 683 lugent,
891 621 1148 685 tanquam
1178 605 1283 668 non
1315 614 1584 684 lugentes:
1602 623 1649 667 et
1677 615 1768 684 qui
1793 616 2044 685 gaudent,

459 717 716 776 tanquam
768 722 872 760 non
904 708 1192 776 gaudentes
1233 724 1252 763 :
1295 718 1345 762 et
1382 708 1472 778 qui
1502 716 1704 772 emunt,
1747 709 1900 779 quasi
1945 724 2047 763 non

454 798 780 867 possidentes
805 816 819 852 :
847 807 895 852 et
922 799 1013 868 qui
1037 808 1261 853 utuntur
1285 800 1382 854 hoc
1408 800 1623 863 mundo,
1661 809 1916 870 tanquam
1945 815 2048 853 non

457 897 699 942 utantur.
727 886 974 942 Praeterit
1004 890 1145 944 enim
1173 890 1344 962 ﬁgura
1376 890 1534 960 hujus
1565 892 1764 945 mundi.
1795 889 1918 946 Volo
1945 908 2047 944 au-

458 990 564 1033 tent
594 997 682 1034 vos
715 980 826 1033 sine
853 980 1211 1036 sollicitudine
1235 999 1342 1036 esse
1360 983 1426 1043 ευ.
1458 981 1758 1053 Propterea
1788 990 1845 1037 et
1880 983 2046 1053 quin-

458 1073 637 1128 decim
697 1072 1033 1130 didrachtnaa
1086 1075 1195 1130 erit
1250 1077 1487 1147 pretium
1542 1059 1699 1146 ejus,
1748 1091 1871 1147 qua:
1919 1084 2049 1132 sunt

459 1164 739 1220 drachma:
787 1165 1034 1236 triginta.
1086 1167 1224 1223 Tres
1274 1168 1423 1224 enim
1476 1167 1929 1225 fructiﬁcationes
1978 1170 2045 1225 de

458 1261 604 1315 bona
657 1270 803 1317 terra
844 1261 1101 1317 Christus
1147 1261 1437 1333 prOposuit
1472 1277 1488 1316 :
1522 1277 1621 1333 per
1665 1262 2043 1318 centenarium

455 1351 812 1423 virginitatis,
843 1361 899 1407 et
944 1368 1055 1407 non
1104 1352 1446 1422 possidendi,
1483 1367 1582 1423 per
1620 1353 2045 1423 sexagenarium

457 1443 839 1509 continentia,
876 1460 975 1515 per
1014 1445 1377 1500 trieenarium
1414 1446 1552 1501 casti
1591 1446 1831 1516 conjugii
1879 1451 2045 1500 vitam

454 1538 770 1608 designans.
804 1535 859 1591 Si
903 1545 1089 1592 autem
1134 1537 1406 1593 inﬁrmior
1446 1538 1761 1609 bujusmodi
1792 1547 1898 1604 est,
1930 1538 2045 1593 for-

453 1629 600 1681 sitan
625 1626 774 1682 enim
804 1627 860 1681 in
889 1626 1280 1694 fornicatione.
1307 1629 1393 1685 hic
1417 1631 1508 1699 qui
1539 1630 1662 1685 talis
1688 1639 1791 1697 est,
1820 1630 2042 1697 decidit,

452 1719 606 1773 unde
674 1727 731 1774 et
790 1716 994 1774 femina
1049 1719 1271 1776 dicitur.
1304 1718 1417 1777 Nec
1449 1721 1528 1777 sic
1559 1722 1909 1793 respuendus
1936 1731 2042 1788 est,

446 1811 554 1867 sed
588 1810 754 1867 habet
793 1811 1035 1882 pretium
1082 1813 1274 1867 decem
1320 1813 1693 1869 didrachmas.
1722 1813 2041 1870 Custodiam

440 1907 607 1960 enim
657 1905 1042 1960 mandatorum
1092 1906 1207 1972 Dei,
1241 1922 1403 1976 quam
1451 1906 1647 1977 viginti
1686 1921 1807 1961 esse
1845 1907 2045 1962 drach-

442 2010 578 2050 unas
633 2004 690 2051 et
738 1996 929 2051 obolos
980 1995 1249 2051 ducentos
1301 1995 1670 2063 ostendimus,
1704 1996 1866 2053 oﬁ‘ert
1909 1997 2040 2063 Deo,

435 2096 514 2140 ~et
558 2086 614 2141 in
654 2087 763 2142 hoc
811 2087 1289 2143 conversationem
1355 2088 1543 2154 habet,
1586 2103 1684 2159 per
1738 2090 2044 2145 custodiam

436 2178 846 2234 «nandatorutn
898 2179 1253 2250 justiﬁcatusl
1306 2180 1362 2235 Si
1414 2190 1596 2235 autem
1641 2183 1792 2237 dicas
1838 2199 1853 2238 :
1894 2181 2043 2249 Quo-

441 2271 668 2326 modo?
696 2287 967 2327 annorum
1001 2272 1264 2327 Dominus
1302 2284 1422 2327 erat
1460 2273 1706 2345 triginta,
1737 2273 1867 2327 dum
1897 2273 2047 2327 solus

455 2368 607 2415 esset
632 2360 913 2431 perlectus
947 2377 1072 2417 cum
1114 2377 1217 2417 nos
1259 2361 1312 2416 in
1357 2362 1676 2418 centenario
1703 2378 1936 2418 numero
1960 2363 2046 2417 di-

442 2468 644 2509 camus
691 2454 1086 2525 perfectionem
1141 2470 1306 2520 esse,
1361 2465 1484 2526 post
1544 2455 1694 2511 hunc
1743 2465 1929 2511 autem
1990 2457 2045 2510 in

438 2545 762 2617 sexaginta,
791 2548 956 2601 tertio
985 2555 1172 2602 autem
1212 2547 1267 2601 in
1310 2547 1565 2619 triginta;
1595 2548 1767 2614 disce,
1798 2548 1927 2618 quia
1955 2563 2047 2603 so-

445 2638 541 2692 ‘lus
578 2637 803 2708 quidem
841 2638 946 2693 fuit
979 2654 1109 2693 vere
1147 2638 1449 2709 perfectus,
1482 2647 1865 2694 verumtamen
1906 2639 2050 2693 sicut

455 2730 707 2784 omnium
737 2730 950 2797 doctor,
991 2741 1049 2786 et
1082 2731 1337 2801 primitiae
1368 2746 1564 2786 massae
1597 2732 1766 2787 totius
1795 2731 2046 2798 eﬁ‘ectus,

455 2840 524 2878 ex
554 2823 811 2878 omnibus
843 2832 1203 2893 temperatam
1232 2824 1712 2879 conversationem
1746 2824 1963 2895 ﬁgurat,
1995 2832 2050 2878 et

443 2915 716 2986 “proponit
755 2932 770 2970 :
817 2915 934 2970 sive
975 2916 1125 2970 enim
1178 2915 1553 2987 virginitatem
1604 2916 1761 2981 velis,
1813 2916 1932 2987 ipse
1979 2930 2047 2970 ex

436 3003 665 3076 «virgine
696 3004 850 3075 virgo
883 3015 986 3068 est,
1030 3013 1087 3058 et
1125 3004 1492 3077 virginitatem
1526 3004 1712 3060 docuit
1741 3022 1754 3058 :
1790 3003 1905 3058 sive
1942 3018 2048 3056 nu-

444 3098 617 3168 ptias,
653 3107 711 3153 et
746 3098 957 3152 nubere
1005 3097 1285 3168 praecepit,
1317 3105 1373 3153 et
1412 3097 1688 3152 nubentes
1725 3094 2043 3150 benedixit:
2072 3120 2119 3180 α

446 3192 571 3247 sive
623 3190 1038 3258 abstinentiam,
1088 3191 1254 3245 etiam
1291 3191 1435 3247 hanc
1459 3189 1684 3246 docuit:
1711 3188 1966 3244 similiter
1993 3195 2048 3241 et

436 3284 584 3340 didei
621 3298 843 3351 cursus,
877 3283 995 3338 sive
1029 3281 1405 3354 perfectorum
1435 3281 1770 3353 simplicium
1805 3288 1911 3335 est.

508 3421 669 3489 Quia
717 3437 848 3494 ergo
900 3421 957 3477 in
1005 3421 1266 3492 praesenti
1319 3420 1666 3477 differentias
1712 3418 1935 3483 innuit,
1988 3428 2049 3474 et

445 3513 862 3584 quodammodo
891 3513 1061 3568 vitam
1101 3513 1476 3586 distinguebat
1514 3512 1826 3578 hominum,
1855 3520 1913 3566 et
1940 3511 2047 3565 hu-

452 3609 546 3677 jus
576 3606 797 3677 quidem
843 3621 968 3663 esse
1005 3606 1244 3677 pretium
1272 3605 1670 3676 quinquaginta
1702 3603 2048 3660 didrachmas

449 3698 551 3761 ait,
601 3698 764 3767 hujus
808 3697 1074 3769 triginta,
1125 3697 1290 3769 hujus
1339 3696 1564 3766 viginti,
1616 3695 1784 3766 hujus
1832 3694 2044 3759 decem,

459 3788 625 3856 hujus
656 3788 922 3857 quinque,
948 3787 1114 3857 hujus
1151 3796 1288 3853 tres,
1316 3787 1483 3859 hujus
1513 3785 1854 3857 quindecim,
1890 3782 2046 3840 colli-

453 3887 655 3949 gentur
693 3878 813 3933 hate
850 3894 1070 3949 parum,
1101 3879 1247 3948 quod
1286 3877 1356 3931 de
1393 3884 1618 3934 centum
1656 3874 2048 3947 quinquaginta

456 3968 639 4023 minus
685 3968 962 4036 habentia,
987 3971 1103 4025 haec
1150 3979 1333 4024 autem
1372 3969 1428 4023 in
1476 3967 1719 4039 quinque
1756 3966 1930 4022 divisa
1963 3964 2048 4020 fa-

455 4060 615 4115 ciunt
651 4076 825 4131 prope
863 4061 1219 4117 tricenarium
1263 4076 1577 4116 numerum.
1616 4058 1748 4116 Vide
1786 4057 2048 4129 quemad-

456 4152 678 4207 modum
734 4167 839 4207 nec
889 4152 1178 4224 legislator
1213 4152 1487 4224 ignoravit
1530 4158 2045 4222 temperamentum,

455 4243 601 4310 quod
630 4242 885 4299 Christus
919 4244 977 4298 in
1003 4254 1192 4299 nostra
1222 4245 1334 4299 vita
1363 4251 1420 4299 et
1447 4244 1867 4300 conversatione
1894 4243 2045 4309 fecit,

460 4349 564 4389 nec
594 4333 938 4402 Evangelista
969 4350 1265 4390 numerum
1309 4343 1803 4407 temperamentum
1842 4336 2049 4390 haben-

461 4438 568 4480 tem
618 4425 910 4496 ignoravit.
961 4428 1194 4499 Propter
1236 4428 1386 4499 quod
1437 4443 1563 4484 eum
1606 4444 1715 4483 non
1760 4430 2044 4499 plenorum

460 4515 685 4588 triginta
733 4531 1003 4575 annorum
1058 4519 1273 4576 venisse
1322 4520 1399 4575 ait
1446 4521 1514 4576 ad
1568 4520 1926 4591 baptismum.
1968 4520 2046 4575 ait

459 4611 607 4664 enim
643 4626 658 4665 :
695 4611 762 4667 Et
795 4614 907 4683 ipse
941 4612 1093 4669 Jesus
1135 4623 1249 4668 erat
1301 4614 1555 4684 incipiens
1597 4613 1750 4684 quasi
1783 4629 2046 4666 annorum

458 4703 681 4771 triginta
710 4704 775 4756 ³⁸.
801 4704 868 4760 Et
889 4721 987 4760 cur
1014 4705 1157 4760 hoc?
1184 4705 1310 4774 quia
1334 4715 1390 4759 et
1414 4705 1509 4776 qui
1534 4706 1700 4760 nimis
1721 4704 2043 4776 perfectam,

457 4803 514 4846 ιιι
552 4794 643 4863 qui
684 4795 1036 4851 mediocriter
1067 4795 1366 4867 perfectam
1398 4816 1411 4851 :
1442 4809 1494 4853 et
1530 4798 1620 4867 qui
1657 4798 1927 4853 minorem
1962 4796 2047 4853 vi-

454 4897 572 4943 Jntn
606 4888 810 4955 studet,
832 4902 944 4942 non
967 4888 1210 4958 perfecte
1233 4888 1385 4943 venit
1409 4890 1475 4944 ad
1502 4904 1837 4951 mensuram,
1866 4890 2047 4945 minus

452 4979 610 5033 enim
640 4980 803 5036 habet
827 4981 1169 5048 omnimodo,
1185 4982 1314 5051 quia
1338 4981 1433 5037 Dei
1457 4983 1630 5038 solius
1651 4993 1734 5038 est
1759 4982 2047 5054 perfectio,

451 5069 565 5125 .sed
595 5071 778 5126 minus
803 5071 972 5127 habet
999 5081 1212 5127 tantum
1238 5072 1295 5127 in
1323 5083 1586 5142 quantum
1616 5075 1829 5128 veniam
1860 5073 1915 5127 in
1945 5074 2051 5128 hoc

459 5162 608 5231 quod
633 5163 815 5219 minus
840 5172 927 5218 est
949 5163 1045 5219 dat
1069 5181 1084 5219 :
1113 5163 1259 5218 unde
1288 5164 1356 5218 ad
1385 5175 1603 5219 centum
1631 5165 2048 5235 quinquaginta,

460 5264 671 5325 septem
720 5255 907 5311 minus
941 5263 1112 5311 sunt:
1147 5255 1201 5309 in
1242 5264 1463 5311 centum
1501 5256 1648 5311 enim
1691 5256 2049 5326 quadraginta

464 5356 574 5400 tres
596 5346 889 5416 prmdictus
912 5362 1180 5402 numerus
1207 5346 1483 5418 colligitur
1510 5366 1523 5400 :
1551 5362 1648 5417 per
1674 5347 2046 5416 septenarium

450 5451 647 5496 autem
675 5456 990 5510 numerum,
1015 5441 1308 5496 nutnifeste
1337 5442 1495 5497 venia
1526 5441 1885 5513 signiﬁcatur.

534 5574 594 5630 Si
638 5587 817 5631 autem
857 5591 1058 5646 pauper
1095 5578 1279 5649 fuerit,
1310 5587 1357 5631 et
1390 5577 1791 5630 a’stimationem
1835 5578 2049 5631 reddere

538 5748 584 5784 ⁸ο
606 5750 633 5806 1
652 5752 779 5808 Cor.
803 5769 902 5821 vn,
926 5752 1117 5808 28-32.

2149 524 2513 603 testimaverit,
2562 533 2610 578 et
2661 525 2849 578 viderit
2895 542 3013 579 eum
3062 542 3211 593 posse
3253 528 3472 593 reddere,
3510 539 3674 587 tantum

2148 618 2317 671 dabit.
2364 616 2521 672 Nunc
2561 619 2694 672 dicit
2730 618 2798 673 dc
2842 633 2909 673 eo
2966 618 3058 688 qui
3107 619 3335 673 multum
3376 625 3608 690 pet-cavit,
3637 641 3677 683 et

2149 719 2438 785 propterea
2483 710 2677 781 Aquila
2722 726 2821 782 pro
2858 727 3123 782 paupere,
3160 712 3203 765 si
3245 714 3489 778 excessit,
3523 716 3676 775 edidit.

2149 800 2249 857 llic
2273 817 2403 873 ergo
2427 801 2470 855 si
2495 798 2680 856 oﬁerri
2714 802 2824 856 Deo
2850 802 2983 866 vult,
3018 816 3201 856 coram
3231 803 3505 858 sacerdote
3527 809 3679 872 stabit,

2150 901 2211 948 ιιι
2240 903 2507 963 quantum
2544 893 2742 949 viderit
2780 908 2908 948 eum
2942 907 3125 962 posse,
3164 895 3405 949 :estimet
3430 911 3545 951 eum
3584 901 3675 952 red-

2148 985 2282 1041 dere
2316 1004 2329 1040 :
2367 987 2611 1057 regulam
2655 985 2707 1040 ei
2750 985 2877 1041 vitae
2921 986 3231 1055 imponens,
3259 1001 3379 1055 quae
3416 994 3497 1041 est
3520 1003 3681 1044 secun-

2147 1078 2280 1132 dum
2308 1076 2590 1142 virtutem,
2621 1092 3047 1145 mensuramque
3074 1076 3435 1147 phil050pltiat
3459 1078 3683 1144 indicens.

2147 1184 2309 1239 quam
2341 1184 2469 1224 eum
2504 1168 2822 1238 probaverit
2862 1180 3027 1237 posse
3069 1175 3311 1234 portare.
3347 1164 3503 1222 Verbi
3528 1172 3684 1238 gratia,

2148 1260 2193 1316 si
2225 1258 2469 1329 locuples
2498 1266 2604 1323 est,
2629 1267 2691 1312 ut
2720 1256 3013 1313 distribuat
3037 1257 3333 1326 pecunias;
3361 1244 3405 1311 si
3435 1272 3586 1313 sanus
3604 1272 3685 1328 est,

2150 1360 2209 1407 ut
2233 1350 2481 1421 jejuniis,
2512 1357 2568 1404 et
2600 1346 2964 1410 orationibus,
2997 1346 3228 1417 aliisque
3264 1347 3535 1402 laboribus
3561 1348 3688 1406 bonis

2144 1452 2346 1512 vacet;
2394 1442 2441 1498 si
2483 1451 2666 1497 autem
2693 1450 2747 1497 et
2771 1440 3017 1512 locuples
3050 1449 3138 1495 est
3169 1449 3225 1495 et
3260 1456 3447 1502 sanus,
3472 1457 3687 1510 quaecun-

2148 1551 2256 1606 que
2289 1534 2498 1590 divitite
2544 1542 2601 1589 et
2637 1532 2786 1588 salus
2818 1531 2869 1587 ei
2911 1538 3231 1602 suggerunt,
3264 1546 3428 1601 agere
3458 1531 3685 1600 iubetur:

2148 1629 2193 1685 si
2234 1637 2416 1683 autem
2465 1637 2749 1693 neutrum,
2808 1624 2864 1678 in
2906 1623 3157 1678 oratione
3192 1621 3372 1677 ﬁere:
3406 1632 3464 1676 ιιι
3494 1623 3690 1680 breviter

2148 1722 2416 1783 dicamus,
2455 1720 2823 1791 quodcunque
2858 1732 2984 1772 eum
3022 1716 3219 1771 viderit
3254 1729 3354 1785 per
3392 1730 3595 1786 corpus,
3618 1728 3690 1771 aut

2149 1830 2246 1885 per
2292 1813 2679 1877 substantiam,
2721 1819 2816 1865 aut
2848 1825 2945 1881 per
2987 1808 3149 1863 aliam
3202 1807 3586 1873 valetudinem,
3620 1820 3688 1863 aut

2148 1906 2462 1962 facultatem
2495 1919 2657 1976 posse
2686 1917 2971 1974 peragere.

2218 2040 2385 2097 Vens.
2433 2042 2490 2106 9,
2536 2040 2623 2094 10.
2677 2057 2696 2090 ι
2733 2035 2951 2091 Animal
3010 2043 3199 2089 autem
3258 2033 3409 2104 quod
3466 2031 3689 2086 immolari

2147 2142 2330 2204 potest
2375 2131 2630 2195 Domino,
2666 2128 2713 2184 si
2752 2127 2879 2199 quis
2932 2127 3165 2191 voverit,
3210 2133 3460 2179 sanctum
3505 2122 3615 2186 erit,
3649 2134 3692 2177 et

2147 2226 2347 2280 nmtari
2393 2240 2504 2279 non
2551 2231 2754 2293 potest,
2796 2220 2849 2276 id
2899 2228 2984 2274 est
3029 2234 3131 2274 nec
3182 2217 3382 2271 melius
3419 2214 3571 2278 malo,
3612 2226 3691 2267 nec

2146 2316 2305 2386 pejus
2330 2315 2494 2369 bono.
2524 2312 2679 2379 Quod
2710 2311 2755 2366 si
2793 2309 3108 2373 mutaverit,
3136 2317 3194 2362 et
3222 2308 3402 2377 ipsum
3436 2304 3569 2375 quod
3595 2320 3688 2358 mu-

2149 2414 2321 2460 tatum
2355 2412 2459 2464 est,
2483 2412 2541 2458 et
2567 2401 2696 2455 illud
2729 2415 2829 2470 pro
2856 2414 2966 2470 quo
3000 2406 3275 2452 mutatum
3314 2403 3421 2461 est,
3446 2408 3689 2449 consecra-

2151 2506 2266 2552 tum
2296 2496 2403 2551 erit
2433 2496 2686 2551 Domino.
2722 2513 2741 2545 ι

2218 2633 2355 2701 Quia
2389 2632 2537 2703 ipsas
2566 2647 2687 2702 qua:
2717 2646 2780 2685 ex
2814 2627 3227 2699 nobismetipsis
3255 2588 3551 2682 oﬁ‘erunttlr
3573 2625 3689 2681 obla-

2152 2725 2330 2779 tiones
2373 2722 2637 2793 quosdam
2687 2722 2892 2776 habere
2933 2720 3132 2792 gradus
3189 2729 3248 2775 et
3287 2717 3609 2774 diﬂ'crcntias
3636 2717 3689 2772 le-

2150 2819 2373 2889 gislator
2409 2816 2666 2886 exposuit
2698 2832 2710 2869 :
2753 2830 2881 2869 ecce
2914 2813 3062 2868 enim
3101 2827 3321 2875 eorum,
3356 2810 3447 2881 qui
3492 2810 3689 2880 quolibet

2149 2911 2312 2967 modo
2352 2910 2431 2965 sie
2474 2909 2634 2964 nobis
2671 2908 3061 2978 subjiciuntur,
3091 2915 3155 2960 ut
3195 2905 3368 2960 etiam
3402 2918 3582 2974 pecora
3611 2917 3687 2955 no-

2149 3012 2261 3059 stra
2295 3001 2674 3061 nominentur,
2715 3006 2936 3069 propter
2974 2998 3078 3051 hoc
3109 2995 3263 3065 quod
3303 2993 3469 3049 nimis
3498 2991 3686 3061 subjecti

2150 3103 2300 3159 sunt,
2343 3101 2438 3148 aut
2481 3093 2606 3163 quia
2660 3106 2766 3146 non
2814 3090 2896 3144 eis
2935 3089 3001 3143 ad
3043 3097 3298 3144 nostrum
3345 3085 3686 3144 ministerium,

2150 3186 2610 3258 quemadmodum
2655 3183 2948 3254 pecoribus
3001 3179 3230 3247 utimur,
3282 3180 3501 3250 quando
3541 3185 3686 3232 sancta

2149 3281 2221 3337 sit
2248 3279 2470 3345 oblatio,
2494 3294 2591 3348 per
2615 3277 2752 3343 haec,
2768 3292 2890 3346 qua:
2915 3273 3061 3328 dicta
3087 3281 3241 3335 sunt,
3268 3272 3508 3342 exponit.
3531 3268 3687 3323 Praeci-

2148 3373 2229 3444 pit
2266 3379 2472 3434 autem,
2502 3378 2561 3425 ut
2597 3383 2709 3423 non
2748 3382 2848 3422 nos
2886 3365 3145 3436 poeniteat
3169 3364 3239 3419 dc
3281 3363 3372 3418 his
3406 3378 3520 3432 qua:
3551 3359 3688 3413 oﬁeri-

2149 3483 2272 3523 mus
2300 3464 2434 3521 Deo.
2467 3463 2606 3535 Ergo
2640 3463 2684 3517 si
2715 3461 2933 3532 quidem
2970 3460 3038 3515 de
3075 3459 3162 3514 his
3192 3457 3549 3513 obtulerimus
3569 3466 3689 3523 peco-

2148 3560 2322 3624 ribus,
2355 3572 2476 3628 quze
2522 3571 2641 3611 mos
2683 3563 2767 3609 est
2803 3552 2912 3608 Deo
2933 3550 3147 3612 offerri.
3188 3566 3315 3605 mos
3347 3558 3523 3604 autem
3552 3550 3688 3599 estut

2148 3653 2202 3708 ei
2248 3649 2593 3706 immaculata
2640 3656 2696 3703 et
2738 3644 2940 3700 munda
2982 3642 3289 3698 oderantur
3326 3658 3341 3695 :
3382 3649 3569 3692 munus
3611 3646 3688 3685 no-

2149 3754 2324 3801 strum
2360 3742 2504 3797 illico
2536 3737 2932 3802 sanctiﬁcatur,
2965 3733 3129 3789 etiam
3161 3748 3275 3787 non
3307 3739 3395 3786 est
3422 3730 3501 3783 fas
3542 3734 3593 3779 ut
3614 3735 3689 3776 nos

2147 3838 2218 3893 de
2243 3852 2312 3892 eo
2333 3835 2619 3906 poeniteat,
2653 3830 2821 3886 veluti
2857 3828 2904 3884 si
2935 3825 3126 3892 ﬁlium,
3158 3824 3244 3879 vel
3265 3812 3689 3906 discipulum,_vcl

2149 3904 2390 3991 servum,
2422 3932 2518 3978 aut
2558 3922 2722 3975 alium
2762 3918 2855 3989 qui
2898 3916 3001 3972 sub
3039 3929 3205 3969 manu
3255 3920 3444 3967 nostra
3485 3918 3577 3967 est.
3606 3904 3689 3956 De"

2148 4016 2531 4073 obtulerimus.
2567 4012 2756 4081 Neque
2786 4017 2999 4064 mutare
3029 4006 3233 4061 malum
3276 4005 3344 4059 ad
3384 4002 3585 4064 melius,
3620 4004 3689 4048 aut

2148 4104 2354 4161 bonum
2402 4102 2472 4157 ad
2513 4101 2737 4155 malum.
2791 4096 2991 4152 Malum
3043 4101 3227 4148 autem
3286 4092 3377 4146 hic
3419 4088 3565 4150 dicit,
3607 4095 3689 4137 non

2148 4198 2293 4268 quod
2325 4210 2553 4268 pravum
2582 4191 2761 4247 modis
2789 4189 3047 4246 onmibus
3076 4193 3132 4240 et
3161 4180 3534 4245 immundum;
3558 4178 3594 4231 si
3615 4190 3689 4228 au-

2148 4300 2259 4346 tem
2291 4286 2635 4343 immundum
2670 4294 2774 4347 est,
2814 4296 2925 4336 non
2962 4287 3047 4335 est
3075 4277 3143 4333 de
3179 4275 3290 4332 illis
3329 4289 3449 4344 qnze
3493 4283 3599 4325 ntus
3627 4274 3689 4319 est

2149 4380 2335 4438 oﬁ‘erri
2360 4381 2491 4446 Deo,
2513 4391 2635 4433 esse
2655 4384 2837 4430 autem
2858 4374 2927 4429 de
2952 4371 3038 4426 his
3074 4384 3198 4438 quae
3219 4363 3484 4422 immolari
3505 4364 3689 4432 possunt

2079 4473 2125 4528 D
2154 4472 2410 4537 Domino,
2443 4470 2587 4524 hanc
2613 4465 2946 4523 oblationem
2984 4459 3264 4532 legislator
3294 4457 3451 4512 dixit.
3478 4451 3575 4506 Sed
3600 4460 3686 4500 ma-

2152 4571 2264 4625 lum
2298 4566 2388 4621 hic
2412 4564 2565 4628 dicit,
2589 4560 2732 4632 quod
2758 4567 2842 4614 est
2872 4555 3133 4617 deterius,
3166 4553 3247 4608 sic
3266 4551 3416 4606 enim
3448 4543 3689 4603 manifeSte

2154 4672 2209 4717 et
2239 4657 2600 4731 Symmachus
2634 4651 2871 4708 tradidit.
2903 4649 3022 4702 Non
3065 4645 3242 4701 reddit
3272 4642 3469 4698 melius
3497 4651 3586 4709 pro
3615 4633 3688 4731 de-

2153 4723 2369 4817 teriori,
2408 4759 2503 4804 aut
2537 4748 2785 4804 deterius
2827 4758 2928 4813 pro
2971 4737 3208 4801 meliori,
3240 4745 3302 4792 ut
3335 4749 3445 4790 non
3486 4732 3617 4786 hunc
3641 4723 3687 4778 ﬁ-

2153 4846 2311 4909 lium,
2358 4853 2454 4896 aut
2529 4850 2748 4893 servum
2798 4833 3097 4890 olIerentes
3141 4824 3360 4881 Domini
3407 4819 3613 4879 servitio
3649 4824 3690 4867 et

2156 4933 2485 4998 ministerio,
2523 4931 2767 5001 recipere
2808 4942 2935 4983 eum
2988 4926 3041 4979 in
3081 4928 3331 4978 nostrum
3369 4911 3689 4973 ministerium

2154 5040 2211 5086 et
2257 5027 2526 5084 utilitates
2568 5022 2819 5088 velimus,
2861 5018 3249 5090 promittentes
3298 5011 3499 5068 offerre
3542 5001 3689 5059 melio-

2153 5137 2270 5178 rem
2314 5119 2579 5179 forsitan,
2621 5114 2705 5170 vel
2753 5112 3103 5170 deteriorem.
3155 5106 3343 5176 Neque
3387 5101 3526 5158 enim
3571 5095 3684 5154 licet,

2152 5223 2380 5288 propter
2412 5210 2559 5283 quod
2595 5217 2652 5265 et
2680 5210 2834 5264 Anna
2871 5206 2939 5260 de
2969 5200 3224 5257 Samuele
3267 5197 3479 5254 dicebat
3507 5207 3521 5244 :
3550 5188 3601 5244 Si
3626 5199 3688 5288 re:

2153 5281 2377 5379 apio-iens
2425 5281 2714 5375 respexeris
2758 5301 2827 5354 ad
2873 5297 3230 5353 humilitatem
3271 5288 3474 5346 ancilla:
3513 5281 3690 5381 tuti-3...“

2154 5369 2456 5455 memineris
2490 5398 2611 5462 mei,
2648 5404 2697 5449 et
2729 5392 2936 5448 dederis
2972 5388 3182 5443 ancilla:
3211 5395 3316 5439 tua:
3349 5394 3514 5437 semen
3535 5369 3683 5469 quiille.

2159 5499 2205 5541 et
2235 5486 2372 5540 dabo
2402 5501 2522 5539 eum
2551 5460 2606 5538 in
2638 5490 2911 5551 conspectu
2949 5490 3037 5533 tuo
3071 5477 3259 5530 datum
3295 5484 3453 5541 usque
3481 5464 3544 5519 ad
3574 5460 3684 5514 άίεῗκ

2155 5577 2340 5631 mortis
2368 5576 2481 5646 αξξ-ες
2512 5575 2580 5607 ³²’

1197 5754 1236 5786 ³¹
1268 5753 1403 5808 Luc.
1434 5769 1518 5821 ιιι,
1553 5752 1644 5811 25.
1713 5754 1756 5787 ³¹
1788 5755 1807 5807 l
1838 5752 1973 5825 Reg.
2007 5753 2163 5820 1,“.
