3892 6416
312 350 407 416 165

1412 347 1494 407 IN
1536 340 1980 405 LEVITICUM.
2006 364 2073 375 -
2109 339 2261 400 LIB.
2298 337 2434 399 VII.

3409 335 3542 402 ιιεθ

338 463 489 528 Quod
531 463 578 517 si
624 463 930 529 mutaverit,
984 471 1030 516 et
1080 462 1253 531 ipsum
1298 463 1436 524 quod
1486 467 1770 520 mutatum,
1807 464 1855 508 et
1888 460 1930 514 Α
1961 466 2090 507 vere
2121 453 2268 508 hunc
2296 466 2437 522 opus
2478 451 2662 515 habet,
2695 460 2747 506 et
2782 450 2960 508 facere
2992 450 3408 522 intelligentem.
3451 452 3543 507 Sic

274 552 400 606 illud
430 569 525 620 pro
555 569 656 623 quo
685 561 948 606 mutatum
976 562 1073 617 est,
1099 560 1459 605 consecratum
1481 549 1581 602 erit
1610 547 1852 601 Domino.

277 642 346 696 Ut
379 643 601 705 ethunc
639 660 802 713 quem
825 651 987 698 antea
1039 642 1357 707 obtulimus,
1399 650 1456 695 et
1511 656 1636 695 eum
1691 653 1855 708 quem

274 743 481 803 postea,
497 750 620 790 cum
641 736 813 805 prima
839 736 1117 791 oblatione
1136 734 1566 799 sanctiﬂcemus,
1595 740 1653 787 et
1675 740 1857 786 utros-

273 842 377 896 que
412 828 523 883 Deo
550 828 936 884 concedamus.
966 828 1078 885 Hoc
1108 827 1255 883 enim
1290 842 1401 882 non
1433 842 1536 882 nos
1564 825 1853 898 permittit,

274 914 330 970 in
383 915 470 970 his
515 931 637 986 quas
693 916 1022 982 offerimus,
1076 916 1455 987 paenitentiam
1509 929 1672 986 agere
1709 932 1723 967 :
1759 912 1857 968 sed

272 1008 515 1079 percutit
553 1009 878 1067 inimicum:
909 1009 1002 1079 qui
1050 1009 1212 1065 nobis
1254 1009 1524 1079 poenitere
1567 1005 1854 1078 suggessit,

273 1100 404 1156 dum
460 1101 716 1158 videlicet
772 1102 1115 1172 duplicamus
1160 1110 1404 1156 nostram
1465 1099 1796 1156 oblationem
1841 1117 1855 1154 :

271 1208 436 1263 quam
468 1194 559 1249 ille
587 1209 686 1264 per
715 1194 1095 1264 paenitentiam
1131 1194 1464 1263 intercipere
1495 1192 1687 1248 voluit.

343 1283 511 1340 Vsus.
541 1285 721 1340 11-15.
757 1305 775 1337 ι
805 1284 1021 1340 Animal
1052 1285 1397 1341 immundum
1416 1286 1561 1356 quod
1587 1284 1860 1340 immolari

271 1375 511 1431 Domino
539 1391 648 1432 non
676 1384 857 1448 potest
895 1377 939 1434 si
980 1377 1105 1448 quis
1144 1378 1378 1441 voverit,
1404 1378 1706 1434 adducatur
1733 1387 1862 1433 ante

271 1468 636 1524 sacerdotem.
682 1465 788 1536 Qui
830 1470 1141 1540 dijudicans
1186 1486 1257 1525 an
1289 1470 1529 1534 bonum,
1558 1486 1626 1525 an
1657 1470 1861 1525 malum

270 1559 370 1624 sit,
392 1568 599 1615 statuet
641 1561 880 1631 pretium
914 1579 927 1616 :
961 1563 1110 1632 quod
1156 1562 1201 1616 si
1243 1562 1376 1617 dare
1417 1561 1651 1617 voluerit
1692 1562 1739 1617 is
1767 1560 1859 1632 qui

268 1651 473 1714 offert,
527 1652 693 1708 addet
737 1667 903 1724 supra
954 1646 1379 1710 aestimationem
1429 1653 1677 1725 quintam
1733 1669 1862 1725 par-

270 1751 408 1798 tem.
456 1761 476 1796 ι

1960 545 2105 600 enim
2136 546 2490 617 semetipsum
2514 544 2837 617 gubernare,
2872 553 3053 599 etnon
3079 558 3303 600 necesse
3337 544 3539 600 habere

1960 637 2185 692 alterius
2217 638 2508 708 p:edagoga
2541 637 2762 706 poterit.

2036 728 2198 784 Vens.
2238 729 2422 784 lli-i9.
2463 747 2482 780 ‹
2509 730 2685 784 Homo
2712 730 2757 783 si
2784 730 2995 785 voverit
3017 730 3241 785 domum
3286 745 3462 795 suam,
3488 739 3545 784 et.

1961 820 2386 876 sanctiﬁcaverit
2418 820 2674 888 Domino,
2710 822 3086 879 considerabit
3119 838 3240 879 eam
3265 825 3546 891 sacerdos,

1962 922 2147 967 utrum
2187 913 2331 969 bona
2366 928 2437 967 an
2465 912 2607 967 mala
2629 912 2720 980 sit,
2754 914 2983 985 etjuxta
3007 915 3267 986 pretium,
3301 917 3449 987 quod
3478 916 3549 972 ab

1961 1017 2030 1057 eo
2070 1002 2241 1057 fuerit
2278 1004 2658 1072 constitutum,
2718 1008 3090 1064 venundetur.
3117 1009 3177 1065 Si
3226 1022 3411 1066 autem
3460 1011 3551 1066 ille

1962 1093 2052 1164 qui
2086 1094 2316 1159 voverit,
2355 1096 2589 1153 voluerit
2649 1098 2917 1155 redimere
2945 1115 3091 1167 eam,
3120 1100 3272 1158 dabit
3298 1102 3550 1172 quintam

1962 1192 2176 1256 partem
2195 1187 2574 1245 testimationis
2594 1206 2780 1260 supra,
2803 1200 2860 1246 et
2877 1192 3101 1248 habebit
3121 1194 3366 1249 domum.
3390 1194 3551 1261 Quod

1965 1277 2011 1333 si
2041 1293 2234 1351 agrum
2261 1281 2632 1351 possessionis
2655 1297 2768 1339 sua:
2798 1286 3029 1349 voverit,
3059 1295 3117 1341 et
3146 1288 3552 1343 consecraverit

1964 1370 2223 1436 Domino,
2291 1373 2448 1444 juxta
2487 1390 2803 1431 mensuram
2881 1380 3161 1441 sementis.
3191 1380 3552 1436 aestimabitur

1964 1463 2225 1535 pretium.
2259 1463 2317 1519 Si
2363 1466 2585 1538 triginta
2637 1468 2836 1524 modiis
2885 1469 3078 1526 hordei
3129 1474 3331 1529 seritur
3383 1484 3549 1535 terra.

1963 1557 2358 1629 quinquaginta
2396 1558 2548 1615 siclis
2577 1558 2832 1614 venietur
2873 1562 3103 1632 argenti.
3152 1564 3210 1616 Si
3257 1564 3441 1619 statim
3481 1566 3551 1618 ab

1964 1662 2113 1702 anno
2134 1647 2447 1718 incipientis
2461 1647 2675 1707 Jubilaai
2696 1651 3129 1723 voveritagrum,
3143 1663 3349 1723 quanto
3369 1657 3552 1711 valere

1964 1745 2169 1806 potest.
2191 1746 2346 1792 tanto
2367 1738 2765 1806 aestimabitur;
2796 1740 2843 1795 si
2868 1752 3052 1796 autem
3076 1745 3552 1814 postaliquantum

347 1836 714 1906 Inquirendus
752 1848 837 1893 est
878 1837 1125 1903 Judmus,
1166 1832 1440 1910 quomodo
1489 1839 1594 1895 hoc
1637 1838 1865 1894 manda—
1895 1831 1940 1887 Β
1971 1829 2254 1898 temporis,
2289 1831 2612 1900 supputabit
2650 1832 2910 1888 sacerdos
2939 1837 3231 1903 pecuniam
3259 1836 3419 1906 juxta
3451 1853 3552 1892 an-

269 1936 392 1984 tum
438 1939 585 1985 stare
621 1930 778 2000 juxta
827 1931 1065 1986 litteram
1117 1931 1336 2002 potest?
1375 1931 1432 1987 Si
1479 1932 1626 1987 enim
1672 1931 1863 1988 offerri

268 2037 387 2076 non
421 2021 571 2089 licet,
611 2037 716 2077 nec
748 2024 994 2078 nondum
1041 2023 1147 2078 erit
1185 2024 1545 2094 acccptabile,
1588 2024 1866 2093 quomodo

272 2122 571 2183 utrumque
611 2113 910 2186 legislator,
952 2124 1211 2184 tanquam
1256 2115 1357 2171 sibi
1407 2131 1740 2188 repugnans,
1781 2126 1865 2172 at-

270 2220 386 2276 que
449 2205 711 2262 resistens
775 2207 1033 2277 scripsit?
1090 2207 1195 2263 Sed
1264 2208 1472 2278 aliquid
1537 2209 1866 2281 evangelica:

269 2299 585 2371 proximum
620 2299 855 2371 largitati
894 2300 1071 2355 modis
1106 2291 1366 2356 omnibus
1401 2300 1603 2368 innuit,
1643 2310 1700 2356 et
1735 2318 1867 2357 con-

271 2391 646 2457 descensioni,
687 2408 850 2462 quam
896 2395 1069 2461 gratia
1115 2394 1291 2449 novit.
1332 2393 1423 2449 Sic
1469 2407 1599 2465 ergo
1640 2409 1702 2448 ea
1745 2410 1867 2464 quae

270 2482 421 2537 dicta
451 2492 602 2548 sunt,
636 2483 1026 2553 intelligamus,
1061 2499 1172 2538 non
1211 2484 1411 2539 licebat
1438 2483 1553 2538 Deo
1581 2484 1770 2539 offerri
1799 2485 1867 2540 de

270 2572 593 2644 pecoribus,
622 2589 745 2643 qua:
770 2589 881 2628 non
911 2573 1075 2628 simul
1105 2582 1163 2628 et
1193 2574 1453 2644 ungulam
1486 2574 1785 2641 (indebant,
1812 2582 1868 2629 et

271 2666 652 2721 rnminabant.
684 2664 811 2721 llaec
835 2665 982 2721 enim
1007 2666 1091 2721 lex
1114 2666 1355 2723 habebat
1382 2653 1683 2733 immunda,
1711 2669 1868 2739 cujus

269 2766 461 2814 autem
501 2766 620 2813 erat
657 2759 908 2829 aenigma,
957 2757 1011 2813 id
1058 2767 1145 2814 est
1183 2760 1441 2830 ungulam
1485 2775 1596 2815 non
1637 2760 1865 2829 findere,

272 2865 391 2905 non
416 2850 757 2921 distinguere
785 2851 917 2922 legis
948 2850 1208 2918 litteram,
1239 2860 1296 2905 et
1322 2851 1577 2922 spiritum
1605 2854 1865 2910 scientis:

270 2957 391 2997 non
430 2950 613 2997 autem
643 2942 925 2997 ruminare
957 2942 1097 3012 ejus,
1124 2943 1218 3013 qui
1248 2958 1361 2999 non
1401 2944 1663 3000 continue
1692 2946 1868 3002 medi-

272 3031 507 3087 tationis
531 3031 667 3104 legis
687 3032 925 3087 habebat
944 3033 1207 3098 studium,
1235 3043 1292 3089 et
1329 3034 1423 3104 qui
1453 3035 1637 3107 lingua
1667 3037 1865 3104 solum,

271 3139 394 3179 non
447 3124 611 3179 etiam
659 3124 825 3180 corde
875 3140 996 3180 eam
1044 3126 1113 3181 ad
1160 3127 1574 3183 meditationem
1623 3138 1863 3185 revocat.

273 3217 335 3272 Si
366 3231 497 3288 ergo
523 3216 722 3287 aliquis
756 3216 924 3271 filium
974 3216 1157 3284 talem,
1194 3218 1279 3272 vel
1317 3234 1561 3287 servum,
1591 3221 1679 3276 vel
1708 3220 1871 3276 disci-

273 3310 472 3381 pulum
501 3310 612 3365 Deo
642 3309 863 3375 offerat,
896 3310 989 3380 qui
1026 3311 1094 3366 ad
1125 3311 1467 3368 meditandas
1497 3328 1683 3368 sacras
1721 3313 1871 3370 Scri-

273 3413 494 3474 pturas,
527 3412 625 3458 aut
654 3403 725 3458 ad
757 3402 1084 3458 divisionem
1117 3404 1618 3475 contemplationis,
1652 3421 1766 3461 non
1806 3423 1871 3461 ex

275 3493 511 3559 malitia,
553 3495 650 3550 sed
689 3510 755 3550 ex
792 3493 1109 3550 infirmitate
1150 3496 1333 3552 minor
1364 3496 1456 3563 sit,
1490 3497 1721 3553 necdum
1752 3500 1874 3568 qui-

272 3584 409 3639 dem
448 3592 539 3643 est.
572 3593 735 3640 votus
778 3587 913 3649 Deo,
940 3600 1119 3655 neque
1159 3587 1309 3641 enim
1349 3588 1504 3657 quasi
1540 3588 1755 3645 oblatus
1779 3590 1870 3659 sit,

272 3677 404 3747 ejus
428 3676 707 3749 legislator
740 3678 1059 3733 memoriam
1089 3678 1240 3735 facit.
1269 3679 1508 3736 Adducit
1534 3688 1719 3737 autem
1743 3691 1871 3738 ante

271 3767 649 3832 sacerdotem,
692 3776 749 3822 et
793 3769 987 3823 statuit
1028 3768 1266 3839 pretium
1304 3771 1426 3840 ejus
1469 3774 1742 3838 sacerdos,
1786 3774 1870 3829 di-

265 3857 536 3929 judicans
562 3867 747 3912 utrum
779 3857 987 3913 bonum
1018 3873 1087 3912 an
1119 3858 1322 3913 malum
1350 3859 1441 3925 sit,
1464 3868 1524 3914 ut
1552 3860 1874 3931 imperfecto

269 3947 772 4014 condescendens,
838 3947 1180 4003 moderatum
1239 3950 1288 4003 ei
1340 3949 1533 4021 jugum
1602 3950 1871 4021 imponat,

273 4043 336 4098 id
373 4050 482 4106 est,
513 4057 633 4096 eam
665 4057 789 4112 qua:
817 4051 902 4098 est
930 4043 1108 4098 media
1155 4043 1301 4099 inter
1333 4044 1532 4099 bonam
1569 4044 1874 4114 malamque

273 4133 784 4190 conversationem.
820 4132 918 4188 Est
964 4142 1149 4189 autem
1196 4150 1226 4189 a
1275 4134 1419 4190 malo
1464 4135 1779 4201 declinatio,
1820 4143 1876 4190 et

272 4229 568 4298 proiectus
604 4227 671 4282 ad
705 4227 955 4284 meliora.
986 4227 1102 4282 Hoc
1138 4229 1284 4283 enim
1325 4227 1555 4284 forsitan
1590 4228 1872 4299 preprium

273 4320 523 4375 dicimus
548 4334 671 4375 esse
705 4320 852 4375 inter
885 4320 1129 4375 deterius
1157 4328 1213 4374 et
1246 4321 1478 4376 melius:
1506 4323 1652 4391 quod
1683 4337 1781 4391 pro
1807 4338 1875 4378 eo

270 4411 433 4480 quod
465 4411 674 4481 dictum
714 4419 822 4475 est,
854 4422 1039 4465 utrum
1071 4411 1277 4465 bonum
1325 4426 1394 4467 an
1442 4411 1669 4474 malum,
1705 4412 1879 4468 edidit

1968 1935 2167 1974 norum
2215 1921 2308 1991 qui
2364 1921 2560 1992 reliqui
2601 1931 2751 1987 sunt,
2782 1940 3075 1981 numerum
3107 1943 3282 1998 usque
3311 1930 3377 1984 ad
3398 1930 3553 1986 λυδί-

1969 2013 2149 2078 laeum,
2169 2022 2225 2068 et
2241 2013 2563 2069 detrahetur
2579 2030 2643 2070 ex
2672 2016 2869 2087 pretio.
2888 2016 3045 2084 Quod
3067 2019 3115 2074 si
3142 2022 3376 2077 voluerit
3406 2024 3554 2078 redi-—

1968 2121 2120 2161 mere
2145 2121 2332 2177 agrum
2366 2106 2455 2162 ille
2485 2108 2577 2178 qui
2600 2119 2846 2179 voverat,
2873 2111 3039 2166 addet
3065 2113 3310 2182 quintam
3340 2125 3553 2186 partem

1968 2198 2254 2255 aestimatae
2283 2199 2549 2268 pecuniae,
2582 2210 2637 2256 et
2663 2202 2969 2271 possidebit
2995 2220 3140 2260 eum.
3179 2225 3196 2259 ι
3390 2194 3395 2199 ’

2039 2291 2159 2347 Non
2190 2293 2587 2363 qualiscunque
2614 2293 2704 2349 hic
2729 2295 2942 2365 paritur
2965 2297 3210 2366 quaestio.
3238 2297 3408 2353 Paulo
3430 2310 3556 2369 post

1968 2383 2114 2437 enim
2147 2384 2214 2438 ad
2250 2383 2416 2439 finem
2442 2384 2571 2440 libri
2608 2385 2889 2457 legislator
2916 2387 2995 2441 sic
3015 2387 3149 2443 dicit
3186 2407 3198 2441 :
3229 2387 3391 2444 Omne
3411 2392 3554 2460 quod

1971 2473 2197 2528 Domino
2226 2485 2584 2541 consecratur,
2603 2477 2710 2531 sive
2729 2478 2881 2531 homo
2908 2480 3028 2546 erit,
3060 2480 3169 2534 sive
3195 2481 3421 2546 animal,
3446 2482 3556 2536 sive

1971 2582 2116 2636 ager,
2146 2583 2251 2622 non
2281 2569 2540 2634 uenietur,
2573 2585 2665 2622 nec
2691 2570 2881 2624 redimi
2920 2573 3133 2641 poterit.
3162 2571 3448 2639 Quomodo
3480 2575 3557 2630 ibi

1974 2658 2197 2726 quidem
2233 2661 2428 2715 redimi
2457 2660 2641 2716 oblata
2672 2661 2977 2731 prohibuit,
3004 2663 3093 2718 hic
3116 2672 3296 2719 autem
3328 2664 3555 2721 domum

1972 2761 2023 2806 et
2043 2766 2229 2822 agrum
2247 2761 2532 2822 postquam
2547 2753 2882 2809 sanctiﬁcata
2901 2764 3031 2810 sunt
3050 2756 3299 2827 praecipit
3319 2758 3552 2813 redimi?

1971 2844 2082 2898 Aut
2138 2843 2366 2899 forsitan
2404 2844 2722 2900 omnimodo
2774 2846 2936 2900 aliam
3006 2846 3097 2902 hic
3169 2849 3552 2916 intentionem,
3600 2900 3609 2905 .
3686 2875 3692 2880 ·

1972 2935 2133 2990 aliam
2169 2935 2260 2991 hic
2296 2936 2580 2993 offerentis
2629 2938 2803 2993 novit.
2844 2938 2923 2994 lbi
2964 2939 3206 3010 quidem,
3254 2952 3314 2995 ut
3349 2957 3557 3012 nequa--

1972 3044 2136 3099 quam
2163 3029 2304 3085 ultra
2326 3038 2583 3086 attrectet
2601 3031 2748 3101 quod
2793 3032 2994 3088 obtulit
3039 3050 3054 3087 :
3094 3034 3190 3089 sed
3235 3044 3293 3089 ut
3340 3037 3560 3105 penitus

1974 3122 2487 3178 illudeonsecraret
2514 3124 2649 3190 Deo,
2679 3133 2905 3197 propter
2925 3125 3071 3195 quod
3098 3141 3206 3180 non
3237 3126 3333 3194 ait,
3364 3142 3558 3196 quem-

1973 3215 2267 3271 admodum
2323 3216 2455 3271 hic:
2491 3215 2550 3271 Si
2598 3218 2936 3273 consecrarit
2987 3219 3212 3274 domum
3254 3231 3560 3283 suam,aut

1974 3323 2166 3380 agrum
2206 3309 2572 3379 possessionis
2610 3325 2723 3366 suae
2759 3329 2772 3364 :
2807 3311 2924 3376 sed,
2962 3328 3115 3366 omne
3158 3314 3297 3383 quod
3333 3313 3562 3367 Domino

1975 3410 2332 3456 consecratur.
2384 3402 2588 3457 Eorum
2631 3402 2785 3457 enim
2822 3418 2944 3472 quae
2992 3404 3366 3459 offerebantur
3425 3404 3559 3471 Deo,

1975 3490 2113 3545 nihil
2141 3492 2342 3546 licebat
2365 3492 2421 3546 in
2462 3508 2623 3548 usum
2665 3493 2969 3549 humanum
2999 3494 3142 3549 ultra
3184 3497 3408 3562 reverti,
3460 3498 3562 3553 sed

1975 3597 2078 3638 nec
2132 3582 2389 3638 sacerdos
2428 3583 2535 3637 illis
2567 3583 2645 3639 uti
2691 3592 2927 3655 poterat.
2982 3585 3335 3641 Demonstrat
3375 3598 3558 3643 autem

1975 3675 2082 3730 hoc
2116 3691 2202 3740 ea,
2242 3691 2367 3746 qua:
2400 3684 2485 3730 est
2528 3675 2997 3732 Amalechitarum
3041 3678 3289 3734 historia.
3342 3680 3561 3737 Praece-

1974 3774 2130 3836 ptum
2173 3776 2259 3821 εει
2302 3765 2452 3820 enim
2508 3766 2639 3821 Saul
2686 3775 2748 3821 ut
2787 3767 3079 3822 anathema
3126 3778 3313 3824 essent
3374 3773 3563 3827 omnia

1974 3858 2238 3914 Amalech
2285 3858 2460 3929 spolia
2492 3875 2506 3913 :
2533 3867 2588 3914 et
2627 3860 2756 3929 quia
2783 3859 3056 3916 concessit
3084 3861 3286 3931 popqu
3311 3863 3562 3931 quaedam

1974 3949 2044 4004 de
2109 3949 2366 4021 gregibus
2441 3960 2499 4004 et
2547 3950 2814 4006 armentis
2874 3952 3149 4022 accipere,
3209 3953 3560 4009 maledictum

1976 4043 2203 4114 grande,
2264 4043 2513 4112 iramque
2553 4044 2867 4098 sustinuit:
2907 4051 2967 4099 et
3025 4043 3340 4100 nullatenus
3390 4046 3439 4101 ei
3495 4048 3566 4103 ad

1975 4134 2409 4191 satisfactionem
2438 4134 2675 4200 suffecit,
2701 4152 2827 4191 cum
2858 4135 3191 4191 irasceretur
3235 4138 3475 4204 Samuel,
3508 4149 3567 4195 et

1977 4224 2281 4294 inquireret
2329 4242 2343 4278 :
2391 4224 2522 4291 Qua:
2557 4236 2632 4281 est
2673 4243 2774 4281 eoa:
2814 4227 2987 4298 gregis
3027 4229 3186 4299 hujus
3232 4229 3289 4282 in
3344 4230 3565 4285 auribus

1976 4319 2125 4380 meis,
2141 4329 2191 4372 et
2216 4335 2317 4372 eoa:
2336 4317 2488 4372 boum
2508 4335 2669 4389 quam
2693 4335 2787 4388 ego
2800 4319 2961 4375 audio
2981 4320 3048 4387 ’³,
3070 4337 3195 4376 cum
3212 4323 3570 4392 responderet

1975 4413 2081 4467 alia
2135 4412 2202 4467 ad
2238 4413 2559 4484 prophetam
2594 4414 2783 4477 verba,
2815 4430 2880 4469 ea
2913 4431 3035 4485 quae
3057 4425 3217 4471 erant
3247 4436 3260 4471 :
3294 4418 3373 4472 De
3403 4421 3568 4472 Ama-

275 4505 654 4577 Symmachus
686 4523 701 4559 :
737 4504 942 4559 Statuit
969 4504 1196 4573 pretium
1229 4505 1493 4570 sacerdos,
1520 4505 1563 4561 si
1598 4506 1874 4575 quomodo
1901 4518 1951 4591 ρ
1982 4505 2090 4559 lech
2113 4506 2338 4560 adduxit
2367 4522 2428 4559 ea
2457 4521 2574 4575 qum
2603 4507 2882 4576 acquisivit
2900 4508 3125 4577 populus
3149 4508 3372 4563 meliora
3395 4514 3569 4586 gregis

272 4598 588 4670 proﬁciens
616 4599 823 4654 donum
848 4613 972 4653 esse
997 4613 1210 4665 eorum,
1253 4613 1374 4668 quae
1405 4596 1517 4653 Deo
1546 4598 1872 4664 olleruntur,

320 4691 486 4747 ossit.

320 4707 486 4747 ossa.

274 4707 317 4762 Ρ
358 4779 512 4845 Quod
539 4779 587 4833 si
617 4780 747 4833 dare
794 4778 1086 4843 volueritis,
1131 4794 1290 4847 quam
1328 4778 1498 4847 oﬂ'ert,
1526 4780 1683 4833 addet
1721 4795 1879 4848 super

269 4872 694 4929 aestimationem
744 4872 987 4942 quintam
1040 4880 1268 4938 partem.
1304 4870 1370 4924 Et
1394 4871 1527 4940 quid
1591 4873 1697 4927 hoc
1748 4874 1880 4928 est?

272 4964 546 5034 Quinque
578 4978 807 5018 numero
842 4977 1041 5018 sensus
1063 4971 1211 5016 sunt.
1256 4962 1461 5035 Horum
1505 4965 1665 5019 nobis
1684 4965 1877 5035 quinta

272 5072 421 5127 pars
464 5071 623 5111 mens
660 5064 766 5115 est.
819 5056 890 5110 ab
929 5054 1044 5125 ipsa
1107 5054 1255 5109 enim
1298 5056 1695 5127 gubernantur.
1746 5056 1879 5112 Sine

270 5152 396 5205 hac
421 5164 551 5220 ergo
576 5164 686 5203 non
724 5147 881 5202 valde
910 5146 1278 5209 habentesse,
1302 5162 1406 5202 nec
1427 5148 1642 5218 juvant.
1673 5148 1879 5205 Horum

271 5258 424 5312 ergo
443 5242 686 5312 quinque
706 5241 968 5311 virgines,
991 5255 1112 5309 quae.
1135 5238 1205 5293 ad
1234 5239 1455 5310 nuptias
1474 5256 1583 5295 non
1606 5249 1881 5312 susceptae

272 5344 442 5399 sunt,
475 5337 703 5404 ﬁguram
735 5341 953 5403 gerunt.
979 5330 1234 5402 Quinque
1263 5347 1392 5402 ergo
1422 5347 1532 5387 non
1566 5333 1879 5389 habuerunt

272 5425 641 5497 sapientiam,
674 5423 820 5478 unde
840 5422 1088 5477 absolute
1116 5429 1173 5477 et
1202 5421 1367 5477 fatuae
1404 5423 1698 5477 nominata
1727 5432 1878 5478 sunt.

268 5520 439 5590 Ergo
465 5519 512 5573 si
539 5519 664 5589 quis
695 5517 813 5572 vult
850 5515 1121 5571 redimere
1164 5529 1314 5579 eum,
1344 5515 1437 5584 qui
1474 5524 1700 5586 promer
1736 5531 1880 5586 pm-

271 5613 469 5670 dictas
492 5624 685 5667 causas
718 5606 1017 5663 immundis
1042 5614 1391 5675 comparatur
1431 5606 1740 5675 pecoribus,
1781 5608 1881 5665 hac

361 5793 411 5826 ⁸³
442 5791 466 5849 Ι
500 5793 634 5867 Reg.
664 5809 753 5858 xv,
788 5791 872 5848 M.
988 5790 1031 5823 ³⁸
1071 5789 1208 5847 ibid.
1240 5790 1327 5849 15.

1978 4608 2027 4651 et
2062 4597 2237 4659 boum,
2271 4607 2328 4650 ut
2357 4596 2765 4650 immolarentur
2788 4597 3015 4652 Domino
3059 4596 3167 4652 Deo
3210 4600 3570 4670 tuo,,reliqua
3638 4650 3649 4659 ,

1981 4703 2160 4744 autem
2193 4689 2482 4757 disperdidi
2508 4689 2577 4745 “.
2617 4688 2756 4760 Ergo
2784 4688 2932 4745 ali‘ud
2961 4699 3044 4745 est
3069 4692 3412 4748 sanctiﬁcare
3433 4694 3567 4759 Deo,
3629 4677 3637 4697 ’

1979 4782 2109 4836 licet
2142 4781 2290 4836 enim
2333 4780 2383 4835 ei
2412 4781 2505 4851 qui
2547 4781 2930 4846 sanctificavit,
2969 4783 3074 4838 hoc
3103 4784 3267 4839 modo
3303 4785 3383 4839 uti
3406 4802 3572 4855 quem

1982 4889 2132 4929 nunc
2159 4873 2318 4928 nobis
2359 4873 2634 4944 legislator
2668 4875 2911 4929 ostendit
2936 4893 2949 4930 :
2978 4875 3124 4931 aliud
3157 4888 3242 4931 est
3276 4880 3573 4933 anathema

1950 4968 2112 5038 -quid
2149 4966 2351 5033 facere,
2398 4967 2564 5037 hujus
2613 4967 2761 5022 enim
2810 4984 2945 5023 usus
2989 4971 3322 5040 prohibitus.
3363 4970 3571 5025 Similis

1982 5067 2165 5112 autem
2187 5055 2315 5111 huic
2344 5065 2400 5110 et
2438 5056 2749 5112 intellectus
2782 5059 2985 5128 suscipi
3033 5060 3196 5115 debet
3233 5064 3572 5129 contempla-

1985 5149 2171 5215 tionis,
2202 5149 2299 5204 sed
2329 5149 2398 5204 de
2430 5149 2781 5206 anathemate
2799 5150 3023 5221 quidem
3054 5153 3321 5220 dicemus,
3350 5151 3572 5221 quando

1984 5243 2055 5298 ad
2087 5242 2235 5297 illam
2294 5249 2507 5313 partem
2558 5243 2734 5298 sancti
2783 5244 3120 5300 venerimus.
3174 5244 3333 5299 Nunc
3385 5252 3572 5298 autem

1988 5334 2117 5405 quid
2136 5333 2208 5389 sit
2224 5332 2448 5388 domum
2465 5333 2831 5400 sanctiﬁcare,
2862 5335 2994 5405 quid
3017 5350 3227 5406 agrum,
3253 5334 3572 5396 doceamus,

1987 5425 2123 5480 mihi
2172 5431 2497 5496 suggerente
2530 5424 2750 5495 spiritu,
2788 5426 2891 5480 hoc
2921 5426 3100 5496 primo
3128 5425 3250 5481 loco
3270 5424 3519 5479 dicentes
3554 5439 3572 5478 :

1988 5516 2115 5587 quia
2144 5514 2290 5569 aliud
2326 5523 2409 5569 est
2435 5513 2763 5569 sanctiﬁcari
2795 5514 2927 5579 Deo,
2960 5514 3106 5569 aliud
3128 5523 3379 5571 sanctum
3407 5527 3530 5568 esse
3558 5529 3572 5564 :

1990 5606 2138 5663 aliud
2170 5605 2355 5663 oﬂerri
2386 5605 2435 5662 ei
2458 5605 2683 5675 aliquid,
2708 5606 2856 5662 aliud
2876 5621 2988 5663 non
3019 5620 3157 5677 Opus
3187 5606 3389 5662 habere
3418 5605 3579 5663 obla-
