3892 6416
444 350 597 417 ῙῙῙῧἹ

1654 348 1951 409 HESYCH
1964 347 2017 407 II
2058 348 2532 410 PRESBYTERI

3553 365 3659 434 1163

455 469 681 530 tionem,
735 462 828 518 sed
897 479 1018 517 esse
1068 464 1188 529 Dei,
1242 471 1296 517 et
1347 457 1635 514 offerentis
1689 474 1802 513 non
1856 474 2038 530 egere.
2074 467 2113 522 Α
2145 460 2504 517 sanctiﬁcatio
2521 463 2740 533 proprie
2765 464 2961 521 domus
2982 466 3291 533 ascribitur,
3320 485 3422 526 non
3444 475 3593 530 solum
3618 493 3664 536 ut

454 559 611 625 Quod
634 556 780 609 enim
801 554 1189 617 sanctiﬁcatur,
1205 562 1258 606 et
1273 552 1520 614 offertur,
1539 565 1606 605 eo
1632 550 1775 619 quod
1795 550 2038 615 oﬁ‘ertur,

458 648 786 705 sanctiﬁcari
831 647 1045 715 incipit,
1085 662 1214 716 ergo
1258 644 1411 713 prius
1438 658 1547 696 non
1599 651 1717 697 erat
1767 652 2037 697 sanctum.

457 742 612 809 Quod
647 750 830 794 autem
861 738 1052 806 incipit
1086 735 1434 797 sancﬁﬁcari,
1470 736 1574 789 hoc
1605 750 1743 803 opus
1773 733 1958 794 habet.
1987 743 2043 788 et

442 835 790 904 profectum,
820 842 875 886 ct
917 848 1013 901 per
1046 838 1228 900 partes
1260 836 1633 899 augmentum.
1666 826 1822 893 Quod
1856 837 2039 882 autem

457 929 583 981 olim
633 934 880 980 sanctum
917 934 1020 987 est,
1047 924 1251 978 etolim
1284 929 1370 975 est
1396 921 1510 985 Dei,
1547 922 1652 975 hoc
1688 921 1825 974 nihil
1859 922 2041 975 minus

444 1021 637 1084 vbabet,
653 1019 747 1073 sed
765 1026 848 1071 est
867 1016 1189 1087 perfectum,
1211 1030 1308 1069 nec
1331 1015 1442 1068 ullo
1463 1014 1834 1068 additamento
1851 1029 2034 1084 egens.

446 1113 747 1182 13ropterea
792 1111 998 1164 bonum
1028 1109 1249 1179 quidem
1282 1115 1389 1173 est,
1421 1115 1478 1161 et
1509 1106 1776 1162 doctrinis
1807 1106 2036 1160 aliorum

450 1206 519 1260 ad
568 1203 1056 1258 sanctiﬁcatioucm
1111 1202 1211 1266 uti,
1262 1200 1458 1254 melius
1507 1207 1689 1253 tamen
1731 1198 1786 1252 in
1825 1208 2035 1253 tantum

450 1296 733 1366 proﬁcere,
768 1304 830 1349 ut
859 1295 951 1364 qui
999 1295 1359 1363 semetipsum
1391 1304 1446 1349 et
1483 1307 1580 1347 eos
1621 1293 1713 1361 qui
1738 1292 1859 1361 ejus
1886 1300 2034 1355 sunt,

448 1389 516 1443 ad
550 1387 1042 1442 sanctiﬁcationem
1076 1385 1364 1455 producat,
1397 1384 1543 1454 quod
1586 1399 1696 1438 non
1726 1383 1906 1437 omnis
1932 1383 2034 1436 viri

447 1488 553 1542 est,
574 1479 667 1531 sed
691 1477 863 1531 solius
882 1475 1110 1531 sensati.
1137 1475 1206 1529 Et
1228 1475 1345 1529 haec
1373 1481 1521 1538 sunt,
1541 1490 1663 1543 qua:
1691 1473 1745 1526 in
1769 1473 1873 1527 hoc
1916 1473 2036 1527 loco

448 1570 758 1641 signiﬁcare
790 1569 1070 1639 legislatur
1099 1568 1463 1621 intentionem
1495 1567 1682 1621 habet.
1718 1564 2036 1620 Sanctiﬁcat

449 1677 583 1733 ergo
628 1662 850 1716 domum
897 1661 1028 1725 Deo,
1076 1659 1167 1729 qui
1206 1658 1467 1713 familiam
1512 1673 1691 1723 suam,
1735 1667 1790 1711 et
1830 1673 2034 1729 cogna-

449 1754 681 1814 tionem,
730 1762 784 1805 et
834 1750 1232 1820 intelligibilem
1279 1750 1500 1803 domum
1556 1749 1610 1802 in
1673 1747 2031 1802 sanctimonia

2145 550 2417 615 offerenti,
2450 554 2546 608 sed
2578 564 2632 609 et
2663 563 2721 609 ut
2744 556 2962 611 docenti
3000 575 3012 611 :
3039 558 3227 630 sicque
3243 576 3351 615 suae
3365 562 3533 621 domui
3554 568 3666 626 bene

2102 702 2109 705 _
2145 644 2491 712 praepositus,
2532 654 2587 699 et
2622 661 2960 716 recuperans
2992 666 3116 704 eam
3148 652 3251 705 sibi
3288 655 3524 710 sacerdos
3559 676 3667 728 quo-

2143 734 2433 790 dammodo
2461 736 2775 793 invenitur:
2799 740 2926 809 quia
2957 740 3159 795 Paulus
3181 759 3305 797 eum
3336 745 3423 814 qui
3444 748 3535 802 scit
3554 765 3666 819 prae-

2142 841 2263 881 esse
2301 826 2411 883 sua:
2455 829 2664 895 domui,
2707 831 2774 885 ad
2822 833 3175 903 episcopatus
3204 834 3512 890 electionem
3542 850 3670 909 atque

2140 917 2459 987 dignitatem
2477 920 2792 976 sublimavit
2813 922 2877 977 ".
2894 922 3128 994 Propter
3144 927 3286 994 quod
3303 926 3503 995 Aquila,
3521 945 3602 998 pro
3621 948 3671 987 eo

2139 1007 2285 1076 quod
2318 1008 2525 1063 dictum
2555 1020 2657 1075 est,
2702 1012 2805 1076 Qui
2859 1030 2978 1067 eam
3042 1017 3390 1085 sancti/icavit
3441 1021 3669 1074 redimet:

2139 1100 2185 1151 si
2232 1101 2568 1169 sancti/imus
2597 1102 2669 1155 ad
2704 1102 2861 1171 ﬁnem
2904 1106 3107 1174 fecerit,
3129 1107 3318 1161 edidit.
3348 1107 3494 1173 Quod
3527 1122 3671 1166 autem

2139 1208 2204 1245 ex
2241 1193 2343 1246 hoc
2377 1192 2654 1257 discimus,
2682 1194 2811 1264 quia
2838 1196 2882 1249 si
2909 1197 3106 1250 domus
3138 1198 3237 1251 sibi
3276 1198 3610 1268 principatum
3633 1214 3675 1255 et

2138 1283 2594 1353 gubernationem
2625 1286 2719 1354 qui
2763 1288 3148 1349 sanctiﬁcat-it,
3199 1288 3455 1354 vindicat,
3479 1297 3529 1343 et
3566 1291 3676 1349 hanc.

2138 1374 2254 1443 ipse
2283 1374 2566 1444 acquirere
2604 1376 2721 1429 vult
2750 1394 2764 1429 :
2796 1378 2862 1430 ad
2894 1377 3059 1432 linem
3106 1387 3291 1432 autem
3318 1378 3490 1434 facere
3513 1397 3674 1436 secun-

2137 1469 2266 1521 dum
2306 1467 2499 1537 legem,
2540 1478 2623 1522 est
2661 1468 2780 1523 aliis
2808 1468 2953 1523 sicut
2994 1480 3287 1541 cognatum
3318 1473 3678 1540 prmponi,baac

2138 1554 2303 1610 faciat
2344 1572 2465 1625 quae
2495 1556 2552 1610 in
2589 1556 2845 1626 praesenti
2883 1558 3159 1629 iegislator
3188 1559 3376 1629 jussit.
3415 1559 3508 1615 His
3531 1574 3677 1619 autem

2138 1648 2211 1702 ita
2240 1663 2297 1703 se
2317 1648 2670 1713 habentibus,
2692 1651 2837 1720 quod
2860 1652 3080 1721 proprie
3098 1660 3389 1723 argentum
3413 1654 3676 1710 divinorum

2139 1739 2478 1809 eloquiorum
2528 1739 2824 1794 doctoralis
2875 1741 3184 1795 exhortatio
3240 1742 3332 1805 sit,
3383 1742 3502 1795 audi
3549 1743 3678 1799 David

446 1844 763 1899 conversari
795 1843 930 1905 vult,
958 1799 1283 1896 utDEcclesia
1304 1840 1394 1906 sit,
1426 1848 1481 1894 et
1506 1840 2033 1910 appelletur,quem-
2067 1799 2110 1859 Β
2139 1831 2412 1886 dicentem
2436 1845 2455 1884 :
2491 1831 2717 1903 Eloquia
2747 1832 2981 1896 Domini,
3009 1832 3218 1901 eloquia
3245 1843 3417 1897 casta,
3448 1845 3678 1904 argentum

426 1936 742 1991 admodum
785 1936 942 1989 multi
1004 1934 1245 1988 ﬁdelium
1325 1933 1521 1989 domos
1585 1949 1734 2015 suas,
1809 1941 2035 2003 propter

447 2029 936 2083 sanctiﬁcationem
1003 2025 1264 2081 ecclesias
1332 2026 1628 2089 habebant,
1677 2026 1819 2082 sicut
1865 2025 2033 2079 Paulo

446 2119 726 2173 scribente
752 2119 817 2173 ad
850 2117 1125 2171 Romanos
1155 2116 1481 2171 audivimus.
1520 2114 1766 2171 Salutate
1793 2113 2031 2170 Priscum

446 2219 496 2261 et
519 2208 794 2278 Aquilam,
842 2209 1116 2278 adjutores
1147 2224 1288 2262 meos
1322 2209 1376 2261 in
1404 2207 1609 2263 Christo
1636 2208 1782 2272 Iesu,
1820 2210 1909 2279 qui
1937 2225 2033 2279 pro

446 2318 563 2355 mea
610 2301 792 2354 anima
836 2300 1057 2353 cervices
1088 2316 1215 2354 suas
1257 2300 1511 2368 posuerit.
1561 2300 1764 2366 Quibus
1807 2316 1910 2353 non
1940 2317 2032 2371 ego

441 2391 587 2446 solus
622 2393 827 2462 gratias
862 2408 983 2461 ago,
1014 2399 1103 2445 sed
1134 2403 1182 2446 et
1218 2407 1394 2446 omnes
1432 2391 1682 2445 Ecclesia
1711 2393 1943 2462 gentium
1982 2403 2031 2447 et

442 2485 731 2538 domestica
775 2499 956 2537 eorum
996 2481 1233 2537 Ecclesia
1257 2483 1324 2538 ³⁵.
1355 2481 1682 2551 Quicunque
1719 2497 1850 2552 ergo
1890 2482 2032 2535 hanc

442 2576 611 2630 habet
668 2574 1056 2638 intentionem,
1106 2574 1223 2643 ipse
1284 2583 1464 2629 autem
1522 2589 1622 2643 per
1665 2588 1726 2627 se
1781 2589 1892 2628 non
1948 2582 2033 2627 est

441 2666 676 2719 idoneus
704 2663 772 2717 ad
805 2677 945 2731 opus
981 2662 1285 2732 perducere
1322 2677 1386 2716 ea
1419 2677 1543 2732 qua:
1578 2661 1833 2727 intendit,
1868 2661 2032 2730 hujus

440 2762 665 2808 domum
695 2754 952 2808 sacerdos
976 2762 1158 2808 utrum
1180 2754 1321 2807 bona
1348 2769 1417 2807 an
1435 2753 1574 2807 mala
1599 2753 1687 2817 sit,
1718 2754 2032 2807 considera-

443 2845 547 2908 bit,
584 2854 639 2899 et
678 2843 824 2898 sicut
853 2844 1172 2907 aestimabit,
1199 2843 1282 2899 sic
1311 2844 1438 2899 erit.
1469 2844 1651 2910 Quare
1674 2853 1858 2898 utrum
1889 2844 2030 2898 bona

439 2950 509 2989 an
537 2933 715 2988 mala?
754 2942 817 2988 ut
847 2934 974 3004 quia
1010 2934 1207 2989 domus
1227 2950 1294 2990 ex
1315 2934 1507 2989 multis
1529 2935 1801 3004 personis,
1836 2943 1892 2987 et
1920 2934 2027 2989 dif-

443 3028 748 3083 ferentibus
784 3036 1019 3093 constat,
1048 3028 1104 3082 in
1136 3027 1335 3097 quibus
1360 3028 1516 3082 multi
1542 3027 2028 3083 condescensioni—

2135 1924 2253 1993 igne
2276 1924 2661 1986 examinatum,
2692 1934 2851 1979 terra:
2878 1935 3167 1995 purgatum
3195 1927 3263 1980 ⁸⁷.
3301 1927 3370 1981 Ει
3391 1926 3677 1982 .leremiam:

2137 2012 2363 2067 Frustra
2408 2016 2652 2084 conﬂavit
2693 2016 2971 2085 conﬂatur,
3003 2017 3178 2069 scoria
3218 2017 3337 2086 ejus
3366 2035 3469 2071 non
3500 2030 3679 2073 estcon-

2133 2115 2399 2160 summata
2424 2106 2490 2158 ³⁸.
2538 2106 2614 2161 De
2656 2104 2859 2161 Judaeis
2904 2107 3055 2169 dicit,
3089 2108 3219 2177 quia
3260 2109 3402 2163 nihil
3441 2110 3519 2164 eis
3553 2112 3681 2166 verba

2134 2199 2539 2254 exbortantium
2563 2199 2875 2269 proderant.
2916 2198 3024 2253 Sed
3052 2207 3108 2253 et
3123 2200 3360 2253 Paulum
3378 2200 3499 2254 audi
3528 2201 3681 2256 dicen-

2136 2300 2244 2345 tem
2279 2307 2293 2345 :
2328 2290 2388 2344 Si
2413 2292 2530 2360 quis
2562 2292 2949 2361 superanti/iant
2999 2307 3158 2360 super
3192 2292 3586 2361 fundamentum
3609 2295 3681 2348 lto:

2133 2401 2349 2447 aurum,
2378 2394 2678 2454 argentum,
2716 2383 2922 2453 lapides
2946 2384 3205 2450 pretiosos
3231 2384 3301 2436 ³⁸.

2204 2474 2354 2539 Quod
2379 2477 2424 2527 si
2453 2491 2641 2546 agrum
2682 2476 3017 2542 possessionis
3056 2490 3167 2529 sua!
3201 2476 3423 2539 noverit,
3463 2486 3509 2529 et
3535 2493 3681 2532 conse-

2133 2568 2359 2621 crauerit
2384 2566 2629 2631 Domino,
2651 2567 2811 2636 juxta
2857 2583 3159 2621 mensuram
3181 2569 3454 2633 sementis,
3485 2571 3681 2623 (estima-

2131 2661 2272 2714 bitur
2341 2660 2588 2730 pretium.
2643 2658 2847 2731 Agrum
2905 2658 3247 2730 Scripturam
3304 2676 3427 2715 esse
3475 2661 3675 2717 divinam

2130 2764 2296 2804 nemo
2347 2749 2640 2804 dubitabit.
2677 2749 2848 2818 Cujus
2894 2749 3025 2802 vitis
3073 2750 3302 2819 proprie
3350 2749 3605 2813 Christus,
3640 2758 3681 2803 et

2132 2844 2377 2915 agricola
2405 2844 2568 2899 Pater
2601 2852 2685 2897 est
2705 2843 2772 2908 "°,
2805 2841 2856 2895 in
2886 2857 2998 2911 quo
3028 2842 3392 2895 absconditur
3417 2842 3678 2904 thesaurus,

2133 2936 2185 2991 id
2237 2944 2323 2989 est
2370 2933 2625 2989 salutaris
2684 2933 3021 3003 prmdicatio,
3054 2932 3234 3001 quem
3300 2933 3397 3002 qui
3457 2933 3681 2988 invenerit

2130 3036 2384 3097 operator
2427 3025 2562 3097 agri,
2605 3024 2811 3079 vendet
2849 3024 3033 3077 omnia
3064 3040 3187 3093 quae
3229 3025 3418 3091 habet,
3461 3025 3681 3095 quemad-

439 3122 543 3175 bus
604 3130 788 3193 egent,
844 3137 953 3175 non
1004 3122 1249 3176 valentes
1323 3135 1484 3193 agere
1533 3130 1625 3176 aut
1670 3138 1864 3192 sapetge
1908 3137 2030 3192 quae
2057 3140 2100 3197 ο
2133 3121 2357 3175 modum
2400 3118 2670 3173 Dominus
2709 3117 2762 3170 in
2809 3116 3243 3187 Evangeliis‘ait,
3273 3128 3337 3173 ut
3365 3128 3508 3173 emat
3532 3134 3681 3189 agrum

439 3212 679 3282 perfecta
705 3223 853 3277 sunt,
880 3212 1018 3267 nihil
1042 3213 1122 3268 eis
1144 3213 1394 3285 injungat
1429 3230 1613 3284 grave,
1643 3215 1739 3268 sed
1768 3214 2028 3269 uniuscu-

434 3307 637 3375 jusque
680 3320 919 3375 pensans
960 3305 1243 3369 virtutem,
1276 3321 1306 3359 a
1330 3306 1473 3360 malo
1500 3319 1599 3361 eos
1634 3305 1931 3371 declinare,
1974 3312 2032 3359 et

441 3400 508 3450 ad
547 3397 777 3450 virtutes
804 3410 900 3450 eos
930 3395 1197 3465 proﬁcere.
1221 3397 1431 3467 jubeat.

515 3486 610 3542 Sin
635 3497 815 3541 autem
844 3486 935 3540 ille
963 3487 1052 3557 qui
1087 3496 1320 3551 voverat,
1349 3486 1572 3540 voluerit
1602 3485 1860 3539 redimere
1888 3501 2026 3550 eam,

439 3575 592 3629 dabit
618 3576 857 3647 quintam
897 3587 1105 3643 partem
1125 3576 1495 3631 wstiutationis
1516 3591 1703 3645 supra,
1740 3584 1792 3629 et
1819 3575 2030 3630 habebit

443 3673 674 3725 domum.
715 3671 774 3725 Id
805 3679 911 3736 est,
959 3670 1004 3725 si
1048 3671 1244 3727 domus
1301 3671 1576 3737 dominus,
1613 3670 1708 3740 qui
1737 3686 1860 3725 eam
1900 3686 2031 3725 san-

440 3763 685 3818 ctiﬁcare
728 3764 866 3827 vult,
914 3778 1039 3818 cum
1085 3778 1196 3820 non
1240 3763 1438 3818 fuisset
1475 3773 1664 3819 sancta
1704 3763 1879 3835 prius,
1926 3778 2029 3819 nec

433 3855 728 3924 .potuisset
783 3854 1017 3909 ecclesia
1068 3855 1356 3926 appellari,
1406 3871 1534 3910 natu
1585 3864 1645 3910 et
1690 3855 2030 3911 sanctiﬁcata

436 3946 629 4015 utique
660 3954 828 4011 esset,
861 3945 1005 4014 quod
1028 3960 1177 4000 nunc
1199 3961 1259 4001 se
1287 3945 1358 4001 ita
1384 3961 1496 4001 non
1526 3945 1710 4007 habet.
1748 3946 1844 4000 sed
1865 3961 2029 4001 exor-

439 4041 591 4097 dium
637 4042 786 4111 capit
835 4041 1288 4097 sanctiﬁcationis
1333 4059 1348 4097 :
1397 4041 1443 4096 si
1465 4057 1597 4112 ergo
1663 4041 1752 4096 hic
1806 4041 2028 4097 redimit

436 4133 664 4188 domum
700 4149 878 4198 suam,
922 4133 1055 4189 illud
1085 4134 1332 4189 absolute
1384 4134 1678 4198 mundana,
1735 4134 1857 4204 ejus
1882 4135 2027 4204 quod

432 4222 871 4278 sanctiﬁcatione
906 4237 1066 4292 egere
1099 4223 1412 4278 sacerdotes
1440 4223 1877 4279 exhortationem
1925 4240 2028 4279 ne-

431 4313 738 4368 cessariam
766 4314 970 4368 habere
1002 4314 1253 4369 faciebat.
1296 4312 1538 4369 ltedimit
1566 4323 1748 4369 autem
1782 4330 1900 4370 eam
1931 4330 2029 4384 per

434 4403 747 4467 doctrinam
792 4403 1013 4469 bonam,
1048 4412 1105 4458 et
1135 4404 1263 4460 vitae
1290 4404 1605 4472 formulam,
1634 4406 1874 4461 liberans
1909 4422 2025 4473 eos,

2131 3210 2282 3265 illum
2308 3211 2378 3261 ".
2414 3208 2469 3263 ln
2509 3210 2614 3263 hoc
2633 3224 2763 3278 agro
2789 3208 3001 3263 diversa
3027 3217 3113 3262 est
3134 3210 3561 3282 uniuscujusque
3586 3226 3682 3281 pos-

2131 3300 2325 3364 sessio,
2349 3300 2402 3355 id
2429 3308 2512 3355 est
2540 3299 2755 3363 modus,
2779 3314 2942 3368 quem
2973 3299 3074 3353 sibi
3108 3315 3173 3353 ex
3210 3314 3275 3354 ea
3305 3302 3374 3355 ad
3404 3302 3681 3372 sapientium

2130 3394 2382 3448 obtinere
2408 3392 2667 3463 potuerit.
2694 3390 2750 3445 Si
2781 3394 2912 3461 ergo
2947 3394 3359 3447 consecraverit
3389 3394 3527 3448 hanc
3555 3395 3683 3448 homo

2134 3485 2382 3549 Domino,
2414 3500 2539 3541 cum
2564 3500 2673 3539 non
2699 3483 2853 3554 prius
2878 3490 3065 3537 sancta
3088 3482 3280 3550 fuerit,
3316 3502 3468 3541 nunc
3498 3485 3681 3557 incipiat

2131 3591 2458 3647 consecrare
2484 3577 2907 3648 gubernatorem
2934 3577 3381 3633 conversationis
3409 3592 3517 3633 suae
3545 3597 3556 3633 :
3584 3594 3681 3633 cum

2132 3668 2250 3737 ipse
2278 3685 2390 3724 non
2444 3671 2517 3724 sit
2546 3670 2776 3728 idoneus
2806 3674 3161 3745 semetipsum
3191 3677 3503 3747 gubernare
3533 3691 3682 3730 sacer-

2129 3759 2314 3815 dotem
2341 3761 2520 3833 eligat,
2557 3762 2881 3820 Consecrari
2923 3767 3071 3821 enim
3106 3767 3197 3822 hic
3220 3783 3288 3823 ea
3315 3784 3439 3838 qum
3464 3768 3681 3839 deputata

2130 3861 2259 3907 sunt
2284 3853 2576 3919 sacerdoti,
2608 3856 2880 3927 legislator
2903 3858 3213 3928 appellavit.

2149 3935 2159 3942 ’
2212 3943 2376 3997 Juxta
2431 3960 2735 4001 mansuram
2777 3950 3025 4004 sementis
3070 3950 3429 4005 wstimabitnr
3471 3951 3678 4022 pretium.

2135 4036 2208 4092 Ut
2241 4045 2506 4106 quantum
2543 4040 2846 4095 seminatus
2875 4048 2978 4107 est,
3018 4041 3279 4098 videlicet
3314 4043 3558 4098 edoctus.
3599 4042 3681 4095 Do-

2129 4126 2319 4182 ctrint'e
2360 4126 2507 4181 enim
2539 4129 2789 4194 verbum,
2819 4130 2873 4183 in
2903 4131 3113 4185 semine
3150 4132 3407 4202 accipere
3439 4130 3678 4199 Scriptura

2128 4217 2313 4273 divina
2365 4219 2522 4275 solet.
2571 4219 2810 4274 Tantum
2853 4221 2904 4276 ei
2954 4223 3214 4277 sacerdos
3267 4223 3495 4285 indicet,
3538 4236 3679 4291 quau-

2132 4319 2246 4363 tum
2290 4310 2458 4366 luerit
2491 4313 2742 4369 eruditus
2778 4315 2847 4369 de
2867 4315 3113 4370 doctrina
3159 4314 3310 4368 bona
3352 4314 3601 4386 legitima,
3637 4318 3677 4363 et

2130 4401 2380 4471 spiritali,
2413 4413 2468 4457 et
2497 4419 2609 4458 non
2642 4421 2804 4475 quam
2833 4407 3085 4463 homines
3123 4407 3467 4471 seductores,
3499 4403 3676 4476 pagani.

434 4503 499 4549 et
528 4495 745 4549 diluens
780 4495 1042 4565 quidquid
1076 4496 1157 4550 eis
1199 4497 1453 4554 ubviabat
1486 4498 1553 4554 ad
1580 4498 2022 4554 sanctimoniam.
2059 4482 2104 4539 ο
2132 4495 2283 4550 verbi
2315 4495 2508 4566 gratia,
2530 4497 2615 4551 vel
2646 4496 2840 4564 Judmi,
2864 4500 2948 4554 vel
2972 4499 3215 4554 haeretici
3239 4498 3463 4554 docent.
3490 4498 3679 4566 Propter

441 4587 603 4655 Quid
628 4587 831 4643 faciet?
865 4588 1050 4650 Dabit,
1101 4589 1217 4644 sive
1255 4589 1557 4645 secundum
1602 4589 1769 4655 LXX,
1808 4592 2027 4660 adjiciet

428 4681 684 4741 .quiutam
710 4691 919 4749 partem
947 4681 1316 4734 wstimatiouis
1341 4666 1525 4750 supra.
1545 4681 1855 4737 Sacerdotis
1877 4685 2024 4738 enim

436 4770 725 4833 doctrinm,
772 4772 859 4825 cui
912 4772 1135 4825 domum
1183 4772 1252 4827 ab
1279 4772 1435 4827 initio
1489 4788 1644 4827 suam
1692 4774 1910 4838 obtulit,
1965 4784 2026 4828 ut

439 4877 561 4916 eam
596 4862 913 4926 aestimaret,
958 4862 1010 4917 id
1037 4871 1119 4918 est
1152 4863 1531 4920 deﬁnitionem
1579 4866 1908 4935 imponeret,
1953 4866 2024 4920 ad

438 4969 603 5022 quam
642 4951 868 5007 deberet
905 4960 1072 5014 stare.
1108 4955 1222 5008 sive
1252 4953 1589 5019 conversari,
1639 4954 1755 5025 ipse
1803 4955 2026 5025 adjiciet

443 5046 548 5099 hoc
592 5044 737 5114 quod
782 5053 868 5098 est
898 5043 1229 5099 intellectus.
1267 5042 1383 5098 l-loc
1417 5053 1502 5098 est
1544 5059 1674 5115 ergo
1717 5045 1929 5113 quinta,
1969 5044 2022 5099 id

440 5145 543 5199 cst,
581 5144 642 5189 ut
703 5149 825 5204 qua:
870 5134 1131 5189 dicuntur
1182 5133 1463 5203 suscipiat,
1508 5140 1564 5187 et
1625 5133 2026 5202 superaediﬁcet

438 5227 736 5284 sacerdotis
769 5226 1145 5289 sermonibus;
1168 5225 1503 5295 frequentior
1524 5224 1669 5279 enim
1692 5241 2025 5279 commemo-

434 5322 600 5381 ratio,
630 5328 881 5375 sensatos
916 5317 1358 5386 etintelligentes
1388 5314 1639 5370 homines
1667 5314 1816 5369 facit.
1854 5315 1921 5368 Et
1946 5316 2025 5370 sic

441 5411 666 5466 habebit
690 5412 933 5476 domum,
969 5425 1078 5464 non
1112 5409 1350 5479 perdcns
1373 5406 1699 5463 sanctiﬁcari
1731 5406 1864 5468 Deo,
1898 5424 2020 5463 nam

440 5501 498 5556 in
541 5503 741 5558 damno
766 5503 815 5558 ci
848 5501 1219 5569 convertitur;
1252 5501 1348 5556 sed
1390 5498 1614 5555 habebit
1641 5514 1783 5566 eam,
1813 5501 1941 5569 quia
1970 5501 2023 5555 ei

551 5710 596 5741 ³⁸
634 5708 796 5762 Rom.
828 5722 943 5769 xvi,
978 5706 1031 5771 ’5,
1072 5707 1126 5762 4.
1206 5705 1253 5737 ⁸⁸
1284 5705 1303 5760 l
1342 5703 1485 5759 Tim.
1518 5720 1600 5768 ιιι,
1627 5704 1679 5760 5.

443 5793 535 5841 rt,
572 5781 622 5831 i.
698 5778 741 5807 δι
771 5775 960 5829 Matth.
994 5790 1112 5840 xm,
1140 5775 1232 5827 44.

1765 5705 1808 5739 π
1838 5703 1981 5760 Psal.
2005 5721 2084 5773 ιιι,
2120 5707 2172 5761 7.

2129 4589 2272 4657 quod
2317 4597 2601 4658 postquam
2644 4590 2776 4644 dixit
2822 4609 2835 4643 :
2876 4591 3041 4645 Juxta
3085 4608 3397 4646 mensuram
3448 4589 3676 4649 sementis,

2127 4679 2337 4735 addidit
2372 4704 2383 4735 :

2198 4769 2256 4825 Si
2276 4772 2493 4841 triginta
2514 4774 2700 4827 modiis
2720 4775 2901 4827 hordei
2927 4775 3121 4827 seritur
3142 4784 3308 4839 terra,
3332 4771 3676 4844 quinquaginta

2128 4862 2271 4916 siclis
2323 4865 2560 4917 veniatur
2608 4866 2837 4933 argenti.
2876 4863 3005 4918 Sive
3034 4875 3094 4920 ut
3136 4864 3301 4929 LXX,
3330 4861 3675 4934 quinquaginta

2128 4954 2453 5009 didraclimis
2499 4956 2704 5025 argenti
2756 4973 2768 5007 :
2818 4956 2873 5009 in
2922 4956 3125 5026 quibus
3186 4954 3358 5011 Vetus
3404 4964 3457 5008 ct
3500 4952 3675 5006 Novum

2131 5044 2545 5102 Testamentum
2578 5049 2843 5120 intelligo.
2873 5049 2936 5104 Et
2975 5066 3075 5120 per
3103 5051 3348 5105 modium
3377 5050 3489 5104 sive
3517 5058 3674 5101 corum

2130 5139 2346 5203 hordei,
2394 5137 2566 5194 Vetus
2606 5140 3020 5196 Testamentum
3061 5143 3341 5197 ostendit:
3379 5141 3501 5211 quia
3545 5137 3676 5203 huius

2131 5230 2356 5285 seminis
2378 5231 2630 5302 pinguior
2656 5234 2812 5288 cibus
2832 5245 2953 5289 est:
2989 5250 3088 5303 per
3116 5235 3502 5304 quinquaginta
3527 5240 3674 5283 autem

2129 5322 2495 5387 didrachmas,
2516 5334 2623 5378 tam
2653 5325 2799 5394 quod
2827 5326 3070 5394 spiritale
3092 5334 3199 5391 est,
3230 5342 3390 5397 quam
3413 5323 3673 5396 perfectum

2128 5413 2289 5468 simul
2314 5415 2493 5470 innuit
2518 5433 2530 5468 :
2560 5410 2800 5486 perfecta
2819 5418 2963 5471 enim
2989 5418 3239 5473 doctrina
3263 5420 3426 5472 etiam
3449 5410 3671 5485 spiritalis

2127 5512 2234 5561 est.
2264 5506 2369 5563 Sed
2407 5509 2626 5577 quando
2655 5509 2772 5565 haec
2799 5510 2983 5580 regula
3013 5511 3129 5565 sive
3159 5511 3407 5565 deﬁnitio
3432 5499 3669 5576 iub-greci

2260 5707 2304 5741 ³⁸
2334 5708 2538 5765 Jcrem.
2572 5726 2646 5777 vi,
2678 5711 2771 5767 25.
2857 5712 2902 5745 ³³
2934 5713 2949 5767 l
2978 5710 3107 5767 Cor.
3144 5727 3228 5777 ιιι,
3263 5713 3348 5765 12.
3453 5710 3496 5741 ⁸³
3523 5709 3655 5764 Jmn.
