  <div class='ocr_page' id='page_1' title='image "/cluster/home/n/w/nwhite01/storage/ocr_20150623/93/coo.31924054869973/596.png"; bbox 0 0 3892 6424; ppageno 0'>
   <div class='ocr_carea' id='block_1_1' title="bbox 228 467 347 534">
    <p class='ocr_par' dir='ltr' id='par_1_1' title="bbox 228 467 347 534">
     <span class='ocr_line' id='line_1_1' title="bbox 228 467 347 534; baseline -0.025 0"><span class='ocrx_word' id='word_1_1' title='bbox 228 467 347 534; x_wconf 78' lang='lat'><strong>1169</strong></span> 
     </span>
    </p>
   </div>
   <div class='ocr_carea' id='block_1_2' title="bbox 1315 463 2330 529">
    <p class='ocr_par' dir='ltr' id='par_1_2' title="bbox 1315 463 2330 529">
     <span class='ocr_line' id='line_1_2' title="bbox 1315 463 2330 529; baseline -0.004 -3"><span class='ocrx_word' id='word_1_2' title='bbox 1315 466 1399 529; x_wconf 87' lang='lat' dir='ltr'><strong>IN</strong></span> <span class='ocrx_word' id='word_1_3' title='bbox 1438 464 1883 527; x_wconf 84' lang='lat' dir='ltr'><strong>LEVITICUM.</strong></span> <span class='ocrx_word' id='word_1_4' title='bbox 1910 489 1980 500; x_wconf 86' lang='grc'><strong>--</strong></span> <span class='ocrx_word' id='word_1_5' title='bbox 2016 464 2165 524; x_wconf 89' lang='lat' dir='ltr'><strong>LIB.</strong></span> <span class='ocrx_word' id='word_1_6' title='bbox 2196 463 2330 524; x_wconf 87' lang='lat' dir='ltr'><strong>VII.</strong></span> 
     </span>
    </p>
   </div>
   <div class='ocr_carea' id='block_1_3' title="bbox 3329 454 3462 521">
    <p class='ocr_par' dir='ltr' id='par_1_3' title="bbox 3329 454 3462 521">
     <span class='ocr_line' id='line_1_3' title="bbox 3329 454 3462 521; baseline 0.03 -3"><span class='ocrx_word' id='word_1_7' title='bbox 3329 454 3462 521; x_wconf 58' lang='lat' dir='ltr'><strong>lli-‘3</strong></span> 
     </span>
    </p>
   </div>
   <div class='ocr_carea' id='block_1_4' title="bbox 224 574 3466 651">
    <p class='ocr_par' dir='ltr' id='par_1_4' title="bbox 224 574 3466 651">
     <span class='ocr_line' id='line_1_4' title="bbox 224 574 3466 651; baseline -0.002 -15"><span class='ocrx_word' id='word_1_8' title='bbox 224 579 502 639; x_wconf 77' lang='lat' dir='ltr'><strong>indicendo,</strong></span> <span class='ocrx_word' id='word_1_9' title='bbox 533 576 750 646; x_wconf 82' lang='lat' dir='ltr'><strong>quando</strong></span> <span class='ocrx_word' id='word_1_10' title='bbox 788 579 1084 635; x_wconf 86' lang='lat' dir='ltr'><strong>minuenda</strong></span> <span class='ocrx_word' id='word_1_11' title='bbox 1121 581 1194 635; x_wconf 77' lang='lat' dir='ltr'><strong>si;</strong></span> <span class='ocrx_word' id='word_1_12' title='bbox 1222 596 1322 651; x_wconf 88' lang='lat' dir='ltr'><strong>per</strong></span> <span class='ocrx_word' id='word_1_13' title='bbox 1347 582 1775 638; x_wconf 89' lang='lat' dir='ltr'><strong>condescensio-</strong></span> <span class='ocrx_word' id='word_1_14' title='bbox 1806 590 1848 645; x_wconf 78' lang='grc' dir='ltr'>Α</span> <span class='ocrx_word' id='word_1_15' title='bbox 1883 589 2103 638; x_wconf 93' lang='lat' dir='ltr'><strong>voverat</strong></span> <span class='ocrx_word' id='word_1_16' title='bbox 2133 580 2404 636; x_wconf 84' lang='lat' dir='ltr'><strong>redimere</strong></span> <span class='ocrx_word' id='word_1_17' title='bbox 2434 594 2545 634; x_wconf 87' lang='lat' dir='ltr'><strong>non</strong></span> <span class='ocrx_word' id='word_1_18' title='bbox 2577 576 2797 648; x_wconf 87' lang='lat' dir='ltr'><strong>poterit,</strong></span> <span class='ocrx_word' id='word_1_19' title='bbox 2819 576 2948 646; x_wconf 83' lang='lat' dir='ltr'><strong>quia</strong></span> <span class='ocrx_word' id='word_1_20' title='bbox 2975 591 3099 630; x_wconf 86' lang='lat' dir='ltr'><strong>cum</strong></span> <span class='ocrx_word' id='word_1_21' title='bbox 3125 574 3341 630; x_wconf 60' lang='lat' dir='ltr'><strong>inbitei</strong></span> <span class='ocrx_word' id='word_1_22' title='bbox 3369 594 3466 629; x_wconf 82' lang='lat' dir='ltr'><strong>ve-</strong></span> 
     </span>
    </p>
   </div>
   <div class='ocr_carea' id='block_1_5' title="bbox 220 669 945 740">
    <p class='ocr_par' dir='ltr' id='par_1_5' title="bbox 220 669 945 740">
     <span class='ocr_line' id='line_1_5' title="bbox 220 669 945 740; baseline -0.003 -13"><span class='ocrx_word' id='word_1_23' title='bbox 220 687 330 727; x_wconf 86' lang='lat' dir='ltr'><strong>nem</strong></span> <span class='ocrx_word' id='word_1_24' title='bbox 354 685 443 740; x_wconf 90' lang='lat' dir='ltr'><strong>per</strong></span> <span class='ocrx_word' id='word_1_25' title='bbox 466 669 743 737; x_wconf 72' lang='lat' dir='ltr'><strong>sequentia</strong></span> <span class='ocrx_word' id='word_1_26' title='bbox 776 669 945 725; x_wconf 84' lang='lat' dir='ltr'><strong>disce.</strong></span> 
     </span>
    </p>
   </div>
   <div class='ocr_carea' id='block_1_6' title="bbox 280 761 1777 833">
    <p class='ocr_par' dir='ltr' id='par_1_6' title="bbox 280 761 1777 833">
     <span class='ocr_line' id='line_1_6' title="bbox 280 761 1777 833; baseline -0.001 -15"><span class='ocrx_word' id='word_1_27' title='bbox 280 763 336 818; x_wconf 80' lang='lat' dir='ltr'><strong>Si</strong></span> <span class='ocrx_word' id='word_1_28' title='bbox 360 770 527 815; x_wconf 85' lang='lat' dir='ltr'><strong>autem</strong></span> <span class='ocrx_word' id='word_1_29' title='bbox 556 761 737 814; x_wconf 82' lang='lat' dir='ltr'><strong>statim</strong></span> <span class='ocrx_word' id='word_1_30' title='bbox 766 761 832 814; x_wconf 90' lang='lat' dir='ltr'><strong>ab</strong></span> <span class='ocrx_word' id='word_1_31' title='bbox 857 776 998 817; x_wconf 83' lang='lat' dir='ltr'><strong>anno</strong></span> <span class='ocrx_word' id='word_1_32' title='bbox 1022 764 1319 833; x_wconf 79' lang='lat' dir='ltr'><strong>incipientis</strong></span> <span class='ocrx_word' id='word_1_33' title='bbox 1339 764 1552 820; x_wconf 74' lang='grc' dir='ltr'><strong>,Ιαὺὶιωὶ</strong></span> <span class='ocrx_word' id='word_1_34' title='bbox 1578 765 1777 819; x_wconf 66' lang='lat' dir='ltr'><strong>noverit.</strong></span> 
     </span>
    </p>
   </div>
   <div class='ocr_carea' id='block_1_7' title="bbox 214 852 1771 926">
    <p class='ocr_par' dir='ltr' id='par_1_7' title="bbox 214 852 1771 926">
     <span class='ocr_line' id='line_1_7' title="bbox 214 852 1771 926; baseline 0.001 -18"><span class='ocrx_word' id='word_1_35' title='bbox 214 869 404 926; x_wconf 77' lang='lat' dir='ltr'><strong>agrum,</strong></span> <span class='ocrx_word' id='word_1_36' title='bbox 430 863 622 922; x_wconf 87' lang='lat' dir='ltr'><strong>quanto</strong></span> <span class='ocrx_word' id='word_1_37' title='bbox 651 852 827 907; x_wconf 78' lang='lat' dir='ltr'><strong>valere</strong></span> <span class='ocrx_word' id='word_1_38' title='bbox 854 856 1067 923; x_wconf 86' lang='lat' dir='ltr'><strong>poterit,</strong></span> <span class='ocrx_word' id='word_1_39' title='bbox 1098 864 1248 909; x_wconf 88' lang='lat' dir='ltr'><strong>tanto</strong></span> <span class='ocrx_word' id='word_1_40' title='bbox 1273 857 1641 912; x_wconf 76' lang='lat' dir='ltr'><strong>testimabitur.</strong></span> <span class='ocrx_word' id='word_1_41' title='bbox 1672 857 1771 912; x_wconf 88' lang='lat' dir='ltr'><strong>Sin</strong></span> 
     </span>
    </p>
   </div>
   <div class='ocr_carea' id='block_1_8' title="bbox 215 944 1772 1018">
    <p class='ocr_par' dir='ltr' id='par_1_8' title="bbox 215 944 1772 1018">
     <span class='ocr_line' id='line_1_8' title="bbox 215 944 1772 1018; baseline 0.003 -19"><span class='ocrx_word' id='word_1_42' title='bbox 215 957 376 999; x_wconf 86' lang='lat' dir='ltr'><strong>autem</strong></span> <span class='ocrx_word' id='word_1_43' title='bbox 400 954 510 1014; x_wconf 82' lang='lat' dir='ltr'><strong>post</strong></span> <span class='ocrx_word' id='word_1_44' title='bbox 536 944 871 1015; x_wconf 72' lang='lat' dir='ltr'><strong>aliquantum</strong></span> <span class='ocrx_word' id='word_1_45' title='bbox 900 949 1166 1017; x_wconf 84' lang='lat' dir='ltr'><strong>temporis.</strong></span> <span class='ocrx_word' id='word_1_46' title='bbox 1192 950 1498 1018; x_wconf 78' lang='lat' dir='ltr'><strong>supputabit</strong></span> <span class='ocrx_word' id='word_1_47' title='bbox 1528 952 1772 1004; x_wconf 77' lang='lat' dir='ltr'><strong>sacerdos</strong></span> 
     </span>
    </p>
   </div>
   <div class='ocr_carea' id='block_1_9' title="bbox 212 1036 1769 1111">
    <p class='ocr_par' dir='ltr' id='par_1_9' title="bbox 212 1036 1769 1111">
     <span class='ocr_line' id='line_1_9' title="bbox 212 1036 1769 1111; baseline 0.003 -20"><span class='ocrx_word' id='word_1_48' title='bbox 212 1038 467 1106; x_wconf 79' lang='lat' dir='ltr'><strong>pecuniam</strong></span> <span class='ocrx_word' id='word_1_49' title='bbox 482 1036 640 1106; x_wconf 75' lang='lat' dir='ltr'><strong>juxta</strong></span> <span class='ocrx_word' id='word_1_50' title='bbox 677 1053 936 1092; x_wconf 80' lang='lat' dir='ltr'><strong>armorum</strong></span> <span class='ocrx_word' id='word_1_51' title='bbox 967 1042 1058 1110; x_wconf 87' lang='lat' dir='ltr'><strong>qui</strong></span> <span class='ocrx_word' id='word_1_52' title='bbox 1090 1041 1293 1111; x_wconf 87' lang='lat' dir='ltr'><strong>reliqua</strong></span> <span class='ocrx_word' id='word_1_53' title='bbox 1325 1052 1447 1096; x_wconf 80' lang='lat' dir='ltr'><strong>sunt</strong></span> <span class='ocrx_word' id='word_1_54' title='bbox 1496 1059 1769 1097; x_wconf 83' lang='lat' dir='ltr'><strong>numerum</strong></span> 
     </span>
    </p>
   </div>
   <div class='ocr_carea' id='block_1_10' title="bbox 213 1129 1770 1203">
    <p class='ocr_par' dir='ltr' id='par_1_10' title="bbox 213 1129 1770 1203">
     <span class='ocr_line' id='line_1_10' title="bbox 213 1129 1770 1203; baseline 0.002 -19"><span class='ocrx_word' id='word_1_55' title='bbox 213 1146 359 1199; x_wconf 77' lang='lat' dir='ltr'><strong>usque</strong></span> <span class='ocrx_word' id='word_1_56' title='bbox 383 1130 451 1182; x_wconf 84' lang='lat' dir='ltr'><strong>ad</strong></span> <span class='ocrx_word' id='word_1_57' title='bbox 470 1129 768 1195; x_wconf 71' lang='lat' dir='ltr'><strong>Jubilwum,</strong></span> <span class='ocrx_word' id='word_1_58' title='bbox 800 1143 849 1185; x_wconf 85' lang='lat' dir='ltr'><strong>et</strong></span> <span class='ocrx_word' id='word_1_59' title='bbox 882 1133 1187 1187; x_wconf 82' lang='lat' dir='ltr'><strong>detrahetur</strong></span> <span class='ocrx_word' id='word_1_60' title='bbox 1206 1150 1270 1188; x_wconf 75' lang='lat' dir='ltr'><strong>ea;</strong></span> <span class='ocrx_word' id='word_1_61' title='bbox 1304 1137 1491 1203; x_wconf 83' lang='lat' dir='ltr'><strong>pretio.</strong></span> <span class='ocrx_word' id='word_1_62' title='bbox 1532 1135 1770 1189; x_wconf 88' lang='lat' dir='ltr'><strong>Duorum</strong></span> 
     </span>
    </p>
   </div>
   <div class='ocr_carea' id='block_1_11' title="bbox 212 1222 1771 1290">
    <p class='ocr_par' dir='ltr' id='par_1_11' title="bbox 212 1222 1771 1290">
     <span class='ocr_line' id='line_1_11' title="bbox 212 1222 1771 1290; baseline 0.004 -15"><span class='ocrx_word' id='word_1_63' title='bbox 212 1223 290 1276; x_wconf 82' lang='lat' dir='ltr'><strong>hic</strong></span> <span class='ocrx_word' id='word_1_64' title='bbox 304 1236 560 1275; x_wconf 88' lang='lat' dir='ltr'><strong>annorum</strong></span> <span class='ocrx_word' id='word_1_65' title='bbox 579 1222 916 1278; x_wconf 86' lang='lat' dir='ltr'><strong>remissionis</strong></span> <span class='ocrx_word' id='word_1_66' title='bbox 941 1224 1024 1279; x_wconf 93' lang='lat' dir='ltr'><strong>vel</strong></span> <span class='ocrx_word' id='word_1_67' title='bbox 1038 1225 1063 1278; x_wconf 87' lang='lat' dir='ltr'><strong>J</strong></span> <span class='ocrx_word' id='word_1_68' title='bbox 1076 1225 1251 1280; x_wconf 68' lang='lat' dir='ltr'><strong>ubilaei</strong></span> <span class='ocrx_word' id='word_1_69' title='bbox 1276 1228 1596 1282; x_wconf 83' lang='lat' dir='ltr'><strong>memoriam</strong></span> <span class='ocrx_word' id='word_1_70' title='bbox 1619 1228 1771 1290; x_wconf 78' lang='lat' dir='ltr'><strong>facit,</strong></span> 
     </span>
    </p>
   </div>
   <div class='ocr_carea' id='block_1_12' title="bbox 210 1313 1773 1386">
    <p class='ocr_par' dir='ltr' id='par_1_12' title="bbox 210 1313 1773 1386">
     <span class='ocr_line' id='line_1_12' title="bbox 210 1313 1773 1386; baseline 0.005 -21"><span class='ocrx_word' id='word_1_71' title='bbox 210 1313 456 1381; x_wconf 81' lang='lat' dir='ltr'><strong>baptisma</strong></span> <span class='ocrx_word' id='word_1_72' title='bbox 500 1324 690 1381; x_wconf 89' lang='lat' dir='ltr'><strong>aperte</strong></span> <span class='ocrx_word' id='word_1_73' title='bbox 737 1313 1025 1369; x_wconf 86' lang='lat' dir='ltr'><strong>insinuans</strong></span> <span class='ocrx_word' id='word_1_74' title='bbox 1052 1326 1108 1370; x_wconf 91' lang='lat' dir='ltr'><strong>et</strong></span> <span class='ocrx_word' id='word_1_75' title='bbox 1150 1317 1528 1386; x_wconf 60' lang='lat' dir='ltr'><strong>paenitentiam</strong></span> <span class='ocrx_word' id='word_1_76' title='bbox 1567 1339 1579 1372; x_wconf 91' lang='lat'><strong>:</strong></span> <span class='ocrx_word' id='word_1_77' title='bbox 1620 1329 1773 1373; x_wconf 81' lang='lat' dir='ltr'><strong>uter-</strong></span> 
     </span>
    </p>
   </div>
   <div class='ocr_carea' id='block_1_13' title="bbox 204 1405 1773 1479">
    <p class='ocr_par' dir='ltr' id='par_1_13' title="bbox 204 1405 1773 1479">
     <span class='ocr_line' id='line_1_13' title="bbox 204 1405 1773 1479; baseline 0.006 -24"><span class='ocrx_word' id='word_1_78' title='bbox 204 1421 301 1472; x_wconf 81' lang='lat' dir='ltr'><strong>que</strong></span> <span class='ocrx_word' id='word_1_79' title='bbox 341 1405 486 1459; x_wconf 89' lang='lat' dir='ltr'><strong>enim</strong></span> <span class='ocrx_word' id='word_1_80' title='bbox 536 1420 716 1460; x_wconf 89' lang='lat' dir='ltr'><strong>annus</strong></span> <span class='ocrx_word' id='word_1_81' title='bbox 758 1407 1105 1463; x_wconf 84' lang='lat' dir='ltr'><strong>remissionis</strong></span> <span class='ocrx_word' id='word_1_82' title='bbox 1148 1416 1254 1473; x_wconf 87' lang='lat' dir='ltr'><strong>est,</strong></span> <span class='ocrx_word' id='word_1_83' title='bbox 1300 1409 1428 1477; x_wconf 85' lang='lat' dir='ltr'><strong>quia</strong></span> <span class='ocrx_word' id='word_1_84' title='bbox 1475 1410 1773 1479; x_wconf 87' lang='lat' dir='ltr'><strong>perfectam</strong></span> 
     </span>
    </p>
   </div>
   <div class='ocr_carea' id='block_1_14' title="bbox 206 1496 1773 1571">
    <p class='ocr_par' dir='ltr' id='par_1_14' title="bbox 206 1496 1773 1571">
     <span class='ocr_line' id='line_1_14' title="bbox 206 1496 1773 1571; baseline 0.005 -23"><span class='ocrx_word' id='word_1_85' title='bbox 206 1496 590 1562; x_wconf 82' lang='lat' dir='ltr'><strong>remissionem,</strong></span> <span class='ocrx_word' id='word_1_86' title='bbox 665 1513 809 1552; x_wconf 89' lang='lat' dir='ltr'><strong>unus</strong></span> <span class='ocrx_word' id='word_1_87' title='bbox 837 1498 1059 1567; x_wconf 81' lang='lat' dir='ltr'><strong>quidem</strong></span> <span class='ocrx_word' id='word_1_88' title='bbox 1112 1515 1208 1569; x_wconf 91' lang='lat' dir='ltr'><strong>per</strong></span> <span class='ocrx_word' id='word_1_89' title='bbox 1275 1500 1499 1555; x_wconf 90' lang='lat' dir='ltr'><strong>domum</strong></span> <span class='ocrx_word' id='word_1_90' title='bbox 1565 1503 1773 1571; x_wconf 64' lang='lat' dir='ltr'><strong>gratiae,</strong></span> 
     </span>
    </p>
   </div>
   <div class='ocr_carea' id='block_1_15' title="bbox 202 1587 1771 1662">
    <p class='ocr_par' dir='ltr' id='par_1_15' title="bbox 202 1587 1771 1662">
     <span class='ocr_line' id='line_1_15' title="bbox 202 1587 1771 1662; baseline 0.007 -24"><span class='ocrx_word' id='word_1_91' title='bbox 202 1587 329 1639; x_wconf 86' lang='lat' dir='ltr'><strong>alter</strong></span> <span class='ocrx_word' id='word_1_92' title='bbox 354 1595 576 1656; x_wconf 86' lang='lat' dir='ltr'><strong>propter</strong></span> <span class='ocrx_word' id='word_1_93' title='bbox 597 1603 693 1642; x_wconf 88' lang='lat' dir='ltr'><strong>eos</strong></span> <span class='ocrx_word' id='word_1_94' title='bbox 720 1590 811 1658; x_wconf 88' lang='lat' dir='ltr'><strong>qui</strong></span> <span class='ocrx_word' id='word_1_95' title='bbox 842 1600 1039 1643; x_wconf 84' lang='lat' dir='ltr'><strong>vacant</strong></span> <span class='ocrx_word' id='word_1_96' title='bbox 1081 1590 1133 1643; x_wconf 92' lang='lat' dir='ltr'><strong>in</strong></span> <span class='ocrx_word' id='word_1_97' title='bbox 1169 1591 1413 1645; x_wconf 88' lang='lat' dir='ltr'><strong>oratione</strong></span> <span class='ocrx_word' id='word_1_98' title='bbox 1448 1601 1504 1646; x_wconf 89' lang='lat' dir='ltr'><strong>et</strong></span> <span class='ocrx_word' id='word_1_99' title='bbox 1529 1593 1771 1662; x_wconf 83' lang='lat' dir='ltr'><strong>jejuniis,</strong></span> 
     </span>
    </p>
   </div>
   <div class='ocr_carea' id='block_1_16' title="bbox 201 1677 1777 1754">
    <p class='ocr_par' dir='ltr' id='par_1_16' title="bbox 201 1677 1777 1754">
     <span class='ocr_line' id='line_1_16' title="bbox 201 1677 1777 1754; baseline 0.006 -26"><span class='ocrx_word' id='word_1_100' title='bbox 201 1677 417 1744; x_wconf 82' lang='lat' dir='ltr'><strong>aiiisque</strong></span> <span class='ocrx_word' id='word_1_101' title='bbox 437 1678 701 1747; x_wconf 81' lang='lat' dir='ltr'><strong>cperibns</strong></span> <span class='ocrx_word' id='word_1_102' title='bbox 728 1695 850 1748; x_wconf 86' lang='lat' dir='ltr'><strong>quae</strong></span> <span class='ocrx_word' id='word_1_103' title='bbox 891 1680 1183 1749; x_wconf 89' lang='lat' dir='ltr'><strong>perﬁciunt</strong></span> <span class='ocrx_word' id='word_1_104' title='bbox 1216 1682 1618 1750; x_wconf 68' lang='lat' dir='ltr'><strong>paenitentiam,</strong></span> <span class='ocrx_word' id='word_1_105' title='bbox 1645 1699 1777 1754; x_wconf 86' lang='lat' dir='ltr'><strong>pos-</strong></span> 
     </span>
    </p>
   </div>
   <div class='ocr_carea' id='block_1_17' title="bbox 200 1764 1774 1844">
    <p class='ocr_par' dir='ltr' id='par_1_17' title="bbox 200 1764 1774 1844">
     <span class='ocr_line' id='line_1_17' title="bbox 200 1764 1774 1844; baseline 0.004 -26"><span class='ocrx_word' id='word_1_106' title='bbox 200 1767 347 1818; x_wconf 71' lang='lat' dir='ltr'><strong>sitiet.</strong></span> <span class='ocrx_word' id='word_1_107' title='bbox 382 1764 436 1819; x_wconf 88' lang='lat' dir='ltr'><strong>Si</strong></span> <span class='ocrx_word' id='word_1_108' title='bbox 463 1780 598 1836; x_wconf 91' lang='lat' dir='ltr'><strong>ergo</strong></span> <span class='ocrx_word' id='word_1_109' title='bbox 630 1766 795 1822; x_wconf 84' lang='lat' dir='ltr'><strong>simul</strong></span> <span class='ocrx_word' id='word_1_110' title='bbox 828 1769 952 1837; x_wconf 87' lang='lat' dir='ltr'><strong>quis</strong></span> <span class='ocrx_word' id='word_1_111' title='bbox 978 1769 1165 1840; x_wconf 75' lang='lat' dir='ltr'><strong>gratia:</strong></span> <span class='ocrx_word' id='word_1_112' title='bbox 1201 1770 1370 1835; x_wconf 83' lang='lat' dir='ltr'><strong>viam,</strong></span> <span class='ocrx_word' id='word_1_113' title='bbox 1396 1787 1560 1839; x_wconf 87' lang='lat' dir='ltr'><strong>quam</strong></span> <span class='ocrx_word' id='word_1_114' title='bbox 1588 1773 1774 1844; x_wconf 84' lang='lat' dir='ltr'><strong>elegit,</strong></span> 
     </span>
    </p>
   </div>
   <div class='ocr_carea' id='block_1_18' title="bbox 199 1857 1773 1931">
    <p class='ocr_par' dir='ltr' id='par_1_18' title="bbox 199 1857 1773 1931">
     <span class='ocr_line' id='line_1_18' title="bbox 199 1857 1773 1931; baseline 0.006 -22"><span class='ocrx_word' id='word_1_115' title='bbox 199 1857 475 1925; x_wconf 78' lang='lat' dir='ltr'><strong>gubernari</strong></span> <span class='ocrx_word' id='word_1_116' title='bbox 502 1872 603 1926; x_wconf 89' lang='lat' dir='ltr'><strong>per</strong></span> <span class='ocrx_word' id='word_1_117' title='bbox 632 1860 974 1915; x_wconf 86' lang='lat' dir='ltr'><strong>sacerdotem</strong></span> <span class='ocrx_word' id='word_1_118' title='bbox 1025 1870 1084 1915; x_wconf 88' lang='lat' dir='ltr'><strong>et</strong></span> <span class='ocrx_word' id='word_1_119' title='bbox 1101 1862 1329 1931; x_wconf 84' lang='lat' dir='ltr'><strong>produci</strong></span> <span class='ocrx_word' id='word_1_120' title='bbox 1357 1864 1492 1929; x_wconf 83' lang='lat' dir='ltr'><strong>vult,</strong></span> <span class='ocrx_word' id='word_1_121' title='bbox 1518 1864 1619 1919; x_wconf 85' lang='lat' dir='ltr'><strong>hoc</strong></span> <span class='ocrx_word' id='word_1_122' title='bbox 1647 1880 1773 1919; x_wconf 85' lang='lat' dir='ltr'><strong>eum</strong></span> 
     </span>
    </p>
   </div>
   <div class='ocr_carea' id='block_1_19' title="bbox 1880 666 3464 737">
    <p class='ocr_par' dir='ltr' id='par_1_19' title="bbox 1880 666 3464 737">
     <span class='ocr_line' id='line_1_19' title="bbox 1880 666 3464 737; baseline -0.003 -11"><span class='ocrx_word' id='word_1_123' title='bbox 1880 673 2028 727; x_wconf 89' lang='lat' dir='ltr'><strong>nerit</strong></span> <span class='ocrx_word' id='word_1_124' title='bbox 2078 671 2218 737; x_wconf 90' lang='lat' dir='ltr'><strong>dies,</strong></span> <span class='ocrx_word' id='word_1_125' title='bbox 2247 670 2626 727; x_wconf 86' lang='lat' dir='ltr'><strong>sanctiﬁcatus</strong></span> <span class='ocrx_word' id='word_1_126' title='bbox 2678 670 2784 724; x_wconf 90' lang='lat' dir='ltr'><strong>erit</strong></span> <span class='ocrx_word' id='word_1_127' title='bbox 2815 667 3068 733; x_wconf 88' lang='lat' dir='ltr'><strong>Domino,</strong></span> <span class='ocrx_word' id='word_1_128' title='bbox 3102 677 3158 721; x_wconf 91' lang='lat' dir='ltr'><strong>et</strong></span> <span class='ocrx_word' id='word_1_129' title='bbox 3192 666 3464 736; x_wconf 81' lang='lat' dir='ltr'><strong>possessio</strong></span> 
     </span>
    </p>
   </div>
   <div class='ocr_carea' id='block_1_20' title="bbox 1877 759 3160 832">
    <p class='ocr_par' dir='ltr' id='par_1_20' title="bbox 1877 759 3160 832">
     <span class='ocr_line' id='line_1_20' title="bbox 1877 759 3160 832; baseline -0.005 -15"><span class='ocrx_word' id='word_1_130' title='bbox 1877 772 2214 828; x_wconf 89' lang='lat' dir='ltr'><strong>consecrata,</strong></span> <span class='ocrx_word' id='word_1_131' title='bbox 2247 762 2316 818; x_wconf 89' lang='lat' dir='ltr'><strong>ad</strong></span> <span class='ocrx_word' id='word_1_132' title='bbox 2345 763 2434 832; x_wconf 89' lang='lat' dir='ltr'><strong>jus</strong></span> <span class='ocrx_word' id='word_1_133' title='bbox 2462 760 2701 832; x_wconf 83' lang='lat' dir='ltr'><strong>pertinet</strong></span> <span class='ocrx_word' id='word_1_134' title='bbox 2734 759 3103 816; x_wconf 88' lang='lat' dir='ltr'><strong>sacerdotum.</strong></span> <span class='ocrx_word' id='word_1_135' title='bbox 3140 778 3160 810; x_wconf 72' lang='grc' dir='ltr'><strong><em>ι</em></strong></span> 
     </span>
    </p>
   </div>
   <div class='ocr_carea' id='block_1_21' title="bbox 1947 854 3467 929">
    <p class='ocr_par' dir='ltr' id='par_1_21' title="bbox 1947 854 3467 929">
     <span class='ocr_line' id='line_1_21' title="bbox 1947 854 3467 929; baseline -0.004 -17"><span class='ocrx_word' id='word_1_136' title='bbox 1947 858 2089 913; x_wconf 85' lang='lat' dir='ltr'><strong>Ecce</strong></span> <span class='ocrx_word' id='word_1_137' title='bbox 2120 859 2377 913; x_wconf 87' lang='lat' dir='ltr'><strong>damnum</strong></span> <span class='ocrx_word' id='word_1_138' title='bbox 2406 859 2527 929; x_wconf 87' lang='lat' dir='ltr'><strong>ejus</strong></span> <span class='ocrx_word' id='word_1_139' title='bbox 2562 857 2652 921; x_wconf 85' lang='lat' dir='ltr'><strong>qui</strong></span> <span class='ocrx_word' id='word_1_140' title='bbox 2676 870 2894 925; x_wconf 86' lang='lat' dir='ltr'><strong>semper</strong></span> <span class='ocrx_word' id='word_1_141' title='bbox 2915 855 2984 909; x_wconf 90' lang='lat' dir='ltr'><strong>ab</strong></span> <span class='ocrx_word' id='word_1_142' title='bbox 3014 854 3120 909; x_wconf 90' lang='lat' dir='ltr'><strong>alio</strong></span> <span class='ocrx_word' id='word_1_143' title='bbox 3145 854 3467 923; x_wconf 88' lang='lat' dir='ltr'><strong>opusbabet</strong></span> 
     </span>
    </p>
   </div>
   <div class='ocr_carea' id='block_1_22' title="bbox 1879 946 3461 1020">
    <p class='ocr_par' dir='ltr' id='par_1_22' title="bbox 1879 946 3461 1020">
     <span class='ocr_line' id='line_1_22' title="bbox 1879 946 3461 1020; baseline -0.004 -15"><span class='ocrx_word' id='word_1_144' title='bbox 1879 951 2192 1020; x_wconf 73' lang='lat' dir='ltr'><strong>gubernari,</strong></span> <span class='ocrx_word' id='word_1_145' title='bbox 2214 960 2269 1006; x_wconf 91' lang='lat' dir='ltr'><strong>et</strong></span> <span class='ocrx_word' id='word_1_146' title='bbox 2290 966 2402 1005; x_wconf 91' lang='lat' dir='ltr'><strong>non</strong></span> <span class='ocrx_word' id='word_1_147' title='bbox 2432 949 2666 1020; x_wconf 78' lang='lat' dir='ltr'><strong>proﬁcit,</strong></span> <span class='ocrx_word' id='word_1_148' title='bbox 2702 963 2881 1018; x_wconf 88' lang='lat' dir='ltr'><strong>neque</strong></span> <span class='ocrx_word' id='word_1_149' title='bbox 2901 948 3125 1017; x_wconf 82' lang='lat' dir='ltr'><strong>juvatur</strong></span> <span class='ocrx_word' id='word_1_150' title='bbox 3147 963 3211 1000; x_wconf 81' lang='lat' dir='ltr'><strong>ex</strong></span> <span class='ocrx_word' id='word_1_151' title='bbox 3232 946 3461 1000; x_wconf 83' lang='lat' dir='ltr'><strong>aliorum</strong></span> 
     </span>
    </p>
   </div>
   <div class='ocr_carea' id='block_1_23' title="bbox 1879 1038 3462 1112">
    <p class='ocr_par' dir='ltr' id='par_1_23' title="bbox 1879 1038 3462 1112">
     <span class='ocr_line' id='line_1_23' title="bbox 1879 1038 3462 1112; baseline -0.004 -16"><span class='ocrx_word' id='word_1_152' title='bbox 1879 1042 2156 1108; x_wconf 87' lang='lat' dir='ltr'><strong>doctrina,</strong></span> <span class='ocrx_word' id='word_1_153' title='bbox 2188 1044 2280 1098; x_wconf 89' lang='lat' dir='ltr'><strong>sed</strong></span> <span class='ocrx_word' id='word_1_154' title='bbox 2303 1058 2434 1097; x_wconf 90' lang='lat' dir='ltr'><strong>suas</strong></span> <span class='ocrx_word' id='word_1_155' title='bbox 2470 1057 2687 1112; x_wconf 87' lang='lat' dir='ltr'><strong>semper</strong></span> <span class='ocrx_word' id='word_1_156' title='bbox 2714 1043 2828 1111; x_wconf 86' lang='lat' dir='ltr'><strong>ipse</strong></span> <span class='ocrx_word' id='word_1_157' title='bbox 2859 1042 2968 1095; x_wconf 83' lang='lat' dir='ltr'><strong>dux</strong></span> <span class='ocrx_word' id='word_1_158' title='bbox 2998 1040 3164 1094; x_wconf 86' lang='lat' dir='ltr'><strong>estad</strong></span> <span class='ocrx_word' id='word_1_159' title='bbox 3189 1038 3462 1108; x_wconf 79' lang='lat' dir='ltr'><strong>agendum</strong></span> 
     </span>
    </p>
   </div>
   <div class='ocr_carea' id='block_1_24' title="bbox 1879 1128 3462 1204">
    <p class='ocr_par' dir='ltr' id='par_1_24' title="bbox 1879 1128 3462 1204">
     <span class='ocr_line' id='line_1_24' title="bbox 1879 1128 3462 1204; baseline -0.003 -17"><span class='ocrx_word' id='word_1_160' title='bbox 1879 1133 2033 1189; x_wconf 87' lang='lat' dir='ltr'><strong>utilia</strong></span> <span class='ocrx_word' id='word_1_161' title='bbox 2065 1149 2165 1204; x_wconf 89' lang='lat' dir='ltr'><strong>per</strong></span> <span class='ocrx_word' id='word_1_162' title='bbox 2203 1134 2517 1204; x_wconf 71' lang='lat' dir='ltr'><strong>praesentia,</strong></span> <span class='ocrx_word' id='word_1_163' title='bbox 2547 1144 2733 1203; x_wconf 88' lang='lat' dir='ltr'><strong>aperte</strong></span> <span class='ocrx_word' id='word_1_164' title='bbox 2763 1132 3041 1204; x_wconf 85' lang='lat' dir='ltr'><strong>legislator</strong></span> <span class='ocrx_word' id='word_1_165' title='bbox 3068 1130 3328 1185; x_wconf 82' lang='lat' dir='ltr'><strong>ostendit.</strong></span> <span class='ocrx_word' id='word_1_166' title='bbox 3355 1128 3462 1194; x_wconf 85' lang='lat' dir='ltr'><strong>Qui</strong></span> 
     </span>
    </p>
   </div>
   <div class='ocr_carea' id='block_1_25' title="bbox 1879 1220 3467 1293">
    <p class='ocr_par' dir='ltr' id='par_1_25' title="bbox 1879 1220 3467 1293">
     <span class='ocr_line' id='line_1_25' title="bbox 1879 1220 3467 1293; baseline -0.005 -14"><span class='ocrx_word' id='word_1_167' title='bbox 1879 1225 2025 1279; x_wconf 88' lang='lat' dir='ltr'><strong>enim</strong></span> <span class='ocrx_word' id='word_1_168' title='bbox 2056 1225 2399 1279; x_wconf 84' lang='lat' dir='ltr'><strong>consecravit</strong></span> <span class='ocrx_word' id='word_1_169' title='bbox 2442 1240 2630 1293; x_wconf 84' lang='lat' dir='ltr'><strong>agrum</strong></span> <span class='ocrx_word' id='word_1_170' title='bbox 2677 1234 2733 1278; x_wconf 90' lang='lat' dir='ltr'><strong>et</strong></span> <span class='ocrx_word' id='word_1_171' title='bbox 2776 1232 2963 1293; x_wconf 89' lang='lat' dir='ltr'><strong>postea</strong></span> <span class='ocrx_word' id='word_1_172' title='bbox 3000 1222 3238 1285; x_wconf 87' lang='lat' dir='ltr'><strong>redimit,</strong></span> <span class='ocrx_word' id='word_1_173' title='bbox 3270 1220 3359 1273; x_wconf 88' lang='lat' dir='ltr'><strong>ille</strong></span> <span class='ocrx_word' id='word_1_174' title='bbox 3381 1227 3467 1274; x_wconf 88' lang='lat' dir='ltr'><strong>est</strong></span> 
     </span>
    </p>
   </div>
   <div class='ocr_carea' id='block_1_26' title="bbox 1880 1312 3461 1385">
    <p class='ocr_par' dir='ltr' id='par_1_26' title="bbox 1880 1312 3461 1385">
     <span class='ocr_line' id='line_1_26' title="bbox 1880 1312 3461 1385; baseline -0.004 -14"><span class='ocrx_word' id='word_1_175' title='bbox 1880 1317 1973 1385; x_wconf 89' lang='lat' dir='ltr'><strong>qui</strong></span> <span class='ocrx_word' id='word_1_176' title='bbox 2018 1332 2173 1371; x_wconf 85' lang='lat' dir='ltr'><strong>suam</strong></span> <span class='ocrx_word' id='word_1_177' title='bbox 2219 1315 2698 1369; x_wconf 82' lang='lat' dir='ltr'><strong>conversationem</strong></span> <span class='ocrx_word' id='word_1_178' title='bbox 2729 1315 2821 1368; x_wconf 90' lang='lat' dir='ltr'><strong>alii</strong></span> <span class='ocrx_word' id='word_1_179' title='bbox 2860 1314 3150 1384; x_wconf 88' lang='lat' dir='ltr'><strong>gubernari</strong></span> <span class='ocrx_word' id='word_1_180' title='bbox 3195 1312 3461 1382; x_wconf 87' lang='lat' dir='ltr'><strong>permisit.</strong></span> 
     </span>
    </p>
   </div>
   <div class='ocr_carea' id='block_1_27' title="bbox 1878 1404 3464 1477">
    <p class='ocr_par' dir='ltr' id='par_1_27' title="bbox 1878 1404 3464 1477">
     <span class='ocr_line' id='line_1_27' title="bbox 1878 1404 3464 1477; baseline -0.006 -14"><span class='ocrx_word' id='word_1_181' title='bbox 1878 1408 2074 1463; x_wconf 83' lang='lat' dir='ltr'><strong>Postea</strong></span> <span class='ocrx_word' id='word_1_182' title='bbox 2098 1408 2188 1477; x_wconf 95' lang='lat' dir='ltr'><strong>qui</strong></span> <span class='ocrx_word' id='word_1_183' title='bbox 2215 1408 2438 1476; x_wconf 87' lang='lat' dir='ltr'><strong>juvatns</strong></span> <span class='ocrx_word' id='word_1_184' title='bbox 2466 1416 2570 1468; x_wconf 84' lang='lat' dir='ltr'><strong>est,</strong></span> <span class='ocrx_word' id='word_1_185' title='bbox 2601 1415 2657 1459; x_wconf 93' lang='lat' dir='ltr'><strong>et</strong></span> <span class='ocrx_word' id='word_1_186' title='bbox 2677 1406 3004 1474; x_wconf 78' lang='lat' dir='ltr'><strong>conquisivit</strong></span> <span class='ocrx_word' id='word_1_187' title='bbox 3026 1404 3381 1465; x_wconf 80' lang='lat' dir='ltr'><strong>intellectum,</strong></span> <span class='ocrx_word' id='word_1_188' title='bbox 3407 1410 3464 1454; x_wconf 89' lang='lat' dir='ltr'><strong>ut</strong></span> 
     </span>
    </p>
   </div>
   <div class='ocr_carea' id='block_1_28' title="bbox 1873 1496 3467 1572">
    <p class='ocr_par' dir='ltr' id='par_1_28' title="bbox 1873 1496 3467 1572">
     <span class='ocr_line' id='line_1_28' title="bbox 1873 1496 3467 1572; baseline -0.005 -17"><span class='ocrx_word' id='word_1_189' title='bbox 1873 1502 1993 1572; x_wconf 81' lang='lat' dir='ltr'><strong>jam</strong></span> <span class='ocrx_word' id='word_1_190' title='bbox 2047 1509 2201 1565; x_wconf 80' lang='lat' dir='ltr'><strong>esset,</strong></span> <span class='ocrx_word' id='word_1_191' title='bbox 2253 1502 2397 1555; x_wconf 81' lang='lat' dir='ltr'><strong>sicut</strong></span> <span class='ocrx_word' id='word_1_192' title='bbox 2436 1500 2512 1553; x_wconf 88' lang='lat' dir='ltr'><strong>ait</strong></span> <span class='ocrx_word' id='word_1_193' title='bbox 2557 1498 2857 1567; x_wconf 71' lang='lat' dir='ltr'><strong>Propheta,</strong></span> <span class='ocrx_word' id='word_1_194' title='bbox 2915 1496 3152 1551; x_wconf 80' lang='lat' dir='ltr'><strong>docibiiis</strong></span> <span class='ocrx_word' id='word_1_195' title='bbox 3191 1496 3286 1548; x_wconf 84' lang='lat' dir='ltr'><strong>Dei</strong></span> <span class='ocrx_word' id='word_1_196' title='bbox 3311 1497 3375 1559; x_wconf 70' lang='grc'><strong>⁸³,</strong></span> <span class='ocrx_word' id='word_1_197' title='bbox 3410 1502 3467 1549; x_wconf 93' lang='lat' dir='ltr'><strong>et</strong></span> 
     </span>
    </p>
   </div>
   <div class='ocr_carea' id='block_1_29' title="bbox 1879 1588 3466 1663">
    <p class='ocr_par' dir='ltr' id='par_1_29' title="bbox 1879 1588 3466 1663">
     <span class='ocr_line' id='line_1_29' title="bbox 1879 1588 3466 1663; baseline -0.007 -13"><span class='ocrx_word' id='word_1_198' title='bbox 1879 1595 2176 1663; x_wconf 86' lang='lat' dir='ltr'><strong>disponere</strong></span> <span class='ocrx_word' id='word_1_199' title='bbox 2219 1592 2364 1660; x_wconf 88' lang='lat' dir='ltr'><strong>apud</strong></span> <span class='ocrx_word' id='word_1_200' title='bbox 2411 1591 2771 1661; x_wconf 86' lang='lat' dir='ltr'><strong>semetipsum</strong></span> <span class='ocrx_word' id='word_1_201' title='bbox 2817 1589 2989 1659; x_wconf 88' lang='lat' dir='ltr'><strong>possit</strong></span> <span class='ocrx_word' id='word_1_202' title='bbox 3030 1588 3085 1642; x_wconf 92' lang='lat' dir='ltr'><strong>in</strong></span> <span class='ocrx_word' id='word_1_203' title='bbox 3121 1589 3308 1641; x_wconf 81' lang='lat' dir='ltr'><strong>futuro</strong></span> <span class='ocrx_word' id='word_1_204' title='bbox 3344 1602 3466 1655; x_wconf 74' lang='lat' dir='ltr'><strong>qua:</strong></span> 
     </span>
    </p>
   </div>
   <div class='ocr_carea' id='block_1_30' title="bbox 1880 1678 3466 1754">
    <p class='ocr_par' dir='ltr' id='par_1_30' title="bbox 1880 1678 3466 1754">
     <span class='ocr_line' id='line_1_30' title="bbox 1880 1678 3466 1754; baseline -0.004 -15"><span class='ocrx_word' id='word_1_205' title='bbox 1880 1684 2199 1754; x_wconf 71' lang='lat' dir='ltr'><strong>expediunt,</strong></span> <span class='ocrx_word' id='word_1_206' title='bbox 2223 1685 2312 1739; x_wconf 91' lang='lat' dir='ltr'><strong>hic</strong></span> <span class='ocrx_word' id='word_1_207' title='bbox 2345 1700 2534 1754; x_wconf 85' lang='lat' dir='ltr'><strong>agrum</strong></span> <span class='ocrx_word' id='word_1_208' title='bbox 2558 1699 2717 1738; x_wconf 90' lang='lat' dir='ltr'><strong>suum</strong></span> <span class='ocrx_word' id='word_1_209' title='bbox 2753 1681 2856 1737; x_wconf 86' lang='lat' dir='ltr'><strong>sibi</strong></span> <span class='ocrx_word' id='word_1_210' title='bbox 2885 1681 3157 1750; x_wconf 88' lang='lat' dir='ltr'><strong>recipiens</strong></span> <span class='ocrx_word' id='word_1_211' title='bbox 3181 1678 3466 1748; x_wconf 86' lang='lat' dir='ltr'><strong>conquisi-</strong></span> 
     </span>
    </p>
   </div>
   <div class='ocr_carea' id='block_1_31' title="bbox 1883 1771 3467 1844">
    <p class='ocr_par' dir='ltr' id='par_1_31' title="bbox 1883 1771 3467 1844">
     <span class='ocr_line' id='line_1_31' title="bbox 1883 1771 3467 1844; baseline -0.003 -15"><span class='ocrx_word' id='word_1_212' title='bbox 1883 1774 1980 1831; x_wconf 86' lang='lat' dir='ltr'><strong>vit.</strong></span> <span class='ocrx_word' id='word_1_213' title='bbox 2016 1775 2121 1840; x_wconf 87' lang='lat' dir='ltr'><strong>Qui</strong></span> <span class='ocrx_word' id='word_1_214' title='bbox 2152 1782 2337 1830; x_wconf 87' lang='lat' dir='ltr'><strong>autem</strong></span> <span class='ocrx_word' id='word_1_215' title='bbox 2370 1774 2510 1829; x_wconf 90' lang='lat' dir='ltr'><strong>nihil</strong></span> <span class='ocrx_word' id='word_1_216' title='bbox 2535 1774 2747 1844; x_wconf 90' lang='lat' dir='ltr'><strong>prolicit</strong></span> <span class='ocrx_word' id='word_1_217' title='bbox 2767 1790 2830 1828; x_wconf 82' lang='lat' dir='ltr'><strong>ex</strong></span> <span class='ocrx_word' id='word_1_218' title='bbox 2858 1773 3083 1827; x_wconf 84' lang='lat' dir='ltr'><strong>alterius</strong></span> <span class='ocrx_word' id='word_1_219' title='bbox 3114 1771 3467 1842; x_wconf 84' lang='lat' dir='ltr'><strong>gubernatio-</strong></span> 
     </span>
    </p>
   </div>
   <div class='ocr_carea' id='block_1_32' title="bbox 1883 1863 3468 1935">
    <p class='ocr_par' dir='ltr' id='par_1_32' title="bbox 1883 1863 3468 1935">
     <span class='ocr_line' id='line_1_32' title="bbox 1883 1863 3468 1935; baseline -0.003 -15"><span class='ocrx_word' id='word_1_220' title='bbox 1883 1881 1972 1931; x_wconf 88' lang='lat' dir='ltr'><strong>ne,</strong></span> <span class='ocrx_word' id='word_1_221' title='bbox 2003 1881 2109 1921; x_wconf 87' lang='lat' dir='ltr'><strong>nec</strong></span> <span class='ocrx_word' id='word_1_222' title='bbox 2138 1866 2428 1935; x_wconf 87' lang='lat' dir='ltr'><strong>acquisivit</strong></span> <span class='ocrx_word' id='word_1_223' title='bbox 2456 1865 2814 1925; x_wconf 85' lang='lat' dir='ltr'><strong>intellectum,</strong></span> <span class='ocrx_word' id='word_1_224' title='bbox 2843 1865 2938 1919; x_wconf 88' lang='lat' dir='ltr'><strong>sed</strong></span> <span class='ocrx_word' id='word_1_225' title='bbox 2975 1879 3189 1932; x_wconf 85' lang='lat' dir='ltr'><strong>semper</strong></span> <span class='ocrx_word' id='word_1_226' title='bbox 3204 1878 3343 1933; x_wconf 90' lang='lat' dir='ltr'><strong>opus</strong></span> <span class='ocrx_word' id='word_1_227' title='bbox 3369 1863 3468 1917; x_wconf 84' lang='lat' dir='ltr'><strong>ha-</strong></span> 
     </span>
    </p>
   </div>
   <div class='ocr_carea' id='block_1_33' title="bbox 196 1936 3467 2023">
    <p class='ocr_par' dir='ltr' id='par_1_33' title="bbox 196 1936 3467 2023">
     <span class='ocr_line' id='line_1_33' title="bbox 196 1936 3467 2023; baseline 0.003 -25"><span class='ocrx_word' id='word_1_228' title='bbox 196 1946 438 2000; x_wconf 84' lang='lat' dir='ltr'><strong>sacerdos</strong></span> <span class='ocrx_word' id='word_1_229' title='bbox 468 1946 672 2016; x_wconf 81' lang='lat' dir='ltr'><strong>exigat,</strong></span> <span class='ocrx_word' id='word_1_230' title='bbox 709 1949 858 2016; x_wconf 91' lang='lat' dir='ltr'><strong>quod</strong></span> <span class='ocrx_word' id='word_1_231' title='bbox 898 1965 1021 2003; x_wconf 90' lang='lat' dir='ltr'><strong>cum</strong></span> <span class='ocrx_word' id='word_1_232' title='bbox 1069 1950 1380 2018; x_wconf 84' lang='lat' dir='ltr'><strong>doceretur,</strong></span> <span class='ocrx_word' id='word_1_233' title='bbox 1423 1967 1487 2006; x_wconf 79' lang='lat' dir='ltr'><strong>ex</strong></span> <span class='ocrx_word' id='word_1_234' title='bbox 1533 1953 1774 2022; x_wconf 77' lang='lat' dir='ltr'><strong>perfecta</strong></span> <span class='ocrx_word' id='word_1_235' title='bbox 1810 1936 1850 1990; x_wconf 74' lang='grc' dir='ltr'><strong><em>Β</em></strong></span> <span class='ocrx_word' id='word_1_236' title='bbox 1879 1956 2015 2011; x_wconf 85' lang='lat' dir='ltr'><strong>hens</strong></span> <span class='ocrx_word' id='word_1_237' title='bbox 2045 1957 2114 2011; x_wconf 85' lang='lat' dir='ltr'><strong>ab</strong></span> <span class='ocrx_word' id='word_1_238' title='bbox 2144 1958 2252 2011; x_wconf 89' lang='lat' dir='ltr'><strong>alio</strong></span> <span class='ocrx_word' id='word_1_239' title='bbox 2276 1956 2456 2011; x_wconf 91' lang='lat' dir='ltr'><strong>doceri</strong></span> <span class='ocrx_word' id='word_1_240' title='bbox 2483 1967 2538 2011; x_wconf 88' lang='lat' dir='ltr'><strong>et</strong></span> <span class='ocrx_word' id='word_1_241' title='bbox 2572 1956 2694 2009; x_wconf 87' lang='lat' dir='ltr'><strong>talis</strong></span> <span class='ocrx_word' id='word_1_242' title='bbox 2725 1955 3008 2017; x_wconf 77' lang='lat' dir='ltr'><strong>exsistere,</strong></span> <span class='ocrx_word' id='word_1_243' title='bbox 3036 1954 3214 2023; x_wconf 82' lang='lat' dir='ltr'><strong>qualis</strong></span> <span class='ocrx_word' id='word_1_244' title='bbox 3246 1954 3467 2008; x_wconf 78' lang='lat' dir='ltr'><strong>fuerunt</strong></span> 
     </span>
    </p>
   </div>
   <div class='ocr_carea' id='block_1_34' title="bbox 195 2037 1778 2111">
    <p class='ocr_par' dir='ltr' id='par_1_34' title="bbox 195 2037 1778 2111">
     <span class='ocr_line' id='line_1_34' title="bbox 195 2037 1778 2111; baseline 0.007 -20"><span class='ocrx_word' id='word_1_245' title='bbox 195 2046 247 2091; x_wconf 89' lang='lat' dir='ltr'><strong>et</strong></span> <span class='ocrx_word' id='word_1_246' title='bbox 269 2037 494 2106; x_wconf 90' lang='lat' dir='ltr'><strong>spiritali</strong></span> <span class='ocrx_word' id='word_1_247' title='bbox 519 2038 773 2094; x_wconf 91' lang='lat' dir='ltr'><strong>doctrina</strong></span> <span class='ocrx_word' id='word_1_248' title='bbox 804 2042 1070 2111; x_wconf 86' lang='lat' dir='ltr'><strong>percepit,</strong></span> <span class='ocrx_word' id='word_1_249' title='bbox 1108 2042 1259 2098; x_wconf 89' lang='lat' dir='ltr'><strong>nullo</strong></span> <span class='ocrx_word' id='word_1_250' title='bbox 1297 2045 1458 2099; x_wconf 88' lang='lat' dir='ltr'><strong>modo</strong></span> <span class='ocrx_word' id='word_1_251' title='bbox 1485 2046 1536 2100; x_wconf 90' lang='lat' dir='ltr'><strong>ei</strong></span> <span class='ocrx_word' id='word_1_252' title='bbox 1574 2047 1778 2102; x_wconf 87' lang='lat' dir='ltr'><strong>conde-</strong></span> 
     </span>
    </p>
   </div>
   <div class='ocr_carea' id='block_1_35' title="bbox 194 2130 1773 2209">
    <p class='ocr_par' dir='ltr' id='par_1_35' title="bbox 194 2130 1773 2209">
     <span class='ocr_line' id='line_1_35' title="bbox 194 2130 1773 2209; baseline 0.006 -26"><span class='ocrx_word' id='word_1_253' title='bbox 194 2130 470 2195; x_wconf 84' lang='lat' dir='ltr'><strong>sceudens,</strong></span> <span class='ocrx_word' id='word_1_254' title='bbox 518 2144 705 2200; x_wconf 85' lang='lat' dir='ltr'><strong>neque</strong></span> <span class='ocrx_word' id='word_1_255' title='bbox 745 2131 890 2186; x_wconf 89' lang='lat' dir='ltr'><strong>enim</strong></span> <span class='ocrx_word' id='word_1_256' title='bbox 935 2149 1164 2189; x_wconf 88' lang='lat' dir='ltr'><strong>necesse</strong></span> <span class='ocrx_word' id='word_1_257' title='bbox 1225 2135 1410 2199; x_wconf 85' lang='lat' dir='ltr'><strong>habet,</strong></span> <span class='ocrx_word' id='word_1_258' title='bbox 1455 2146 1640 2206; x_wconf 87' lang='lat' dir='ltr'><strong>utpote</strong></span> <span class='ocrx_word' id='word_1_259' title='bbox 1679 2141 1773 2209; x_wconf 91' lang='lat' dir='ltr'><strong>qui</strong></span> 
     </span>
    </p>
   </div>
   <div class='ocr_carea' id='block_1_36' title="bbox 196 2220 1775 2300">
    <p class='ocr_par' dir='ltr' id='par_1_36' title="bbox 196 2220 1775 2300">
     <span class='ocr_line' id='line_1_36' title="bbox 196 2220 1775 2300; baseline 0.009 -28"><span class='ocrx_word' id='word_1_260' title='bbox 196 2234 284 2289; x_wconf 82' lang='lat' dir='ltr'><strong>per</strong></span> <span class='ocrx_word' id='word_1_261' title='bbox 326 2220 533 2275; x_wconf 91' lang='lat' dir='ltr'><strong>donum</strong></span> <span class='ocrx_word' id='word_1_262' title='bbox 574 2232 873 2281; x_wconf 86' lang='lat' dir='ltr'><strong>renovatus</strong></span> <span class='ocrx_word' id='word_1_263' title='bbox 916 2235 1020 2289; x_wconf 89' lang='lat' dir='ltr'><strong>est,</strong></span> <span class='ocrx_word' id='word_1_264' title='bbox 1061 2227 1160 2282; x_wconf 90' lang='lat' dir='ltr'><strong>sed</strong></span> <span class='ocrx_word' id='word_1_265' title='bbox 1208 2227 1262 2282; x_wconf 89' lang='lat' dir='ltr'><strong>in</strong></span> <span class='ocrx_word' id='word_1_266' title='bbox 1294 2228 1562 2293; x_wconf 90' lang='lat' dir='ltr'><strong>doctrina,</strong></span> <span class='ocrx_word' id='word_1_267' title='bbox 1612 2247 1775 2300; x_wconf 83' lang='lat' dir='ltr'><strong>quam</strong></span> 
     </span>
    </p>
   </div>
   <div class='ocr_carea' id='block_1_37' title="bbox 192 2311 1776 2385">
    <p class='ocr_par' dir='ltr' id='par_1_37' title="bbox 192 2311 1776 2385">
     <span class='ocr_line' id='line_1_37' title="bbox 192 2311 1776 2385; baseline 0.009 -21"><span class='ocrx_word' id='word_1_268' title='bbox 192 2311 392 2380; x_wconf 89' lang='lat' dir='ltr'><strong>accepit</strong></span> <span class='ocrx_word' id='word_1_269' title='bbox 423 2313 588 2382; x_wconf 87' lang='lat' dir='ltr'><strong>plene</strong></span> <span class='ocrx_word' id='word_1_270' title='bbox 615 2329 742 2369; x_wconf 92' lang='lat' dir='ltr'><strong>eum</strong></span> <span class='ocrx_word' id='word_1_271' title='bbox 775 2331 1101 2385; x_wconf 85' lang='lat' dir='ltr'><strong>permanere</strong></span> <span class='ocrx_word' id='word_1_272' title='bbox 1118 2319 1269 2377; x_wconf 78' lang='lat' dir='ltr'><strong>facit.</strong></span> <span class='ocrx_word' id='word_1_273' title='bbox 1300 2319 1357 2374; x_wconf 89' lang='lat' dir='ltr'><strong>Si</strong></span> <span class='ocrx_word' id='word_1_274' title='bbox 1391 2330 1574 2376; x_wconf 88' lang='lat' dir='ltr'><strong>autem</strong></span> <span class='ocrx_word' id='word_1_275' title='bbox 1596 2323 1664 2378; x_wconf 91' lang='lat' dir='ltr'><strong>de</strong></span> <span class='ocrx_word' id='word_1_276' title='bbox 1684 2324 1776 2378; x_wconf 90' lang='lat' dir='ltr'><strong>illo</strong></span> 
     </span>
    </p>
   </div>
   <div class='ocr_carea' id='block_1_38' title="bbox 190 2404 1777 2483">
    <p class='ocr_par' dir='ltr' id='par_1_38' title="bbox 190 2404 1777 2483">
     <span class='ocr_line' id='line_1_38' title="bbox 190 2404 1777 2483; baseline 0.009 -27"><span class='ocrx_word' id='word_1_277' title='bbox 190 2412 270 2458; x_wconf 87' lang='lat' dir='ltr'><strong>est</strong></span> <span class='ocrx_word' id='word_1_278' title='bbox 307 2404 474 2469; x_wconf 91' lang='lat' dir='ltr'><strong>dono,</strong></span> <span class='ocrx_word' id='word_1_279' title='bbox 522 2407 673 2475; x_wconf 89' lang='lat' dir='ltr'><strong>quod</strong></span> <span class='ocrx_word' id='word_1_280' title='bbox 708 2410 976 2479; x_wconf 89' lang='lat' dir='ltr'><strong>percepit,</strong></span> <span class='ocrx_word' id='word_1_281' title='bbox 1013 2410 1329 2483; x_wconf 85' lang='lat' dir='ltr'><strong>deciditque</strong></span> <span class='ocrx_word' id='word_1_282' title='bbox 1355 2414 1424 2468; x_wconf 90' lang='lat' dir='ltr'><strong>ab</strong></span> <span class='ocrx_word' id='word_1_283' title='bbox 1449 2429 1518 2469; x_wconf 89' lang='lat' dir='ltr'><strong>eo</strong></span> <span class='ocrx_word' id='word_1_284' title='bbox 1546 2414 1602 2469; x_wconf 91' lang='lat' dir='ltr'><strong>in</strong></span> <span class='ocrx_word' id='word_1_285' title='bbox 1637 2430 1777 2470; x_wconf 91' lang='lat' dir='ltr'><strong>con-</strong></span> 
     </span>
    </p>
   </div>
   <div class='ocr_carea' id='block_1_39' title="bbox 191 2497 1775 2577">
    <p class='ocr_par' dir='ltr' id='par_1_39' title="bbox 191 2497 1775 2577">
     <span class='ocr_line' id='line_1_39' title="bbox 191 2497 1775 2577; baseline 0.009 -28"><span class='ocrx_word' id='word_1_286' title='bbox 191 2497 491 2553; x_wconf 83' lang='lat' dir='ltr'><strong>versatione</strong></span> <span class='ocrx_word' id='word_1_287' title='bbox 537 2517 551 2552; x_wconf 93' lang='lat'>:</span> <span class='ocrx_word' id='word_1_288' title='bbox 615 2500 719 2555; x_wconf 91' lang='lat' dir='ltr'><strong>hoc</strong></span> <span class='ocrx_word' id='word_1_289' title='bbox 775 2509 859 2557; x_wconf 86' lang='lat' dir='ltr'><strong>est</strong></span> <span class='ocrx_word' id='word_1_290' title='bbox 919 2504 1065 2557; x_wconf 89' lang='lat' dir='ltr'><strong>enim</strong></span> <span class='ocrx_word' id='word_1_291' title='bbox 1117 2505 1458 2574; x_wconf 88' lang='lat' dir='ltr'><strong>aliquantum</strong></span> <span class='ocrx_word' id='word_1_292' title='bbox 1512 2509 1775 2577; x_wconf 90' lang='lat' dir='ltr'><strong>temporis</strong></span> 
     </span>
    </p>
   </div>
   <div class='ocr_carea' id='block_1_40' title="bbox 187 2585 1775 2665">
    <p class='ocr_par' dir='ltr' id='par_1_40' title="bbox 187 2585 1775 2665">
     <span class='ocr_line' id='line_1_40' title="bbox 187 2585 1775 2665; baseline 0.008 -26"><span class='ocrx_word' id='word_1_293' title='bbox 187 2585 390 2643; x_wconf 68' lang='lat' dir='ltr'><strong>iubilaei</strong></span> <span class='ocrx_word' id='word_1_294' title='bbox 414 2588 533 2644; x_wconf 83' lang='lat' dir='ltr'><strong>sive</strong></span> <span class='ocrx_word' id='word_1_295' title='bbox 568 2589 912 2645; x_wconf 87' lang='lat' dir='ltr'><strong>remissionis</strong></span> <span class='ocrx_word' id='word_1_296' title='bbox 946 2607 1274 2648; x_wconf 87' lang='lat' dir='ltr'><strong>consecrare</strong></span> <span class='ocrx_word' id='word_1_297' title='bbox 1317 2610 1526 2665; x_wconf 89' lang='lat' dir='ltr'><strong>agrum,</strong></span> <span class='ocrx_word' id='word_1_298' title='bbox 1555 2607 1703 2652; x_wconf 89' lang='lat' dir='ltr'><strong>recte</strong></span> <span class='ocrx_word' id='word_1_299' title='bbox 1724 2597 1775 2652; x_wconf 90' lang='lat' dir='ltr'><strong>ei</strong></span> 
     </span>
    </p>
   </div>
   <div class='ocr_carea' id='block_1_41' title="bbox 190 2681 1775 2760">
    <p class='ocr_par' dir='ltr' id='par_1_41' title="bbox 190 2681 1775 2760">
     <span class='ocr_line' id='line_1_41' title="bbox 190 2681 1775 2760; baseline 0.008 -27"><span class='ocrx_word' id='word_1_300' title='bbox 190 2681 451 2750; x_wconf 89' lang='lat' dir='ltr'><strong>reputabit</strong></span> <span class='ocrx_word' id='word_1_301' title='bbox 495 2684 759 2739; x_wconf 88' lang='lat' dir='ltr'><strong>sacerdos</strong></span> <span class='ocrx_word' id='word_1_302' title='bbox 789 2696 1078 2756; x_wconf 80' lang='lat' dir='ltr'><strong>argentum</strong></span> <span class='ocrx_word' id='word_1_303' title='bbox 1116 2689 1170 2740; x_wconf 88' lang='lat' dir='ltr'><strong>in</strong></span> <span class='ocrx_word' id='word_1_304' title='bbox 1195 2704 1370 2744; x_wconf 89' lang='lat' dir='ltr'><strong>annos</strong></span> <span class='ocrx_word' id='word_1_305' title='bbox 1395 2689 1655 2760; x_wconf 87' lang='lat' dir='ltr'><strong>reliquos,</strong></span> <span class='ocrx_word' id='word_1_306' title='bbox 1680 2707 1775 2746; x_wconf 91' lang='lat' dir='ltr'><strong>us-</strong></span> 
     </span>
    </p>
   </div>
   <div class='ocr_carea' id='block_1_42' title="bbox 186 2772 1774 2851">
    <p class='ocr_par' dir='ltr' id='par_1_42' title="bbox 186 2772 1774 2851">
     <span class='ocr_line' id='line_1_42' title="bbox 186 2772 1774 2851; baseline 0.008 -27"><span class='ocrx_word' id='word_1_307' title='bbox 186 2786 282 2839; x_wconf 89' lang='lat' dir='ltr'><strong>que</strong></span> <span class='ocrx_word' id='word_1_308' title='bbox 296 2772 362 2827; x_wconf 90' lang='lat' dir='ltr'><strong>ad</strong></span> <span class='ocrx_word' id='word_1_309' title='bbox 381 2788 596 2829; x_wconf 89' lang='lat' dir='ltr'><strong>annum</strong></span> <span class='ocrx_word' id='word_1_310' title='bbox 628 2775 972 2831; x_wconf 89' lang='lat' dir='ltr'><strong>remissionis</strong></span> <span class='ocrx_word' id='word_1_311' title='bbox 1005 2777 1123 2833; x_wconf 89' lang='lat' dir='ltr'><strong>sive</strong></span> <span class='ocrx_word' id='word_1_312' title='bbox 1146 2777 1384 2846; x_wconf 64' lang='lat' dir='ltr'><strong>Jubilaai,</strong></span> <span class='ocrx_word' id='word_1_313' title='bbox 1418 2791 1476 2836; x_wconf 89' lang='lat' dir='ltr'><strong>ut</strong></span> <span class='ocrx_word' id='word_1_314' title='bbox 1505 2781 1774 2851; x_wconf 90' lang='lat' dir='ltr'><strong>reliquum</strong></span> 
     </span>
    </p>
   </div>
   <div class='ocr_carea' id='block_1_43' title="bbox 186 2860 1775 2937">
    <p class='ocr_par' dir='ltr' id='par_1_43' title="bbox 186 2860 1775 2937">
     <span class='ocr_line' id='line_1_43' title="bbox 186 2860 1775 2937; baseline 0.009 -23"><span class='ocrx_word' id='word_1_315' title='bbox 186 2860 232 2914; x_wconf 87' lang='lat' dir='ltr'><strong>ei</strong></span> <span class='ocrx_word' id='word_1_316' title='bbox 255 2869 469 2933; x_wconf 88' lang='lat' dir='ltr'><strong>tempus</strong></span> <span class='ocrx_word' id='word_1_317' title='bbox 502 2866 736 2920; x_wconf 89' lang='lat' dir='ltr'><strong>deﬁniat</strong></span> <span class='ocrx_word' id='word_1_318' title='bbox 764 2867 832 2922; x_wconf 89' lang='lat' dir='ltr'><strong>ad</strong></span> <span class='ocrx_word' id='word_1_319' title='bbox 872 2868 1252 2937; x_wconf 69' lang='lat' dir='ltr'><strong>paenitentiam</strong></span> <span class='ocrx_word' id='word_1_320' title='bbox 1279 2881 1335 2927; x_wconf 89' lang='lat' dir='ltr'><strong>et</strong></span> <span class='ocrx_word' id='word_1_321' title='bbox 1362 2872 1683 2927; x_wconf 87' lang='lat' dir='ltr'><strong>detrahetur</strong></span> <span class='ocrx_word' id='word_1_322' title='bbox 1708 2889 1775 2928; x_wconf 80' lang='lat' dir='ltr'><strong>ex</strong></span> 
     </span>
    </p>
   </div>
   <div class='ocr_carea' id='block_1_44' title="bbox 184 2954 1773 3026">
    <p class='ocr_par' dir='ltr' id='par_1_44' title="bbox 184 2954 1773 3026">
     <span class='ocr_line' id='line_1_44' title="bbox 184 2954 1773 3026; baseline 0.008 -20"><span class='ocrx_word' id='word_1_323' title='bbox 184 2954 370 3021; x_wconf 89' lang='lat' dir='ltr'><strong>pretio.</strong></span> <span class='ocrx_word' id='word_1_324' title='bbox 430 2956 599 3022; x_wconf 88' lang='lat' dir='ltr'><strong>Quod</strong></span> <span class='ocrx_word' id='word_1_325' title='bbox 644 2960 789 3013; x_wconf 86' lang='lat' dir='ltr'><strong>enim</strong></span> <span class='ocrx_word' id='word_1_326' title='bbox 844 2960 1027 3016; x_wconf 88' lang='lat' dir='ltr'><strong>minus</strong></span> <span class='ocrx_word' id='word_1_327' title='bbox 1076 2962 1227 3026; x_wconf 75' lang='lat' dir='ltr'><strong>fecit,</strong></span> <span class='ocrx_word' id='word_1_328' title='bbox 1273 2971 1330 3017; x_wconf 90' lang='lat' dir='ltr'><strong>et</strong></span> <span class='ocrx_word' id='word_1_329' title='bbox 1379 2964 1773 3019; x_wconf 86' lang='lat' dir='ltr'><strong>detrimentum</strong></span> 
     </span>
    </p>
   </div>
   <div class='ocr_carea' id='block_1_45' title="bbox 182 3046 1774 3128">
    <p class='ocr_par' dir='ltr' id='par_1_45' title="bbox 182 3046 1774 3128">
     <span class='ocr_line' id='line_1_45' title="bbox 182 3046 1774 3128; baseline 0.008 -30"><span class='ocrx_word' id='word_1_330' title='bbox 182 3046 418 3114; x_wconf 87' lang='lat' dir='ltr'><strong>pertulit,</strong></span> <span class='ocrx_word' id='word_1_331' title='bbox 442 3058 501 3104; x_wconf 89' lang='lat' dir='ltr'><strong>et</strong></span> <span class='ocrx_word' id='word_1_332' title='bbox 542 3051 792 3106; x_wconf 89' lang='lat' dir='ltr'><strong>deterius</strong></span> <span class='ocrx_word' id='word_1_333' title='bbox 822 3061 1181 3128; x_wconf 83' lang='lat' dir='ltr'><strong>conversatus</strong></span> <span class='ocrx_word' id='word_1_334' title='bbox 1219 3061 1323 3119; x_wconf 87' lang='lat' dir='ltr'><strong>est,</strong></span> <span class='ocrx_word' id='word_1_335' title='bbox 1367 3055 1472 3112; x_wconf 92' lang='lat' dir='ltr'><strong>hoc</strong></span> <span class='ocrx_word' id='word_1_336' title='bbox 1498 3056 1644 3111; x_wconf 91' lang='lat' dir='ltr'><strong>dono</strong></span> <span class='ocrx_word' id='word_1_337' title='bbox 1673 3057 1774 3111; x_wconf 90' lang='lat' dir='ltr'><strong>im-</strong></span> 
     </span>
    </p>
   </div>
   <div class='ocr_carea' id='block_1_46' title="bbox 183 3137 1776 3217">
    <p class='ocr_par' dir='ltr' id='par_1_46' title="bbox 183 3137 1776 3217">
     <span class='ocr_line' id='line_1_46' title="bbox 183 3137 1776 3217; baseline 0.008 -27"><span class='ocrx_word' id='word_1_338' title='bbox 183 3137 395 3204; x_wconf 87' lang='lat' dir='ltr'><strong>minuit,</strong></span> <span class='ocrx_word' id='word_1_339' title='bbox 435 3150 495 3196; x_wconf 89' lang='lat' dir='ltr'><strong>et</strong></span> <span class='ocrx_word' id='word_1_340' title='bbox 542 3142 816 3199; x_wconf 86' lang='lat' dir='ltr'><strong>inﬁrmior</strong></span> <span class='ocrx_word' id='word_1_341' title='bbox 844 3144 1076 3199; x_wconf 81' lang='lat' dir='ltr'><strong>eﬁectus</strong></span> <span class='ocrx_word' id='word_1_342' title='bbox 1105 3154 1192 3199; x_wconf 91' lang='lat' dir='ltr'><strong>est</strong></span> <span class='ocrx_word' id='word_1_343' title='bbox 1242 3155 1298 3200; x_wconf 92' lang='lat' dir='ltr'><strong>et</strong></span> <span class='ocrx_word' id='word_1_344' title='bbox 1340 3155 1631 3217; x_wconf 80' lang='lat' dir='ltr'><strong>propterea</strong></span> <span class='ocrx_word' id='word_1_345' title='bbox 1679 3149 1776 3202; x_wconf 84' lang='lat' dir='ltr'><strong>ab-</strong></span> 
     </span>
    </p>
   </div>
   <div class='ocr_carea' id='block_1_47' title="bbox 1877 2046 3464 2117">
    <p class='ocr_par' dir='ltr' id='par_1_47' title="bbox 1877 2046 3464 2117">
     <span class='ocr_line' id='line_1_47' title="bbox 1877 2046 3464 2117; baseline -0.001 -16"><span class='ocrx_word' id='word_1_346' title='bbox 1877 2048 2098 2117; x_wconf 87' lang='lat' dir='ltr'><strong>quidam</strong></span> <span class='ocrx_word' id='word_1_347' title='bbox 2142 2047 2502 2103; x_wconf 67' lang='lat' dir='ltr'><strong>Judteorum:</strong></span> <span class='ocrx_word' id='word_1_348' title='bbox 2550 2063 2688 2117; x_wconf 89' lang='lat' dir='ltr'><strong>quos</strong></span> <span class='ocrx_word' id='word_1_349' title='bbox 2732 2047 2877 2101; x_wconf 89' lang='lat' dir='ltr'><strong>Dens</strong></span> <span class='ocrx_word' id='word_1_350' title='bbox 2930 2062 3024 2116; x_wconf 91' lang='lat' dir='ltr'><strong>per</strong></span> <span class='ocrx_word' id='word_1_351' title='bbox 3088 2046 3464 2116; x_wconf 82' lang='lat' dir='ltr'><strong>prophetiram</strong></span> 
     </span>
    </p>
   </div>
   <div class='ocr_carea' id='block_1_48' title="bbox 1877 2134 3468 2207">
    <p class='ocr_par' dir='ltr' id='par_1_48' title="bbox 1877 2134 3468 2207">
     <span class='ocr_line' id='line_1_48' title="bbox 1877 2134 3468 2207; baseline -0.002 -14"><span class='ocrx_word' id='word_1_352' title='bbox 1877 2152 2070 2193; x_wconf 89' lang='lat' dir='ltr'><strong>vocem</strong></span> <span class='ocrx_word' id='word_1_353' title='bbox 2096 2138 2455 2207; x_wconf 78' lang='lat' dir='ltr'><strong>exprobrans.</strong></span> <span class='ocrx_word' id='word_1_354' title='bbox 2486 2138 2614 2191; x_wconf 84' lang='lat' dir='ltr'><strong>talia</strong></span> <span class='ocrx_word' id='word_1_355' title='bbox 2645 2136 2863 2191; x_wconf 89' lang='lat' dir='ltr'><strong>dicebat</strong></span> <span class='ocrx_word' id='word_1_356' title='bbox 2894 2156 2906 2192; x_wconf 91' lang='lat'><strong>:</strong></span> <span class='ocrx_word' id='word_1_357' title='bbox 2941 2134 3043 2201; x_wconf 83' lang='lat' dir='ltr'><strong>Qui</strong></span> <span class='ocrx_word' id='word_1_358' title='bbox 3072 2137 3221 2190; x_wconf 78' lang='lat' dir='ltr'><strong>electi</strong></span> <span class='ocrx_word' id='word_1_359' title='bbox 3255 2146 3375 2190; x_wconf 83' lang='lat' dir='ltr'><strong>sunt</strong></span> <span class='ocrx_word' id='word_1_360' title='bbox 3402 2153 3468 2190; x_wconf 76' lang='lat' dir='ltr'><strong>ea;</strong></span> 
     </span>
    </p>
   </div>
   <div class='ocr_carea' id='block_1_49' title="bbox 1877 2228 3469 2300">
    <p class='ocr_par' dir='ltr' id='par_1_49' title="bbox 1877 2228 3469 2300">
     <span class='ocr_line' id='line_1_49' title="bbox 1877 2228 3469 2300; baseline -0.001 -17"><span class='ocrx_word' id='word_1_361' title='bbox 1877 2239 2046 2292; x_wconf 84' lang='lat' dir='ltr'><strong>utero,</strong></span> <span class='ocrx_word' id='word_1_362' title='bbox 2104 2228 2275 2283; x_wconf 80' lang='lat' dir='ltr'><strong>cdocti</strong></span> <span class='ocrx_word' id='word_1_363' title='bbox 2302 2233 2369 2282; x_wconf 91' lang='lat' dir='ltr'><strong>ab</strong></span> <span class='ocrx_word' id='word_1_364' title='bbox 2410 2230 2640 2300; x_wconf 79' lang='lat' dir='ltr'><strong>infantia</strong></span> <span class='ocrx_word' id='word_1_365' title='bbox 2679 2245 2843 2298; x_wconf 79' lang='lat' dir='ltr'><strong>usque</strong></span> <span class='ocrx_word' id='word_1_366' title='bbox 2870 2229 2943 2291; x_wconf 71' lang='lat' dir='ltr'><strong>ad</strong></span> <span class='ocrx_word' id='word_1_367' title='bbox 2972 2237 3289 2282; x_wconf 83' lang='lat' dir='ltr'><strong>senectutem</strong></span> <span class='ocrx_word' id='word_1_368' title='bbox 3320 2228 3387 2290; x_wconf 72' lang='grc'><strong>³⁸,</strong></span> <span class='ocrx_word' id='word_1_369' title='bbox 3409 2235 3469 2282; x_wconf 85' lang='lat' dir='ltr'><strong>et</strong></span> 
     </span>
    </p>
   </div>
   <div class='ocr_carea' id='block_1_50' title="bbox 1877 2314 3466 2386">
    <p class='ocr_par' dir='ltr' id='par_1_50' title="bbox 1877 2314 3466 2386">
     <span class='ocr_line' id='line_1_50' title="bbox 1877 2314 3466 2386; baseline -0.001 -14"><span class='ocrx_word' id='word_1_370' title='bbox 1877 2333 2067 2373; x_wconf 85' lang='lat' dir='ltr'><strong>rursus</strong></span> <span class='ocrx_word' id='word_1_371' title='bbox 2088 2335 2100 2373; x_wconf 89' lang='lat'><strong>:</strong></span> <span class='ocrx_word' id='word_1_372' title='bbox 2119 2316 2377 2386; x_wconf 82' lang='lat' dir='ltr'><strong>Ephraim</strong></span> <span class='ocrx_word' id='word_1_373' title='bbox 2406 2319 2540 2372; x_wconf 81' lang='lat' dir='ltr'><strong>sicut</strong></span> <span class='ocrx_word' id='word_1_374' title='bbox 2572 2314 2811 2371; x_wconf 79' lang='lat' dir='ltr'><strong>columba</strong></span> <span class='ocrx_word' id='word_1_375' title='bbox 2846 2318 3113 2370; x_wconf 83' lang='lat' dir='ltr'><strong>insensata</strong></span> <span class='ocrx_word' id='word_1_376' title='bbox 3144 2333 3245 2369; x_wconf 85' lang='lat' dir='ltr'><strong>non</strong></span> <span class='ocrx_word' id='word_1_377' title='bbox 3272 2316 3466 2370; x_wconf 73' lang='lat' dir='ltr'><strong>habens</strong></span> 
     </span>
    </p>
   </div>
   <div class='ocr_carea' id='block_1_51' title="bbox 1877 2410 3466 2479">
    <p class='ocr_par' dir='ltr' id='par_1_51' title="bbox 1877 2410 3466 2479">
     <span class='ocr_line' id='line_1_51' title="bbox 1877 2410 3466 2479; baseline 0 -16"><span class='ocrx_word' id='word_1_378' title='bbox 1877 2426 1961 2464; x_wconf 90' lang='lat' dir='ltr'><strong>cor</strong></span> <span class='ocrx_word' id='word_1_379' title='bbox 1975 2410 2041 2470; x_wconf 79' lang='lat'><strong>&quot;,</strong></span> <span class='ocrx_word' id='word_1_380' title='bbox 2065 2418 2120 2464; x_wconf 86' lang='lat' dir='ltr'><strong>et</strong></span> <span class='ocrx_word' id='word_1_381' title='bbox 2151 2425 2375 2464; x_wconf 86' lang='lat' dir='ltr'><strong>rursus:</strong></span> <span class='ocrx_word' id='word_1_382' title='bbox 2410 2410 2667 2479; x_wconf 80' lang='lat' dir='ltr'><strong>Epitraim</strong></span> <span class='ocrx_word' id='word_1_383' title='bbox 2700 2412 2754 2463; x_wconf 89' lang='lat' dir='ltr'><strong>in</strong></span> <span class='ocrx_word' id='word_1_384' title='bbox 2771 2410 2977 2479; x_wconf 80' lang='lat' dir='ltr'><strong>populis</strong></span> <span class='ocrx_word' id='word_1_385' title='bbox 3015 2411 3125 2463; x_wconf 85' lang='lat' dir='ltr'><strong>suis</strong></span> <span class='ocrx_word' id='word_1_386' title='bbox 3154 2410 3466 2463; x_wconf 83' lang='lat' dir='ltr'><strong>commisce-</strong></span> 
     </span>
    </p>
   </div>
   <div class='ocr_carea' id='block_1_52' title="bbox 1875 2500 3463 2571">
    <p class='ocr_par' dir='ltr' id='par_1_52' title="bbox 1875 2500 3463 2571">
     <span class='ocr_line' id='line_1_52' title="bbox 1875 2500 3463 2571; baseline 0.001 -17"><span class='ocrx_word' id='word_1_387' title='bbox 1875 2501 2032 2555; x_wconf 88' lang='lat' dir='ltr'><strong>batur</strong></span> <span class='ocrx_word' id='word_1_388' title='bbox 2047 2500 2112 2555; x_wconf 56' lang='grc'><strong>⁸⁸.</strong></span> <span class='ocrx_word' id='word_1_389' title='bbox 2137 2500 2393 2571; x_wconf 86' lang='lat' dir='ltr'><strong>Ephraim</strong></span> <span class='ocrx_word' id='word_1_390' title='bbox 2419 2501 2596 2556; x_wconf 84' lang='lat' dir='ltr'><strong>factus</strong></span> <span class='ocrx_word' id='word_1_391' title='bbox 2616 2512 2699 2557; x_wconf 91' lang='lat' dir='ltr'><strong>est</strong></span> <span class='ocrx_word' id='word_1_392' title='bbox 2722 2504 2774 2556; x_wconf 90' lang='lat' dir='ltr'><strong>in</strong></span> <span class='ocrx_word' id='word_1_393' title='bbox 2795 2502 3011 2557; x_wconf 91' lang='lat' dir='ltr'><strong>occulto</strong></span> <span class='ocrx_word' id='word_1_394' title='bbox 3026 2510 3119 2556; x_wconf 93' lang='lat' dir='ltr'><strong>tuo</strong></span> <span class='ocrx_word' id='word_1_395' title='bbox 3138 2518 3463 2567; x_wconf 82' lang='lat' dir='ltr'><strong>conversus,</strong></span> 
     </span>
    </p>
   </div>
   <div class='ocr_carea' id='block_1_53' title="bbox 1877 2593 3462 2666">
    <p class='ocr_par' dir='ltr' id='par_1_53' title="bbox 1877 2593 3462 2666">
     <span class='ocr_line' id='line_1_53' title="bbox 1877 2593 3462 2666; baseline -0.001 -17"><span class='ocrx_word' id='word_1_396' title='bbox 1877 2602 1931 2649; x_wconf 89' lang='lat' dir='ltr'><strong>ct</strong></span> <span class='ocrx_word' id='word_1_397' title='bbox 1958 2593 2081 2648; x_wconf 88' lang='lat' dir='ltr'><strong>cani</strong></span> <span class='ocrx_word' id='word_1_398' title='bbox 2121 2593 2478 2649; x_wconf 80' lang='lat' dir='ltr'><strong>eﬁloruerunt</strong></span> <span class='ocrx_word' id='word_1_399' title='bbox 2515 2596 2590 2658; x_wconf 83' lang='lat' dir='ltr'><strong>ei,</strong></span> <span class='ocrx_word' id='word_1_400' title='bbox 2629 2596 2747 2663; x_wconf 87' lang='lat' dir='ltr'><strong>ipse</strong></span> <span class='ocrx_word' id='word_1_401' title='bbox 2793 2604 2975 2649; x_wconf 88' lang='lat' dir='ltr'><strong>autem</strong></span> <span class='ocrx_word' id='word_1_402' title='bbox 3024 2611 3133 2648; x_wconf 88' lang='lat' dir='ltr'><strong>non</strong></span> <span class='ocrx_word' id='word_1_403' title='bbox 3183 2595 3462 2666; x_wconf 85' lang='lat' dir='ltr'><strong>cognovit,</strong></span> 
     </span>
    </p>
   </div>
   <div class='ocr_carea' id='block_1_54' title="bbox 1876 2686 3465 2756">
    <p class='ocr_par' dir='ltr' id='par_1_54' title="bbox 1876 2686 3465 2756">
     <span class='ocr_line' id='line_1_54' title="bbox 1876 2686 3465 2756; baseline 0.002 -18"><span class='ocrx_word' id='word_1_404' title='bbox 1876 2687 2001 2756; x_wconf 91' lang='lat' dir='ltr'><strong>quia</strong></span> <span class='ocrx_word' id='word_1_405' title='bbox 2041 2687 2086 2741; x_wconf 89' lang='lat' dir='ltr'><strong>si</strong></span> <span class='ocrx_word' id='word_1_406' title='bbox 2128 2687 2297 2741; x_wconf 87' lang='lat' dir='ltr'><strong>malos</strong></span> <span class='ocrx_word' id='word_1_407' title='bbox 2331 2687 2585 2742; x_wconf 84' lang='lat' dir='ltr'><strong>doctores</strong></span> <span class='ocrx_word' id='word_1_408' title='bbox 2628 2686 2923 2752; x_wconf 87' lang='lat' dir='ltr'><strong>invenerit,</strong></span> <span class='ocrx_word' id='word_1_409' title='bbox 2957 2688 3097 2741; x_wconf 88' lang='lat' dir='ltr'><strong>mala</strong></span> <span class='ocrx_word' id='word_1_410' title='bbox 3141 2688 3317 2741; x_wconf 90' lang='lat' dir='ltr'><strong>modis</strong></span> <span class='ocrx_word' id='word_1_411' title='bbox 3343 2703 3465 2742; x_wconf 85' lang='lat' dir='ltr'><strong>om-</strong></span> 
     </span>
    </p>
   </div>
   <div class='ocr_carea' id='block_1_55' title="bbox 1876 2777 3461 2848">
    <p class='ocr_par' dir='ltr' id='par_1_55' title="bbox 1876 2777 3461 2848">
     <span class='ocr_line' id='line_1_55' title="bbox 1876 2777 3461 2848; baseline -0.001 -18"><span class='ocrx_word' id='word_1_412' title='bbox 1876 2778 2040 2833; x_wconf 86' lang='lat' dir='ltr'><strong>nibus</strong></span> <span class='ocrx_word' id='word_1_413' title='bbox 2086 2788 2369 2848; x_wconf 86' lang='lat' dir='ltr'><strong>operatur,</strong></span> <span class='ocrx_word' id='word_1_414' title='bbox 2422 2789 2481 2832; x_wconf 90' lang='lat' dir='ltr'><strong>ut</strong></span> <span class='ocrx_word' id='word_1_415' title='bbox 2525 2777 2618 2847; x_wconf 89' lang='lat' dir='ltr'><strong>qui</strong></span> <span class='ocrx_word' id='word_1_416' title='bbox 2664 2793 2776 2830; x_wconf 83' lang='lat' dir='ltr'><strong>non</strong></span> <span class='ocrx_word' id='word_1_417' title='bbox 2824 2778 2989 2833; x_wconf 87' lang='lat' dir='ltr'><strong>habet</strong></span> <span class='ocrx_word' id='word_1_418' title='bbox 3042 2778 3461 2841; x_wconf 88' lang='lat' dir='ltr'><strong>discretionem,</strong></span> 
     </span>
    </p>
   </div>
   <div class='ocr_carea' id='block_1_56' title="bbox 1875 2868 3465 2940">
    <p class='ocr_par' dir='ltr' id='par_1_56' title="bbox 1875 2868 3465 2940">
     <span class='ocr_line' id='line_1_56' title="bbox 1875 2868 3465 2940; baseline 0.002 -19"><span class='ocrx_word' id='word_1_419' title='bbox 1875 2884 2121 2939; x_wconf 65' lang='lat' dir='ltr'><strong>quaerere</strong></span> <span class='ocrx_word' id='word_1_420' title='bbox 2142 2884 2252 2922; x_wconf 88' lang='lat' dir='ltr'><strong>non</strong></span> <span class='ocrx_word' id='word_1_421' title='bbox 2278 2877 2459 2939; x_wconf 88' lang='lat' dir='ltr'><strong>potest</strong></span> <span class='ocrx_word' id='word_1_422' title='bbox 2488 2868 2795 2923; x_wconf 79' lang='lat' dir='ltr'><strong>mercedem</strong></span> <span class='ocrx_word' id='word_1_423' title='bbox 2827 2869 3047 2923; x_wconf 89' lang='lat' dir='ltr'><strong>virtutis</strong></span> <span class='ocrx_word' id='word_1_424' title='bbox 3074 2884 3240 2939; x_wconf 89' lang='lat' dir='ltr'><strong>quam</strong></span> <span class='ocrx_word' id='word_1_425' title='bbox 3273 2869 3465 2940; x_wconf 86' lang='lat' dir='ltr'><strong>egerit,</strong></span> 
     </span>
    </p>
   </div>
   <div class='ocr_carea' id='block_1_57' title="bbox 1875 2961 3463 3032">
    <p class='ocr_par' dir='ltr' id='par_1_57' title="bbox 1875 2961 3463 3032">
     <span class='ocr_line' id='line_1_57' title="bbox 1875 2961 3463 3032; baseline 0.001 -17"><span class='ocrx_word' id='word_1_426' title='bbox 1875 2970 1931 3016; x_wconf 88' lang='lat' dir='ltr'><strong>et</strong></span> <span class='ocrx_word' id='word_1_427' title='bbox 1956 2970 2242 3032; x_wconf 90' lang='lat' dir='ltr'><strong>propterea</strong></span> <span class='ocrx_word' id='word_1_428' title='bbox 2270 2963 2552 3032; x_wconf 89' lang='lat' dir='ltr'><strong>proprium</strong></span> <span class='ocrx_word' id='word_1_429' title='bbox 2583 2976 2774 3032; x_wconf 84' lang='lat' dir='ltr'><strong>agrum</strong></span> <span class='ocrx_word' id='word_1_430' title='bbox 2806 2961 3007 3016; x_wconf 88' lang='lat' dir='ltr'><strong>dicitur</strong></span> <span class='ocrx_word' id='word_1_431' title='bbox 3032 2977 3145 3016; x_wconf 89' lang='lat' dir='ltr'><strong>non</strong></span> <span class='ocrx_word' id='word_1_432' title='bbox 3170 2962 3463 3016; x_wconf 88' lang='lat' dir='ltr'><strong>redimere.</strong></span> 
     </span>
    </p>
   </div>
   <div class='ocr_carea' id='block_1_58' title="bbox 1878 3052 3467 3123">
    <p class='ocr_par' dir='ltr' id='par_1_58' title="bbox 1878 3052 3467 3123">
     <span class='ocr_line' id='line_1_58' title="bbox 1878 3052 3467 3123; baseline 0.001 -17"><span class='ocrx_word' id='word_1_433' title='bbox 1878 3052 1987 3107; x_wconf 89' lang='lat' dir='ltr'><strong>Sed</strong></span> <span class='ocrx_word' id='word_1_434' title='bbox 2026 3054 2281 3109; x_wconf 88' lang='lat' dir='ltr'><strong>veniente</strong></span> <span class='ocrx_word' id='word_1_435' title='bbox 2331 3053 2585 3115; x_wconf 78' lang='lat' dir='ltr'><strong>Jubilaeo,</strong></span> <span class='ocrx_word' id='word_1_436' title='bbox 2629 3053 2682 3108; x_wconf 91' lang='lat' dir='ltr'><strong>id</strong></span> <span class='ocrx_word' id='word_1_437' title='bbox 2714 3062 2799 3108; x_wconf 90' lang='lat' dir='ltr'><strong>est</strong></span> <span class='ocrx_word' id='word_1_438' title='bbox 2843 3062 3088 3123; x_wconf 86' lang='lat' dir='ltr'><strong>tempore</strong></span> <span class='ocrx_word' id='word_1_439' title='bbox 3129 3053 3467 3108; x_wconf 89' lang='lat' dir='ltr'><strong>remissionis</strong></span> 
     </span>
    </p>
   </div>
   <div class='ocr_carea' id='block_1_59' title="bbox 1878 3136 3464 3216">
    <p class='ocr_par' dir='ltr' id='par_1_59' title="bbox 1878 3136 3464 3216">
     <span class='ocr_line' id='line_1_59' title="bbox 1878 3136 3464 3216; baseline 0.002 -17"><span class='ocrx_word' id='word_1_440' title='bbox 1878 3136 2219 3214; x_wconf 70' lang='lat' dir='ltr'><strong>transeunte,</strong></span> <span class='ocrx_word' id='word_1_441' title='bbox 2254 3147 2308 3200; x_wconf 90' lang='lat' dir='ltr'><strong>in</strong></span> <span class='ocrx_word' id='word_1_442' title='bbox 2336 3163 2443 3216; x_wconf 91' lang='lat' dir='ltr'><strong>quo</strong></span> <span class='ocrx_word' id='word_1_443' title='bbox 2474 3146 2726 3201; x_wconf 83' lang='lat' dir='ltr'><strong>remissio</strong></span> <span class='ocrx_word' id='word_1_444' title='bbox 2761 3147 2941 3203; x_wconf 88' lang='lat' dir='ltr'><strong>locum</strong></span> <span class='ocrx_word' id='word_1_445' title='bbox 2967 3148 3153 3211; x_wconf 89' lang='lat' dir='ltr'><strong>habet,</strong></span> <span class='ocrx_word' id='word_1_446' title='bbox 3174 3156 3260 3203; x_wconf 89' lang='lat' dir='ltr'><strong>est</strong></span> <span class='ocrx_word' id='word_1_447' title='bbox 3279 3155 3464 3202; x_wconf 88' lang='lat' dir='ltr'><strong>autem</strong></span> 
     </span>
    </p>
   </div>
   <div class='ocr_carea' id='block_1_60' title="bbox 179 3227 3464 3330">
    <p class='ocr_par' dir='ltr' id='par_1_60' title="bbox 179 3227 3464 3330">
     <span class='ocr_line' id='line_1_60' title="bbox 179 3227 3464 3330; baseline 0.004 -47"><span class='ocrx_word' id='word_1_448' title='bbox 179 3227 391 3330; x_wconf 72' lang='lat' dir='ltr'><strong>jectior,</strong></span> <span class='ocrx_word' id='word_1_449' title='bbox 442 3241 500 3286; x_wconf 88' lang='lat' dir='ltr'><strong>et</strong></span> <span class='ocrx_word' id='word_1_450' title='bbox 546 3249 662 3287; x_wconf 89' lang='lat' dir='ltr'><strong>non</strong></span> <span class='ocrx_word' id='word_1_451' title='bbox 688 3233 800 3304; x_wconf 90' lang='lat' dir='ltr'><strong>jam</strong></span> <span class='ocrx_word' id='word_1_452' title='bbox 851 3235 974 3290; x_wconf 89' lang='lat' dir='ltr'><strong>talis</strong></span> <span class='ocrx_word' id='word_1_453' title='bbox 1017 3244 1103 3290; x_wconf 91' lang='lat' dir='ltr'><strong>est</strong></span> <span class='ocrx_word' id='word_1_454' title='bbox 1135 3236 1313 3305; x_wconf 91' lang='lat' dir='ltr'><strong>qualis</strong></span> <span class='ocrx_word' id='word_1_455' title='bbox 1342 3253 1467 3292; x_wconf 90' lang='lat' dir='ltr'><strong>cum</strong></span> <span class='ocrx_word' id='word_1_456' title='bbox 1493 3240 1772 3309; x_wconf 89' lang='lat' dir='ltr'><strong>acceperit</strong></span> <span class='ocrx_word' id='word_1_457' title='bbox 1801 3269 1846 3330; x_wconf 62' lang='grc' dir='ltr'>ο</span> <span class='ocrx_word' id='word_1_458' title='bbox 1877 3252 2121 3309; x_wconf 72' lang='lat' dir='ltr'><strong>praesens</strong></span> <span class='ocrx_word' id='word_1_459' title='bbox 2148 3238 2280 3305; x_wconf 89' lang='lat' dir='ltr'><strong>vita,</strong></span> <span class='ocrx_word' id='word_1_460' title='bbox 2316 3240 2436 3294; x_wconf 89' lang='lat' dir='ltr'><strong>vide</strong></span> <span class='ocrx_word' id='word_1_461' title='bbox 2458 3241 2618 3309; x_wconf 88' lang='lat' dir='ltr'><strong>quale</strong></span> <span class='ocrx_word' id='word_1_462' title='bbox 2654 3249 3033 3311; x_wconf 84' lang='lat' dir='ltr'><strong>quantumque</strong></span> <span class='ocrx_word' id='word_1_463' title='bbox 3062 3242 3155 3307; x_wconf 87' lang='lat' dir='ltr'><strong>sit,</strong></span> <span class='ocrx_word' id='word_1_464' title='bbox 3192 3239 3337 3311; x_wconf 90' lang='lat' dir='ltr'><strong>quod</strong></span> <span class='ocrx_word' id='word_1_465' title='bbox 3365 3257 3464 3310; x_wconf 85' lang='lat' dir='ltr'><strong>pa-</strong></span> 
     </span>
    </p>
   </div>
   <div class='ocr_carea' id='block_1_61' title="bbox 179 3319 1774 3399">
    <p class='ocr_par' dir='ltr' id='par_1_61' title="bbox 179 3319 1774 3399">
     <span class='ocr_line' id='line_1_61' title="bbox 179 3319 1774 3399; baseline 0.008 -24"><span class='ocrx_word' id='word_1_466' title='bbox 179 3319 401 3385; x_wconf 90' lang='lat' dir='ltr'><strong>donum,</strong></span> <span class='ocrx_word' id='word_1_467' title='bbox 443 3322 576 3379; x_wconf 77' lang='lat' dir='ltr'><strong>fuit.</strong></span> <span class='ocrx_word' id='word_1_468' title='bbox 619 3323 1010 3381; x_wconf 82' lang='lat' dir='ltr'><strong>Verumtamen</strong></span> <span class='ocrx_word' id='word_1_469' title='bbox 1054 3336 1111 3382; x_wconf 88' lang='lat' dir='ltr'><strong>et</strong></span> <span class='ocrx_word' id='word_1_470' title='bbox 1142 3328 1230 3399; x_wconf 82' lang='lat' dir='ltr'><strong>hic</strong></span> <span class='ocrx_word' id='word_1_471' title='bbox 1264 3329 1453 3384; x_wconf 90' lang='lat' dir='ltr'><strong>volens</strong></span> <span class='ocrx_word' id='word_1_472' title='bbox 1504 3331 1774 3387; x_wconf 91' lang='lat' dir='ltr'><strong>redimere</strong></span> 
     </span>
    </p>
   </div>
   <div class='ocr_carea' id='block_1_62' title="bbox 179 3418 1775 3493">
    <p class='ocr_par' dir='ltr' id='par_1_62' title="bbox 179 3418 1775 3493">
     <span class='ocr_line' id='line_1_62' title="bbox 179 3418 1775 3493; baseline 0.008 -28"><span class='ocrx_word' id='word_1_473' title='bbox 179 3426 364 3484; x_wconf 84' lang='lat' dir='ltr'><strong>agrum</strong></span> <span class='ocrx_word' id='word_1_474' title='bbox 390 3430 561 3471; x_wconf 87' lang='lat' dir='ltr'><strong>suum</strong></span> <span class='ocrx_word' id='word_1_475' title='bbox 595 3418 822 3487; x_wconf 85' lang='lat' dir='ltr'><strong>poterit,</strong></span> <span class='ocrx_word' id='word_1_476' title='bbox 852 3418 904 3473; x_wconf 92' lang='lat' dir='ltr'><strong>id</strong></span> <span class='ocrx_word' id='word_1_477' title='bbox 940 3428 1044 3483; x_wconf 89' lang='lat' dir='ltr'><strong>est,</strong></span> <span class='ocrx_word' id='word_1_478' title='bbox 1071 3420 1435 3490; x_wconf 78' lang='lat' dir='ltr'><strong>semetipsum</strong></span> <span class='ocrx_word' id='word_1_479' title='bbox 1468 3422 1775 3493; x_wconf 82' lang='lat' dir='ltr'><strong>gubernare</strong></span> 
     </span>
    </p>
   </div>
   <div class='ocr_carea' id='block_1_63' title="bbox 176 3505 1772 3584">
    <p class='ocr_par' dir='ltr' id='par_1_63' title="bbox 176 3505 1772 3584">
     <span class='ocr_line' id='line_1_63' title="bbox 176 3505 1772 3584; baseline 0.006 -26"><span class='ocrx_word' id='word_1_480' title='bbox 176 3513 230 3558; x_wconf 86' lang='lat' dir='ltr'><strong>et</strong></span> <span class='ocrx_word' id='word_1_481' title='bbox 266 3505 488 3575; x_wconf 88' lang='lat' dir='ltr'><strong>docere,</strong></span> <span class='ocrx_word' id='word_1_482' title='bbox 541 3509 813 3579; x_wconf 83' lang='lat' dir='ltr'><strong>adjiciens</strong></span> <span class='ocrx_word' id='word_1_483' title='bbox 850 3511 1095 3580; x_wconf 88' lang='lat' dir='ltr'><strong>quintam</strong></span> <span class='ocrx_word' id='word_1_484' title='bbox 1146 3513 1357 3582; x_wconf 82' lang='lat' dir='ltr'><strong>argenti</strong></span> <span class='ocrx_word' id='word_1_485' title='bbox 1407 3515 1475 3568; x_wconf 89' lang='lat' dir='ltr'><strong>ad</strong></span> <span class='ocrx_word' id='word_1_486' title='bbox 1530 3515 1772 3584; x_wconf 90' lang='lat' dir='ltr'><strong>pretium</strong></span> 
     </span>
    </p>
   </div>
   <div class='ocr_carea' id='block_1_64' title="bbox 179 3600 1776 3677">
    <p class='ocr_par' dir='ltr' id='par_1_64' title="bbox 179 3600 1776 3677">
     <span class='ocr_line' id='line_1_64' title="bbox 179 3600 1776 3677; baseline 0.009 -30"><span class='ocrx_word' id='word_1_487' title='bbox 179 3609 358 3662; x_wconf 86' lang='lat' dir='ltr'><strong>suum,</strong></span> <span class='ocrx_word' id='word_1_488' title='bbox 399 3600 623 3657; x_wconf 89' lang='lat' dir='ltr'><strong>addens</strong></span> <span class='ocrx_word' id='word_1_489' title='bbox 665 3602 929 3659; x_wconf 72' lang='lat' dir='ltr'><strong>doctrinae</strong></span> <span class='ocrx_word' id='word_1_490' title='bbox 963 3605 1265 3661; x_wconf 82' lang='lat' dir='ltr'><strong>sacerdotis</strong></span> <span class='ocrx_word' id='word_1_491' title='bbox 1300 3608 1583 3677; x_wconf 88' lang='lat' dir='ltr'><strong>proprium</strong></span> <span class='ocrx_word' id='word_1_492' title='bbox 1617 3608 1776 3662; x_wconf 88' lang='lat' dir='ltr'><strong>intel-</strong></span> 
     </span>
    </p>
   </div>
   <div class='ocr_carea' id='block_1_65' title="bbox 176 3687 1775 3768">
    <p class='ocr_par' dir='ltr' id='par_1_65' title="bbox 176 3687 1775 3768">
     <span class='ocr_line' id='line_1_65' title="bbox 176 3687 1775 3768; baseline 0.006 -26"><span class='ocrx_word' id='word_1_493' title='bbox 176 3687 398 3754; x_wconf 90' lang='lat' dir='ltr'><strong>lectum,</strong></span> <span class='ocrx_word' id='word_1_494' title='bbox 440 3701 507 3746; x_wconf 89' lang='lat' dir='ltr'><strong>ut</strong></span> <span class='ocrx_word' id='word_1_495' title='bbox 552 3692 865 3765; x_wconf 81' lang='lat' dir='ltr'><strong>intelligens</strong></span> <span class='ocrx_word' id='word_1_496' title='bbox 906 3695 1260 3765; x_wconf 88' lang='lat' dir='ltr'><strong>eruditusque</strong></span> <span class='ocrx_word' id='word_1_497' title='bbox 1306 3697 1390 3752; x_wconf 92' lang='lat' dir='ltr'><strong>sui</strong></span> <span class='ocrx_word' id='word_1_498' title='bbox 1445 3698 1775 3768; x_wconf 83' lang='lat' dir='ltr'><strong>gubernator</strong></span> 
     </span>
    </p>
   </div>
   <div class='ocr_carea' id='block_1_66' title="bbox 175 3781 1772 3863">
    <p class='ocr_par' dir='ltr' id='par_1_66' title="bbox 175 3781 1772 3863">
     <span class='ocr_line' id='line_1_66' title="bbox 175 3781 1772 3863; baseline 0.007 -27"><span class='ocrx_word' id='word_1_499' title='bbox 175 3781 476 3854; x_wconf 82' lang='lat' dir='ltr'><strong>ductorque</strong></span> <span class='ocrx_word' id='word_1_500' title='bbox 536 3784 830 3841; x_wconf 84' lang='lat' dir='ltr'><strong>etIiciatur.</strong></span> <span class='ocrx_word' id='word_1_501' title='bbox 885 3786 977 3842; x_wconf 90' lang='lat' dir='ltr'><strong>Sic</strong></span> <span class='ocrx_word' id='word_1_502' title='bbox 1022 3788 1169 3842; x_wconf 90' lang='lat' dir='ltr'><strong>enim</strong></span> <span class='ocrx_word' id='word_1_503' title='bbox 1229 3788 1584 3860; x_wconf 84' lang='lat' dir='ltr'><strong>intelligibilis</strong></span> <span class='ocrx_word' id='word_1_504' title='bbox 1626 3806 1772 3863; x_wconf 88' lang='lat' dir='ltr'><strong>ager,</strong></span> 
     </span>
    </p>
   </div>
   <div class='ocr_carea' id='block_1_67' title="bbox 172 3877 1774 3952">
    <p class='ocr_par' dir='ltr' id='par_1_67' title="bbox 172 3877 1774 3952">
     <span class='ocr_line' id='line_1_67' title="bbox 172 3877 1774 3952; baseline 0.006 -24"><span class='ocrx_word' id='word_1_505' title='bbox 172 3890 330 3941; x_wconf 86' lang='lat' dir='ltr'><strong>quem</strong></span> <span class='ocrx_word' id='word_1_506' title='bbox 365 3877 723 3933; x_wconf 87' lang='lat' dir='ltr'><strong>consecravit</strong></span> <span class='ocrx_word' id='word_1_507' title='bbox 749 3878 990 3933; x_wconf 82' lang='lat' dir='ltr'><strong>oﬂ‘erens</strong></span> <span class='ocrx_word' id='word_1_508' title='bbox 1014 3879 1305 3945; x_wconf 87' lang='lat' dir='ltr'><strong>sacerdoti,</strong></span> <span class='ocrx_word' id='word_1_509' title='bbox 1338 3882 1409 3936; x_wconf 89' lang='lat' dir='ltr'><strong>ab</strong></span> <span class='ocrx_word' id='word_1_510' title='bbox 1437 3898 1504 3937; x_wconf 90' lang='lat' dir='ltr'><strong>eo</strong></span> <span class='ocrx_word' id='word_1_511' title='bbox 1523 3883 1774 3952; x_wconf 87' lang='lat' dir='ltr'><strong>posside-</strong></span> 
     </span>
    </p>
   </div>
   <div class='ocr_carea' id='block_1_68' title="bbox 172 3963 1774 4044">
    <p class='ocr_par' dir='ltr' id='par_1_68' title="bbox 172 3963 1774 4044">
     <span class='ocr_line' id='line_1_68' title="bbox 172 3963 1774 4044; baseline 0.006 -25"><span class='ocrx_word' id='word_1_512' title='bbox 172 3963 338 4032; x_wconf 90' lang='lat' dir='ltr'><strong>bitur,</strong></span> <span class='ocrx_word' id='word_1_513' title='bbox 371 3977 431 4023; x_wconf 91' lang='lat' dir='ltr'><strong>et</strong></span> <span class='ocrx_word' id='word_1_514' title='bbox 469 3985 589 4024; x_wconf 91' lang='lat' dir='ltr'><strong>non</strong></span> <span class='ocrx_word' id='word_1_515' title='bbox 633 3970 703 4025; x_wconf 91' lang='lat' dir='ltr'><strong>ab</strong></span> <span class='ocrx_word' id='word_1_516' title='bbox 741 3970 868 4034; x_wconf 89' lang='lat' dir='ltr'><strong>alio,</strong></span> <span class='ocrx_word' id='word_1_517' title='bbox 909 3971 1278 4035; x_wconf 90' lang='lat' dir='ltr'><strong>conversatio,</strong></span> <span class='ocrx_word' id='word_1_518' title='bbox 1315 3982 1372 4026; x_wconf 92' lang='lat' dir='ltr'><strong>et</strong></span> <span class='ocrx_word' id='word_1_519' title='bbox 1394 3973 1570 4029; x_wconf 84' lang='lat' dir='ltr'><strong>virtus</strong></span> <span class='ocrx_word' id='word_1_520' title='bbox 1610 3990 1774 4044; x_wconf 87' lang='lat' dir='ltr'><strong>quam</strong></span> 
     </span>
    </p>
   </div>
   <div class='ocr_carea' id='block_1_69' title="bbox 169 4061 1777 4136">
    <p class='ocr_par' dir='ltr' id='par_1_69' title="bbox 169 4061 1777 4136">
     <span class='ocr_line' id='line_1_69' title="bbox 169 4061 1777 4136; baseline 0.006 -23"><span class='ocrx_word' id='word_1_521' title='bbox 169 4061 374 4127; x_wconf 85' lang='lat' dir='ltr'><strong>studet,</strong></span> <span class='ocrx_word' id='word_1_522' title='bbox 409 4063 535 4118; x_wconf 85' lang='lat' dir='ltr'><strong>sive</strong></span> <span class='ocrx_word' id='word_1_523' title='bbox 561 4077 632 4117; x_wconf 80' lang='lat' dir='ltr'><strong>ex</strong></span> <span class='ocrx_word' id='word_1_524' title='bbox 658 4072 796 4128; x_wconf 91' lang='lat' dir='ltr'><strong>toto,</strong></span> <span class='ocrx_word' id='word_1_525' title='bbox 838 4063 950 4119; x_wconf 87' lang='lat' dir='ltr'><strong>sive</strong></span> <span class='ocrx_word' id='word_1_526' title='bbox 978 4079 1048 4119; x_wconf 82' lang='lat' dir='ltr'><strong>ex</strong></span> <span class='ocrx_word' id='word_1_527' title='bbox 1085 4073 1262 4133; x_wconf 87' lang='lat' dir='ltr'><strong>parte,</strong></span> <span class='ocrx_word' id='word_1_528' title='bbox 1284 4066 1381 4120; x_wconf 90' lang='lat' dir='ltr'><strong>sed</strong></span> <span class='ocrx_word' id='word_1_529' title='bbox 1406 4065 1525 4135; x_wconf 89' lang='lat' dir='ltr'><strong>ipse</strong></span> <span class='ocrx_word' id='word_1_530' title='bbox 1550 4068 1640 4136; x_wconf 88' lang='lat' dir='ltr'><strong>qui</strong></span> <span class='ocrx_word' id='word_1_531' title='bbox 1663 4068 1777 4136; x_wconf 82' lang='lat' dir='ltr'><strong>agit</strong></span> 
     </span>
    </p>
   </div>
   <div class='ocr_carea' id='block_1_70' title="bbox 171 4153 1771 4229">
    <p class='ocr_par' dir='ltr' id='par_1_70' title="bbox 171 4153 1771 4229">
     <span class='ocr_line' id='line_1_70' title="bbox 171 4153 1771 4229; baseline 0.008 -26"><span class='ocrx_word' id='word_1_532' title='bbox 171 4153 547 4221; x_wconf 85' lang='lat' dir='ltr'><strong>reputabitur.</strong></span> <span class='ocrx_word' id='word_1_533' title='bbox 620 4154 885 4210; x_wconf 83' lang='lat' dir='ltr'><strong>Divisioni</strong></span> <span class='ocrx_word' id='word_1_534' title='bbox 940 4155 1088 4211; x_wconf 91' lang='lat' dir='ltr'><strong>enim</strong></span> <span class='ocrx_word' id='word_1_535' title='bbox 1145 4157 1471 4229; x_wconf 88' lang='lat' dir='ltr'><strong>legislatoris</strong></span> <span class='ocrx_word' id='word_1_536' title='bbox 1528 4159 1771 4225; x_wconf 88' lang='lat' dir='ltr'><strong>intende,</strong></span> 
     </span>
    </p>
   </div>
   <div class='ocr_carea' id='block_1_71' title="bbox 166 4245 1773 4317">
    <p class='ocr_par' dir='ltr' id='par_1_71' title="bbox 166 4245 1773 4317">
     <span class='ocr_line' id='line_1_71' title="bbox 166 4245 1773 4317; baseline 0.005 -19"><span class='ocrx_word' id='word_1_537' title='bbox 166 4245 643 4313; x_wconf 82' lang='lat' dir='ltr'><strong>quemadmodum</strong></span> <span class='ocrx_word' id='word_1_538' title='bbox 665 4246 1026 4312; x_wconf 87' lang='lat' dir='ltr'><strong>sanctiﬁcare,</strong></span> <span class='ocrx_word' id='word_1_539' title='bbox 1047 4248 1162 4304; x_wconf 81' lang='lat' dir='ltr'><strong>sive</strong></span> <span class='ocrx_word' id='word_1_540' title='bbox 1181 4265 1507 4305; x_wconf 90' lang='lat' dir='ltr'><strong>consecrare</strong></span> <span class='ocrx_word' id='word_1_541' title='bbox 1526 4252 1773 4317; x_wconf 91' lang='lat' dir='ltr'><strong>domum,</strong></span> 
     </span>
    </p>
   </div>
   <div class='ocr_carea' id='block_1_72' title="bbox 168 4336 1775 4411">
    <p class='ocr_par' dir='ltr' id='par_1_72' title="bbox 168 4336 1775 4411">
     <span class='ocr_line' id='line_1_72' title="bbox 168 4336 1775 4411; baseline 0.006 -23"><span class='ocrx_word' id='word_1_542' title='bbox 168 4336 252 4389; x_wconf 90' lang='lat' dir='ltr'><strong>vel</strong></span> <span class='ocrx_word' id='word_1_543' title='bbox 281 4351 483 4407; x_wconf 86' lang='lat' dir='ltr'><strong>agrum</strong></span> <span class='ocrx_word' id='word_1_544' title='bbox 540 4337 817 4392; x_wconf 89' lang='lat' dir='ltr'><strong>volentem</strong></span> <span class='ocrx_word' id='word_1_545' title='bbox 871 4339 1344 4395; x_wconf 89' lang='lat' dir='ltr'><strong>consecrationem</strong></span> <span class='ocrx_word' id='word_1_546' title='bbox 1388 4340 1543 4411; x_wconf 82' lang='lat' dir='ltr'><strong>prius</strong></span> <span class='ocrx_word' id='word_1_547' title='bbox 1597 4342 1775 4399; x_wconf 80' lang='lat' dir='ltr'><strong>facere</strong></span> 
     </span>
    </p>
   </div>
   <div class='ocr_carea' id='block_1_73' title="bbox 166 4424 1775 4499">
    <p class='ocr_par' dir='ltr' id='par_1_73' title="bbox 166 4424 1775 4499">
     <span class='ocr_line' id='line_1_73' title="bbox 166 4424 1775 4499; baseline 0.006 -23"><span class='ocrx_word' id='word_1_548' title='bbox 166 4424 303 4491; x_wconf 87' lang='lat' dir='ltr'><strong>vult,</strong></span> <span class='ocrx_word' id='word_1_549' title='bbox 344 4426 550 4497; x_wconf 80' lang='lat' dir='ltr'><strong>sicque</strong></span> <span class='ocrx_word' id='word_1_550' title='bbox 591 4427 641 4480; x_wconf 85' lang='lat' dir='ltr'><strong>ei</strong></span> <span class='ocrx_word' id='word_1_551' title='bbox 676 4427 922 4496; x_wconf 65' lang='lat' dir='ltr'><strong>praecipit</strong></span> <span class='ocrx_word' id='word_1_552' title='bbox 961 4428 1249 4492; x_wconf 86' lang='lat' dir='ltr'><strong>redimere,</strong></span> <span class='ocrx_word' id='word_1_553' title='bbox 1281 4445 1402 4499; x_wconf 68' lang='lat' dir='ltr'><strong>qua:</strong></span> <span class='ocrx_word' id='word_1_554' title='bbox 1438 4431 1775 4486; x_wconf 87' lang='lat' dir='ltr'><strong>sanctiﬁcata</strong></span> 
     </span>
    </p>
   </div>
   <div class='ocr_carea' id='block_1_74' title="bbox 166 4529 315 4571">
    <p class='ocr_par' dir='ltr' id='par_1_74' title="bbox 166 4529 315 4571">
     <span class='ocr_line' id='line_1_74' title="bbox 166 4529 315 4571; baseline 0.007 -1"><span class='ocrx_word' id='word_1_555' title='bbox 166 4529 315 4571; x_wconf 82' lang='lat' dir='ltr'><strong>sunt.</strong></span> 
     </span>
    </p>
   </div>
   <div class='ocr_carea' id='block_1_75' title="bbox 1880 3330 3467 3400">
    <p class='ocr_par' dir='ltr' id='par_1_75' title="bbox 1880 3330 3467 3400">
     <span class='ocr_line' id='line_1_75' title="bbox 1880 3330 3467 3400; baseline 0 -16"><span class='ocrx_word' id='word_1_556' title='bbox 1880 3330 2086 3385; x_wconf 90' lang='lat' dir='ltr'><strong>tietur:</strong></span> <span class='ocrx_word' id='word_1_557' title='bbox 2120 3331 2400 3400; x_wconf 88' lang='lat' dir='ltr'><strong>possessio</strong></span> <span class='ocrx_word' id='word_1_558' title='bbox 2442 3331 2780 3387; x_wconf 87' lang='lat' dir='ltr'><strong>sanctiﬁcata</strong></span> <span class='ocrx_word' id='word_1_559' title='bbox 2809 3332 2914 3386; x_wconf 89' lang='lat' dir='ltr'><strong>erit</strong></span> <span class='ocrx_word' id='word_1_560' title='bbox 2952 3331 3208 3396; x_wconf 87' lang='lat' dir='ltr'><strong>Domino,</strong></span> <span class='ocrx_word' id='word_1_561' title='bbox 3239 3345 3467 3386; x_wconf 88' lang='lat' dir='ltr'><strong>conver-</strong></span> 
     </span>
    </p>
   </div>
   <div class='ocr_carea' id='block_1_76' title="bbox 1877 3422 3466 3492">
    <p class='ocr_par' dir='ltr' id='par_1_76' title="bbox 1877 3422 3466 3492">
     <span class='ocr_line' id='line_1_76' title="bbox 1877 3422 3466 3492; baseline 0 -16"><span class='ocrx_word' id='word_1_562' title='bbox 1877 3422 2142 3477; x_wconf 89' lang='lat' dir='ltr'><strong>sationem</strong></span> <span class='ocrx_word' id='word_1_563' title='bbox 2169 3438 2330 3492; x_wconf 87' lang='lat' dir='ltr'><strong>quam</strong></span> <span class='ocrx_word' id='word_1_564' title='bbox 2373 3425 2544 3479; x_wconf 86' lang='lat' dir='ltr'><strong>semel</strong></span> <span class='ocrx_word' id='word_1_565' title='bbox 2569 3433 2898 3480; x_wconf 90' lang='lat' dir='ltr'><strong>consecutus</strong></span> <span class='ocrx_word' id='word_1_566' title='bbox 2941 3435 3046 3488; x_wconf 92' lang='lat' dir='ltr'><strong>est,</strong></span> <span class='ocrx_word' id='word_1_567' title='bbox 3082 3422 3296 3478; x_wconf 88' lang='lat' dir='ltr'><strong>etiamsi</strong></span> <span class='ocrx_word' id='word_1_568' title='bbox 3329 3423 3466 3479; x_wconf 90' lang='lat' dir='ltr'><strong>alter</strong></span> 
     </span>
    </p>
   </div>
   <div class='ocr_carea' id='block_1_77' title="bbox 1877 3513 3467 3583">
    <p class='ocr_par' dir='ltr' id='par_1_77' title="bbox 1877 3513 3467 3583">
     <span class='ocr_line' id='line_1_77' title="bbox 1877 3513 3467 3583; baseline 0.001 -17"><span class='ocrx_word' id='word_1_569' title='bbox 1877 3524 1994 3566; x_wconf 88' lang='lat' dir='ltr'><strong>erat</strong></span> <span class='ocrx_word' id='word_1_570' title='bbox 2019 3513 2110 3582; x_wconf 89' lang='lat' dir='ltr'><strong>qui</strong></span> <span class='ocrx_word' id='word_1_571' title='bbox 2144 3513 2501 3583; x_wconf 85' lang='lat' dir='ltr'><strong>gubernabat.</strong></span> <span class='ocrx_word' id='word_1_572' title='bbox 2526 3526 2711 3571; x_wconf 89' lang='lat' dir='ltr'><strong>sancta</strong></span> <span class='ocrx_word' id='word_1_573' title='bbox 2739 3514 3111 3570; x_wconf 84' lang='lat' dir='ltr'><strong>eritDomino.</strong></span> <span class='ocrx_word' id='word_1_574' title='bbox 3142 3513 3248 3569; x_wconf 87' lang='lat' dir='ltr'><strong>Sed</strong></span> <span class='ocrx_word' id='word_1_575' title='bbox 3274 3530 3467 3583; x_wconf 89' lang='lat' dir='ltr'><strong>quem-</strong></span> 
     </span>
    </p>
   </div>
   <div class='ocr_carea' id='block_1_78' title="bbox 1876 3601 3466 3672">
    <p class='ocr_par' dir='ltr' id='par_1_78' title="bbox 1876 3601 3466 3672">
     <span class='ocr_line' id='line_1_78' title="bbox 1876 3601 3466 3672; baseline 0 -17"><span class='ocrx_word' id='word_1_576' title='bbox 1876 3601 2169 3656; x_wconf 88' lang='lat' dir='ltr'><strong>admodum</strong></span> <span class='ocrx_word' id='word_1_577' title='bbox 2216 3610 2273 3656; x_wconf 88' lang='lat' dir='ltr'><strong>et</strong></span> <span class='ocrx_word' id='word_1_578' title='bbox 2300 3602 2580 3672; x_wconf 87' lang='lat' dir='ltr'><strong>possessio</strong></span> <span class='ocrx_word' id='word_1_579' title='bbox 2632 3610 2975 3667; x_wconf 87' lang='lat' dir='ltr'><strong>consecrata,</strong></span> <span class='ocrx_word' id='word_1_580' title='bbox 3016 3603 3084 3657; x_wconf 90' lang='lat' dir='ltr'><strong>ad</strong></span> <span class='ocrx_word' id='word_1_581' title='bbox 3111 3602 3202 3672; x_wconf 86' lang='lat' dir='ltr'><strong>jus</strong></span> <span class='ocrx_word' id='word_1_582' title='bbox 3226 3602 3466 3672; x_wconf 85' lang='lat' dir='ltr'><strong>pertinet</strong></span> 
     </span>
    </p>
   </div>
   <div class='ocr_carea' id='block_1_79' title="bbox 1877 3693 3464 3764">
    <p class='ocr_par' dir='ltr' id='par_1_79' title="bbox 1877 3693 3464 3764">
     <span class='ocr_line' id='line_1_79' title="bbox 1877 3693 3464 3764; baseline 0.001 -16"><span class='ocrx_word' id='word_1_583' title='bbox 1877 3693 2227 3748; x_wconf 85' lang='lat' dir='ltr'><strong>sacerdotum</strong></span> <span class='ocrx_word' id='word_1_584' title='bbox 2265 3711 2277 3746; x_wconf 90' lang='lat'><strong>:</strong></span> <span class='ocrx_word' id='word_1_585' title='bbox 2305 3694 2580 3764; x_wconf 89' lang='lat' dir='ltr'><strong>possessio</strong></span> <span class='ocrx_word' id='word_1_586' title='bbox 2601 3695 2747 3749; x_wconf 89' lang='lat' dir='ltr'><strong>enim</strong></span> <span class='ocrx_word' id='word_1_587' title='bbox 2775 3695 2915 3764; x_wconf 90' lang='lat' dir='ltr'><strong>ejus,</strong></span> <span class='ocrx_word' id='word_1_588' title='bbox 2945 3704 3001 3750; x_wconf 88' lang='lat' dir='ltr'><strong>et</strong></span> <span class='ocrx_word' id='word_1_589' title='bbox 3024 3694 3236 3747; x_wconf 87' lang='lat' dir='ltr'><strong>lucrum</strong></span> <span class='ocrx_word' id='word_1_590' title='bbox 3266 3693 3340 3758; x_wconf 86' lang='lat' dir='ltr'><strong>ei,</strong></span> <span class='ocrx_word' id='word_1_591' title='bbox 3369 3694 3464 3763; x_wconf 89' lang='lat' dir='ltr'><strong>qui</strong></span> 
     </span>
    </p>
   </div>
   <div class='ocr_carea' id='block_1_80' title="bbox 1877 3786 3464 3857">
    <p class='ocr_par' dir='ltr' id='par_1_80' title="bbox 1877 3786 3464 3857">
     <span class='ocr_line' id='line_1_80' title="bbox 1877 3786 3464 3857; baseline 0.001 -17"><span class='ocrx_word' id='word_1_592' title='bbox 1877 3787 2141 3841; x_wconf 83' lang='lat' dir='ltr'><strong>continue</strong></span> <span class='ocrx_word' id='word_1_593' title='bbox 2183 3786 2529 3857; x_wconf 83' lang='lat' dir='ltr'><strong>gubernavit,</strong></span> <span class='ocrx_word' id='word_1_594' title='bbox 2569 3787 2945 3857; x_wconf 87' lang='lat' dir='ltr'><strong>imputabitur,</strong></span> <span class='ocrx_word' id='word_1_595' title='bbox 2984 3787 3085 3842; x_wconf 85' lang='lat' dir='ltr'><strong>etsi</strong></span> <span class='ocrx_word' id='word_1_596' title='bbox 3130 3801 3325 3855; x_wconf 90' lang='lat' dir='ltr'><strong>parum</strong></span> <span class='ocrx_word' id='word_1_597' title='bbox 3369 3802 3464 3841; x_wconf 90' lang='lat' dir='ltr'><strong>ne-</strong></span> 
     </span>
    </p>
   </div>
   <div class='ocr_carea' id='block_1_81' title="bbox 1876 3878 3464 3953">
    <p class='ocr_par' dir='ltr' id='par_1_81' title="bbox 1876 3878 3464 3953">
     <span class='ocr_line' id='line_1_81' title="bbox 1876 3878 3464 3953; baseline -0.001 -20"><span class='ocrx_word' id='word_1_598' title='bbox 1876 3879 2139 3951; x_wconf 81' lang='lat' dir='ltr'><strong>glexerat,</strong></span> <span class='ocrx_word' id='word_1_599' title='bbox 2185 3886 2441 3943; x_wconf 89' lang='lat' dir='ltr'><strong>verterat,</strong></span> <span class='ocrx_word' id='word_1_600' title='bbox 2490 3880 2605 3933; x_wconf 88' lang='lat' dir='ltr'><strong>sive</strong></span> <span class='ocrx_word' id='word_1_601' title='bbox 2651 3887 2955 3933; x_wconf 88' lang='lat' dir='ltr'><strong>mutaverat</strong></span> <span class='ocrx_word' id='word_1_602' title='bbox 2993 3894 3051 3934; x_wconf 91' lang='lat' dir='ltr'><strong>se</strong></span> <span class='ocrx_word' id='word_1_603' title='bbox 3087 3879 3153 3934; x_wconf 90' lang='lat' dir='ltr'><strong>ad</strong></span> <span class='ocrx_word' id='word_1_604' title='bbox 3186 3878 3385 3953; x_wconf 84' lang='lat' dir='ltr'><strong>malum</strong></span> <span class='ocrx_word' id='word_1_605' title='bbox 3416 3879 3464 3932; x_wconf 90' lang='lat' dir='ltr'><strong>is</strong></span> 
     </span>
    </p>
   </div>
   <div class='ocr_carea' id='block_1_82' title="bbox 1876 3971 3463 4043">
    <p class='ocr_par' dir='ltr' id='par_1_82' title="bbox 1876 3971 3463 4043">
     <span class='ocr_line' id='line_1_82' title="bbox 1876 3971 3463 4043; baseline 0 -19"><span class='ocrx_word' id='word_1_606' title='bbox 1876 3971 1969 4041; x_wconf 90' lang='lat' dir='ltr'><strong>qui</strong></span> <span class='ocrx_word' id='word_1_607' title='bbox 2011 3971 2080 4025; x_wconf 90' lang='lat' dir='ltr'><strong>ab</strong></span> <span class='ocrx_word' id='word_1_608' title='bbox 2120 3985 2188 4025; x_wconf 91' lang='lat' dir='ltr'><strong>eo</strong></span> <span class='ocrx_word' id='word_1_609' title='bbox 2215 3971 2660 4043; x_wconf 88' lang='lat' dir='ltr'><strong>gubernabatur:</strong></span> <span class='ocrx_word' id='word_1_610' title='bbox 2697 3980 2885 4041; x_wconf 89' lang='lat' dir='ltr'><strong>utpote</strong></span> <span class='ocrx_word' id='word_1_611' title='bbox 2922 3972 3014 4041; x_wconf 92' lang='lat' dir='ltr'><strong>qui</strong></span> <span class='ocrx_word' id='word_1_612' title='bbox 3048 3972 3185 4025; x_wconf 85' lang='lat' dir='ltr'><strong>nihil</strong></span> <span class='ocrx_word' id='word_1_613' title='bbox 3227 3971 3463 4025; x_wconf 85' lang='lat' dir='ltr'><strong>habebat</strong></span> 
     </span>
    </p>
   </div>
   <div class='ocr_carea' id='block_1_83' title="bbox 1877 4063 3459 4136">
    <p class='ocr_par' dir='ltr' id='par_1_83' title="bbox 1877 4063 3459 4136">
     <span class='ocr_line' id='line_1_83' title="bbox 1877 4063 3459 4136; baseline 0 -18"><span class='ocrx_word' id='word_1_614' title='bbox 1877 4064 2008 4119; x_wconf 90' lang='lat' dir='ltr'><strong>boni</strong></span> <span class='ocrx_word' id='word_1_615' title='bbox 2048 4064 2217 4118; x_wconf 90' lang='lat' dir='ltr'><strong>studii</strong></span> <span class='ocrx_word' id='word_1_616' title='bbox 2247 4080 2313 4118; x_wconf 82' lang='lat' dir='ltr'><strong>ex</strong></span> <span class='ocrx_word' id='word_1_617' title='bbox 2362 4063 2644 4118; x_wconf 88' lang='lat' dir='ltr'><strong>intellectu</strong></span> <span class='ocrx_word' id='word_1_618' title='bbox 2690 4066 2913 4134; x_wconf 88' lang='lat' dir='ltr'><strong>proprio</strong></span> <span class='ocrx_word' id='word_1_619' title='bbox 2948 4065 3040 4134; x_wconf 89' lang='lat' dir='ltr'><strong>qui</strong></span> <span class='ocrx_word' id='word_1_620' title='bbox 3071 4064 3412 4136; x_wconf 86' lang='lat' dir='ltr'><strong>gubernabat</strong></span> <span class='ocrx_word' id='word_1_621' title='bbox 3446 4082 3459 4118; x_wconf 92' lang='lat'><strong>:</strong></span> 
     </span>
    </p>
   </div>
   <div class='ocr_carea' id='block_1_84' title="bbox 1876 4155 3458 4226">
    <p class='ocr_par' dir='ltr' id='par_1_84' title="bbox 1876 4155 3458 4226">
     <span class='ocr_line' id='line_1_84' title="bbox 1876 4155 3458 4226; baseline 0.001 -16"><span class='ocrx_word' id='word_1_622' title='bbox 1876 4170 2007 4226; x_wconf 78' lang='lat' dir='ltr'><strong>ergo</strong></span> <span class='ocrx_word' id='word_1_623' title='bbox 2046 4171 2195 4221; x_wconf 92' lang='lat' dir='ltr'><strong>eum,</strong></span> <span class='ocrx_word' id='word_1_624' title='bbox 2239 4155 2383 4211; x_wconf 86' lang='lat' dir='ltr'><strong>sicut</strong></span> <span class='ocrx_word' id='word_1_625' title='bbox 2423 4156 2476 4209; x_wconf 88' lang='lat' dir='ltr'><strong>in</strong></span> <span class='ocrx_word' id='word_1_626' title='bbox 2507 4171 2604 4211; x_wconf 88' lang='lat' dir='ltr'><strong>sua</strong></span> <span class='ocrx_word' id='word_1_627' title='bbox 2638 4156 3079 4222; x_wconf 81' lang='lat' dir='ltr'><strong>conversatione,</strong></span> <span class='ocrx_word' id='word_1_628' title='bbox 3113 4157 3192 4212; x_wconf 90' lang='lat' dir='ltr'><strong>sic</strong></span> <span class='ocrx_word' id='word_1_629' title='bbox 3220 4157 3275 4210; x_wconf 89' lang='lat' dir='ltr'><strong>in</strong></span> <span class='ocrx_word' id='word_1_630' title='bbox 3310 4156 3458 4211; x_wconf 89' lang='lat' dir='ltr'><strong>illius</strong></span> 
     </span>
    </p>
   </div>
   <div class='ocr_carea' id='block_1_85' title="bbox 1877 4248 2763 4320">
    <p class='ocr_par' dir='ltr' id='par_1_85' title="bbox 1877 4248 2763 4320">
     <span class='ocr_line' id='line_1_85' title="bbox 1877 4248 2763 4320; baseline 0.002 -18"><span class='ocrx_word' id='word_1_631' title='bbox 1877 4248 2219 4320; x_wconf 89' lang='lat' dir='ltr'><strong>gloriabitur,</strong></span> <span class='ocrx_word' id='word_1_632' title='bbox 2246 4258 2303 4303; x_wconf 91' lang='lat' dir='ltr'><strong>et</strong></span> <span class='ocrx_word' id='word_1_633' title='bbox 2323 4257 2609 4319; x_wconf 89' lang='lat' dir='ltr'><strong>propterea</strong></span> <span class='ocrx_word' id='word_1_634' title='bbox 2640 4249 2717 4303; x_wconf 89' lang='lat' dir='ltr'><strong>ait</strong></span> <span class='ocrx_word' id='word_1_635' title='bbox 2749 4268 2763 4304; x_wconf 89' lang='lat'><strong>:</strong></span> 
     </span>
    </p>
   </div>
   <div class='ocr_carea' id='block_1_86' title="bbox 1948 4326 3459 4408">
    <p class='ocr_par' dir='ltr' id='par_1_86' title="bbox 1948 4326 3459 4408">
     <span class='ocr_line' id='line_1_86' title="bbox 1948 4326 3459 4408; baseline -0.001 -15"><span class='ocrx_word' id='word_1_636' title='bbox 1948 4339 2216 4395; x_wconf 83' lang='lat' dir='ltr'><strong>Possessio</strong></span> <span class='ocrx_word' id='word_1_637' title='bbox 2243 4347 2573 4405; x_wconf 77' lang='lat' dir='ltr'><strong>consecrata,</strong></span> <span class='ocrx_word' id='word_1_638' title='bbox 2615 4340 2687 4393; x_wconf 87' lang='lat' dir='ltr'><strong>ad</strong></span> <span class='ocrx_word' id='word_1_639' title='bbox 2712 4338 2806 4407; x_wconf 82' lang='lat' dir='ltr'><strong>jus</strong></span> <span class='ocrx_word' id='word_1_640' title='bbox 2836 4340 3061 4408; x_wconf 84' lang='lat' dir='ltr'><strong>pertinet</strong></span> <span class='ocrx_word' id='word_1_641' title='bbox 3106 4326 3459 4393; x_wconf 66' lang='lat' dir='ltr'><strong>sacerdotium</strong></span> 
     </span>
    </p>
   </div>
   <div class='ocr_carea' id='block_1_87' title="bbox 1879 4430 3463 4502">
    <p class='ocr_par' dir='ltr' id='par_1_87' title="bbox 1879 4430 3463 4502">
     <span class='ocr_line' id='line_1_87' title="bbox 1879 4430 3463 4502; baseline -0.001 -16"><span class='ocrx_word' id='word_1_642' title='bbox 1879 4432 1947 4486; x_wconf 86' lang='lat' dir='ltr'><strong>Et</strong></span> <span class='ocrx_word' id='word_1_643' title='bbox 1998 4432 2136 4486; x_wconf 87' lang='lat' dir='ltr'><strong>nihil</strong></span> <span class='ocrx_word' id='word_1_644' title='bbox 2185 4440 2349 4487; x_wconf 89' lang='lat' dir='ltr'><strong>nocet</strong></span> <span class='ocrx_word' id='word_1_645' title='bbox 2396 4431 2687 4497; x_wconf 88' lang='lat' dir='ltr'><strong>sacerdoti,</strong></span> <span class='ocrx_word' id='word_1_646' title='bbox 2732 4430 2823 4484; x_wconf 90' lang='lat' dir='ltr'><strong>alii</strong></span> <span class='ocrx_word' id='word_1_647' title='bbox 2883 4446 3073 4502; x_wconf 90' lang='lat' dir='ltr'><strong>agrum</strong></span> <span class='ocrx_word' id='word_1_648' title='bbox 3119 4432 3303 4497; x_wconf 91' lang='lat' dir='ltr'><strong>vendi,</strong></span> <span class='ocrx_word' id='word_1_649' title='bbox 3334 4433 3463 4501; x_wconf 89' lang='lat' dir='ltr'><strong>quia</strong></span> 
     </span>
    </p>
   </div>
   <div class='ocr_carea' id='block_1_88' title="bbox 1880 4523 3460 4593">
    <p class='ocr_par' dir='ltr' id='par_1_88' title="bbox 1880 4523 3460 4593">
     <span class='ocr_line' id='line_1_88' title="bbox 1880 4523 3460 4593; baseline -0.001 -15"><span class='ocrx_word' id='word_1_650' title='bbox 1880 4525 2045 4580; x_wconf 89' lang='lat' dir='ltr'><strong>ﬁnem</strong></span> <span class='ocrx_word' id='word_1_651' title='bbox 2092 4525 2377 4590; x_wconf 74' lang='lat' dir='ltr'><strong>doctrinae,</strong></span> <span class='ocrx_word' id='word_1_652' title='bbox 2413 4534 2469 4578; x_wconf 88' lang='lat' dir='ltr'><strong>et</strong></span> <span class='ocrx_word' id='word_1_653' title='bbox 2507 4523 2928 4590; x_wconf 68' lang='lat' dir='ltr'><strong>exhortationis,</strong></span> <span class='ocrx_word' id='word_1_654' title='bbox 2979 4538 3146 4593; x_wconf 89' lang='lat' dir='ltr'><strong>quem</strong></span> <span class='ocrx_word' id='word_1_655' title='bbox 3193 4524 3460 4593; x_wconf 89' lang='lat' dir='ltr'><strong>oportuit,</strong></span> 
     </span>
    </p>
   </div>
   <div class='ocr_carea' id='block_1_89' title="bbox 231 4600 3461 4685">
    <p class='ocr_par' dir='ltr' id='par_1_89' title="bbox 231 4600 3461 4685">
     <span class='ocr_line' id='line_1_89' title="bbox 231 4600 3461 4685; baseline 0.001 -22"><span class='ocrx_word' id='word_1_656' title='bbox 231 4611 304 4663; x_wconf 86' lang='lat' dir='ltr'><strong>Et</strong></span> <span class='ocrx_word' id='word_1_657' title='bbox 335 4619 494 4674; x_wconf 80' lang='lat' dir='ltr'><strong>tunc,</strong></span> <span class='ocrx_word' id='word_1_658' title='bbox 523 4612 720 4680; x_wconf 85' lang='lat' dir='ltr'><strong>inquit,</strong></span> <span class='ocrx_word' id='word_1_659' title='bbox 751 4612 1030 4678; x_wconf 83' lang='lat' dir='ltr'><strong>possidebit</strong></span> <span class='ocrx_word' id='word_1_660' title='bbox 1071 4627 1212 4666; x_wconf 85' lang='lat' dir='ltr'><strong>eum.</strong></span> <span class='ocrx_word' id='word_1_661' title='bbox 1246 4612 1361 4667; x_wconf 83' lang='lat' dir='ltr'><strong>Hoc</strong></span> <span class='ocrx_word' id='word_1_662' title='bbox 1392 4614 1581 4682; x_wconf 83' lang='lat' dir='ltr'><strong>procul</strong></span> <span class='ocrx_word' id='word_1_663' title='bbox 1605 4600 1775 4671; x_wconf 84' lang='lat' dir='ltr'><strong>dubio</strong></span> <span class='ocrx_word' id='word_1_664' title='bbox 1808 4610 1850 4666; x_wconf 88' lang='lat' dir='ltr'><strong>D</strong></span> <span class='ocrx_word' id='word_1_665' title='bbox 1879 4614 2152 4672; x_wconf 86' lang='lat' dir='ltr'><strong>exhibens</strong></span> <span class='ocrx_word' id='word_1_666' title='bbox 2200 4616 2248 4670; x_wconf 90' lang='lat' dir='ltr'><strong>ei</strong></span> <span class='ocrx_word' id='word_1_667' title='bbox 2279 4630 2443 4685; x_wconf 87' lang='lat' dir='ltr'><strong>quem</strong></span> <span class='ocrx_word' id='word_1_668' title='bbox 2487 4613 2851 4685; x_wconf 85' lang='lat' dir='ltr'><strong>gubernabat,</strong></span> <span class='ocrx_word' id='word_1_669' title='bbox 2893 4613 3110 4668; x_wconf 91' lang='lat' dir='ltr'><strong>invenit</strong></span> <span class='ocrx_word' id='word_1_670' title='bbox 3151 4612 3305 4666; x_wconf 90' lang='lat' dir='ltr'><strong>illum</strong></span> <span class='ocrx_word' id='word_1_671' title='bbox 3351 4628 3461 4667; x_wconf 90' lang='lat' dir='ltr'><strong>non</strong></span> 
     </span>
    </p>
   </div>
   <div class='ocr_carea' id='block_1_90' title="bbox 164 4702 1772 4776">
    <p class='ocr_par' dir='ltr' id='par_1_90' title="bbox 164 4702 1772 4776">
     <span class='ocr_line' id='line_1_90' title="bbox 164 4702 1772 4776; baseline 0.007 -24"><span class='ocrx_word' id='word_1_672' title='bbox 164 4702 470 4768; x_wconf 77' lang='lat' dir='ltr'><strong>mandans,</strong></span> <span class='ocrx_word' id='word_1_673' title='bbox 502 4702 636 4772; x_wconf 89' lang='lat' dir='ltr'><strong>quia</strong></span> <span class='ocrx_word' id='word_1_674' title='bbox 660 4704 1112 4773; x_wconf 81' lang='lat' dir='ltr'><strong>Oportetquidem</strong></span> <span class='ocrx_word' id='word_1_675' title='bbox 1146 4720 1249 4760; x_wconf 91' lang='lat' dir='ltr'><strong>nos</strong></span> <span class='ocrx_word' id='word_1_676' title='bbox 1282 4721 1382 4776; x_wconf 90' lang='lat' dir='ltr'><strong>per</strong></span> <span class='ocrx_word' id='word_1_677' title='bbox 1417 4706 1772 4763; x_wconf 85' lang='lat' dir='ltr'><strong>sacerdotum</strong></span> 
     </span>
    </p>
   </div>
   <div class='ocr_carea' id='block_1_91' title="bbox 160 4792 1773 4868">
    <p class='ocr_par' dir='ltr' id='par_1_91' title="bbox 160 4792 1773 4868">
     <span class='ocr_line' id='line_1_91' title="bbox 160 4792 1773 4868; baseline 0.005 -21"><span class='ocrx_word' id='word_1_678' title='bbox 160 4792 507 4859; x_wconf 90' lang='lat' dir='ltr'><strong>doctrinam,</strong></span> <span class='ocrx_word' id='word_1_679' title='bbox 554 4805 610 4849; x_wconf 90' lang='lat' dir='ltr'><strong>et</strong></span> <span class='ocrx_word' id='word_1_680' title='bbox 650 4795 910 4866; x_wconf 81' lang='lat' dir='ltr'><strong>regulam,</strong></span> <span class='ocrx_word' id='word_1_681' title='bbox 951 4805 1008 4852; x_wconf 91' lang='lat' dir='ltr'><strong>et</strong></span> <span class='ocrx_word' id='word_1_682' title='bbox 1026 4796 1203 4868; x_wconf 86' lang='lat' dir='ltr'><strong>legem</strong></span> <span class='ocrx_word' id='word_1_683' title='bbox 1246 4807 1493 4855; x_wconf 89' lang='lat' dir='ltr'><strong>nostram</strong></span> <span class='ocrx_word' id='word_1_684' title='bbox 1538 4814 1773 4855; x_wconf 81' lang='lat' dir='ltr'><strong>conver-</strong></span> 
     </span>
    </p>
   </div>
   <div class='ocr_carea' id='block_1_92' title="bbox 161 4883 1771 4958">
    <p class='ocr_par' dir='ltr' id='par_1_92' title="bbox 161 4883 1771 4958">
     <span class='ocr_line' id='line_1_92' title="bbox 161 4883 1771 4958; baseline 0.005 -22"><span class='ocrx_word' id='word_1_685' title='bbox 161 4883 442 4940; x_wconf 85' lang='lat' dir='ltr'><strong>sationem</strong></span> <span class='ocrx_word' id='word_1_686' title='bbox 485 4885 822 4956; x_wconf 88' lang='lat' dir='ltr'><strong>gubernare,</strong></span> <span class='ocrx_word' id='word_1_687' title='bbox 867 4886 1087 4955; x_wconf 90' lang='lat' dir='ltr'><strong>quando</strong></span> <span class='ocrx_word' id='word_1_688' title='bbox 1126 4901 1246 4942; x_wconf 89' lang='lat' dir='ltr'><strong>eam</strong></span> <span class='ocrx_word' id='word_1_689' title='bbox 1282 4888 1433 4958; x_wconf 90' lang='lat' dir='ltr'><strong>prius</strong></span> <span class='ocrx_word' id='word_1_690' title='bbox 1462 4888 1771 4945; x_wconf 88' lang='lat' dir='ltr'><strong>sanctiﬁca-</strong></span> 
     </span>
    </p>
   </div>
   <div class='ocr_carea' id='block_1_93' title="bbox 160 4976 1774 5046">
    <p class='ocr_par' dir='ltr' id='par_1_93' title="bbox 160 4976 1774 5046">
     <span class='ocr_line' id='line_1_93' title="bbox 160 4976 1774 5046; baseline 0.006 -20"><span class='ocrx_word' id='word_1_691' title='bbox 160 4988 306 5029; x_wconf 87' lang='lat' dir='ltr'><strong>mus.</strong></span> <span class='ocrx_word' id='word_1_692' title='bbox 354 4976 472 5032; x_wconf 84' lang='lat' dir='ltr'><strong>Sed</strong></span> <span class='ocrx_word' id='word_1_693' title='bbox 510 4984 732 5043; x_wconf 86' lang='lat' dir='ltr'><strong>Oportet</strong></span> <span class='ocrx_word' id='word_1_694' title='bbox 759 4986 817 5032; x_wconf 90' lang='lat' dir='ltr'><strong>et</strong></span> <span class='ocrx_word' id='word_1_695' title='bbox 848 4978 1138 5046; x_wconf 87' lang='lat' dir='ltr'><strong>proﬁcere,</strong></span> <span class='ocrx_word' id='word_1_696' title='bbox 1167 4985 1224 5033; x_wconf 90' lang='lat' dir='ltr'><strong>et</strong></span> <span class='ocrx_word' id='word_1_697' title='bbox 1253 4979 1469 5035; x_wconf 86' lang='lat' dir='ltr'><strong>illorum</strong></span> <span class='ocrx_word' id='word_1_698' title='bbox 1509 4981 1774 5036; x_wconf 69' lang='lat' dir='ltr'><strong>doctrina:</strong></span> 
     </span>
    </p>
   </div>
   <div class='ocr_carea' id='block_1_94' title="bbox 159 5066 1772 5141">
    <p class='ocr_par' dir='ltr' id='par_1_94' title="bbox 159 5066 1772 5141">
     <span class='ocr_line' id='line_1_94' title="bbox 159 5066 1772 5141; baseline 0.007 -26"><span class='ocrx_word' id='word_1_699' title='bbox 159 5073 421 5121; x_wconf 87' lang='lat' dir='ltr'><strong>nostrum</strong></span> <span class='ocrx_word' id='word_1_700' title='bbox 448 5066 702 5135; x_wconf 85' lang='lat' dir='ltr'><strong>adjicere</strong></span> <span class='ocrx_word' id='word_1_701' title='bbox 733 5066 1072 5123; x_wconf 88' lang='lat' dir='ltr'><strong>intellectum</strong></span> <span class='ocrx_word' id='word_1_702' title='bbox 1109 5086 1123 5122; x_wconf 92' lang='lat'>:</span> <span class='ocrx_word' id='word_1_703' title='bbox 1158 5082 1381 5140; x_wconf 91' lang='lat' dir='ltr'><strong>propter</strong></span> <span class='ocrx_word' id='word_1_704' title='bbox 1402 5073 1547 5141; x_wconf 92' lang='lat' dir='ltr'><strong>quod</strong></span> <span class='ocrx_word' id='word_1_705' title='bbox 1573 5072 1772 5128; x_wconf 84' lang='lat' dir='ltr'><strong>Paulus</strong></span> 
     </span>
    </p>
   </div>
   <div class='ocr_carea' id='block_1_95' title="bbox 158 5155 1773 5231">
    <p class='ocr_par' dir='ltr' id='par_1_95' title="bbox 158 5155 1773 5231">
     <span class='ocr_line' id='line_1_95' title="bbox 158 5155 1773 5231; baseline 0.006 -22"><span class='ocrx_word' id='word_1_706' title='bbox 158 5155 227 5209; x_wconf 85' lang='lat' dir='ltr'><strong>ad</strong></span> <span class='ocrx_word' id='word_1_707' title='bbox 260 5157 633 5213; x_wconf 74' lang='lat' dir='ltr'><strong>Timotheum</strong></span> <span class='ocrx_word' id='word_1_708' title='bbox 666 5158 940 5215; x_wconf 85' lang='lat' dir='ltr'><strong>scribebat</strong></span> <span class='ocrx_word' id='word_1_709' title='bbox 978 5178 990 5214; x_wconf 90' lang='lat'><strong>:</strong></span> <span class='ocrx_word' id='word_1_710' title='bbox 1026 5160 1269 5231; x_wconf 79' lang='lat' dir='ltr'><strong>Intelligc</strong></span> <span class='ocrx_word' id='word_1_711' title='bbox 1289 5179 1405 5231; x_wconf 72' lang='lat' dir='ltr'><strong>qua:</strong></span> <span class='ocrx_word' id='word_1_712' title='bbox 1430 5163 1584 5217; x_wconf 86' lang='lat' dir='ltr'><strong>dico:</strong></span> <span class='ocrx_word' id='word_1_713' title='bbox 1623 5165 1773 5219; x_wconf 82' lang='lat' dir='ltr'><strong>dabit</strong></span> 
     </span>
    </p>
   </div>
   <div class='ocr_carea' id='block_1_96' title="bbox 159 5250 1772 5311">
    <p class='ocr_par' dir='ltr' id='par_1_96' title="bbox 159 5250 1772 5311">
     <span class='ocr_line' id='line_1_96' title="bbox 159 5250 1772 5311; baseline 0.007 -12"><span class='ocrx_word' id='word_1_714' title='bbox 159 5250 304 5303; x_wconf 86' lang='lat' dir='ltr'><strong>enim</strong></span> <span class='ocrx_word' id='word_1_715' title='bbox 333 5251 439 5305; x_wconf 86' lang='lat' dir='ltr'><strong>tibi</strong></span> <span class='ocrx_word' id='word_1_716' title='bbox 481 5251 747 5305; x_wconf 86' lang='lat' dir='ltr'><strong>Dominus</strong></span> <span class='ocrx_word' id='word_1_717' title='bbox 773 5253 830 5305; x_wconf 90' lang='lat' dir='ltr'><strong>in</strong></span> <span class='ocrx_word' id='word_1_718' title='bbox 860 5253 1100 5307; x_wconf 77' lang='lat' dir='ltr'><strong>omnibus</strong></span> <span class='ocrx_word' id='word_1_719' title='bbox 1122 5253 1446 5307; x_wconf 85' lang='lat' dir='ltr'><strong>intellectum</strong></span> <span class='ocrx_word' id='word_1_720' title='bbox 1466 5254 1534 5310; x_wconf 67' lang='grc' dir='ltr'><strong>δ’.</strong></span> <span class='ocrx_word' id='word_1_721' title='bbox 1554 5254 1623 5309; x_wconf 84' lang='lat' dir='ltr'><strong>Et</strong></span> <span class='ocrx_word' id='word_1_722' title='bbox 1643 5264 1772 5311; x_wconf 89' lang='lat' dir='ltr'><strong>tunc</strong></span> 
     </span>
    </p>
   </div>
   <div class='ocr_carea' id='block_1_97' title="bbox 160 5341 1769 5415">
    <p class='ocr_par' dir='ltr' id='par_1_97' title="bbox 160 5341 1769 5415">
     <span class='ocr_line' id='line_1_97' title="bbox 160 5341 1769 5415; baseline 0.006 -22"><span class='ocrx_word' id='word_1_723' title='bbox 160 5341 593 5408; x_wconf 86' lang='lat' dir='ltr'><strong>possidebimus</strong></span> <span class='ocrx_word' id='word_1_724' title='bbox 626 5343 848 5412; x_wconf 88' lang='lat' dir='ltr'><strong>proprie</strong></span> <span class='ocrx_word' id='word_1_725' title='bbox 888 5359 1011 5413; x_wconf 70' lang='lat' dir='ltr'><strong>qua:</strong></span> <span class='ocrx_word' id='word_1_726' title='bbox 1038 5345 1313 5415; x_wconf 85' lang='lat' dir='ltr'><strong>egerimus</strong></span> <span class='ocrx_word' id='word_1_727' title='bbox 1351 5346 1769 5402; x_wconf 89' lang='lat' dir='ltr'><strong>sanctiﬁcationi</strong></span> 
     </span>
    </p>
   </div>
   <div class='ocr_carea' id='block_1_98' title="bbox 159 5431 1773 5501">
    <p class='ocr_par' dir='ltr' id='par_1_98' title="bbox 159 5431 1773 5501">
     <span class='ocr_line' id='line_1_98' title="bbox 159 5431 1773 5501; baseline 0.005 -15"><span class='ocrx_word' id='word_1_728' title='bbox 159 5433 445 5501; x_wconf 77' lang='lat' dir='ltr'><strong>proxima.</strong></span> <span class='ocrx_word' id='word_1_729' title='bbox 479 5431 544 5487; x_wconf 87' lang='lat' dir='ltr'><strong>Si</strong></span> <span class='ocrx_word' id='word_1_730' title='bbox 561 5443 742 5490; x_wconf 88' lang='lat' dir='ltr'><strong>autem</strong></span> <span class='ocrx_word' id='word_1_731' title='bbox 768 5436 908 5490; x_wconf 91' lang='lat' dir='ltr'><strong>hanc</strong></span> <span class='ocrx_word' id='word_1_732' title='bbox 928 5436 1251 5492; x_wconf 89' lang='lat' dir='ltr'><strong>divisionem</strong></span> <span class='ocrx_word' id='word_1_733' title='bbox 1276 5438 1385 5493; x_wconf 83' lang='lat' dir='ltr'><strong>non</strong></span> <span class='ocrx_word' id='word_1_734' title='bbox 1410 5438 1588 5494; x_wconf 90' lang='lat' dir='ltr'><strong>intuiti</strong></span> <span class='ocrx_word' id='word_1_735' title='bbox 1606 5438 1773 5495; x_wconf 88' lang='lat' dir='ltr'><strong>fueri-</strong></span> 
     </span>
    </p>
   </div>
   <div class='ocr_carea' id='block_1_99' title="bbox 158 5526 964 5597">
    <p class='ocr_par' dir='ltr' id='par_1_99' title="bbox 158 5526 964 5597">
     <span class='ocr_line' id='line_1_99' title="bbox 158 5526 964 5597; baseline 0.002 -18"><span class='ocrx_word' id='word_1_736' title='bbox 158 5539 310 5588; x_wconf 86' lang='lat' dir='ltr'><strong>mus,</strong></span> <span class='ocrx_word' id='word_1_737' title='bbox 339 5526 480 5582; x_wconf 83' lang='lat' dir='ltr'><strong>vide</strong></span> <span class='ocrx_word' id='word_1_738' title='bbox 515 5527 648 5593; x_wconf 89' lang='lat' dir='ltr'><strong>quid</strong></span> <span class='ocrx_word' id='word_1_739' title='bbox 672 5528 964 5597; x_wconf 89' lang='lat' dir='ltr'><strong>patiemur.</strong></span> 
     </span>
    </p>
   </div>
   <div class='ocr_carea' id='block_1_100' title="bbox 236 5616 1774 5687">
    <p class='ocr_par' dir='ltr' id='par_1_100' title="bbox 236 5616 1774 5687">
     <span class='ocr_line' id='line_1_100' title="bbox 236 5616 1774 5687; baseline 0.004 -17"><span class='ocrx_word' id='word_1_740' title='bbox 236 5617 409 5672; x_wconf 61' lang='lat' dir='ltr'><strong>Vens.</strong></span> <span class='ocrx_word' id='word_1_741' title='bbox 454 5616 660 5672; x_wconf 74' lang='lat' dir='ltr'><strong>20-2l.</strong></span> <span class='ocrx_word' id='word_1_742' title='bbox 702 5635 722 5668; x_wconf 76' lang='grc' dir='ltr'>ι</span> <span class='ocrx_word' id='word_1_743' title='bbox 763 5617 819 5671; x_wconf 84' lang='lat' dir='ltr'><strong>Si</strong></span> <span class='ocrx_word' id='word_1_744' title='bbox 861 5629 1045 5672; x_wconf 88' lang='lat' dir='ltr'><strong>autem</strong></span> <span class='ocrx_word' id='word_1_745' title='bbox 1086 5619 1326 5686; x_wconf 76' lang='lat' dir='ltr'><strong>noluerit</strong></span> <span class='ocrx_word' id='word_1_746' title='bbox 1354 5621 1642 5687; x_wconf 88' lang='lat' dir='ltr'><strong>redimere,</strong></span> <span class='ocrx_word' id='word_1_747' title='bbox 1677 5621 1774 5676; x_wconf 87' lang='lat' dir='ltr'><strong>sed</strong></span> 
     </span>
    </p>
   </div>
   <div class='ocr_carea' id='block_1_101' title="bbox 156 5708 1772 5784">
    <p class='ocr_par' dir='ltr' id='par_1_101' title="bbox 156 5708 1772 5784">
     <span class='ocr_line' id='line_1_101' title="bbox 156 5708 1772 5784; baseline 0.005 -23"><span class='ocrx_word' id='word_1_748' title='bbox 156 5708 321 5763; x_wconf 85' lang='lat' dir='ltr'><strong>alteri</strong></span> <span class='ocrx_word' id='word_1_749' title='bbox 366 5708 612 5764; x_wconf 88' lang='lat' dir='ltr'><strong>cuilibet</strong></span> <span class='ocrx_word' id='word_1_750' title='bbox 660 5709 826 5765; x_wconf 83' lang='lat' dir='ltr'><strong>fuerit</strong></span> <span class='ocrx_word' id='word_1_751' title='bbox 880 5712 1246 5773; x_wconf 82' lang='lat' dir='ltr'><strong>venundatus.</strong></span> <span class='ocrx_word' id='word_1_752' title='bbox 1303 5713 1441 5768; x_wconf 89' lang='lat' dir='ltr'><strong>ultra</strong></span> <span class='ocrx_word' id='word_1_753' title='bbox 1503 5729 1627 5769; x_wconf 88' lang='lat' dir='ltr'><strong>eum</strong></span> <span class='ocrx_word' id='word_1_754' title='bbox 1680 5715 1772 5784; x_wconf 90' lang='lat' dir='ltr'><strong>qui</strong></span> 
     </span>
    </p>
   </div>
   <div class='ocr_carea' id='block_1_102' title="bbox 269 5909 1766 5981">
    <p class='ocr_par' dir='ltr' id='par_1_102' title="bbox 269 5909 1766 5981">
     <span class='ocr_line' id='line_1_102' title="bbox 269 5909 1766 5981; baseline 0.004 -19"><span class='ocrx_word' id='word_1_755' title='bbox 269 5911 317 5939; x_wconf 74' lang='lat'>“</span> <span class='ocrx_word' id='word_1_756' title='bbox 349 5909 396 5963; x_wconf 76' lang='grc' dir='ltr'><strong>ιι</strong></span> <span class='ocrx_word' id='word_1_757' title='bbox 455 5909 608 5965; x_wconf 89' lang='lat' dir='ltr'><strong>Tim.</strong></span> <span class='ocrx_word' id='word_1_758' title='bbox 646 5928 702 5977; x_wconf 86' lang='grc' dir='ltr'><strong>ιι,</strong></span> <span class='ocrx_word' id='word_1_759' title='bbox 732 5911 782 5964; x_wconf 85' lang='lat'><strong>7.</strong></span> <span class='ocrx_word' id='word_1_760' title='bbox 901 5914 945 5946; x_wconf 71' lang='grc'><strong>⁸³</strong></span> <span class='ocrx_word' id='word_1_761' title='bbox 974 5913 1078 5970; x_wconf 86' lang='lat' dir='ltr'><strong>lsa.</strong></span> <span class='ocrx_word' id='word_1_762' title='bbox 1110 5929 1217 5968; x_wconf 76' lang='grc' dir='ltr'><strong>ων.</strong></span> <span class='ocrx_word' id='word_1_763' title='bbox 1252 5913 1346 5979; x_wconf 78' lang='grc'><strong>15;</strong></span> <span class='ocrx_word' id='word_1_764' title='bbox 1386 5912 1544 5970; x_wconf 82' lang='lat' dir='ltr'><strong>Joan.</strong></span> <span class='ocrx_word' id='word_1_765' title='bbox 1578 5933 1649 5981; x_wconf 78' lang='lat' dir='ltr'><strong>Vl,</strong></span> <span class='ocrx_word' id='word_1_766' title='bbox 1679 5915 1766 5971; x_wconf 64' lang='lat' dir='ltr'><strong>eiii.</strong></span> 
     </span>
    </p>
   </div>
   <div class='ocr_carea' id='block_1_103' title="bbox 1880 4704 3465 4775">
    <p class='ocr_par' dir='ltr' id='par_1_103' title="bbox 1880 4704 3465 4775">
     <span class='ocr_line' id='line_1_103' title="bbox 1880 4704 3465 4775; baseline -0.001 -15"><span class='ocrx_word' id='word_1_767' title='bbox 1880 4721 2044 4775; x_wconf 87' lang='lat' dir='ltr'><strong>posse</strong></span> <span class='ocrx_word' id='word_1_768' title='bbox 2075 4704 2296 4775; x_wconf 89' lang='lat' dir='ltr'><strong>propria</strong></span> <span class='ocrx_word' id='word_1_769' title='bbox 2339 4704 2635 4770; x_wconf 90' lang='lat' dir='ltr'><strong>redimere,</strong></span> <span class='ocrx_word' id='word_1_770' title='bbox 2663 4704 2717 4760; x_wconf 91' lang='lat' dir='ltr'><strong>id</strong></span> <span class='ocrx_word' id='word_1_771' title='bbox 2747 4712 2832 4759; x_wconf 89' lang='lat' dir='ltr'><strong>est</strong></span> <span class='ocrx_word' id='word_1_772' title='bbox 2870 4704 3229 4773; x_wconf 89' lang='lat' dir='ltr'><strong>semetipsum</strong></span> <span class='ocrx_word' id='word_1_773' title='bbox 3275 4718 3465 4774; x_wconf 87' lang='lat' dir='ltr'><strong>regere</strong></span> 
     </span>
    </p>
   </div>
   <div class='ocr_carea' id='block_1_104' title="bbox 1880 4794 3465 4869">
    <p class='ocr_par' dir='ltr' id='par_1_104' title="bbox 1880 4794 3465 4869">
     <span class='ocr_line' id='line_1_104' title="bbox 1880 4794 3465 4869; baseline -0.002 -17"><span class='ocrx_word' id='word_1_774' title='bbox 1880 4806 1937 4852; x_wconf 89' lang='lat' dir='ltr'><strong>et</strong></span> <span class='ocrx_word' id='word_1_775' title='bbox 1951 4797 2284 4869; x_wconf 88' lang='lat' dir='ltr'><strong>gubernare,</strong></span> <span class='ocrx_word' id='word_1_776' title='bbox 2303 4803 2437 4850; x_wconf 91' lang='lat' dir='ltr'><strong>tunc</strong></span> <span class='ocrx_word' id='word_1_777' title='bbox 2455 4811 2646 4866; x_wconf 88' lang='lat' dir='ltr'><strong>agrum</strong></span> <span class='ocrx_word' id='word_1_778' title='bbox 2677 4795 2930 4850; x_wconf 85' lang='lat' dir='ltr'><strong>vendidit</strong></span> <span class='ocrx_word' id='word_1_779' title='bbox 2949 4794 3114 4849; x_wconf 89' lang='lat' dir='ltr'><strong>alium</strong></span> <span class='ocrx_word' id='word_1_780' title='bbox 3141 4809 3465 4865; x_wconf 69' lang='lat' dir='ltr'><strong>praeponens</strong></span> 
     </span>
    </p>
   </div>
   <div class='ocr_carea' id='block_1_105' title="bbox 1879 4878 3468 4958">
    <p class='ocr_par' dir='ltr' id='par_1_105' title="bbox 1879 4878 3468 4958">
     <span class='ocr_line' id='line_1_105' title="bbox 1879 4878 3468 4958; baseline -0.001 -14"><span class='ocrx_word' id='word_1_781' title='bbox 1879 4890 1954 4954; x_wconf 92' lang='lat' dir='ltr'><strong>ei,</strong></span> <span class='ocrx_word' id='word_1_782' title='bbox 1990 4888 2086 4958; x_wconf 92' lang='lat' dir='ltr'><strong>qui</strong></span> <span class='ocrx_word' id='word_1_783' title='bbox 2110 4888 2331 4953; x_wconf 89' lang='lat' dir='ltr'><strong>obtulit,</strong></span> <span class='ocrx_word' id='word_1_784' title='bbox 2349 4888 2443 4958; x_wconf 90' lang='lat' dir='ltr'><strong>qui</strong></span> <span class='ocrx_word' id='word_1_785' title='bbox 2482 4888 2763 4943; x_wconf 81' lang='lat' dir='ltr'><strong>exhortari</strong></span> <span class='ocrx_word' id='word_1_786' title='bbox 2786 4878 3035 4953; x_wconf 86' lang='lat' dir='ltr'><strong>deberet,</strong></span> <span class='ocrx_word' id='word_1_787' title='bbox 3063 4889 3158 4944; x_wconf 89' lang='lat' dir='ltr'><strong>sed</strong></span> <span class='ocrx_word' id='word_1_788' title='bbox 3178 4903 3392 4943; x_wconf 87' lang='lat' dir='ltr'><strong>merces</strong></span> <span class='ocrx_word' id='word_1_789' title='bbox 3412 4896 3468 4943; x_wconf 80' lang='lat' dir='ltr'><strong>et</strong></span> 
     </span>
    </p>
   </div>
   <div class='ocr_carea' id='block_1_106' title="bbox 1880 4979 3462 5051">
    <p class='ocr_par' dir='ltr' id='par_1_106' title="bbox 1880 4979 3462 5051">
     <span class='ocr_line' id='line_1_106' title="bbox 1880 4979 3462 5051; baseline -0.004 -14"><span class='ocrx_word' id='word_1_790' title='bbox 1880 4982 2095 5037; x_wconf 89' lang='lat' dir='ltr'><strong>lucrum</strong></span> <span class='ocrx_word' id='word_1_791' title='bbox 2113 4980 2236 5050; x_wconf 85' lang='lat' dir='ltr'><strong>ejus</strong></span> <span class='ocrx_word' id='word_1_792' title='bbox 2250 4990 2356 5046; x_wconf 90' lang='lat' dir='ltr'><strong>est,</strong></span> <span class='ocrx_word' id='word_1_793' title='bbox 2385 4980 2477 5050; x_wconf 91' lang='lat' dir='ltr'><strong>qui</strong></span> <span class='ocrx_word' id='word_1_794' title='bbox 2496 4980 2786 5051; x_wconf 89' lang='lat' dir='ltr'><strong>proposuit</strong></span> <span class='ocrx_word' id='word_1_795' title='bbox 2814 4998 2830 5033; x_wconf 90' lang='lat'><strong>:</strong></span> <span class='ocrx_word' id='word_1_796' title='bbox 2859 4979 2969 5035; x_wconf 90' lang='lat' dir='ltr'><strong>nisi</strong></span> <span class='ocrx_word' id='word_1_797' title='bbox 2993 4980 3133 5035; x_wconf 80' lang='lat' dir='ltr'><strong>forte</strong></span> <span class='ocrx_word' id='word_1_798' title='bbox 3157 4995 3262 5035; x_wconf 85' lang='lat' dir='ltr'><strong>nec</strong></span> <span class='ocrx_word' id='word_1_799' title='bbox 3280 4980 3462 5039; x_wconf 88' lang='lat' dir='ltr'><strong>Petro.</strong></span> 
     </span>
    </p>
   </div>
   <div class='ocr_carea' id='block_1_107' title="bbox 1880 5073 3463 5145">
    <p class='ocr_par' dir='ltr' id='par_1_107' title="bbox 1880 5073 3463 5145">
     <span class='ocr_line' id='line_1_107' title="bbox 1880 5073 3463 5145; baseline -0.001 -17"><span class='ocrx_word' id='word_1_800' title='bbox 1880 5090 1984 5131; x_wconf 88' lang='lat' dir='ltr'><strong>nec</strong></span> <span class='ocrx_word' id='word_1_801' title='bbox 2025 5074 2214 5139; x_wconf 86' lang='lat' dir='ltr'><strong>Paulo,</strong></span> <span class='ocrx_word' id='word_1_802' title='bbox 2265 5089 2370 5129; x_wconf 90' lang='lat' dir='ltr'><strong>nec</strong></span> <span class='ocrx_word' id='word_1_803' title='bbox 2420 5074 2682 5143; x_wconf 85' lang='lat' dir='ltr'><strong>apostolis</strong></span> <span class='ocrx_word' id='word_1_804' title='bbox 2746 5074 2997 5130; x_wconf 90' lang='lat' dir='ltr'><strong>dicamus</strong></span> <span class='ocrx_word' id='word_1_805' title='bbox 3051 5073 3317 5145; x_wconf 87' lang='lat' dir='ltr'><strong>imputari</strong></span> <span class='ocrx_word' id='word_1_806' title='bbox 3367 5088 3463 5127; x_wconf 88' lang='lat' dir='ltr'><strong>eos</strong></span> 
     </span>
    </p>
   </div>
   <div class='ocr_carea' id='block_1_108' title="bbox 1880 5165 3463 5238">
    <p class='ocr_par' dir='ltr' id='par_1_108' title="bbox 1880 5165 3463 5238">
     <span class='ocr_line' id='line_1_108' title="bbox 1880 5165 3463 5238; baseline -0.003 -16"><span class='ocrx_word' id='word_1_807' title='bbox 1880 5183 2022 5237; x_wconf 89' lang='lat' dir='ltr'><strong>quos</strong></span> <span class='ocrx_word' id='word_1_808' title='bbox 2070 5182 2170 5238; x_wconf 89' lang='lat' dir='ltr'><strong>per</strong></span> <span class='ocrx_word' id='word_1_809' title='bbox 2223 5165 2476 5236; x_wconf 90' lang='lat' dir='ltr'><strong>proprios</strong></span> <span class='ocrx_word' id='word_1_810' title='bbox 2514 5166 2814 5237; x_wconf 89' lang='lat' dir='ltr'><strong>discipulos</strong></span> <span class='ocrx_word' id='word_1_811' title='bbox 2865 5166 2933 5222; x_wconf 90' lang='lat' dir='ltr'><strong>ad</strong></span> <span class='ocrx_word' id='word_1_812' title='bbox 2974 5165 3143 5223; x_wconf 89' lang='lat' dir='ltr'><strong>vitam</strong></span> <span class='ocrx_word' id='word_1_813' title='bbox 3193 5165 3463 5235; x_wconf 62' lang='lat' dir='ltr'><strong>gubernao</strong></span> 
     </span>
    </p>
   </div>
   <div class='ocr_carea' id='block_1_109' title="bbox 1880 5268 2102 5312">
    <p class='ocr_par' dir='ltr' id='par_1_109' title="bbox 1880 5268 2102 5312">
     <span class='ocr_line' id='line_1_109' title="bbox 1880 5268 2102 5312; baseline -0.005 0"><span class='ocrx_word' id='word_1_814' title='bbox 1880 5268 2102 5312; x_wconf 70' lang='lat' dir='ltr'><strong>Vﬂl‘lllll.</strong></span> 
     </span>
    </p>
   </div>
   <div class='ocr_carea' id='block_1_110' title="bbox 1949 5345 3459 5417">
    <p class='ocr_par' dir='ltr' id='par_1_110' title="bbox 1949 5345 3459 5417">
     <span class='ocr_line' id='line_1_110' title="bbox 1949 5345 3459 5417; baseline -0.003 -16"><span class='ocrx_word' id='word_1_815' title='bbox 1949 5347 2116 5403; x_wconf 73' lang='lat' dir='ltr'><strong>Vens.</strong></span> <span class='ocrx_word' id='word_1_816' title='bbox 2139 5346 2329 5403; x_wconf 74' lang='lat'><strong>22-26.</strong></span> <span class='ocrx_word' id='word_1_817' title='bbox 2365 5365 2385 5399; x_wconf 77' lang='grc' dir='ltr'><strong><em>ι</em></strong></span> <span class='ocrx_word' id='word_1_818' title='bbox 2418 5345 2475 5401; x_wconf 90' lang='lat' dir='ltr'><strong>Si</strong></span> <span class='ocrx_word' id='word_1_819' title='bbox 2511 5360 2640 5417; x_wconf 86' lang='lat' dir='ltr'><strong>ager</strong></span> <span class='ocrx_word' id='word_1_820' title='bbox 2654 5354 2895 5416; x_wconf 87' lang='lat' dir='ltr'><strong>emptus,</strong></span> <span class='ocrx_word' id='word_1_821' title='bbox 2923 5355 2980 5400; x_wconf 90' lang='lat' dir='ltr'><strong>et</strong></span> <span class='ocrx_word' id='word_1_822' title='bbox 3008 5361 3116 5399; x_wconf 90' lang='lat' dir='ltr'><strong>non</strong></span> <span class='ocrx_word' id='word_1_823' title='bbox 3145 5345 3215 5401; x_wconf 90' lang='lat' dir='ltr'><strong>de</strong></span> <span class='ocrx_word' id='word_1_824' title='bbox 3240 5359 3459 5415; x_wconf 62' lang='lat' dir='ltr'><strong>posses-</strong></span> 
     </span>
    </p>
   </div>
   <div class='ocr_carea' id='block_1_111' title="bbox 1880 5435 3463 5510">
    <p class='ocr_par' dir='ltr' id='par_1_111' title="bbox 1880 5435 3463 5510">
     <span class='ocr_line' id='line_1_111' title="bbox 1880 5435 3463 5510; baseline -0.005 -13"><span class='ocrx_word' id='word_1_825' title='bbox 1880 5442 2035 5497; x_wconf 90' lang='lat' dir='ltr'><strong>sione</strong></span> <span class='ocrx_word' id='word_1_826' title='bbox 2067 5441 2340 5510; x_wconf 89' lang='lat' dir='ltr'><strong>majorum</strong></span> <span class='ocrx_word' id='word_1_827' title='bbox 2363 5438 2741 5494; x_wconf 89' lang='lat' dir='ltr'><strong>sanctiticatus</strong></span> <span class='ocrx_word' id='word_1_828' title='bbox 2765 5437 2933 5493; x_wconf 77' lang='lat' dir='ltr'><strong>fuerit</strong></span> <span class='ocrx_word' id='word_1_829' title='bbox 2967 5435 3219 5501; x_wconf 90' lang='lat' dir='ltr'><strong>Domino,</strong></span> <span class='ocrx_word' id='word_1_830' title='bbox 3252 5450 3463 5505; x_wconf 63' lang='lat' dir='ltr'><strong>suppu«</strong></span> 
     </span>
    </p>
   </div>
   <div class='ocr_carea' id='block_1_112' title="bbox 1883 5526 3460 5599">
    <p class='ocr_par' dir='ltr' id='par_1_112' title="bbox 1883 5526 3460 5599">
     <span class='ocr_line' id='line_1_112' title="bbox 1883 5526 3460 5599; baseline -0.004 -14"><span class='ocrx_word' id='word_1_831' title='bbox 1883 5531 2018 5586; x_wconf 89' lang='lat' dir='ltr'><strong>tabit</strong></span> <span class='ocrx_word' id='word_1_832' title='bbox 2057 5529 2316 5586; x_wconf 86' lang='lat' dir='ltr'><strong>sacerdos</strong></span> <span class='ocrx_word' id='word_1_833' title='bbox 2338 5528 2495 5599; x_wconf 77' lang='lat' dir='ltr'><strong>juxta</strong></span> <span class='ocrx_word' id='word_1_834' title='bbox 2536 5542 2827 5583; x_wconf 89' lang='lat' dir='ltr'><strong>numerum</strong></span> <span class='ocrx_word' id='word_1_835' title='bbox 2855 5540 3150 5590; x_wconf 86' lang='lat' dir='ltr'><strong>annorum,</strong></span> <span class='ocrx_word' id='word_1_836' title='bbox 3182 5540 3356 5596; x_wconf 88' lang='lat' dir='ltr'><strong>usque</strong></span> <span class='ocrx_word' id='word_1_837' title='bbox 3394 5526 3460 5580; x_wconf 90' lang='lat' dir='ltr'><strong>ad</strong></span> 
     </span>
    </p>
   </div>
   <div class='ocr_carea' id='block_1_113' title="bbox 1882 5615 3465 5689">
    <p class='ocr_par' dir='ltr' id='par_1_113' title="bbox 1882 5615 3465 5689">
     <span class='ocr_line' id='line_1_113' title="bbox 1882 5615 3465 5689; baseline -0.006 -11"><span class='ocrx_word' id='word_1_838' title='bbox 1882 5621 2173 5678; x_wconf 68' lang='lat' dir='ltr'><strong>Jubilaeum</strong></span> <span class='ocrx_word' id='word_1_839' title='bbox 2210 5618 2472 5689; x_wconf 89' lang='lat' dir='ltr'><strong>pretium,</strong></span> <span class='ocrx_word' id='word_1_840' title='bbox 2508 5626 2564 5673; x_wconf 91' lang='lat' dir='ltr'><strong>et</strong></span> <span class='ocrx_word' id='word_1_841' title='bbox 2586 5617 2741 5672; x_wconf 90' lang='lat' dir='ltr'><strong>dabit</strong></span> <span class='ocrx_word' id='word_1_842' title='bbox 2772 5616 2863 5671; x_wconf 88' lang='lat' dir='ltr'><strong>ille</strong></span> <span class='ocrx_word' id='word_1_843' title='bbox 2892 5615 2987 5685; x_wconf 89' lang='lat' dir='ltr'><strong>qui</strong></span> <span class='ocrx_word' id='word_1_844' title='bbox 3011 5624 3201 5671; x_wconf 86' lang='lat' dir='ltr'><strong>votum</strong></span> <span class='ocrx_word' id='word_1_845' title='bbox 3236 5625 3465 5671; x_wconf 87' lang='lat' dir='ltr'><strong>voverat</strong></span> 
     </span>
    </p>
   </div>
   <div class='ocr_carea' id='block_1_114' title="bbox 1884 5709 3460 5779">
    <p class='ocr_par' dir='ltr' id='par_1_114' title="bbox 1884 5709 3460 5779">
     <span class='ocr_line' id='line_1_114' title="bbox 1884 5709 3460 5779; baseline -0.004 -10"><span class='ocrx_word' id='word_1_846' title='bbox 1884 5712 2138 5769; x_wconf 86' lang='lat' dir='ltr'><strong>Domino.</strong></span> <span class='ocrx_word' id='word_1_847' title='bbox 2175 5710 2232 5765; x_wconf 90' lang='lat' dir='ltr'><strong>ln</strong></span> <span class='ocrx_word' id='word_1_848' title='bbox 2270 5709 2503 5766; x_wconf 61' lang='lat' dir='ltr'><strong>Jubilwo</strong></span> <span class='ocrx_word' id='word_1_849' title='bbox 2532 5718 2718 5764; x_wconf 89' lang='lat' dir='ltr'><strong>autem</strong></span> <span class='ocrx_word' id='word_1_850' title='bbox 2749 5716 3060 5764; x_wconf 87' lang='lat' dir='ltr'><strong>revertetur</strong></span> <span class='ocrx_word' id='word_1_851' title='bbox 3104 5709 3174 5765; x_wconf 86' lang='lat' dir='ltr'><strong>ad</strong></span> <span class='ocrx_word' id='word_1_852' title='bbox 3218 5709 3460 5779; x_wconf 88' lang='lat' dir='ltr'><strong>priorem</strong></span> 
     </span>
    </p>
   </div>
   <div class='ocr_carea' id='block_1_115' title="bbox 2377 5908 3293 5976">
    <p class='ocr_par' dir='ltr' id='par_1_115' title="bbox 2377 5908 3293 5976">
     <span class='ocr_line' id='line_1_115' title="bbox 2377 5908 3293 5976; baseline 0 -11"><span class='ocrx_word' id='word_1_853' title='bbox 2377 5911 2423 5944; x_wconf 81' lang='lat'>&quot;</span> <span class='ocrx_word' id='word_1_854' title='bbox 2455 5908 2616 5965; x_wconf 86' lang='lat' dir='ltr'><strong>Osee.</strong></span> <span class='ocrx_word' id='word_1_855' title='bbox 2647 5925 2742 5976; x_wconf 88' lang='lat' dir='ltr'><strong>vn,</strong></span> <span class='ocrx_word' id='word_1_856' title='bbox 2774 5909 2859 5965; x_wconf 80' lang='lat' dir='ltr'><strong>il.</strong></span> <span class='ocrx_word' id='word_1_857' title='bbox 2982 5908 3027 5940; x_wconf 79' lang='lat'>“</span> <span class='ocrx_word' id='word_1_858' title='bbox 3068 5910 3204 5967; x_wconf 86' lang='lat' dir='ltr'><strong>Ibid.</strong></span> <span class='ocrx_word' id='word_1_859' title='bbox 3238 5911 3293 5967; x_wconf 86' lang='lat'><strong>8.</strong></span> 
     </span>
    </p>
   </div>
   <div class='ocr_carea' id='block_1_116' title="bbox 1880 5913 2263 5969">
    <p class='ocr_par' dir='ltr' id='par_1_116' title="bbox 1880 5913 2263 5969">
     <span class='ocr_line' id='line_1_116' title="bbox 1880 5913 2263 5969; baseline -0.003 0"><span class='ocrx_word' id='word_1_860' title='bbox 1880 5914 1921 5946; x_wconf 79' lang='lat'><strong>‘”</strong></span> <span class='ocrx_word' id='word_1_861' title='bbox 1943 5913 2148 5969; x_wconf 86' lang='lat' dir='ltr'><strong>Jerem.</strong></span> <span class='ocrx_word' id='word_1_862' title='bbox 2183 5929 2263 5968; x_wconf 85' lang='lat' dir='ltr'><strong>Ill.</strong></span> 
     </span>
    </p>
   </div>
  </div>
