3892 6430
378 497 514 567 ῙΠῙ

1575 472 1943 541 HESYCHII
1982 462 2463 531 PRESBYTERI

3490 441 3601 509 1172

384 613 807 685 hominum,qni
824 609 1147 668 vendiderat
1167 619 1312 669 eum,
1333 611 1390 658 et
1406 600 1673 655 habuerat
1689 596 1745 650 in
1762 602 1968 650 sortem
1999 593 2044 649 Α
2072 587 2215 657 ejus,
2246 591 2439 640 sancta
2460 575 2696 635 Domino
2723 569 3034 628 invenitur:
3081 564 3225 621 bene
3252 570 3422 618 autem
3449 563 3604 632 David,

1934 682 1965 685 4-
2159 680 2206 685 --
2251 678 2293 685 --
2418 675 2432 685 -
2496 672 2509 684 -
2592 679 2603 685 .
2642 664 2777 685 nvv
2834 663 3013 685 μμ.-.
3068 672 3174 685 ..ωε
3236 656 3471 685 “dum...
3504 672 3604 685 ...η-

391 708 751 784 possessionis
776 721 910 761 sum.
937 700 1132 758 Omnis
1152 694 1445 752 aestimatio
1484 690 1620 747 siclo
1669 682 1969 744 sanctuarii

393 778 803 877 ponderabitur.
842 796 1024 851 Sielus
1047 789 1241 864 viginti
1260 786 1451 842 obolos
1477 782 1666 838 habet.
1698 778 1975 846 Primoge-

392 899 508 953 nita
552 910 675 966 qua:
731 889 798 945 ad
840 888 1011 942 Deum
1059 882 1358 952 pertinent,
1415 888 1584 929 nemo
1630 868 1976 926 sanctiﬁcare

394 988 618 1061 poterit,
643 993 697 1039 et
726 994 950 1045 vovere,
971 978 1089 1032 sive
1118 975 1239 1036 bos,
1269 970 1384 1026 sive
1410 966 1530 1022 ovis
1563 962 1726 1019 fuerit
1759 959 1979 1017 Domini

319 1160 327 1168 ‘
395 1090 546 1138 sunt.
590 1100 608 1131 ι

468 1173 754 1228 Maximam
777 1163 1048 1238 justitiam
1073 1160 1208 1231 legis
1241 1158 1426 1213 littera
1467 1161 1523 1208 et
1546 1151 1770 1222 spiritus
1802 1155 1983 1201 osten-

397 1266 499 1322 dit.
546 1264 754 1318 Littera
801 1255 1071 1328 siquidem
1108 1266 1298 1323 agrum
1341 1245 1684 1318 possidentes
1718 1241 1981 1303 alienum,

400 1367 461 1413 nt
518 1353 865 1413 sanctiﬁcent
907 1347 1042 1411 Deo,
1084 1352 1147 1399 ut
1192 1340 1432 1396 offerant
1482 1333 1884 1397 sacerdotibus,
1924 1335 1987 1383 ut

401 1463 594 1506 eorum
624 1446 695 1500 sit
721 1439 972 1497 redditus
998 1451 1148 1506 ager,
1180 1448 1291 1487 non
1324 1428 1501 1485 vetuit
1536 1424 1661 1495 quia
1706 1436 1817 1476 non
1861 1432 1987 1488 spe-

400 1542 614 1601 cialiter
635 1551 797 1594 suutn
828 1529 1030 1587 obtulit
1059 1546 1072 1581 :
1104 1527 1249 1581 sicut
1278 1522 1426 1578 enim
1449 1527 1687 1588 emptus.
1710 1514 1829 1584 ejus
1859 1521 1991 1565 tunc

405 1642 543 1697 erat,
576 1630 656 1686 sic
682 1627 849 1683 etiam
872 1621 966 1694 qui
984 1620 1054 1675 de
1082 1614 1379 1674 vendentis
1413 1610 1591 1667 iuerat
1614 1603 1987 1677 possessione,

408 1732 560 1781 recte
589 1720 803 1776 alienus
828 1723 932 1771 est.
968 1708 1237 1779 Praecepit
1261 1705 1409 1761 enim
1434 1707 1758 1770 computare
1804 1708 1991 1750 sacer-

408 1819 594 1872 dotem
625 1810 738 1884 agri
765 1808 1007 1881 pretium
1050 1816 1224 1873 usque
1261 1798 1329 1854 ad
1357 1794 1669 1857 Jubilaeum,
1703 1798 1760 1845 et
1788 1788 1868 1843 sic
1895 1800 1994 1856 pro

406 1925 477 1965 eo
498 1909 629 1964 dare
653 1877 926 1975 pretium;
955 1898 1012 1952 in
1042 1893 1276 1951 Jubilteo
1304 1897 1488 1945 autem
1514 1882 1714 1939 reverti
1749 1895 1814 1934 ac
1838 1877 1994 1933 reddi

413 2001 581 2074 priori
628 1997 875 2062 domino,
907 1992 961 2048 id
1003 1998 1089 2046 est
1118 1988 1170 2044 ei
1203 1984 1297 2057 qui
1340 1988 1571 2054 propter
1613 1980 1994 2048 paupertatem

413 2111 529 2150 rem
559 2091 838 2164 propriam
867 2081 1135 2146 vendidit,
1176 2087 1233 2133 et
1261 2075 1330 2131 ad
1374 2080 1587 2129 certum
1617 2083 1738 2124 eam
1785 2075 2000 2133 tempus

414 2159 699 2243 alienavit.
732 2183 812 2238 Ah
853 2183 957 2237 hoc
997 2191 1127 2246 ergo
1163 2182 1218 2229 et
1244 2170 1310 2226 ad
1352 2165 1653 2239 spiritalem
1687 2159 1997 2230 intelligen-

415 2284 548 2336 tiam
576 2277 794 2334 transit.

489 2371 546 2426 Si
597 2382 727 2437 ager
764 2370 989 2431 emptus,
1022 2366 1071 2412 et
1107 2370 1210 2409 non
1241 2353 1305 2406 de
1356 2344 1682 2420 possessione
1733 2339 2002 2410 majorum

416 2462 782 2531 sancti/iratus
847 2455 1005 2527 fuerit
1087 2448 1340 2510 Domino,
1399 2437 1704 2511 supputabit
1762 2434 2005 2489 sacerdos

411 2560 573 2630 juxta
604 2567 864 2608 annorum
897 2559 1173 2601 numerum
1194 2554 1358 2611 usque
1388 2536 1460 2591 ad
1481 2532 1783 2589 Jubilteum.
1803 2531 2005 2600 Agrum

421 2651 513 2721 qui
544 2644 789 2718 possidet
827 2653 991 2710 quem
1009 2634 1164 2699 emit,
1204 2641 1262 2687 et
1296 2643 1410 2684 non
1443 2634 1528 2681 est
1547 2639 1662 2679 sua:
1705 2619 2009 2693 possessio-

424 2707 615 2806 nis,-is
669 2734 763 2807 qui
815 2707 1216 2800 intelligibilem
1275 2723 1657 2792 paupertatem
1710 2713 2012 2784 patientem
2112 2707 2125 2762 i

427 2826 707 2890 exhortari
735 2823 900 2885 valet,
937 2828 1281 2890 arguereque
1307 2825 1455 2874 eum,
1487 2816 1653 2877 atque
1695 2817 1916 2860 movere
1945 2801 2011 2857 ad

433 2919 853 2992 patuitentiatn:
895 2908 1292 2981 intelligibilem
1348 2902 1493 2959 enim
1559 2910 1796 2963 terram,
1851 2911 2015 2967 quam

434 2986 529 3073 ille
554 3008 894 3086 possidebat,
925 3003 995 3059 de
1041 3015 1151 3071 qua
1207 2994 1374 3051 David
1435 2991 1733 3064 psallebat:
1786 2986 2017 3059 Spiritus

435 3123 556 3166 tuus
609 3112 825 3161 sanctus
851 3100 1069 3155 deducet
1100 3109 1182 3148 me
1228 3091 1286 3144 in
1317 3101 1519 3144 terram
1569 3092 1773 3139 rectam
1789 3081 1858 3147 ",
1902 3079 2022 3150 ipse

436 3198 835 3275 possidet,’non
857 3188 1188 3264 permittens
1203 3198 1324 3239 eam
1339 3196 1459 3250 qua:
1487 3193 1554 3233 ex
1574 3185 1689 3232 toto
1717 3170 2020 3241 corrumpi,

2078 656 2235 736 redde
2248 678 2317 742 ",
2347 675 2436 731 vel
2465 672 2612 728 sicut
2642 664 2805 731 LXX,
2831 663 3034 721 reddet.
3067 672 3198 722 non,
3236 656 3471 710 reddent:
3504 672 3607 711 nam

2077 772 2181 827 etsi
2206 764 2483 826 communi
2508 759 2741 819 consilio
2757 752 3078 813 sacerdotis,
3121 757 3177 804 et
3198 749 3319 817 ejus
3348 746 3434 816 qui
3474 746 3613 803 movit

2079 871 2426 937 peccatorem
2449 857 2516 912 ad
2551 849 2959 926 paenitentiam,
2992 844 3063 899 de
3104 856 3171 897 ea
3228 839 3465 894 deﬁnitio
3507 853 3616 892 eon-

2081 927 2362 1014 stituitur,
2393 961 2516 1018 qua
2564 943 2902 1003 aestimatur,
2958 940 3335 989 verumtamen
3385 927 3470 981 ille
3516 941 3618 982 eum

2082 1046 2296 1109 etl‘erat,
2353 1017 2448 1112 qui
2508 1038 2736 1093 fratrem
2790 1028 3108 1098 culpantetn
3153 1018 3436 1090 compungi
3491 1017 3620 1072 iecit:

2084 1137 2214 1192 huic
2244 1109 2391 1191 enim
2417 1139 2477 1187 et
2493 1126 2734 1190 obediet,
2763 1120 2859 1178 sed
2887 1127 2943 1174 et
2963 1118 3082 1187 ipse
3101 1112 3371 1183 obligatur
3397 1109 3449 1162 in
3471 1123 3626 1162 emen-

2086 1230 2366 1288 dationem
2416 1223 2542 1294 ejus
2591 1217 2683 1289 qui
2730 1209 3113 1286 paenitentiam
3172 1204 3302 1275 agit,
3335 1208 3512 1270 utpote
3551 1201 3626 1269 qui

2088 1320 2257 1381 semel
2302 1318 2425 1389 eius
2448 1290 2809 1370 correctionis
2836 1301 2969 1359 fecit
3002 1295 3309 1353 exordium.
3346 1290 3443 1358 Qui
3480 1298 3630 1345 autem

2089 1431 2200 1472 non
2228 1385 2397 1475 illico,
2426 1422 2551 1463 cum
2572 1400 2831 1460 delinitur
2853 1385 3483 1467 ptenitentia,p(enitens
3504 1398 3635 1436 mun-

2091 1511 2275 1576 datur,
2310 1503 2407 1561 sed
2435 1498 2655 1573 quando
2684 1508 2807 1550 eam
2839 1486 3138 1562 perfectam
3165 1477 3362 1552 egerit,
3386 1482 3637 1547 propterea

2092 1604 2202 1659 ait:

2166 1694 2233 1749 In
2258 1689 2485 1746 Jabilazo
2511 1692 2694 1740 autem
2717 1683 3005 1735 revertetur
3034 1670 3106 1725 ad
3150 1666 3382 1738 priorem
3405 1659 3640 1714 dominum

2097 1788 2186 1860 qui
2214 1782 2522 1841 vendiderat
2582 1790 2720 1831 eum.
2756 1769 2899 1841 Ergo
2956 1759 3206 1820 deﬁnitio
3235 1750 3565 1828 pmnitentia:
3601 1750 3644 1803 in

2100 1844 2192 1936 illa
2225 1877 2313 1932 die
2363 1880 2553 1930 sancta
2604 1882 2730 1922 mox
2770 1863 2900 1927 ﬁet,
2952 1858 3009 1912 in
3059 1867 3168 1925 qua
3215 1865 3247 1905 a
3300 1844 3569 1902 sacerdOte
3604 1848 3642 1895 et

2102 1968 2455 2024 exltortatore
2486 1960 2606 2030 ejus
2637 1954 2728 2026 qui
2753 1945 3137 2025 paenitentiam
3165 1947 3396 1995 acturus
3433 1942 3542 1989 erat
3574 1947 3649 2002 per

2102 2058 2342 2116 divinam
2367 2052 2742 2121 Scripturam,
2771 2038 3048 2114 quomodo
3091 2049 3213 2089 eam
3259 2029 3456 2086 debeat
3501 2038 3648 2094 agere.

2102 2153 2426 2211 aestimatur.
2488 2141 2646 2197 Tunc
2695 2143 2880 2191 autem
2935 2126 3216 2201 paenitens
3284 2115 3651 2191 possessionem

2103 2258 2279 2308 suam,
2300 2247 2619 2311 agrumque,
2635 2241 2691 2284 et
2705 2221 3179 2283 conversationem
3203 2210 3456 2281 recipiet,
3473 2204 3655 2276 quando

2105 2337 2174 2392 ad
2202 2345 2408 2390 annum
2437 2313 3009 2399 perveneritJubilzei,
3040 2310 3158 2365 sive
3188 2296 3547 2359 remissionis,
3565 2295 3656 2351 sive

2108 2386 2515 2481 immutatione,
2545 2422 2599 2468 et
2639 2409 2801 2481 plene
2833 2415 3003 2473 agens
3047 2412 3112 2452 ea
3159 2409 3287 2464 quae
3320 2391 3389 2445 ad
3422 2386 3655 2460 paeniten-

2108 2520 2239 2574 tiam
2264 2509 2573 2585 pertinent:
2602 2500 2699 2557 sed
2720 2496 2891 2552 etiam
2935 2492 2993 2547 in
3022 2496 3197 2544 totum
3241 2483 3480 2539 reddens
3513 2491 3659 2534 sacer-

2110 2612 2295 2667 dotem
2330 2612 2389 2659 et
2427 2610 2648 2655 omnem
2700 2589 2979 2646 hominem
3020 2582 3113 2653 qui
3164 2574 3449 2634 exhortari
3493 2577 3657 2626 semet-

2117 2900 2250 2952 tam,
2286 2892 2342 2938 et
2369 2877 2680 2935 ﬁrmitatem
2714 2862 3093 2924 admirabilem
3124 2851 3448 2926 exquisivit.

2195 2939 2379 3035 OImnis
2437 2965 2724 3027 aestimatio
2776 2958 2906 3014 siclo
2937 2949 3237 3009 sanctuarii
3290 2939 3666 3016 ponderabitur:

2121 3075 2280 3129 siclus
2302 3070 2409 3124 sive
2432 3059 2745 3119 didrachma
2776 3050 2963 3124 viginti
2993 3045 3169 3102 obolos
3195 3040 3383 3095 habet.
3417 3034 3489 3090 Ut
3527 3028 3671 3086 omnis

2125 3161 2431 3225 aestimatio,
2463 3158 2581 3213 sive
2629 3148 2899 3209 deﬁnitio,
2945 3140 3156 3199 sanctis
3203 3136 3306 3190 ﬁat
3360 3126 3670 3203 ponderibus,

441 3218 704 3274 possmet,
722 3218 835 3250 ιιυιι
860 3218 1188 3264 Wl‘lllltbcu-‘s
1204 3218 1324 3239 cau-
1339 3218 1459 3250 ιιιιυυ
1488 3218 1554 3233 νη
1576 3218 1687 3232 ’νυν
1718 3218 1800 3230 νυ.
1818 3218 1830 3227 .
1849 3218 2020 3241 ..η-ιη,
2126 3218 2253 3224 ,,-,ν
2420 3218 2431 3225 ,

441 3292 542 3349 sed
567 3291 791 3345 luemus
822 3281 1009 3339 fratris
1027 3280 1310 3339 virtutem,
1345 3271 1433 3327 vel
1458 3269 1649 3333 vitam,
1678 3266 1747 3322 de
1795 3279 1900 3335 qua
1933 3262 2023 3317 ille
2052 3290 2095 3348 ρ
2128 3260 2181 3316 id
2209 3266 2314 3321 est,
2342 3253 2429 3309 his
2451 3263 2573 3321 quae
2601 3252 2735 3301 sunt
2778 3242 2846 3297 de
2873 3251 3029 3294 sacra
3071 3230 3385 3299 Scriptura.
3436 3218 3674 3277 Exteriore

2465 3343 2478 3349 -
2721 3335 2737 3349 ε
2785 3334 2818 3349 -·
2874 3328 2986 3349 _x_n
3012 3323 3333 3349 .-....L.......n
3420 3315 3473 3349 in
3519 3307 3674 3349 ntrihnﬁ

366 3454 379 3467 ⁸
446 3401 545 3459 per
576 3377 966 3454 negligentiam
989 3371 1209 3429 cecidit.
1249 3365 1308 3422 Si
1356 3364 1519 3436 igitur
1540 3376 1663 3416 eam
1719 3355 2029 3413 sanctiﬁca—

443 3447 590 3534 verit
643 3447 895 3535 bonum,
933 3466 989 3521 id
1045 3471 1132 3520 est
1177 3457 1438 3516 obtulerit
1484 3451 1778 3517 sacerdoti,
1834 3447 2033 3510 audisti

448 3571 596 3628 enim
635 3566 762 3638 quia
815 3563 869 3618 in
929 3555 1192 3631 praesenti
1224 3546 1555 3608 sanctiﬁcari
1607 3545 1722 3600 Deo
1773 3539 1907 3597 dicit
1946 3553 2032 3604 ea,

449 3681 572 3738 quae
606 3656 986 3717 sacerdotibus
1007 3660 1154 3713 sorte
1180 3648 1547 3705 obvenerunt.
1575 3639 1772 3698 Oﬁ‘erri
1825 3644 2036 3696 autem,

451 3728 729 3828 quomodo
751 3749 775 3802 ?
797 3746 858 3803 ld
888 3753 992 3811 est,
1026 3747 1245 3813 oportet
1276 3751 1425 3801 eum,
1454 3733 1549 3804 qui
1577 3728 1821 3801 culpavit
1847 3741 2040 3782 emun-

452 3848 595 3914 dari,
626 3854 682 3902 et
702 3850 949 3899 sanctam
975 3837 1096 3909 ejus
1121 3832 1337 3890 etﬁcere
1367 3823 1862 3883 conversationem.

530 3936 848 4010 Supputabit
907 3929 1152 3987 sacerdos
1216 3925 1379 3996 juxta
1437 3932 1701 3974 annorum
1766 3924 2045 3967 numerum

456 4007 627 4107 usque
644 4007 721 4086 ad
755 4027 1039 4085 Jabilwam
1063 4021 1312 4093 pretium,
1355 4024 1402 4071 et
1432 4013 1579 4069 dabit
1609 4009 1701 4065 ille
1732 4007 1822 4078 qui
1867 4014 2047 4059 votum

460 4133 672 4183 voverat
716 4120 966 4176 Domino.
1024 4113 1193 4168 Recte
1241 4108 1520 4168 sacerdos,
1575 4099 1739 4158 simul
1803 4108 1930 4151 cum
1981 4106 2050 4147 eo

463 4216 559 4290 qui
585 4213 757 4270 movit
774 4210 998 4266 fratrem
1033 4204 1100 4259 ad
1122 4196 1533 4273 ptenitentiam,
1555 4190 1682 4262 quia
1712 4187 1806 4243 ille
1828 4182 2051 4254 quidem

467 4281 726 4366 districte
746 4303 867 4373 ejus
906 4297 1180 4354 actionem
1229 4299 1287 4346 et
1313 4281 1813 4343 conversationem,
1860 4281 2053 4344 utpote

468 4399 567 4472 qui
589 4397 709 4468 ipse
737 4406 864 4448 eum
897 4384 1161 4447 correxit,
1194 4381 1285 4437 hic
1315 4385 1497 4433 autem
1531 4382 1593 4429 ut
1617 4369 1877 4427 sacerdos
1900 4361 2056 4421 novit

469 4464 663 4549 veram
692 4494 858 4556 atque
882 4478 1186 4553 perfectam
1236 4467 1693 4540 redemptionem,
1733 4464 2055 4531 supputant,

472 4584 593 4640 sive
625 4546 862 4650 probant
881 4546 1101 4642 qualem
1118 4565 1167 4621 ei
1188 4567 1441 4634 oporteat
1471 4551 1847 4628 paenitentiam
1868 4546 2057 4603 indici.

2133 3307 2602 3417 'pond-era,
2654 3334 2843 3416 veluti
2874 3323 3359 3401 philosophorum,
3420 3315 3473 3369 in
3519 3307 3677 3381 quibus

2135 3442 2237 3515 ipsi
2289 3438 2430 3494 vitas
2506 3406 3065 3489 conversationesque
3116 3418 3379 3485 pensant,
3429 3418 3533 3459 non
3582 3402 3679 3453 suat

2876 3514 2881 3515 ’
3056 3507 3075 3515 Α
3148 3514 3153 3515 ν
3366 3514 3371 3515 ν
3418 3497 3552 3515 -j__..
3599 3486 3679 3515 nul

2137 3486 2349 3594 s’ancta,
2381 3525 2508 3598 quia
2536 3518 2822 3578 scientiam
2872 3486 3253 3577 imperfectam
3283 3497 3573 3571 possident.
3599 3486 3681 3543 Sed

2139 3639 2245 3680 nec
2293 3615 2679 3676 luereticorum
2720 3604 2965 3679 pondera
2994 3603 3185 3654 sancta
3229 3599 3386 3655 sunt,
3428 3583 3680 3641 cauteriata

2142 3719 2217 3765 est
2246 3708 2389 3762 enim
2425 3715 2606 3758 eorum
2653 3691 2973 3751 conscientia
2995 3688 3076 3740 ‘9:
3109 3683 3205 3739 sed
3249 3688 3442 3736 sancta
3492 3683 3606 3730 sunt
3638 3683 3684 3722 ea

2144 3816 2267 3873 quae
2309 3803 2441 3852 sunt
2473 3793 2530 3847 in
2578 3788 2763 3846 divina
2809 3783 3113 3852 Scriptura,
3166 3776 3224 3829 in
3284 3770 3490 3843 quibus
3532 3758 3685 3832 viginti

2146 3859 2290 3951 dboli
2320 3896 2470 3953 sunt,
2494 3884 2710 3945 sielnm,
2738 3879 2856 3934 sive
2903 3871 3250 3931 didrachma,
3302 3866 3358 3920 id
3406 3872 3489 3917 est
3538 3859 3687 3913 decem

2150 3985 2405 4044 mandata
2441 3975 2747 4036 secundum
2774 3970 3035 4031 litteram,
3060 3972 3116 4017 et
3141 3958 3454 4016 secundum
3482 3948 3688 4022 spiritum

2151 4078 2455 4138 intellecta,
2507 4070 2655 4126 sicut
2686 4060 3001 4133 evangeliea
3035 4055 3208 4124 gratia
3238 4050 3504 4109 insinuat,
3534 4050 3583 4097 et
3622 4036 3690 4107 qui

2152 4171 2208 4226 in
2239 4185 2303 4225 ea
2324 4133 2456 4222 dicit
2481 4179 2496 4217 :
2522 4161 2645 4216 Non
2673 4149 3028 4215 arbitremini,
3047 4147 3173 4218 quia
3193 4143 3314 4199 veni
3341 4138 3539 4194 solvere
3568 4133 3691 4199 legent

2155 4271 2250 4318 aut
2278 4258 2595 4329 prophetas;
2629 4265 2735 4305 non
2761 4245 2878 4301 veni
2903 4242 3122 4305 solvere,
3156 4236 3247 4290 sed
3274 4230 3494 4301 implere
3508 4226 3570 4278 ⁵⁸.
3592 4219 3693 4288 Qui-

2157 4314 2388 4423 cunque.
2423 4355 2521 4403 aut
2566 4314 2741 4414 legem
2785 4335 3000 4392 irritam
3045 4329 3197 4393 facit,
3240 4331 3341 4380 aut
3393 4314 3694 4388 Evangeliutn

2392 4437 2484 4492 hic
2499 4448 2609 4489 non
2622 4402 2800 4486 babet
2828 4422 3168 4485 didrachma,
3192 4431 3299 4472 nec
3331 4414 3496 4483 hujus
3535 4402 3696 4463 doctri-

2159 4539 2380 4619 nam.ut
2407 4522 2842 4584 sanctiﬁcantem
2871 4512 3185 4583 recipimus.
3229 4502 3527 4561 Haereticos
3555 4502 3697 4550 autem

2977 4605 3011 4619 ,.
3072 4618 3098 4619 κέ
3301 4597 3479 4619 hum
3522 4591 3693 4619 “mm

477 4591 593 4640 sive
625 4591 862 4650 pronam
881 4591 1101 4642 qualem
1118 4591 1167 4621 et
1188 4591 1316 4634 υνυι
1332 4591 1441 4615 usus
1473 4591 1847 4628 γωιιιννιιοιυιυ,
1869 4591 2057 4603 .......,..
2296 4600 2317 4619 .

477 4679 796 4746 Supputant
826 4672 1013 4722 autem
1043 4672 1218 4728 usque
1254 4653 1322 4709 ad
1345 4648 1559 4707 Jubitaei
1589 4644 1849 4717 pretium,
1896 4639 1951 4695 id
1976 4646 2064 4694 est
2093 4623 2141 4681 Ι)
2167 4637 2224 4682 et
2245 4623 2482 4685 Iudaeos.
2505 4627 2739 4687 quorum
2765 4608 2854 4664 alii
2876 4605 3129 4679 gratiam.
3161 4598 3257 4655 alii
3300 4597 3480 4665 legem
3522 4591 3699 4657 negant.

1297 4743 1307 4746 ³
1397 4741 1410 4746 ”
1512 4738 1546 4746 ’⁵
1591 4737 1604 4746 ¹
1755 4732 1789 4746 ’⁵
1831 4740 1842 4746 -
1938 4744 1950 4746 —
1980 4744 1994 4746 —
2015 4735 2059 4746 -Α
2166 4714 2450 4746 κυηηιὶῖηηο
2481 4704 2863 4746 ειιαρίηἰςιιηηε-
3608 4683 3624 4701 .

476 4732 681 4819 ex-l'iis
729 4770 851 4828 quae
898 4752 969 4808 de
1023 4743 1346 4821 poenitentia
1396 4741 1455 4795 in
1494 4737 1681 4794 divina
1736 4732 1881 4789 dicta
1931 4735 2063 4786 sunt

481 4817 796 4923 Scriptura.
841 4843 965 4915 ipsa
1005 4817 1153 4895 enim
1206 4829 1497 4890 estimatio
1544 4833 1628 4881 est
1656 4821 1787 4879 anni
1822 4817 2061 4882 Jubilaei,

480 4945 600 5003 sive
626 4933 986 4998 remissionis,
1016 4938 1126 4985 tam
1155 4924 1285 4997 quia
1304 4923 1422 4993 ipsa
1452 4913 1764 4979 aestimavit,
1797 4910 1912 4965 sive
1935 4921 2067 4977 sup-

430 5070 443 5117 ;
485 5032 699 5110 putavit
736 5022 1144 5101 ptenitentiam,
1190 5030 1355 5088 quam
1400 5012 1530 5083 quia
1577 5007 1814 5064 aestimat
1861 5009 2067 5072 quanta

426 5088 442 5138 ᾖ
482 5088 607 5197 eius
645 5120 715 5177 sit
740 5115 1001 5190 dignitas,
1045 5109 1149 5163 hoc
1190 5104 1341 5161 enim
1380 5100 1616 5156 dicimus
1643 5108 1768 5149 esse
1823 5088 2067 5144 aestima-

486 5179 720 5279 tionem,
747 5179 875 5282 quia
913 5205 997 5260 sic
1026 5195 1349 5271 pmnitentia
1371 5190 1616 5252 deﬁnita,
1649 5181 1900 5241 deﬁnitio
1948 5179 2070 5249 ejus

489 5314 681 5365 sancta
706 5275 815 5356 erit
843 5295 976 5360 Deo,
1000 5297 1226 5363 propter
1254 5282 1401 5354 quod
1426 5290 1483 5336 et
1503 5275 1749 5333 addidit:

567 5359 636 5453 Et
660 5393 806 5449 dabit
835 5389 927 5444 ille
950 5359 1041 5457 qui
1066 5389 1244 5436 votum
1285 5379 1496 5429 voverat
1535 5366 1780 5422 Domino.
1829 5359 1956 5415 Sive
1981 5372 2071 5412 se-

495 5490 741 5549 cundum
766 5481 929 5546 LXX,
959 5455 1027 5534 Et
1054 5472 1236 5530 reddet
1264 5467 1491 5538 pretium
1524 5462 1580 5516 in
1602 5459 1687 5513 die
1713 5455 1804 5509 illo
1835 5458 2076 5507 sanctam

501 5581 748 5637 Domino.
785 5575 848 5630 in
877 5581 1125 5640 tempore
1163 5563 1336 5625 enim,
1374 5558 1431 5613 in
1454 5567 1564 5624 quo
1604 5545 1905 5605 secundum
1935 5543 2079 5597 hanc

502 5672 792 5735 rationem,
821 5680 886 5722 ea
914 5636 1039 5734 quae
1079 5665 1209 5716 sunt
1235 5654 1305 5711 de
1331 5641 1655 5723 poenitentia
1719 5636 2078 5697 deﬁniuntur,

504 5763 621 5818 sive
646 5759 983 5816 inducuntur
1032 5751 1106 5816 ei,
1156 5760 1281 5802 cum
1332 5736 1642 5798 necessaria
1697 5739 1781 5788 est
1836 5723 2081 5785 deﬁnitio

616 5940 662 5971 “
697 5935 838 5993 PSal.
871 5946 1040 5998 Lxxn,
1080 5927 1165 5981 10.
1278 5922 1320 5953 ’⁵⁸
1362 5915 1504 5974 Psal.
1533 5929 1641 5981 tax,
1680 5911 1762 5967 Li.

1877 5903 1964 5959 "1
1998 5899 2139 5956 Tim.
2173 5913 2249 5964 tv,
2275 5893 2331 5948 2.

2166 4714 2450 4787 aequaliter
2481 4704 2864 4776 suscipiamus.

2243 4764 2603 4874 lPrimogent'ta
2630 4764 2750 4869 qua:
2783 4793 2852 4848 ad
2878 4786 3345 4854 Deumpertinenl,
3373 4794 3527 4848 nemq
3544 4764 3701 4829 sancti-

2172 4900 2333 4968 ﬁcare
2366 4900 2554 4964 potest,
2590 4897 2640 4942 et
2697 4898 2909 4946 vovere;
2940 4878 3060 4935 Sive
3096 4877 3207 4937 bos,
3248 4874 3359 4928 sive
3412 4870 3517 4924 ovis
3562 4859 3700 4936 fuerin

2178 4988 2389 5047 Domini
2410 4992 2552 5040 sunt.
2578 4983 2784 5037 Pecora
2808 4989 2906 5031 eos
2929 4971 3022 5042 qui
3054 4969 3218 5024 nobis
3233 4964 3552 5021 obedientes
3588 4958 3700 5012 sunt.

2178 5082 2338 5146 ﬁlios,
2369 5083 2427 5133 et
2443 5086 2651 5136 servos,
2685 5068 2740 5122 in
2779 5058 3219 5136 prurcedentibus
3257 5053 3512 5110 diximus.
3543 5043 3704 5100 ﬂorum

2176 5166 2626 5246 primogenitum,
2652 5160 2706 5216 id
2732 5131 2835 5222 est,
2861 5155 2955 5226 qui
2986 5152 3147 5209 nobis
3178 5150 3258 5205 sic
3299 5156 3497 5216 parens
3524 5148 3573 5192 et
3610 5131 3706 5186 οἰκί’

2939 5244 2951 5246 _
3029 5241 3061 5246 __
3164 5237 3177 5246 _
3295 5244 3303 5246 _
3474 5245 3497 5246 γέ
3525 5225 3554 5246 η
3581 5221 3705 5246 ,ΜΔ

2177 5221 2336 5318 diens
2360 5221 2555 5318 inerit,
2586 5221 2723 5306 utet
2753 5221 3230 5300 aliis-obedientiae
3257 5244 3311 5289 et
3339 5225 3555 5304 parendi
3577 5221 3705 5277 duca-

2183 5364 2299 5410 tum
2322 5348 2584 5422 praebcat,
2646 5349 2703 5397 et
2735 5346 3027 5409 propterea
3057 5331 3148 5387 hic
3170 5326 3391 5398 quidem
3424 5306 3705 5407 primogeni-

2186 5388 2299 5410 tu...
2343 5388 2565 5405 "ww..-
2649 5388 2703 5397 --
2738 5388 2947 5409 ,--.r-,,
3191 5388 3206 5398 _
3427 5388 3442 5393 _

2184 5453 2304 5499 tum
2324 5388 2723 5499 ldicitur,’:tlibi
2779 5434 2964 5482 autem
3020 5421 3091 5478 de
3150 5434 3218 5474 eo
3276 5411 3545 5485 legislator
3582 5396 3704 5499 dicit:
3802 5388 3803 5439 ἒ

2187 5536 2353 5592 Omne
2384 5524 2737 5587 masculinam
2759 5516 3072 5587 adaperiens
3102 5509 3332 5571 vulvam,
3379 5509 3603 5558 sanctum
3629 5487 3705 5542 Do-

2189 5618 2333 5681 mino
2358 5615 2729 5677 vocabitur"._
2750 5605 3017 5679 Adaperit
3055 5601 3202 5658 enim
3234 5597 3449 5653 vulvam
3491 5594 3705 5660 generan-

2191 5720 2385 5776 dorum
2417 5712 2675 5771 ﬁliorum,
2707 5702 2798 5776 qui
2823 5699 3049 5757 obedire
3103 5689 3404 5750 secundum
3459 5682 3626 5737 Deum,
3669 5675 3706 5721 υῑ

2444 5893 2488 5926 ⁵ο
2517 5885 2711 5944 Matth.
2751 5898 2803 5947 v,
2833 5878 2918 5934 i7.
3032 5874 3072 5905 '”
3100 5868 3462 5927 Exod.xx:ttv,
3489 5855 3535 5910 9.
