3892 6398
193 446 310 513 1173

1283 443 1367 505 IN
1406 442 1856 505 LEVITICUM.
1882 469 1948 480 --
1989 443 2135 505 LIB.
2186 445 2316 508 VII.

3299 440 3433 504 ιιῖι

186 574 297 615 ram
323 555 401 628 pia
448 549 787 623 subjectione
839 551 1051 625 incipit,
1082 555 1283 625 qualis,
1327 556 1483 611 verbi
1536 554 1734 627 gratia,
1764 555 1812 611 Α
1839 563 2052 623 partem
2082 555 2278 626 pretii:
2325 553 2492 610 addet
2557 552 2826 625 quintam,
2869 569 2996 609 cum
3049 554 3331 611 intellectu
3381 557 3432 611 ei

184 660 288 709 erat
313 648 467 703 Paulo
489 645 831 707 Timotheus.
862 656 918 703 et
963 657 1257 719 propterea
1305 648 1373 704 de
1429 662 1497 703 eo
1524 648 1588 702 ad
1630 647 1739 703 Co-

194 742 409 799 rinthios
438 738 654 808 scripsit
693 737 839 804 :Qui
873 750 950 795 est
996 741 1139 810 ﬁlius
1190 758 1336 795 meus
1392 742 1451 796 in
1493 740 1737 806 Domino,

182 840 279 906 ipse
328 850 410 888 vos
454 833 893 902 commonefaciat
936 834 1052 888 vias
1110 851 1277 901 meas,
1337 851 1455 906 qum
1515 843 1638 889 sunt
1686 835 1744 887 in

186 923 376 979 Christo
406 920 549 974 Jesu.
584 918 743 977 Hunc
774 920 867 990 qui
896 920 1019 976 talis
1047 932 1152 987 est,
1192 939 1358 979 nemo
1403 924 1737 980 sanctilicet:

188 1030 287 1071 non
315 1012 436 1084 quia
463 1009 717 1082 indignus
759 1020 846 1067 est
898 1013 1352 1081 sanctiﬁcatione,
1401 1014 1495 1070 sed
1545 1023 1605 1069 ut
1648 1016 1743 1085 qui

182 1124 281 1164 non
317 1112 434 1177 eget
458 1104 809 1170 sanctiﬁcari,
841 1113 926 1160 est
953 1121 1084 1177 ergo
1106 1106 1233 1162 olim
1265 1117 1510 1163 sanctus.
1538 1108 1741 1165 Didici-

181 1198 240 1253 sti
267 1197 430 1261 enim,
482 1197 760 1266 quomodo
819 1206 877 1252 et
923 1199 1182 1270 superius
1227 1199 1570 1266 dicebamus,
1616 1201 1743 1271 quia

180 1287 312 1342 aliud
335 1295 416 1342 est
454 1295 706 1342 sanctum
751 1302 877 1343 esse
923 1289 1130 1360 aliquid
1166 1289 1295 1355 Deo,
1360 1290 1507 1345 aliud
1559 1301 1742 1345 autem

180 1380 375 1434 initium
405 1378 858 1435 sanctiﬁcationis
884 1395 1125 1438 sumere.
1164 1382 1303 1438 Illud
1348 1383 1495 1438 enim
1549 1383 1746 1439 melius

179 1486 237 1527 ac
283 1470 530 1540 superius
576 1480 680 1535 est,
720 1481 913 1543 ulpote
952 1474 1096 1544 quod
1117 1474 1248 1530 olim
1307 1474 1611 1544 perlectum
1662 1484 1749 1530 est

180 1563 390 1619 meliore
417 1563 617 1619 rationi
655 1579 765 1618 non
792 1574 937 1638 eget.
965 1565 1106 1632 Quia
1138 1581 1269 1639 ergo
1293 1566 1455 1634 ﬁlius,
1482 1567 1576 1637 qui
1627 1577 1747 1622 tan-

179 1670 280 1715 tum
314 1660 547 1715 honorat
579 1668 792 1731 patrem
837 1670 895 1717 et
923 1671 1180 1727 matrem,
1209 1671 1271 1715 ut
1325 1662 1447 1716 aliis
1481 1662 1575 1717 ﬁat
1622 1663 1748 1719 talis

176 1748 382 1805 honoris
409 1750 766 1820 exemplum;
822 1752 1104 1808 honorans
1145 1762 1330 1807 autem
1368 1764 1594 1825 propter
1628 1755 1740 1824 pie-

177 1852 346 1938 tatem:
373 1842 425 1897 id
451 1851 536 1897 est
567 1854 799 1915 propter
833 1846 1205 1902 obedientiam
1250 1848 1404 1920 legis,
1434 1856 1491 1904 et
1538 1848 1739 1913 sciens,
1778 1878 1819 1938 Β

173 1934 286 2004 quia
310 1933 415 1989 Deo
440 1934 610 1990 ollert
640 1936 789 1992 hunc
824 1936 1116 2005 honorem,
1152 1940 1246 2010 qui
1272 1940 1529 1996 honorari
1559 1949 1745 2012 patres

175 2026 434 2097 praecipit,
471 2027 715 2098 primum
748 2030 1069 2085 mandatum
1101 2031 1247 2102 quod
1292 2042 1379 2088 est
1431 2032 1484 2087 in
1512 2034 1745 2104 promis-

173 2116 335 2183 sione,
350 2118 661 2173 secundum
686 2120 832 2189 quod
861 2120 1058 2176 Paulus
1084 2121 1242 2189 dixit,
1272 2123 1526 2193 implevit.
1544 2123 1747 2180 Servus

173 2217 359 2272 autem,
392 2210 490 2280 qui
521 2210 755 2267 domino
784 2228 925 2282 pure
946 2213 1223 2280 subditur,
1247 2224 1470 2285 propter
1516 2217 1742 2273 manda-

173 2311 274 2353 tum
300 2299 445 2369 quod
504 2301 872 2370 dixit:Servi,
931 2306 1132 2359 obedite
1165 2306 1392 2361 dominis
1444 2308 1747 2363 carnalibus

170 2408 278 2444 cum
300 2391 487 2446 timore
522 2401 574 2447 et
605 2401 854 2459 tremore,
906 2396 964 2449 in
991 2396 1336 2466 simplicitate
1364 2399 1553 2463 cordis,
1611 2401 1747 2453 sicut

171 2482 402 2549 Domino,
435 2499 541 2538 non
566 2486 642 2539 ad
668 2485 880 2540 oculum
921 2488 1223 2553 servientes,
1276 2480 1411 2542 sicut
1456 2491 1747 2544 hominibus

168 2573 440 2642 placentes,
483 2576 580 2630 sed
604 2576 741 2630 sicut
765 2579 904 2632 servi
938 2576 1037 2633 Dei
1070 2577 1420 2633 obedientiam
1453 2579 1560 2635 Deo
1576 2591 1750 2635 osten-

167 2665 365 2721 dunt".
399 2665 518 2724 Hoc
545 2676 733 2723 autem
770 2669 914 2727 idem
936 2679 994 2726 et
1020 2671 1348 2742 discipulus.
1385 2670 1439 2726 Si
1490 2675 1750 2744 magistro

165 2757 227 2812 ad
253 2758 519 2814 honorem
552 2758 674 2828 Dei,
712 2762 804 2832 qui
827 2778 925 2832 per
950 2762 1177 2818 Paulum
1218 2774 1504 2821 sanctum:
1537 2765 1752 2821 Obedite

165 2854 451 2922 pra-positis
487 2855 701 2917 vestris,
733 2865 782 2910 et
804 2856 1071 2925 subjacete
1115 2858 1206 2921 eis,
1233 2858 1334 2926 ipsi
1386 2858 1527 2913 enim
1576 2861 1752 2930 pervi-

165 2941 323 3011 gilant
375 2959 477 3011 pro
543 2944 830 2999 animabus
893 2947 1103 3012 vestris,
1148 2946 1389 3021 obedile,
1429 2956 1478 3002 et
1529 2949 1751 3018 subjecti

163 3036 395 3101 estote",
419 3037 489 3091 ad
519 3036 700 3092 Deum
728 3037 935 3093 referre
975 3053 1063 3104 ea,
1099 3054 1224 3108 quae
1251 3048 1384 3094 sunt
1421 3040 1586 3110 hujus
1616 3041 1751 3096 obe-

162 3127 377 3185 dientiae
437 3138 497 3184 et
561 3129 955 3200 subjectionis,
1025 3132 1312 3187 evidenter
1375 3133 1751 3203 unusquisque

1844 648 2156 702 doctrinam
2181 647 2442 711 oﬁ‘erens,
2468 647 2521 701 in
2558 648 2829 718 sapientia
2856 662 2983 704 eum
3007 647 3345 719 gubernans,
3380 658 3431 703 et

1846 752 1957 792 non
1991 737 2319 806 insipienter
2369 753 2587 808 regens.
2640 736 2914 793 lnsensati
2950 739 3096 792 enim
3151 738 3348 807 patris,
3378 749 3433 793 ct

1849 829 2084 891 domini,
2133 838 2190 884 et
2235 830 2481 899 magistri
2541 837 2647 895 est,
2704 828 3042 893 obedientia,
3092 844 3215 898 qua:
3266 828 3336 882 ad
3375 844 3435 883 se

1847 922 2108 992 pertinet,
2133 922 2331 978 docere
2356 923 2549 987 lilium,
2579 922 2664 977 vel
2683 922 3042 993 discipulum,
3073 922 3161 977 vel
3189 937 3431 981 servum,

1846 1023 1903 1069 et
1925 1030 2034 1081 non
2076 1015 2372 1085 disponere
2400 1015 2524 1085 ejus
2578 1015 2769 1081 vitam,
2817 1025 2879 1070 ut
2937 1014 3240 1070 secundum
3303 1012 3435 1084 legis

1847 1106 2135 1162 scientiam
2182 1116 2460 1178 operetur,
2510 1108 2939 1178 permittereque
2984 1123 3111 1163 eum
3152 1106 3431 1162 indoctum

1846 1214 1970 1255 esse
1999 1199 2052 1252 in
2109 1199 2227 1270 lege
2255 1208 2310 1254 et
2336 1200 2671 1269 imperitum.
2733 1201 2910 1255 Addat
2947 1200 3115 1271 igitur
3162 1208 3215 1255 et
3244 1198 3433 1269 subje-

1848 1291 2015 1346 ctioni
2050 1300 2107 1345 et
2131 1290 2399 1345 doctrina:
2445 1291 2814 1355 intellectum;
2845 1292 2963 1360 ipse
3001 1291 3148 1346 enim
3179 1291 3328 1345 solus
3376 1290 3432 1344 in

1851 1383 2106 1454 priesenti
2166 1381 2348 1435 minus
2395 1390 2503 1442 est,
2561 1392 2783 1452 propter
2844 1382 2988 1451 quod
3037 1382 3218 1437 dixit:
3266 1383 3433 1436 Addet

1849 1477 2093 1547 quintam
2113 1485 2318 1545 partem
2334 1476 2511 1545 pretii.

1920 1567 2061 1635 Quia
2094 1568 2329 1637 pretium
2376 1568 2543 1623 habet
2587 1567 2923 1628 obedientia,
2974 1568 3120 1622 umle
3165 1582 3274 1621 non
3325 1568 3432 1621 ait:

1851 1661 2161 1717 .‘Estimab‘lt
2213 1678 2333 1717 eum
2388 1663 2654 1727 sacerdos,
2711 1662 2857 1717 sicut
2903 1677 3068 1732 supra
3118 1662 3278 1728 dixit,
3339 1663 3434 1716 sed

1852 1755 2001 1809 sicut
2026 1755 2158 1809 olim
2180 1756 2422 1825 pretium
2459 1754 2780 1821 habentem,
2813 1764 2869 1809 et
2905 1755 2997 1824 qui
3059 1753 3433 1808 deﬁnitionem

1852 1848 2138 1912 doctrinm,
2167 1847 2669 1918 subjectionemque
2699 1847 2926 1902 sortitus
2956 1856 3059 1903 cst.
3088 1846 3437 1915 jussitsuper

1851 1956 1977 1995 cum
2030 1940 2155 1995 addi
2209 1940 2456 2009 quintam
2500 1949 2733 2008 partem,
2766 1951 2828 1993 ut
2875 1939 3000 2008 quia
3043 1939 3431 2001 obedientiam,

1846 2045 2012 2099 quam
2046 2028 2204 2084 valde
2228 2029 2312 2085 lex
2336 2028 2605 2110 prmcipit,
2633 2028 2897 2097 possidet,
2936 2031 3238 2083 secumlum
3271 2026 3431 2080 LXX.

1851 2123 2023 2178 Filius
2057 2123 2274 2193 sapiens
2303 2122 2558 2178 subditus
2586 2130 2673 2177 est
2711 2121 2876 2191 patri,
2901 2121 3151 2190 quintam
3178 2118 3435 2188 adjicitct

1851 2216 2313 2287 quemadmodum
2341 2214 2600 2282 diximus,
2638 2213 2966 2270 obedientite
3019 2212 3172 2267 addit
3210 2227 3432 2266 sensum

1850 2324 1914 2363 es
1936 2323 2045 2378 quo
2071 2307 2392 2364 obediturus
2420 2318 2526 2373 est,
2562 2315 2618 2362 et
2647 2316 2793 2361 recte
2816 2306 3152 2375 redemptus,
3187 2304 3435 2358 invenie-

1854 2410 1942 2455 tur
1967 2402 2229 2454 mundus.
2264 2398 2440 2464 Tunc,
2483 2399 2788 2454 secundum
2826 2396 2987 2461 LXX,
3018 2396 3123 2451 erit
3159 2397 3296 2466 ejus,
3340 2395 3434 2463 qui

1852 2492 2100 2562 possidet
2126 2507 2370 2558 servum,
2406 2500 2501 2545 aut
2522 2490 2716 2555 ﬁlium,
2747 2499 2844 2545 aut
2870 2489 3217 2559 discipulum,
3264 2489 3435 2542 habe-

1852 2584 1935 2639 bit
1961 2584 2107 2639 enim
2133 2584 2186 2638 in
2212 2599 2278 2638 eo
2305 2583 2534 2655 gloriam
2557 2584 2700 2638 sicut
2727 2581 2929 2636 l’aulus
2958 2582 3125 2637 dixit:
3152 2579 3293 2646 Quia
3316 2579 3434 2651 glas

1854 2678 1936 2731 ria
1973 2686 2152 2730 nostra
2202 2693 2291 2730 vos
2318 2677 2441 2730 estis
2489 2677 2544 2728 in
2584 2674 2793 2730 Christo
2844 2674 3057 2729 Jesu“.
3088 2674 3155 2727 Et
3213 2687 3432 2726 rursus:

1855 2765 2072 2821 Gaudeo
2091 2765 2255 2835 igitur
2276 2765 2333 2818 in
2349 2765 2510 2818 vobis.
2551 2764 2615 2818 Et
2668 2778 2887 2817 rursus:
2924 2762 3079 2816 Nunc
3138 2761 3278 2816 enim
3307 2760 3436 2813 vivi-

1857 2875 1993 2925 mus,
2029 2859 2074 2913 si
2097 2875 2186 2912 vos
2211 2858 2365 2912 statis
2388 2857 2444 2911 in
2480 2856 2786 2912 Domino”.
2816 2853 2876 2910 Si
2917 2863 3101 2909 autem
3136 2869 3250 2907 non
3279 2852 3439 2905 rede-

1857 2950 2042 3015 merit,
2112 2950 2206 3021 qui
2267 2949 2460 3014 ﬁlium,
2495 2958 2591 3003 aut
2654 2964 2898 3013 servum,
2948 2956 3045 3001 aut
3107 2944 3435 3015 discipulum

1855 3040 2141 3112 possidet:
2199 3040 2371 3113 ipsius
2404 3039 2550 3094 enim
2581 3054 2707 3093 eum
2771 3038 3043 3093 redimere
3094 3045 3180 3091 est
3234 3042 3291 3090 et
3338 3048 3438 3104 per

1857 3137 2184 3206 prudentem
2204 3134 2638 3190 admonitionem
2666 3143 2946 3189 sensatum
2977 3130 3213 3193 edicere,
3239 3144 3449 3184 secun-

161 3219 351 3275 horum
380 3221 760 3289 dicitur,‘sive
787 3238 887 3293 per
940 3223 1139 3278 bonam
1178 3225 1584 3296 simplicitatem
1630 3226 1749 3296 pla-
1779 3219 1823 3278 C
1856 3229 1986 3285 dum
2030 3229 2279 3291 modum,
2320 3227 2413 3298 qui
2463 3227 2644 3282 dictus
2682 3236 2786 3291 est,
2840 3226 3112 3281 alienatur
3151 3224 3220 3279 ab
3273 3222 3455 3292 hujus.

159 3329 283 3369 cens
311 3325 398 3371 est
421 3314 563 3381 Deo,
599 3315 717 3371 sive
754 3330 853 3386 per
872 3315 1175 3370 studiosam
1199 3316 1581 3372 mandatorum
1617 3333 1750 3388 Ope-

160 3407 444 3476 rationem,
478 3418 540 3465 et
565 3408 661 3479 qui
694 3408 891 3464 debeat
924 3409 1024 3464 bos
1051 3408 1276 3479 propter
1304 3409 1430 3476 hoc,
1460 3420 1557 3466 aut
1610 3412 1749 3476 ovis,

158 3500 454 3568 nominari,
485 3500 704 3557 domini
729 3509 963 3569 uterque
991 3508 1096 3555 est.
1134 3499 1347 3555 Audisti
1370 3500 1516 3555 enim
1555 3515 1750 3570 quem-

157 3593 449 3649 admodum
509 3594 583 3649 ad
655 3592 941 3647 dominum
1007 3584 1250 3663 pertinet
1312 3592 1754 3662 uniuscujusque

155 3686 494 3751 obedientia,
550 3693 614 3741 et
640 3684 932 3755 subjectio,
960 3684 1181 3755 quando
1224 3685 1456 3756 subjecti
1506 3684 1754 3755 patribus

158 3781 239 3835 vel
268 3782 516 3837 dominis
575 3778 989 3850 velmagistris,
1047 3777 1211 3833 etiam
1273 3776 1752 3833 conversationem

154 3869 359 3926 habent
378 3871 618 3933 bonam,
648 3862 782 3938 quae
795 3884 892 3922 eos
917 3868 1061 3923 inter
1089 3868 1295 3922 munda
1325 3866 1580 3921 animalia
1628 3866 1757 3921 facit

154 3971 270 4010 esse
298 3994 315 4019 ,
366 3966 424 4011 et
466 3972 585 4011 non
641 3955 711 4011 de
755 3955 1081 4020 immundis,
1125 3956 1195 4011 de
1248 3956 1449 4026 quibus
1502 3955 1752 4011 subdidit

151 4049 464 4118 sequentia.

1854 3321 2227 3392 possessione,
2280 3321 2484 3375 vendet
2530 3319 2700 3384 enim,
2765 3319 2865 3383 ait,
2925 3316 3105 3379 alteri,
3161 3315 3249 3371 vel
3298 3314 3442 3370 sicut

1856 3412 1999 3466 LXX
2026 3412 2071 3468 si
2102 3428 2212 3466 non
2250 3410 2585 3475 liberaverit,
2637 3410 2821 3464 veniet
2856 3407 3155 3463 secundum
3198 3405 3439 3475 pretium

1854 3486 1999 3572 ejus:
2032 3500 2106 3555 ita
2135 3507 2193 3553 ut
2222 3500 2369 3553 illius
2408 3500 2630 3569 quidem
2677 3498 2750 3552 sit
2780 3498 3014 3567 pretium
3046 3496 3190 3566 apud
3245 3496 3437 3559 Deum,

1854 3591 2082 3647 obedire
2109 3589 2364 3653 domino,
2393 3599 2448 3643 et
2476 3588 2640 3658 patri,
2673 3595 2730 3642 et
2776 3586 3058 3656 magistro.
3097 3584 3200 3650 Qui
3257 3593 3439 3639 autem

1856 3699 2006 3749 eum,
2039 3697 2164 3737 cum
2192 3681 2423 3735 deberet
2481 3689 2537 3733 et
2573 3678 2837 3748 potuisset
2865 3675 3166 3740 exhortari,
3211 3690 3322 3730 non
3357 3683 3445 3729 est

1858 3777 2204 3836 exhortatus,
2242 3773 2507 3828 damnum
2535 3771 2742 3840 patitur
2771 3771 2892 3841 ejus
2939 3768 3328 3840 possessionis,
3388 3775 3444 3824 et

1860 3883 1969 3922 non
2009 3873 2192 3936 potest
2238 3862 2456 3919 dicere:
2485 3859 2626 3915 Ecce
2667 3875 2769 3931 ego
2798 3869 2853 3913 et
2890 3856 3071 3928 pueri,
3111 3870 3254 3926 quos
3308 3852 3441 3908 mihi

1857 3959 2011 4015 dedit
2034 3957 2202 4013 Deus.

1937 4051 2097 4108 Vsus.
2126 4050 2218 4118 28,
2249 4051 2340 4106 29.
2376 4068 2394 4102 ι
2422 4049 2598 4105 Omne
2628 4048 2773 4119 quod
2808 4047 3039 4102 Domino
3066 4050 3440 4102 consecratur,

221 4138 387 4198 VERS-
411 4143 512 4198 27-
564 4161 584 4195 ι
622 4141 780 4209 Ουοά
809 4142 854 4197 εἷ
879 4141 1224 4197 immundum
1248 4150 1333 4197 εει
1356 4140 1580 4204 animal.
1613 4140 1759 4195 τεαὶ·
1862 4147 1979 4203 sive
2009 4146 2175 4201 homo
2214 4144 2339 4205 erit,
2369 4144 2486 4198 sive
2526 4140 2754 4203 animal.
2792 4139 2906 4193 sive
2939 4152 3090 4208 ager,
3116 4151 3226 4189 non
3263 4132 3445 4188 venie-

150 4236 376 4306 metqui
402 4236 682 4292 obtulerit
700 4236 858 4307 juxta
883 4235 1303 4291 aestimationem
1326 4249 1504 4299 suam,
1532 4235 1762 4289 etaddet
1866 4250 1972 4302 tur,
2036 4253 2142 4294 nec
2180 4235 2378 4292 redimi
2445 4234 2672 4305 poterit.
2729 4229 3007 4300 Quidqnid
3057 4226 3228 4283 semel
3282 4224 3449 4279 fuerit

150 4327 404 4395 quintam
439 4337 665 4399 partem
697 4327 881 4399 pretii.
909 4326 969 4382 Si
998 4326 1272 4382 redimere
1326 4326 1591 4391 noluerit,
1622 4341 1758 4383 ven-
1863 4337 2273 4390 consecratum,
2306 4334 2557 4382 sanctum
2586 4333 2902 4380 sanctorum
2939 4321 3060 4374 erit.
3091 4317 3356 4373 Domino:
3393 4322 3452 4372 et

148 4419 314 4474 detur
341 4420 540 4476 alteri.
586 4439 606 4471 ι
1864 4418 2045 4475 omnis
2074 4415 2420 4473 consecratio
2471 4429 2594 4484 quae
2624 4412 2857 4466 oﬁ‘ertur
2907 4409 2977 4464 ab
3028 4407 3275 4471 homine,
3336 4420 3445 4460 non

218 4512 363 4577 Quia
400 4512 735 4568 immundus
761 4512 942 4568 omnis
971 4520 1227 4583 peccator
1258 4523 1363 4580 est,
1405 4512 1758 4570 manifestum
1794 4561 1835 4583 η
1867 4514 2189 4574 redimetur,
2229 4508 2324 4565 sed
2364 4516 2541 4562 morte
2578 4504 2865 4558 morietur.
2897 4521 2925 4553 ι

147 4614 264 4660 est:
289 4606 635 4662 immundus
651 4606 797 4661 enim
814 4614 922 4671 est,
947 4605 1124 4677 inquit
1147 4606 1428 4673 Salomon,
1452 4617 1582 4663 ante
1619 4624 1758 4664 con-
1793 4589 1836 4616 ν
1937 4605 2071 4672 Quae
2099 4599 2411 4657 dili‘erentia
2457 4597 2528 4653 sit
2560 4595 3066 4659 anathematizare,
3101 4600 3159 4647 et
3204 4589 3450 4646 sanctiﬁ-

151 4707 415 4768 spectum
446 4698 698 4762 Domini,
729 4699 912 4754 omnis
945 4698 1192 4770 iniquus.
1224 4699 1452 4769 Iniquus
1476 4699 1623 4755 enim
1653 4708 1758 4764 est,
1867 4714 1997 4755 care
2026 4694 2330 4753 secundum
2357 4692 2618 4754 litteram,
2652 4703 2751 4758 per
2780 4703 2843 4741 ea
2870 4701 2988 4756 quae
3034 4683 3293 4754 superius
3336 4682 3452 4736 dis-

147 4792 280 4861 quia
303 4803 423 4848 tam
450 4792 742 4857 meditari,
765 4786 930 4862 quam
955 4793 1274 4849 discernere
1298 4794 1472 4864 legem
1492 4809 1641 4856 eum,
1669 4795 1762 4863 qui
1867 4805 2030 4847 cussa
2095 4794 2249 4851 sunt,
2278 4782 2654 4841 ostendimus:
2685 4779 2775 4834 ubi
2834 4781 2938 4833 hoc
2959 4780 3104 4847 quod
3131 4775 3453 4830 anathema-

149 4883 425 4950 ruminat,
446 4891 511 4940 et
539 4884 799 4956 ungulam
831 4883 1009 4951 ﬁndit,
1027 4884 1497 4957 legislatorjussit,
1523 4885 1761 4954 quicun-
1870 4883 2094 4938 tizatum
2121 4888 2228 4944 est,
2266 4876 2418 4931 nullo
2439 4873 2858 4929 modoinusum
2878 4867 3451 4957 humanum,nullius,

145 4991 255 5046 que
310 4993 502 5033 unum
533 4992 602 5033 ex
641 4976 729 5033 his
775 4977 961 5033 minus
1015 4977 1202 5032 habet.
1264 4976 1591 5047 Quicunque
1629 4992 1761 5048 ergo
1869 4988 1973 5029 nec
2004 4966 2308 5026 sacerdotis
2343 4964 2427 5019 las
2451 4979 2576 5018 esse
2607 4961 2809 5017 reverti
2857 4959 3118 5022 diximus,
3151 4956 3452 5011 secundum

148 5067 431 5124 obediens
460 5077 576 5134 est,
632 5079 689 5124 et
715 5069 1075 5124 vehementer
1129 5068 1382 5123 subditus
1436 5067 1600 5138 patri.
1667 5075 1764 5121 aut
1870 5062 2338 5122 Amalecbitarum
2394 5056 2701 5119 historiam,
2729 5070 2892 5125 quam
2957 5052 3010 5106 in
3081 5049 3451 5106 testimonium

152 5156 420 5223 domino,
483 5167 586 5213 aut
643 5159 927 5230 magistro,
972 5173 1083 5212 non
1118 5166 1299 5213 tamen
1347 5158 1557 5227 legem,
1621 5158 1767 5212 sicut
1872 5156 1950 5211 rei
1980 5150 2341 5225 protulimus:
2376 5148 2432 5202 in
2456 5154 2670 5202 tantum
2696 5145 2846 5201 enim
2869 5159 2979 5199 non
3008 5142 3206 5230 licebat
3233 5146 3454 5209 tangere

143 5257 401 5316 oportet,
425 5247 690 5302 meditari
713 5228 1160 5320 autdistinguere
1178 5248 1347 5314 novit,
1368 5247 1766 5319 primogenitus
1869 5244 2017 5317 quod
2045 5236 2634 5301 anathematizahatur,
2673 5244 2736 5290 ut
2777 5232 2997 5303 quando
3042 5228 3455 5320 Jerichorana-

145 5339 385 5408 quidem
424 5339 486 5392 in
525 5340 818 5408 pecoribus
844 5347 951 5406 est,
983 5319 1127 5395 sicut
1156 5340 1481 5396 obedientia:
1507 5340 1639 5395 dux.
1671 5339 1769 5394 Est
1879 5336 2400 5395 thematizaverunt,
2455 5329 2584 5399 quia
2638 5326 2858 5397 quidam
2898 5340 2967 5379 ex
3011 5320 3236 5393 populo.
3284 5319 3339 5375 id
3371 5326 3457 5374 est

146 5441 342 5485 autem
386 5433 742 5495 immundus,
784 5431 913 5503 quia
942 5449 1052 5488 non
1079 5433 1244 5488 habet
1266 5433 1371 5488 hoc
1393 5433 1540 5504 quod
1559 5432 1766 5488 habere
1875 5430 2066 5484 Achan
2107 5425 2251 5481 ﬁlius
2298 5418 2545 5482 Charmi,
2593 5418 2662 5473 de
2695 5416 3048 5471 anathemate
3082 5412 3313 5504 furatus
3347 5415 3455 5475 est,

145 5524 437 5581 mundum
485 5525 766 5597 legislator
804 5501 993 5597 jussit.
1030 5526 1086 5580 Si
1116 5541 1247 5597 ergo
1274 5501 1429 5581 .eum—
1454 5534 1633 5596 pater,
1670 5533 1767 5581 aut
1875 5519 2034 5577 multi
2060 5518 2131 5573 de
2167 5516 2255 5572 eis
2281 5514 2338 5568 in
2393 5510 2539 5566 bello
2568 5506 2890 5567 ceciderint,
2953 5504 3232 5572 iratusque
3286 5501 3456 5597 Deus,

144 5616 451 5681 dominus,
518 5594 611 5673 aut
655 5594 915 5689 magister
951 5620 1066 5675 vult
1115 5594 1409 5684 redimere,
1458 5594 1767 5675 secundum
1876 5614 1994 5668 haec
2017 5608 2188 5666 dixit:
2232 5605 2355 5661 Non
2385 5619 2473 5658 ero
2507 5599 2651 5654 ultra
2686 5597 3149 5689 vobiscumﬁdonec
3176 5594 3459 5648 conteratis

143 5707 605 5763 mstimationcm
657 5685 778 5781 ejus
831 5711 1151 5775 redimetur,
1196 5719 1251 5763 ct
1302 5708 1468 5764 addet
1521 5708 1766 5780 quintam
1879 5721 2017 5769 eum,
2046 5701 2135 5768 qui
2171 5697 2329 5768 hujus
2367 5692 2576 5749 sceleris
2598 5705 2715 5743 reus
2750 5687 2904 5742 est“.
2944 5685 3019 5741 Ex
3049 5694 3282 5757 utraque
3330 5700 3460 5757 ergo

1793 4561 1836 4616 Ι)

1486 5894 1532 5924 ⁸⁵
1563 5891 1603 5947 ll
1633 5893 1757 5949 Cor.
1793 5906 1831 5959 ι,
1870 5892 1950 5947 l2.
2063 5888 2110 5923 "
2141 5891 2161 5946 ι
2200 5891 2389 5946 Thess.
2424 5904 2507 5946 ιιι.
2546 5888 2597 5941 8.
2688 5885 2734 5919 ⁸⁸
2759 5882 2927 5939 Josue
2957 5894 3053 5940 vn.
3099 5874 3187 5933 l2.

262 5892 368 5949 "1
407 5894 551 5949 (lor.
582 5911 653 5960 tv,
694 5895 777 5949 l7.
892 5895 937 5927 ⁸³
968 5892 1102 5950 lleb.
1138 5909 1255 5961 xm,
1291 5894 1373 5948 l7.
