3892 6402
453 445 589 510 1175

1646 452 2012 512 IIESYCHH
2048 452 2524 514 PRESBYTEBI

447 564 703 626 historia,
735 565 1014 633 quomodo
1044 567 1223 623 omnis
1261 582 1394 623 usus
1434 575 1489 622 et
1529 567 1809 638 possessio
1839 568 2031 637 prohi-
2059 576 2105 632 Α

447 660 609 712 betur
633 658 1025 720 anathematis,
1057 659 1493 714 demonstratum
1545 670 1650 714 est.
1696 660 1817 715 Non
1853 662 2032 715 solum

446 762 630 802 autem
666 749 793 811 hoc,
826 748 922 803 sed
953 750 1083 818 quia
1113 765 1455 820 quascunque
1490 752 1618 819 jure
1657 751 1851 806 bellico
1875 754 2032 807 valde

3550 460 3653 527 1176

2206 570 2270 623 Et
2302 572 2471 625 omnis
2507 573 2829 625 consecratio
2862 588 2981 642 qua:
3025 572 3239 641 offertur
3264 573 3325 626 ab
3345 573 3546 637 homine,
3580 596 3657 632 tum

2138 660 2443 722 redimetur,
2482 659 2572 712 sed
2624 661 2893 714 morietur.
2926 661 3045 725 Qua
3089 660 3301 713 morte?
3352 660 3458 726 Qua
3503 661 3661 720 Paulus

2136 750 2382 804 dicebat:
2430 748 2554 804 Vivo
2576 760 2753 804 autem
2777 751 2895 819 jam
2922 768 3025 804 non
3062 769 3177 821 ego,
3219 752 3339 805 vivit
3361 754 3665 809 autcmiums

428 841 723 920 .inimicis,
784 858 911 897 cum
963 843 1166 912 quibus
1210 857 1319 896 non
1380 843 1670 911 oportebat
1734 843 2032 899 amicitiam
2139 844 2381 897 Christus
2400 844 2468 899 ⁸⁸.
2510 844 2573 897 Et
2594 859 2817 897 rursus:
2838 843 2928 898 Sic
2950 855 3001 897 et
3039 861 3130 898 vos
3163 845 3418 898 aestimate
3457 863 3536 899 vos
3555 865 3664 899 mor-

443 935 696 1005 jungere,
727 935 897 1002 spolia
932 936 1226 990 sumebant
1264 944 1387 1005 post
1419 935 1725 1001 victoriam,
1752 944 1808 990 et
1839 936 2035 1006 depre-

447 1026 716 1081 cationem
746 1026 864 1081 haec
885 1026 1159 1082 faciebant
1188 1027 1483 1081 anathema
1531 1036 1586 1081 et
1616 1042 1725 1080 non
1762 1042 1793 1081 a
1832 1036 2035 1083 semet-

447 1117 618 1186 ipsis,
679 1118 775 1173 scd
836 1119 950 1174 Deo
1005 1118 1389 1190 praecipiente.
1450 1117 1806 1190 Qumcunque
1883 1122 2034 1175 enim

452 1209 736 1280 prophetas
786 1211 1140 1281 praecipiunt,
1198 1210 1558 1265 manifestum
1595 1221 1701 1276 est,
1750 1212 1879 1281 quia
1940 1211 2034 1266 Dei

448 1314 724 1373 praecepta
752 1313 900 1358 sunt.
934 1304 1078 1375 Ergo
1109 1314 1165 1358 et
1197 1319 1298 1358 nos
1327 1304 1718 1374 quodcunque,
1781 1305 2038 1368 intelligi-

448 1395 652 1450 bilibus
673 1396 935 1461 inimicis,
973 1396 1025 1451 id
1060 1404 1146 1450 est
1169 1395 1537 1461 daemonibus,
1567 1404 2036 1467 pugnantes,cum

449 1488 655 1555 quibus
704 1504 814 1542 non
851 1489 980 1542 licet
1038 1488 1311 1543 amicitias
1351 1489 1604 1560 jungere,
1652 1497 1843 1544 contra
1898 1505 2037 1559 quos

450 1584 749 1645 perpetuas
787 1576 1131 1641 inimicitias,
1161 1585 1219 1631 et
1240 1576 1720 1632 incommutabiles
1747 1578 2034 1643 habemus,

453 1677 680 1738 propter
730 1684 869 1739 quos
923 1670 1188 1724 Dominus
1239 1669 1478 1725 dicebat.
1521 1672 1641 1724 Non
1686 1653 1804 1724 υριῖἱ
1854 1686 2038 1739 pacem

453 1760 664 1814 mittere
713 1761 771 1814 in
802 1770 1024 1826 terram,
1082 1769 1173 1816 sed
1219 1762 1553 1833 gladium”:
1618 1771 1842 1832 propter
1893 1763 2039 1833 quod

451 1856 657 1912 dividet
685 1857 966 1912 hominem
1003 1856 1272 1911 adversus
1304 1866 1536 1927 patrem,
1565 1863 1624 1910 et
1656 1856 1822 1910 filiam
1846 1855 2040 1911 adver-

454 1963 549 2003 sus
577 1958 834 2013 matrem,
873 1959 930 2003 et
961 1947 1178 2003 scindet
1207 1947 1646 2018 eompassionem
1698 1946 1938 2015 generis,
1986 1955 2043 2000 et

451 2042 709 2096 deorsum
729 2041 1103 2110 relinquentes
1129 2040 1314 2096 carnis
1342 2039 1808 2110 eompassionem,
1826 2038 2043 2094 facilius

453 2135 815 2204 incorporeas
853 2134 1193 2204 perimamus
1243 2132 1533 2187 inimicos:
1563 2131 1680 2187 sive
1738 2132 2040 2196 hominem,

450 2228 569 2282 sive
604 2241 798 2297 pecus,
841 2227 960 2280 sive
992 2241 1185 2295 agrum
1221 2240 1323 2295 pro
1350 2225 1547 2295 spolio,
1604 2239 1672 2278 ex
1707 2224 1851 2279 bello
1895 2225 2044 2294 quod

450 2329 644 2373 contra
677 2332 774 2372 eos
810 2317 1105 2380 habemus,
1155 2325 1320 2385 atque
1354 2315 1645 2370 victoriam
1695 2315 2047 2383 conquisive-

452 2414 644 2475 rimus,
680 2426 1009 2467 consecrare
1037 2410 1264 2480 quidem
1296 2408 1408 2463 Deo
1441 2409 1561 2464 haec
1595 2407 1886 2462 debemus.
1954 2406 2046 2461 Sic

450 2512 634 2559 autem
664 2518 1015 2565 consecrare,
1050 2510 1110 2557 ut
1133 2501 1272 2555 nihil
1299 2503 1353 2555 in
1390 2501 1471 2555 eis
1503 2500 1804 2554 habeamus
1842 2509 2046 2554 nostra:

452 2596 771 2660 voluntatis,
809 2595 905 2650 sed
957 2596 1074 2650 sive
1105 2609 1218 2649 suae
1264 2593 1555 2663 potestatis
1604 2591 1879 2661 quispiam
1937 2600 2044 2655 est,

453 2684 562 2739 hoc
593 2683 743 2738 enim
770 2692 859 2737 est
881 2698 1012 2737 vere
1045 2683 1233 2745 homo,
1265 2681 1502 2735 dicimus
1538 2690 1721 2734 autem
1772 2694 1921 2744 eum,
1953 2679 2047 2748 qui

454 2774 772 2830 nullatenus
804 2773 965 2828 nobis
1003 2772 1290 2841 subjectus
1323 2779 1428 2834 est,
1481 2769 1578 2824 sed
1610 2768 1840 2839 mqualis
1886 2769 2049 2823 nobis

455 2872 542 2919 est
574 2862 878 2919 secundum
909 2860 1409 2925 conversationem,
1437 2859 1553 2914 sive
1583 2875 1708 2914 eum
1741 2860 1833 2929 qui
1888 2860 2049 2914 nobis

456 2956 745 3026 subjectus
811 2965 933 3021 est,
990 2966 1046 3010 et
1106 2963 1400 3024 prepterea
1470 2969 1640 3023 pecus
1696 2954 2044 3017 nominatur,

454 3046 834 3119 intelligibiles
864 3047 1053 3102 hostes
1083 3047 1370 3102 vincentes
1414 3046 1897 3115 acquisiverimus,
1931 3046 2049 3098 sive

456 3144 527 3197 de
562 3156 693 3212 agro
719 3139 1109 3210 possessionis,
1171 3139 1223 3193 id
1254 3150 1360 3203 est,
1396 3153 1462 3193 ex
1502 3153 1609 3207 qua
1644 3136 1824 3192 sortiti
1857 3150 2049 3190 sumus

2069 1912 2117 1972 B

2138 943 2253 987 tuos
2283 935 2493 1000 quidem
2526 944 2761 1002 peccato,
2788 935 3019 988 viventes
3046 946 3223 987 autem
3260 935 3385 997 Deo,
3430 935 3479 988 in
3500 936 3666 993 Christo

2133 1025 2339 1080 Jeeu“.
2400 1026 2547 1081 Talis
2606 1042 2757 1097 ergo,
2821 1026 2965 1082 sicut
3013 1027 3108 1097 qui
3165 1043 3335 1097 usque
3386 1030 3450 1083 ad
3493 1031 3667 1087 culmen

2137 1116 2359 1171 virtutis
2383 1115 2618 1185 prolicit,
2646 1127 2701 1171 ct
2730 1132 3020 1172 mensuras
3058 1119 3287 1189 contigit
3332 1119 3667 1187 perfectionis:

2138 1217 2388 1263 mortuus
2415 1207 2561 1262 enim
2602 1208 2805 1263 sxculo
2828 1216 2931 1274 est,
2964 1217 3021 1262 et
3051 1224 3082 1262 a
3115 1210 3472 1278 praesentibus
3498 1212 3671 1268 alienas

2139 1307 2195 1353 et
2227 1298 2358 1353 olim
2384 1315 2414 1353 a
2440 1299 2629 1354 mundi
2657 1299 2912 1371 migravit
2940 1299 3213 1369 sapientia
3241 1319 3254 1353 :
3299 1309 3443 1355 recte.
3495 1312 3674 1358 sanctus

2140 1401 2457 1447 sanctorum
2488 1392 2721 1446 Domino
2764 1400 2879 1446 est:
2912 1393 3039 1461 quia
3094 1393 3358 1446 Sanctum
3411 1403 3674 1448 sanctorum

2139 1485 2385 1539 imitatus
2415 1493 2498 1538 est
2530 1484 2832 1538 secundum
2869 1483 3290 1554 possibilitatem
3322 1500 3493 1538 suam.

2212 1578 2375 1633 Vens.
2407 1578 2598 1633 ὅθι-55.
2630 1597 2648 1629 ‹
2677 1575 2883 1632 Omnes
2904 1578 3133 1632 decima:
3157 1587 3342 1641 terras,
3377 1578 3487 1631 sive
3506 1578 3565 1632 de
3591 1578 3677 1631 fru-

2141 1671 2320 1741 gibus,
2362 1669 2482 1725 sive
2505 1670 2573 1725 de
2617 1669 2797 1740 pomis
2830 1670 3113 1735 arborum,
3145 1667 3522 1733 Dominisunt,
3558 1670 3678 1723 etilli

2140 1763 2575 1819 sanctificantur.
2627 1760 2684 1816 Si
2739 1761 2866 1832 quis
2927 1773 3114 1816 autem
3170 1761 3413 1816 voluerit
3459 1761 3680 1817 redimere

2142 1857 2386 1912 decimas
2402 1870 2552 1920 suas,
2568 1854 2732 1908 addet
2744 1853 2990 1923 quintam
3011 1862 3224 1923 partem
3249 1867 3460 1906 carum.
3474 1850 3681 1905 Omnium

2148 1950 2508 2012 decimarum,
2551 1948 2722 2002 boves
2748 1954 2802 2001 et
2834 1961 2966 2000 oves
2991 1959 3173 2014 capra:
3198 1959 3324 2014 qum
3357 1943 3458 1997 sub
3501 1943 3684 2011 pastoris

2149 2044 2298 2113 virga
2332 2050 2638 2106 transeunt,
2675 2039 2940 2109 quidquid
2986 2038 3264 2092 decinnun
3326 2035 3549 2101 venerit,
3592 2050 3682 2089 san-

2147 2132 2481 2189 ctificabitur
2516 2131 2769 2187 Domino.
2799 2129 2922 2184 Non
2946 2128 3181 2198 eligetur
3233 2140 3343 2181 nec
3386 2125 3574 2179 bonum
3613 2139 3685 2177 nec

2148 2226 2376 2291 malum,
2408 2239 2512 2279 nec
2536 2224 2711 2278 altero
2735 2219 3184 2277 commutabitur.
3240 2217 3300 2271 Si
3339 2216 3463 2286 quis
3491 2222 3682 2268 mutare

2147 2321 2240 2383 rit,
2266 2327 2323 2373 et
2350 2317 2497 2388 quod
2526 2325 2794 2371 mutatum
2831 2321 2939 2375 est,
2980 2320 3037 2365 et
3066 2327 3165 2380 pro
3187 2325 3302 2379 quo
3335 2314 3585 2361 mutatum
3610 2313 3684 2371 est,

2147 2411 2582 2469 sanctificabitur
2605 2408 2857 2471 Domino,
2882 2415 2937 2460 et.
2968 2421 3078 2458 non
3116 2403 3450 2456 redimetur.
3493 2419 3510 2450 ι

2219 2503 2434 2574 Quaeris
2466 2504 2715 2565 forsitan,
2742 2501 2903 2569 cujus
2934 2499 3014 2553 rei
3049 2497 3221 2568 gratia
3260 2496 3533 2549 fructuutn
3571 2502 3687 2545 terra:

2150 2600 2346 2658 redimi
2377 2598 2647 2653 decimam
2688 2592 2956 2665 praecipit.
2990 2591 3158 2646 boum
3218 2597 3406 2643 autem
3457 2599 3508 2641 ct
3547 2585 3686 2639 ovium

2151 2705 2262 2745 non
2298 2685 2586 2756 [ιγπεςίρὶιῖ
2617 2682 2763 2752 quod
2794 2680 3020 2735 Judmus
3038 2679 3224 2733 dicere
3248 2692 3361 2730 non
3391 2684 3573 2745 potest,
3595 2672 3687 2741 quia

2150 2778 2248 2835 soli
2279 2777 2447 2832 servit
2473 2775 2687 2837 litterae,
2710 2773 2762 2826 in
2784 2787 2891 2841 qua
2916 2769 3154 2824 maxime
3183 2769 3358 2821 multa
3388 2763 3687 2835 quaestionem

2152 2867 2475 2939 recipientia
2502 2864 2778 2935 legislator
2806 2858 3129 2929 interponit,
3151 2865 3209 2911 ut
3239 2852 3513 2925 angustati
3534 2855 3589 2905 ad
3608 2850 3689 2917 spi-

2152 2964 2315 3018 ritum
2345 2968 2590 3020 currant.
2625 2965 2681 3012 et
2704 2956 2883 3011 sciant
2923 2953 3050 3023 quia
3082 2951 3269 3005 littera
3301 2958 3435 3003 tunc
3461 2955 3538 3001 est
3568 2947 3687 3005 bern,

2151 3052 2372 3124 quando
2394 3049 2481 3104 illa
2507 3064 2603 3103 usa
2631 3047 2797 3102 fuerit
2820 3045 2971 3099 velut
2999 3042 3394 3098 instrumento.
3420 3045 3473 3091 et
3495 3033 3689 3089 ministra

2154 3123 2401 3216 spiritus.
2441 3141 2819 3196 Diﬂerentiam
2860 3151 2990 3206 ergo
3042 3131 3444 3202 discipulorum
3471 3127 3592 3197 legis
3630 3123 3691 3177 hic

457 3234 957 3297 conversationem,
1005 3233 1061 3285 in
1107 3232 1299 3302 spoliis
1342 3242 1397 3286 ct
1432 3230 1693 3301 trophaeis
1744 3228 2048 3298 sumpseri-

2157 3236 2430 3308 pr0ponit,
2464 3245 2516 3289 et
2542 3229 3005 3302 quemadmodum
3045 3227 3104 3281 in
3156 3219 3537 3294 primogenitis
3570 3230 3691 3271 mun-

459 3339 606 3390 mus,
638 3333 831 3379 contra
863 3323 1119 3378 inimicos
1139 3322 1512 3392 intelligibiles
1550 3329 1882 3392 pugnantes,
1950 3334 2054 3374 nec

459 3417 791 3472 venundare
857 3415 975 3470 hmo
1033 3430 1367 3485 possumus,
1435 3430 1542 3469 nec
1595 3413 1870 3468 redimere
1913 3429 2053 3498 opus

460 3508 754 3572 habemus,
786 3508 915 3578 quia
950 3522 1115 3562 omne
1149 3515 1556 3568 consecratum,
1600 3514 1854 3560 sanctum
1895 3521 2054 3559 sanc-

463 3614 643 3656 torum
670 3608 756 3656 est
816 3600 1074 3655 Domino.
1118 3598 1445 3666 Quomodo?
1500 3599 1650 3653 audi.
1696 3598 1815 3652 Non
1870 3604 2057 3667 potest

461 3691 656 3761 aliquis
683 3682 990 3761 exspoliare
1013 3689 1319 3756 inimicum,
1339 3697 1630 3757 antequam
1657 3702 1782 3741 cum
1815 3687 2056 3755 perfecte

461 3781 738 3851 subjiciat,
793 3780 937 3835 sicut
989 3779 1253 3834 Dominus
1295 3778 1501 3833 Judaeis
1556 3778 1722 3834 dixit:
1784 3777 2057 3842 Quomodo

463 3883 635 3944 potest
657 3874 854 3946 aliquis
890 3874 1099 3944 ingredi
1128 3874 1184 3926 in
1216 3874 1427 3927 domum
1462 3872 1639 3943 fortis,
1672 3883 1720 3926 et
1755 3889 1886 3926 vasa
1940 3872 2055 3941 ejus

462 3963 717 4032 diripere,
753 3964 798 4016 si
825 3979 928 4016 non
958 3962 1108 4031 prius
1140 3961 1441 4032 alligaverit
1466 3962 1675 4025 fortem,
1700 3970 1748 4014 et
1774 3971 1897 4014 tunc
1924 3977 2055 4014 vasa

465 4055 582 4125 ejus
619 4056 947 4124 diripiantur
963 4054 1048 4106 5“?
1077 4051 1233 4108 Tunc
1262 4062 1444 4108 autem
1476 4054 1638 4122 plene
1658 4051 2055 4122 intelligibilem

465 4147 683 4201 hostem
705 4145 1018 4209 subdimus,
1051 4145 1107 4200 id
1138 4156 1222 4199 est
1252 4143 1552 4208 diabolum,
1580 4145 1858 4214 ligareque
1902 4159 2053 4207 eum,

470 4247 531 4292 et
552 4235 879 4307 depraedari,
913 4245 968 4290 et
993 4250 1325 4290 consecrare
1361 4235 1474 4288 Deo
1505 4233 1680 4303 spolia
1718 4233 1838 4303 ejus
1856 4248 2054 4304 possu-

469 4343 628 4390 mus.
685 4327 909 4398 quando
973 4327 1094 4396 ejus
1140 4341 1335 4381 omnes
1382 4324 1682 4379 vicerimus
1731 4325 2054 4398 machinas,

470 4431 636 4472 omne
690 4416 1119 4471 contriverimus
1180 4425 1366 4484 caput,
1423 4429 1757 4483 omnemque
1812 4395 2055 4484 speciem

471 4511 685 4583 peccati
744 4511 1227 4571 declinaverimus,
1302 4518 1502 4565 cuncta
1551 4509 1745 4564 mundi
1783 4509 2056 4564 desideria

2155 3330 2259 3393 dis,
2289 3336 2347 3383 et
2378 3325 2695 3388 immundis,
2728 3322 2949 3392 quidam
2982 3334 3107 3374 cum
3131 3315 3449 3371 ebedientia
3465 3322 3517 3367 et
3539 3312 3691 3365 bonam

2155 3419 2289 3490 legis
2346 3415 2758 3471 meditationem
2819 3420 2876 3466 et
2915 3408 3201 3464 scientiam
3268 3403 3690 3474 conquisiverunt,

2155 3511 2379 3583 quidam
2407 3516 2590 3563 autem
2622 3503 2868 3573 suntqui
2901 3502 3073 3557 solam
3105 3498 3479 3555 obedientiam
3508 3494 3690 3547 habent:

2156 3605 2235 3658 sic
2263 3612 2317 3656 et
2350 3602 2439 3655 hic
2470 3598 2691 3669 quidam
2746 3605 3041 3665 operantes
3091 3592 3377 3657 mandata,
3427 3584 3692 3657 sapientiam

2159 3708 2434 3752 terrenam
2463 3694 2691 3755 habent,
2718 3700 2773 3745 et
2798 3698 3091 3760 propterea
3131 3684 3511 3753 redemptione
3547 3691 3692 3731 neces-

2158 3790 2299 3846 saria
2331 3798 2520 3860 egent,
2570 3786 2792 3855 quidam
2829 3797 2935 3835 nec
2977 3778 3173 3833 redimi
3198 3791 3346 3846 opus
3401 3774 3601 3831 habent,
3627 3764 3692 3820 sed

2158 3896 2259 3935 ncc
2274 3877 2471 3933 mutari
2494 3876 2716 3939 debent,
2743 3874 2885 3927 sicut
2913 3869 3139 3941 perfecti
3174 3882 3398 3937 semper
3414 3874 3467 3919 et
3493 3871 3694 3917 consum-

2159 3972 2311 4027 mati.
2377 3970 2587 4039 Fruges
2621 3983 2770 4038 ergo,
2831 3967 2885 4019 in
2941 3962 3196 4035 praesenti
3261 3963 3348 4015 ch
3396 3956 3692 4013 messioncm.

2157 4080 2281 4135 quas
2312 4072 2396 4118 est
2421 4063 2488 4116 de
2522 4061 2754 4123 semine,
2795 4057 2946 4121 dicit,
2981 4055 3235 4109 similiter
3265 4062 3324 4107 et
3373 4065 3528 4121 poma
3574 4045 3693 4135 arbo-

2161 4171 2283 4211 rum
2316 4152 2617 4209 secundum
2640 4160 2859 4220 tempus
2889 4163 3074 4202 suum.
3110 4146 3322 4199 llorum
3347 4152 3524 4196 autem
3548 4149 3694 4210 germi-

2157 4249 2246 4303 nis
2294 4247 2507 4302 decima
2559 4259 2688 4315 pars
2747 4243 2857 4296 Deo
2910 4238 3219 4294 secundum
3265 4237 3444 4307 legem
3478 4233 3692 4315 debetur,

2159 4349 2454 4407 utrumque
2474 4314 2654 4390 autem
2683 4334 2790 4388 hoc
2805 4332 2875 4386 ad
2906 4331 3039 4401 legis
3071 4328 3547 4383 fructificatienem
3569 4314 3694 4384 accipi

2159 4437 2400 4500 eportet.
2431 4426 2696 4481 Dominus
2736 4424 2959 4494 quidem
3008 4422 3210 4475 bonam
3249 4427 3453 4473 terram
3512 4414 3692 4500 fructunt

2163 4498 2488 4577 afl‘erentem
2514 4518 2759 4589 triginta,
2782 4524 2838 4571 et
2852 4514 3156 4585 sexaginta,
3185 4522 3243 4567 et
3269 4519 3512 4572 centum,
3532 4519 3614 4561 eos
3627 4498 3693 4569 qui

472 4603 789 4669 vicerimus,
821 4615 1162 4675 cunctasque
1208 4603 1442 4657 virtutes
1475 4602 1712 4657 assecuti
1749 4601 2057 4657 fuerimus:
2091 4598 2138 4657 ί)
2169 4614 2478 4683 suscipiunt
2534 4611 2785 4673 verbum,
2817 4615 2874 4662 et
2912 4607 3125 4661 faciunt
3165 4605 3325 4671 illud,
3376 4603 3431 4657 in
3497 4592 3694 4669 paralth

474 4711 609 4751 tunc
643 4697 791 4752 enim
844 4713 968 4751 eum
1003 4708 1059 4753 et
1104 4696 1334 4766 ligatum
1392 4686 1680 4757 habemus’,
1728 4702 1783 4749 et
1830 4692 2061 4764 prtedari

474 4803 790 4861 possumus.
818 4790 911 4845 Sic
938 4799 1122 4844 autem
1159 4789 1502 4859 diripientes,
1529 4796 1585 4842 ct
1623 4803 1748 4841 cum
1800 4786 2062 4857 praedicta

478 4883 711 4937 victoria
760 4881 1148 4947 devincentes,
1215 4880 1587 4950 quodcunque
1642 4878 2061 4949 diripuerimus,

425 4989 440 5028 τ.
482 4972 598 5028 Deo
627 4980 778 5027 recte
817 4970 1124 5026 oﬂ’erimus.
1175 4970 1440 5026 Sanctum
1497 4978 1682 5024 autem
1742 4979 2062 5024 sanctorum

420 5020 440 5073 ’θ
474 5064 782 5137 perfectum
814 5074 1364 5133 consummatumque
1397 5063 1682 5127 habemus,
1745 5076 1847 5117 nec
1875 5070 2062 5115 nostra

477 5154 864 5209 exhortatione
892 5167 999 5207 nec
1022 5152 1253 5206 aliorum
1278 5165 1468 5223 egens,
1513 5151 1660 5220 quod
1689 5164 1794 5204 nec
1848 5148 2064 5204 addita-

480 5252 727 5300 mentum
755 5244 998 5314 aliquod,
1031 5259 1137 5300 nec
1166 5244 1470 5314 perfectum
1499 5240 1651 5312 opus’
1686 5242 1870 5296 habet.
1915 5241 2067 5307 Quo-

480 5338 684 5394 modo?
711 5337 869 5404 Quod
903 5352 1069 5391 omue
1105 5345 1392 5406 peccatum
1435 5335 1633 5399 evasit,
1686 5349 1909 5389 omnem
1954 5334 2068 5387 vir-

480 5437 652 5484 tutem
672 5438 958 5499 operatum
974 5436 1082 5493 est,
1113 5437 1171 5482 et
1202 5429 1501 5482 alienatum
1533 5434 1619 5480 est
1649 5427 1876 5492 mundo,
1899 5444 2062 5482 mun-

480 5523 661 5594 doque
687 5522 1032 5579 cruciﬁxum.
1081 5520 1255 5576 Nimis
1289 5535 1421 5590 ergo
1475 5531 1882 5591 consequenter
1911 5521 2066 5576 addi-

478 5613 560 5669 dit
580 5633 592 5668 :

591 5840 635 5871 ⁵⁷
663 5837 853 5892 Matth.
885 5856 941 5901 π,
973 5840 1063 5893 5i.
1176 5842 1220 5871 ⁸⁸
1250 5841 1439 5895 Matth.
1464 5856 1560 5903 xu,
1588 5842 1678 5897 29.

486 5907 711 5977 “1,17.
824 5909 868 5939 "
898 5908 1038 5963 Psal.
1074 5926 1144 5975 Li,
1185 5912 1262 5964 10.
1380 5913 1423 5940 θλ
1449 5908 1591 5964 Psal.
1626 5929 1663 5980 ι,
1689 5913 1739 5968 5.

1792 5846 1835 5875 ⁸⁸
1870 5843 1983 5898 Gal.
2017 5860 2073 5911 ιι,
2098 5842 2188 5900 ‘20.

2182 4705 2455 4761 seminum
2503 4701 2949 4772 evangelicorum
2997 4712 3285 4767 exponens
3316 4694 3529 4749 dixit".
3572 4684 3696 4740 David

2171 4805 2354 4852 autem
2384 4808 2536 4848 nunc
2565 4793 2866 4846 clamabat:
2903 4789 3088 4843 Justus
3136 4797 3194 4841 ut
3230 4787 3415 4856 palma
3469 4774 3694 4851 ﬂorcbil“.

2173 4886 2240 4939 Et
2262 4898 2485 4937 rursus:
2510 4880 2621 4950 Ego
2647 4888 2829 4932 autem
2859 4877 2991 4931 sicut
3010 4878 3153 4930 oliva
3190 4876 3468 4945 frurtifcra
3506 4873 3555 4922 in
3589 4868 3697 4919 domo

2176 4975 2469 5031 Domini“.
2501 4971 2659 5026 Nunc
2688 4983 2870 5026 autem
2898 4970 3140 5026 breviter
3173 4965 3695 5035 describensjustum:

2171 5068 2239 5123 Et
2279 5068 2400 5129 erit,
2432 5065 2526 5130 ait,
2574 5066 2707 5117 sicut
2740 5064 2947 5134 lignum
2985 5064 3125 5133 quod
3158 5061 3466 5132 plantatum
3496 5066 3559 5111 est
3595 5062 3698 5106 sem

2170 5161 2420 5214 decursus
2447 5155 2731 5227 aquarum,
2751 5157 2889 5226 quod
2919 5156 3150 5225 [metum
3181 5170 3336 5209 suum
3369 5151 3509 5206 dabit
3535 5149 3582 5202 in
3603 5154 3696 5197 tem.

2172 5248 2490 5319 paresne“.
2529 5245 2704 5317 Hujus
2734 5261 2865 5317 ergo
2891 5245 3074 5300 omnis
3127 5246 3339 5299 decima
3363 5285 3376 5301 .
3415 5252 3584 5296 sancta
3620 5240 3693 5288 est.

2173 5344 2376 5394 Sancta
2403 5338 2549 5391 enim
2585 5337 2779 5392 horum
2804 5336 2972 5401 actio,
2997 5344 3051 5389 et
3070 5335 3313 5389 studium
3357 5343 3457 5393 est,
3481 5328 3592 5399 quia
3615 5320 3694 5391 (Ιηίν

2173 5432 2311 5503 legis
2340 5430 2600 5484 mandata
2627 5444 2888 5499 operatus,
2929 5443 3083 5498 spem
3118 5429 3171 5482 in
3201 5426 3452 5498 praesenti
3513 5417 3695 5475 retribu:

2176 5524 2344 5577 tionis
2382 5521 2561 5593 ponit,
2604 5529 2823 5575 terrena
2867 5520 3031 5589 sapit,
3086 5520 3281 5590 quales
3320 5525 3473 5571 erant
3527 5505 3694 5580 Quidam

2178 5615 2517 5677 Judaeorum,
2569 5614 2635 5668 ad
2693 5628 2832 5684 quos
2885 5622 3078 5683 utpote
3135 5622 3292 5668 terra:
3340 5603 3692 5664 inhaerentibus.

2306 5844 2347 5874 ⁸ο
2385 5843 2544 5898 Rom.
2575 5859 2647 5912 vt,
2690 5845 2771 5897 ll.
2853 5843 2892 5872 "
2925 5840 3116 5897 Matth.
3157 5838 3330 5908 xtu,8
3355 5850 3463 5905 seq.
3527 5830 3563 5862 “
3583 5818 3687 5880 P531:
