3892 6466
170 455 312 522 1177

1314 460 1400 522 ΙΝ
1433 459 1876 521 LEVITICUM.
1917 485 1986 498 -·
2011 461 2158 524 LIB.
2195 463 2328 525 VII.

3324 459 3460 526 1178

169 568 449 623 Dotnintts
484 567 754 624 dicebat:
791 568 886 622 Vos
917 567 981 621 de
999 567 1246 622 deorsum
1274 569 1422 634 estis,
1457 583 1550 638 ego
1577 584 1782 622 sursum
1813 570 1860 625 Δ
1890 567 2038 623 naris
2063 569 2211 624 hunc
2240 561 2498 640 respuere
2523 611 2538 634 ,
2569 568 2736 624 alium
2783 578 2966 624 autem
2993 585 3094 640 pro
3118 586 3186 625 eo
3209 573 3460 626 introdn-
3504 611 3507 613 -

165 673 286 710 sum
310 658 384 710 ".
440 655 558 711 Sed
607 673 662 712 et
716 655 922 710 Paulus
968 657 1036 710 de
1089 656 1172 712 eis
1201 657 1360 722 dixit,
1411 657 1508 726 qui
1559 666 1779 710 terrena

166 745 433 818 sapiunt:
456 747 670 801 Nostra
693 756 875 800 autem
893 749 1220 802 conversatio
1251 749 1304 800 iu
1323 748 1463 802 cwlis
1486 757 1560 801 est
1575 747 1644 801 ⁸⁸.
1666 747 1781 801 Hoc

163 849 356 893 autem
391 855 558 894 nunc
587 839 788 902 innuit,
824 853 1006 908 neque
1053 839 1200 893 enim
1238 839 1562 906 simpliciter
1613 839 1770 902 dixit,

165 946 347 984 omnes
375 931 615 984 decimae
643 941 829 986 terre:
862 929 981 993 sed,
1017 947 1194 984 omnes
1209 931 1430 984 decima:
1453 938 1610 982 terra:
1637 943 1780 998 prat—

165 1021 326 1085 dixit,
359 1031 420 1076 et
452 1032 602 1076 tunc
635 1023 901 1088 subdidit,
925 1023 1034 1078 sive
1055 1023 1119 1076 de
1146 1023 1405 1093 frugibus.
1427 1027 1488 1074 ut
1512 1021 1778 1090 praedica-

166 1119 254 1165 ret
303 1119 510 1180 aperte
568 1127 700 1168 eum
730 1153 744 1175 .
794 1113 884 1182 qui
941 1113 1312 1166 intentionem
1365 1111 1778 1180 eitSpectatione

169 1217 542 1260 terrenarum
587 1205 860 1260 bonorum
894 1205 1030 1274 legis
1079 1205 1333 1259 mandata
1363 1211 1641 1273 operatur,
1673 1203 1776 1258 etsi

167 1305 362 1351 sancta
419 1295 553 1364 ejus
611 1295 850 1359 decima,
884 1295 937 1350 id
986 1303 1072 1350 est
1099 1294 1342 1349 mandati
1391 1293 1638 1364 operatio
1673 1303 1774 1359 est,

170 1397 574 1443 verumtamen
632 1404 744 1442 non
797 1387 1002 1459 grande
1053 1387 1312 1456 juvamen
1368 1401 1558 1442 eorum
1593 1394 1777 1440 estex

168 1480 259 1536 tali
319 1479 668 1548 operatione
722 1479 867 1532 circa
919 1477 1382 1540 retributionem,
1441 1491 1604 1545 quam
1662 1491 1772 1528 non

169 1579 389 1642 oportet
420 1587 453 1624 a
479 1571 604 1626 Deo
621 1570 931 1642 exspectari
957 1571 1026 1624 ab
1045 1569 1129 1624 eis
1156 1569 1252 1640 qui
1276 1567 1512 1622 terrenis
1538 1567 1770 1620 inhiant.

171 1665 327 1721 Unde
359 1667 406 1719 si
437 1665 564 1720 vult
592 1664 718 1734 quis
745 1661 1074 1734 sibimetipsi
1115 1662 1384 1716 decimam
1413 1659 1558 1714 hanc
1590 1658 1775 1728 acqui-

170 1770 312 1819 rere,
343 1753 524 1808 addat
544 1755 820 1824 quintam,
849 1751 906 1808 id
951 1761 1036 1808 est
1102 1751 1546 1824 intelligentiam,
1579 1757 1638 1804 ut
1659 1765 1775 1820 qua:

168 1863 378 1900 sursum
432 1856 566 1899 sunt
619 1845 820 1914 sapiat,
861 1844 933 1898 ad
967 1861 1029 1897 ea
1061 1859 1178 1913 quae
1207 1859 1416 1897 sursum
1447 1851 1568 1896 sunt
1605 1842 1774 1894 inten-

1882 673 2027 726 cere,
2081 669 2137 715 et
2167 675 2491 716 consecrare
2521 660 2632 716 Deo
2661 662 2820 730 quasi
2867 662 3151 716 meliorem
3185 679 3198 716 :
3235 677 3345 715 non
3375 671 3460 717 est

1882 759 2035 806 tuum
2067 752 2172 807 hoc
2199 754 2535 820 discernere,
2563 769 2742 824 neque
2775 756 2923 809 hunc
2953 755 3047 808 illo
3077 755 3224 809 inter
3243 763 3460 809 sanctos

1878 846 2152 914 appellare
2194 847 2564 901 deteriorem:
2601 849 2747 918 quod
2778 848 2942 902 etiam
2973 863 3042 902 ex
3101 847 3326 900 historia
3379 845 3460 900 fa-

1879 946 2028 991 ctum
2056 951 2346 1007 cognosce.
2381 937 2584 994 Paulus
2619 939 2916 1008 aliquando
2931 938 3285 992 etBarnabas
3319 938 3462 992 inter

1878 1019 2215 1097 semetipsos
2246 1030 2671 1084 contenderunt.
2713 1028 2992 1085 Barnabas
3047 1027 3195 1083 enim
3246 1028 3463 1082 dicebat

1877 1117 2080 1172 debere
2146 1119 2350 1172 assumi
2412 1118 2695 1174 Marcum:
2730 1119 2933 1175 Paulus
2981 1130 3167 1174 autem
3218 1119 3457 1183 dicebat,

1877 1223 2002 1263 eum
2034 1209 2126 1278 qui
2178 1209 2347 1263 semel
2399 1211 2680 1264 recessita
2724 1209 3054 1280 Pamphilia,
3095 1219 3152 1264 et
3199 1210 3291 1279 qui
3344 1225 3458 1263 non

1875 1298 2154 1352 Concurrit
2184 1297 2264 1350 eis
2315 1298 2368 1350 in
2409 1313 2609 1367 opere,
2655 1315 2762 1352 non
2805 1300 3007 1354 debere
3036 1299 3262 1354 assumi.
3297 1297 3458 1353 Facta

1875 1397 1958 1443 cst
1983 1399 2164 1443 autem
2195 1389 2339 1442 inter
2377 1403 2474 1442 eos
2511 1389 2634 1443 talis
2689 1391 2990 1453 contentio,
3049 1391 3122 1444 ita
3171 1398 3233 1445 ut
3285 1389 3458 1443 disce-

1875 1479 2068 1534 derent
2093 1481 2163 1533 ab
2193 1479 2450 1540 invicem,
2476 1488 2531 1533 et
2559 1479 2859 1545 Barnabas,
2912 1489 3197 1549 assumpto
3249 1480 3454 1542 Marco,

1873 1569 2152 1640 navigaret
2183 1571 2444 1641 Cyprum,
2492 1570 2696 1625 Paulus
2747 1579 2956 1636 autem,
3005 1571 3210 1640 eligens
3267 1569 3458 1634 Silam,

1876 1663 2106 1716 traditus
2125 1663 2411 1732 estgratim
2431 1663 2546 1716 Dei.
2580 1661 2746 1717 Vides
2775 1662 3052 1732 quomodo
3076 1660 3310 1714 mutavit
3340 1675 3460 1714 me-

1873 1753 1996 1818 lius,
2039 1755 2182 1808 sicut
2208 1754 2521 1820 aestimavit,
2558 1754 2855 1810 deteriore.
2891 1753 3074 1823 Ipsum
3104 1749 3455 1819 autemquod

1873 1855 2140 1901 mutatum
2169 1856 2334 1901 estet
2369 1863 2466 1916 pro
2495 1862 2606 1916 quo
2653 1855 2922 1900 mutatum
2984 1855 3088 1907 est,
3136 1844 3340 1898 factum
3380 1851 3464 1896 est

171 1935 348 1999 diu".
395 1933 556 1990 Sicut
605 1931 810 1988 Paulus
841 1932 1136 1988 δοτίὺθιωῑο
1170 1930 1275 1996 Qui
1325 1931 1472 1986 enim
1525 1931 1604 1986 Sic
1641 1928 1773 1998 legis
1806 1918 1846 1972 Β
1875 1947 2148 2012 sanctum.
2183 1936 2348 1991 Silam
2377 1937 2549 2001 enim,
2569 1937 2715 1991 sicut
2747 1937 3011 2006 aptiorem
3039 1935 3240 1997 Marco,
3268 1935 3334 1988 ad
3367 1933 3465 1986 mi-

172 2025 430 2082 tnandata
479 2034 779 2094 operatur,
822 2040 934 2078 non
982 2024 1177 2094 perdet
1206 2024 1417 2076 lucrum
1453 2023 1592 2092 ejus,
1643 2020 1769 2091 quia

173 2115 383 2171 decima
414 2115 546 2185 ejus
578 2113 836 2169 efﬁcitur.
863 2115 1005 2186 Ergo
1045 2115 1168 2184 ejus
1212 2113 1304 2183 qui
1343 2122 1559 2167 terrena
1607 2112 1770 2182 sapit,

174 2207 381 2261 decima
413 2213 616 2261 sancta
673 2207 890 2276 quidem
940 2215 1046 2265 est.
1077 2205 1172 2260 sed
1197 2213 1209 2223 '
1229 2220 1339 2257 non
1395 2203 1468 2269 ei,
1496 2204 1620 2273 quia
1661 2219 1770 2257 non

177 2299 615 2370 intelligibiliter
664 2298 986 2352 mandatum
1015 2307 1296 2368 operatur,
1337 2311 1438 2350 nec
1492 2298 1596 2350 scit
1625 2296 1770 2365 quod

177 2392 384 2446 lucrum
419 2391 481 2445 in
507 2408 578 2446 ea
605 2399 910 2462 exspectet,
949 2401 1046 2444 aut
1069 2405 1228 2458 quam
1251 2389 1666 2446 retributionem
1715 2389 1772 2443 in

178 2497 240 2536 ea
258 2492 467 2551 speret.
513 2545 538 2566 .

243 2573 409 2629 Boves
445 2586 636 2628 autem
663 2585 711 2629 et
740 2591 892 2637 oves,
953 2583 1002 2628 et
1057 2590 1380 2646 quwcunque
1419 2575 1513 2628 sub
1555 2590 1773 2628 numero

179 2677 292 2724 sunt
307 2668 402 2722 sub
418 2669 578 2738 virga
611 2677 908 2722 transeunt.
932 2667 1076 2723 Dicit
1095 2667 1242 2722 enim
1269 2682 1366 2722 eos
1387 2667 1482 2738 qui
1502 2667 1605 2722 sub
1623 2669 1772 2738 virga

183 2765 547 2812 numerantur
593 2757 798 2822 crucis,
853 2757 1055 2828 quibus
1098 2765 1160 2812 ut
1198 2765 1558 2812 numerentur
1585 2799 1600 2823 ,
1637 2757 1773 2812 ﬁdes

184 2850 270 2904 llei
299 2851 550 2905 amicitia
587 2851 780 2906 donat.
815 2849 1076 2919 Quisquis
1113 2851 1260 2904 enim
1297 2849 1472 2904 ﬁdelis
1513 2859 1597 2903 est
1637 2850 1771 2913 Deo,

185 2942 271 2999 hic
286 2953 343 2999 et
358 2945 484 3014 ejus
511 2943 728 2998 amicus
755 2943 1053 3008 invenitur,
1071 2941 1217 3012 quod
1245 2942 1586 2996 demonStrat
1605 2941 1774 2996 Abra-

185 3031 304 3085 ham
333 3069 350 3094 ,
397 3031 470 3088 de
500 3048 620 3102 quo
662 3033 868 3088 dictum
907 3041 994 3086 est
1023 3051 1038 3084 :
1071 3031 1307 3084 Credidit
1336 3030 1606 3086 Abraham
1637 3029 1770 3097 Deo,

185 3131 230 3178 et
257 3131 568 3192 reputatum
617 3132 692 3177 est
737 3125 786 3178 ei
816 3123 886 3178 ad
910 3123 1201 3192 justitiam,
1235 3132 1284 3176 et
1313 3123 1516 3176 amicus
1554 3123 1649 3176 Dei
1675 3139 1773 3192 ap-

1875 2027 2156 2082 nisterium
2188 2027 2596 2096 praedicationis
2634 2025 2818 2096 elegit,
2837 2041 2950 2078 non
2983 2033 3166 2078 tamen
3195 2023 3456 2092 expulsus

1870 2127 1957 2172 est
1988 2115 2219 2171 Marcus.
2248 2117 2524 2171 Barnabas
2555 2124 2767 2179 alitem,
2801 2130 2929 2169 eum
2963 2129 3254 2169 assumens
3279 2153 3292 2178 ,
3319 2114 3456 2167 abiit

1871 2209 2134 2278 Cyprum,
2163 2217 2215 2262 et
2247 2223 2373 2262 cum
2400 2223 2467 2262 eo
2494 2207 2860 2276 praedicabat,
2907 2217 2965 2260 et
3009 2205 3064 2258 in
3093 2212 3306 2258 tantum
3343 2215 3460 2258 erat

1872 2317 2099 2372 magnus
2118 2343 2132 2365 ,
2161 2311 2220 2355 ut
2249 2301 2584 2371 evangelista
2607 2314 2752 2353 unus
2778 2299 2846 2353 de
2863 2306 3098 2368 quatuor
3115 2296 3288 2350 ﬁeret.
3316 2295 3456 2366 Ergo

1869 2394 2074 2450 Paulus
2101 2405 2404 2448 retractans
2423 2431 2437 2456 ,
2464 2401 2520 2446 et
2551 2405 2914 2461 cognoscens,
2959 2389 3085 2459 quia
3113 2387 3298 2441 nullus
3329 2402 3458 2440 san-

1872 2495 2084 2540 ctorum
2119 2483 2464 2555 respuendus
2505 2491 2628 2547 est,
2662 2496 2764 2536 nec
2798 2490 2984 2551 potest
3019 2480 3212 2549 aliquis
3243 2493 3456 2543 eorum,

1870 2580 1963 2648 qui
1991 2577 2237 2648 perfecte
2273 2577 2631 2647 profecerunt
2651 2617 2667 2642 ,
2713 2575 2860 2629 hunc
2889 2575 3071 2630 dicere
3102 2573 3458 2637 deteriorem,

1870 2683 1976 2724 nec
2007 2668 2157 2721 illum
2179 2667 2491 2730 meliorem,
2519 2667 2638 2736 ipse
2664 2681 2858 2720 rursus
2875 2663 3118 2719 Marcum
3139 2662 3458 2732 assumpsit,

1871 2769 1927 2815 et
1942 2761 2007 2815 ad
2026 2760 2372 2814 Timotheum
2385 2758 2660 2813 scribebat
2681 2775 2693 2810 :
2714 2756 2932 2810 Assumo
2951 2755 3210 2820 Murcum,
3229 2763 3278 2806 et
3294 2754 3463 2806 deduc

1873 2862 2086 2914 tecum;
2143 2861 2218 2904 est
2269 2851 2410 2903 enim
2469 2849 2598 2902 mihi
2651 2847 2798 2900 utilis
2829 2847 2884 2899 in
2923 2845 3220 2899 ministerio
3245 2845 3312 2896 7°.
3342 2843 3461 2896 Non

1871 2958 2000 3013 ergo
2048 2941 2350 2996 intendatis
2421 2939 2547 3009 quis
2608 2939 2756 2994 inter
2785 2941 2884 2992 hos
2915 2937 3096 2990 bonus
3124 2943 3218 2989 aut
3264 2933 3460 2998 malus,

1871 3036 1964 3090 sed
1998 3050 2104 3090 nec
2130 3043 2438 3089 commutes
2459 3032 2694 3086 alterum
2729 3031 2925 3084 altero.

1943 3127 2008 3180 Et
2036 3142 2141 3180 non
2163 3126 2476 3178 redimetur.
2524 3123 2624 3178 Cui
2657 3124 2802 3176 enim
2834 3121 2973 3176 nihil
3004 3119 3190 3174 minus
3217 3128 3324 3186 est,
3355 3134 3462 3188 qua

184 3214 406 3284 peltatas
452 3224 530 3270 est
560 3215 632 3268 ⁸⁸.
668 3213 772 3280 Qui
814 3213 961 3268 enim
1013 3213 1172 3268 amici
1209 3213 1334 3278 Dei,
1358 3229 1595 3268 numero
1623 3213 1769 3285 digni
1797 3252 1840 3310 ο
1875 3219 2254 3288 redemptione
2287 3217 2456 3288 eget?
2487 3215 2543 3270 Si
2575 3225 2761 3270 autem
2813 3223 2870 3268 et
2899 3213 3216 3267 afﬁnitatem
3245 3221 3466 3282 oportet

190 3301 475 3366 habentur,
511 3303 649 3357 licet
676 3303 788 3356 sint
811 3303 1093 3356 immensae
1119 3302 1519 3368 multitudinis,
1563 3313 1619 3357 et
1659 3318 1771 3358 non

187 3394 352 3449 soluat
379 3396 427 3450 si
462 3411 789 3460 numerum,
823 3395 916 3450 sed
947 3395 1114 3449 etiam
1144 3395 1189 3450 si
1237 3410 1548 3448 mensuram
1581 3409 1773 3450 exces-

189 3487 392 3556 serint,
449 3487 585 3543 audi
645 3488 812 3542 David
863 3488 1176 3542 dicentem:
1212 3485 1348 3540 Mihi
1393 3497 1573 3540 autem
1617 3487 1811 3540 nimis’

187 3580 519 3650 honoriﬁcati
556 3589 682 3633 sunt
727 3579 888 3632 amici
922 3579 1020 3643 tui,
1049 3579 1211 3642 Deus,
1253 3578 1410 3631 nimis
1445 3581 1772 3648 confortatus

189 3676 262 3721 est
291 3669 628 3737 principatus
649 3683 850 3720 eorum.
883 3665 1240 3720 Binumerabo
1265 3682 1371 3731 eos,
1399 3675 1446 3719 et
1471 3683 1628 3735 super
1648 3683 1770 3720 are-

193 3774 308 3812 nam
337 3756 841 3830 multiplicabuntur
873 3759 940 3812 ‘9.
996 3757 1059 3810 lli
1104 3765 1376 3811 terrenam
1427 3773 1538 3812 non
1569 3757 1774 3812 habent

193 3845 532 3914 sapientiam,
593 3860 698 3901 nec
731 3845 787 3899 in
829 3845 914 3900 his
947 3861 1068 3914 quae
1121 3855 1310 3917 agunt,
1361 3848 1770 3918 corruptibilem

193 3937 612 3994 retributionem
641 3947 916 4008 quierunt.
955 3937 1188 4008 Propter
1223 3941 1365 4009 quod
1399 3956 1508 3994 non
1540 3941 1772 4010 speciale

195 4024 460 4096 quidpiam
503 4027 747 4092 illorum,
770 4027 868 4084 sed
905 4029 1274 4099 quodcunque
1305 4031 1518 4100 egerint
1545 4035 1770 4086 manda-

197 4121 322 4180 tum,
356 4127 610 4174 sanctum
645 4117 752 4172 Deo
773 4127 880 4172 est.

260 4204 360 4261 Sed
391 4226 484 4263 nec
516 4208 741 4280 eligetur
785 4209 925 4262 inter
974 4207 1166 4263 bonum
1214 4219 1266 4264 et
1317 4211 1540 4266 malum.
1579 4211 1631 4268 Id
1663 4221 1766 4276 est,

199 4294 336 4352 inter
356 4299 604 4355 deterius
637 4310 694 4354 et
721 4301 934 4382 melius.
972 4300 1092 4355 Non
1123 4311 1206 4356 est
1239 4301 1386 4356 enim
1417 4319 1608 4358 eorum
1636 4303 1772 4360 faci-

197 4385 260 4440 lis
292 4389 572 4455 discretio,
603 4391 731 4460 quia
772 4391 872 4446 etsi
902 4392 1229 4446 alterutrum
1269 4403 1554 4462 superant,
1576 4411 1772 4465 quem-

199 4479 482 4538 admodum
541 4483 698 4539 stella
752 4485 964 4539 stellam
1016 4485 1070 4538 in
1099 4485 1270 4557 gloria
1305 4485 1644 4551 diﬂ'erentcs,
1674 4489 1770 4544 sed

1874 3308 2178 3380 intelligere
2231 3307 2710 3376 redemptionem,
2761 3303 3223 3374 quemadmodum
3269 3303 3462 3372 Aquila

1871 3399 2064 3460 edidit.
2106 3407 2254 3452 recte
2280 3397 2457 3452 aﬁinis
2495 3412 2605 3451 non
2635 3395 2922 3460 efﬁcietur,
2975 3394 3098 3448 talis
3125 3393 3272 3448 enim
3301 3409 3466 3448 nemo

1873 3489 1979 3544 sibi
2011 3485 2305 3542 vindicabit
2331 3485 2790 3558 gubernationem
2815 3525 2830 3549 ,
2868 3483 2965 3539 sed
2999 3484 3098 3538 etsi
3124 3485 3351 3539 alterius
3385 3494 3464 3539 ta-

1872 3595 1999 3634 men
2044 3575 2288 3641 fructus,
2332 3574 2411 3629 vel
2439 3573 2742 3644 discipulus
2774 3573 2942 3628 fuerit
2969 3589 3036 3627 ex
3078 3589 3189 3643 quo
3222 3575 3287 3627 ad
3317 3575 3461 3630 hanc

1872 3669 2192 3742 pervenerit
2219 3666 2638 3736 perfectionem,
2665 3665 2780 3734 ipse
2813 3680 2946 3720 suns
2975 3665 3081 3718 erit
3107 3665 3460 3735 gubernator,

1871 3762 1990 3832 ipse
2039 3759 2252 3814 doctor.
2289 3757 2494 3812 Prmter
2516 3756 2619 3809 alia
2647 3755 2819 3818 enim,
2850 3771 2970 3824 quae
2999 3755 3054 3809 in
3099 3756 3354 3824 praesenti
3381 3756 3465 3810 di-

1872 3863 1958 3908 cta
1991 3860 2152 3911 sunt,
2181 3850 2477 3906 ostendere
2503 3849 2781 3920 Iegislator
2809 3847 2966 3912 vult,
3019 3847 3148 3916 quia
3195 3847 3246 3900 hi
3283 3847 3378 3917 qui
3428 3863 3462 3902 a

1874 3945 2032 4000 nobis
2081 3943 2382 4008 docentur,
2435 3942 2658 4011 quando
2707 3939 2846 3994 ﬁunt
2877 3939 3139 4008 perfecti,
3172 3938 3312 3992 nihil
3347 3939 3463 4009 jam

1875 4035 2047 4091 nostri
2078 4033 2377 4103 magisterii
2407 4041 2568 4103 egent
2595 4049 2606 4084 :
2646 4040 2704 4084 et
2736 4041 3024 4100 propterea
3055 4029 3461 4084 immnndorum

1871 4123 2232 4198 primogenita
2262 4123 2460 4178 redimi
2493 4121 2588 4186 ait,
2643 4120 2973 4174 mundorum
3007 4129 3214 4184 autem,
3251 4135 3461 4189 nequa-

1869 4232 2052 4288 quam.
2097 4215 2202 4270 Sec
2243 4231 2346 4269 nec
2382 4229 2466 4274 ea.
2506 4229 2628 4284 quae
2681 4213 2788 4268 Deo
2819 4220 3140 4266 consecrata
3166 4222 3316 4275 sunt,
3359 4227 3464 4266 nec

1872 4309 2010 4372 haec,
2067 4308 2134 4362 de
2177 4307 2377 4377 quibus
2423 4321 2572 4359 nunc
2603 4319 2783 4358 sermo
2819 4315 2922 4368 est,
2958 4303 3198 4372 perfecta
3229 4303 3462 4356 demou-

1871 4407 2043 4454 strata
2072 4407 2225 4460 sunt,
2257 4395 2445 4466 utpote
2504 4411 2628 4465 qua:
2653 4393 3013 4448 intentionem
3050 4393 3289 4447 divinam
3347 4408 3462 4448 ca:-

1870 4492 2172 4560 lestemque
2220 4495 2438 4559 gerunt.
2490 4486 2671 4552 Quem
2722 4485 2872 4538 enim
2925 4483 3092 4538 ﬁnem
3132 4483 3256 4538 libri
3298 4484 3464 4552 hujus

201 4585 383 4629 omnes
425 4576 478 4630 in
511 4576 652 4632 coelo
677 4585 826 4641 sunt,
858 4586 918 4631 ut
949 4592 1139 4631 revera
1177 4588 1472 4648 sequentes
1502 4581 1766 4648 caelestia,
1803 4593 1849 4650 ι)
1877 4585 2198 4657 praeceperit
2264 4598 2390 4638 esse
2441 4583 2672 4653 spiritus
2694 4619 2710 4647 ,
2769 4581 2919 4636 hunc
2987 4578 3042 4634 in
3105 4579 3465 4648 sequentibus

203 4670 254 4716 et
283 4679 310 4718 a
341 4667 456 4723 solo
507 4685 610 4734 eo,
657 4669 750 4739 qni
802 4669 1034 4724 idoneus
1082 4677 1168 4724 est
1201 4669 1514 4726 discernere
1551 4683 1771 4728 sanctos

205 4767 652 4826 cognoscuntur:
689 4759 993 4815 secundum
1043 4759 1186 4816 hanc
1230 4760 1500 4816 rationem
1555 4771 1774 4834 oportet

205 4843 416 4921 intelligi
455 4869 466 4902 :

269 4939 382 4994 Non
397 4941 616 5016 eligetur
631 4943 844 5005 bonum,
868 4959 962 4996 nec
975 4941 1198 5010 malum,
1219 4958 1313 5016 nec
1333 4943 1503 4998 altero
1533 4961 1771 5000 commu-

211 5027 414 5085 tabitur.
446 5015 578 5087 Cum
607 5033 756 5086 enim
785 5033 967 5086 nullus
993 5031 1062 5086 de
1091 5031 1174 5086 eis
1196 5015 1289 5095 sit,
1319 5033 1411 5101 qui
1433 5037 1620 5105 respui
1643 5053 1773 5106 pos-

209 5119 294 5184 sit,
327 5137 484 5192 quem
513 5142 624 5194 quo
651 5125 1018 5179 commutabis
1038 5165 1052 5189 ,
1093 5132 1188 5178 aut
1219 5124 1350 5194 quid
1379 5126 1554 5196 magis
1581 5127 1771 5198 eliges,

213 5221 398 5268 nostrae
423 5231 529 5270 non
561 5225 644 5270 est
687 5215 989 5285 dijudicare
1019 5214 1255 5270 virtutis.
1293 5214 1387 5270 His
1424 5232 1558 5288 ergo
1579 5233 1771 5289 snper-

213 5302 490 5376 tediﬁcans,
513 5308 715 5364 addidit
739 5325 861 5378 quae
892 5316 1200 5376 sequuntur
1225 5325 1239 5362 :

280 5392 334 5448 Si
355 5399 466 5468 quis
492 5402 793 5463 mutaverit,
823 5409 872 5454 et
901 5401 1040 5470 quod
1069 5410 1332 5454 mutatum
1353 5411 1448 5468 est,
1479 5411 1530 5455 et
1554 5419 1647 5470 pro
1671 5421 1773 5470 quo

222 5494 468 5544 mutatum
495 5503 590 5559 est,
621 5491 1040 5560 sanctiﬁcobitur
1065 5489 1306 5556 Domino,
1338 5500 1386 5544 et
1415 5507 1518 5544 non
1548 5493 1773 5546 redime-

221 5582 318 5629 tur.
351 5578 480 5644 Quia
505 5599 636 5654 etgo
659 5583 903 5637 omnium
937 5596 1130 5636 cursus
1165 5581 1382 5636 divinus
1415 5590 1472 5635 et
1501 5583 1769 5649 sublimis,

223 5673 271 5718 et
307 5683 546 5740 supernas
568 5673 970 5730 conversationi
1001 5673 1286 5744 proximus
1307 5682 1426 5738 est,
1459 5672 1658 5729 frustra
1684 5691 1775 5729 co-

1880 4679 2117 4732 intuere.

1949 4767 2114 4822 Vsns.
2167 4763 2257 4818 5i.
2305 4779 2324 4813 ι
2364 4761 2491 4816 Hzec
2531 4769 2664 4815 sunt
2697 4767 2972 4830 prtecepta
3016 4772 3138 4828 quas
3185 4755 3466 4812 mandavit

1880 4858 2146 4914 Dominus
2165 4854 2358 4926 Moysi,
2397 4853 2464 4907 ad
2495 4851 2636 4906 ﬁlios
2659 4851 2825 4904 Israel
2861 4849 2920 4903 in
2947 4857 3137 4903 monte
3169 4847 3344 4902 Sinai.
3377 4868 3396 4898 ι

1949 4951 2019 5005 Et
2037 4949 2196 5020 cujus
2217 4947 2294 5001 rei
2321 4945 2492 5017 gratia
2519 4959 2630 4998 non
2662 4941 2794 5011 ipsis
2822 4940 2948 4996 ﬁliis
2971 4939 3158 5002 Israel,
3183 4938 3278 4994 sed
3298 4936 3464 5009 Moysi

1879 5044 1945 5099 ad
1966 5042 2106 5097 ﬁlios
2131 5041 2340 5095 Israel?
2368 5039 2506 5104 Quia
2528 5035 2764 5108 populus
2795 5043 2914 5088 erat
2937 5033 3227 5092 inﬁrmior,
3257 5037 3462 5084 tantam

1880 5133 2016 5204 legis
2048 5131 2387 5185 sanctionem
2419 5143 2618 5199 capere
2643 5141 2752 5180 non
2797 5125 2983 5180 valens
3009 5166 3025 5190 ,
3076 5124 3128 5177 in
3174 5138 3278 5192 qua
3319 5119 3465 5176 sicut

1881 5225 1936 5279 in
1965 5223 2204 5294 speculis
2227 5223 2401 5276 claras
2430 5220 2636 5276 formas
2651 5231 2876 5278 suorum
2906 5213 3288 5288 mysteriorum
3318 5210 3462 5264 Deus

1880 5314 2138 5370 ostendit.
2176 5312 2259 5367 Tu
2287 5328 2438 5383 ergo,
2492 5310 2682 5366 sinon
2736 5309 2819 5362 vis
2858 5307 2928 5364 de
2976 5304 3138 5374 vulgo
3183 5315 3323 5362 esse,
3363 5298 3460 5352 sed

1879 5407 2056 5478 qualis
2079 5405 2287 5476 Moyses
2317 5404 2440 5468 fuit,
2467 5403 2650 5474 praebe
2684 5399 3034 5468 temetipsum
3089 5391 3457 5454 obedientem,

1881 5497 2225 5564 mundosque
2263 5493 2553 5549 habentem
2583 5506 2777 5547 omnes
2809 5488 3005 5542 animai
3035 5497 3251 5546 sensus,
3283 5487 3338 5534 ct
3368 5479 3458 5533 die

1882 5589 1992 5644 Ileo
2025 5607 2038 5642 :
2071 5588 2265 5642 Revela
2293 5588 2467 5643 oculos
2492 5603 2664 5652 meos,
2713 5595 2762 5640 et
2801 5579 3140 5637 considerabo
3188 5575 3458 5630 mirabilia

1881 5685 1943 5737 de
1974 5682 2082 5752 (ego
2113 5692 2204 5735 tua
2229 5683 2298 5735 ⁷⁸.
2331 5680 2596 5750 Relinque
2614 5677 2894 5732 materiam
2912 5672 3115 5734 carnis,
3146 5679 3202 5724 ct
3231 5667 3458 5738 spiritus

318 5805 676 5884 "dflilIILVIII,
709 5810 822 5884 25.‘_
848 5811 922 5884 _“
958 5809 1264 5884 Philipp",
1297 5806 1388 5862 20.
1457 5809 1509 5884 _°:
1539 5810 1739 5880 (Iol.m,

1878 5819 1910 5868 l.
1989 5818 2033 5848 ⁵⁸
2071 5816 2207 5870 Gen.
2241 5800 2329 5882 ιγ’,
2361 5816 2423 5882 6;
2457 5813 2613 5870 Rom.
2645 5829 2718 5878 tv,
2746 5814 2800 5868 3.
2879 5812 2922 5844 ⁶⁹
2950 5811 3037 5864 Ρε.
3077 5821 3331 5872 εκλχγιιι,
3366 5805 3462 5873 l7,

239 5871 314 5927 I8.
385 5879 423 5911 ⁷⁸³
455 5871 765 5946 11Τὶιιι.ἰγ,
805 5881 889 5935 II.
1005 5882 1042 5912 "'
1070 5871 1213 5934 Psal.
1252 5879 1532 5945 cxvtu,18.
