3892 6394
476 383 614 447 1179

1665 370 2030 433 HESYCHII
2082 367 2563 431 PRESBYTERI
3551 372 3643 435 118;)

476 495 699 554 divitias
727 506 985 564 sequere.
1012 489 1109 546 Dic
1140 502 1267 544 cum
1289 485 1459 541 David
1483 504 1499 541 :
1522 484 1696 551 Quam
1720 484 1900 539 dulcia
1935 484 2063 552 fau-
2093 492 2138 547 Α
2165 484 2283 553 ejus
2320 484 2419 538 via:
2450 480 2683 551 pulchrae
2707 522 2722 545 ,
2781 494 2961 533 omnes
2988 479 3189 533 semita:
3216 479 3322 548 ejus
3357 482 3564 551 paciﬁca.
3592 474 3649 541 Li.

478 587 624 641 cibus
654 581 863 651 eloquia
894 591 1010 643 tua,
1048 577 1292 643 Domine,
1333 591 1491 645 super
1540 574 1644 628 mel
1683 583 1732 627 et
1772 575 1954 643 {avum
1982 573 2065 626 ori
2161 590 2321 647 gnum
2348 575 2470 629 vita:
2506 581 2583 628 est
2608 573 2688 627 Iris
2714 572 2805 642 qui
2829 572 3266 641 apprehenderint
3290 588 3420 636 eam
3446 584 3487 628 et
3510 579 3577 645 qui
3600 591 3649 631 ιι.
3730 602 3731 619 ι

481 676 687 729 meo"!
722 673 790 729 Ut
808 681 867 734 et
886 671 1005 735 tibi,
1030 667 1495 740 quemadmodum
1526 674 1582 720 et
1605 663 1797 736 Moysi,
1817 663 2060 729 mandet,

482 781 745 836 suamque
769 765 866 820 tibi
889 763 1077 819 credat
1100 760 1451 831 sapientiam.
1484 758 1674 813 Melior
1699 768 1774 812 est
1805 756 1947 811 enim
1969 773 2064 810 ne-

2163 666 2335 721 nuerit
2356 682 2475 720 eam
2499 666 2685 719 beatus
2701 664 2766 718 ⁷³.
2797 654 2904 718 Fili
2959 663 3056 726 mi,
3087 663 3211 716 audi
3228 663 3495 716 doctrinam
3516 671 3654 734 patris,
3732 678 3733 691 ‘

2162 756 2217 811 id
2246 764 2332 811 est
2399 752 2494 809 Dei
2527 770 2541 807 :
2576 761 2625 805 et
2653 768 2759 805 non
2795 751 3037 805 discedas
3065 768 3099 803 a
3140 750 3248 821 lege
3286 753 3457 806 matris
3483 763 3594 819 tu,
3624 758 3657 811 id
3734 754 3735 777 ‘

484 830 711 931 gotiatio
733 858 850 924 eius
876 866 1100 928 argento
1122 830 1178 909 et
1195 870 1327 908 auro
1348 870 1501 921 puro,
1522 854 1723 924 [ructus
1744 851 1860 921 ejus
1876 850 2067 921 pretio-
2164 855 2249 902 est
2308 844 2616 915 sapientiae.
2646 841 2909 897 Coronam
2930 842 3070 896 enim
3085 843 3373 911 gratiarum
3402 843 3528 896 dabit
3548 848 3660 914 capiti
3736 830 3739 917 ξ

480 952 592 1004 sior
617 958 691 1004 est
718 950 917 1003 cunctis
948 947 1134 1017 opibus
1155 963 1174 1001 :
1199 956 1247 1000 et
1282 946 1462 999 omnia
1504 959 1622 1014 qua
1668 943 2060 1004 desiderantur,

2172 947 2283 1004 tuo,
2319 937 2371 992 id
2405 946 2491 991 est
2513 935 2792 991 Christum
2816 953 2829 988 :
2854 944 2902 989 et
2934 944 3145 1003 torques
3175 949 3333 986 aurea
3366 934 3429 987 sit
3455 935 3571 988 circa
3594 940 3664 990 col-

482 1044 605 1095 huic
661 1057 765 1095 non
817 1038 992 1094 ualent
1040 1037 1367 1106 comparari.
1420 1035 1717 1106 Longitudo
1754 1034 1961 1088 dierum
2008 1032 2067 1085 in
2172 1028 2285 1083 lum
2310 1036 2459 1081 tuum
2484 1027 2551 1091 “,
2592 1025 2747 1080 idest
2781 1023 3020 1094 Spiritus
3051 1023 3420 1078 sanctus:Cui
3443 1034 3516 1079 est
3544 1026 3665 1095 gloria

482 1134 699 1188 dextera
729 1132 863 1201 ejus,
895 1131 952 1184 in
973 1131 1189 1185 sinistra
1217 1138 1396 1183 autem
1423 1127 1621 1181 divitiae
1638 1135 1687 1181 et
1728 1124 1922 1196 gloria.
1959 1120 2066 1178 Via:

587 1287 636 1319 "
664 1286 806 1343 Psal.
835 1302 1020 1350 cxvm.
1054 1286 1178 1342 105.
1290 1287 1336 1325 ⁷³
1353 1284 1517 1350 Prov,
1550 1299 1633 1349 ιιι,
1660 1282 1852 1340 14-18.

488 1482 694 1510 πί

1964 1278 2012 1311 ⁷⁸
2045 1277 2206 1334 Prov.
2235 1294 2273 1342 ι,
2309 1276 2361 1342 8,
2398 1278 2454 1332 9.

691 1471 3670 1510 ψ

2173 1119 2231 1175 in
2257 1119 2457 1174 saecula
2483 1117 2833 1173 saeculorum.
2875 1114 3076 1169 Amen.

865 1651 1404 1745 EJUSDEM
1517 1646 2100 1737 HESYCHII
2219 1643 2433 1731 HIE
2458 1638 3370 1734 ROSDLYMITANI

1487 1876 2740 2049 FRAGMENTA.

1028 2265 2019 2497 FRAGMENTA
2150 2362 2315 2489 IN
2449 2356 3220 2488 PSALMOS.

1125 2607 1224 2671 (Ex
1243 2605 1431 2658 Catena
1452 2603 1735 2657 Grecorum
1758 2602 1963 2653 Patrum
1996 2602 2047 2651 in
2075 2600 2317 2660 Psalmos,
2347 2598 2513 2649 Baltb.
2538 2595 2778 2647 Corderio
2810 2593 3138 2657 interprete.)

1089 2898 1412 2956 PSALMUS
1438 2898 1478 2955 Ι.

561 2995 726 3052 Vsus.
763 2995 866 3050 1.1
896 2992 1093 3049 Beatus
1119 2992 1220 3048 vir.
1260 3010 1280 3045 ι

590 3088 832 3141 Primum
890 3084 1040 3140 enim
1118 3083 1345 3139 colenda
1403 3083 1579 3153 pietas
1643 3092 1766 3150 est,
1833 3101 1898 3141 ac
1962 3093 2078 3140 tum

490 3179 710 3236 vivendi
762 3177 1073 3232 institutum
1130 3175 1517 3231 ordinandum.
1549 3176 1727 3247 Atque
1776 3177 1887 3233 illic
1959 3180 2081 3249 qui-

488 3274 615 3329 dem
662 3286 774 3324 non
834 3269 1026 3333 abire,
1092 3267 1181 3321 hic
1228 3281 1358 3322 vero
1403 3283 1513 3323 non
1585 3278 1730 3324 stare
1778 3269 2077 3340 praecepit,

492 3374 554 3420 ut
585 3362 853 3432 impietati
882 3375 953 3415 ne
985 3358 1271 3413 minimum
1302 3359 1548 3429 quidem,
1583 3360 1669 3415 vel
1699 3376 1797 3431 per
1826 3368 2080 3415 transen-

490 3470 618 3510 nam
656 3453 1079 3521 communicare,
1128 3460 1222 3506 aut
1253 3467 1375 3507 eam
1418 3451 1686 3524 attingere
1736 3468 2029 3509 caveamus
2061 3471 2076 3508 :

490 3545 621 3601 etin
646 3552 870 3615 peccato
899 3542 1199 3612 (utcunque
1251 3555 1352 3610 per
1397 3541 1452 3597 id
1484 3541 1716 3596 transire
1767 3542 2078 3614 contigerit)

490 3649 599 3691 non
642 3634 975 3695 iusistamus,
1032 3631 1137 3687 hoc
1203 3640 1307 3697 est,
1361 3633 1642 3688 immorari
1681 3641 1776 3689 aut
1828 3649 2081 3705 perseve-

469 3740 614 3780 -Iare
648 3724 938 3796 fugiamus.
964 3725 1150 3779 Pestes
1202 3738 1331 3778 vero
1367 3733 1526 3780 vocat
1576 3725 1936 3796 impostores,
1986 3725 2079 3797 qui

491 3818 672 3886 specie
705 3827 863 3872 tenus
893 3815 1154 3886 justitiam
1177 3816 1383 3882 colunt,
1413 3817 1673 3872 malitiam
1735 3833 1868 3874 vero
1923 3818 2079 3875 factis

489 3920 768 3966 exercent.
803 3908 865 3963 lli
903 3908 1169 3979 siquidem
1224 3908 1390 3963 vitam
1448 3908 1745 3964 humanam
1805 3909 2076 3965 inficiunt.

489 4003 758 4058 Cathedra
811 4002 959 4057 enim
1007 4000 1442 4071 pestilentiarum
1496 4009 1581 4056 est
1633 4000 1901 4072 judicium
1954 4002 2078 4072 jura

492 4094 860 4163 prudentium.
918 4092 1187 4146 Cathedra
1253 4091 1690 4162 pestilentiarum
1765 4102 1852 4147 est
1920 4093 2079 4149 sedes

492 4185 751 4239 falsorum
803 4186 1109 4240 doctorum.
1179 4184 1452 4238 Cathedra
1505 4183 1938 4254 pestilentiarum
1994 4194 2078 4241 est

2113 2906 2160 2966 Β

2679 2899 2974 2952 ΨΑΛΜΟΣ
3013 2898 3308 2954 ΠΡΩΤΟΣ.

2257 3012 2276 3046 ι
2307 2992 2597 3064 Μακάριος
2627 2994 2791 3063 ἀνήρ.
2824 3010 2842 3043 ι

2252 3087 2346 3139 Δεῖ
2371 3087 2480 3155 γὰρ
2512 3085 2730 3155 πρῶτον
2761 3083 3163 3155 κατορθοῦσθαι
3191 3085 3298 3157 τὴν
3326 3086 3593 3141 εὐσέϐειαν
3610 3124 3624 3150 ,
3648 3085 3713 3138 καὶ

2180 3180 2301 3232 τότε
2336 3177 2434 3246 τὴν
2472 3175 2567 3229 τοῦ
2602 3175 2723 3246 βίου
2767 3175 3048 3229 πολιτείαν
3093 3175 3715 3249 ῥυθμίζεσθαι.Ἀλλ’ὲκεῖ

2185 3271 2285 3342 μὲν
2312 3270 2387 3341 μὴ
2414 3267 2764 3339 πορευθῆναι,
2791 3267 3026 3321 ἐνταῦθα
3051 3269 3110 3322 δὲ
3138 3268 3198 3323 τὸ
3230 3271 3375 3340 μηδὲ
3395 3270 3577 3341 στῆναι
3596 3286 3715 3338 προσ-

2183 3361 2520 3428 έταξεν.”Ῑνα
2552 3359 2655 3429 τῆς
2704 3360 2801 3430 μὲν
2849 3359 3107 3421 ἀσεϐείας
3143 3359 3269 3430 μηδ’
3297 3363 3423 3415 ὅσον
3466 3363 3522 3414 ἐν
3550 3360 3716 3431 παρόδῳ

2184 3450 2535 3525 μεταλαϐεῖν,
2566 3451 2599 3521 ἢ
2631 3449 2842 3519 ψαῦσαι
2874 3449 3256 3519 φυλαξόμεθα·
3296 3452 3562 3523 ἁμαρτίας
3589 3451 3636 3503 δὲ
3661 3451 3717 3517 (εἰ

2183 3544 2276 3599 καί
2313 3561 2398 3609 τις
2446 3545 2576 3615 ἡμῖν
2620 3541 2855 3613 πάροδος
2898 3541 3270 3612 ὑπαρχθείσιν
3302 3543 3541 3612 γένοιτο)
3574 3544 3717 3613 στῆναι

2181 3639 2332 3709 ὅμως
2363 3638 2421 3691 ὲν
2452 3635 2916 3707 αὐτῇ,τουτέστιν
2946 3634 3344 3707 ὲνίστασθαι,ἢ
3376 3637 3633 3707 ἐπιμένειν
3654 3637 3719 3702 ἐγ-

2182 3729 2461 3799 κλίνομεν.
2493 3727 2733 3798 Λοιμοὺς
2762 3726 2819 3780 δὲ
2849 3725 3010 3779 καλεί
3039 3727 3167 3790 τοὺς
3196 3726 3534 3797 ἀμφιϐόλους
3562 3725 3721 3798 ἀνθρώ-

2183 3838 2336 3885 πους,
2370 3820 2493 3882 τοὺς
2521 3818 2623 3890 τὴν
2653 3815 3011 3886 δικαιοσύνην
3038 3817 3452 3888 κατορθοῦντας
3475 3820 3529 3871 ὲν
3556 3818 3721 3888 σχήμα-

2180 3931 2268 3977 τι,
2296 3912 2394 3981 τὴν
2425 3910 2624 3964 κακίαν
2655 3909 2711 3963 δὲ
2743 3909 3029 3980 μετιόντας
3074 3911 3133 3963 ὲν
3178 3912 3297 3974 τοῖς
3333 3911 3623 3983 πράγμασι.
3651 3909 3722 3961 Τδν

2184 4005 2299 4073 βίον
2346 4001 2455 4073 γὰρ
2495 3994 2643 4055 οὗτοι
2695 4001 3053 4071 λυμαίνονται
3093 4001 3186 4054 τὸν
3228 4002 3586 4073 ἀνθρώπινον.
3612 4000 3721 4054 Καθ-

2182 4095 2313 4165 ἐδρα
2346 4094 2456 4166 γὰρ
2485 4092 2713 4163 λοιμῶν,
2749 4095 2783 4163 ἡ
2816 4093 2925 4146 τῶν
2954 4094 3230 4147 δικαστῶν
3263 4095 3378 4147 τῶν
3419 4093 3722 4166 προδιδόντων

2180 4185 2251 4237 τὰ
2277 4183 2461 4237 δίκαια
2480 4199 2495 4213 ’
2539 4181 2781 4251 καθέδρα
2808 4181 3038 4252 λοιμῶν,
3075 4184 3104 4236 ὁ
3137 4182 3247 4236 τῶν
3272 4182 3724 4252 ψευδοδιδασκάλωπι

493 4276 897 4348 hypocritarum
956 4274 1115 4328 stola.
1166 4273 1439 4330 Cathedra
1493 4275 1929 4346 pestilentiarum
1996 4287 2077 4334 est

2193 4279 2407 4351 θρόνος·
2456 4277 2698 4349 καθέδρα
2743 4275 2970 4346 λοιμῶν,
3007 4278 3040 4348 ἡ
3086 4277 3195 4330 τῶν
3224 4278 3535 4348 ὑποκριτῶν
3569 4275 3723 4344 στολήο

491 4370 839 4425 sacerdotum
886 4366 1193 4439 hypocrisis
1235 4384 1249 4421 :
1307 4366 1365 4421 in
1412 4383 1476 4423 ea
1514 4368 1677 4439 jubet
1725 4384 1835 4424 non
1882 4370 2081 4425 seden-

493 4466 649 4518 dum.

564 4554 725 4608 Vens.
757 4551 813 4607 4.
844 4570 864 4604 ι
891 4550 957 4605 Ει
980 4549 1084 4607 erit
1111 4559 1391 4620 tanquam.
1427 4569 1445 4602 ι

560 4644 734 4701 Judaei
783 4654 967 4700 autem
1014 4643 1231 4714 disjecti
1274 4653 1421 4709 sunt,
1457 4651 1637 4698 stante
1678 4643 1941 4700 adversus
1986 4661 2083 4701 eos

492 4739 802 4793 vehementi
821 4736 1190 4808 apostolorum
1217 4736 1621 4806 pradicationis
1642 4735 1861 4805 spiritu,
1887 4748 1943 4792 et
1963 4747 2084 4793 tan-

491 4845 655 4900 quam
674 4828 852 4899 pulvis
874 4828 942 4881 ad
969 4827 1202 4883 nihilum
1232 4828 1435 4882 redacti
1464 4836 1613 4881 sunt.
1645 4826 1777 4881 Nam
1802 4844 1980 4898 neque
1999 4830 2082 4883 ci-

493 4922 930 4990 vitatem,neque
947 4920 1155 4975 cultum
1173 4932 1409 4987 sacrum,
1429 4935 1605 4989 neque
1632 4920 1774 4973 aliud
1802 4921 2080 4991 quidpiam

494 5016 738 5088 priorum
768 5014 1054 5080 habentes,
1102 5030 1201 5084 per
1241 5016 1558 5069 universum
1590 5024 1858 5069 terrarum
1890 5016 2079 5069 orbem

493 5106 739 5177 dissipati
767 5115 917 5170 sunt,
946 5105 1122 5160 instar
1152 5105 1412 5175 pulveris,
1445 5104 1499 5157 in
1528 5104 1723 5160 faciem
1750 5106 2078 5174 contempti.

1060 5241 1388 5298 PSALMUS
1418 5241 1506 5295 Vl.

563 5354 724 5409 Vens.
751 5355 808 5408 2.
859 5371 878 5404 ι
912 5350 1172 5407 Miserere
1215 5349 1344 5411 mei,
1376 5347 1627 5401 Domine.
1669 5365 1690 5398 ι

578 5446 743 5501 Docet
760 5444 1034 5515 quomodo
1062 5456 1239 5507 orare,
1264 5450 1318 5495 et
1341 5454 1448 5509 qua
1473 5439 1681 5494 ratione
1698 5453 1757 5493 se
1774 5438 2079 5499 huioiliare.

490 5547 549 5593 et
579 5537 668 5591 Dei
700 5535 1133 5592 misericordiam
1162 5534 1451 5602 implorare
1482 5540 1749 5600 oporteat.

534 5663 541 5668 -
569 5628 745 5683 «Sana
774 5645 883 5694 me,
911 5626 1162 5691 Domine,
1190 5623 1446 5695 quoniam
1468 5624 1791 5677 conturbata
1816 5631 1941 5677 sunt
1962 5642 2082 5678 ossa

495 5738 633 5775 mea.
651 5741 669 5772 ι

568 5809 701 5865 Ossa
734 5823 917 5876 porro,
961 5808 1303 5877 animamque
1333 5814 1592 5875 praetcrea
1645 5821 1820 5871 suam,
1874 5816 2085 5874 pertur-

2182 4370 2421 4441 καθέδρα
2442 4369 2671 4441 λοιμῶν,
2707 4369 2739 4437 ἠ
2786 4367 2895 4422 τῶν
2941 4370 3133 4440 ἱερέων
3163 4369 3485 4441 ὑπόκρισις·
3514 4371 3568 4422 ὲν
3592 4367 3725 4434 ταύτῃ

2184 4461 2396 4517 κελεύει
2426 4460 2501 4533 μὴ
2532 4460 2885 4526 καθέζεσθαι.

2264 4571 2281 4603 ι
2315 4552 2425 4605 Καὶ
2457 4550 2613 4605 ἔσται
2647 4552 2724 4614 ὼς
2750 4551 2813 4604 τὸ
2843 4551 3024 4618 ξύλον.
3060 4569 3079 4602 s

2267 4645 2683 4717 Ἀπερρίφησαν
2711 4643 2770 4696 δὲ
2802 4643 3048 4697 Ἰουδαῖοι
3075 4643 3281 4712 ἀνέμου
3321 4644 3463 4697 κατὰ
3486 4642 3588 4696 τῶν
3615 4643 3728 4710 iqu-

2188 4737 2281 4809 ροῦ
2309 4737 2403 4790 τοῦ
2434 4736 2794 4808 κηρύγματος
2823 4737 2932 4791 τῶν
2959 4736 3278 4791 ἀποστόλων
3305 4739 3644 4801 πνεύσαντος,
3657 4735 3728 4788 καὶ

2183 4831 2438 4903 καθάπερ
2469 4832 2499 4883 ὁ
2530 4830 2690 4902 χνοῦς
2718 4832 2798 4893 είς
2824 4830 2978 4884 οὐδὲν
3002 4829 3351 4900 διελύθησαν.
3372 4833 3447 4885 Οὐ
3466 4832 3608 4884 πόλιν
3627 4829 3726 4896 γὰρ,

2182 4926 2243 4978 οὐ
2288 4923 2566 4995 λατρείαν,
2595 4923 2694 4993 οὐχ
2740 4921 2929 4993 ἕτερόν
2977 4939 3032 4975 τι
3078 4922 3186 4974 τῶν
3233 4924 3291 4990 ἐξ
3334 4924 3509 4995 ἀρχῆς
3533 4922 3725 4992 ἔχοντες,

2183 5015 2630 5086 ἐσκορπίσθησαν
2677 5017 2755 5076 εἰς
2788 5014 2911 5068 ὅλον
2958 5014 3057 5083 τῆς
3103 5014 3240 5083 γῆς,
3275 5015 3524 5087 καθάπερ
3548 5017 3574 5068 ό
3603 5008 3728 5083 χνοῦς

2185 5107 2527 5180 ἠτιμωμένοι
2546 5107 2608 5160 τὸ
2634 5107 2951 5178 πρόσωπον.

2764 5241 3063 5296 mmo):
3103 5242 3193 5311 ς’.

2259 5376 2277 5407 ι
2301 5354 2561 5427 Ἐλέησόν
2596 5372 2686 5425 με,
2713 5355 2911 5426 Κύριε.
2943 5376 2962 5409 ι

2254 5446 2510 5499 Διδάσκει
2558 5445 2682 5499 τίνα
2727 5446 2811 5498 δεῖ
2843 5447 3046 5513 τρόπον
3078 5447 3501 5517 προσεύχεσθαι,
3534 5444 3636 5508 πῶς
3662 5441 3727 5493 δεῖ

2188 5536 2575 5590 ταπεινοῦσθαι
2595 5577 2610 5601 ,
2644 5536 2738 5589 καὶ
2767 5535 2861 5590 τοῦ
2892 5537 3029 5591 θεοῦ
3066 5538 3454 5609 προκαλεῖσθαι
3482 5539 3566 5590 τὸν
3587 5535 3722 5588 ἔλεον.

2271 5628 2486 5682 «Ἰασαί
2520 5645 2608 5699 με,
2632 5627 2824 5699 Κύριε,
2864 5630 2947 5681 ὅτι
2980 5630 3264 5703 ἐταράχθη
3293 5631 3361 5684 τὰ
3393 5630 3520 5684 ὀστᾶ
3546 5643 3649 5696 μου.
3677 5640 3692 5673 I

2262 5806 2606 5877 Τεταράχθαι
2660 5825 2719 5878 γε
2773 5808 2881 5880 μὴν
2937 5811 3003 5865 τὰ
3051 5810 3244 5865 ἑαυτοῦ
3292 5812 3423 5867 ὀστᾶ
3481 5798 3718 5880 φησι,κπὶ
3784 5808 3789 5813 ’
