3892 6474
128 444 306 513 1181
1350 456 1817 520 FRAGMENTA
1856 456 1938 517 IN
1979 460 2334 524 PSALMOS.
3344 467 3480 533 1182

130 571 415 638 προσέτι
443 570 541 645 τὴν
571 572 773 644 ψυχήν.
807 574 918 627 Καὶ
943 574 1079 628 ὀστᾶ
1117 573 1217 644 μὲν
1250 574 1382 637 ἴσως
1411 577 1556 630 κατά
1582 593 1646 644 γε
1681 574 1768 646 τὴν

1883 574 2007 631 bata
2029 577 2199 634 fuisse
2230 581 2383 636 dicit.
2411 580 2514 637 Per
2541 597 2664 639 ossa
2694 598 2847 651 vero,
2869 584 3021 655 juxta
3047 583 3348 654 spiritalem
3393 588 3481 638 in-

132 660 210 712 ἐν
250 663 551 734 πνεύματ.
575 664 811 737 θεωρίαν
835 664 1078 735 νοηθεῖεν
1102 664 1172 719 ἂν
1189 668 1246 720 al
1274 666 1420 735 λόγῳ
1451 667 1655 736 ληπταὶ
1679 666 1768 736 τῆς

1883 668 2254 740 telligentiam,
2298 674 2529 731 virtutes
2572 676 2740 731 animi
2794 676 3028 731 rationis
3067 685 3349 744 compotes
3391 678 3475 727 in-

126 752 363 825 ψυχῆς
395 757 680 828 δυνάμεις,
716 758 772 811 αἳ
813 759 907 812 καὶ
943 759 1231 829 ἀνέχουσιν
1259 760 1431 831 αὐτὴν
1467 761 1547 824 είς
1581 760 1768 831 νοητὴν

1882 760 2091 832 telligit,
2120 779 2241 833 quae
2261 773 2315 819 et
2345 765 2522 835 ipsum
2555 767 2622 821 ad
2661 767 3087 823 intellectualem
3141 766 3473 821 soliditatem

130 847 213 897 εὖ
227 850 515 916 ρωστίαν.
554 845 679 903 υίον
709 851 1026 920 ἐγκράτεια,
1056 852 1352 923 φρόνησις,
1382 854 1415 924 ἠ
1460 853 1602 906 κατά
1647 855 1768 905 Θεὸν

1881 853 2140 909 evehunt.
2201 856 2272 911 Ut
2322 865 2451 912 sunt
2491 858 2850 924 continentia,
2905 857 3214 928 prudentia,
3245 864 3299 908 et
3350 869 3473 923 qme

134 939 431 1010 ἀνδρεία,
448 942 796 1013 σωφροσύνη,
818 944 915 997 καὶ
938 943 1282 1016 δικαιοσύνη.
1307 948 1402 1000 καὶ
1426 945 1574 1011 ἅπαξ
1591 946 1768 1009 ἁπλῶς

1881 946 2178 1001 secundum
2204 949 2372 1003 Deum
2408 960 2489 1005 est
2549 950 2833 1013 fortitudo,
2872 949 3251 1020 temperantia,
3303 955 3360 1000 et
3389 946 3472 1015 ju-

138 1032 284 1084 πᾶν
306 1033 457 1096 εἶδος
489 1034 717 1104 ἀρετῆς,
744 1030 821 1089 ὧν
846 1037 949 1088 οὐκ
976 1036 1156 1090 οὐσῶν
1203 1040 1261 1091 ἐν
1292 1039 1424 1109 ἡμῖν
1451 1039 1768 1109 ἀσυγχύτως

1881 1035 2043 1102 stitia,
2070 1047 2125 1093 et
2170 1038 2415 1095 absolute
2473 1042 2693 1096 demum
2729 1057 2901 1112 genus
2960 1057 3122 1095 omne
3176 1040 3467 1100 virtutum,

137 1122 378 1191 (ἤγουν
403 1124 462 1176 ἐν
481 1125 672 1195 κόσμῳ
693 1125 769 1196 τῷ
788 1126 994 1195 δέοντι)
1017 1128 1104 1181 διὰ
1125 1128 1184 1181 τὸ
1210 1128 1308 1199 τὴν
1345 1131 1482 1182 ἰδίαν
1507 1131 1608 1184 οὐκ
1631 1131 1768 1201 ἔχειν

1881 1142 1998 1196 quae
2021 1144 2145 1181 cum
2176 1129 2233 1183 in
2260 1131 2418 1185 nobis
2442 1148 2551 1186 non
2583 1132 2784 1187 fuerint
2816 1133 3114 1187 inconfusee
3138 1131 3210 1201 (id
3233 1140 3311 1184 est
3338 1144 3465 1184 cum

141 1215 338 1283 ἰσχὺν
357 1257 377 1281 ,
410 1215 624 1288 ἀνάγκη
653 1217 1023 1289 ταράττεσθαι
1052 1219 1153 1290 τὴν
1181 1219 1361 1293 ψυχὴν
1392 1222 1768 1275 ἀτακτούντων

1881 1219 2088 1274 decenti
2110 1232 2305 1277 ornatu
2329 1224 2670 1295 ordineque),
2700 1242 2923 1283 necesse
2951 1235 3033 1280 est
3061 1226 3318 1285 animam,
3339 1240 3466 1279 cum

136 1305 219 1358 ὲν
258 1308 415 1377 αὐτῇ
446 1307 556 1361 τῶν
589 1309 798 1363 παθῶν.

1881 1315 2153 1380 proprium
2187 1314 2352 1368 robur
2381 1333 2491 1370 non
2530 1318 2795 1379 obtineat,
2825 1317 3132 1388 perturbari
3190 1313 3465 1386 passioni-

1874 1400 1976 1455 bus
2000 1402 2105 1455 illis
2126 1402 2448 1459 inordinatis
2475 1421 2596 1474 quae
2614 1406 2666 1458 in
2695 1407 2813 1476 ipsa
2847 1416 2998 1461 sunt.

239 1503 266 1535 ι
291 1483 608 1555 Ἀπόστητε
643 1485 736 1538 ἀπ’
760 1486 897 1556 ἐμοῦ
931 1488 1152 1552 πάντες.
1185 1507 1204 1539 ι

1941 1494 2106 1548 Vsus.
2140 1495 2193 1549 9.
2218 1514 2237 1546 ι
2266 1496 2536 1553 Discedite
2561 1514 2592 1552 a
2619 1514 2705 1552 me
2731 1514 2941 1553 omnes.
2988 1517 3007 1550 ι

250 1571 432 1642 Ὁρᾷς
462 1572 536 1636 ὡς
568 1574 696 1626 ὅταν
726 1575 1055 1646 ἁποστῶμεν
1097 1578 1205 1631 τῶν
1240 1578 1492 1650 ἐργατῶν
1519 1581 1619 1650 τῆς
1644 1581 1768 1634 ἀνο-

1944 1583 2103 1639 Vides
2128 1595 2187 1640 ut
2218 1586 2361 1641 Deus
2424 1604 2616 1658 preces
2648 1598 2866 1643 nostras
2910 1605 2974 1644 ac
3004 1588 3459 1659 supplicationem

142 1662 304 1726 μίας
334 1664 473 1734 (εἴτε
502 1664 960 1738 ἀνθρώπων,είτε
973 1670 1300 1741 λογισμῶν),
1325 1672 1445 1725 τότε
1473 1673 1501 1725 ὁ
1522 1672 1653 1735 Θεὸς
1674 1672 1768 1737 τὰς

1881 1684 2156 1744 promptus
2188 1677 2459 1742 admittat,
2493 1693 2618 1733 cum
2647 1685 2715 1734 ab
2739 1679 3092 1749 operantibus
3122 1678 3461 1747 iniquitatem

138 1756 459 1827 ἡμετέρας
487 1757 705 1830 δεήσεις
732 1761 969 1832 ετοίμως
1014 1763 1111 1816 καὶ
1153 1764 1251 1835 τὴν
1293 1764 1600 1836 προσευχὴν
1623 1764 1768 1836 δέχε-

1881 1767 2013 1837 (sive
2042 1768 2312 1835 homines,
2345 1772 2462 1826 sive
2491 1772 2849 1843 cogitationes
2908 1772 3064 1827 mala:
3115 1772 3247 1840 sint)
3300 1770 3461 1840 longe

138 1865 282 1902 ται.
376 1902 385 1910 ,
591 1867 601 1876 ⁸
1628 1898 1635 1904 .

1881 1860 2292 1917 recesserimus.

766 1944 1060 1998 ΨΑΛΜΟΣ
1099 1944 1171 1999 z'.
1798 1906 1848 1968 Β

242 2054 263 2085 ι
290 2035 616 2107 Ἀνάστηθι,
645 2035 842 2106 Κύριε,
875 2037 934 2091 ἐν
963 2037 1102 2109 όργῇ
1136 2055 1249 2092 σου.
1281 2057 1299 2090 ι

250 2127 576 2198 Ὑψωθῆναι
605 2128 696 2182 τὸν
720 2129 959 2199 Χριστὸν
990 2129 1081 2183 ἐπὶ
1112 2130 1208 2183 τοῦ
1238 2130 1478 2202 σταυροῦ
1516 2149 1771 2202 παρακα-

144 2223 274 2283 λεῖ,
318 2221 642 2284 συντελείας
670 2223 766 2276 καὶ
795 2222 1111 2293 ἀφανισμοῦ
1143 2223 1254 2276 τῶν
1283 2223 1554 2295 δαιμόνων
1582 2224 1764 2280 ἕνεκα.

152 2316 371 2368 Ὀταν
397 2316 507 2385 γὰρ
534 2314 775 2383 ὑψωθῶ,
794 2315 1026 2382 πάντας
1053 2317 1298 2371 ἑλκύσω
1314 2318 1464 2386 πρὸς
1485 2319 1766 2388 ἐμαυτόν,

161 2408 368 2478 Πέρας
393 2407 452 2460 δὲ
474 2407 650 2461 ταῦτα
669 2408 765 2461 καὶ
782 2408 1080 2472 κατάλυσις
1095 2410 1196 2479 τῆς
1213 2409 1321 2464 τῶν
1338 2412 1544 2480 νοητῶν
1561 2412 1769 2485 ἐχθρῶν

161 2499 506 2562 δυναστείας
535 2498 775 2567 ἐγένετο.

768 2635 1066 2689 ΨΑΛΜΟΣ
1103 2637 1187 2690 H'.

244 2793 267 2827 ι
300 2772 502 2843 Κύριε,
528 2770 737 2841 Κύριος
768 2770 981 2841 ἡμῶν.ι

240 2867 345 2930 Τὸ,
377 2866 553 2932 Κύριε
579 2903 594 2927 ,
628 2867 661 2918 ό
693 2864 911 2932 Κύριος
954 2862 1125 2933 ἡμῶν
1147 2905 1163 2930 ,
1196 2864 1229 2934 ὴ
1265 2864 1563 2936 Ἐκκλησία
1596 2864 1759 2935 λέγει.

157 2960 336 3015 Μετά
362 2960 472 3029 γὰρ
501 2956 602 3029 τὴν
622 2958 702 3019 είς
728 2955 964 3026 Χριστὸν
992 2956 1315 3024 ἐπίγνωσιν,
1348 2958 1448 3027 τῆς
1477 2958 1586 3011 τῶν
1616 2958 1766 3012 εἰδώ-

159 3055 283 3108 λων
327 3053 614 3106 ἀποστᾶσα
663 3049 931 3111 δουλείας.
963 3049 1170 3120 Κύριον
1225 3051 1396 3122 nigri];
1442 3053 1630 3108 καλεῖν
1672 3053 1766 3107 τὸν

161 3145 397 3217 ἀληθῶς
427 3145 562 3198 Θεὸν
591 3144 688 3197 καὶ
716 3142 920 3213 Κύριον
951 3143 1176 3214 ἤρξατο.

2443 1951 2763 2008 PSAIMUS
2783 1953 2896 2008 VII.

1948 2042 2109 2098 Vens.
2139 2043 2194 2100 7.
2225 2063 2244 2095 ι
2282 2044 2543 2115 Exsurge,
2583 2045 2828 2111 Domine,
2864 2046 2918 2099 in
2945 2044 3022 2099 ira
3052 2053 3163 2099 tua.
3206 2062 3225 2096 ι

1944 2133 2203 2190 Hortatur
2224 2146 2284 2191 ut
2312 2136 2563 2192 Christus
2598 2139 2653 2190 in
2708 2153 2871 2193 cruce
2927 2138 3215 2196 exaltetur,
3254 2135 3459 2189 daemo-

1870 2240 2004 2279 num
2048 2225 2301 2280 interitus
2354 2235 2517 2296 atque
2558 2227 2872 2282 abolitionis
2937 2241 3085 2297 ergo.
3121 2225 3252 2280 Cum
3287 2224 3456 2290 enim,

1871 2316 2110 2387 (inquit),
2129 2318 2396 2371 exaltatus
2421 2321 2588 2389 fuero,
2608 2319 2785 2372 omnia
2809 2319 3013 2372 traham
3043 2320 3113 2371 ad
3129 2333 3209 2371 me
3225 2318 3396 2386 ipsum
3416 2316 3455 2370 ¹.

1871 2407 1997 2462 Haec
2030 2408 2179 2463 enim
2223 2409 2345 2464 ﬁnis
2374 2418 2430 2465 et
2473 2410 2762 2466 dissolutio
2822 2409 3079 2481 potentia:
3130 2406 3458 2478 spiritalium

1870 2499 2216 2556 inimicorum
2254 2499 2427 2557 fuere.

2426 2638 2747 2696 PSALMUS
2783 2637 2926 2694 VIII.

1937 2773 2102 2829 Vsus.
2131 2775 2186 2830 2.
2214 2794 2234 2826 ι
2270 2776 2518 2842 Domine,
2546 2776 2808 2831 Dominus
2832 2783 3035 2830 noster.
3067 2791 3086 2824 ι

1941 2866 2077 2922 Illud
2108 2868 2325 2922 Domine
2358 2869 2614 2923 Dominus
2647 2879 2842 2929 noster.
2872 2868 3005 2923 dicit
3036 2865 3299 2921 Ecclesia.
3323 2862 3457 2918 Nam

1868 2969 1994 3029 post
2022 2959 2219 3013 Christi
2242 2960 2595 3030 agnitionem,
2625 2960 2694 3015 ab
2727 2959 2994 3014 idolorum
3027 2956 3291 3012 servitute
3332 2954 3462 3008 libe-

1869 3059 2006 3113 rata,
2049 3050 2336 3105 Dominum
2377 3066 2536 3105 suum
2585 3059 2843 3121 tanquam
2869 3065 2997 3105 vere
3043 3049 3212 3103 Deum
3246 3062 3309 3101 ac
3358 3045 3461 3099 Do-

1868 3144 2078 3198 minum
2111 3158 2307 3198 vocare
2346 3145 2534 3214 coepit.

254 3238 374 3290 'Asl.
427 3235 524 3306 μὲν
573 3235 683 3305 γὰρ
710 3237 742 3306 ἡ
777 3235 848 3305 γῆ
880 3235 1032 3287 πᾶσα
1060 3234 1170 3286 τῶν
1197 3234 1498 3305 θαυμάτων
1546 3236 1763 3307 ἀληθῶς

1940 3232 2169 3302 Semper
2190 3233 2411 3303 quidem
2456 3233 2710 3288 universa
2752 3242 2896 3287 terra
2947 3244 3077 3285 vere
3117 3225 3460 3282 mirabilibus

165 3328 273 3398 τῆς
298 3325 395 3381 τοῦ
424 3324 559 3379 Θεοῦ
597 3323 963 3395 δημιουργίας
994 3324 1356 3394 πεπλήρωται
1379 3367 1395 3388 ,
1424 3326 1503 3378 ἔτι
1529 3325 1586 3378 δὲ
1627 3327 1765 3393 μᾶλ-

168 3420 287 3485 λον,
320 3419 416 3486 ἀφ’
432 3412 606 3488 οὗπερ
637 3417 806 3470 αὐτοῦ
833 3416 895 3468 τὸ
923 3415 1117 3486 ὄνομα,
1144 3416 1351 3487 δηλαδὴ
1384 3417 1446 3469 τὸ
1491 3417 1586 3470 τοῦ
1630 3419 1767 3487 Χρι-

171 3510 327 3574 στοῦ,
357 3509 512 3583 παρὰ
538 3510 707 3562 πᾶσιν
738 3507 968 3577 Ἕλλησί
987 3525 1046 3561 τε
1079 3508 1174 3562 καὶ
1204 3507 1520 3579 βαρϐάροις,
1551 3509 1641 3562 διὰ
1667 3509 1766 3580 τῆς

168 3607 251 3667 εἰς
280 3600 446 3655 αὑτὸν
478 3599 883 3671 ἐθαυμαστώθη
919 3599 1181 3664 πίστεως.

249 3714 271 3747 ι
304 3693 491 3748 Πάντα
524 3693 802 3759 ὑπέταξας
832 3693 1095 3747 ὑποκάτω
1118 3693 1225 3746 τῶν
1255 3692 1433 3746 ποδῶν
1462 3694 1650 3749 αὑτοῦ.
1686 3714 1705 3748 ι

242 3785 480 3840 Πετεινὰ
504 3784 600 3839 τοῦ
622 3786 682 3839 οὐ
693 3785 856 3857 ρανοῦ
881 3786 1012 3847 τοὺς
1034 3786 1162 3857 περὶ
1183 3786 1281 3855 τὴν
1303 3785 1584 3853 θεολογίαν
1609 3788 1768 3857 ἠσχο-

163 3876 446 3947 λημένους
475 3875 651 3941 καλεῖ,
686 3877 811 3939 τοὺς
841 3876 1183 3947 ἐρευνῶντας
1204 3875 1276 3929 τὰ
1305 3877 1486 3948 ὑψηλά
1514 3878 1607 3930 καὶ
1639 3896 1767 3947 μετ-

165 3971 342 4039 άρσια
378 3966 629 4038 δόγματα
646 3983 661 3998 °
691 3967 881 4038 ἰχθύας
903 3966 965 4022 δὲ
981 3968 1085 4038 τῆς
1108 3968 1408 4040 θαλάσσης,
1430 3971 1558 4034 τοὺς
1580 3972 1638 4025 ἐν
1656 3973 1766 4034 τοῖς

166 4059 470 4130 πράγμασι
516 4057 610 4111 τοῦ
645 4056 762 4128 βίου
789 4056 982 4111 τούτου
1013 4060 1375 4130 νηχομένους,
1410 4060 1665 4132 καθάπερ
1710 4064 1781 4117 ὲνκ

165 4152 411 4223 κύμασι.
443 4150 698 4221 Σωτηρία
746 4150 804 4204 δὲ
847 4152 944 4205 καὶ
995 4152 1211 4216 τούτοις
1254 4154 1585 4221 ἀπόκειται,
1639 4157 1769 4209 ὅταν

165 4242 491 4314 πορευθῶσι
517 4242 740 4313 τρίϐους
760 4242 948 4296 οὐκέτι
969 4243 1272 4315 θαλάσσης,
1296 4246 1433 4299 ἀλλά
1456 4246 1768 4315 θαλασσῶν,

162 4333 262 4387 διὰ
296 4333 679 4404 βαπτίσματος
704 4333 801 4386 καὶ
832 4336 1129 4404 μετανοίας
1158 4337 1460 4403 ὁδεύοντες.

241 4422 357 4482 Ἦν
395 4427 496 4497 μὲν
524 4427 633 4498 γὰρ
662 4427 812 4497 αὐτῷ
840 4428 937 4481 καὶ
967 4427 1038 4482 τὰ
1064 4428 1299 4500 αίσθητά
1331 4431 1418 4486 διὰ
1443 4432 1534 4487 τὸν
1554 4434 1652 4503 τῆς
1673 4435 1765 4506 δη-

168 4519 470 4592 μιουργίας
499 4519 921 4591 ὑποτεταγμένα
946 4521 1134 4591 νόμον,
1167 4524 1366 4594 κτήνη,
1389 4527 1485 4578 καὶ
1511 4527 1655 4597 βόες,
1674 4532 1770 4584 καὶ

166 4613 452 4685 πρόϐατα.
478 4613 733 4684 Πρόϐατα
754 4613 812 4667 δὲ
842 4614 1004 4667 πάλιν
1027 4615 1216 4685 νοητὰ,
1245 4617 1670 4691 ὑποτεταγμένα
1691 4622 1768 4694 τῷ

165 4705 401 4777 Χριστῷ
433 4707 559 4768 τοὺς
593 4708 652 4759 ἐν
697 4707 909 4779 ἀκακία
947 4708 1407 4778 πολιτευομένους
1440 4711 1769 4784 ἀνθρώπους

168 4798 544 4869 εὑρίσκομεν
582 4798 710 4870 βόας
739 4800 867 4864 τοὺς
915 4800 1030 4853 τῶν
1073 4802 1309 4856 ἐντολῶν
1343 4804 1604 4874 ἐργάτας,
1637 4809 1769 4876 περὶ

168 4884 263 4949 ὧν,
283 4891 491 4961 Μωσῆς
518 4893 547 4945 ό
580 4892 883 4962 νομοθέτης
914 4892 1135 4961 έλεγενο
1178 4896 1261 4948 Οὐ
1303 4896 1593 4964 φιμώσεις
1610 4898 1770 4963 ,ϐοῦν

173 4978 648 5035 ἀλοῶντα.”Οθεν
681 4982 781 5052 οὐχ
808 4981 996 5045 ἁπλῶς
1032 4982 1183 5052 βόας,
1216 4983 1356 5037 ἀλλά
1384 4985 1479 5037 καὶ
1506 4985 1710 5052 πάσας
1739 4989 1768 5040 ὁ

185 5071 486 5142 rugosa;
515 5072 752 5138 ἐξέθετο.
785 5075 960 5127 Πᾶσιν
989 5076 1099 5146 γὰρ
1124 5076 1152 5128 ὁ
1173 5075 1306 5140 Θεὸς
1325 5076 1423 5149 τὴν
1444 5077 1648 5149 ἀρετὴν
1674 5080 1770 5133 καὶ

181 5164 605 5236 τὴνιτυχοΰσαν
654 5165 1051 5237 ἐργαζομένοις
1096 5167 1436 5239 εὑρίσκεται.
1469 5170 1661 5242 Κτήνη
1712 5171 1770 5224 δὲ

184 5255 346 5311 καλεῖ
374 5259 504 5321 τοὺς
541 5258 907 5330 ἁμαρτωλοὺς
926 5300 941 5324 ,
969 5259 1159 5331 ἐπειδὴ
1189 5261 1341 5315 κάτω
1376 5261 1475 5325 τὰς
1506 5262 1659 5332 ὄψεις
1688 5264 1770 5326 είς

183 5349 293 5417 γῆν
314 5349 575 5413 νευούσας
604 5351 920 5421 κέκτηνται.
938 5350 1104 5405 Ἀλλά
1125 5352 1413 5407 καὶταῦτα
1440 5355 1772 5424 μετανοοῦν-

187 5458 277 5506 τα,
309 5439 404 5494 καὶ
431 5441 774 5509 ὐποταγέντα
805 5441 1062 5510 σώσεται,
1089 5443 1220 5497 ὅταν
1265 5444 1344 5515 τῷ
1384 5446 1607 5517 Χριστῷ
1635 5448 1771 5501 ἀνα-

193 5533 330 5601 ϐάτῃ
351 5531 440 5586 διὰ
461 5533 560 5599 τῆς
583 5534 955 5604 εὐαγγελικῆς
980 5535 1258 5601 πολιτείας
1283 5536 1630 5607 ὑποδέξηται.
1651 5540 1772 5595 Ἁν-

191 5627 462 5693 θρώπους
486 5625 615 5697 γὰρ,
644 5628 800 5699 φησὶ,
830 5628 931 5684 καὶ
953 5629 1146 5698 κτήνη
1172 5628 1415 5697 σώσεις,
1449 5632 1648 5700 Κύριε.

275 5909 289 5941 ¹
313 5906 466 5964 Joan.
494 5925 589 5975 xu,
624 5909 711 5965 52.

1867 3324 2159 3380 creationis
2215 3324 2307 3379 Dei
2355 3325 2612 3396 operibus
2637 3324 2843 3395 repleta
2894 3324 3031 3386 fuit;
3059 3322 3232 3377 multo
3279 3329 3461 3375 tamen

1864 3417 2057 3488 magis,
2100 3434 2169 3473 ex
2219 3435 2328 3488 quo
2360 3434 2558 3473 nomen
2588 3418 2751 3482 illius,
2781 3417 2991 3472 scilicet
3040 3414 3269 3478 Christi,
3314 3413 3460 3483 apud

1865 3527 2057 3566 omnes
2101 3520 2291 3583 gentes
2332 3527 2396 3566 ac
2455 3512 2713 3567 barbaras
2754 3511 3004 3565 nationes
3061 3525 3160 3579 per
3193 3509 3354 3562 ﬁdem
3407 3508 3462 3562 in

1862 3620 1990 3657 eum
2021 3603 2339 3657 admirabile
2371 3603 2575 3657 factum
2595 3610 2700 3659 est.

1940 3694 2104 3751 Vsus.
2135 3697 2188 3751 8.
2230 3714 2248 3746 ι
2278 3695 2478 3767 Omnia
2509 3676 2792 3764 subjecisti
2821 3694 2922 3748 sub
2941 3692 3171 3763 pedibus
3192 3692 3332 3761 ejus.
3366 3709 3385 3740 ι

1938 3786 2200 3842 Volucres
2226 3788 2346 3843 οωΙὶ
2381 3797 2540 3841 vocat
2569 3787 2688 3841 illos
2710 3786 2826 3856 qui,
2875 3787 2980 3840 alla
3002 3794 3058 3839 et
3086 3784 3336 3838 sublimia
3366 3783 3463 3837 dn-

1866 3888 2042 3949 gmata
2082 3887 2509 3948 perscrutantes,
2541 3879 2828 3950 theologize
2872 3878 3202 3932 incumbunt
3239 3894 3251 3928 :
3283 3876 3463 3946 pisces

1867 3984 1998 4024 vero
2019 3971 2203 4035 maris,
2233 3984 2329 4024 eos
2362 3970 2454 4039 qui
2488 3970 2543 4023 in
2568 3970 2691 4024 vita:
2722 3969 2886 4038 hujus
2920 3968 3153 4039 negotiis
3202 3977 3461 4035 tanquam

1868 4062 1923 4117 in
1955 4060 2209 4117 ﬂuctibus
2240 4070 2452 4117 natant.
2483 4062 2577 4118 llis
2601 4073 2783 4117 autem
2808 4064 2971 4116 etiam
3017 4062 3162 4116 salus
3224 4061 3462 4129 reposita

1868 4165 1974 4220 est,
2008 4169 2133 4208 cum
2172 4171 2282 4210 non
2306 4155 2538 4224 amplius
2563 4156 2749 4218 maris,
2792 4154 2888 4208 sed
2940 4153 3192 4213 marium.
3231 4169 3326 4222 per
3363 4152 3462 4206 ba-

1868 4248 2132 4318 ptismum
2158 4256 2214 4302 et
2234 4246 2639 4317 ptenitentiam,
2671 4247 2787 4303 vias
2816 4246 3180 4301 inambulent.

1942 4428 2212 4485 Caeterum
2241 4432 2397 4479 erant
2434 4423 2598 4479 etiam
2639 4422 2741 4493 ipsi
2805 4421 3086 4478 sensibilia
3129 4419 3313 4475 omnia
3368 4434 3465 4488 per

1873 4515 2203 4576 conditionis
2252 4515 2426 4586 legem
2458 4514 2726 4583 subjecta,
2775 4513 3127 4583 jumenta,ct
3175 4511 3360 4573 boves,
3410 4517 3465 4562 et

1803 4597 1846 4651 ί)
1874 4629 2023 4669 oves.
2049 4612 2263 4668 Rursus
2297 4621 2480 4668 autem
2503 4626 2635 4666 oves
2661 4610 3080 4675 intellectuales,
3110 4607 3359 4662 homines
3380 4604 3467 4658 in—

1871 4714 2135 4761 nocenter
2179 4704 2448 4769 viventes,
2493 4701 2713 4756 Christo
2770 4701 3049 4769 subjectos
3108 4696 3415 4767 reperimus
3454 4708 3470 4748 :

1870 4795 2040 4851 boves
2069 4794 2199 4850 item
2233 4801 2633 4864 prreceptorum
2697 4792 3101 4852 observatores,
3140 4789 3208 4842 de
3264 4786 3466 4856 quibus

1872 4887 2148 4959 legislator
2179 4886 2389 4956 Moyses
2420 4886 2533 4959 ait;
2566 4884 2689 4937 Non
2731 4882 3003 4935 obturabis
3041 4898 3095 4934 os
3138 4879 3253 4933 boui
3305 4879 3465 4931 tritu-

1875 4982 2021 5035 ranti
2043 4989 2083 5036 ε.
2103 4980 2254 5035 Unde
2273 4990 2382 5033 non
2408 4979 2576 5033 boves
2601 4976 2939 5047 sin-pliciter,
2958 4974 3053 5030 sed
3078 4975 3229 5028 boves
3257 4973 3470 5027 univer-

1875 5088 1980 5138 sos,
2014 5070 2467 5141 Psalmographus
2503 5069 2704 5139 posuit.
2733 5070 2816 5122 Ab
2841 5068 3101 5123 omnibus
3154 5066 3299 5121 enim
3325 5065 3469 5119 Deus

1876 5164 2313 5233 qualemcunque
2373 5161 2631 5216 virtutem
2710 5159 3094 5215 exercentibus
3166 5154 3465 5210 invenitur.

1878 5257 2083 5313 Pecora
2114 5270 2243 5310 vero
2295 5262 2608 5325 peccatores
2651 5262 2830 5315 vocat,
2868 5250 3136 5321 siquidem
3201 5260 3370 5316 prona
3410 5244 3465 5296 in

1880 5358 2080 5403 terram
2112 5350 2415 5418 spectantia
2454 5358 2636 5403 creata
2669 5358 2816 5403 sunt.
2842 5345 3006 5415 Atqui
3037 5356 3093 5398 et
3114 5343 3228 5412 ipsa
3254 5340 3296 5393 si
3351 5354 3469 5408 po:-

1880 5440 2165 5496 nitentiam
2193 5442 2427 5512 egerint,
2457 5447 2512 5495 et
2558 5439 2922 5502 obediverint,
2957 5437 3104 5490 salva
3144 5435 3308 5499 ﬁent;
3339 5447 3466 5486 cum

1880 5536 2159 5590 Christum
2203 5551 2299 5606 per
2327 5535 2702 5608 evangelicam
2753 5532 3150 5588 institutionem
3209 5541 3466 5582 ascenso-

1880 5643 1995 5682 rem
2034 5627 2371 5683 admiserint.
2402 5627 2649 5682 Homines
2698 5625 2886 5695 (enim,
2927 5622 3121 5693 inquit)
3149 5629 3197 5675 et
3222 5620 3470 5689 jumenta

1879 5716 2127 5781 salvebis,
2157 5717 2375 5772 Domine
2404 5718 2443 5775 ³.

791 5913 809 5940 '
844 5910 998 5966 Deut.
1027 5927 1149 5981 xxv,
1191 5912 1250 5982 ί,
1288 5912 1305 5966 1
1342 5912 1465 5968 Cor.
1504 5930 1580 5983 ιχ,
1606 5916 1659 5972 9.
1739 5916 1757 5945 ³
1786 5915 1932 5973 Psal.
1966 5932 2127 5985 xxxv,
2166 5916 2220 5972 7.
