3892 6472
88 399 279 469 1135
1300 414 1718 476 FRAGMENT

1846 414 1897 475 N
1939 414 2071 474 PSA
2082 415 2305 478 LMOS.
3306 429 3327 490 l
3344 429 3443 493 186

184 518 336 573 Κᾶν
366 520 619 584 ἀσθενεῖς
651 514 779 583 ὦσι.
811 524 916 577 κᾶν
938 523 1167 594 πτωχοὶ,
1196 523 1300 576 κᾶν
1336 523 1718 596 βάρϐαροι,κᾶε

1850 526 1877 592 3
1910 520 2148 579 Tametsi
2175 526 2475 581 imbecilles
2507 528 2638 593 sint,
2661 529 2876 584 tametsi
2903 545 3193 601 pauperes,
3226 539 3439 592 tametsi

87 606 442 680 ἀλλότριοι.
478 610 535 663 Ὀ
582 610 691 683 γὰρ
740 614 868 676 τοὺς
911 613 1385 683 πονηρευομένους
1423 613 1718 677 ὲξουδενῶν

1845 617 2099 685 barbari,
2149 621 2363 675 tametsi
2421 622 2763 692 alienigenas.
2828 621 2932 688 Qui
2977 626 3123 680 enim
3171 628 3440 699 malignos

83 699 252 762 τοὺς
285 701 351 752 δὲ
376 701 749 772 φοϐουμένους
778 704 870 756 τὸν
897 702 1104 772 Κύριον
1135 703 1396 768 δοξάζων,
1423 703 1653 769 πολλοὺς
1678 707 1718 760 ἐι

1845 709 2172 775 contemnit,
2228 712 2483 766 timentes
2566 729 2697 768 vero
2771 711 3062 771 Dominum
3132 718 3437 789 glorilicat,

89 792 412 861 πονηρίας
444 794 773 862 ἀποτρέπει.
807 797 1109 864 προτρέπει
1142 794 1197 847 δὲ
1228 794 1362 865 πρὸς
1398 795 1701 850 εύσέϐειαν.

1845 801 2041 856 multos
2070 817 2099 855 a
2142 803 2383 872 nequitia
2415 803 2634 868 avertit,
2666 815 2722 859 et
2755 804 2821 858 ad
2853 806 3109 875 pietatem
3141 812 3433 866 convertit.

717 883 864 935 ΨΛΛ
874 883 1017 935 ΜοΣ
1066 884 1168 938 1Ε’.

2373 892 2699 949 PSALMUS
2733 894 2852 949 XV.

193 990 217 1020 ι
256 970 479 1041 Κύριός
516 990 619 1042 μου
653 968 706 1026 εί
730 973 817 1028 σύ.
849 994 867 1026 ι

1911 980 2075 1039 Vens.
2100 981 2155 1039 2.
2189 1003 2207 1037 ‹
2235 984 2500 1041 Dominus
2533 1002 2687 1042 meus
2711 1002 2771 1043 es
2805 998 2885 1045 tu.
2916 1005 2936 1039 ι

204 1062 392 1133 Ὁρᾷς
438 1068 537 1134 τῆς
575 1066 905 1134 Ἐκκλησίας
955 1068 1056 1139 τὴν
1103 1069 1718 1144 εὐγνωμοσύνην.’ομοῐ

1869 1090 1888 1097 '
1909 1071 2074 1128 Vides
2104 1073 2361 1131 Ecclesiae
2391 1077 2777 1147 gratitudinem
2799 1095 2813 1135 :
2837 1080 2996 1133 simul
3021 1080 3166 1134 enim
3190 1090 3245 1135 et
3275 1096 3430 1137 suam

91 1152 233 1223 γὰρ
282 1154 389 1206 καὶ
429 1155 528 1225 τὴν
565 1156 766 1226 ἑαυτῆς
796 1160 1092 1228 πτωχείαν,
1126 1152 1223 1215 καὶ
1254 1161 1350 1214 τοῦ
1377 1163 1613 1234 νυμφίου
1643 1164 1718 1218 τοι

1845 1173 2231 1233 paupertatem,
2282 1173 2338 1220 et
2371 1166 2553 1235 sponsi
2595 1168 2813 1223 divitias
2846 1170 3089 1241 professa
3132 1180 3239 1227 est.
3278 1171 3431 1239 Dixi,

92 1245 374 1298 πλοῦτον
420 1244 793 1318 ὡμολόγησεν.
828 1245 999 1313 Εἷπα,
1036 1258 1195 1322 φησι,
1228 1252 1309 1318 τῷ
1336 1257 1552 1322 Κιξρίῳ,
1575 1274 1718 1312 τουτ-

1845 1256 2033 1326 inquit,
2066 1256 2294 1311 Domino
2327 1257 2404 1323 (id
2430 1267 2517 1312 est
2571 1257 2812 1331 Christo)
2842 1279 2857 1317 :
2885 1261 3141 1318 Dominus
3195 1280 3341 1318 metu
3377 1283 3432 1321 es

92 1338 242 1389 ἐστι
275 1338 365 1408 τῷ
410 1339 650 1410 Χριστῷ,
706 1343 923 1410 Κύριός
964 1362 1084 1413 μου
1113 1342 1173 1398 εἷ
1196 1348 1299 1403 σύ.
1330 1349 1445 1401 Οὐκ
1474 1347 1545 1416 εἷ,
1578 1352 1733 1422 φησὶ,

89 1433 282 1500 ψιλὸς
325 1434 636 1504 ἄνθρωπος,
670 1435 807 1487 ἀλλὰ
836 1435 1060 1505 Κύριος,
1087 1438 1275 1508 ἐπειδὴ
1302 1439 1495 1511 δούλην
1529 1442 1609 1505 είς
1634 1443 1737 1511 γά-

98 1542 227 1592 μου
279 1525 598 1590 κοινωνίαν,
632 1526 728 1579 καὶ
755 1526 854 1595 τὴν
881 1527 1188 1598 ἀπόϐλητον
1221 1530 1435 1593 ἔλαϐες.

194 1635 219 1667 c
255 1617 472 1687 Κύριος
505 1618 663 1687 μερὶς
703 1617 803 1688 τῆς
831 1618 1203 1690 κληρονομίας
1237 1638 1340 1691 μου
1378 1624 1473 1677 καὶ
1504 1623 1599 1677 τοῦ
1639 1642 1731 1678 πο-

92 1726 183 1778 τη
198 1708 333 1778 ρίου
365 1727 491 1778 μου.
529 1730 548 1761 ›

191 1800 597 1871 κληρονομίας
634 1801 787 1871 φησι,
824 1803 1072 1856 τουτέστι
1122 1803 1218 1856 τοῦ
1256 1808 1561 1877 μυστηρίου
1606 1809 1729 1862 τού-

1837 1356 1914 1400 tu.
1955 1346 2073 1401 Non
2099 1362 2178 1406 es.
2203 1347 2402 1416 inquit,
2428 1363 2601 1417 purus
2624 1348 2808 1414 homo,
2843 1353 2939 1407 scd
2995 1353 3301 1410 Dominus:
3350 1357 3425 1412 sl-

1833 1434 2054 1503 quidem
2090 1451 2304 1491 servam
2334 1437 2389 1490 in
2421 1452 2646 1492 uxorem
2672 1448 2729 1494 et
2758 1441 2961 1496 sociam
2984 1443 3210 1506 duxisti,
3242 1454 3298 1499 et
3347 1460 3427 1500 re-

1829 1526 2029 1594 jectam
2063 1526 2158 1581 tibi
2187 1529 2540 1597 conjunxisti.
3250 1552 3255 1555 ·

1902 1617 2067 1673 Vens.
2093 1619 2148 1674 5.
2186 1639 2204 1671 ι
2237 1619 2502 1675 Dominus
2530 1635 2659 1691 pars
2688 1620 3024 1675 haereditatis
3054 1637 3244 1676 mete.»

1901 1816 2246 1873 Haereditatis
2269 1818 2511 1888 (inquit),
2546 1819 2653 1874 hoc
2686 1828 2771 1875 est
2791 1819 3034 1891 mysterii
3060 1819 3248 1891 hujus.
3287 1819 3423 1877 Nam

100 1909 238 1944 του.
287 1892 675 1968 κληρονομίαν
706 1894 816 1963 γὰρ
848 1897 906 1947 ἐν
935 1894 1011 1965 τῷ
1040 1895 1197 1949 αἰῶνι
1229 1896 1404 1968 τούτῳ
1434 1901 1467 1969 ἡ
1502 1900 1718 1971 Ἐκκλη-

1845 1908 1889 1960 in
1920 1909 2172 1978 praesenti
2200 1911 2420 1974 saeculo,
2453 1921 2653 1980 praeter
2677 1913 2856 1966 solum
2892 1911 3087 1977 Deum,
3110 1927 3223 1965 non
3259 1912 3425 1967 habet

106 1986 214 2036 σία
267 1986 338 2037 ού
379 1985 673 2054 κέκτηται,
711 1988 852 2056 πλὴν
890 1987 1051 2055 μόνον
1085 1987 1174 2039 τὸν
1208 1988 1560 2053 Θεόν.”οστις
1591 1992 1727 2063 αὐτῇ

106 2077 213 2129 τὸν
248 2077 460 2148 κλῆρον
494 2077 821 2147 εύπρεπίζει
850 2078 942 2131 τὸν
973 2079 1257 2147 μέλλοντα,
1289 2081 1378 2134 διὰ
1404 2082 1565 2135 τοῦτο
1586 2085 1729 2136 εἰκό-

104 2188 231 2232 τως
274 2173 309 2223 ὁ
335 2171 518 2240 στίχος
550 2174 577 2224 ὀ
608 2172 874 2239 ἑπόμενος
926 2173 1290 2242 πρόσκειται·
1330 2193 1346 2225 t
1378 2173 1462 2228 Σὺ
1500 2172 1557 2230 εἷ
1577 2176 1729 2231 ἀπο-

108 2262 437 2315 κίιθιστῶν
470 2262 585 2328 τὴν
611 2264 1046 2331 κληρονομίαν.
1082 2283 1102 2316 ι

197 2372 220 2404 ι
263 2356 559 2425 Εὑλογήσω
582 2355 675 2408 τὸν
704 2354 929 2425 Κύριον.
962 2374 979 2405 ι

194 2446 433 2513 Εὐλογεί
460 2449 551 2501 τὸν
583 2447 771 2518 Θεὺνή
809 2447 1130 2519 Ἐκκλησία,
1165 2449 1244 2513 ὡς
1274 2450 1408 2521 παρ’
1431 2450 1600 2504 αὐτοῦ
1643 2451 1727 2504 δε-

116 2538 347 2606 ξαμένη
376 2539 484 2592 τῶν
514 2539 834 2609 μυστηρίων
859 2539 959 2608 τὴν
996 2539 1232 2604 σύνεσιν,
1264 2539 1360 2594 καὶ
1390 2540 1488 2610 τὴν
1514 2541 1726 2612 πλάνην

112 2631 236 2685 τῶν
273 2633 549 2685 Ἰουδαίων
579 2632 904 2685 summa.

202 2742 223 2773 ι
254 2720 615 2795 Προωρώμην
661 2726 755 2778 τὸν
805 2723 1012 2795 Κύριον
1053 2723 1287 2778 ἐνώπιόν
1339 2741 1445 2794 μου
1491 2725 1723 2779 διαπαν-

113 2812 241 2874 τός.
279 2831 298 2864 ι

196 2903 446 2972 Θεωρεῖς
468 2903 595 2956 Υίοῦ
623 2906 719 2958 καὶ
743 2905 956 2976 [ἰατρὸς
977 2906 1303 2977 ὁμοτιμίανς
1330 2906 1469 2960 Ποτὲ
1496 2906 1595 2978 μὲν
1615 2908 1723 2979 γὰρ

117 2996 151 3046 ὁ
182 2993 317 3053 Υἱὸς
355 2994 576 3046 ἑστάναι
606 2995 670 3046 ἐκ
702 2994 914 3061 δεξιῶν,
949 2995 981 3065 ἢ
1023 2995 1302 3064 καθῆσθαι
1334 2995 1556 3064 λέγεται
1578 3014 1592 3027 ο
1626 2996 1723 3050 νῦν

120 3085 184 3136 δὲ
218 3084 299 3154 τῷ
330 3084 502 3155 lla.sz
530 3085 622 3136 τὸν
653 3084 828 3149 δεξιὸν
857 3086 1022 3139 τόπον
1056 3086 1321 3156 ἀπονέμει
1342 3102 1356 3115 '
1405 3087 1493 3140 ἵνα
1542 3088 1721 3160 μάθῃς

1833 2000 2075 2057 Ecclesia
2101 2003 2495 2058 haereditatem.
2534 2003 2631 2057 Hic
2655 2004 2729 2057 illi
2754 2004 2997 2058 futuram
3049 2005 3423 2061 [nereditatem

1832 2104 2024 2163 parat:
2056 2103 2344 2166 propterea
2371 2097 2498 2150 huic
2541 2096 2812 2151 versiculo
2861 2112 3098 2166 sequens
3121 2097 3245 2166 jure
3267 2098 3422 2152 addi-

1832 2194 1924 2240 tur
1957 2205 1971 2241 :
2005 2204 2023 2237 ι
2048 2186 2119 2241 Tu
2142 2203 2194 2241 es
2214 2189 2306 2258 qui
2330 2188 2571 2241 restitues
2589 2189 2978 2242 Ittereditatem.
3008 2207 3028 2239 ι

1902 2368 2063 2423 Vens.
2091 2369 2143 2422 7.
2187 2387 2205 2420 ι
2232 2368 2558 2424 Benedicam
2595 2369 2910 2431 Dominum.
2944 2388 2963 2420 ι

1901 2461 2013 2516 Deo
2050 2463 2325 2517 benedicit
2354 2462 2619 2527 Ecclesia,
2649 2469 2711 2514 ut
2741 2476 2863 2529 quae
2891 2462 2960 2515 ab
2982 2461 3111 2531 ipso.
3128 2462 3417 2533 mysterio—

1828 2568 1948 2606 rum
1977 2554 2387 2625 intelligentiam
2415 2553 2708 2623 acceperit,
2747 2567 2812 2607 ac
2840 2553 3149 2608 Judarorum
3169 2569 3416 2609 errorem

1827 2645 2205 2702 declinaverit.

1902 2739 2060 2794 Vens.
2079 2742 2131 2794 8.
2157 2759 2176 2791 ι
2200 2739 2558 2795 Providebam
2580 2738 2868 2794 Dominum
2891 2737 2945 2792 in
2969 2746 3264 2808 conspectu
3289 2753 3421 2793 meo

2048 2874 2061 2887 .
2099 2851 2118 2883 ι

1828 2844 2066 2976 δρᾚξέἕε
2088 2922 2350 2991 aequalem
2379 2919 2499 2974 Filii
2532 2935 2656 2974 cum
2681 2918 2841 2974 Patre
2876 2918 3189 2990 dignitatem
3212 2919 3236 2972 ’Β
3264 2918 3414 2974 Non-

1823 3029 2101 3082 nunquam
2132 3013 2279 3067 enim
2321 3011 2491 3068 Filius
2516 3023 2659 3068 stare
2690 3029 2719 3067 a
2748 3012 2953 3068 dextris
2978 3019 3072 3065 aut
3110 3011 3303 3066 sedere
3330 3012 3415 3067 di-

1823 3105 2002 3170 citur;
2055 3120 2204 3161 nunc
2237 3121 2370 3160 vero
2404 3105 2549 3159 Patri
2610 3106 2863 3160 dextrum
2905 3104 3083 3158 locum
3124 3103 3411 3159 attribuit:

126 3175 265 3244 μίαν
291 3172 432 3227 εἶναι
456 3174 551 3226 τοῦ
583 3175 949 3244 Γεννηθέντος
975 3176 1071 3229 καλ⁵
1102 3178 1198 3228 τοῦ
1228 3176 1597 3245 Γεννήσαντος
1624 3178 1718 3230 δύ-

126 3286 296 3291 ημη--.
357 3267 508 3291 ,1--..ὶ
534 3267 630 3291 ..3η
661 3266 895 3291 ,μ---ηὶμ
937 3267 1023 3291 Ω-.ὶ.
1053 3267 1146 3291 __‘_,_
1185 3268 1356 3291 -.ι---μ
1400 3268 1694 3291 --Δι---------

1845 3203 1885 3247 ιι
1909 3194 2088 3250 discas
2116 3209 2279 3248 unam
2305 3209 2425 3250 esse
2453 3194 2633 3248 Geniti
2664 3204 2721 3249 et
2745 3193 3022 3249 Genitoris
3064 3201 3411 3263 potestatem,

120 3286 320 3336 ναμιν,
352 3267 514 3320 είκαὶ
534 3267 630 3320 νῦν
660 3266 897 3321 ταπεινὰ
935 3267 1025 3321 διὰ
1051 3267 1147 3338 τὴν
1180 3268 1361 3339 σάρκα
1395 3268 1719 3338 φθέγγεται.

698 3381 994 3435 ΨΑΛΜΟΣ
1031 3380 1147 3448 tq'.

200 3493 223 3524 ι
258 3472 667 3543 Θαυμάστωσον
695 3473 763 3524 τὰ
796 3471 924 3541 ἑλέη
953 3488 1045 3524 σου
1068 3511 1083 3534 ,
1111 3473 1141 3524 ὁ
1169 3469 1359 3537 σώζων
1393 3472 1521 3537 τοὺς
1564 3473 1720 3526 ἑλπί-

124 3563 327 3628 ζοντας
363 3564 456 3616 ἐπὶ
486 3563 566 3616 σέ.
601 3584 620 3615 ι

197 3656 339 3710 Ποῖα
369 3655 526 3723 διαϐή
539 3671 684 3723 ματα
714 3653 1146 3722 καταρτισθῆναι
1169 3655 1229 3707 ὲν
1252 3656 1374 3717 ταῖς
1400 3654 1609 3724 τρίϐοις
1626 3653 1721 3709 τοῦ

123 3748 266 3801 Θεοῦ
288 3790 301 3811 ,
343 3749 470 3800 ποῖα
504 3747 560 3800 δὲ
595 3746 670 3817 μὴ
708 3746 1039 3814 σαλευθῆναι
1074 3748 1102 3799 ὁ
1141 3748 1437 3817 Προφήτης
1464 3746 1718 3817 dixerat;

121 3841 471 3910 Διαὸήματα
516 3840 709 3912 πρῶτα
737 3841 805 3892 τὰ
850 3840 952 3909 τῆς
996 3839 1177 3909 ψυχῆς
1211 3841 1491 3910 κινήματα
1517 3841 1719 3911 κεκτή-

123 3933 309 4003 μεθα,
348 3934 441 3984 καὶ
469 3931 645 3986 ταῦτα
676 3929 1184 3999 καταρτισθῆναι,
1215 3932 1461 3983 τουτέστι
1492 3930 1721 4000 βεϐαιω-

119 4025 397 4093 θῆναι,ἐν
418 4024 546 4091 ταῖς
566 4026 788 4092 τρίϐοις
813 4023 906 4076 τοῦ
929 4022 1087 4088 Θεοῦ,
1115 4024 1173 4075 ὲν
1197 4026 1308 4086 τοῖς
1334 4023 1719 4094 προστάγμασι

117 4120 241 4179 τοῖς
270 4117 438 4179 θείοις
456 4112 709 4185 ’δηλονότι
731 4115 1117 4187 προσεύχεται.
1140 4114 1360 4168 Τούτων
1383 4114 1493 4186 γὰρ
1514 4132 1720 4186 καταρ-

113 4206 443 4272 τιεθέντων,
473 4208 594 4260 οὐδὲ
623 4207 690 4260 τὰ
721 4205 858 4260 ἄλλα
892 4206 1051 4276 ἡμῶν
1079 4206 1413 4278 διαδήματα,
1441 4209 1720 4260 τουτέστιν

118 4300 182 4352 αι
227 4298 479 4367 πράξεις,
510 4297 830 4352 σαλεύονται
852 4316 866 4330 ο
895 4297 1141 4369 ἁμαρτία
1172 4299 1282 4369 γὰρ
1314 4298 1456 4353 αὐτὰ
1486 4298 1718 4369 μοχλεύ-

119 4405 219 4441 σαι
254 4388 317 4440 ού
348 4388 591 4442 δύναται.

199 4497 222 4529 ι
256 4480 321 4532 Oi
349 4478 535 4550 ἐχθροί
568 4497 671 4550 μου
700 4477 798 4550 τὴν
823 4477 1005 4550 ψυχήν
1035 4496 1161 4550 μου.
1196 4496 1215 4530 ι

196 4666 479 4720 Κυκλοῦσι
524 4652 636 4738 γὰρ
664 4667 764 4739 τὴν
796 4667 974 4738 ψυχὴν
1006 4665 1164 4737 ἡμῶν
1191 4666 1240 4719 οἱ
1268 4665 1556 4735 δαίμονες,
1591 4664 1708 4731 καὶ,

120 4758 334 4829 θηρίων
346 4758 523 4828 δίκην,
544 4758 777 4821 ἕκαστος
801 4758 1212 4829 προσλαμϐάνει
1241 4754 1567 4822 παγιδεῦσαι
1589 4755 1714 4825 βου·

122 4849 377 4918 λόμενος.
406 4849 581 4919 Στέαρ
619 4848 676 4901 δὲ
702 4848 810 4901 τῶν
838 4850 1131 4920 δαιμόνων,
1154 4848 1248 4900 καὶ
1279 4847 1452 4918 τροφὴ
1481 4848 1710 4918 λιπαρὰ,

124 4942 177 4995 o’.
200 4941 633 5010 ἁμαρτάνοντες,
656 4939 748 5005 οὒς
779 4944 892 5003 ταῖς
918 4940 1130 5012 ἡδοναῖς
1155 4939 1548 5004 ἀπολαύοντας,
1571 4939 1712 4991 ὥστε

130 5032 329 5102 μηκέτι
364 5032 671 5101 διαφυγεῖν,
702 5031 1078 5101 συγκλείουσι.
1110 5031 1279 5085 Ποίαν
1324 5031 1382 5084 δὲ
1426 5032 1713 5103 ὑπερηφα-

126 5125 285 5191 νίαν;
336 5125 448 5193 Τὴν
482 5126 823 5179 ἀποστασίαν
855 5126 954 5196 τὴν
986 5125 1097 5180 ἀπὸ
1142 5123 1236 5177 τοῦ
1268 5123 1425 5191 Θεοῦ,
1462 5124 1560 5194 τὴν
1586 5126 1716 5177 ἀπι-

131 5217 285 5271 στίαν
330 5216 425 5269 τοῦ
477 5217 766 5287 μέλλοντος
794 5258 809 5284 ,
859 5219 955 5288 τῆς
1004 5216 1238 5287 κρίσεως
1287 5220 1386 5285 τὴν
1432 5215 1710 5285 ἀθέτησιν.

132 5310 315 5361 Ταῦτα
346 5310 453 5378 γὰρ
491 5311 540 5362 οἱ
574 5308 795 5378 θέμενοι
825 5311 1127 5381 ἁμαρτεῖν,
1159 5308 1285 5371 τοὺς
1315 5307 1714 5377 ἀπατωμένους

132 5398 555 5467 προτρέπονται.

207 5508 225 5541 ι
249 5490 556 5559 Ἀνάστηθι,
590 5492 786 5560 Κύριε.
820 5510 839 5543 ι

213 5582 513 5653 Ῥομφαίαν
552 5584 710 5638 καλεί
757 5583 852 5638 τοῦ
899 5583 1036 5636 Θεοῦ
1076 5582 1138 5636 τὸ
1169 5581 1398 5646 δίκαιον,
1436 5578 1713 5651 μαχαίρας

133 5674 284 5745 δίκην
336 5676 465 5739 ὅλας
512 5678 621 5746 ,τὰς
671 5676 781 5729 τῶν
832 5676 1107 5747 δαιμόνων
1169 5671 1507 5746 παρατάξεις
1552 5671 1711 5726 ἑκτέα

143 5783 357 5838 μνοντα.
491 5834 498 5841 ,

219 5877 239 5914 t
259 5859 690 5932 Ἐχορτόισθησαν
718 5860 872 5914 υἱῶν.
905 5878 925 5911 θ

1825 3286 2041 3341 tametsi
2068 3289 2178 3358 jam
2210 3295 2435 3358 propter
2477 3302 2698 3342 carnem
2728 3286 2952 3340 humilia
2979 3287 3249 3355 loquatur.

2366 3376 2687 3432 PSALMUS
2721 3362 2858 3431 x‘w.

1895 3464 2058 3521 Vens.
2099 3467 2150 3521 7.
2195 3484 2215 3519 ι
2244 3466 2468 3522 Miritica
2499 3467 2899 3523 misericordias
2929 3475 3072 3534 tuas,
3113 3465 3208 3536 qui
3234 3466 3417 3524 salvos

1822 3555 1956 3611 facis
1981 3564 2263 3627 sperantes
2290 3557 2348 3610 in
2378 3566 2448 3611 te.
2488 3575 2508 3607 ι

1896 3643 2175 3709 Quosnam
2211 3660 2434 3715 gressus
2478 3646 2537 3699 in
2593 3644 2688 3699 Dei
2733 3644 2947 3698 semitis
2986 3642 3174 3712 perﬁci
3201 3683 3217 3709 ,
3271 3658 3412 3713 quot.=

1822 3731 1952 3786 item
1987 3747 2096 3786 non
2139 3736 2471 3787 commoveri
2503 3734 2779 3803 Propheta
2819 3734 3019 3804 rogat?
3050 3732 3269 3787 Crassus
3296 3734 3411 3802 pri-

1822 3838 1942 3878 mos
1973 3825 2143 3879 animi
2171 3835 2355 3880 motus
2387 3834 2659 3890 tenemus,
2696 3838 2840 3894 quos
2889 3822 3071 3893 perﬁci
3094 3862 3109 3888 ,
3157 3823 3264 3876 hoc
3324 3829 3411 3876 est

1821 3919 2136 3974 conﬁrmari
2167 3921 2222 3974 in
2251 3922 2454 3974 semitis
2488 3922 2605 3985 Dei,
2661 3920 2765 3974 hoc
2814 3929 2899 3974 est
2927 3919 2981 3972 in
3009 3918 3214 3973 divinis
3246 3932 3408 3972 man-

1821 4010 1966 4067 datis
1989 4052 2005 4079 ,
2037 4022 2180 4067 orat.
2212 4012 2371 4079 Nam,
2411 4013 2479 4067 iis
2507 4012 2768 4067 stabilitis
2806 4026 2871 4065 ac
2902 4010 3181 4081 perfectis,
3213 4010 3406 4079 reliqui

1821 4118 2045 4174 gressus
2075 4104 2273 4168 nostri,
2323 4104 2429 4157 hoc
2451 4113 2534 4157 est
2567 4103 2835 4165 actiones,
2869 4117 2979 4156 non
3008 4108 3245 4155 nutant:
3276 4114 3406 4155 nam

1822 4204 2112 4265 peccatum
2147 4211 2250 4250 eos
2282 4195 2566 4249 dimovere
2602 4209 2711 4248 non
2742 4201 2942 4263 potest.

1892 4458 2052 4516 Vens.
2082 4461 2136 4517 9.
2192 4459 2452 4514 «Inimici
2498 4458 2610 4514 mei
2656 4458 2896 4513 animam
2940 4474 3118 4515 meam
3165 4460 3405 4516 circum-

1745 4566 1794 4625 ι)
1819 4552 2112 4610 dederunt.
2147 4572 2166 4604 ι

1891 4644 2248 4700 Circumdant
2276 4644 2423 4718 enim
2457 4644 2694 4698 animam
2731 4651 2978 4699 nostram
3021 4644 3318 4710 dzemones,
3347 4655 3405 4701 et

1819 4737 2059 4793 ferarum
2093 4752 2269 4805 more,
2308 4737 2539 4807 quilibet
2561 4752 2682 4791 eam
2708 4736 2927 4791 irretire
2968 4743 3163 4790 tentat.
3219 4737 3407 4808 Adeps

1818 4845 1949 4887 vero
1981 4830 2292 4884 daemonum
2318 4869 2333 4894 ,
2369 4838 2424 4884 et
2454 4844 2580 4884 esca
2610 4828 2829 4899 pinguis
2848 4867 2863 4892 ,
2900 4835 3030 4881 sunt
3059 4837 3401 4895 peccatores.

1819 4938 1957 4991 quos
1985 4921 2357 4991 voluptatibus
2380 4922 2676 4985 inescatos,
2721 4935 2792 4973 ne
2830 4919 3067 4989 amplius
3112 4918 3399 4991 eﬁ'ugiant,

1819 5012 2278 5069 circumcludunt.
2323 5013 2431 5068 Sed
2458 5012 2635 5083 qualis
2672 5012 2972 5083 superbia?
3012 5013 3300 5081 Apostasia
3346 5024 3403 5067 et

1817 5102 2052 5158 defectio
2082 5119 2111 5156 a
2144 5103 2277 5169 Deo,
2312 5103 2625 5157 futurorum
2654 5102 3037 5167 incredulitas,
3062 5102 3257 5173 judicii
3296 5119 3399 5158 ne-

1816 5196 1981 5267 gatio.
2014 5196 2096 5249 Ad
2134 5197 2251 5250 haec
2280 5197 2425 5251 enim
2466 5196 2503 5250 ii
2535 5196 2629 5266 qui
2664 5212 2897 5267 peccare
2921 5196 3138 5266 jubent,
3180 5209 3276 5250 eos
3305 5194 3399 5264 qui

1814 5298 1945 5343 sunt
1983 5287 2221 5358 decepti,
2246 5288 2632 5343 adhortantur.

1887 5482 2052 5539 Vens.
2088 5485 2174 5539 15.
2194 5503 2213 5535 ι
2241 5483 2505 5555 Exsurge,
2531 5484 2781 5539 Domine.
2804 5503 2823 5535 ι

1890 5575 2177 5632 Framcatn
2208 5578 2447 5648 appellat
2470 5577 2740 5647 justitiam
2769 5577 2890 5643 Dei,
2922 5575 3094 5631 instar
3117 5571 3280 5646 gladii
3310 5572 3397 5629 in-

1822 5678 1999 5740 tegras
2021 5669 2335 5723 daemonum
2369 5668 2517 5723 acies
2545 5665 2981 5722 exscindentetn.

1896 5848 2052 5907 Vens.
2087 5852 2176 5907 l5.
2222 5869 2241 5903 ι
2278 5852 2518 5909 Saturati
2551 5858 2681 5909 sunt
2706 5850 2851 5909 ﬁliis.
2892 5872 2912 5906 ι
