3892 6440
536 345 677 413 1137
1735 322 2102 390 HESYCHII
2140 321 2616 385 PRESBYTERI
3624 330 3720 395 “es

606 465 747 525 Non,
778 470 840 518 ut
864 458 1085 531 quidam
1113 463 1329 529 putant,
1352 448 1707 523 reprehendit
1730 447 1818 501 hic
1831 442 2116 499 Psalrnista

2186 474 2194 501 ι
2294 443 2428 513 Οὐχ,
2445 442 2521 506 ὥς
2534 460 2679 508 τινες
2699 444 3006 513 νομίζουσι,
3026 444 3086 497 τὸ
3102 442 3295 515 βρῶμα
3314 443 3531 498 ἐνταῦθα
3545 448 3569 499 ὁ
3582 448 3723 519 1Ψαλμ-

542 569 726 611 escam
761 552 997 607 filiorum
1032 550 1195 619 (nam
1243 561 1306 601 ea
1335 558 1456 613 quae
1486 541 1769 595 introeunt
1799 536 1854 590 in
1892 550 1977 598 os,
2006 548 2079 588 no

2225 537 2362 608 ῳδὸς
2402 537 2679 591 διαϐάλλει
2717 538 2828 592 τῶν
2893 537 3028 590 υίῶν
3063 537 3205 605 (οὐδὲ
3257 534 3366 607 γὰρ
3388 534 3455 589 τὰ
3481 538 3727 608 εἰσπορευό-

546 646 907 716 coinquinant
926 643 1204 698 hominem
1226 637 1294 710 7,)
1327 636 1426 692 sed
1452 636 1598 704 ipsos
1628 641 1688 687 ut
1713 630 1870 684 valde
1899 628 2083 681 insane

2230 646 2369 700 μενά
2395 632 2474 693 είς
2492 632 2553 684 τὸ
2572 631 2751 703 στόμα
2798 633 2970 685 κοινοῖ
2995 630 3087 683 τὸν
3115 629 3439 699 ἄνθρωπον).
3468 628 3567 682 ἀλλ’
3591 633 3728 697 aii-.55;

546 738 742 810 arguit,
768 736 933 807 quod,
959 750 1084 790 cum
1111 731 1389 802 copiosam
1428 742 1461 782 a
1489 725 1601 780 Deo
1649 722 1860 794 prolem
1890 732 2083 788 accepe

2225 722 2298 786 ὡς
2327 722 2447 775 λίαν
2470 722 2815 793 ἀγνώμονας,
2844 723 2928 777 ὅτι
2956 721 3128 775 τέκνα
3160 721 3267 773 άπὸ
3285 719 3418 772 Θεοῦ
3442 718 3731 790 λαμϐάνοντες

548 832 682 897 rint,
710 844 824 885 non
856 829 1110 882 virtutem
1143 824 1294 895 ipsis,
1340 821 1436 877 sed
1476 819 1697 875 malitiae
1723 831 1837 872 suae
1867 812 2085 884 reliquis

2227 817 2310 880 είς
2344 814 2574 887 πλῆθος,
2601 815 2702 869 οὐκ
2733 813 2937 887 ἀρετὴν
2965 814 3172 876 αὐτοῖς,
3200 811 3339 866 ἀλλὰ
3376 812 3647 866 κατάλοιπα
3670 821 3731 883 τῆς

548 936 648 992 pro
679 918 999 975 haereditate
1028 913 1440 983 dereliquerint.

2231 907 2443 963 ἑαυτῶν
2471 905 2669 971 κακίας
2698 906 2822 961 ἀντὶ
2852 904 3061 977 κλήρου
3093 903 3438 976 παρέδωκαν.

1080 1022 1403 1099 PSALMUS
1435 1021 1605 1078 xvu.

2795 1019 3096 1074 ΨΑΔΜΟΣ
3145 1019 3246 1072 IZ’.

624 1120 780 1178 Vens.
814 1120 911 1176 10.
946 1136 966 1171 ι
999 1117 1066 1171 Et
1094 1117 1381 1172 inclinavit
1402 1115 1593 1180 caelos,
1621 1122 1677 1169 et
1703 1109 2012 1168 descendit.
2040 1128 2059 1161 ι

1918 1109 2012 1165 dit.
2040 1128 2059 1161 ι
2308 1134 2327 1167 ι
2358 1105 2469 1169 καὶ
2491 1112 2704 1167 ἔκλινεν
2731 1112 3018 1181 οὐρανοὺς,
3052 1110 3149 1164 καὶ
3174 1108 3406 1179 κατέϐη.
3437 1126 3455 1161 ι

620 1212 905 1269 Inclinavit
943 1210 1116 1275 oculos,
1159 1219 1221 1263 ut
1252 1217 1454 1263 terram
1500 1206 1639 1262 coelo
1664 1204 2045 1273 coniungeret,
2078 1207 2135 1255 et

2307 1208 2586 1262 Ἕκλινεν
2608 1204 2908 1273 οὐρανοὺς
2925 1246 2940 1271 ,
2966 1205 3056 1258 ἵνα
3080 1205 3181 1272 τὴν
3206 1203 3313 1273 γῆν
3342 1201 3420 1272 τῷ
3451 1202 3641 1275 οὐρανῷ
3658 1222 3739 1258 συν-

552 1302 910 1358 lnferiorihus
938 1315 1064 1355 cum
1107 1296 1363 1368 supernis
1396 1293 1947 1351 communicationem
1992 1304 2089 1359 pra

2236 1300 2378 1372 ἅψῃ,
2406 1300 2505 1354 καὶ
2547 1300 2663 1362 τοῖς
2689 1299 2843 1352 κάτω
2870 1297 3008 1367 πρὸς
3038 1295 3109 1350 τὰ
3138 1295 3252 1349 ἄνω
3284 1295 3558 1349 κοινωνίαν
3576 1296 3739 1366 χαρίσηι

532 1395 730 1449 beret.
773 1390 887 1447 Hoc
914 1400 1100 1445 autem
1130 1388 1355 1444 minime
1389 1387 1593 1442 factum
1642 1384 1872 1447 fuisset,
1907 1380 2011 1436 nisi
2037 1380 2069 1435 d

2235 1410 2345 1448 ται.
2376 1394 2493 1446 Οὐκ
2525 1391 2593 1446 ἂν
2616 1390 2675 1445 δὲ
2704 1389 2866 1445 τοῦτο
2893 1389 3113 1458 ἐγένετο
3131 1428 3147 1454 ,
3178 1389 3227 1441 εί
3256 1386 3335 1459 μὴ
3364 1386 3590 1449 καταϐὰς
3613 1389 3738 1442 τοῦτον

552 1484 827 1538 scendens
853 1496 920 1536 eo
953 1495 1063 1551 quo
1092 1478 1298 1549 suscipi
1332 1484 1549 1548 poterat
1584 1475 1745 1531 modo
1772 1514 1788 1539 ,
1841 1472 1898 1527 in
1933 1479 2089 1526 terrai

2234 1485 2332 1539 τὸν
2371 1483 2597 1555 τρόπον,
2625 1483 2891 1555 ἐπεδήμει
2935 1484 3002 1553 τῇ
3044 1485 3139 1552 γῇ,
3170 1479 3298 1534 καθ’
3323 1478 3623 1556 δνιὴδὺνατο
3640 1479 3739 1549 δέχε-

552 1574 899 1639 advenisset;
949 1573 1161 1628 scilicet
1190 1572 1247 1626 in
1278 1585 1465 1636 carne,
1518 1584 1684 1639 quam
1725 1565 2006 1636 caliginem
2040 1579 2089 1617 si

2238 1578 2387 1644 σθαι,
2412 1576 2695 1632 τουτέστιν
2724 1577 2782 1631 ὲν
2811 1576 3000 1647 σαρκὶ,
3032 1576 3229 1647 ἥντινα
3276 1576 3503 1642 γνόφων
3530 1572 3630 1628 ὑπὸ
3652 1574 3740 1639 τοὺς

554 1667 777 1738 pedibus
814 1664 1131 1735 appellavit.

2241 1671 2433 1737 πόδας
2457 1669 2738 1724 ἐκάλεσε.

1048 1773 1372 1830 PSALMUS
1408 1771 1629 1828 xxxn.
2172 1786 2218 1846 η

2172 1786 2218 1846 Β
2804 1781 3101 1835 ΨΑΛΜΟΣ
3138 1778 3265 1834 ΛΒ¹.

635 1868 800 1924 Vens.
824 1867 878 1922 5.
924 1886 943 1918 ι
984 1863 1621 1936 Diligitmisericordiam
1649 1858 2011 1932 etjudicium.
2046 1875 2065 1908 ι

1867 1858 2011 1913 δίυπι·
2046 1875 2065 1908 ³
2318 1895 2338 1929 ι
2360 1876 2579 1947 Ἀγαπᾷ
2604 1873 2980 1945 ἐλεημοσύνην
3010 1871 3107 1927 καὶ
3139 1870 3351 1941 κρίσιν.
3384 1887 3404 1920 ι

624 1959 1052 2015 Misericordiam
1078 1965 1238 2012 vocat
1273 1955 1665 2026 benignitatem
1689 1992 1705 2017 ,
1739 1966 1903 2022 quam
1932 1947 2141 2020 judicio

2325 1967 2776 2035 Ἐλεημοσύνην
2801 1964 2902 2035 τὴν
2929 1961 3347 2030 φιλανθρωπίαν
3394 1958 3568 2027 λέγει,
3604 1959 3655 2029 ἦν
3684 1959 3739 2027 τῆς

555 2061 847 2123 propterea
864 2063 966 2120 pra
978 2048 1180 2119 posuit,
1202 2047 1349 2116 quod
1368 2046 1512 2100 Deus
1532 2045 1767 2115 primum
1785 2041 2092 2112 benignitati

2242 2057 2480 2128 κρίσεως
2511 2057 2600 2110 διὰ
2626 2054 2789 2109 τοῦτο
2819 2052 3143 2125 προέταξεν,
3186 2052 3316 2104 ἐπεὶ
3350 2050 3580 2120 προτέρῃ
3604 2052 3655 2119 τῇ
3674 2050 3740 2116 φιλ-

557 2158 624 2197 ac
658 2142 860 2198 deinde
884 2141 1096 2213 judicio
1124 2148 1309 2219 utatur
1336 2138 1391 2192 in
1419 2152 1515 2192 eos
1544 2136 1638 2206 qui
1669 2136 1726 2190 in
1757 2144 1985 2205 peccato
2022 2148 2094 2203 pe:

2244 2146 2532 2217 ανθρωπίᾳ
2563 2147 2592 2199 ὁ
2619 2144 2774 2211 Θεὸς,
2804 2144 2942 2214 μετὰ
2963 2142 3022 2196 δὲ
3052 2140 3229 2197 ταῦτα
3260 2142 3330 2209 τῇ
3360 2141 3534 2210 κρίσει
3558 2140 3738 2209 κέχρηται

557 2243 836 2289 δῦνεΐὸηιο
1944 2262 1955 2277 ο
2247 2240 2392 2293 κατὰ
2420 2239 2528 2292 τῶν
2560 2236 2967 2309 ἐπιμεινάντων
2999 2236 3066 2305 τῇ
3095 2233 3372 2304 ἁμαρτίᾳ.

633 2325 798 2380 Vens.
837 2326 890 2378 7.
936 2342 955 2375 ί
980 2322 1330 2394 Congregans
1359 2320 1501 2378 sicut
1536 2328 1713 2376 utrem
1740 2334 1931 2390 aquas.
1956 2337 1977 2373 ι

1740 2334 1931 2390 aquas.
1956 2337 1977 2373 ι
2323 2348 2341 2380 r
2375 2329 2632 2399 Συνάγων
2655 2328 2789 2381 ώσεὶ
2819 2326 2990 2381 ἀσκὸν
3023 2325 3216 2380 ὕδατα.
3250 2343 3269 2375 ι

628 2415 868 2485 Abyssos
894 2429 1023 2468 vero
1054 2412 1192 2466 dicit
1220 2428 1485 2481 aquarum
1517 2411 1947 2475 multitudinem,
1981 2422 2145 2478 quam

2328 2426 2628 2488 Ἀϐύσσους
2669 2423 2728 2477 δὲ
2768 2422 2839 2476 τά
2879 2422 3061 2492 πλήθη
3094 2419 3205 2473 τῶν
3236 2417 3453 2471 ὑδάτων
3488 2414 3635 2482 λέγει,
3660 2414 3740 2483 ᾶπερ

558 2508 617 2562 in
647 2507 849 2562 abditis
877 2506 981 2561 sub
1011 2514 1211 2559 terram
1255 2504 1393 2559 locis
1423 2504 1711 2559 collocavit
1734 2541 1751 2567 ,
1803 2512 1864 2558 ut
1894 2501 2058 2557 etiam
2090 2500 2095 2552 i

2248 2520 2307 2573 ὲν
2340 2517 2685 2590 ἁποκρύφοις
2731 2515 2839 2568 ὑπὸ
2885 2512 2985 2585 τὴν
3025 2513 3131 2580 γῆν
3170 2513 3200 2565 ὁ
3226 2507 3568 2580 Δημιουργδς
3607 2506 3741 2569 ἔταξεν,

558 2601 669 2655 hoc
696 2597 970 2669 sapientia
998 2596 1121 2666 ejus
1147 2595 1467 2650 admiranda
1492 2596 1564 2650 sit
1597 2613 1612 2648 :
1640 2594 1910 2665 siquidem
1937 2593 2088 2647 arida

2247 2609 2389 2663 ὥστε
2418 2606 2675 2662 καὶκατὰ
2695 2604 2853 2658 τοῦτο
2881 2603 2980 2673 τὴν
3010 2599 3177 2656 αὑτοῦ
3209 2601 3412 2669 σοφίαν
3445 2596 3741 2666 θαυμάζεσθαι.

558 2707 729 2761 super
767 2691 1056 2745 humidum
1089 2689 1378 2754 fundavit,
1425 2686 1716 2757 effecitque
1770 2697 1829 2741 ut
1875 2702 1908 2741 a
1945 2685 2095 2740 leviOI

2250 2702 2417 2754 Ὥστε
2450 2699 2549 2771 τὴν
2577 2698 2749 2771 ξηρὰν
2789 2698 2975 2751 ἐπάνω
3001 2694 3101 2764 τῆς
3128 2695 3311 2764 ὑγρᾶς
3343 2690 3667 2761 ὲθεμελίωσε,
3691 2689 3743 2740 καὶ

562 2783 782 2855 επινίοτ
813 2792 1145 2853 Ροτιθτθῑυτ·
2250 2795 2310 2848 τὸ
2359 2793 2498 2865 βαρὺ
2551 2793 2657 2846 ὑπὸ
2697 2789 2795 2845 τοῦ
2843 2787 3216 2862 ὲλαφροτέρου
3275 2784 3619 2857 βαστάζεσθαι
3650 2782 3746 2835 δέδω-

634 2961 800 3016 Vens.
831 2960 919 3016 I6.
966 2978 985 3013 ι
1021 2960 1142 3017 Non
1171 2961 1412 3016 salvator
1441 2976 1535 3015 rex
1576 2975 1673 3031 per
1709 2959 1935 3014 multam
1975 2959 2150 3014 virtu-

2117 2978 2150 3013 ι’
2252 2904 2287 2942 κ
2317 2904 2455 3033 Οὐ
2498 2977 2733 3041 σώζεται
2765 2974 3025 3046 βασιλεὺς
3050 2972 3139 3027 διὰ
3167 2970 3375 3043 πολλὴν
3403 2969 3654 3038 δύναμιν.ι

566 3064 698 3108 tum.
734 3071 754 3104 ι

634 3145 699 3200 In
744 3159 948 3200 vanum
977 3143 1146 3215 igitur
1183 3142 1433 3213 corporis
1480 3142 1650 3197 robur
1690 3142 1828 3197 adeo
1867 3157 2146 3208 curamus,

2210 3121 2224 3183 :
2327 3160 2492 3212 Ὥστε
2528 3156 2707 3228 μάτην
2741 3152 2843 3223 τῆς
2888 3149 2985 3204 τοῦ
3033 3148 3293 3220 σώματος
3329 3146 3510 3217 ἰσχύος
3545 3138 3747 3212 ἐπιμελού-

567 3249 778 3294 tcmere
810 3252 944 3292 vero
979 3236 1284 3306 potentiam
1322 3236 1390 3290 ab
1430 3234 1682 3291 amnibus
1702 3275 1717 3300 ,
1751 3235 1943 3291 amicis
1971 3246 2030 3289 et
2054 3250 2104 3304 pr

2258 3251 2421 3325 μεθα,
2458 3249 2582 3319 εἰκῆ
2633 3247 2692 3300 δὲ
2736 3245 2969 3314 δύναμιν
3007 3243 3224 3304 ἑαυτοῖς
3274 3239 3376 3310 τὴν
3407 3238 3511 3292 ἀπὸ
3539 3231 3746 3303 συγγενῶν.

567 3329 753 3386 cuniis
803 3328 905 3399 ipsi
964 3327 1120 3383 nobis
1150 3327 1542 3383 vindicamus:
1581 3343 1712 3382 nam
1760 3328 1899 3382 nihil
1951 3337 2104 3399 preeu

2255 3343 2352 3399 καὶ
2383 3341 2577 3411 φίλων,
2609 3339 2702 3392 καὶ
2731 3335 2966 3389 πλούτου
2997 3330 3411 3403 περιϐάλλομεν
3435 3346 3448 3359 ·
3481 3328 3614 3382 οὐδὲν
3634 3326 3750 3391 ἕτερον

567 3423 790 3477 ccelitus
815 3421 1044 3476 missum
1062 3421 1324 3475 auxilium
1342 3435 1567 3475 servare
1588 3436 1691 3476 nos
1712 3430 1914 3491 potest.
1949 3422 2104 3476 Exen

2255 3434 2366 3506 γὰρ
2398 3432 2570 3486 σῶσαι
2598 3429 2721 3499 δίχα
2753 3428 2853 3497 τῆς
2880 3424 3205 3495 συνεργείας
3240 3420 3343 3492 τῆς
3369 3418 3564 3475 ἄνωθεν
3587 3416 3747 3469 δύνατιι.

568 3513 720 3582 plum
752 3526 909 3565 sume
939 3526 971 3565 a
1000 3511 1219 3567 Goliath
1254 3521 1310 3565 et
1344 3528 1374 3566 a
1403 3511 1709 3567 Pharaone.
1744 3512 1841 3567 llle
1886 3513 2035 3567 enim
2076 3529 2105 3583 g

2268 3527 2609 3595 ’Υπόὸειγμα
2653 3522 2711 3575 δὲ
2754 3520 2848 3573 τὸν
2878 3517 3073 3571 reme
3106 3515 3202 3569 καὶ
3233 3515 3329 3568 τὸν
3355 3510 3545 3583 Φαραὼ
3570 3508 3747 3595 λάμϐανε]

569 3618 685 3673 gas.
702 3603 1119 3658 robustissimus
1150 3618 1274 3657 cum
1292 3612 1462 3669 esset,
1490 3620 1520 3658 a
1548 3604 1783 3674 simplici
1804 3619 1977 3675 puero
1990 3604 2106 3658 Davi

2270 3620 2329 3674 '0
2358 3619 2457 3689 μὲν
2485 3593 2648 3684 γίγας
2689 3613 2951 3682 ὑπάρχων
2977 3607 3352 3679 ίσχυρὸς,ἀπὸ
3375 3605 3466 3659 τοῦ
3487 3593 3750 3657 samem;

570 3693 733 3748 facile
765 3703 1058 3763 superatus
1114 3694 1264 3749 fuit:
1308 3696 1400 3750 hic
1449 3694 1706 3751 Israelem
1752 3695 1990 3750 maxima
2029 3710 2107 3750 cui

2259 3709 2552 3781 παιδαρίου
2589 3705 2908 3774 νενίκηταιθ
2947 3704 2976 3756 ὁ
3019 3702 3076 3754 δὲ
3116 3700 3257 3771 μετὰ
3307 3696 3539 3767 πλήθους
3575 3689 3750 3762 opm:

569 3801 734 3839 ruum
784 3794 841 3839 et
887 3801 1157 3855 equorum
1202 3787 1556 3842 multitudine
1587 3798 1954 3857 persecutus,
2007 3802 2106 3842 mal

2078 3801 2159 3842 πθ
2258 3802 2352 3855 τὸν
2381 3796 2603 3870 Ἰσραὴλ
2628 3794 2829 3860 διώξας
2857 3792 3031 3861 τάφον
3062 3789 3189 3861 ἔσχε
3217 3789 3320 3860 τὴν
3343 3787 3615 3843 θάλασσαν.

571 3877 765 3933 habuit
793 3892 892 3946 pro
918 3878 1191 3948 sepulcro.

1066 3988 1192 4043 PSA
1202 3987 1389 4046 LMUS
1426 3988 1673 4045 XXXIII.

2825 3988 3122 4043 ΨΑΛΜΟΣ
3158 3986 3284 4039 AI".

646 4077 809 4133 Vens.
838 4077 927 4132 12.
969 4097 990 4130 ι
1020 4076 1236 4145 Venite,
1265 4080 1382 4145 tilii,
1412 4080 1597 4135 audite
1625 4095 1734 4135 me.
1760 4099 1781 4133 ι

2341 4106 2360 4139 ι
2390 4084 2578 4151 Δεῦτε,
2619 4083 2812 4149 τέκνα,
2843 4077 3116 4135 ἀκούσατέ
3148 4095 3277 4148 μου.
3307 4095 3325 4129 ι

649 4170 831 4225 Venite
859 4168 1014 4232 dicit,
1052 4176 1164 4223 tam
1215 4169 1282 4224 iis
1311 4170 1405 4240 qui
1437 4185 1609 4240 prope
1650 4179 1821 4235 sunt,
1880 4186 2045 4242 quam
2094 4171 2162 4226 iis

2335 4179 2537 4245 Δεῦτε,
2568 4177 2720 4245 λέγει
2743 4176 2857 4239 τοῖς
2893 4173 3085 4242 ἐγγὺς,
3118 4170 3353 4232 καὶτοῖς
3378 4162 3646 4238 πόρρωθεν,
3671 4154 3749 4210 No!

575 4262 672 4333 qui
701 4260 894 4331 procul
951 4261 1196 4323 absunt,
1275 4269 1339 4314 ut
1403 4260 1458 4314 hi
1522 4260 1745 4330 quidem
1799 4261 1894 4330 qui
1962 4277 2112 4317 remo

2268 4276 2367 4347 μὲν
2400 4273 2620 4345 μακρὰν
2648 4271 2972 4340 ὲγγίσωσιν,
2995 4267 3047 4322 οί
3067 4266 3125 4319 δὲ
3147 4265 3317 4335 ἐγγὺς
3344 4261 3613 4332 ἐγγύτερον
3630 4254 3750 4347 Timr:

578 4363 742 4421 sunt,
806 4352 1033 4424 propius
1084 4349 1388 4418 accedant;
1472 4351 1551 4406 illi
1615 4366 1745 4406 vero
1806 4367 1872 4407 ex
1933 4352 2115 4423 pr‘opir

2268 4338 2379 4430 ται,
2401 4338 2659 4435 ’ὑπακοὴν
2791 4360 2966 4432 πατρὶ
2993 4358 3072 4430 τῷ
3092 4356 3212 4429 Θεῷ
3243 4351 3680 4428 προσκομίζοντες,
3700 4338 3751 4435 κξὶ

578 4446 726 4517 quis,
761 4443 1180 4515 propinquiores
1215 4442 1368 4505 fiant,
1406 4442 1517 4498 Deo
1550 4450 1813 4513 tanquam
1855 4444 1993 4513 patri
2026 4440 2115 4500 obt

2214 4453 2232 4509 3
2274 4460 2436 4530 φόϐον
2476 4431 2627 4511 θεῖον
2660 4453 2989 4527 διδαχθῶσιν
3007 4494 3023 4518 ,
3057 4448 3383 4520 ἀπαλλαγὴν
3422 4446 3512 4500 τοῦ
3544 4440 3674 4512 φόϐου

580 4537 833 4593 dientes.
894 4542 950 4589 et
998 4532 1242 4588 divinum
1300 4533 1550 4587 timorem
1602 4534 1942 4601 doceantur,
1997 4534 2091 4604 qui

2272 4526 2544 4622 δαιμόνων
2574 4548 2909 4620 παρέχοντα,
2936 4545 3061 4600 ὅθεν
3101 4542 3386 4614 ἐπιφέρει·
3418 4539 3591 4594 Φόϐον
3614 4526 3751 4596 Kt’ﬁm

581 4631 896 4685 daemonum
916 4634 1128 4682 terrore
1155 4625 1368 4681 liberat.
1393 4625 1553 4682 Unde
1575 4626 1886 4698 subjungit:
1908 4626 2118 4681 Timore

1155 4625 1368 4681 liberat.
1393 4625 1553 4682 Unde
1575 4626 1886 4698 subjungit:
1908 4626 2167 4682 Timorem
2270 4641 2495 4709 διδάξω
2516 4639 2692 4711 ὑμᾶς,

583 4721 795 4777 Domini
824 4720 1014 4776 docebo
1035 4735 1148 4773 vos.

1039 4832 1368 4890 PSALMUS
1409 4832 1655 4888 XXXIV.

2839 4832 3138 4888 ΨΑΛΜΟΣ
3176 4831 3299 4886 AA’.

660 4945 680 4979 ι
714 4924 965 4979 Psalmus
994 4923 1096 4995 ipsi
1130 4925 1323 4980 David.
1360 4943 1379 4976 ι

2337 4943 2376 4985 ἰ
2405 4929 2638 5000 Ψαλμδς
2669 4928 2748 4998 τῷ
2779 4926 2965 4983 Δαϐίδ.
2995 4945 3014 4978 ι

654 5017 856 5087 Aperta
891 4989 1111 5086 quid-em
1163 5023 1247 5070 est
1292 5016 1487 5086 psalmi
1517 5016 1686 5089 hujus
1712 5018 2001 5089 inscriptio
2030 5035 2045 5073 :
2072 5017 2169 5072 sed

2353 5024 2501 5094 Δήλη
2537 4989 2647 5092 ’μὲν
2697 4989 2731 5089 ii
2775 5016 3060 5090 ὲπιγρσιιρὴ
3093 5016 3191 5070 τοῦ
3220 5009 3465 5084 ψαλμοῦ’
3495 5007 3566 5069 είς
3590 4989 3746 5094 Δῗθῖδᾶ

582 5111 640 5166 in
702 5086 967 5163 Davidem
1018 5108 1180 5163 simul
1235 5108 1533 5178 spiritalem
1575 5086 1865 5166 referenda
1888 5086 2024 5176 est,
2076 5126 2119 5180 «ιι

2282 5086 2432 5187 ὅμως
2460 5086 2562 5166 τθν⁷
2585 5086 2778 5182 νοητδν
2806 5086 3163 5180 ἀναφέρεται,
3185 5107 3246 5171 ὃς
3273 5106 3369 5159 καὶ
3399 5092 3661 5187 προσευχῆς
3678 5086 3749 5137 ὑπθ⁶

583 5200 752 5255 etiam
789 5197 961 5253 verba
994 5197 1326 5269 preCationis
1348 5196 1569 5265 format,
1606 5216 1728 5270 quae
1764 5215 1876 5281 non
1909 5199 2120 5255 divinit:

2284 5183 2531 5278 κρίνεται
2587 5206 2829 5274 ῥήματα,
2860 5203 2923 5255 οὐ
2956 5204 3021 5271 τῇ
3056 5199 3187 5271 ἀξίᾳ
3227 5197 3400 5270 ταύτῃ
3438 5191 3530 5261 τῆς
3567 5183 3746 5281 θεότητος.

587 5291 658 5345 tis
687 5289 900 5343 ratione
924 5327 941 5352 ,
995 5263 1093 5343 sed
1142 5298 1437 5359 assumpta:
1467 5263 1649 5346 carnis
1678 5263 1987 5345 humilitate
2019 5294 2124 5346 (est

2287 5263 2425 5351 ἀλλὰ
2451 5297 2518 5367 τῇ
2548 5263 2875 5346 ταπεινώσει
2903 5263 3021 5362 cile"
3034 5263 3132 5344 ἀνθ
3141 5263 3448 5361 ρωπότηέδς
3469 5263 3748 5369 προεξήξείηὶίθ

587 5380 787 5435 manda
818 5389 967 5435 sunt.
993 5379 1137 5461 .Cum
1163 5380 1311 5434 enim
1343 5382 1699 5451 semetipsum
1723 5390 2004 5452 assumpta
2026 5397 2124 5437 ser‘

2288 5353 2561 5456 γίζεσθᾶι.
2588 5382 2651 5435 Εἰ
2685 5380 2795 5451 γὰρ
2821 5353 3194 5434 ἐταπείνωσεν
3224 5353 3410 5431 ἑαυτὸν
3442 5364 3621 5442 μορφὴν
3634 5353 3744 5461 ww

587 5470 764 5526 forma
807 5459 1178 5526 hnmiliaverit
1200 5511 1215 5536 ,
1250 5487 1359 5525 non
1392 5473 1492 5527 abs
1526 5486 1586 5527 re
1616 5473 1891 5543 passionis
1924 5482 2124 5545 tempon

2287 5475 2493 5541 λαϐὼν,
2526 5473 2757 5535 εἰκότως
2782 5473 2841 5526 ὲν
2878 5470 2960 5542 τῷ
2994 5470 3176 5542 καιρῷ
3207 5467 3301 5522 τοῦ
3333 5464 3519 5524 “eo”;

589 5572 710 5619 orat
762 5570 818 5617 et
847 5578 956 5617 una
992 5562 1046 5617 in
1077 5563 1468 5621 afflictionibus
1489 5534 1805 5622 constitutis
1831 5566 2020 5622 orandi
2041 5534 2126 5622 Ἰο]

2285 5587 2399 5633 ται,
2432 5534 2568 5639 ὁμοῦ
2617 5566 2712 5620 καὶ
2763 5534 3166 5637 προσεύχεσθαι
3215 5560 3468 5616 διδάσκων
3495 5557 3543 5608 ὲν
3573 5547 3662 5607 ταῖς
3680 5534 3745 5590 θλί⁸

593 5669 735 5709 mam
770 5656 1095 5724 praescribit.

893 5656 1095 5712 scribit.
2284 5658 2430 5733 ψεσι.

662 5789 683 5822 ⁷
707 5789 896 5845 Matth.
930 5809 1016 5859 xv,
1048 5793 1104 5848 ll
1134 5812 1149 5860 ;
1176 5792 1342 5849 Marc.
1369 5811 1468 5863 vn,
1498 5795 1585 5850 15.
