3892 6394
89 324 227 389 1189

163 457 185 490 α
211 437 463 498 Δίκασον,
493 434 688 503 Κύριε.
725 450 742 482 ι

154 527 292 590 Τοὺς
328 527 425 596 μὲν
457 522 779 584 ἀδικοῦντας
812 519 1104 582 Ἰουδαίους
1137 517 1309 587 λέγει,
1337 516 1604 587 δαίμονας
1623 515 1680 568 δὲ

1234 313 1705 376 FRAGMENTA
1748 313 1831 372 ΙΝ
1871 311 2235 374 PSALMOS.

1711 435 1753 486 Λ
1856 420 2020 478 Vens.
2060 424 2111 479 l.
2162 441 2179 474 ι
2203 422 2421 486 Judica,
2459 421 2711 476 Domine.
2742 440 2761 471 ι

3230 307 3366 371 1190

1853 514 2126 571 Nocentes
2143 514 2363 585 quidem
2393 514 2612 569 Judaeos
2629 513 2912 584 intelligit;
2933 513 3214 567 daemones
3237 526 3369 569 vero

85 621 210 682 τοὺς
232 615 607 687 πολεμοῦντας
626 631 641 642 ·
671 613 872 675 οἵτινες
900 612 966 664 δι’
988 611 1139 682 ἡμᾶς
1170 609 1263 663 τὸν
1280 607 1519 679 Χριστὸν
1550 607 1681 659 ὲπο-

1820 615 2163 679 ppuguantes
2184 645 2198 668 ,
2240 606 2334 676 qui
2383 614 2611 677 propter
2636 620 2738 659 nos
2763 603 3044 658 Christum
3083 615 3370 673 oppugna-

87 711 144 764 λέ
154 726 353 781 μησαν.
379 707 619 770 Τούτους
647 704 1048 776 πολεμηθῆναι,
1080 703 1333 757 τουτέστι
1394 716 1679 773 καταργη-

90 804 269 877 θῆναι,
301 801 578 872 βούλεται..

167 914 188 948 ι
206 894 442 947 Ἐλθέτω
471 889 621 961 αὑτῷ
646 888 814 958 παγὶς
844 888 911 961 ἣν
938 887 999 942 οὐ
1027 887 1307 956 γινώσκει.
1341 906 1360 938 ι

159 990 256 1052 Et;
291 987 495 1041 Ἰούδαν
519 986 613 1039 τὸν
647 984 920 1056 προδότην
945 981 1125 1045 τοῦτο,
1153 979 1291 1034 ἀλλὰ
1325 979 1433 1051 μὴν
1478 977 1572 1031 καὶ¹
1603 978 1685 1041 εἰς

87 1082 183 1135 τὸν
210 1081 340 1136 λαὸν
365 1080 475 1132 τῶν
508 1077 806 1141 Ἰουδαίων,
829 1075 910 1129 ἔτι
937 1075 995 1127 δὲ
1023 1076 1119 1127 καὶ
1151 1076 1231 1137 είς
1260 1072 1425 1125 αὑτὸν
1453 1070 1546 1124 τὸν
1572 1069 1686 1123 διάη

92 1175 255 1228 σολον
288 1173 527 1244 εἴρηται.
544 1172 603 1224 ’0
629 1170 728 1241 μὲν
751 1170 861 1239 γὰρ
894 1165 1095 1229 Ἰούδας
1124 1167 1205 1229 εἰς
1231 1164 1328 1236 τὴν
1362 1162 1563 1231 παγίδα
1587 1162 1688 1232 τῆς

92 1267 340 1337 ἀγχόνης
370 1266 628 1318 ἐνέπεσεν
648 1279 662 1293 ’
716 1263 747 1314 ό
793 1261 851 1314 δὲ
878 1260 1010 1314 λαὸς
1037 1260 1146 1312 τῶν
1183 1257 1479 1323 Ἰουδαίων,
1512 1271 1687 1323 παγι-

87 1357 272 1409 δεύειν
303 1354 554 1424 νομίσας,
578 1349 951 1419 παγιδεύεται,
985 1347 1078 1401 καὶ
1103 1346 1208 1399 ὑπὸ
1238 1345 1337 1415 τὴν
1367 1342 1533 1398 αὐτοῦ
1559 1359 1688 1395 συν-

85 1449 306 1520 ελήφθη
344 1447 538 1517 θήραν.
572 1441 851 1503 Ὡσαύτως
879 1443 908 1494 ό
939 1438 1208 1503 διάϐολος,
1240 1435 1337 1507 τὴν
1369 1435 1575 1504 παγίδα
1593 1433 1688 1487 τοῦ

87 1538 336 1609 σταυροῦ
367 1537 696 1609 μελετήσας,
729 1533 818 1586 διὰ
847 1531 942 1585 τοῦ
977 1529 1217 1600 σταυροῦ
1243 1528 1344 1599 τῆς
1372 1526 1567 1580 ἑαυτοῦ
1593 1525 1691 1595 βαι

84 1631 302 1694 σιλείας
335 1629 421 1697 ἑξέ
430 1644 616 1682 πεσεν.

167 1740 190 1773 ιι
214 1717 671 1774 Ἀνταπεδίδοσάν
709 1734 802 1785 μοι
847 1713 1085 1785 πονηρά.
1116 1732 1134 1765 ι

1781 700 1934 755 bant.
1975 699 2084 754 Hos
2107 701 2428 771 expugnari,
2468 700 2572 753 hoc
2596 707 2679 753 est
2707 738 2721 765 ,
2763 712 2956 753 eorum
2986 704 3217 751 conatus
3244 691 3339 747 irri

1785 798 1871 846 tos
1903 789 2020 844 ﬁeri
2051 790 2221 860 cupit.

1853 877 2024 934 Vens.
2058 879 2112 934 8.
2161 897 2180 930 ι
2219 879 2416 934 Veniat
2446 879 2523 933 illi
2554 879 2781 950 laqueus
2805 892 2968 949 quem
2999 876 3235 948 ignorat.
3274 894 3296 928 ι

1858 969 1915 1023 In
1944 967 2138 1025 Judam
2179 970 2512 1040 proditorem
2536 1009 2552 1035 ,
2600 984 2815 1023 necnon
2878 968 2934 1021 in
2968 965 3231 1037 populum
3274 963 3372 1020 Ju-

1787 1059 2052 1126 dazorum,
2074 1069 2236 1130 atque
2259 1062 2487 1131 insuper
2512 1062 2567 1115 in
2598 1059 2877 1115 diabolum
2907 1058 3107 1129 ipsum,
3146 1057 3250 1111 hoc
3287 1057 3373 1112 di-

1789 1160 1937 1204 ctum
1964 1159 2069 1205 est.
2109 1150 2246 1205 Nam
2266 1149 2675 1222 Judasquidem
2709 1152 2765 1206 in
2795 1153 3050 1222 laqueum
3082 1152 3206 1209 colli
3237 1151 3373 1205 inci-

1790 1243 1871 1297 dit
1899 1261 1912 1297 :
1952 1243 2185 1312 populus
2213 1258 2345 1297 vero
2373 1243 2707 1310 Judaaorum,
2732 1259 2859 1299 cum
2888 1244 3183 1313 illaqueare
3212 1252 3373 1313 puta-

1791 1343 1896 1399 ret,
1923 1334 2271 1404 illaqueatur,
2297 1345 2351 1390 et
2375 1350 2471 1389 sua
2494 1335 2667 1405 ipsius
2699 1344 2924 1406 captura
2946 1335 3374 1407 comprehensus

1792 1434 1895 1481 est.
1926 1425 2193 1480 Similiter
2212 1441 2432 1496 quoque
2460 1426 2730 1491 diabolus,
2761 1441 2888 1480 cum
2917 1427 3171 1496 laqueum
3193 1425 3374 1481 crucis

1793 1517 2178 1589 excogitasset,
2206 1530 2306 1587 per
2330 1531 2551 1572 crucem
2573 1531 2743 1588 regno
2770 1530 2872 1571 suo
2906 1515 3126 1571 excidit.

1866 1699 2032 1757 Vens.
2062 1700 2152 1755 12.
2198 1718 2217 1752 ι
2247 1697 2647 1754 Retribneliant
2679 1696 2813 1751 mihi
2856 1695 3020 1767 mala.
3049 1713 3069 1747 ι

182 1810 398 1882 Ἑαυτῷ
424 1809 534 1882 γὰρ
559 1809 660 1881 τὴν
692 1779 803 1861 τῶν
830 1779 1103 1859 Ἰουδαίων
1124 1802 1432 1874 ἀκαρπίαν,
1452 1798 1528 1865 ὡς
1548 1799 1693 1853 οίκο-

1862 1792 2178 1848 Judaeorum
2210 1790 2356 1844 enim
2383 1788 2728 1843 sterilitatem
2763 1786 2869 1842 sibi
2921 1786 3025 1857 ipsi
3048 1785 3375 1851 ascribebat,

88 1903 366 1973 δεσπότης
392 1903 486 1954 καὶ
511 1899 785 1971 γεωργὸς,
817 1897 1117 1965 ἐλογίζετο.

172 2015 192 2048 α
218 1997 309 2059 Ὠς
336 1993 589 2064 πλησίον,
624 1991 721 2046 καὶ
749 1991 823 2054 ὡς
852 1989 1102 2059 ἀδελφόν.
1138 2006 1156 2039 ι

1796 1895 2054 1955 tanquam
2086 1882 2479 1954 paterfamilias
2506 1890 2562 1936 et
2587 1881 2842 1953 agricola.

1868 1978 2036 2032 Vens.
2065 1974 2152 2031 14.
2202 1994 2220 2026 ι
2251 1973 2418 2040 Quasi
2450 1973 2783 2044 proximum,
2815 1981 2870 2028 et
2899 1972 3056 2042 quasi
3079 1971 3321 2026 fratrem.
3355 1988 3374 2022 ι

1863 2065 2139 2121 Aﬂ‘ectum
2167 2065 2222 2119 in
2242 2065 2268 2120 J
2278 2068 2438 2119 udam
2460 2064 2718 2130 ostendit,
2751 2074 2812 2119 ut
2838 2064 3016 2119 eidem
3040 2063 3380 2132 marsupium

166 2089 285 2158 Τὴν
318 2089 453 2155 πρὸς
479 2084 570 2138 τὸν
606 2082 810 2136 Ἰούδαν
843 2082 994 2151 λέγει
1024 2077 1393 2150 συμπάθειαν,
1425 2076 1575 2139 ὅπως
1598 2074 1697 2127 αὑ-

92 2178 175 2249 τῷ
209 2178 305 2231 καὶ
330 2177 390 2229 τὸ
410 2175 803 2245 γλωσσόκομον
834 2170 1150 2242 βαστάζειν,
1182 2170 1277 2224 καὶ
1306 2168 1467 2238 μόνον
1492 2163 1698 2235 συμϐά-

94 2288 258 2324 πτειν
299 2269 379 2333 είς
413 2266 669 2338 τρυϐλίον
707 2264 1034 2335 ἐπέτρεψεν,
1066 2262 1142 2325 ὡς
1172 2260 1402 2329 ἀδελφὸν
1431 2258 1528 2312 καὶ
1557 2257 1696 2327 πλη-

96 2365 239 2418 σίον.
267 2361 521 2430 Ἆδελφός
556 2357 892 2430 εὐαρεστῶν,
934 2355 1217 2409 τουτέστιν
1247 2353 1498 2424 ἀρέσκων
1524 2349 1693 2420 αὐτῷ,

93 2458 195 2509 καὶ
220 2452 402 2516 καλῶς
427 2455 486 2505 ὲν
513 2450 687 2504 ama
718 2447 1022 2521 χρώμενος.

179 2565 199 2599 ι
242 2543 573 2615 Ἐπείρασάν
628 2559 737 2613 με,
793 2537 1238 2611 ὲξεμυκτήρισάν
1293 2553 1363 2607 με
1423 2551 1695 2607 μυκτηρι-

97 2640 247 2713 σμῷ.
285 2658 303 2691 ι

1817 2616 2253 2672 subsannatione.
2292 2634 2311 2667 ›

175 2703 341 2797 'lcw;
378 2732 476 2803 μὲν
503 2732 601 2784 καὶ
628 2729 757 2792 τοὺς
790 2727 1012 2790 ὀδόντας
1038 2723 1097 2789 ἐξ
1125 2722 1695 2794 ὼμότητος,ἔ6ρυχον,

1874 2709 2146 2765 Fortassis
2174 2710 2338 2764 etiam
2366 2724 2429 2764 ex
2463 2707 2802 2761 immanitate
2840 2706 3095 2762 dentibus
3120 2703 3381 2759 frenduc—

108 2794 403 2899 μονονουχὶ
459 2821 736 2893 μάσασθαι
785 2819 877 2872 τὸν
922 2816 1130 2889 Ἰησοῦν
1176 2814 1516 2886 βουλόμενοι.
1554 2814 1695 2899 Πλὴν

1817 2811 1953 2866 runt,
1987 2809 2315 2856 tantumnon
2349 2800 2535 2856 Jesum
2596 2798 2859 2852 mandere
2906 2797 3173 2851 volentes.
3209 2794 3385 2850 Caue-

102 2892 380 2991 épuypb;
405 2892 636 2968 ὀδόντων
680 2913 776 2966 καὶ
819 2913 853 2977 ἡ
887 2911 1058 2964 κακία
1088 2910 1121 2980 ἠ
1148 2909 1207 2961 ὲν
1247 2908 1427 2976 λόγοις
1458 2896 1695 2974 λέγεται.

1817 2914 1926 2951 rum
1950 2897 2154 2952 stridor
2184 2895 2432 2949 dentium
2465 2893 2631 2948 etiam
2656 2892 2859 2947 malitia
2894 2905 3211 2947 sermonum
3239 2904 3384 2943 nun-

231 2982 466 3080 ‘l‘Iatépat
496 3002 591 3060 οὖν
618 3005 872 3059 ἐϐούλετο
899 3003 1156 3075 μάρτυρα
1184 3000 1328 3055 κατὰ
1353 2999 1462 3051 τῶν
1493 2998 1573 3061 είς
1604 2998 1695 3050 αὑ-

1817 2998 2058 3059 :upatur.
2091 2986 2232 3042 Hinc
2272 2986 2487 3039 Patrem
2519 2993 2712 3038 testem
2767 2982 2986 3038 volebat
3037 2995 3162 3036 esse
3196 2989 3385 3034 contra

96 3106 196 3158 τὸν
227 3069 443 3173 βλασιέη
454 3098 701 3170 μούντων
722 3069 1006 3167 ἐσόμενον..
1021 3069 1185 3148 Ὅθεν
1203 3090 1459 3162 ἐπιφέρει
1472 3108 1484 3120 ο
1501 3090 1695 3158 Κύριε,

1817 3095 1901 3133 ros
1929 3078 2021 3148 qui
2048 3078 2313 3131 adversus
2342 3074 2520 3143 ipsum
2552 3073 3032 3143 blasphemabant.
3064 3070 3224 3127 Unde
3251 3069 3386 3125 sub-

1797 3169 1984 3240 jungit
2007 3186 2021 3223 :
2052 3168 2293 3234 Domine,
2330 3168 2544 3239 quando
2568 3165 2816 3234 respicies
2833 3165 2858 3217 ?

2296 3279 2619 3339 PSALMUS
2646 3277 2863 3333 XXXV.

1875 3373 2043 3431 Vens.
2072 3374 2128 3429 2.
2172 3393 2190 3426 ι
2219 3374 2366 3428 Dixit
2391 3373 2628 3443 injustus
2662 3379 2723 3425 ut
2748 3368 3049 3438 delinquat.
3080 3385 3101 3419 ι

1874 3465 1996 3520 Non
2041 3465 2364 3536 simpliciter
2397 3465 2688 3533 injustum,
2713 3461 2810 3515 sed
2840 3459 3179 3531 hypocritam
3208 3464 3265 3511 et
3293 3455 3392 3511 do-

1805 3559 1983 3613 losum
2027 3556 2115 3611 hic
2143 3555 2389 3626 psalmus
2412 3553 2695 3625 proponit,
2724 3567 2853 3606 eum
2887 3549 3099 3605 scilicet
3129 3548 3223 3619 qui
3256 3548 3393 3603 mul-

1808 3659 1924 3705 tum
1984 3648 2040 3702 in
2090 3646 2271 3701 anima
2326 3644 2629 3716 iniquitatis
2682 3658 2902 3717 omnum
2952 3642 3275 3705 contineat;
3336 3646 3394 3693 et

1807 3740 2013 3796 ideirco
2040 3737 2249 3794 inducit
2286 3737 2558 3792 dicentem
2594 3736 2650 3790 in
2680 3732 2996 3803 semetipso,
3038 3732 3185 3800 quod
3213 3731 3392 3785 delin-

1807 3848 1977 3905 quere
2001 3839 2227 3886 statuat.
2260 3828 2367 3885 Sed
2393 3844 2490 3884 cur
2509 3827 2665 3892 dixit,
2698 3826 2765 3880 In
2779 3827 3056 3894 semetipso
3072 3827 3097 3879 7
3122 3824 3391 3891 Quoniam

1808 3940 1872 3979 ea
1906 3939 2090 3979 secum
2121 3921 2305 3975 animo
2335 3926 2550 3984 versat,
2605 3934 2728 3989 qua:
2775 3916 2953 3988 palam
3014 3916 3258 3986 proferre
3307 3914 3396 3969 vel

1812 4016 1968 4070 timet
2022 4013 2108 4069 rel
2139 4011 2435 4068 erubescit.

188 4152 209 4184 ι
239 4129 695 4201 Μεθυσθήσονςται
721 4126 828 4180 ἀπὸ
854 4125 1111 4197 πιότητος
1136 4123 1309 4177 οἴκου.
1334 4139 1355 4173 ι

1880 4106 2048 4161 Vens.
2081 4105 2133 4159 9.
2177 4123 2195 4156 ι
2236 4103 2655 4159 Inebriabuntur
2684 4101 2752 4156 ab
2782 4100 3031 4155 ubertate
3060 4098 3276 4154 domus.
3312 4116 3333 4149 ι

182 4221 367 4290 Οἶκος
395 4190 501 4276 τοῦ.
524 4194 685 4284 Θεοῦ,
711 4220 771 4272 τὸ
811 4217 972 4290 σῶμα.
996 4190 1184 4281 αὐτοῦ,
1216 4214 1437 4282 πιότης
1463 4210 1524 4264 τὸ
1549 4210 1695 4281 ὲκχιν

1885 4198 2081 4252 Domus
2115 4197 2233 4261 Dei,
2264 4211 2467 4266 corpus
2504 4195 2625 4264 ejus
2651 4203 2775 4260 est;
2809 4194 3044 4257 ubertas,
3092 4190 3315 4262 sanguis
3341 4197 3399 4245 et

102 4318 204 4370 τ’ὲν
235 4283 358 4369 ἀπὸ,
370 4315 473 4384 τῆς
505 4314 749 4383 πλευρᾶς
779 4283 921 4381 αἷμα
946 4309 1044 4364 καὶ
1065 4309 1231 4380 ὕδωρ,
1263 4305 1323 4372 ἐξ
1351 4300 1523 4375 οὗπερ
1549 4303 1598 4356 οἱ
1620 4320 1695 4354 πι-

1817 4306 1952 4361 aqua
1973 4306 2094 4359 quae
2111 4304 2142 4344 e
2171 4289 2343 4343 latere
2368 4287 2487 4358 ejus
2507 4286 2737 4353 eﬂluxit,
2761 4301 2831 4341 ex
2859 4300 2965 4355 qua
2987 4283 3174 4339 ﬁdeles
3204 4297 3400 4337 omnes

106 4411 237 4466 στοὶ
270 4375 474 4472 πάντες
507 4375 683 4477 μέθην
722 4375 993 4475 σωτηριον
1024 4375 1431 4473 ὲμεθόσθημεν.
1463 4397 1695 4466 Χείμαρι

1817 4383 2041 4439 salutari
2095 4383 2363 4438 ebrietate
2419 4380 2677 4436 inebriati
2726 4395 2936 4434 sumus.
2990 4377 3211 4431 Torrens
3250 4375 3397 4431 enim

92 4507 221 4573 ρος
252 4501 363 4574 γὰρ
402 4452 649 4570 αι’ἑυιςῑρῆς⁸
681 4499 750 4553 τὰ
796 4452 1153 4569 τοῖΧριστοθ
1396 4452 1695 4562 Χειμοῖρεἔω

1817 4480 2104 4550 voluptatis
2129 4517 2145 4544 ,
2197 4477 2350 4533 fuere
2386 4474 2589 4532 Christi
2629 4489 2825 4545 poenae.
2864 4473 3103 4528 Torrens
3151 4471 3397 4542 quidem,

107 4568 487 4667 patienti;
519 4568 594 4647 Vév
639 4593 792 4663 ἀκμῇ
841 4591 933 4644 τοῦ
974 4568 1250 4659 χειμῶνος
1292 4585 1391 4656 τῆς
1438 4581 1695 4655 ήμετὲρω

1817 4572 2076 4643 quoniam
2128 4570 2186 4624 in
2235 4568 2417 4623 media
2452 4568 2634 4623 hieme
2681 4575 3031 4637 peccatorum
3080 4571 3399 4617 nostrorum

1820 4665 2118 4736 contigere,
2156 4661 2378 4732 quando
2408 4661 2587 4714 virtus
2619 4660 2819 4726 omnis,
2870 4666 2927 4713 et
2964 4657 3238 4728 praacipuc
3262 4655 3400 4709 cha-

1820 4754 1957 4813 rilas
1984 4752 2039 4806 in
2069 4751 2264 4816 Deum,
2319 4749 2519 4822 frigida
2550 4748 2776 4815 eﬂ’eeta,
2805 4749 2916 4819 jam
2943 4747 3211 4802 exstincta
3240 4752 3400 4809 erat;

1822 4847 1895 4901 ita
1925 4844 2291 4901 utZacharias
2311 4846 2576 4916 propheta
2603 4845 2671 4901 de
2691 4844 2778 4899 die
2807 4842 2988 4898 erucis
3012 4841 3159 4896 dicat
3184 4857 3197 4893 :
3224 4840 3289 4895 In
3318 4840 3403 4894 die

1822 4939 1920 4994 illa
1958 4954 2062 4993 non
2101 4939 2202 4993 erit
2259 4936 2392 5001 lux;
2431 4938 2600 5009 frigus
2654 4946 2705 4990 et
2736 4935 2856 5006 gelu
2887 4936 2985 4989 erit
3015 4950 3034 4988 :
3063 4935 3175 4988 dies
3210 4949 3403 5003 magna

1822 5040 1897 5085 est
1927 5030 1970 5086 ⁸.
2027 5029 2336 5100 Voluptatis
2388 5037 2571 5083 autem
2620 5027 2818 5082 merito
2877 5026 3160 5081 dicebatur
3202 5023 3405 5079 :valde

1796 2156 2176 2222 concrederet,
2196 2165 2250 2210 et
2268 2170 2391 2210 eum
2428 2155 2606 2210 solum
2641 2169 2865 2208 manum
2891 2154 3163 2225 intingere
3192 2168 3380 2208 secum

1797 2249 1853 2303 in
1903 2249 2107 2313 catino,
2136 2263 2238 2303 ceu
2268 2246 2493 2302 fratrem
2540 2254 2597 2302 et
2634 2247 2966 2317 proximum,
3011 2246 3377 2316 permitteret.

1799 2341 1988 2396 Frater
2014 2341 2380 2410 complacens,
2432 2339 2488 2394 id
2514 2347 2620 2403 est,
2676 2338 2898 2409 placens
2931 2338 3008 2393 illi
3045 2337 3247 2393 dicitur
3273 2379 3289 2404 ,
3324 2347 3383 2392 et

1797 2434 1920 2504 ejus
1947 2447 2115 2503 Opera
2148 2432 2203 2485 in
2234 2431 2495 2487 omnibus
2524 2438 2705 2486 utens.

1869 2525 2035 2580 Vens.
2060 2524 2150 2579 l6.
2197 2543 2216 2576 ι
2247 2524 2619 2578 Tentaverunt
2647 2538 2755 2589 me,
2786 2523 3263 2579 subsannaverunt
3289 2535 3379 2576 me

96 3199 257 3251 πότε
299 3194 502 3262 eadm
520 3206 541 3257 ;

680 3299 979 3354 ΨΔΛΜΟΣ
1010 3295 1137 3352 ΛΕ’.

184 3416 204 3450 ι
236 3397 408 3467 Φησὶν
432 3396 460 3447 ό
495 3392 814 3465 παράνομος
837 3390 932 3444 τοῦ
962 3389 1326 3461 ἁμαρτάνειν.
1360 3405 1381 3439 ›

182 3491 301 3560 Οὐχ
340 3487 529 3550 ἁπλῶς
580 3485 919 3555 παράνομον,
955 3482 1096 3538 ἀλλὰ
1140 3480 1232 3534 τὸν
1281 3475 1583 3548 ὑποκριτὴν
1614 3476 1708 3529 καὶ

96 3584 285 3637 δόλιον
317 3583 345 3634 ό
375 3578 591 3651 ψαλμὸς
623 3574 964 3639 ὑποτίθεται,
988 3574 1080 3627 τὸν
1123 3572 1292 3627 πολὺν
1342 3571 1401 3622 ὲν
1446 3571 1512 3639 τῇ
1559 3567 1705 3638 ψυχῇ

103 3673 382 3747 βόρϐορον
417 3670 768 3742 παρανομίας
794 3667 1007 3738 ἔχοντα,
1038 3665 1134 3719 καὶ
1166 3662 1255 3716 διὰ
1279 3660 1438 3714 τοῦτο
1476 3659 1707 3728 λέγοντα

98 3770 167 3818 ἐν
200 3762 391 3833 ἑαυτῷ
421 3761 516 3814 τοῦ
549 3761 892 3832 ἁμαρτάνειν
931 3754 1352 3825 ἀποτιθέμενον.
1387 3753 1485 3805 Διὰ
1529 3751 1583 3804 τί
1627 3751 1706 3817 δὲ,

97 3858 178 3908 ἐν
225 3852 444 3919 ἐαυτῷ,
490 3850 680 3919 λέγει;
745 3848 966 3918 Ἐπειδὴ
1017 3846 1194 3900 ταῦτα
1237 3844 1515 3912 λογίζεται
1564 3842 1708 3913 ἆπερ

100 3946 371 4018 φανερῶς
395 3947 570 3999 εἰπεῖν
595 3943 628 4016 ἢ
656 3942 905 4012 φοϐεῖται
952 3939 987 4011 ἦ
1024 3939 1367 4009 αἰσχύνεται.

100 4689 396 4761 ἁμαρτίας
438 4686 762 4756 ἐπράττετο,
823 4684 914 4738 ὅτε
954 4683 1105 4735 πᾶσα
1146 4679 1245 4750 μὲν
1282 4675 1452 4750 ἀρετὴ
1476 4714 1491 4739 ,
1528 4671 1717 4742 ἀγάπη

98 4782 166 4834 δὲ
197 4780 441 4852 μάλιστα
479 4781 514 4850 ή
546 4777 683 4848 πρὸς
713 4775 846 4829 Θεὸν
870 4773 1167 4844 ψυγήσασα
1193 4765 1719 4840 ὲνενέκρωτο.Ὦστε

99 4874 206 4926 τὸν
243 4872 537 4943 προφήτην
571 4866 851 4940 Ζαχαρίαν
891 4866 1019 4937 περὶ
1055 4863 1157 4933 τῆς
1186 4860 1401 4932 ἡμέρας
1425 4857 1523 4912 τοῦ
1558 4873 1723 4910 σταυ-

103 4963 214 5035 ροῦ
243 4962 427 5031 λέγειν
447 4978 461 4993 ·
509 4962 613 5015 Ἐν
647 4959 722 5029 τῇ
752 4957 944 5029 ᾑμέρᾳ
968 4957 1176 5023 ἐκείνη
1210 4956 1322 5008 οὐκ
1353 4952 1527 5006 ἔσται
1565 4947 1710 5019 φῶς-⁸

99 5059 326 5126 ¹ψύχος·
370 5054 469 5109 καὶ
515 5053 775 5123 παγετός
823 5051 997 5105 ἔσται
1027 5065 1040 5079 ο
1065 5045 1259 5118 ἡμέρα
1280 5042 1512 5115 μεγάλη
1557 5040 1713 5095 ἐστί.

100 5117 354 5219 ὧροξῆς
404 5146 459 5200 δὲ
503 5117 730 5207 εἰκότως
753 5117 1012 5210 ἐλέγετο.
1048 5117 1263 5208 Σφόδρα
1287 5133 1396 5203 γὰρ
1426 5134 1454 5187 δ
1482 5128 1695 5202 Χριστδ;

1823 5125 1972 5179 enim
2003 5122 2259 5178 Christus
2292 5121 2666 5188 deliciahatnr,
2710 5134 2836 5176 cum
2869 5132 2970 5189 pro
3002 5117 3158 5172 nobis
3187 5123 3405 5186 patere-

97 5239 400 5310 ἑνετρύφα
439 5240 555 5302 τοῖς
600 5236 739 5308 ὑπὲρ
775 5233 931 5307 ἡμῶν
963 5233 1213 5295 πάθεσιν,
1249 5227 1343 5281 τοῦ
1379 5242 1437 5278 τε
1466 5222 1695 5278 διαϐάλοι

1824 5227 1933 5282 tur,
1949 5215 2166 5271 diabolo
2188 5213 2441 5279 illudens,
2470 5221 2525 5268 et
2543 5213 2612 5268 de
2642 5213 2815 5267 salute
2839 5211 3119 5266 hominum
3139 5206 3405 5278 gaudens.

94 5330 508 5395 καταπαίζων,
542 5330 638 5383 καὶ
669 5328 811 5398 ὑπὲρ
837 5325 937 5396 τῆς
971 5324 1078 5378 τῶν
1114 5318 1418 5391 ἀνθρώπων
1445 5313 1695 5384 σωτηρία

1828 5307 1941 5363 Hoc
1998 5316 2244 5363 torrente
2294 5305 2592 5377 voluptatis
2642 5304 2873 5377 mystice
2902 5317 3005 5359 nos
3044 5306 3200 5372 potat
3231 5315 3246 5352 :
3278 5310 3405 5352 nam

90 5390 408 5497 ἡδόμενοςῐ
444 5390 648 5476 Τοῦτον
677 5390 827 5492 ἡμὰς
852 5390 945 5472 τόν
982 5414 1324 5489 χειμάρρουν
1367 5409 1467 5478 τῆς
1511 5406 1695 5478 τρυφῆι

1828 5400 2044 5456 Domini
2082 5401 2382 5471 perpessio,
2416 5397 2736 5471 martyrium
2769 5394 2942 5452 servis
2962 5390 3111 5450 Tacta
3158 5401 3263 5449 est.

92 5518 412 5590 μυστικῶς
444 5515 675 5579 ποτίζει.
694 5515 767 5568 Τὸ
787 5513 897 5584 γὰρ
925 5509 1018 5564 τοῦ
1050 5508 1324 5563 Δεσπότου
1353 5501 1524 5566 πάθος
1579 5514 1722 5571 μαρκ

85 5589 318 5676 τύριον
345 5589 460 5667 τοῖς
487 5602 698 5666 δούλοις
725 5601 1044 5671 γεγένηται.

182 5742 212 5775 ⁸
242 5742 420 5796 Zach.
445 5757 559 5806 xw,
600 5741 685 5797 16.
