  <div class='ocr_page' id='page_1' title='image "/cluster/home/n/w/nwhite01/storage/ocr_20150623/93/coo.31924054869973/607.png"; bbox 0 0 3892 6404; ppageno 0'>
   <div class='ocr_carea' id='block_1_1' title="bbox 1056 405 1684 464">
    <p class='ocr_par' dir='ltr' id='par_1_1' title="bbox 1056 405 1684 464">
     <span class='ocr_line' id='line_1_1' title="bbox 1056 405 1684 464; baseline -0.005 0"><span class='ocrx_word' id='word_1_1' title='bbox 1056 406 1379 464; x_wconf 75' lang='lat' dir='ltr'><strong>I’SALMUS</strong></span> <span class='ocrx_word' id='word_1_2' title='bbox 1437 405 1684 461; x_wconf 74' lang='lat' dir='ltr'><strong>XXXVI.</strong></span> 
     </span>
    </p>
   </div>
   <div class='ocr_carea' id='block_1_2' title="bbox 667 501 1450 561">
    <p class='ocr_par' dir='ltr' id='par_1_2' title="bbox 667 501 1450 561">
     <span class='ocr_line' id='line_1_2' title="bbox 667 501 1450 561; baseline -0.004 -4"><span class='ocrx_word' id='word_1_3' title='bbox 667 504 832 561; x_wconf 70' lang='lat' dir='ltr'><strong>Vsus.</strong></span> <span class='ocrx_word' id='word_1_4' title='bbox 859 502 950 558; x_wconf 74' lang='lat'><strong>29.</strong></span> <span class='ocrx_word' id='word_1_5' title='bbox 1006 522 1024 554; x_wconf 82' lang='grc' dir='ltr'><strong>ι</strong></span> <span class='ocrx_word' id='word_1_6' title='bbox 1067 503 1261 558; x_wconf 77' lang='lat' dir='ltr'><strong>Iunior</strong></span> <span class='ocrx_word' id='word_1_7' title='bbox 1291 501 1391 556; x_wconf 80' lang='lat' dir='ltr'><strong>fui.</strong></span> <span class='ocrx_word' id='word_1_8' title='bbox 1431 521 1450 554; x_wconf 74' lang='grc' dir='ltr'><strong>ι</strong></span> 
     </span>
    </p>
   </div>
   <div class='ocr_carea' id='block_1_3' title="bbox 665 590 2180 662">
    <p class='ocr_par' dir='ltr' id='par_1_3' title="bbox 665 590 2180 662">
     <span class='ocr_line' id='line_1_3' title="bbox 665 590 2180 662; baseline -0.002 -15"><span class='ocrx_word' id='word_1_9' title='bbox 665 593 896 649; x_wconf 84' lang='lat' dir='ltr'><strong>Pulchre</strong></span> <span class='ocrx_word' id='word_1_10' title='bbox 919 608 1021 647; x_wconf 90' lang='lat' dir='ltr'><strong>nos</strong></span> <span class='ocrx_word' id='word_1_11' title='bbox 1041 592 1231 662; x_wconf 85' lang='lat' dir='ltr'><strong>judicii</strong></span> <span class='ocrx_word' id='word_1_12' title='bbox 1261 606 1534 647; x_wconf 82' lang='lat' dir='ltr'><strong>memores</strong></span> <span class='ocrx_word' id='word_1_13' title='bbox 1558 590 1709 655; x_wconf 84' lang='lat' dir='ltr'><strong>facit,</strong></span> <span class='ocrx_word' id='word_1_14' title='bbox 1731 604 1821 653; x_wconf 83' lang='lat' dir='ltr'><strong>ne,</strong></span> <span class='ocrx_word' id='word_1_15' title='bbox 1847 604 2027 644; x_wconf 91' lang='lat' dir='ltr'><strong>rerum</strong></span> <span class='ocrx_word' id='word_1_16' title='bbox 2058 604 2180 658; x_wconf 73' lang='lat' dir='ltr'><strong>qua:</strong></span> 
     </span>
    </p>
   </div>
   <div class='ocr_carea' id='block_1_4' title="bbox 595 679 2180 749">
    <p class='ocr_par' dir='ltr' id='par_1_4' title="bbox 595 679 2180 749">
     <span class='ocr_line' id='line_1_4' title="bbox 595 679 2180 749; baseline -0.004 -11"><span class='ocrx_word' id='word_1_17' title='bbox 595 685 687 738; x_wconf 89' lang='lat' dir='ltr'><strong>hic</strong></span> <span class='ocrx_word' id='word_1_18' title='bbox 716 683 873 747; x_wconf 86' lang='lat' dir='ltr'><strong>ﬁunt,</strong></span> <span class='ocrx_word' id='word_1_19' title='bbox 909 682 1295 739; x_wconf 77' lang='lat' dir='ltr'><strong>confusionem</strong></span> <span class='ocrx_word' id='word_1_20' title='bbox 1320 683 1593 744; x_wconf 86' lang='lat' dir='ltr'><strong>videntes,</strong></span> <span class='ocrx_word' id='word_1_21' title='bbox 1637 682 1897 736; x_wconf 91' lang='lat' dir='ltr'><strong>virtutem</strong></span> <span class='ocrx_word' id='word_1_22' title='bbox 1937 679 2180 749; x_wconf 85' lang='lat' dir='ltr'><strong>negliga-</strong></span> 
     </span>
    </p>
   </div>
   <div class='ocr_carea' id='block_1_5' title="bbox 596 772 2176 846">
    <p class='ocr_par' dir='ltr' id='par_1_5' title="bbox 596 772 2176 846">
     <span class='ocr_line' id='line_1_5' title="bbox 596 772 2176 846; baseline -0.004 -15"><span class='ocrx_word' id='word_1_23' title='bbox 596 793 741 839; x_wconf 89' lang='lat' dir='ltr'><strong>mus,</strong></span> <span class='ocrx_word' id='word_1_24' title='bbox 766 778 886 831; x_wconf 89' lang='lat' dir='ltr'><strong>viso</strong></span> <span class='ocrx_word' id='word_1_25' title='bbox 908 777 1111 846; x_wconf 89' lang='lat' dir='ltr'><strong>probos</strong></span> <span class='ocrx_word' id='word_1_26' title='bbox 1140 776 1285 831; x_wconf 88' lang='lat' dir='ltr'><strong>viros</strong></span> <span class='ocrx_word' id='word_1_27' title='bbox 1313 775 1456 846; x_wconf 90' lang='lat' dir='ltr'><strong>apud</strong></span> <span class='ocrx_word' id='word_1_28' title='bbox 1483 775 1730 829; x_wconf 86' lang='lat' dir='ltr'><strong>homines</strong></span> <span class='ocrx_word' id='word_1_29' title='bbox 1750 788 1873 828; x_wconf 88' lang='lat' dir='ltr'><strong>esse</strong></span> <span class='ocrx_word' id='word_1_30' title='bbox 1898 772 2176 844; x_wconf 76' lang='lat' dir='ltr'><strong>inglorios,</strong></span> 
     </span>
    </p>
   </div>
   <div class='ocr_carea' id='block_1_6' title="bbox 595 863 2178 933">
    <p class='ocr_par' dir='ltr' id='par_1_6' title="bbox 595 863 2178 933">
     <span class='ocr_line' id='line_1_6' title="bbox 595 863 2178 933; baseline -0.003 -12"><span class='ocrx_word' id='word_1_31' title='bbox 595 876 651 921; x_wconf 91' lang='lat' dir='ltr'><strong>et</strong></span> <span class='ocrx_word' id='word_1_32' title='bbox 682 867 1066 922; x_wconf 86' lang='lat' dir='ltr'><strong>alllictionibus</strong></span> <span class='ocrx_word' id='word_1_33' title='bbox 1100 866 1307 921; x_wconf 81' lang='lat' dir='ltr'><strong>vexari.</strong></span> <span class='ocrx_word' id='word_1_34' title='bbox 1346 863 1467 919; x_wconf 81' lang='lat' dir='ltr'><strong>Non</strong></span> <span class='ocrx_word' id='word_1_35' title='bbox 1508 865 1664 919; x_wconf 88' lang='lat' dir='ltr'><strong>enim</strong></span> <span class='ocrx_word' id='word_1_36' title='bbox 1704 864 2047 933; x_wconf 87' lang='lat' dir='ltr'><strong>derelinquet</strong></span> <span class='ocrx_word' id='word_1_37' title='bbox 2081 877 2178 917; x_wconf 92' lang='lat' dir='ltr'><strong>eos</strong></span> 
     </span>
    </p>
   </div>
   <div class='ocr_carea' id='block_1_7' title="bbox 1801 283 2680 350">
    <p class='ocr_par' dir='ltr' id='par_1_7' title="bbox 1801 283 2680 350">
     <span class='ocr_line' id='line_1_7' title="bbox 1801 283 2680 350; baseline 0.003 -3"><span class='ocrx_word' id='word_1_38' title='bbox 1801 284 2163 348; x_wconf 86' lang='lat' dir='ltr'><strong>HESYCHII</strong></span> <span class='ocrx_word' id='word_1_39' title='bbox 2201 283 2680 350; x_wconf 84' lang='lat' dir='ltr'><strong>PRESBYTERI</strong></span> 
     </span>
    </p>
   </div>
   <div class='ocr_carea' id='block_1_8' title="bbox 2211 412 2258 462">
    <p class='ocr_par' dir='ltr' id='par_1_8' title="bbox 2211 412 2258 462">
     <span class='ocr_line' id='line_1_8' title="bbox 2211 412 2258 462; baseline 0 0"><span class='ocrx_word' id='word_1_40' title='bbox 2211 412 2258 462; x_wconf 80' lang='grc' dir='ltr'><strong>Δ</strong></span> 
     </span>
    </p>
   </div>
   <div class='ocr_carea' id='block_1_9' title="bbox 2850 407 3318 472">
    <p class='ocr_par' dir='ltr' id='par_1_9' title="bbox 2850 407 3318 472">
     <span class='ocr_line' id='line_1_9' title="bbox 2850 407 3318 472; baseline 0.009 -13"><span class='ocrx_word' id='word_1_41' title='bbox 2850 407 3147 459; x_wconf 68' lang='grc' dir='ltr'><strong>ΨᾹΛΜΟΣ</strong></span> <span class='ocrx_word' id='word_1_42' title='bbox 3182 409 3318 472; x_wconf 64' lang='lat' dir='ltr'><strong>AG&#39;.</strong></span> 
     </span>
    </p>
   </div>
   <div class='ocr_carea' id='block_1_10' title="bbox 2363 486 3076 569">
    <p class='ocr_par' dir='ltr' id='par_1_10' title="bbox 2363 486 3076 569">
     <span class='ocr_line' id='line_1_10' title="bbox 2363 486 3076 569; baseline 0.004 -22"><span class='ocrx_word' id='word_1_43' title='bbox 2363 515 2382 546; x_wconf 77' lang='grc' dir='ltr'><strong>ι</strong></span> <span class='ocrx_word' id='word_1_44' title='bbox 2410 495 2697 569; x_wconf 84' lang='grc' dir='ltr'>Νεώτερος</span> <span class='ocrx_word' id='word_1_45' title='bbox 2725 486 3021 569; x_wconf 73' lang='grc' dir='ltr'>ἐγενόμην.</span> <span class='ocrx_word' id='word_1_46' title='bbox 3055 518 3076 550; x_wconf 73' lang='grc' dir='ltr'><strong>ι</strong></span> 
     </span>
    </p>
   </div>
   <div class='ocr_carea' id='block_1_11' title="bbox 2353 586 3753 679">
    <p class='ocr_par' dir='ltr' id='par_1_11' title="bbox 2353 586 3753 679">
     <span class='ocr_line' id='line_1_11' title="bbox 2353 586 3753 679; baseline 0.011 -41"><span class='ocrx_word' id='word_1_47' title='bbox 2353 586 2551 651; x_wconf 83' lang='grc' dir='ltr'>Καλῶς</span> <span class='ocrx_word' id='word_1_48' title='bbox 2598 590 2749 659; x_wconf 78' lang='grc' dir='ltr'>ἡμᾶς</span> <span class='ocrx_word' id='word_1_49' title='bbox 2792 590 3205 660; x_wconf 78' lang='grc' dir='ltr'><strong>ἀναμιμνήσκει</strong></span> <span class='ocrx_word' id='word_1_50' title='bbox 3239 589 3335 661; x_wconf 79' lang='grc' dir='ltr'>τῆς</span> <span class='ocrx_word' id='word_1_51' title='bbox 3366 592 3590 661; x_wconf 82' lang='grc' dir='ltr'>κρίσεως,</span> <span class='ocrx_word' id='word_1_52' title='bbox 3613 600 3679 655; x_wconf 80' lang='grc' dir='ltr'><strong>ἴνα</strong></span> <span class='ocrx_word' id='word_1_53' title='bbox 3710 609 3753 679; x_wconf 51' lang='grc' dir='ltr'>μὴ</span> 
     </span>
    </p>
   </div>
   <div class='ocr_carea' id='block_1_12' title="bbox 2282 676 3755 767">
    <p class='ocr_par' dir='ltr' id='par_1_12' title="bbox 2282 676 3755 767">
     <span class='ocr_line' id='line_1_12' title="bbox 2282 676 3755 767; baseline 0.009 -38"><span class='ocrx_word' id='word_1_54' title='bbox 2282 676 2421 748; x_wconf 83' lang='grc' dir='ltr'>πρὸς</span> <span class='ocrx_word' id='word_1_55' title='bbox 2470 679 2571 751; x_wconf 79' lang='grc' dir='ltr'>τὴν</span> <span class='ocrx_word' id='word_1_56' title='bbox 2619 680 2858 734; x_wconf 80' lang='grc' dir='ltr'>ἐνταῦθα</span> <span class='ocrx_word' id='word_1_57' title='bbox 2906 681 3282 753; x_wconf 79' lang='grc' dir='ltr'><strong>θεωρήσαντες</strong></span> <span class='ocrx_word' id='word_1_58' title='bbox 3329 683 3580 754; x_wconf 81' lang='grc' dir='ltr'>σύγχυσιν,</span> <span class='ocrx_word' id='word_1_59' title='bbox 3621 676 3755 767; x_wconf 30' lang='lat' dir='ltr'><strong>aperi-3</strong></span> 
     </span>
    </p>
   </div>
   <div class='ocr_carea' id='block_1_13' title="bbox 2279 770 3753 859">
    <p class='ocr_par' dir='ltr' id='par_1_13' title="bbox 2279 770 3753 859">
     <span class='ocr_line' id='line_1_13' title="bbox 2279 770 3753 859; baseline 0.012 -37"><span class='ocrx_word' id='word_1_60' title='bbox 2279 770 2678 843; x_wconf 75' lang='grc' dir='ltr'><strong>ἀμελήσωμεν·</strong></span> <span class='ocrx_word' id='word_1_61' title='bbox 2719 773 2955 845; x_wconf 83' lang='grc' dir='ltr'>ὁρῶντες</span> <span class='ocrx_word' id='word_1_62' title='bbox 2980 776 3109 837; x_wconf 76' lang='grc' dir='ltr'>τοὺς</span> <span class='ocrx_word' id='word_1_63' title='bbox 3143 777 3200 828; x_wconf 82' lang='grc' dir='ltr'><strong>ἐν</strong></span> <span class='ocrx_word' id='word_1_64' title='bbox 3229 776 3465 846; x_wconf 83' lang='grc' dir='ltr'>ἀρεταῖς,</span> <span class='ocrx_word' id='word_1_65' title='bbox 3494 779 3543 833; x_wconf 86' lang='grc' dir='ltr'><strong>ἐν</strong></span> <span class='ocrx_word' id='word_1_66' title='bbox 3568 782 3706 857; x_wconf 74' lang='grc' dir='ltr'>ἀδοξίᾳ</span> <span class='ocrx_word' id='word_1_67' title='bbox 3719 796 3753 859; x_wconf 67' lang='grc' dir='ltr'>τῇ</span> 
     </span>
    </p>
   </div>
   <div class='ocr_carea' id='block_1_14' title="bbox 2279 863 3755 947">
    <p class='ocr_par' dir='ltr' id='par_1_14' title="bbox 2279 863 3755 947">
     <span class='ocr_line' id='line_1_14' title="bbox 2279 863 3755 947; baseline 0.009 -31"><span class='ocrx_word' id='word_1_68' title='bbox 2279 864 2433 935; x_wconf 74' lang='grc' dir='ltr'>παρὰ</span> <span class='ocrx_word' id='word_1_69' title='bbox 2461 863 2771 937; x_wconf 86' lang='grc' dir='ltr'>ἀνθρώποις</span> <span class='ocrx_word' id='word_1_70' title='bbox 2789 907 2808 932; x_wconf 85' lang='grc'><strong>,</strong></span> <span class='ocrx_word' id='word_1_71' title='bbox 2839 868 2934 920; x_wconf 75' lang='grc' dir='ltr'>καὶ</span> <span class='ocrx_word' id='word_1_72' title='bbox 2975 868 3160 931; x_wconf 81' lang='grc' dir='ltr'>πόνοις</span> <span class='ocrx_word' id='word_1_73' title='bbox 3192 870 3561 939; x_wconf 76' lang='grc' dir='ltr'><strong>τυγχάνοντας.</strong></span> <span class='ocrx_word' id='word_1_74' title='bbox 3586 877 3675 929; x_wconf 73' lang='grc' dir='ltr'><strong>Οὐκ</strong></span> <span class='ocrx_word' id='word_1_75' title='bbox 3702 883 3755 947; x_wconf 58' lang='grc' dir='ltr'><strong>ἒ]-</strong></span> 
     </span>
    </p>
   </div>
   <div class='ocr_carea' id='block_1_15' title="bbox 2277 953 3758 1040">
    <p class='ocr_par' dir='ltr' id='par_1_15' title="bbox 2277 953 3758 1040">
     <span class='ocr_line' id='line_1_15' title="bbox 2277 953 3758 1040; baseline 0.004 -33"><span class='ocrx_word' id='word_1_76' title='bbox 2277 953 2597 1025; x_wconf 78' lang='grc' dir='ltr'>καταλείψει</span> <span class='ocrx_word' id='word_1_77' title='bbox 2632 957 2741 1027; x_wconf 81' lang='grc' dir='ltr'><strong>γάρ</strong></span> <span class='ocrx_word' id='word_1_78' title='bbox 2770 958 2970 1021; x_wconf 76' lang='grc' dir='ltr'>αὐτοὺς</span> <span class='ocrx_word' id='word_1_79' title='bbox 3002 958 3031 1009; x_wconf 87' lang='grc' dir='ltr'><strong>ό</strong></span> <span class='ocrx_word' id='word_1_80' title='bbox 3062 957 3219 1023; x_wconf 82' lang='grc' dir='ltr'><strong>Θεὸς,</strong></span> <span class='ocrx_word' id='word_1_81' title='bbox 3252 961 3521 1015; x_wconf 78' lang='grc' dir='ltr'><strong>τουτέστιν</strong></span> <span class='ocrx_word' id='word_1_82' title='bbox 3545 966 3630 1035; x_wconf 67' lang='grc' dir='ltr'>οὐχ</span> <span class='ocrx_word' id='word_1_83' title='bbox 3649 968 3758 1040; x_wconf 67' lang='grc' dir='ltr'>ὑπερ.</span> 
     </span>
    </p>
   </div>
   <div class='ocr_carea' id='block_1_16' title="bbox 2275 1043 3756 1128">
    <p class='ocr_par' dir='ltr' id='par_1_16' title="bbox 2275 1043 3756 1128">
     <span class='ocr_line' id='line_1_16' title="bbox 2275 1043 3756 1128; baseline 0.008 -32"><span class='ocrx_word' id='word_1_84' title='bbox 2275 1043 2501 1112; x_wconf 76' lang='grc' dir='ltr'>όψεταιο</span> <span class='ocrx_word' id='word_1_85' title='bbox 2542 1045 2803 1114; x_wconf 81' lang='grc' dir='ltr'><strong>φυλάττει</strong></span> <span class='ocrx_word' id='word_1_86' title='bbox 2837 1046 2894 1101; x_wconf 83' lang='grc' dir='ltr'>δὲ</span> <span class='ocrx_word' id='word_1_87' title='bbox 2922 1048 3124 1110; x_wconf 77' lang='grc' dir='ltr'>αὐτοὺς</span> <span class='ocrx_word' id='word_1_88' title='bbox 3166 1052 3248 1112; x_wconf 84' lang='grc' dir='ltr'><strong>εἰς</strong></span> <span class='ocrx_word' id='word_1_89' title='bbox 3288 1052 3380 1103; x_wconf 71' lang='grc' dir='ltr'>τὸν</span> <span class='ocrx_word' id='word_1_90' title='bbox 3408 1052 3565 1107; x_wconf 80' lang='grc' dir='ltr'>αἰῶνα</span> <span class='ocrx_word' id='word_1_91' title='bbox 3588 1056 3660 1108; x_wconf 77' lang='grc' dir='ltr'><strong>τὸν</strong></span> <span class='ocrx_word' id='word_1_92' title='bbox 3679 1061 3756 1128; x_wconf 69' lang='grc' dir='ltr'>μέλ-</span> 
     </span>
    </p>
   </div>
   <div class='ocr_carea' id='block_1_17' title="bbox 2275 1135 3650 1217">
    <p class='ocr_par' dir='ltr' id='par_1_17' title="bbox 2275 1135 3650 1217">
     <span class='ocr_line' id='line_1_17' title="bbox 2275 1135 3650 1217; baseline 0.007 -27"><span class='ocrx_word' id='word_1_93' title='bbox 2275 1135 2436 1191; x_wconf 85' lang='grc' dir='ltr'>λοντα</span> <span class='ocrx_word' id='word_1_94' title='bbox 2456 1178 2471 1203; x_wconf 92' lang='grc'><strong>,</strong></span> <span class='ocrx_word' id='word_1_95' title='bbox 2504 1136 2633 1191; x_wconf 76' lang='grc' dir='ltr'>ἔνθα</span> <span class='ocrx_word' id='word_1_96' title='bbox 2661 1139 2770 1192; x_wconf 86' lang='grc' dir='ltr'><strong>τῶν</strong></span> <span class='ocrx_word' id='word_1_97' title='bbox 2802 1137 3027 1207; x_wconf 82' lang='grc' dir='ltr'>ἀγαθῶν</span> <span class='ocrx_word' id='word_1_98' title='bbox 3060 1142 3093 1210; x_wconf 75' lang='grc' dir='ltr'>ἡ</span> <span class='ocrx_word' id='word_1_99' title='bbox 3126 1140 3276 1204; x_wconf 80' lang='grc' dir='ltr'>δόσις</span> <span class='ocrx_word' id='word_1_100' title='bbox 3310 1142 3650 1217; x_wconf 77' lang='grc' dir='ltr'>ἀτελεύτητος.</span> 
     </span>
    </p>
   </div>
   <div class='ocr_carea' id='block_1_18' title="bbox 2851 1229 3310 1285">
    <p class='ocr_par' dir='ltr' id='par_1_18' title="bbox 2851 1229 3310 1285">
     <span class='ocr_line' id='line_1_18' title="bbox 2851 1229 3310 1285; baseline 0.007 -3"><span class='ocrx_word' id='word_1_101' title='bbox 2851 1230 3148 1284; x_wconf 76' lang='grc' dir='ltr'><strong>ΨΑΛΜΟΣ</strong></span> <span class='ocrx_word' id='word_1_102' title='bbox 3185 1229 3310 1285; x_wconf 89' lang='grc' dir='ltr'><strong>ΛΖ’.</strong></span> 
     </span>
    </p>
   </div>
   <div class='ocr_carea' id='block_1_19' title="bbox 2351 1318 3807 1421">
    <p class='ocr_par' dir='ltr' id='par_1_19' title="bbox 2351 1318 3807 1421">
     <span class='ocr_line' id='line_1_19' title="bbox 2351 1318 3807 1421; baseline 0.002 -48"><span class='ocrx_word' id='word_1_103' title='bbox 2351 1320 2508 1373; x_wconf 76' lang='grc' dir='ltr'>«Ὅτι</span> <span class='ocrx_word' id='word_1_104' title='bbox 2534 1318 2603 1374; x_wconf 78' lang='grc' dir='ltr'><strong>τά</strong></span> <span class='ocrx_word' id='word_1_105' title='bbox 2638 1319 2767 1392; x_wconf 81' lang='grc' dir='ltr'>βέλη</span> <span class='ocrx_word' id='word_1_106' title='bbox 2804 1338 2902 1374; x_wconf 89' lang='grc' dir='ltr'><strong>σου</strong></span> <span class='ocrx_word' id='word_1_107' title='bbox 2935 1324 3321 1394; x_wconf 88' lang='grc' dir='ltr'>ἐνεπάγησαν.</span> <span class='ocrx_word' id='word_1_108' title='bbox 3352 1341 3371 1374; x_wconf 73' lang='grc' dir='ltr'><strong>ι</strong></span> <span class='ocrx_word' id='word_1_109' title='bbox 3806 1360 3807 1421; x_wconf 33' lang='grc' dir='ltr'>ι</span> 
     </span>
    </p>
   </div>
   <div class='ocr_carea' id='block_1_20' title="bbox 2350 1410 3807 1487">
    <p class='ocr_par' dir='ltr' id='par_1_20' title="bbox 2350 1410 3807 1487">
     <span class='ocr_line' id='line_1_20' title="bbox 2350 1410 3807 1487; baseline 0.008 -24"><span class='ocrx_word' id='word_1_110' title='bbox 2350 1411 2426 1464; x_wconf 80' lang='grc' dir='ltr'><strong>Οὐ</strong></span> <span class='ocrx_word' id='word_1_111' title='bbox 2470 1410 2652 1482; x_wconf 83' lang='grc' dir='ltr'>μάτην</span> <span class='ocrx_word' id='word_1_112' title='bbox 2685 1413 2713 1464; x_wconf 88' lang='grc' dir='ltr'><strong>ό</strong></span> <span class='ocrx_word' id='word_1_113' title='bbox 2749 1413 2986 1484; x_wconf 86' lang='grc' dir='ltr'>Χριστὸς</span> <span class='ocrx_word' id='word_1_114' title='bbox 3034 1414 3129 1466; x_wconf 81' lang='grc' dir='ltr'>καὶ</span> <span class='ocrx_word' id='word_1_115' title='bbox 3175 1413 3351 1467; x_wconf 74' lang='grc' dir='ltr'>ταῦτα</span> <span class='ocrx_word' id='word_1_116' title='bbox 3383 1414 3457 1485; x_wconf 79' lang='grc' dir='ltr'><strong>τῷ</strong></span> <span class='ocrx_word' id='word_1_117' title='bbox 3486 1416 3634 1487; x_wconf 77' lang='grc' dir='ltr'>Πατρὶ</span> <span class='ocrx_word' id='word_1_118' title='bbox 3658 1422 3758 1474; x_wconf 76' lang='grc' dir='ltr'>αὺτιῦ</span> <span class='ocrx_word' id='word_1_119' title='bbox 3806 1410 3807 1473; x_wconf 60' lang='lat' dir='ltr'><strong>l</strong></span> 
     </span>
    </p>
   </div>
   <div class='ocr_carea' id='block_1_21' title="bbox 597 955 2176 1026">
    <p class='ocr_par' dir='ltr' id='par_1_21' title="bbox 597 955 2176 1026">
     <span class='ocr_line' id='line_1_21' title="bbox 597 955 2176 1026; baseline -0.001 -16"><span class='ocrx_word' id='word_1_120' title='bbox 597 957 764 1019; x_wconf 89' lang='lat' dir='ltr'><strong>Deus,</strong></span> <span class='ocrx_word' id='word_1_121' title='bbox 794 958 899 1011; x_wconf 90' lang='lat' dir='ltr'><strong>hoc</strong></span> <span class='ocrx_word' id='word_1_122' title='bbox 926 966 1031 1020; x_wconf 91' lang='lat' dir='ltr'><strong>est,</strong></span> <span class='ocrx_word' id='word_1_123' title='bbox 1057 972 1163 1011; x_wconf 90' lang='lat' dir='ltr'><strong>non</strong></span> <span class='ocrx_word' id='word_1_124' title='bbox 1188 956 1491 1026; x_wconf 71' lang='lat' dir='ltr'><strong>despiciet;</strong></span> <span class='ocrx_word' id='word_1_125' title='bbox 1526 956 1621 1011; x_wconf 89' lang='lat' dir='ltr'><strong>sed</strong></span> <span class='ocrx_word' id='word_1_126' title='bbox 1648 955 1706 1009; x_wconf 87' lang='lat' dir='ltr'><strong>in</strong></span> <span class='ocrx_word' id='word_1_127' title='bbox 1732 957 1975 1010; x_wconf 83' lang='lat' dir='ltr'><strong>futurum</strong></span> <span class='ocrx_word' id='word_1_128' title='bbox 2000 970 2176 1009; x_wconf 68' lang='lat' dir='ltr'><strong>saecu-</strong></span> 
     </span>
    </p>
   </div>
   <div class='ocr_carea' id='block_1_22' title="bbox 594 1047 2172 1116">
    <p class='ocr_par' dir='ltr' id='par_1_22' title="bbox 594 1047 2172 1116">
     <span class='ocr_line' id='line_1_22' title="bbox 594 1047 2172 1116; baseline -0.001 -13"><span class='ocrx_word' id='word_1_129' title='bbox 594 1049 706 1103; x_wconf 90' lang='lat' dir='ltr'><strong>lum</strong></span> <span class='ocrx_word' id='word_1_130' title='bbox 735 1063 829 1104; x_wconf 89' lang='lat' dir='ltr'><strong>eos</strong></span> <span class='ocrx_word' id='word_1_131' title='bbox 855 1057 1057 1116; x_wconf 90' lang='lat' dir='ltr'><strong>servat,</strong></span> <span class='ocrx_word' id='word_1_132' title='bbox 1082 1049 1175 1104; x_wconf 86' lang='lat' dir='ltr'><strong>ubi</strong></span> <span class='ocrx_word' id='word_1_133' title='bbox 1198 1049 1411 1103; x_wconf 88' lang='lat' dir='ltr'><strong>inﬁnita</strong></span> <span class='ocrx_word' id='word_1_134' title='bbox 1447 1058 1532 1103; x_wconf 87' lang='lat' dir='ltr'><strong>cst</strong></span> <span class='ocrx_word' id='word_1_135' title='bbox 1557 1048 1827 1103; x_wconf 87' lang='lat' dir='ltr'><strong>bonorum</strong></span> <span class='ocrx_word' id='word_1_136' title='bbox 1864 1047 2172 1104; x_wconf 75' lang='lat' dir='ltr'><strong>retributio.</strong></span> 
     </span>
    </p>
   </div>
   <div class='ocr_carea' id='block_1_23' title="bbox 1078 1229 1701 1285">
    <p class='ocr_par' dir='ltr' id='par_1_23' title="bbox 1078 1229 1701 1285">
     <span class='ocr_line' id='line_1_23' title="bbox 1078 1229 1701 1285; baseline 0.003 -2"><span class='ocrx_word' id='word_1_137' title='bbox 1078 1229 1397 1285; x_wconf 80' lang='lat' dir='ltr'><strong>PSALMUS</strong></span> <span class='ocrx_word' id='word_1_138' title='bbox 1427 1229 1701 1285; x_wconf 75' lang='lat' dir='ltr'><strong>XXXVII.</strong></span> 
     </span>
    </p>
   </div>
   <div class='ocr_carea' id='block_1_24' title="bbox 663 1319 2098 1394">
    <p class='ocr_par' dir='ltr' id='par_1_24' title="bbox 663 1319 2098 1394">
     <span class='ocr_line' id='line_1_24' title="bbox 663 1319 2098 1394; baseline -0.001 -20"><span class='ocrx_word' id='word_1_139' title='bbox 663 1319 831 1377; x_wconf 80' lang='lat' dir='ltr'><strong>Vens.</strong></span> <span class='ocrx_word' id='word_1_140' title='bbox 858 1323 911 1377; x_wconf 79' lang='grc'>5.</span> <span class='ocrx_word' id='word_1_141' title='bbox 958 1340 977 1373; x_wconf 80' lang='grc' dir='ltr'><strong>ι</strong></span> <span class='ocrx_word' id='word_1_142' title='bbox 1007 1322 1279 1388; x_wconf 83' lang='lat' dir='ltr'><strong>Quoniam</strong></span> <span class='ocrx_word' id='word_1_143' title='bbox 1313 1323 1527 1394; x_wconf 77' lang='lat' dir='ltr'><strong>sagittae</strong></span> <span class='ocrx_word' id='word_1_144' title='bbox 1559 1331 1665 1376; x_wconf 82' lang='lat' dir='ltr'><strong>tuae</strong></span> <span class='ocrx_word' id='word_1_145' title='bbox 1691 1320 1873 1377; x_wconf 72' lang='lat' dir='ltr'><strong>inﬁxae</strong></span> <span class='ocrx_word' id='word_1_146' title='bbox 1894 1328 2042 1376; x_wconf 89' lang='lat' dir='ltr'><strong>sunt.</strong></span> <span class='ocrx_word' id='word_1_147' title='bbox 2079 1340 2098 1373; x_wconf 78' lang='grc' dir='ltr'><strong>ι</strong></span> 
     </span>
    </p>
   </div>
   <div class='ocr_carea' id='block_1_25' title="bbox 662 1411 2173 1486">
    <p class='ocr_par' dir='ltr' id='par_1_25' title="bbox 662 1411 2173 1486">
     <span class='ocr_line' id='line_1_25' title="bbox 662 1411 2173 1486; baseline -0.001 -18"><span class='ocrx_word' id='word_1_148' title='bbox 662 1415 778 1469; x_wconf 88' lang='lat' dir='ltr'><strong>Non</strong></span> <span class='ocrx_word' id='word_1_149' title='bbox 813 1424 1020 1470; x_wconf 86' lang='lat' dir='ltr'><strong>temere</strong></span> <span class='ocrx_word' id='word_1_150' title='bbox 1050 1431 1151 1485; x_wconf 89' lang='lat' dir='ltr'><strong>pro</strong></span> <span class='ocrx_word' id='word_1_151' title='bbox 1176 1415 1295 1484; x_wconf 90' lang='lat' dir='ltr'><strong>ipso</strong></span> <span class='ocrx_word' id='word_1_152' title='bbox 1320 1429 1524 1486; x_wconf 87' lang='lat' dir='ltr'><strong>genere</strong></span> <span class='ocrx_word' id='word_1_153' title='bbox 1549 1414 1791 1468; x_wconf 85' lang='lat' dir='ltr'><strong>humano</strong></span> <span class='ocrx_word' id='word_1_154' title='bbox 1821 1413 1985 1467; x_wconf 86' lang='lat' dir='ltr'><strong>etiam</strong></span> <span class='ocrx_word' id='word_1_155' title='bbox 2011 1411 2173 1467; x_wconf 85' lang='lat' dir='ltr'><strong>Chri-</strong></span> 
     </span>
    </p>
   </div>
   <div class='ocr_carea' id='block_1_26' title="bbox 590 1502 2159 1605">
    <p class='ocr_par' dir='ltr' id='par_1_26' title="bbox 590 1504 2159 1576">
     <span class='ocr_line' id='line_1_26' title="bbox 590 1504 2159 1576; baseline -0.001 -16"><span class='ocrx_word' id='word_1_156' title='bbox 590 1516 709 1561; x_wconf 86' lang='lat' dir='ltr'><strong>stus</strong></span> <span class='ocrx_word' id='word_1_157' title='bbox 742 1507 871 1560; x_wconf 75' lang='lat' dir='ltr'><strong>inec</strong></span> <span class='ocrx_word' id='word_1_158' title='bbox 893 1507 1032 1576; x_wconf 86' lang='lat' dir='ltr'><strong>petit</strong></span> <span class='ocrx_word' id='word_1_159' title='bbox 1062 1522 1093 1560; x_wconf 87' lang='lat' dir='ltr'><strong>a</strong></span> <span class='ocrx_word' id='word_1_160' title='bbox 1129 1506 1297 1561; x_wconf 86' lang='lat' dir='ltr'><strong>Patre</strong></span> <span class='ocrx_word' id='word_1_161' title='bbox 1324 1522 1445 1561; x_wconf 90' lang='lat' dir='ltr'><strong>suo.</strong></span> <span class='ocrx_word' id='word_1_162' title='bbox 1482 1506 1591 1561; x_wconf 88' lang='lat' dir='ltr'><strong>Sed</strong></span> <span class='ocrx_word' id='word_1_163' title='bbox 1635 1506 1892 1576; x_wconf 87' lang='lat' dir='ltr'><strong>quoniam</strong></span> <span class='ocrx_word' id='word_1_164' title='bbox 1916 1547 1930 1571; x_wconf 91' lang='lat'><strong>,</strong></span> <span class='ocrx_word' id='word_1_165' title='bbox 1972 1504 2159 1575; x_wconf 63' lang='lat' dir='ltr'><strong>inquit,</strong></span> 
     </span>
    </p>
   </div>
   <div class='ocr_carea' id='block_1_27' title="bbox 2261 1502 3807 1605">
    <p class='ocr_par' dir='ltr' id='par_1_27' title="bbox 2277 1502 3758 1578">
     <span class='ocr_line' id='line_1_27' title="bbox 2277 1502 3758 1578; baseline 0.005 -23"><span class='ocrx_word' id='word_1_166' title='bbox 2277 1502 2419 1573; x_wconf 74' lang='grc' dir='ltr'>ὑπὲρ</span> <span class='ocrx_word' id='word_1_167' title='bbox 2454 1503 2547 1556; x_wconf 79' lang='grc' dir='ltr'>τοῦ</span> <span class='ocrx_word' id='word_1_168' title='bbox 2585 1503 2777 1573; x_wconf 81' lang='grc' dir='ltr'><strong>γένους</strong></span> <span class='ocrx_word' id='word_1_169' title='bbox 2810 1503 2922 1556; x_wconf 85' lang='grc' dir='ltr'>τῶν</span> <span class='ocrx_word' id='word_1_170' title='bbox 2951 1505 3259 1575; x_wconf 86' lang='grc' dir='ltr'>ἀνθρώπων</span> <span class='ocrx_word' id='word_1_171' title='bbox 3301 1506 3648 1578; x_wconf 77' lang='grc' dir='ltr'>προσεύχεται.</span> <span class='ocrx_word' id='word_1_172' title='bbox 3669 1511 3758 1564; x_wconf 65' lang='lat' dir='ltr'><strong>&#39;Aii&#39;</strong></span> 
     </span>
    </p>
   </div>
   <div class='ocr_carea' id='block_1_28' title="bbox 590 1590 2159 1671">
    <p class='ocr_par' dir='ltr' id='par_1_28' title="bbox 590 1590 2159 1663">
     <span class='ocr_line' id='line_1_28' title="bbox 590 1590 2159 1663; baseline 0.003 -20"><span class='ocrx_word' id='word_1_173' title='bbox 590 1606 713 1659; x_wconf 77' lang='lat' dir='ltr'><strong>quae</strong></span> <span class='ocrx_word' id='word_1_174' title='bbox 746 1590 801 1644; x_wconf 89' lang='lat' dir='ltr'><strong>in</strong></span> <span class='ocrx_word' id='word_1_175' title='bbox 835 1606 930 1645; x_wconf 86' lang='lat' dir='ltr'><strong>eos</strong></span> <span class='ocrx_word' id='word_1_176' title='bbox 971 1592 1169 1647; x_wconf 89' lang='lat' dir='ltr'><strong>intorta</strong></span> <span class='ocrx_word' id='word_1_177' title='bbox 1192 1601 1351 1647; x_wconf 89' lang='lat' dir='ltr'><strong>erant</strong></span> <span class='ocrx_word' id='word_1_178' title='bbox 1383 1594 1582 1662; x_wconf 77' lang='lat' dir='ltr'><strong>iacula,</strong></span> <span class='ocrx_word' id='word_1_179' title='bbox 1623 1595 1731 1648; x_wconf 88' lang='lat' dir='ltr'><strong>hoc</strong></span> <span class='ocrx_word' id='word_1_180' title='bbox 1776 1602 1881 1658; x_wconf 86' lang='lat' dir='ltr'><strong>est,</strong></span> <span class='ocrx_word' id='word_1_181' title='bbox 1916 1609 2159 1663; x_wconf 65' lang='lat' dir='ltr'><strong>quaecun-</strong></span> 
     </span>
    </p>
   </div>
   <div class='ocr_carea' id='block_1_29' title="bbox 2261 1590 3807 1671">
    <p class='ocr_par' dir='ltr' id='par_1_29' title="bbox 2275 1596 3807 1671">
     <span class='ocr_line' id='line_1_29' title="bbox 2275 1596 3807 1671; baseline 0.006 -24"><span class='ocrx_word' id='word_1_182' title='bbox 2275 1596 2465 1665; x_wconf 84' lang='grc' dir='ltr'>ἐπειδὴ</span> <span class='ocrx_word' id='word_1_183' title='bbox 2492 1597 2562 1650; x_wconf 84' lang='grc' dir='ltr'><strong>τά</strong></span> <span class='ocrx_word' id='word_1_184' title='bbox 2587 1599 2705 1649; x_wconf 81' lang='grc' dir='ltr'>κατ’</span> <span class='ocrx_word' id='word_1_185' title='bbox 2729 1598 2911 1651; x_wconf 79' lang='grc' dir='ltr'>αὐτῶν</span> <span class='ocrx_word' id='word_1_186' title='bbox 2937 1598 3098 1669; x_wconf 78' lang='grc' dir='ltr'>βέλη,</span> <span class='ocrx_word' id='word_1_187' title='bbox 3127 1599 3323 1668; x_wconf 75' lang='grc' dir='ltr'>φησὶν,</span> <span class='ocrx_word' id='word_1_188' title='bbox 3358 1600 3484 1662; x_wconf 80' lang='grc' dir='ltr'>ὅσας</span> <span class='ocrx_word' id='word_1_189' title='bbox 3525 1602 3757 1671; x_wconf 45' lang='lat' dir='ltr'><strong>«mea:</strong></span> <span class='ocrx_word' id='word_1_190' title='bbox 3806 1602 3807 1643; x_wconf 54' lang='grc' dir='ltr'><strong>ι</strong></span> 
     </span>
    </p>
   </div>
   <div class='ocr_carea' id='block_1_30' title="bbox 592 1681 2159 1767">
    <p class='ocr_par' dir='ltr' id='par_1_30' title="bbox 592 1681 2159 1753">
     <span class='ocr_line' id='line_1_30' title="bbox 592 1681 2159 1753; baseline 0.004 -20"><span class='ocrx_word' id='word_1_191' title='bbox 592 1696 699 1751; x_wconf 89' lang='lat' dir='ltr'><strong>que</strong></span> <span class='ocrx_word' id='word_1_192' title='bbox 730 1681 901 1752; x_wconf 71' lang='lat' dir='ltr'><strong>plaga:</strong></span> <span class='ocrx_word' id='word_1_193' title='bbox 932 1689 1157 1753; x_wconf 88' lang='lat' dir='ltr'><strong>propter</strong></span> <span class='ocrx_word' id='word_1_194' title='bbox 1186 1684 1359 1739; x_wconf 86' lang='lat' dir='ltr'><strong>Adam</strong></span> <span class='ocrx_word' id='word_1_195' title='bbox 1403 1698 1752 1740; x_wconf 86' lang='lat' dir='ltr'><strong>communem</strong></span> <span class='ocrx_word' id='word_1_196' title='bbox 1801 1695 2053 1740; x_wconf 88' lang='lat' dir='ltr'><strong>naturam</strong></span> <span class='ocrx_word' id='word_1_197' title='bbox 2086 1686 2159 1739; x_wconf 91' lang='lat' dir='ltr'><strong>in-</strong></span> 
     </span>
    </p>
   </div>
   <div class='ocr_carea' id='block_1_31' title="bbox 2261 1681 3755 1767">
    <p class='ocr_par' dir='ltr' id='par_1_31' title="bbox 2273 1687 3755 1767">
     <span class='ocr_line' id='line_1_31' title="bbox 2273 1687 3755 1767; baseline 0.006 -27"><span class='ocrx_word' id='word_1_198' title='bbox 2273 1689 2363 1741; x_wconf 82' lang='grc' dir='ltr'><strong>τὸν</strong></span> <span class='ocrx_word' id='word_1_199' title='bbox 2402 1687 2575 1758; x_wconf 77' lang='grc' dir='ltr'>Ἀδὰμ</span> <span class='ocrx_word' id='word_1_200' title='bbox 2618 1688 2856 1759; x_wconf 81' lang='grc' dir='ltr'>ἐπῆλθεν</span> <span class='ocrx_word' id='word_1_201' title='bbox 2899 1690 3042 1744; x_wconf 86' lang='grc' dir='ltr'><strong>κατά</strong></span> <span class='ocrx_word' id='word_1_202' title='bbox 3087 1691 3189 1761; x_wconf 85' lang='grc' dir='ltr'><strong>τῆς</strong></span> <span class='ocrx_word' id='word_1_203' title='bbox 3235 1694 3425 1761; x_wconf 80' lang='grc' dir='ltr'>κοινῆς</span> <span class='ocrx_word' id='word_1_204' title='bbox 3470 1692 3668 1760; x_wconf 79' lang='grc' dir='ltr'>φύσεως,</span> <span class='ocrx_word' id='word_1_205' title='bbox 3689 1701 3755 1767; x_wconf 57' lang='grc' dir='ltr'>ἐμαὶ</span> 
     </span>
    </p>
   </div>
   <div class='ocr_carea' id='block_1_32' title="bbox 593 1752 2159 1854">
    <p class='ocr_par' dir='ltr' id='par_1_32' title="bbox 593 1775 2159 1851">
     <span class='ocr_line' id='line_1_32' title="bbox 593 1775 2159 1851; baseline 0.007 -29"><span class='ocrx_word' id='word_1_206' title='bbox 593 1784 867 1841; x_wconf 88' lang='lat' dir='ltr'><strong>vaserant,</strong></span> <span class='ocrx_word' id='word_1_207' title='bbox 907 1775 977 1843; x_wconf 51' lang='lat' dir='ltr'><strong>in,</strong></span> <span class='ocrx_word' id='word_1_208' title='bbox 995 1791 1081 1829; x_wconf 91' lang='lat' dir='ltr'><strong>me</strong></span> <span class='ocrx_word' id='word_1_209' title='bbox 1106 1775 1285 1831; x_wconf 64' lang='lat' dir='ltr'><strong>inﬁxa:</strong></span> <span class='ocrx_word' id='word_1_210' title='bbox 1312 1787 1462 1831; x_wconf 91' lang='lat' dir='ltr'><strong>sunt.</strong></span> <span class='ocrx_word' id='word_1_211' title='bbox 1489 1778 1623 1832; x_wconf 86' lang='lat' dir='ltr'><strong>Nam</strong></span> <span class='ocrx_word' id='word_1_212' title='bbox 1654 1795 1777 1834; x_wconf 89' lang='lat' dir='ltr'><strong>cum</strong></span> <span class='ocrx_word' id='word_1_213' title='bbox 1808 1794 1907 1849; x_wconf 85' lang='lat' dir='ltr'><strong>ego</strong></span> <span class='ocrx_word' id='word_1_214' title='bbox 1950 1796 2048 1849; x_wconf 90' lang='lat' dir='ltr'><strong>pro</strong></span> <span class='ocrx_word' id='word_1_215' title='bbox 2076 1795 2159 1851; x_wconf 82' lang='lat' dir='ltr'><strong>ge-</strong></span> 
     </span>
    </p>
   </div>
   <div class='ocr_carea' id='block_1_33' title="bbox 2261 1752 3755 1854">
    <p class='ocr_par' dir='ltr' id='par_1_33' title="bbox 2273 1752 3755 1854">
     <span class='ocr_line' id='line_1_33' title="bbox 2273 1752 3755 1854; baseline 0.006 -22"><span class='ocrx_word' id='word_1_216' title='bbox 2273 1752 2646 1852; x_wconf 78' lang='grc' dir='ltr'>ὲνεπάγησαν.</span> <span class='ocrx_word' id='word_1_217' title='bbox 2682 1752 2903 1852; x_wconf 56' lang='grc' dir='ltr'>’ἐπειδὴ</span> <span class='ocrx_word' id='word_1_218' title='bbox 2935 1783 3046 1854; x_wconf 83' lang='grc' dir='ltr'>γὰρ</span> <span class='ocrx_word' id='word_1_219' title='bbox 3086 1752 3200 1852; x_wconf 76' lang='grc' dir='ltr'><strong>ἐγὼ</strong></span> <span class='ocrx_word' id='word_1_220' title='bbox 3246 1785 3346 1847; x_wconf 75' lang='grc' dir='ltr'>τὰς</span> <span class='ocrx_word' id='word_1_221' title='bbox 3381 1752 3517 1853; x_wconf 46' lang='grc' dir='ltr'>ἀπε-ρ</span> <span class='ocrx_word' id='word_1_222' title='bbox 3541 1786 3620 1839; x_wconf 77' lang='grc' dir='ltr'>τοῦ</span> <span class='ocrx_word' id='word_1_223' title='bbox 3637 1752 3755 1854; x_wconf 30' lang='lat' dir='ltr'><strong>eis;</strong></span> 
     </span>
    </p>
   </div>
   <div class='ocr_carea' id='block_1_34' title="bbox 592 1863 2159 1943">
    <p class='ocr_par' dir='ltr' id='par_1_34' title="bbox 592 1863 2159 1938">
     <span class='ocr_line' id='line_1_34' title="bbox 592 1863 2159 1938; baseline 0.005 -22"><span class='ocrx_word' id='word_1_224' title='bbox 592 1878 725 1917; x_wconf 89' lang='lat' dir='ltr'><strong>nere</strong></span> <span class='ocrx_word' id='word_1_225' title='bbox 756 1863 998 1918; x_wconf 89' lang='lat' dir='ltr'><strong>humano</strong></span> <span class='ocrx_word' id='word_1_226' title='bbox 1023 1874 1245 1934; x_wconf 82' lang='lat' dir='ltr'><strong>peccata</strong></span> <span class='ocrx_word' id='word_1_227' title='bbox 1272 1868 1634 1938; x_wconf 88' lang='lat' dir='ltr'><strong>susceperim,</strong></span> <span class='ocrx_word' id='word_1_228' title='bbox 1664 1870 1977 1924; x_wconf 87' lang='lat' dir='ltr'><strong>necessario</strong></span> <span class='ocrx_word' id='word_1_229' title='bbox 2005 1872 2159 1925; x_wconf 84' lang='lat' dir='ltr'><strong>etiam</strong></span> 
     </span>
    </p>
   </div>
   <div class='ocr_carea' id='block_1_35' title="bbox 2261 1863 3755 1943">
    <p class='ocr_par' dir='ltr' id='par_1_35' title="bbox 2272 1870 3755 1943">
     <span class='ocr_line' id='line_1_35' title="bbox 2272 1870 3755 1943; baseline 0.005 -20"><span class='ocrx_word' id='word_1_230' title='bbox 2272 1870 2380 1923; x_wconf 85' lang='grc' dir='ltr'><strong>τῶν</strong></span> <span class='ocrx_word' id='word_1_231' title='bbox 2423 1870 2732 1942; x_wconf 86' lang='grc' dir='ltr'>ἀνθρώπων</span> <span class='ocrx_word' id='word_1_232' title='bbox 2763 1873 3043 1943; x_wconf 85' lang='grc' dir='ltr'>ἁμαρτίας</span> <span class='ocrx_word' id='word_1_233' title='bbox 3082 1873 3384 1939; x_wconf 75' lang='grc' dir='ltr'>ἀνέλαΰον,</span> <span class='ocrx_word' id='word_1_234' title='bbox 3415 1876 3682 1943; x_wconf 76' lang='grc' dir='ltr'>ἀναγκαίαις</span> <span class='ocrx_word' id='word_1_235' title='bbox 3707 1884 3755 1931; x_wconf 74' lang='grc' dir='ltr'><strong>καί</strong></span> 
     </span>
    </p>
   </div>
   <div class='ocr_carea' id='block_1_36' title="bbox 591 1955 2159 2036">
    <p class='ocr_par' dir='ltr' id='par_1_36' title="bbox 591 1955 2159 2027">
     <span class='ocr_line' id='line_1_36' title="bbox 591 1955 2159 2027; baseline 0.006 -20"><span class='ocrx_word' id='word_1_236' title='bbox 591 1970 693 2024; x_wconf 87' lang='lat' dir='ltr'><strong>pro</strong></span> <span class='ocrx_word' id='word_1_237' title='bbox 722 1955 825 2010; x_wconf 90' lang='lat' dir='ltr'><strong>illis</strong></span> <span class='ocrx_word' id='word_1_238' title='bbox 858 1957 1028 2011; x_wconf 89' lang='lat' dir='ltr'><strong>subeo</strong></span> <span class='ocrx_word' id='word_1_239' title='bbox 1055 1957 1422 2027; x_wconf 86' lang='lat' dir='ltr'><strong>disciplinam.</strong></span> <span class='ocrx_word' id='word_1_240' title='bbox 1461 1959 1526 2015; x_wconf 86' lang='lat' dir='ltr'><strong>Et</strong></span> <span class='ocrx_word' id='word_1_241' title='bbox 1563 1961 1686 2016; x_wconf 90' lang='lat' dir='ltr'><strong>ideo</strong></span> <span class='ocrx_word' id='word_1_242' title='bbox 1711 1962 2046 2017; x_wconf 90' lang='lat' dir='ltr'><strong>conﬁrmasti</strong></span> <span class='ocrx_word' id='word_1_243' title='bbox 2081 1979 2159 2017; x_wconf 90' lang='lat' dir='ltr'><strong>su-</strong></span> 
     </span>
    </p>
   </div>
   <div class='ocr_carea' id='block_1_37' title="bbox 2261 1955 3753 2036">
    <p class='ocr_par' dir='ltr' id='par_1_37' title="bbox 2272 1963 3753 2036">
     <span class='ocr_line' id='line_1_37' title="bbox 2272 1963 3753 2036; baseline 0.003 -20"><span class='ocrx_word' id='word_1_244' title='bbox 2272 1963 2369 2026; x_wconf 76' lang='grc' dir='ltr'>τὰς</span> <span class='ocrx_word' id='word_1_245' title='bbox 2420 1963 2562 2033; x_wconf 84' lang='grc' dir='ltr'>ὑπὲρ</span> <span class='ocrx_word' id='word_1_246' title='bbox 2608 1964 2790 2017; x_wconf 84' lang='grc' dir='ltr'>αὐτῶν</span> <span class='ocrx_word' id='word_1_247' title='bbox 2828 1965 3080 2028; x_wconf 77' lang='grc' dir='ltr'>παιδείας</span> <span class='ocrx_word' id='word_1_248' title='bbox 3123 1967 3451 2036; x_wconf 74' lang='grc' dir='ltr'>ὑφίσταμαι.</span> <span class='ocrx_word' id='word_1_249' title='bbox 3481 1969 3564 2020; x_wconf 74' lang='grc' dir='ltr'>Διὸ</span> <span class='ocrx_word' id='word_1_250' title='bbox 3605 1971 3673 2020; x_wconf 80' lang='grc' dir='ltr'><strong>καὶ</strong></span> <span class='ocrx_word' id='word_1_251' title='bbox 3702 1972 3753 2021; x_wconf 71' lang='grc' dir='ltr'><strong>ἐπ-</strong></span> 
     </span>
    </p>
   </div>
   <div class='ocr_carea' id='block_1_38' title="bbox 589 2052 2159 2132">
    <p class='ocr_par' dir='ltr' id='par_1_38' title="bbox 589 2052 2159 2123">
     <span class='ocr_line' id='line_1_38' title="bbox 589 2052 2159 2123; baseline 0.005 -25"><span class='ocrx_word' id='word_1_252' title='bbox 589 2060 690 2114; x_wconf 80' lang='lat' dir='ltr'><strong>per</strong></span> <span class='ocrx_word' id='word_1_253' title='bbox 721 2061 807 2100; x_wconf 90' lang='lat' dir='ltr'><strong>me</strong></span> <span class='ocrx_word' id='word_1_254' title='bbox 835 2062 1057 2101; x_wconf 86' lang='lat' dir='ltr'><strong>manum</strong></span> <span class='ocrx_word' id='word_1_255' title='bbox 1087 2056 1235 2103; x_wconf 90' lang='lat' dir='ltr'><strong>tuam</strong></span> <span class='ocrx_word' id='word_1_256' title='bbox 1258 2052 1672 2121; x_wconf 88' lang='lat' dir='ltr'><strong>correptricem,</strong></span> <span class='ocrx_word' id='word_1_257' title='bbox 1704 2053 1772 2107; x_wconf 92' lang='lat' dir='ltr'><strong>de</strong></span> <span class='ocrx_word' id='word_1_258' title='bbox 1802 2068 1909 2123; x_wconf 86' lang='lat' dir='ltr'><strong>qua</strong></span> <span class='ocrx_word' id='word_1_259' title='bbox 1932 2052 2033 2108; x_wconf 83' lang='lat' dir='ltr'><strong>Joh</strong></span> <span class='ocrx_word' id='word_1_260' title='bbox 2052 2054 2129 2108; x_wconf 90' lang='lat' dir='ltr'><strong>ait</strong></span> <span class='ocrx_word' id='word_1_261' title='bbox 2153 2067 2159 2106; x_wconf 75' lang='grc' dir='ltr'><strong>ε</strong></span> 
     </span>
    </p>
   </div>
   <div class='ocr_carea' id='block_1_39' title="bbox 2261 2052 3752 2132">
    <p class='ocr_par' dir='ltr' id='par_1_39' title="bbox 2272 2055 3752 2132">
     <span class='ocr_line' id='line_1_39' title="bbox 2272 2055 3752 2132; baseline 0.004 -26"><span class='ocrx_word' id='word_1_262' title='bbox 2272 2055 2564 2125; x_wconf 81' lang='grc' dir='ltr'>εστὴριξας</span> <span class='ocrx_word' id='word_1_263' title='bbox 2613 2058 2701 2109; x_wconf 83' lang='grc' dir='ltr'>ἐπ’</span> <span class='ocrx_word' id='word_1_264' title='bbox 2722 2057 2833 2126; x_wconf 47' lang='grc' dir='ltr'>ἐμὲ,</span> <span class='ocrx_word' id='word_1_265' title='bbox 2858 2059 2957 2127; x_wconf 81' lang='grc' dir='ltr'><strong>τὴν</strong></span> <span class='ocrx_word' id='word_1_266' title='bbox 2988 2059 3147 2129; x_wconf 87' lang='grc' dir='ltr'>χεῖρά</span> <span class='ocrx_word' id='word_1_267' title='bbox 3199 2076 3297 2112; x_wconf 85' lang='grc' dir='ltr'><strong>σου</strong></span> <span class='ocrx_word' id='word_1_268' title='bbox 3345 2060 3443 2130; x_wconf 77' lang='grc' dir='ltr'>τὴν</span> <span class='ocrx_word' id='word_1_269' title='bbox 3483 2062 3752 2132; x_wconf 56' lang='grc' dir='ltr'>παιδευτικῂ,</span> 
     </span>
    </p>
   </div>
   <div class='ocr_carea' id='block_1_40' title="bbox 588 2138 2159 2222">
    <p class='ocr_par' dir='ltr' id='par_1_40' title="bbox 588 2138 1403 2212">
     <span class='ocr_line' id='line_1_40' title="bbox 588 2138 1403 2212; baseline 0.009 -20"><span class='ocrx_word' id='word_1_270' title='bbox 588 2138 778 2193; x_wconf 77' lang='lat' dir='ltr'><strong>Manus</strong></span> <span class='ocrx_word' id='word_1_271' title='bbox 808 2139 1018 2195; x_wconf 83' lang='lat' dir='ltr'><strong>Domini</strong></span> <span class='ocrx_word' id='word_1_272' title='bbox 1049 2142 1219 2212; x_wconf 79' lang='lat' dir='ltr'><strong>tetigit</strong></span> <span class='ocrx_word' id='word_1_273' title='bbox 1250 2160 1330 2198; x_wconf 88' lang='lat' dir='ltr'><strong>me</strong></span> <span class='ocrx_word' id='word_1_274' title='bbox 1361 2146 1403 2199; x_wconf 76' lang='lat'><strong>’.</strong></span> 
     </span>
    </p>
   </div>
   <div class='ocr_carea' id='block_1_41' title="bbox 2261 2138 3752 2222">
    <p class='ocr_par' dir='ltr' id='par_1_41' title="bbox 2272 2142 3752 2222">
     <span class='ocr_line' id='line_1_41' title="bbox 2272 2142 3752 2222; baseline 0.007 -25"><span class='ocrx_word' id='word_1_275' title='bbox 2272 2144 2405 2215; x_wconf 75' lang='grc' dir='ltr'>περὶ</span> <span class='ocrx_word' id='word_1_276' title='bbox 2446 2142 2514 2217; x_wconf 82' lang='grc' dir='ltr'>ἦς</span> <span class='ocrx_word' id='word_1_277' title='bbox 2551 2146 2671 2200; x_wconf 80' lang='grc' dir='ltr'><strong>Ἰὼϐ</strong></span> <span class='ocrx_word' id='word_1_278' title='bbox 2703 2147 2890 2216; x_wconf 71' lang='grc' dir='ltr'>ἔλεγε·</span> <span class='ocrx_word' id='word_1_279' title='bbox 2924 2148 3064 2217; x_wconf 83' lang='grc' dir='ltr'><strong>Χείρ</strong></span> <span class='ocrx_word' id='word_1_280' title='bbox 3090 2151 3321 2217; x_wconf 80' lang='grc' dir='ltr'>Κυρίου</span> <span class='ocrx_word' id='word_1_281' title='bbox 3360 2151 3397 2218; x_wconf 71' lang='grc' dir='ltr'>ἡ</span> <span class='ocrx_word' id='word_1_282' title='bbox 3429 2151 3667 2221; x_wconf 71' lang='grc' dir='ltr'>ἁψαμένη</span> <span class='ocrx_word' id='word_1_283' title='bbox 3691 2160 3752 2222; x_wconf 60' lang='grc' dir='ltr'>μοι)</span> 
     </span>
    </p>
   </div>
   <div class='ocr_carea' id='block_1_42' title="bbox 2271 2236 2465 2290">
    <p class='ocr_par' dir='ltr' id='par_1_42' title="bbox 2271 2236 2465 2290">
     <span class='ocr_line' id='line_1_42' title="bbox 2271 2236 2465 2290; baseline 0.005 -1"><span class='ocrx_word' id='word_1_284' title='bbox 2271 2236 2465 2290; x_wconf 81' lang='grc' dir='ltr'>ἐστιν.</span> 
     </span>
    </p>
   </div>
   <div class='ocr_carea' id='block_1_43' title="bbox 1054 2325 1706 2382">
    <p class='ocr_par' dir='ltr' id='par_1_43' title="bbox 1054 2325 1706 2382">
     <span class='ocr_line' id='line_1_43' title="bbox 1054 2325 1706 2382; baseline 0.005 -3"><span class='ocrx_word' id='word_1_285' title='bbox 1054 2325 1372 2381; x_wconf 77' lang='lat' dir='ltr'><strong>PSALMUS</strong></span> <span class='ocrx_word' id='word_1_286' title='bbox 1410 2325 1706 2382; x_wconf 70' lang='lat' dir='ltr'><strong>XXXVIII.</strong></span> 
     </span>
    </p>
   </div>
   <div class='ocr_carea' id='block_1_44' title="bbox 656 2413 2159 2493">
    <p class='ocr_par' dir='ltr' id='par_1_44' title="bbox 656 2413 1917 2475">
     <span class='ocr_line' id='line_1_44' title="bbox 656 2413 1917 2475; baseline 0.002 -6"><span class='ocrx_word' id='word_1_287' title='bbox 656 2413 824 2469; x_wconf 75' lang='lat' dir='ltr'><strong>Vsus.</strong></span> <span class='ocrx_word' id='word_1_288' title='bbox 866 2417 922 2472; x_wconf 71' lang='lat'><strong>9..</strong></span> <span class='ocrx_word' id='word_1_289' title='bbox 968 2436 986 2469; x_wconf 88' lang='grc'><strong>‹</strong></span> <span class='ocrx_word' id='word_1_290' title='bbox 1026 2416 1143 2471; x_wconf 86' lang='lat' dir='ltr'><strong>Dixi</strong></span> <span class='ocrx_word' id='word_1_291' title='bbox 1172 2437 1186 2473; x_wconf 87' lang='lat'><strong>:</strong></span> <span class='ocrx_word' id='word_1_292' title='bbox 1211 2418 1527 2474; x_wconf 86' lang='lat' dir='ltr'><strong>Custodiam</strong></span> <span class='ocrx_word' id='word_1_293' title='bbox 1556 2420 1671 2475; x_wconf 88' lang='lat' dir='ltr'><strong>vias</strong></span> <span class='ocrx_word' id='word_1_294' title='bbox 1701 2434 1870 2474; x_wconf 82' lang='lat' dir='ltr'><strong>meas.</strong></span> <span class='ocrx_word' id='word_1_295' title='bbox 1899 2439 1917 2471; x_wconf 75' lang='grc' dir='ltr'><strong>ι</strong></span> 
     </span>
    </p>
   </div>
   <div class='ocr_carea' id='block_1_45' title="bbox 2261 2413 3357 2493">
    <p class='ocr_par' dir='ltr' id='par_1_45' title="bbox 2350 2415 3357 2493">
     <span class='ocr_line' id='line_1_45' title="bbox 2350 2415 3357 2493; baseline 0.007 -23"><span class='ocrx_word' id='word_1_296' title='bbox 2350 2439 2368 2469; x_wconf 74' lang='grc' dir='ltr'><strong>ι</strong></span> <span class='ocrx_word' id='word_1_297' title='bbox 2403 2415 2547 2473; x_wconf 79' lang='grc' dir='ltr'>Εἷπα</span> <span class='ocrx_word' id='word_1_298' title='bbox 2566 2438 2581 2452; x_wconf 80' lang='grc' dir='ltr'><strong>ο</strong></span> <span class='ocrx_word' id='word_1_299' title='bbox 2609 2420 2833 2487; x_wconf 77' lang='grc' dir='ltr'>Φυλάξω</span> <span class='ocrx_word' id='word_1_300' title='bbox 2862 2423 2958 2484; x_wconf 83' lang='grc' dir='ltr'>τὰς</span> <span class='ocrx_word' id='word_1_301' title='bbox 2984 2423 3139 2484; x_wconf 83' lang='grc' dir='ltr'>ὁδούς</span> <span class='ocrx_word' id='word_1_302' title='bbox 3170 2442 3299 2493; x_wconf 80' lang='grc' dir='ltr'>μου.</span> <span class='ocrx_word' id='word_1_303' title='bbox 3337 2444 3357 2477; x_wconf 74' lang='grc' dir='ltr'><strong>ι</strong></span> 
     </span>
    </p>
   </div>
   <div class='ocr_carea' id='block_1_46' title="bbox 662 2506 2159 2589">
    <p class='ocr_par' dir='ltr' id='par_1_46' title="bbox 662 2506 2159 2583">
     <span class='ocr_line' id='line_1_46' title="bbox 662 2506 2159 2583; baseline 0.007 -25"><span class='ocrx_word' id='word_1_304' title='bbox 662 2506 825 2562; x_wconf 87' lang='lat' dir='ltr'><strong>Decet</strong></span> <span class='ocrx_word' id='word_1_305' title='bbox 860 2506 966 2562; x_wconf 90' lang='lat' dir='ltr'><strong>hoc</strong></span> <span class='ocrx_word' id='word_1_306' title='bbox 992 2524 1212 2563; x_wconf 87' lang='lat' dir='ltr'><strong>omnem</strong></span> <span class='ocrx_word' id='word_1_307' title='bbox 1245 2511 1567 2581; x_wconf 82' lang='lat' dir='ltr'><strong>prophetam</strong></span> <span class='ocrx_word' id='word_1_308' title='bbox 1613 2521 1669 2567; x_wconf 92' lang='lat' dir='ltr'><strong>et</strong></span> <span class='ocrx_word' id='word_1_309' title='bbox 1713 2512 1991 2568; x_wconf 90' lang='lat' dir='ltr'><strong>doctorem</strong></span> <span class='ocrx_word' id='word_1_310' title='bbox 2047 2529 2159 2583; x_wconf 91' lang='lat' dir='ltr'><strong>pro-</strong></span> 
     </span>
    </p>
   </div>
   <div class='ocr_carea' id='block_1_47' title="bbox 2261 2506 3756 2589">
    <p class='ocr_par' dir='ltr' id='par_1_47' title="bbox 2345 2510 3756 2589">
     <span class='ocr_line' id='line_1_47' title="bbox 2345 2510 3756 2589; baseline 0.006 -27"><span class='ocrx_word' id='word_1_311' title='bbox 2345 2511 2517 2563; x_wconf 76' lang='grc' dir='ltr'>Παντὶ</span> <span class='ocrx_word' id='word_1_312' title='bbox 2541 2510 2702 2564; x_wconf 82' lang='grc' dir='ltr'>τοῦτο</span> <span class='ocrx_word' id='word_1_313' title='bbox 2732 2515 2991 2585; x_wconf 74' lang='grc' dir='ltr'>προφήτῃ</span> <span class='ocrx_word' id='word_1_314' title='bbox 3025 2516 3122 2567; x_wconf 72' lang='grc' dir='ltr'><strong>καὶ</strong></span> <span class='ocrx_word' id='word_1_315' title='bbox 3155 2515 3472 2589; x_wconf 81' lang='grc' dir='ltr'>διδασκάλῳ</span> <span class='ocrx_word' id='word_1_316' title='bbox 3509 2520 3756 2589; x_wconf 66' lang='grc' dir='ltr'>πρέται,τὲ;</span> 
     </span>
    </p>
   </div>
   <div class='ocr_carea' id='block_1_48' title="bbox 586 2597 2159 2679">
    <p class='ocr_par' dir='ltr' id='par_1_48' title="bbox 586 2597 2159 2679">
     <span class='ocr_line' id='line_1_48' title="bbox 586 2597 2159 2679; baseline 0.005 -29"><span class='ocrx_word' id='word_1_317' title='bbox 586 2597 734 2667; x_wconf 89' lang='lat' dir='ltr'><strong>prias</strong></span> <span class='ocrx_word' id='word_1_318' title='bbox 756 2598 872 2652; x_wconf 87' lang='lat' dir='ltr'><strong>vias</strong></span> <span class='ocrx_word' id='word_1_319' title='bbox 899 2600 1431 2679; x_wconf 32' lang='lat' dir='ltr'><strong>custodire,.scilicct</strong></span> <span class='ocrx_word' id='word_1_320' title='bbox 1456 2603 1738 2657; x_wconf 91' lang='lat' dir='ltr'><strong>actionum</strong></span> <span class='ocrx_word' id='word_1_321' title='bbox 1767 2618 1966 2659; x_wconf 85' lang='lat' dir='ltr'><strong>cursus</strong></span> <span class='ocrx_word' id='word_1_322' title='bbox 1993 2615 2050 2658; x_wconf 88' lang='lat' dir='ltr'><strong>et</strong></span> <span class='ocrx_word' id='word_1_323' title='bbox 2083 2605 2159 2658; x_wconf 90' lang='lat' dir='ltr'><strong>in-</strong></span> 
     </span>
    </p>
   </div>
   <div class='ocr_carea' id='block_1_49' title="bbox 2261 2597 3759 2679">
    <p class='ocr_par' dir='ltr' id='par_1_49' title="bbox 2271 2601 3759 2679">
     <span class='ocr_line' id='line_1_49' title="bbox 2271 2601 3759 2679; baseline 0.006 -27"><span class='ocrx_word' id='word_1_324' title='bbox 2271 2601 2481 2664; x_wconf 77' lang='grc' dir='ltr'>οἰκείας</span> <span class='ocrx_word' id='word_1_325' title='bbox 2530 2602 2822 2670; x_wconf 82' lang='grc' dir='ltr'>φυλάττειν</span> <span class='ocrx_word' id='word_1_326' title='bbox 2854 2604 3040 2668; x_wconf 81' lang='grc' dir='ltr'>ὁδοὺς,</span> <span class='ocrx_word' id='word_1_327' title='bbox 3072 2603 3280 2676; x_wconf 80' lang='grc' dir='ltr'>δηλαδὴ</span> <span class='ocrx_word' id='word_1_328' title='bbox 3317 2608 3447 2671; x_wconf 80' lang='grc' dir='ltr'>τοὺς</span> <span class='ocrx_word' id='word_1_329' title='bbox 3488 2608 3680 2679; x_wconf 73' lang='grc' dir='ltr'>δρόμους</span> <span class='ocrx_word' id='word_1_330' title='bbox 3707 2612 3759 2663; x_wconf 63' lang='grc' dir='ltr'>καὶ</span> 
     </span>
    </p>
   </div>
   <div class='ocr_carea' id='block_1_50' title="bbox 588 2674 2159 2787">
    <p class='ocr_par' dir='ltr' id='par_1_50' title="bbox 588 2674 2159 2760">
     <span class='ocr_line' id='line_1_50' title="bbox 588 2674 2159 2760; baseline 0.006 -19"><span class='ocrx_word' id='word_1_331' title='bbox 588 2705 830 2760; x_wconf 76' lang='lat' dir='ltr'><strong>gressus,</strong></span> <span class='ocrx_word' id='word_1_332' title='bbox 860 2691 933 2746; x_wconf 88' lang='lat' dir='ltr'><strong>ita</strong></span> <span class='ocrx_word' id='word_1_333' title='bbox 970 2674 1162 2746; x_wconf 86' lang='lat' dir='ltr'><strong>utnon</strong></span> <span class='ocrx_word' id='word_1_334' title='bbox 1189 2692 1434 2747; x_wconf 87' lang='lat' dir='ltr'><strong>declinet</strong></span> <span class='ocrx_word' id='word_1_335' title='bbox 1472 2694 1528 2747; x_wconf 91' lang='lat' dir='ltr'><strong>in</strong></span> <span class='ocrx_word' id='word_1_336' title='bbox 1576 2695 1790 2757; x_wconf 82' lang='lat' dir='ltr'><strong>vitium,</strong></span> <span class='ocrx_word' id='word_1_337' title='bbox 1817 2710 1925 2749; x_wconf 91' lang='lat' dir='ltr'><strong>non</strong></span> <span class='ocrx_word' id='word_1_338' title='bbox 1951 2696 2159 2751; x_wconf 80' lang='lat' dir='ltr'><strong>aberret</strong></span> 
     </span>
    </p>
   </div>
   <div class='ocr_carea' id='block_1_51' title="bbox 2261 2674 3759 2787">
    <p class='ocr_par' dir='ltr' id='par_1_51' title="bbox 2271 2692 3759 2770">
     <span class='ocr_line' id='line_1_51' title="bbox 2271 2692 3759 2770; baseline 0.006 -26"><span class='ocrx_word' id='word_1_339' title='bbox 2271 2692 2370 2755; x_wconf 73' lang='grc' dir='ltr'><strong>τὰς</strong></span> <span class='ocrx_word' id='word_1_340' title='bbox 2406 2694 2629 2760; x_wconf 77' lang='grc' dir='ltr'>πορείας</span> <span class='ocrx_word' id='word_1_341' title='bbox 2658 2695 2769 2748; x_wconf 81' lang='grc' dir='ltr'>τῶν</span> <span class='ocrx_word' id='word_1_342' title='bbox 2805 2696 3082 2767; x_wconf 80' lang='grc' dir='ltr'>πράξεων,</span> <span class='ocrx_word' id='word_1_343' title='bbox 3109 2697 3253 2750; x_wconf 82' lang='grc' dir='ltr'>ὥστε</span> <span class='ocrx_word' id='word_1_344' title='bbox 3287 2701 3364 2770; x_wconf 79' lang='grc' dir='ltr'>μὴ</span> <span class='ocrx_word' id='word_1_345' title='bbox 3392 2700 3615 2753; x_wconf 79' lang='grc' dir='ltr'>ἐκκλῖναι</span> <span class='ocrx_word' id='word_1_346' title='bbox 3638 2704 3759 2763; x_wconf 74' lang='grc' dir='ltr'>εἰςιιι-</span> 
     </span>
    </p>
   </div>
   <div class='ocr_carea' id='block_1_52' title="bbox 587 2778 2159 2863">
    <p class='ocr_par' dir='ltr' id='par_1_52' title="bbox 587 2778 2159 2855">
     <span class='ocr_line' id='line_1_52' title="bbox 587 2778 2159 2855; baseline 0.008 -26"><span class='ocrx_word' id='word_1_347' title='bbox 587 2778 645 2830; x_wconf 91' lang='lat' dir='ltr'><strong>in</strong></span> <span class='ocrx_word' id='word_1_348' title='bbox 688 2778 893 2850; x_wconf 81' lang='lat' dir='ltr'><strong>lingua,</strong></span> <span class='ocrx_word' id='word_1_349' title='bbox 949 2781 1078 2835; x_wconf 93' lang='lat' dir='ltr'><strong>dum</strong></span> <span class='ocrx_word' id='word_1_350' title='bbox 1129 2782 1288 2837; x_wconf 88' lang='lat' dir='ltr'><strong>dictis</strong></span> <span class='ocrx_word' id='word_1_351' title='bbox 1349 2792 1477 2855; x_wconf 88' lang='lat' dir='ltr'><strong>agat</strong></span> <span class='ocrx_word' id='word_1_352' title='bbox 1503 2786 1802 2840; x_wconf 85' lang='lat' dir='ltr'><strong>contraria.</strong></span> <span class='ocrx_word' id='word_1_353' title='bbox 1848 2784 1988 2841; x_wconf 85' lang='lat' dir='ltr'><strong>Vere</strong></span> <span class='ocrx_word' id='word_1_354' title='bbox 2021 2788 2159 2843; x_wconf 90' lang='lat' dir='ltr'><strong>enim</strong></span> 
     </span>
    </p>
   </div>
   <div class='ocr_carea' id='block_1_53' title="bbox 2261 2778 3760 2863">
    <p class='ocr_par' dir='ltr' id='par_1_53' title="bbox 2272 2778 3760 2863">
     <span class='ocr_line' id='line_1_53' title="bbox 2272 2778 3760 2863; baseline 0.004 -24"><span class='ocrx_word' id='word_1_355' title='bbox 2272 2784 2418 2851; x_wconf 86' lang='grc' dir='ltr'>κίαν,</span> <span class='ocrx_word' id='word_1_356' title='bbox 2447 2778 2571 2857; x_wconf 76' lang='grc' dir='ltr'>μηδ’</span> <span class='ocrx_word' id='word_1_357' title='bbox 2593 2788 2928 2859; x_wconf 83' lang='grc' dir='ltr'>ἁμαρτάνειν</span> <span class='ocrx_word' id='word_1_358' title='bbox 2962 2792 3020 2843; x_wconf 75' lang='grc' dir='ltr'>ὲν</span> <span class='ocrx_word' id='word_1_359' title='bbox 3049 2790 3278 2863; x_wconf 83' lang='grc' dir='ltr'>γλώσσῃ</span> <span class='ocrx_word' id='word_1_360' title='bbox 3301 2834 3315 2858; x_wconf 92' lang='grc'><strong>,</strong></span> <span class='ocrx_word' id='word_1_361' title='bbox 3351 2795 3563 2848; x_wconf 80' lang='grc' dir='ltr'>ἐναντία</span> <span class='ocrx_word' id='word_1_362' title='bbox 3583 2797 3670 2856; x_wconf 82' lang='grc' dir='ltr'>τοῖς</span> <span class='ocrx_word' id='word_1_363' title='bbox 3687 2796 3760 2847; x_wconf 69' lang='grc' dir='ltr'>ἐαυ-</span> 
     </span>
    </p>
   </div>
   <div class='ocr_carea' id='block_1_54' title="bbox 587 2867 2159 2958">
    <p class='ocr_par' dir='ltr' id='par_1_54' title="bbox 587 2867 2159 2950">
     <span class='ocr_line' id='line_1_54' title="bbox 587 2867 2159 2950; baseline 0.01 -31"><span class='ocrx_word' id='word_1_364' title='bbox 587 2867 772 2938; x_wconf 88' lang='lat' dir='ltr'><strong>lingua</strong></span> <span class='ocrx_word' id='word_1_365' title='bbox 809 2880 1038 2939; x_wconf 81' lang='lat' dir='ltr'><strong>peccat,</strong></span> <span class='ocrx_word' id='word_1_366' title='bbox 1092 2872 1185 2942; x_wconf 90' lang='lat' dir='ltr'><strong>qui</strong></span> <span class='ocrx_word' id='word_1_367' title='bbox 1235 2874 1381 2942; x_wconf 90' lang='lat' dir='ltr'><strong>quod</strong></span> <span class='ocrx_word' id='word_1_368' title='bbox 1439 2875 1604 2929; x_wconf 84' lang='lat' dir='ltr'><strong>verbo</strong></span> <span class='ocrx_word' id='word_1_369' title='bbox 1652 2876 1848 2931; x_wconf 87' lang='lat' dir='ltr'><strong>vitium</strong></span> <span class='ocrx_word' id='word_1_370' title='bbox 1900 2880 2159 2950; x_wconf 72' lang='lat' dir='ltr'><strong>coarguit,</strong></span> 
     </span>
    </p>
   </div>
   <div class='ocr_carea' id='block_1_55' title="bbox 2261 2867 3762 2958">
    <p class='ocr_par' dir='ltr' id='par_1_55' title="bbox 2270 2878 3762 2958">
     <span class='ocr_line' id='line_1_55' title="bbox 2270 2878 3762 2958; baseline 0.007 -28"><span class='ocrx_word' id='word_1_371' title='bbox 2270 2878 2365 2932; x_wconf 82' lang='grc' dir='ltr'><strong>τοῦ</strong></span> <span class='ocrx_word' id='word_1_372' title='bbox 2409 2880 2589 2947; x_wconf 85' lang='grc' dir='ltr'>λόγοις</span> <span class='ocrx_word' id='word_1_373' title='bbox 2622 2882 3469 2956; x_wconf 82' lang='grc' dir='ltr'>διαπραττόμενον.Ἀμαρτάνει</span> <span class='ocrx_word' id='word_1_374' title='bbox 3507 2887 3603 2958; x_wconf 87' lang='grc' dir='ltr'>γὰρ</span> <span class='ocrx_word' id='word_1_375' title='bbox 3626 2888 3762 2953; x_wconf 60' lang='grc' dir='ltr'>ἀληθές</span> 
     </span>
    </p>
   </div>
   <div class='ocr_carea' id='block_1_56' title="bbox 585 2962 2159 3049">
    <p class='ocr_par' dir='ltr' id='par_1_56' title="bbox 585 2962 2159 3039">
     <span class='ocr_line' id='line_1_56' title="bbox 585 2962 2159 3039; baseline 0.009 -25"><span class='ocrx_word' id='word_1_376' title='bbox 585 2975 753 3030; x_wconf 87' lang='lat' dir='ltr'><strong>opere</strong></span> <span class='ocrx_word' id='word_1_377' title='bbox 791 2962 1023 3030; x_wconf 80' lang='lat' dir='ltr'><strong>astruit;</strong></span> <span class='ocrx_word' id='word_1_378' title='bbox 1088 2980 1156 3019; x_wconf 80' lang='lat' dir='ltr'><strong>ex</strong></span> <span class='ocrx_word' id='word_1_379' title='bbox 1200 2980 1309 3034; x_wconf 88' lang='lat' dir='ltr'><strong>quo</strong></span> <span class='ocrx_word' id='word_1_380' title='bbox 1357 2966 1492 3021; x_wconf 89' lang='lat' dir='ltr'><strong>illud</strong></span> <span class='ocrx_word' id='word_1_381' title='bbox 1535 2968 1917 3039; x_wconf 86' lang='lat' dir='ltr'><strong>consequitur,</strong></span> <span class='ocrx_word' id='word_1_382' title='bbox 1949 2979 2011 3025; x_wconf 88' lang='lat' dir='ltr'><strong>ut</strong></span> <span class='ocrx_word' id='word_1_383' title='bbox 2043 2972 2159 3027; x_wconf 62' lang='lat' dir='ltr'><strong>vita:</strong></span> 
     </span>
    </p>
   </div>
   <div class='ocr_carea' id='block_1_57' title="bbox 2261 2962 3762 3049">
    <p class='ocr_par' dir='ltr' id='par_1_57' title="bbox 2270 2971 3762 3049">
     <span class='ocr_line' id='line_1_57' title="bbox 2270 2971 3762 3049; baseline 0.006 -27"><span class='ocrx_word' id='word_1_384' title='bbox 2270 2973 2337 3041; x_wconf 82' lang='grc' dir='ltr'>τῇ</span> <span class='ocrx_word' id='word_1_385' title='bbox 2372 2971 2587 3042; x_wconf 82' lang='grc' dir='ltr'>γλώττῃ</span> <span class='ocrx_word' id='word_1_386' title='bbox 2616 2974 2646 3025; x_wconf 86' lang='grc' dir='ltr'>ὁ</span> <span class='ocrx_word' id='word_1_387' title='bbox 2673 2974 2752 3044; x_wconf 83' lang='grc' dir='ltr'>τῷ</span> <span class='ocrx_word' id='word_1_388' title='bbox 2778 2974 2923 3047; x_wconf 80' lang='grc' dir='ltr'>λόγῳ</span> <span class='ocrx_word' id='word_1_389' title='bbox 2971 2978 3307 3048; x_wconf 84' lang='grc' dir='ltr'>κατηγορῶν</span> <span class='ocrx_word' id='word_1_390' title='bbox 3342 2980 3440 3049; x_wconf 82' lang='grc' dir='ltr'><strong>τῆς</strong></span> <span class='ocrx_word' id='word_1_391' title='bbox 3467 2982 3656 3044; x_wconf 83' lang='grc' dir='ltr'>κακίας,</span> <span class='ocrx_word' id='word_1_392' title='bbox 3676 2983 3762 3049; x_wconf 62' lang='grc' dir='ltr'>ἔργῳ</span> 
     </span>
    </p>
   </div>
   <div class='ocr_carea' id='block_1_58' title="bbox 2826 2331 3308 2389">
    <p class='ocr_par' dir='ltr' id='par_1_58' title="bbox 2826 2331 3308 2389">
     <span class='ocr_line' id='line_1_58' title="bbox 2826 2331 3308 2389; baseline 0.008 -5"><span class='ocrx_word' id='word_1_393' title='bbox 2826 2331 3121 2386; x_wconf 71' lang='grc' dir='ltr'><strong>ΨΑΛΜΟΣ</strong></span> <span class='ocrx_word' id='word_1_394' title='bbox 3170 2334 3308 2389; x_wconf 83' lang='lat' dir='ltr'>AII&#39;.</span> 
     </span>
    </p>
   </div>
   <div class='ocr_carea' id='block_1_59' title="bbox 585 3053 1707 3119">
    <p class='ocr_par' dir='ltr' id='par_1_59' title="bbox 585 3053 1707 3119">
     <span class='ocr_line' id='line_1_59' title="bbox 585 3053 1707 3119; baseline 0.012 -13"><span class='ocrx_word' id='word_1_395' title='bbox 585 3067 699 3107; x_wconf 77' lang='lat' dir='ltr'><strong>sua:</strong></span> <span class='ocrx_word' id='word_1_396' title='bbox 736 3053 982 3109; x_wconf 83' lang='lat' dir='ltr'><strong>instituto</strong></span> <span class='ocrx_word' id='word_1_397' title='bbox 1010 3056 1313 3112; x_wconf 86' lang='lat' dir='ltr'><strong>doctrinam</strong></span> <span class='ocrx_word' id='word_1_398' title='bbox 1348 3060 1707 3119; x_wconf 88' lang='lat' dir='ltr'><strong>ementiatur.</strong></span> 
     </span>
    </p>
   </div>
   <div class='ocr_carea' id='block_1_60' title="bbox 655 3232 2167 3328">
    <p class='ocr_par' dir='ltr' id='par_1_60' title="bbox 655 3232 2167 3328">
     <span class='ocr_line' id='line_1_60' title="bbox 655 3232 2167 3328; baseline 0.011 -44"><span class='ocrx_word' id='word_1_399' title='bbox 655 3232 820 3286; x_wconf 75' lang='lat' dir='ltr'><strong>Vens.</strong></span> <span class='ocrx_word' id='word_1_400' title='bbox 844 3233 897 3288; x_wconf 82' lang='lat'><strong>5.</strong></span> <span class='ocrx_word' id='word_1_401' title='bbox 936 3253 956 3284; x_wconf 73' lang='grc' dir='ltr'><strong>ι</strong></span> <span class='ocrx_word' id='word_1_402' title='bbox 984 3234 1263 3304; x_wconf 85' lang='lat' dir='ltr'><strong>Obmutui,</strong></span> <span class='ocrx_word' id='word_1_403' title='bbox 1302 3249 1356 3294; x_wconf 92' lang='lat' dir='ltr'><strong>et</strong></span> <span class='ocrx_word' id='word_1_404' title='bbox 1393 3241 1713 3299; x_wconf 88' lang='lat' dir='ltr'><strong>humiliatus</strong></span> <span class='ocrx_word' id='word_1_405' title='bbox 1744 3260 1884 3300; x_wconf 92' lang='lat' dir='ltr'><strong>sum.</strong></span> <span class='ocrx_word' id='word_1_406' title='bbox 1928 3264 1947 3297; x_wconf 78' lang='grc' dir='ltr'><strong>ι</strong></span> <span class='ocrx_word' id='word_1_407' title='bbox 2158 3310 2167 3328; x_wconf 34' lang='grc' dir='ltr'><strong>ι</strong></span> 
     </span>
    </p>
   </div>
   <div class='ocr_carea' id='block_1_61' title="bbox 653 3316 2164 3399">
    <p class='ocr_par' dir='ltr' id='par_1_61' title="bbox 653 3316 2164 3399">
     <span class='ocr_line' id='line_1_61' title="bbox 653 3316 2164 3399; baseline 0.012 -27"><span class='ocrx_word' id='word_1_408' title='bbox 653 3316 823 3375; x_wconf 68' lang='lat' dir='ltr'><strong>Vides</strong></span> <span class='ocrx_word' id='word_1_409' title='bbox 850 3325 1126 3391; x_wconf 89' lang='lat' dir='ltr'><strong>quomodo</strong></span> <span class='ocrx_word' id='word_1_410' title='bbox 1147 3327 1380 3395; x_wconf 91' lang='lat' dir='ltr'><strong>primum</strong></span> <span class='ocrx_word' id='word_1_411' title='bbox 1410 3345 1506 3399; x_wconf 89' lang='lat' dir='ltr'><strong>per</strong></span> <span class='ocrx_word' id='word_1_412' title='bbox 1526 3330 1955 3388; x_wconf 88' lang='lat' dir='ltr'><strong>inobedientiam</strong></span> <span class='ocrx_word' id='word_1_413' title='bbox 1978 3316 2164 3390; x_wconf 40' lang='lat' dir='ltr'><strong>obmu;</strong></span> 
     </span>
    </p>
   </div>
   <div class='ocr_carea' id='block_1_62' title="bbox 583 3413 2162 3484">
    <p class='ocr_par' dir='ltr' id='par_1_62' title="bbox 583 3413 2162 3484">
     <span class='ocr_line' id='line_1_62' title="bbox 583 3413 2162 3484; baseline 0.012 -20"><span class='ocrx_word' id='word_1_414' title='bbox 583 3413 726 3475; x_wconf 89' lang='lat' dir='ltr'><strong>tuit,</strong></span> <span class='ocrx_word' id='word_1_415' title='bbox 763 3423 817 3468; x_wconf 90' lang='lat' dir='ltr'><strong>et</strong></span> <span class='ocrx_word' id='word_1_416' title='bbox 848 3431 973 3470; x_wconf 90' lang='lat' dir='ltr'><strong>cum</strong></span> <span class='ocrx_word' id='word_1_417' title='bbox 1003 3417 1301 3484; x_wconf 84' lang='lat' dir='ltr'><strong>obmutuit,</strong></span> <span class='ocrx_word' id='word_1_418' title='bbox 1338 3420 1654 3477; x_wconf 88' lang='lat' dir='ltr'><strong>humiliatus</strong></span> <span class='ocrx_word' id='word_1_419' title='bbox 1686 3435 1789 3479; x_wconf 88' lang='lat' dir='ltr'><strong>est.</strong></span> <span class='ocrx_word' id='word_1_420' title='bbox 1823 3424 1968 3480; x_wconf 79' lang='lat' dir='ltr'><strong>Nihil</strong></span> <span class='ocrx_word' id='word_1_421' title='bbox 2016 3428 2162 3483; x_wconf 88' lang='lat' dir='ltr'><strong>enim</strong></span> 
     </span>
    </p>
   </div>
   <div class='ocr_carea' id='block_1_63' title="bbox 581 3504 2163 3583">
    <p class='ocr_par' dir='ltr' id='par_1_63' title="bbox 581 3504 2163 3583">
     <span class='ocr_line' id='line_1_63' title="bbox 581 3504 2163 3583; baseline 0.012 -29"><span class='ocrx_word' id='word_1_422' title='bbox 581 3517 736 3571; x_wconf 69' lang='lat' dir='ltr'><strong>teque</strong></span> <span class='ocrx_word' id='word_1_423' title='bbox 784 3504 1061 3560; x_wconf 88' lang='lat' dir='ltr'><strong>hominem</strong></span> <span class='ocrx_word' id='word_1_424' title='bbox 1111 3508 1367 3578; x_wconf 86' lang='lat' dir='ltr'><strong>deprimit</strong></span> <span class='ocrx_word' id='word_1_425' title='bbox 1415 3527 1479 3566; x_wconf 90' lang='lat' dir='ltr'><strong>ac</strong></span> <span class='ocrx_word' id='word_1_426' title='bbox 1525 3522 1717 3583; x_wconf 86' lang='lat' dir='ltr'><strong>stupor</strong></span> <span class='ocrx_word' id='word_1_427' title='bbox 1762 3529 2059 3578; x_wconf 90' lang='lat' dir='ltr'><strong>sensuum.</strong></span> <span class='ocrx_word' id='word_1_428' title='bbox 2107 3526 2163 3573; x_wconf 91' lang='lat' dir='ltr'><strong>et</strong></span> 
     </span>
    </p>
   </div>
   <div class='ocr_carea' id='block_1_64' title="bbox 580 3594 2159 3676">
    <p class='ocr_par' dir='ltr' id='par_1_64' title="bbox 580 3594 2159 3676">
     <span class='ocr_line' id='line_1_64' title="bbox 580 3594 2159 3676; baseline 0.011 -28"><span class='ocrx_word' id='word_1_429' title='bbox 580 3594 777 3650; x_wconf 91' lang='lat' dir='ltr'><strong>deinde</strong></span> <span class='ocrx_word' id='word_1_430' title='bbox 830 3597 1221 3654; x_wconf 86' lang='lat' dir='ltr'><strong>inobedientia.</strong></span> <span class='ocrx_word' id='word_1_431' title='bbox 1270 3601 1379 3657; x_wconf 81' lang='lat' dir='ltr'><strong>Aut</strong></span> <span class='ocrx_word' id='word_1_432' title='bbox 1433 3605 1596 3659; x_wconf 84' lang='lat' dir='ltr'><strong>etiam</strong></span> <span class='ocrx_word' id='word_1_433' title='bbox 1651 3618 1935 3676; x_wconf 86' lang='lat' dir='ltr'><strong>propterea</strong></span> <span class='ocrx_word' id='word_1_434' title='bbox 1989 3611 2159 3676; x_wconf 89' lang='lat' dir='ltr'><strong>siluit,</strong></span> 
     </span>
    </p>
   </div>
   <div class='ocr_carea' id='block_1_65' title="bbox 580 3689 2160 3774">
    <p class='ocr_par' dir='ltr' id='par_1_65' title="bbox 580 3689 2160 3774">
     <span class='ocr_line' id='line_1_65' title="bbox 580 3689 2160 3774; baseline 0.013 -35"><span class='ocrx_word' id='word_1_435' title='bbox 580 3689 839 3756; x_wconf 83' lang='lat' dir='ltr'><strong>quoniam</strong></span> <span class='ocrx_word' id='word_1_436' title='bbox 867 3704 897 3743; x_wconf 92' lang='lat' dir='ltr'><strong>a</strong></span> <span class='ocrx_word' id='word_1_437' title='bbox 929 3690 1102 3756; x_wconf 89' lang='lat' dir='ltr'><strong>bonis,</strong></span> <span class='ocrx_word' id='word_1_438' title='bbox 1137 3693 1241 3747; x_wconf 91' lang='lat' dir='ltr'><strong>hoc</strong></span> <span class='ocrx_word' id='word_1_439' title='bbox 1272 3703 1357 3748; x_wconf 90' lang='lat' dir='ltr'><strong>est</strong></span> <span class='ocrx_word' id='word_1_440' title='bbox 1388 3710 1417 3748; x_wconf 91' lang='lat' dir='ltr'><strong>a</strong></span> <span class='ocrx_word' id='word_1_441' title='bbox 1458 3697 1815 3755; x_wconf 90' lang='lat' dir='ltr'><strong>meditatione</strong></span> <span class='ocrx_word' id='word_1_442' title='bbox 1844 3701 1999 3772; x_wconf 83' lang='lat' dir='ltr'><strong>legis,</strong></span> <span class='ocrx_word' id='word_1_443' title='bbox 2038 3720 2160 3774; x_wconf 73' lang='lat' dir='ltr'><strong>qua:</strong></span> 
     </span>
    </p>
   </div>
   <div class='ocr_carea' id='block_1_66' title="bbox 580 3776 2160 3851">
    <p class='ocr_par' dir='ltr' id='par_1_66' title="bbox 580 3776 2160 3851">
     <span class='ocr_line' id='line_1_66' title="bbox 580 3776 2160 3851; baseline 0.011 -20"><span class='ocrx_word' id='word_1_444' title='bbox 580 3776 707 3832; x_wconf 87' lang='lat' dir='ltr'><strong>boni</strong></span> <span class='ocrx_word' id='word_1_445' title='bbox 753 3783 1009 3851; x_wconf 89' lang='lat' dir='ltr'><strong>magistra</strong></span> <span class='ocrx_word' id='word_1_446' title='bbox 1058 3791 1176 3850; x_wconf 84' lang='lat' dir='ltr'><strong>est,</strong></span> <span class='ocrx_word' id='word_1_447' title='bbox 1234 3787 1490 3842; x_wconf 85' lang='lat' dir='ltr'><strong>cessavit.</strong></span> <span class='ocrx_word' id='word_1_448' title='bbox 1532 3787 1688 3843; x_wconf 88' lang='lat' dir='ltr'><strong>Unde</strong></span> <span class='ocrx_word' id='word_1_449' title='bbox 1739 3806 1847 3844; x_wconf 91' lang='lat' dir='ltr'><strong>non</strong></span> <span class='ocrx_word' id='word_1_450' title='bbox 1884 3792 2160 3849; x_wconf 88' lang='lat' dir='ltr'><strong>immerito</strong></span> 
     </span>
    </p>
   </div>
   <div class='ocr_carea' id='block_1_67' title="bbox 579 3875 2159 3951">
    <p class='ocr_par' dir='ltr' id='par_1_67' title="bbox 579 3875 2159 3951">
     <span class='ocr_line' id='line_1_67' title="bbox 579 3875 2159 3951; baseline 0.012 -28"><span class='ocrx_word' id='word_1_451' title='bbox 579 3881 872 3926; x_wconf 81' lang='lat' dir='ltr'><strong>renovatus</strong></span> <span class='ocrx_word' id='word_1_452' title='bbox 918 3882 1007 3929; x_wconf 86' lang='lat' dir='ltr'><strong>est</strong></span> <span class='ocrx_word' id='word_1_453' title='bbox 1063 3875 1216 3930; x_wconf 88' lang='lat' dir='ltr'><strong>dolor</strong></span> <span class='ocrx_word' id='word_1_454' title='bbox 1268 3880 1477 3947; x_wconf 88' lang='lat' dir='ltr'><strong>peccati</strong></span> <span class='ocrx_word' id='word_1_455' title='bbox 1513 3898 1525 3934; x_wconf 87' lang='lat'><strong><em>:</em></strong></span> <span class='ocrx_word' id='word_1_456' title='bbox 1559 3880 1828 3951; x_wconf 86' lang='lat' dir='ltr'><strong>siquidem</strong></span> <span class='ocrx_word' id='word_1_457' title='bbox 1877 3886 2077 3941; x_wconf 87' lang='lat' dir='ltr'><strong>vulnus</strong></span> <span class='ocrx_word' id='word_1_458' title='bbox 2128 3902 2159 3941; x_wconf 94' lang='lat' dir='ltr'><strong>a</strong></span> 
     </span>
    </p>
   </div>
   <div class='ocr_carea' id='block_1_68' title="bbox 577 3964 2159 4045">
    <p class='ocr_par' dir='ltr' id='par_1_68' title="bbox 577 3964 2159 4045">
     <span class='ocr_line' id='line_1_68' title="bbox 577 3964 2159 4045; baseline 0.011 -30"><span class='ocrx_word' id='word_1_459' title='bbox 577 3964 1027 4032; x_wconf 80' lang='lat' dir='ltr'><strong>peccatoillalum</strong></span> <span class='ocrx_word' id='word_1_460' title='bbox 1076 3968 1298 4037; x_wconf 83' lang='lat' dir='ltr'><strong>gravius</strong></span> <span class='ocrx_word' id='word_1_461' title='bbox 1324 3980 1429 4037; x_wconf 89' lang='lat' dir='ltr'><strong>est,</strong></span> <span class='ocrx_word' id='word_1_462' title='bbox 1449 3987 1571 4027; x_wconf 91' lang='lat' dir='ltr'><strong>cum</strong></span> <span class='ocrx_word' id='word_1_463' title='bbox 1597 3989 1627 4028; x_wconf 90' lang='lat' dir='ltr'><strong>a</strong></span> <span class='ocrx_word' id='word_1_464' title='bbox 1646 3974 1780 4045; x_wconf 90' lang='lat' dir='ltr'><strong>legis</strong></span> <span class='ocrx_word' id='word_1_465' title='bbox 1802 3977 2159 4034; x_wconf 89' lang='lat' dir='ltr'><strong>meditatione</strong></span> 
     </span>
    </p>
   </div>
   <div class='ocr_carea' id='block_1_69' title="bbox 574 4056 2155 4138">
    <p class='ocr_par' dir='ltr' id='par_1_69' title="bbox 574 4056 2155 4138">
     <span class='ocr_line' id='line_1_69' title="bbox 574 4056 2155 4138; baseline 0.011 -31"><span class='ocrx_word' id='word_1_466' title='bbox 574 4070 678 4110; x_wconf 89' lang='lat' dir='ltr'><strong>nos</strong></span> <span class='ocrx_word' id='word_1_467' title='bbox 706 4056 852 4126; x_wconf 90' lang='lat' dir='ltr'><strong>ipsos</strong></span> <span class='ocrx_word' id='word_1_468' title='bbox 885 4060 1264 4116; x_wconf 89' lang='lat' dir='ltr'><strong>subducimus.</strong></span> <span class='ocrx_word' id='word_1_469' title='bbox 1302 4063 1388 4117; x_wconf 88' lang='lat' dir='ltr'><strong>Fit</strong></span> <span class='ocrx_word' id='word_1_470' title='bbox 1417 4080 1635 4134; x_wconf 90' lang='lat' dir='ltr'><strong>quoque</strong></span> <span class='ocrx_word' id='word_1_471' title='bbox 1656 4066 1958 4136; x_wconf 88' lang='lat' dir='ltr'><strong>depascens</strong></span> <span class='ocrx_word' id='word_1_472' title='bbox 1980 4070 2155 4138; x_wconf 89' lang='lat' dir='ltr'><strong>ulcus,</strong></span> 
     </span>
    </p>
   </div>
   <div class='ocr_carea' id='block_1_70' title="bbox 577 4152 2156 4229">
    <p class='ocr_par' dir='ltr' id='par_1_70' title="bbox 577 4152 2156 4229">
     <span class='ocr_line' id='line_1_70' title="bbox 577 4152 2156 4229; baseline 0.008 -27"><span class='ocrx_word' id='word_1_473' title='bbox 577 4155 834 4217; x_wconf 84' lang='lat' dir='ltr'><strong>tanquam</strong></span> <span class='ocrx_word' id='word_1_474' title='bbox 873 4152 1021 4205; x_wconf 90' lang='lat' dir='ltr'><strong>nullo</strong></span> <span class='ocrx_word' id='word_1_475' title='bbox 1052 4168 1081 4206; x_wconf 88' lang='lat' dir='ltr'><strong>a</strong></span> <span class='ocrx_word' id='word_1_476' title='bbox 1114 4154 1315 4209; x_wconf 88' lang='lat' dir='ltr'><strong>divinis</strong></span> <span class='ocrx_word' id='word_1_477' title='bbox 1362 4157 1652 4227; x_wconf 74' lang='lat' dir='ltr'><strong>praeceptis</strong></span> <span class='ocrx_word' id='word_1_478' title='bbox 1694 4160 1943 4229; x_wconf 88' lang='lat' dir='ltr'><strong>apposito</strong></span> <span class='ocrx_word' id='word_1_479' title='bbox 1980 4162 2156 4217; x_wconf 88' lang='lat' dir='ltr'><strong>medi-</strong></span> 
     </span>
    </p>
   </div>
   <div class='ocr_carea' id='block_1_71' title="bbox 575 4242 2157 4313">
    <p class='ocr_par' dir='ltr' id='par_1_71' title="bbox 575 4242 2157 4313">
     <span class='ocr_line' id='line_1_71' title="bbox 575 4242 2157 4313; baseline 0.013 -23"><span class='ocrx_word' id='word_1_480' title='bbox 575 4249 848 4294; x_wconf 85' lang='lat' dir='ltr'><strong>camento.</strong></span> <span class='ocrx_word' id='word_1_481' title='bbox 890 4242 958 4297; x_wconf 86' lang='lat' dir='ltr'><strong>Et</strong></span> <span class='ocrx_word' id='word_1_482' title='bbox 992 4243 1115 4299; x_wconf 88' lang='lat' dir='ltr'><strong>ideo</strong></span> <span class='ocrx_word' id='word_1_483' title='bbox 1142 4262 1251 4299; x_wconf 90' lang='lat' dir='ltr'><strong>non</strong></span> <span class='ocrx_word' id='word_1_484' title='bbox 1285 4248 1437 4302; x_wconf 87' lang='lat' dir='ltr'><strong>stetit</strong></span> <span class='ocrx_word' id='word_1_485' title='bbox 1480 4248 1535 4302; x_wconf 90' lang='lat' dir='ltr'><strong>in</strong></span> <span class='ocrx_word' id='word_1_486' title='bbox 1563 4249 1798 4313; x_wconf 89' lang='lat' dir='ltr'><strong>silentio,</strong></span> <span class='ocrx_word' id='word_1_487' title='bbox 1823 4253 1919 4307; x_wconf 88' lang='lat' dir='ltr'><strong>sed</strong></span> <span class='ocrx_word' id='word_1_488' title='bbox 1949 4269 2072 4309; x_wconf 93' lang='lat' dir='ltr'><strong>cum</strong></span> <span class='ocrx_word' id='word_1_489' title='bbox 2097 4271 2157 4311; x_wconf 89' lang='lat' dir='ltr'><strong>se</strong></span> 
     </span>
    </p>
   </div>
   <div class='ocr_carea' id='block_1_72' title="bbox 576 4329 2154 4412">
    <p class='ocr_par' dir='ltr' id='par_1_72' title="bbox 576 4329 2154 4412">
     <span class='ocr_line' id='line_1_72' title="bbox 576 4329 2154 4412; baseline 0.013 -29"><span class='ocrx_word' id='word_1_490' title='bbox 576 4329 922 4400; x_wconf 87' lang='lat' dir='ltr'><strong>collegisset,</strong></span> <span class='ocrx_word' id='word_1_491' title='bbox 975 4335 1152 4403; x_wconf 91' lang='lat' dir='ltr'><strong>ipsum</strong></span> <span class='ocrx_word' id='word_1_492' title='bbox 1209 4338 1446 4408; x_wconf 85' lang='lat' dir='ltr'><strong>abjccit,</strong></span> <span class='ocrx_word' id='word_1_493' title='bbox 1496 4351 1754 4412; x_wconf 89' lang='lat' dir='ltr'><strong>tanquam</strong></span> <span class='ocrx_word' id='word_1_494' title='bbox 1796 4361 1911 4399; x_wconf 91' lang='lat' dir='ltr'><strong>rem</strong></span> <span class='ocrx_word' id='word_1_495' title='bbox 1957 4348 2154 4403; x_wconf 64' lang='lat' dir='ltr'><strong>animat</strong></span> 
     </span>
    </p>
   </div>
   <div class='ocr_carea' id='block_1_73' title="bbox 2269 3060 3763 3141">
    <p class='ocr_par' dir='ltr' id='par_1_73' title="bbox 2269 3060 3763 3141">
     <span class='ocr_line' id='line_1_73' title="bbox 2269 3060 3763 3141; baseline 0.003 -26"><span class='ocrx_word' id='word_1_496' title='bbox 2269 3062 2327 3115; x_wconf 82' lang='grc' dir='ltr'>δὲ</span> <span class='ocrx_word' id='word_1_497' title='bbox 2369 3062 2577 3134; x_wconf 81' lang='grc' dir='ltr'>ταύτην</span> <span class='ocrx_word' id='word_1_498' title='bbox 2628 3066 2916 3128; x_wconf 70' lang='grc' dir='ltr'>σὀνιστῶν,</span> <span class='ocrx_word' id='word_1_499' title='bbox 2952 3060 3141 3135; x_wconf 80' lang='grc' dir='ltr'>ἀφ’ὦν</span> <span class='ocrx_word' id='word_1_500' title='bbox 3178 3069 3360 3140; x_wconf 80' lang='grc' dir='ltr'>αὐτὴν</span> <span class='ocrx_word' id='word_1_501' title='bbox 3397 3073 3693 3141; x_wconf 74' lang='grc' dir='ltr'>μετέρχεται,</span> <span class='ocrx_word' id='word_1_502' title='bbox 3711 3074 3763 3121; x_wconf 64' lang='grc' dir='ltr'><strong>καὶ</strong></span> 
     </span>
    </p>
   </div>
   <div class='ocr_carea' id='block_1_74' title="bbox 2220 3133 3679 3234">
    <p class='ocr_par' dir='ltr' id='par_1_74' title="bbox 2220 3133 3679 3234">
     <span class='ocr_line' id='line_1_74' title="bbox 2220 3133 3679 3234; baseline 0.006 -26"><span class='ocrx_word' id='word_1_503' title='bbox 2220 3133 2240 3157; x_wconf 59' lang='grc'><strong><em>⁸</em></strong></span> <span class='ocrx_word' id='word_1_504' title='bbox 2268 3156 2367 3223; x_wconf 80' lang='grc' dir='ltr'>τὴν</span> <span class='ocrx_word' id='word_1_505' title='bbox 2392 3156 2589 3209; x_wconf 76' lang='grc' dir='ltr'>ἑαυτοῦ</span> <span class='ocrx_word' id='word_1_506' title='bbox 2615 3157 2969 3212; x_wconf 85' lang='grc' dir='ltr'>διδασκαλίαν</span> <span class='ocrx_word' id='word_1_507' title='bbox 2996 3164 3064 3231; x_wconf 80' lang='grc' dir='ltr'>τῇ</span> <span class='ocrx_word' id='word_1_508' title='bbox 3095 3162 3349 3234; x_wconf 80' lang='grc' dir='ltr'>πολιτείᾳ</span> <span class='ocrx_word' id='word_1_509' title='bbox 3371 3165 3679 3234; x_wconf 72' lang='grc' dir='ltr'>ψευδόμενος.</span> 
     </span>
    </p>
   </div>
   <div class='ocr_carea' id='block_1_75' title="bbox 2340 3246 3350 3324">
    <p class='ocr_par' dir='ltr' id='par_1_75' title="bbox 2340 3246 3350 3324">
     <span class='ocr_line' id='line_1_75' title="bbox 2340 3246 3350 3324; baseline 0.009 -26"><span class='ocrx_word' id='word_1_510' title='bbox 2340 3264 2360 3296; x_wconf 72' lang='grc' dir='ltr'><strong>ι</strong></span> <span class='ocrx_word' id='word_1_511' title='bbox 2383 3246 2737 3318; x_wconf 75' lang='grc' dir='ltr'>Ἐκωερώθην,</span> <span class='ocrx_word' id='word_1_512' title='bbox 2766 3250 2863 3303; x_wconf 84' lang='grc' dir='ltr'>καὶ</span> <span class='ocrx_word' id='word_1_513' title='bbox 2891 3252 3295 3324; x_wconf 81' lang='grc' dir='ltr'>ἐταπεινώθην.</span> <span class='ocrx_word' id='word_1_514' title='bbox 3332 3275 3350 3307; x_wconf 75' lang='grc' dir='ltr'><strong>ι</strong></span> 
     </span>
    </p>
   </div>
   <div class='ocr_carea' id='block_1_76' title="bbox 2352 3338 3763 3416">
    <p class='ocr_par' dir='ltr' id='par_1_76' title="bbox 2352 3338 3763 3416">
     <span class='ocr_line' id='line_1_76' title="bbox 2352 3338 3763 3416; baseline 0.003 -25"><span class='ocrx_word' id='word_1_515' title='bbox 2352 3338 2516 3410; x_wconf 75' lang='grc' dir='ltr'>Ὁρᾷς</span> <span class='ocrx_word' id='word_1_516' title='bbox 2537 3341 2621 3393; x_wconf 86' lang='grc' dir='ltr'>ὅτι</span> <span class='ocrx_word' id='word_1_517' title='bbox 2650 3341 2868 3413; x_wconf 86' lang='grc' dir='ltr'>πρῶτον</span> <span class='ocrx_word' id='word_1_518' title='bbox 2890 3343 2976 3395; x_wconf 81' lang='grc' dir='ltr'>διὰ</span> <span class='ocrx_word' id='word_1_519' title='bbox 3009 3345 3298 3416; x_wconf 83' lang='grc' dir='ltr'>παρακοῆς</span> <span class='ocrx_word' id='word_1_520' title='bbox 3319 3346 3597 3416; x_wconf 71' lang='grc' dir='ltr'>ἐκωιριῦθη.</span> <span class='ocrx_word' id='word_1_521' title='bbox 3615 3349 3685 3398; x_wconf 69' lang='grc' dir='ltr'><strong>καὶ</strong></span> <span class='ocrx_word' id='word_1_522' title='bbox 3701 3364 3763 3396; x_wconf 73' lang='grc' dir='ltr'><strong>χω-</strong></span> 
     </span>
    </p>
   </div>
   <div class='ocr_carea' id='block_1_77' title="bbox 2265 3429 3763 3507">
    <p class='ocr_par' dir='ltr' id='par_1_77' title="bbox 2265 3429 3763 3507">
     <span class='ocr_line' id='line_1_77' title="bbox 2265 3429 3763 3507; baseline 0.004 -26"><span class='ocrx_word' id='word_1_523' title='bbox 2265 3429 2471 3499; x_wconf 77' lang='grc' dir='ltr'>φωθείς</span> <span class='ocrx_word' id='word_1_524' title='bbox 2520 3432 2882 3504; x_wconf 80' lang='grc' dir='ltr'>ἐταπεινώθη.</span> <span class='ocrx_word' id='word_1_525' title='bbox 2917 3436 3085 3489; x_wconf 77' lang='grc' dir='ltr'>Οὐδὲν</span> <span class='ocrx_word' id='word_1_526' title='bbox 3130 3437 3240 3507; x_wconf 79' lang='grc' dir='ltr'><strong>γὰρ</strong></span> <span class='ocrx_word' id='word_1_527' title='bbox 3295 3438 3440 3491; x_wconf 70' lang='grc' dir='ltr'>οὕτω</span> <span class='ocrx_word' id='word_1_528' title='bbox 3477 3442 3681 3491; x_wconf 76' lang='grc' dir='ltr'>ταπεινοί</span> <span class='ocrx_word' id='word_1_529' title='bbox 3712 3440 3763 3488; x_wconf 66' lang='grc' dir='ltr'><strong>τὶν</strong></span> 
     </span>
    </p>
   </div>
   <div class='ocr_carea' id='block_1_78' title="bbox 2264 3523 3761 3603">
    <p class='ocr_par' dir='ltr' id='par_1_78' title="bbox 2264 3523 3761 3603">
     <span class='ocr_line' id='line_1_78' title="bbox 2264 3523 3761 3603; baseline 0.004 -28"><span class='ocrx_word' id='word_1_530' title='bbox 2264 3523 2549 3594; x_wconf 83' lang='grc' dir='ltr'>ἄνθρωπον</span> <span class='ocrx_word' id='word_1_531' title='bbox 2591 3525 2667 3588; x_wconf 83' lang='grc' dir='ltr'>ὡς</span> <span class='ocrx_word' id='word_1_532' title='bbox 2695 3527 3045 3597; x_wconf 84' lang='grc' dir='ltr'>ἀναισθησία,</span> <span class='ocrx_word' id='word_1_533' title='bbox 3075 3531 3169 3582; x_wconf 74' lang='grc' dir='ltr'>καὶ</span> <span class='ocrx_word' id='word_1_534' title='bbox 3218 3534 3479 3602; x_wconf 78' lang='grc' dir='ltr'>παρακοὴ</span> <span class='ocrx_word' id='word_1_535' title='bbox 3511 3536 3628 3603; x_wconf 75' lang='grc' dir='ltr'><strong>μετά</strong></span> <span class='ocrx_word' id='word_1_536' title='bbox 3650 3532 3761 3583; x_wconf 71' lang='grc' dir='ltr'>τοῦτο.</span> 
     </span>
    </p>
   </div>
   <div class='ocr_carea' id='block_1_79' title="bbox 2267 3615 3763 3695">
    <p class='ocr_par' dir='ltr' id='par_1_79' title="bbox 2267 3615 3763 3695">
     <span class='ocr_line' id='line_1_79' title="bbox 2267 3615 3763 3695; baseline 0.01 -27"><span class='ocrx_word' id='word_1_537' title='bbox 2267 3615 2339 3668; x_wconf 86' lang='grc' dir='ltr'><strong>Ἦ</strong></span> <span class='ocrx_word' id='word_1_538' title='bbox 2367 3615 2461 3669; x_wconf 72' lang='grc' dir='ltr'><strong>καὶ</strong></span> <span class='ocrx_word' id='word_1_539' title='bbox 2483 3616 2574 3670; x_wconf 79' lang='grc' dir='ltr'>διὰ</span> <span class='ocrx_word' id='word_1_540' title='bbox 2604 3618 2763 3673; x_wconf 80' lang='grc' dir='ltr'>τοῦτο</span> <span class='ocrx_word' id='word_1_541' title='bbox 2793 3619 3073 3690; x_wconf 83' lang='grc' dir='ltr'>ἐσίγησεν,</span> <span class='ocrx_word' id='word_1_542' title='bbox 3109 3622 3170 3687; x_wconf 80' lang='grc' dir='ltr'><strong>ἐξ</strong></span> <span class='ocrx_word' id='word_1_543' title='bbox 3193 3624 3458 3692; x_wconf 79' lang='grc' dir='ltr'>ἀγαθῶν,</span> <span class='ocrx_word' id='word_1_544' title='bbox 3488 3628 3578 3695; x_wconf 77' lang='grc' dir='ltr'>τῆς</span> <span class='ocrx_word' id='word_1_545' title='bbox 3609 3626 3763 3695; x_wconf 68' lang='grc' dir='ltr'>μεὲἐτης</span> 
     </span>
    </p>
   </div>
   <div class='ocr_carea' id='block_1_80' title="bbox 2261 3707 3763 3781">
    <p class='ocr_par' dir='ltr' id='par_1_80' title="bbox 2261 3707 3763 3781">
     <span class='ocr_line' id='line_1_80' title="bbox 2261 3707 3763 3781; baseline 0.005 -21"><span class='ocrx_word' id='word_1_546' title='bbox 2261 3707 2462 3779; x_wconf 84' lang='grc' dir='ltr'>δηλαδὴ</span> <span class='ocrx_word' id='word_1_547' title='bbox 2492 3709 2586 3763; x_wconf 77' lang='grc' dir='ltr'>τοῦ</span> <span class='ocrx_word' id='word_1_548' title='bbox 2611 3711 2778 3781; x_wconf 86' lang='grc' dir='ltr'>νόμου</span> <span class='ocrx_word' id='word_1_549' title='bbox 2804 3751 2819 3776; x_wconf 90' lang='grc'><strong>,</strong></span> <span class='ocrx_word' id='word_1_550' title='bbox 2863 3711 2959 3764; x_wconf 83' lang='grc' dir='ltr'>τοῦ</span> <span class='ocrx_word' id='word_1_551' title='bbox 2993 3712 3204 3781; x_wconf 79' lang='grc' dir='ltr'>ἀγαθοῦ</span> <span class='ocrx_word' id='word_1_552' title='bbox 3235 3715 3557 3771; x_wconf 77' lang='grc' dir='ltr'>διδασκάλου</span> <span class='ocrx_word' id='word_1_553' title='bbox 3577 3757 3589 3777; x_wconf 84' lang='grc'><strong>,</strong></span> <span class='ocrx_word' id='word_1_554' title='bbox 3624 3717 3763 3769; x_wconf 59' lang='lat' dir='ltr'><strong>nausi-</strong></span> 
     </span>
    </p>
   </div>
   <div class='ocr_carea' id='block_1_81' title="bbox 2264 3798 3762 3877">
    <p class='ocr_par' dir='ltr' id='par_1_81' title="bbox 2264 3798 3762 3877">
     <span class='ocr_line' id='line_1_81' title="bbox 2264 3798 3762 3877; baseline 0.011 -29"><span class='ocrx_word' id='word_1_555' title='bbox 2264 3813 2447 3866; x_wconf 89' lang='grc' dir='ltr'>μενος.</span> <span class='ocrx_word' id='word_1_556' title='bbox 2472 3798 2632 3853; x_wconf 80' lang='grc' dir='ltr'>Ὅθεν</span> <span class='ocrx_word' id='word_1_557' title='bbox 2681 3801 3037 3871; x_wconf 85' lang='grc' dir='ltr'>ἀνεκαινίσθη</span> <span class='ocrx_word' id='word_1_558' title='bbox 3073 3804 3308 3869; x_wconf 86' lang='grc' dir='ltr'>εἰκότως</span> <span class='ocrx_word' id='word_1_559' title='bbox 3342 3807 3404 3860; x_wconf 83' lang='grc' dir='ltr'><strong>τὸ</strong></span> <span class='ocrx_word' id='word_1_560' title='bbox 3434 3807 3532 3877; x_wconf 75' lang='grc' dir='ltr'>τῆς</span> <span class='ocrx_word' id='word_1_561' title='bbox 3571 3806 3762 3875; x_wconf 60' lang='grc' dir='ltr'>ἁμαρτίας</span> 
     </span>
    </p>
   </div>
   <div class='ocr_carea' id='block_1_82' title="bbox 2260 3889 3761 3968">
    <p class='ocr_par' dir='ltr' id='par_1_82' title="bbox 2260 3889 3761 3968">
     <span class='ocr_line' id='line_1_82' title="bbox 2260 3889 3761 3968; baseline 0.004 -25"><span class='ocrx_word' id='word_1_562' title='bbox 2260 3889 2485 3961; x_wconf 82' lang='grc' dir='ltr'>ἄλγημα</span> <span class='ocrx_word' id='word_1_563' title='bbox 2504 3906 2516 3920; x_wconf 86' lang='grc'>·</span> <span class='ocrx_word' id='word_1_564' title='bbox 2544 3889 2843 3963; x_wconf 77' lang='grc' dir='ltr'>βαρύτερον</span> <span class='ocrx_word' id='word_1_565' title='bbox 2864 3893 2972 3962; x_wconf 77' lang='grc' dir='ltr'><strong>γὰρ</strong></span> <span class='ocrx_word' id='word_1_566' title='bbox 2997 3894 3058 3947; x_wconf 84' lang='grc' dir='ltr'><strong>τὸ</strong></span> <span class='ocrx_word' id='word_1_567' title='bbox 3090 3896 3312 3964; x_wconf 77' lang='grc' dir='ltr'>συμϐὰν</span> <span class='ocrx_word' id='word_1_568' title='bbox 3339 3898 3400 3964; x_wconf 76' lang='grc' dir='ltr'>ἐξ</span> <span class='ocrx_word' id='word_1_569' title='bbox 3426 3898 3664 3968; x_wconf 70' lang='grc' dir='ltr'>ἁμαρτίας</span> <span class='ocrx_word' id='word_1_570' title='bbox 3683 3899 3761 3966; x_wconf 74' lang='grc' dir='ltr'>ἡμῖν</span> 
     </span>
    </p>
   </div>
   <div class='ocr_carea' id='block_1_83' title="bbox 2257 3980 3761 4059">
    <p class='ocr_par' dir='ltr' id='par_1_83' title="bbox 2257 3980 3761 4059">
     <span class='ocr_line' id='line_1_83' title="bbox 2257 3980 3761 4059; baseline 0.004 -27"><span class='ocrx_word' id='word_1_571' title='bbox 2257 3980 2504 4051; x_wconf 78' lang='grc' dir='ltr'>τραῦμα,</span> <span class='ocrx_word' id='word_1_572' title='bbox 2535 3982 2661 4034; x_wconf 86' lang='grc' dir='ltr'>ὅταν</span> <span class='ocrx_word' id='word_1_573' title='bbox 2691 3986 2791 4053; x_wconf 85' lang='grc' dir='ltr'>τῆς</span> <span class='ocrx_word' id='word_1_574' title='bbox 2820 3983 2915 4037; x_wconf 83' lang='grc' dir='ltr'>τοῦ</span> <span class='ocrx_word' id='word_1_575' title='bbox 2945 3985 3114 4056; x_wconf 89' lang='grc' dir='ltr'>νόμου</span> <span class='ocrx_word' id='word_1_576' title='bbox 3153 3987 3393 4059; x_wconf 79' lang='grc' dir='ltr'>μελέτης</span> <span class='ocrx_word' id='word_1_577' title='bbox 3443 3992 3646 4043; x_wconf 73' lang='grc' dir='ltr'>ἑαυτοὺς</span> <span class='ocrx_word' id='word_1_578' title='bbox 3680 3990 3761 4040; x_wconf 63' lang='grc' dir='ltr'>ἀπο·</span> 
     </span>
    </p>
   </div>
   <div class='ocr_carea' id='block_1_84' title="bbox 2259 4071 3759 4151">
    <p class='ocr_par' dir='ltr' id='par_1_84' title="bbox 2259 4071 3759 4151">
     <span class='ocr_line' id='line_1_84' title="bbox 2259 4071 3759 4151; baseline 0.011 -30"><span class='ocrx_word' id='word_1_579' title='bbox 2259 4071 2360 4141; x_wconf 88' lang='grc' dir='ltr'>στή</span> <span class='ocrx_word' id='word_1_580' title='bbox 2371 4088 2572 4142; x_wconf 89' lang='grc' dir='ltr'>σωμεν.</span> <span class='ocrx_word' id='word_1_581' title='bbox 2598 4072 2813 4126; x_wconf 86' lang='grc' dir='ltr'>Γίνεται</span> <span class='ocrx_word' id='word_1_582' title='bbox 2842 4078 2938 4128; x_wconf 69' lang='grc' dir='ltr'><strong>καὶ</strong></span> <span class='ocrx_word' id='word_1_583' title='bbox 2959 4076 3139 4146; x_wconf 89' lang='grc' dir='ltr'>νόμων</span> <span class='ocrx_word' id='word_1_584' title='bbox 3165 4077 3361 4151; x_wconf 79' lang='grc' dir='ltr'>ὥσπερ</span> <span class='ocrx_word' id='word_1_585' title='bbox 3384 4081 3582 4146; x_wconf 74' lang='grc' dir='ltr'>οὐδενὸς</span> <span class='ocrx_word' id='word_1_586' title='bbox 3608 4081 3689 4132; x_wconf 70' lang='grc' dir='ltr'>ἀπὸ</span> <span class='ocrx_word' id='word_1_587' title='bbox 3705 4081 3759 4143; x_wconf 68' lang='grc' dir='ltr'><strong>τῆς</strong></span> 
     </span>
    </p>
   </div>
   <div class='ocr_carea' id='block_1_85' title="bbox 2260 4160 3760 4245">
    <p class='ocr_par' dir='ltr' id='par_1_85' title="bbox 2260 4160 3760 4245">
     <span class='ocr_line' id='line_1_85' title="bbox 2260 4160 3760 4245; baseline 0.007 -31"><span class='ocrx_word' id='word_1_588' title='bbox 2260 4160 2412 4224; x_wconf 83' lang='grc' dir='ltr'>θείας</span> <span class='ocrx_word' id='word_1_589' title='bbox 2460 4164 2684 4233; x_wconf 80' lang='grc' dir='ltr'>ἐντολῆς</span> <span class='ocrx_word' id='word_1_590' title='bbox 2731 4166 3114 4238; x_wconf 78' lang='grc' dir='ltr'>ἐπιτιθεμένου</span> <span class='ocrx_word' id='word_1_591' title='bbox 3160 4173 3465 4242; x_wconf 79' lang='grc' dir='ltr'>φαρμάκου</span> <span class='ocrx_word' id='word_1_592' title='bbox 3510 4176 3540 4245; x_wconf 80' lang='grc' dir='ltr'><strong>ἡ</strong></span> <span class='ocrx_word' id='word_1_593' title='bbox 3590 4171 3760 4243; x_wconf 54' lang='grc' dir='ltr'>σηπεδὼν</span> 
     </span>
    </p>
   </div>
   <div class='ocr_carea' id='block_1_86' title="bbox 2259 4254 3759 4336">
    <p class='ocr_par' dir='ltr' id='par_1_86' title="bbox 2259 4254 3759 4336">
     <span class='ocr_line' id='line_1_86' title="bbox 2259 4254 3759 4336; baseline 0.005 -30"><span class='ocrx_word' id='word_1_594' title='bbox 2259 4254 2571 4323; x_wconf 71' lang='grc' dir='ltr'>ὑφίσταται.</span> <span class='ocrx_word' id='word_1_595' title='bbox 2605 4257 2806 4328; x_wconf 87' lang='grc' dir='ltr'>Διόπερ</span> <span class='ocrx_word' id='word_1_596' title='bbox 2858 4260 2959 4313; x_wconf 74' lang='grc' dir='ltr'><strong>οὐκ</strong></span> <span class='ocrx_word' id='word_1_597' title='bbox 2991 4261 3264 4331; x_wconf 78' lang='grc' dir='ltr'>ἐπέμενεν</span> <span class='ocrx_word' id='word_1_598' title='bbox 3316 4265 3418 4334; x_wconf 83' lang='grc' dir='ltr'>τὴν</span> <span class='ocrx_word' id='word_1_599' title='bbox 3458 4267 3659 4336; x_wconf 75' lang='grc' dir='ltr'>σιωπὴν,</span> <span class='ocrx_word' id='word_1_600' title='bbox 3682 4263 3759 4315; x_wconf 68' lang='grc' dir='ltr'>ἀλλ’</span> 
     </span>
    </p>
   </div>
   <div class='ocr_carea' id='block_1_87' title="bbox 2259 4348 3759 4428">
    <p class='ocr_par' dir='ltr' id='par_1_87' title="bbox 2259 4348 3759 4428">
     <span class='ocr_line' id='line_1_87' title="bbox 2259 4348 3759 4428; baseline 0.008 -29"><span class='ocrx_word' id='word_1_601' title='bbox 2259 4348 2542 4420; x_wconf 78' lang='grc' dir='ltr'>ἀνανήψας</span> <span class='ocrx_word' id='word_1_602' title='bbox 2591 4351 2782 4421; x_wconf 80' lang='grc' dir='ltr'>αὐτὴν,</span> <span class='ocrx_word' id='word_1_603' title='bbox 2815 4354 2891 4416; x_wconf 85' lang='grc' dir='ltr'>ὡς</span> <span class='ocrx_word' id='word_1_604' title='bbox 2942 4353 3288 4427; x_wconf 71' lang='grc' dir='ltr'>ψυχοςρθόρον</span> <span class='ocrx_word' id='word_1_605' title='bbox 3339 4360 3609 4413; x_wconf 83' lang='grc' dir='ltr'>ἀπώσατο.</span> <span class='ocrx_word' id='word_1_606' title='bbox 3638 4356 3759 4428; x_wconf 50' lang='lat' dir='ltr'><strong>Agit}:</strong></span> 
     </span>
    </p>
   </div>
   <div class='ocr_carea' id='block_1_88' title="bbox 574 4422 2159 4522">
    <p class='ocr_par' dir='ltr' id='par_1_88' title="bbox 574 4422 2145 4506">
     <span class='ocr_line' id='line_1_88' title="bbox 574 4422 2145 4506; baseline 0.014 -33"><span class='ocrx_word' id='word_1_607' title='bbox 574 4422 874 4489; x_wconf 87' lang='lat' dir='ltr'><strong>perniciem</strong></span> <span class='ocrx_word' id='word_1_608' title='bbox 919 4425 1254 4483; x_wconf 69' lang='lat' dir='ltr'><strong>aﬁ‘erentem.</strong></span> <span class='ocrx_word' id='word_1_609' title='bbox 1292 4428 1404 4485; x_wconf 81' lang='lat' dir='ltr'><strong>Hoc</strong></span> <span class='ocrx_word' id='word_1_610' title='bbox 1444 4432 1608 4503; x_wconf 85' lang='lat' dir='ltr'><strong>igitur</strong></span> <span class='ocrx_word' id='word_1_611' title='bbox 1641 4436 1961 4506; x_wconf 90' lang='lat' dir='ltr'><strong>ostendens,</strong></span> <span class='ocrx_word' id='word_1_612' title='bbox 2013 4440 2145 4496; x_wconf 91' lang='lat' dir='ltr'><strong>sub-</strong></span> 
     </span>
    </p>
   </div>
   <div class='ocr_carea' id='block_1_89' title="bbox 2261 4422 3759 4522">
    <p class='ocr_par' dir='ltr' id='par_1_89' title="bbox 2261 4422 3759 4522">
     <span class='ocr_line' id='line_1_89' title="bbox 2261 4422 3759 4522; baseline 0.006 -31"><span class='ocrx_word' id='word_1_613' title='bbox 2261 4438 2431 4506; x_wconf 77' lang='grc' dir='ltr'>τοῦτο,</span> <span class='ocrx_word' id='word_1_614' title='bbox 2458 4443 2747 4514; x_wconf 83' lang='grc' dir='ltr'>τοιγαροῦν</span> <span class='ocrx_word' id='word_1_615' title='bbox 2791 4422 3109 4517; x_wconf 56' lang='grc' dir='ltr'>ἐπήγαγενέ</span> <span class='ocrx_word' id='word_1_616' title='bbox 3156 4422 3527 4522; x_wconf 61' lang='grc' dir='ltr'>’ἐθερμάνθη</span> <span class='ocrx_word' id='word_1_617' title='bbox 3556 4454 3588 4521; x_wconf 83' lang='grc' dir='ltr'><strong><em>ἠ</em></strong></span> <span class='ocrx_word' id='word_1_618' title='bbox 3615 4422 3759 4518; x_wconf 44' lang='lat' dir='ltr'><strong>mitia</strong></span> 
     </span>
    </p>
   </div>
   <div class='ocr_carea' id='block_1_90' title="bbox 569 4513 1458 4582">
    <p class='ocr_par' dir='ltr' id='par_1_90' title="bbox 569 4513 1458 4582">
     <span class='ocr_line' id='line_1_90' title="bbox 569 4513 1458 4582; baseline 0.017 -17"><span class='ocrx_word' id='word_1_619' title='bbox 569 4513 753 4582; x_wconf 77' lang='lat' dir='ltr'><strong>junxit</strong></span> <span class='ocrx_word' id='word_1_620' title='bbox 784 4533 797 4568; x_wconf 88' lang='lat'><strong>:</strong></span> <span class='ocrx_word' id='word_1_621' title='bbox 831 4514 1106 4573; x_wconf 81' lang='lat' dir='ltr'><strong>Concaluit</strong></span> <span class='ocrx_word' id='word_1_622' title='bbox 1137 4538 1228 4574; x_wconf 86' lang='lat' dir='ltr'><strong>cor</strong></span> <span class='ocrx_word' id='word_1_623' title='bbox 1263 4541 1458 4580; x_wconf 87' lang='lat' dir='ltr'><strong>meum.</strong></span> 
     </span>
    </p>
   </div>
   <div class='ocr_carea' id='block_1_91' title="bbox 1063 4606 1667 4673">
    <p class='ocr_par' dir='ltr' id='par_1_91' title="bbox 1063 4606 1667 4673">
     <span class='ocr_line' id='line_1_91' title="bbox 1063 4606 1667 4673; baseline 0.018 -12"><span class='ocrx_word' id='word_1_624' title='bbox 1063 4606 1378 4668; x_wconf 75' lang='lat' dir='ltr'><strong>PSALMUS</strong></span> <span class='ocrx_word' id='word_1_625' title='bbox 1419 4615 1667 4673; x_wconf 76' lang='lat' dir='ltr'><strong>XXXIX.</strong></span> 
     </span>
    </p>
   </div>
   <div class='ocr_carea' id='block_1_92' title="bbox 632 4688 1711 4776">
    <p class='ocr_par' dir='ltr' id='par_1_92' title="bbox 632 4688 1711 4776">
     <span class='ocr_line' id='line_1_92' title="bbox 632 4688 1711 4776; baseline 0.019 -30"><span class='ocrx_word' id='word_1_626' title='bbox 632 4688 803 4749; x_wconf 61' lang='lat' dir='ltr'><strong>Vens.</strong></span> <span class='ocrx_word' id='word_1_627' title='bbox 834 4695 918 4750; x_wconf 83' lang='lat' dir='ltr'><strong>l0.</strong></span> <span class='ocrx_word' id='word_1_628' title='bbox 964 4719 983 4751; x_wconf 86' lang='grc'><strong><em>‹</em></strong></span> <span class='ocrx_word' id='word_1_629' title='bbox 1009 4702 1658 4776; x_wconf 84' lang='lat' dir='ltr'><strong>Annuntiavijustitiam.</strong></span> <span class='ocrx_word' id='word_1_630' title='bbox 1693 4732 1711 4764; x_wconf 74' lang='grc' dir='ltr'><strong>ι</strong></span> 
     </span>
    </p>
   </div>
   <div class='ocr_carea' id='block_1_93' title="bbox 640 4785 2146 4876">
    <p class='ocr_par' dir='ltr' id='par_1_93' title="bbox 640 4785 2146 4876">
     <span class='ocr_line' id='line_1_93' title="bbox 640 4785 2146 4876; baseline 0.015 -38"><span class='ocrx_word' id='word_1_631' title='bbox 640 4785 888 4858; x_wconf 81' lang='lat' dir='ltr'><strong>Magnam</strong></span> <span class='ocrx_word' id='word_1_632' title='bbox 917 4804 1074 4848; x_wconf 85' lang='lat' dir='ltr'><strong>vocat</strong></span> <span class='ocrx_word' id='word_1_633' title='bbox 1101 4794 1422 4865; x_wconf 88' lang='lat' dir='ltr'><strong>Ecclesiam,</strong></span> <span class='ocrx_word' id='word_1_634' title='bbox 1456 4818 1564 4856; x_wconf 90' lang='lat' dir='ltr'><strong>non</strong></span> <span class='ocrx_word' id='word_1_635' title='bbox 1610 4806 1785 4859; x_wconf 88' lang='lat' dir='ltr'><strong>solum</strong></span> <span class='ocrx_word' id='word_1_636' title='bbox 1823 4808 1967 4876; x_wconf 89' lang='lat' dir='ltr'><strong>quod</strong></span> <span class='ocrx_word' id='word_1_637' title='bbox 2003 4807 2146 4861; x_wconf 82' lang='lat' dir='ltr'><strong>mul-</strong></span> 
     </span>
    </p>
   </div>
   <div class='ocr_carea' id='block_1_94' title="bbox 572 4881 2145 4968">
    <p class='ocr_par' dir='ltr' id='par_1_94' title="bbox 572 4881 2145 4968">
     <span class='ocr_line' id='line_1_94' title="bbox 572 4881 2145 4968; baseline 0.016 -38"><span class='ocrx_word' id='word_1_638' title='bbox 572 4886 749 4931; x_wconf 87' lang='lat' dir='ltr'><strong>torum</strong></span> <span class='ocrx_word' id='word_1_639' title='bbox 781 4881 1061 4939; x_wconf 81' lang='lat' dir='ltr'><strong>heminam</strong></span> <span class='ocrx_word' id='word_1_640' title='bbox 1089 4893 1568 4962; x_wconf 74' lang='lat' dir='ltr'><strong>congregationem</strong></span> <span class='ocrx_word' id='word_1_641' title='bbox 1594 4899 2022 4968; x_wconf 87' lang='lat' dir='ltr'><strong>complectatur;</strong></span> <span class='ocrx_word' id='word_1_642' title='bbox 2050 4902 2145 4956; x_wconf 87' lang='lat' dir='ltr'><strong>sed</strong></span> 
     </span>
    </p>
   </div>
   <div class='ocr_carea' id='block_1_95' title="bbox 568 4972 2145 5062">
    <p class='ocr_par' dir='ltr' id='par_1_95' title="bbox 568 4972 2145 5062">
     <span class='ocr_line' id='line_1_95' title="bbox 568 4972 2145 5062; baseline 0.016 -41"><span class='ocrx_word' id='word_1_643' title='bbox 568 4972 741 5025; x_wconf 85' lang='lat' dir='ltr'><strong>multo</strong></span> <span class='ocrx_word' id='word_1_644' title='bbox 768 4976 954 5044; x_wconf 80' lang='lat' dir='ltr'><strong>magis,</strong></span> <span class='ocrx_word' id='word_1_645' title='bbox 983 4980 1126 5047; x_wconf 86' lang='lat' dir='ltr'><strong>quod</strong></span> <span class='ocrx_word' id='word_1_646' title='bbox 1180 4982 1284 5036; x_wconf 87' lang='lat' dir='ltr'><strong>alta</strong></span> <span class='ocrx_word' id='word_1_647' title='bbox 1318 4984 1682 5056; x_wconf 89' lang='lat' dir='ltr'><strong>sublimiaque</strong></span> <span class='ocrx_word' id='word_1_648' title='bbox 1729 4990 2015 5062; x_wconf 69' lang='lat' dir='ltr'><strong>theologia:</strong></span> <span class='ocrx_word' id='word_1_649' title='bbox 2049 4991 2145 5046; x_wconf 83' lang='lat' dir='ltr'><strong>do-</strong></span> 
     </span>
    </p>
   </div>
   <div class='ocr_carea' id='block_1_96' title="bbox 566 5069 2143 5139">
    <p class='ocr_par' dir='ltr' id='par_1_96' title="bbox 566 5069 2143 5139">
     <span class='ocr_line' id='line_1_96' title="bbox 566 5069 2143 5139; baseline 0.016 -27"><span class='ocrx_word' id='word_1_650' title='bbox 566 5073 742 5131; x_wconf 78' lang='lat' dir='ltr'><strong>gmata</strong></span> <span class='ocrx_word' id='word_1_651' title='bbox 770 5079 963 5133; x_wconf 80' lang='lat' dir='ltr'><strong>capere</strong></span> <span class='ocrx_word' id='word_1_652' title='bbox 989 5069 1182 5125; x_wconf 90' lang='lat' dir='ltr'><strong>valeat.</strong></span> <span class='ocrx_word' id='word_1_653' title='bbox 1216 5070 1383 5127; x_wconf 88' lang='lat' dir='ltr'><strong>Labia</strong></span> <span class='ocrx_word' id='word_1_654' title='bbox 1406 5086 1589 5130; x_wconf 88' lang='lat' dir='ltr'><strong>autem</strong></span> <span class='ocrx_word' id='word_1_655' title='bbox 1615 5085 1671 5131; x_wconf 90' lang='lat' dir='ltr'><strong>et</strong></span> <span class='ocrx_word' id='word_1_656' title='bbox 1707 5081 1850 5134; x_wconf 85' lang='lat' dir='ltr'><strong>oculi</strong></span> <span class='ocrx_word' id='word_1_657' title='bbox 1883 5080 2143 5139; x_wconf 65' lang='lat' dir='ltr'><strong>Ecclesiae</strong></span> 
     </span>
    </p>
   </div>
   <div class='ocr_carea' id='block_1_97' title="bbox 566 5153 2144 5244">
    <p class='ocr_par' dir='ltr' id='par_1_97' title="bbox 566 5153 2144 5244">
     <span class='ocr_line' id='line_1_97' title="bbox 566 5153 2144 5244; baseline 0.015 -37"><span class='ocrx_word' id='word_1_658' title='bbox 566 5153 791 5221; x_wconf 81' lang='lat' dir='ltr'><strong>ﬁgurate</strong></span> <span class='ocrx_word' id='word_1_659' title='bbox 816 5159 984 5229; x_wconf 87' lang='lat' dir='ltr'><strong>accipi</strong></span> <span class='ocrx_word' id='word_1_660' title='bbox 1019 5172 1245 5231; x_wconf 90' lang='lat' dir='ltr'><strong>possunt</strong></span> <span class='ocrx_word' id='word_1_661' title='bbox 1278 5167 1522 5223; x_wconf 87' lang='lat' dir='ltr'><strong>celebres</strong></span> <span class='ocrx_word' id='word_1_662' title='bbox 1548 5169 1622 5223; x_wconf 91' lang='lat' dir='ltr'><strong>illi</strong></span> <span class='ocrx_word' id='word_1_663' title='bbox 1648 5173 1901 5241; x_wconf 89' lang='lat' dir='ltr'><strong>apostoli,</strong></span> <span class='ocrx_word' id='word_1_664' title='bbox 1935 5183 1991 5228; x_wconf 91' lang='lat' dir='ltr'><strong>et</strong></span> <span class='ocrx_word' id='word_1_665' title='bbox 2020 5184 2144 5244; x_wconf 89' lang='lat' dir='ltr'><strong>post</strong></span> 
     </span>
    </p>
   </div>
   <div class='ocr_carea' id='block_1_98' title="bbox 564 5243 2144 5333">
    <p class='ocr_par' dir='ltr' id='par_1_98' title="bbox 564 5243 2144 5333">
     <span class='ocr_line' id='line_1_98' title="bbox 564 5243 2144 5333; baseline 0.015 -34"><span class='ocrx_word' id='word_1_666' title='bbox 564 5243 713 5316; x_wconf 88' lang='lat' dir='ltr'><strong>ipsos</strong></span> <span class='ocrx_word' id='word_1_667' title='bbox 738 5264 930 5328; x_wconf 83' lang='lat' dir='ltr'><strong>omnes</strong></span> <span class='ocrx_word' id='word_1_668' title='bbox 963 5253 1233 5322; x_wconf 88' lang='lat' dir='ltr'><strong>doctores,</strong></span> <span class='ocrx_word' id='word_1_669' title='bbox 1259 5272 1397 5326; x_wconf 89' lang='lat' dir='ltr'><strong>quos</strong></span> <span class='ocrx_word' id='word_1_670' title='bbox 1429 5260 1695 5329; x_wconf 88' lang='lat' dir='ltr'><strong>reliquum</strong></span> <span class='ocrx_word' id='word_1_671' title='bbox 1718 5278 1920 5333; x_wconf 90' lang='lat' dir='ltr'><strong>corpus</strong></span> <span class='ocrx_word' id='word_1_672' title='bbox 1956 5243 2144 5322; x_wconf 79' lang='lat' dir='ltr'><strong>Eccle-</strong></span> 
     </span>
    </p>
   </div>
   <div class='ocr_carea' id='block_1_99' title="bbox 565 5337 2133 5425">
    <p class='ocr_par' dir='ltr' id='par_1_99' title="bbox 565 5337 2133 5425">
     <span class='ocr_line' id='line_1_99' title="bbox 565 5337 2133 5425; baseline 0.014 -34"><span class='ocrx_word' id='word_1_673' title='bbox 565 5337 658 5391; x_wconf 71' lang='lat' dir='ltr'><strong>siaa</strong></span> <span class='ocrx_word' id='word_1_674' title='bbox 692 5355 801 5393; x_wconf 92' lang='lat' dir='ltr'><strong>non</strong></span> <span class='ocrx_word' id='word_1_675' title='bbox 833 5343 1009 5397; x_wconf 90' lang='lat' dir='ltr'><strong>solum</strong></span> <span class='ocrx_word' id='word_1_676' title='bbox 1041 5361 1151 5399; x_wconf 91' lang='lat' dir='ltr'><strong>non</strong></span> <span class='ocrx_word' id='word_1_677' title='bbox 1180 5348 1438 5417; x_wconf 87' lang='lat' dir='ltr'><strong>prohibet</strong></span> <span class='ocrx_word' id='word_1_678' title='bbox 1470 5353 1801 5409; x_wconf 88' lang='lat' dir='ltr'><strong>annuntiare</strong></span> <span class='ocrx_word' id='word_1_679' title='bbox 1828 5354 2133 5425; x_wconf 88' lang='lat' dir='ltr'><strong>Christum,</strong></span> 
     </span>
    </p>
   </div>
   <div class='ocr_carea' id='block_1_100' title="bbox 562 5428 2142 5514">
    <p class='ocr_par' dir='ltr' id='par_1_100' title="bbox 562 5428 2142 5514">
     <span class='ocr_line' id='line_1_100' title="bbox 562 5428 2142 5514; baseline 0.017 -34"><span class='ocrx_word' id='word_1_680' title='bbox 562 5428 655 5496; x_wconf 87' lang='lat' dir='ltr'><strong>qui</strong></span> <span class='ocrx_word' id='word_1_681' title='bbox 692 5429 803 5499; x_wconf 90' lang='lat' dir='ltr'><strong>ipsa</strong></span> <span class='ocrx_word' id='word_1_682' title='bbox 822 5433 1032 5501; x_wconf 88' lang='lat' dir='ltr'><strong>justitia</strong></span> <span class='ocrx_word' id='word_1_683' title='bbox 1060 5445 1176 5503; x_wconf 88' lang='lat' dir='ltr'><strong>est;</strong></span> <span class='ocrx_word' id='word_1_684' title='bbox 1210 5439 1305 5493; x_wconf 89' lang='lat' dir='ltr'><strong>sed</strong></span> <span class='ocrx_word' id='word_1_685' title='bbox 1337 5443 1508 5514; x_wconf 82' lang='lat' dir='ltr'><strong>magis</strong></span> <span class='ocrx_word' id='word_1_686' title='bbox 1549 5444 1769 5514; x_wconf 84' lang='lat' dir='ltr'><strong>excitat,</strong></span> <span class='ocrx_word' id='word_1_687' title='bbox 1802 5450 2142 5506; x_wconf 86' lang='lat' dir='ltr'><strong>convenien-</strong></span> 
     </span>
    </p>
   </div>
   <div class='ocr_carea' id='block_1_101' title="bbox 566 5518 1410 5596">
    <p class='ocr_par' dir='ltr' id='par_1_101' title="bbox 566 5518 1410 5596">
     <span class='ocr_line' id='line_1_101' title="bbox 566 5518 1410 5596; baseline 0.02 -29"><span class='ocrx_word' id='word_1_688' title='bbox 566 5523 672 5570; x_wconf 89' lang='lat' dir='ltr'><strong>tem</strong></span> <span class='ocrx_word' id='word_1_689' title='bbox 705 5518 841 5587; x_wconf 90' lang='lat' dir='ltr'><strong>ipsis</strong></span> <span class='ocrx_word' id='word_1_690' title='bbox 874 5537 1093 5592; x_wconf 88' lang='lat' dir='ltr'><strong>operam</strong></span> <span class='ocrx_word' id='word_1_691' title='bbox 1122 5534 1410 5596; x_wconf 66' lang='lat' dir='ltr'><strong>praastans.</strong></span> 
     </span>
    </p>
   </div>
   <div class='ocr_carea' id='block_1_102' title="bbox 634 5709 1032 5786">
    <p class='ocr_par' dir='ltr' id='par_1_102' title="bbox 634 5709 1032 5786">
     <span class='ocr_line' id='line_1_102' title="bbox 634 5709 1032 5786; baseline 0.03 -20"><span class='ocrx_word' id='word_1_692' title='bbox 634 5709 654 5738; x_wconf 85' lang='lat'><strong>’</strong></span> <span class='ocrx_word' id='word_1_693' title='bbox 681 5711 784 5770; x_wconf 80' lang='lat' dir='ltr'><strong>Job</strong></span> <span class='ocrx_word' id='word_1_694' title='bbox 807 5734 919 5786; x_wconf 71' lang='lat' dir='ltr'><strong>nx,</strong></span> <span class='ocrx_word' id='word_1_695' title='bbox 941 5722 1032 5779; x_wconf 71' lang='grc'><strong>21.</strong></span> 
     </span>
    </p>
   </div>
   <div class='ocr_carea' id='block_1_103' title="bbox 1101 5781 1137 5805">
    <p class='ocr_par' dir='ltr' id='par_1_103' title="bbox 1101 5781 1137 5805">
     <span class='ocr_line' id='line_1_103' title="bbox 1101 5781 1137 5805; baseline 0 0"><span class='ocrx_word' id='word_1_696' title='bbox 1101 5781 1137 5805; x_wconf 56' lang='grc' dir='ltr'><em>θ</em></span> 
     </span>
    </p>
   </div>
   <div class='ocr_carea' id='block_1_104' title="bbox 2250 4548 2387 4601">
    <p class='ocr_par' dir='ltr' id='par_1_104' title="bbox 2250 4548 2387 4601">
     <span class='ocr_line' id='line_1_104' title="bbox 2250 4548 2387 4601; baseline 0.022 -18"><span class='ocrx_word' id='word_1_697' title='bbox 2250 4548 2387 4601; x_wconf 85' lang='grc' dir='ltr'>μου.</span> 
     </span>
    </p>
   </div>
   <div class='ocr_carea' id='block_1_105' title="bbox 2807 4631 3277 4690">
    <p class='ocr_par' dir='ltr' id='par_1_105' title="bbox 2807 4631 3277 4690">
     <span class='ocr_line' id='line_1_105' title="bbox 2807 4631 3277 4690; baseline 0.015 -7"><span class='ocrx_word' id='word_1_698' title='bbox 2807 4631 2949 4684; x_wconf 81' lang='grc' dir='ltr'><strong>ΨΑΛ</strong></span> <span class='ocrx_word' id='word_1_699' title='bbox 2960 4634 3104 4687; x_wconf 71' lang='lat' dir='ltr'><strong>MOE</strong></span> <span class='ocrx_word' id='word_1_700' title='bbox 3150 4637 3188 4690; x_wconf 85' lang='grc' dir='ltr'><strong>Λ</strong></span> <span class='ocrx_word' id='word_1_701' title='bbox 3199 4636 3277 4689; x_wconf 79' lang='grc' dir='ltr'><strong>ϐ’.</strong></span> 
     </span>
    </p>
   </div>
   <div class='ocr_carea' id='block_1_106' title="bbox 2328 4716 3293 4799">
    <p class='ocr_par' dir='ltr' id='par_1_106' title="bbox 2328 4716 3293 4799">
     <span class='ocr_line' id='line_1_106' title="bbox 2328 4716 3293 4799; baseline 0.016 -32"><span class='ocrx_word' id='word_1_702' title='bbox 2328 4735 2346 4766; x_wconf 76' lang='grc' dir='ltr'><strong>ι</strong></span> <span class='ocrx_word' id='word_1_703' title='bbox 2375 4716 2834 4791; x_wconf 85' lang='grc' dir='ltr'>Εὑαγγελισάμην</span> <span class='ocrx_word' id='word_1_704' title='bbox 2873 4721 3240 4799; x_wconf 83' lang='grc' dir='ltr'>δικαιοσύνην.</span> <span class='ocrx_word' id='word_1_705' title='bbox 3274 4749 3293 4780; x_wconf 72' lang='grc' dir='ltr'><strong>ι</strong></span> 
     </span>
    </p>
   </div>
   <div class='ocr_carea' id='block_1_107' title="bbox 2322 4807 3754 4894">
    <p class='ocr_par' dir='ltr' id='par_1_107' title="bbox 2322 4807 3754 4894">
     <span class='ocr_line' id='line_1_107' title="bbox 2322 4807 3754 4894; baseline 0.01 -37"><span class='ocrx_word' id='word_1_706' title='bbox 2322 4807 2586 4877; x_wconf 83' lang='grc' dir='ltr'>Μεγάλην</span> <span class='ocrx_word' id='word_1_707' title='bbox 2615 4812 2781 4881; x_wconf 72' lang='grc' dir='ltr'>φησὶν</span> <span class='ocrx_word' id='word_1_708' title='bbox 2814 4812 3167 4886; x_wconf 82' lang='grc' dir='ltr'>Ἐκκλησίαν,</span> <span class='ocrx_word' id='word_1_709' title='bbox 3185 4821 3247 4871; x_wconf 85' lang='grc' dir='ltr'><strong>οὑ</strong></span> <span class='ocrx_word' id='word_1_710' title='bbox 3277 4821 3441 4891; x_wconf 86' lang='grc' dir='ltr'>μόνον</span> <span class='ocrx_word' id='word_1_711' title='bbox 3462 4823 3553 4894; x_wconf 75' lang='grc' dir='ltr'>τὴν</span> <span class='ocrx_word' id='word_1_712' title='bbox 3578 4824 3754 4888; x_wconf 63' lang='grc' dir='ltr'>σύστημα</span> 
     </span>
    </p>
   </div>
   <div class='ocr_carea' id='block_1_108' title="bbox 2251 4897 3754 4986">
    <p class='ocr_par' dir='ltr' id='par_1_108' title="bbox 2251 4897 3754 4986">
     <span class='ocr_line' id='line_1_108' title="bbox 2251 4897 3754 4986; baseline 0.015 -36"><span class='ocrx_word' id='word_1_713' title='bbox 2251 4897 2680 4967; x_wconf 80' lang='grc' dir='ltr'>πολυάνθρωπον</span> <span class='ocrx_word' id='word_1_714' title='bbox 2714 4904 2947 4974; x_wconf 78' lang='grc' dir='ltr'>ἔχουσαν</span> <span class='ocrx_word' id='word_1_715' title='bbox 2969 4948 2982 4968; x_wconf 82' lang='lat'><em>.</em></span> <span class='ocrx_word' id='word_1_716' title='bbox 3016 4909 3151 4964; x_wconf 86' lang='grc' dir='ltr'><strong>ἀλλά</strong></span> <span class='ocrx_word' id='word_1_717' title='bbox 3184 4913 3280 4965; x_wconf 71' lang='grc' dir='ltr'>καὶ</span> <span class='ocrx_word' id='word_1_718' title='bbox 3305 4915 3485 4985; x_wconf 86' lang='grc' dir='ltr'>πολλῷ</span> <span class='ocrx_word' id='word_1_719' title='bbox 3515 4916 3681 4986; x_wconf 70' lang='grc' dir='ltr'>μᾶλλον</span> <span class='ocrx_word' id='word_1_720' title='bbox 3696 4912 3754 4979; x_wconf 65' lang='grc' dir='ltr'>τὴν</span> 
     </span>
    </p>
   </div>
   <div class='ocr_carea' id='block_1_109' title="bbox 2250 4991 3755 5076">
    <p class='ocr_par' dir='ltr' id='par_1_109' title="bbox 2250 4991 3755 5076">
     <span class='ocr_line' id='line_1_109' title="bbox 2250 4991 3755 5076; baseline 0.011 -33"><span class='ocrx_word' id='word_1_721' title='bbox 2250 4991 2317 5046; x_wconf 79' lang='grc' dir='ltr'><strong>τὰ</strong></span> <span class='ocrx_word' id='word_1_722' title='bbox 2346 4992 2525 5063; x_wconf 79' lang='grc' dir='ltr'>ὑψηλά</span> <span class='ocrx_word' id='word_1_723' title='bbox 2569 4996 2664 5048; x_wconf 78' lang='grc' dir='ltr'>καὶ</span> <span class='ocrx_word' id='word_1_724' title='bbox 2708 4999 3106 5072; x_wconf 84' lang='grc' dir='ltr'>μεγαλοπρεπῆ</span> <span class='ocrx_word' id='word_1_725' title='bbox 3137 5002 3386 5072; x_wconf 86' lang='grc' dir='ltr'>δόγματα</span> <span class='ocrx_word' id='word_1_726' title='bbox 3412 5009 3509 5076; x_wconf 83' lang='grc' dir='ltr'>τῆς</span> <span class='ocrx_word' id='word_1_727' title='bbox 3551 5004 3755 5070; x_wconf 70' lang='grc' dir='ltr'>θεολογίες</span> 
     </span>
    </p>
   </div>
   <div class='ocr_carea' id='block_1_110' title="bbox 2252 5086 3751 5168">
    <p class='ocr_par' dir='ltr' id='par_1_110' title="bbox 2252 5086 3751 5168">
     <span class='ocr_line' id='line_1_110' title="bbox 2252 5086 3751 5168; baseline 0.013 -32"><span class='ocrx_word' id='word_1_728' title='bbox 2252 5086 2662 5154; x_wconf 78' lang='grc' dir='ltr'>παραδέξασθαι</span> <span class='ocrx_word' id='word_1_729' title='bbox 2701 5088 3030 5163; x_wconf 83' lang='grc' dir='ltr'>δυναμένην.</span> <span class='ocrx_word' id='word_1_730' title='bbox 3063 5095 3231 5167; x_wconf 83' lang='grc' dir='ltr'><strong>Χείλη</strong></span> <span class='ocrx_word' id='word_1_731' title='bbox 3260 5097 3318 5150; x_wconf 87' lang='grc' dir='ltr'><strong>δέ</strong></span> <span class='ocrx_word' id='word_1_732' title='bbox 3348 5099 3451 5168; x_wconf 81' lang='grc' dir='ltr'>τῆς</span> <span class='ocrx_word' id='word_1_733' title='bbox 3483 5098 3751 5168; x_wconf 69' lang='grc' dir='ltr'>Ἐκκλησίαςν</span> 
     </span>
    </p>
   </div>
   <div class='ocr_carea' id='block_1_111' title="bbox 2250 5179 3753 5258">
    <p class='ocr_par' dir='ltr' id='par_1_111' title="bbox 2250 5179 3753 5258">
     <span class='ocr_line' id='line_1_111' title="bbox 2250 5179 3753 5258; baseline 0.008 -29"><span class='ocrx_word' id='word_1_734' title='bbox 2250 5181 2345 5231; x_wconf 77' lang='grc' dir='ltr'><strong>καὶ</strong></span> <span class='ocrx_word' id='word_1_735' title='bbox 2374 5181 2421 5232; x_wconf 91' lang='grc' dir='ltr'><strong>οἰ</strong></span> <span class='ocrx_word' id='word_1_736' title='bbox 2452 5179 2719 5252; x_wconf 73' lang='grc' dir='ltr'>ὀφθαλμοὶ</span> <span class='ocrx_word' id='word_1_737' title='bbox 2748 5186 3028 5252; x_wconf 78' lang='grc' dir='ltr'>τροπικῶς</span> <span class='ocrx_word' id='word_1_738' title='bbox 3056 5187 3313 5258; x_wconf 77' lang='grc' dir='ltr'>ληφθεῖεν</span> <span class='ocrx_word' id='word_1_739' title='bbox 3348 5191 3416 5244; x_wconf 86' lang='grc' dir='ltr'>ἂν</span> <span class='ocrx_word' id='word_1_740' title='bbox 3458 5193 3505 5245; x_wconf 80' lang='lat' dir='ltr'><strong>oi</strong></span> <span class='ocrx_word' id='word_1_741' title='bbox 3548 5188 3753 5253; x_wconf 68' lang='grc' dir='ltr'>πανεύςη·</span> 
     </span>
    </p>
   </div>
   <div class='ocr_carea' id='block_1_112' title="bbox 2254 5270 3756 5350">
    <p class='ocr_par' dir='ltr' id='par_1_112' title="bbox 2254 5270 3756 5350">
     <span class='ocr_line' id='line_1_112' title="bbox 2254 5270 3756 5350; baseline 0.009 -29"><span class='ocrx_word' id='word_1_742' title='bbox 2254 5286 2344 5339; x_wconf 89' lang='grc' dir='ltr'><strong>μοι</strong></span> <span class='ocrx_word' id='word_1_743' title='bbox 2372 5270 2685 5337; x_wconf 85' lang='grc' dir='ltr'>ἀπόστολοι,</span> <span class='ocrx_word' id='word_1_744' title='bbox 2719 5274 2813 5327; x_wconf 75' lang='grc' dir='ltr'><strong>καὶ</strong></span> <span class='ocrx_word' id='word_1_745' title='bbox 2847 5276 3048 5341; x_wconf 83' lang='grc' dir='ltr'>πάντες</span> <span class='ocrx_word' id='word_1_746' title='bbox 3079 5280 3127 5331; x_wconf 89' lang='grc' dir='ltr'><strong>οἰ</strong></span> <span class='ocrx_word' id='word_1_747' title='bbox 3166 5282 3281 5350; x_wconf 88' lang='grc' dir='ltr'>μετ’</span> <span class='ocrx_word' id='word_1_748' title='bbox 3304 5285 3540 5348; x_wconf 83' lang='grc' dir='ltr'>ἐκείνους</span> <span class='ocrx_word' id='word_1_749' title='bbox 3573 5283 3756 5337; x_wconf 73' lang='grc' dir='ltr'>διδάσκιο</span> 
     </span>
    </p>
   </div>
   <div class='ocr_carea' id='block_1_113' title="bbox 2249 5361 3752 5445">
    <p class='ocr_par' dir='ltr' id='par_1_113' title="bbox 2249 5361 3752 5445">
     <span class='ocr_line' id='line_1_113' title="bbox 2249 5361 3752 5445; baseline 0.006 -33"><span class='ocrx_word' id='word_1_750' title='bbox 2249 5361 2352 5421; x_wconf 87' lang='grc' dir='ltr'>λοι,</span> <span class='ocrx_word' id='word_1_751' title='bbox 2380 5361 2473 5425; x_wconf 79' lang='grc' dir='ltr'><strong>οὓς</strong></span> <span class='ocrx_word' id='word_1_752' title='bbox 2506 5362 2569 5415; x_wconf 82' lang='grc' dir='ltr'>τὸ</span> <span class='ocrx_word' id='word_1_753' title='bbox 2594 5362 2780 5417; x_wconf 76' lang='grc' dir='ltr'>λοιπὸν</span> <span class='ocrx_word' id='word_1_754' title='bbox 2808 5367 2967 5436; x_wconf 84' lang='grc' dir='ltr'>σῶμα</span> <span class='ocrx_word' id='word_1_755' title='bbox 2996 5371 3095 5440; x_wconf 85' lang='grc' dir='ltr'>τῆς</span> <span class='ocrx_word' id='word_1_756' title='bbox 3131 5373 3474 5444; x_wconf 84' lang='grc' dir='ltr'>Ἐκκλησίας,</span> <span class='ocrx_word' id='word_1_757' title='bbox 3495 5378 3549 5428; x_wconf 79' lang='grc' dir='ltr'>οὐ</span> <span class='ocrx_word' id='word_1_758' title='bbox 3580 5374 3704 5445; x_wconf 87' lang='grc' dir='ltr'>μόνον</span> <span class='ocrx_word' id='word_1_759' title='bbox 3716 5368 3752 5421; x_wconf 68' lang='grc' dir='ltr'>αδ</span> 
     </span>
    </p>
   </div>
   <div class='ocr_carea' id='block_1_114' title="bbox 2249 5453 3799 5537">
    <p class='ocr_par' dir='ltr' id='par_1_114' title="bbox 2249 5453 3799 5537">
     <span class='ocr_line' id='line_1_114' title="bbox 2249 5453 3799 5537; baseline 0.01 -33"><span class='ocrx_word' id='word_1_760' title='bbox 2249 5453 2452 5505; x_wconf 81' lang='grc' dir='ltr'>κωλύει</span> <span class='ocrx_word' id='word_1_761' title='bbox 2480 5456 2582 5524; x_wconf 83' lang='grc' dir='ltr'>τὴν</span> <span class='ocrx_word' id='word_1_762' title='bbox 2604 5457 3089 5533; x_wconf 81' lang='grc' dir='ltr'>αὑτοδικαιοσύνην</span> <span class='ocrx_word' id='word_1_763' title='bbox 3117 5465 3556 5537; x_wconf 81' lang='grc' dir='ltr'>εὐαγγελίζεσθαι</span> <span class='ocrx_word' id='word_1_764' title='bbox 3575 5468 3651 5521; x_wconf 83' lang='grc' dir='ltr'>τὸν</span> <span class='ocrx_word' id='word_1_765' title='bbox 3667 5464 3754 5535; x_wconf 77' lang='grc' dir='ltr'>Χρι·</span> <span class='ocrx_word' id='word_1_766' title='bbox 3796 5458 3799 5464; x_wconf 71' lang='grc'><em>’</em></span> 
     </span>
    </p>
   </div>
   <div class='ocr_carea' id='block_1_115' title="bbox 2252 5544 3752 5631">
    <p class='ocr_par' dir='ltr' id='par_1_115' title="bbox 2252 5544 3752 5631">
     <span class='ocr_line' id='line_1_115' title="bbox 2252 5544 3752 5631; baseline 0.01 -36"><span class='ocrx_word' id='word_1_767' title='bbox 2252 5545 2397 5606; x_wconf 74' lang='grc' dir='ltr'>στὸν,</span> <span class='ocrx_word' id='word_1_768' title='bbox 2430 5544 2568 5598; x_wconf 80' lang='grc' dir='ltr'>ἀλλὰ</span> <span class='ocrx_word' id='word_1_769' title='bbox 2611 5548 2707 5601; x_wconf 68' lang='grc' dir='ltr'><strong>καὶ</strong></span> <span class='ocrx_word' id='word_1_770' title='bbox 2756 5550 2959 5619; x_wconf 83' lang='grc' dir='ltr'>μᾶλλον</span> <span class='ocrx_word' id='word_1_771' title='bbox 2992 5560 3251 5631; x_wconf 76' lang='grc' dir='ltr'>παρορμᾷ</span> <span class='ocrx_word' id='word_1_772' title='bbox 3287 5557 3380 5630; x_wconf 79' lang='grc' dir='ltr'><strong>τὴν</strong></span> <span class='ocrx_word' id='word_1_773' title='bbox 3409 5559 3648 5628; x_wconf 84' lang='grc' dir='ltr'>ἀνάλογον</span> <span class='ocrx_word' id='word_1_774' title='bbox 3670 5569 3752 5608; x_wconf 84' lang='grc' dir='ltr'>συν·</span> 
     </span>
    </p>
   </div>
   <div class='ocr_carea' id='block_1_116' title="bbox 2249 5634 3093 5715">
    <p class='ocr_par' dir='ltr' id='par_1_116' title="bbox 2249 5634 3093 5715">
     <span class='ocr_line' id='line_1_116' title="bbox 2249 5634 3093 5715; baseline 0.019 -28"><span class='ocrx_word' id='word_1_775' title='bbox 2249 5634 2444 5708; x_wconf 82' lang='grc' dir='ltr'>εργίαν</span> <span class='ocrx_word' id='word_1_776' title='bbox 2472 5638 2659 5704; x_wconf 83' lang='grc' dir='ltr'>αὐτοῖς</span> <span class='ocrx_word' id='word_1_777' title='bbox 2686 5643 3093 5715; x_wconf 85' lang='grc' dir='ltr'>παρεχόμενον.</span> 
     </span>
    </p>
   </div>
  </div>
