3892 6470
152 493 274 561 11θῖ

1171 487 1631 548 FRAGMENTA
1675 487 1753 546 ΙΝ
1795 489 2156 552 I’SALMOS.

3239 492 3369 554 1138

151 611 236 679 κῇ,
272 609 374 682 οὐχὶ
419 606 534 668 ταῖς
573 603 797 665 πολλαῖς
843 603 960 666 ταῖς
1017 600 1326 669 ἀλογίστοις
1371 601 1688 671 ἀρέσκεται.

1814 603 2011 658 talibus
2039 602 2259 673 placari.
2287 603 2466 670 Quare
2489 603 2636 675 ipsos
2658 605 2952 660 convenire
2973 607 3146 676 jubet,
3184 619 3240 662 ut
3268 611 3370 676 lion

145 702 326 772 Διόπερ
345 703 429 753 καὶ
453 696 731 752 συνελθεῖν
760 695 979 761 αὐτοὺς,
1004 692 1149 747 ὥστε
1182 691 1343 747 τοῦτο
1374 692 1690 763 διδαχθῆναι

147 788 464 863 προσέταξεν.

219 903 236 938 ι
267 884 363 938 Οὐκ
389 883 480 937 ἐπὶ
504 884 625 946 ταῖς
659 879 874 944 θυσίαις
906 896 1000 932 σου
1031 877 1237 947 ἐλέγξω
1268 894 1349 930 σε.
1383 894 1402 929 ι

222 973 488 1028 Ἦπίστουν
517 974 660 1037 ,ἴσως
697 969 871 1025 ταῦτα
917 972 968 1023 οἱ
1015 969 1125 1022 τῶν
1167 968 1445 1023 Ἰουδαίων
1499 968 1690 1032 παῖδες

143 1067 427 1130 ἀκούοντες,
472 1065 568 1119 καὶ
605 1064 847 1134 ἠπόρουν
891 1063 940 1115 εί
980 1060 1043 1114 τὸ
1084 1059 1366 1123 παντελῶς
1410 1059 1692 1130 συμϐῆναι

143 1159 442 1230 δυνήσεται,
465 1156 562 1211 νῦν
585 1156 642 1209 δὲ
673 1155 834 1226 ἔργον
871 1155 900 1206 ὁ
939 1153 1099 1222 λόγος
1134 1151 1292 1222 ὤφθη
1313 1168 1328 1183 ’
1355 1153 1542 1206 οὐκέτι
1583 1151 1690 1222 γὰρ

141 1250 310 1303 αὐτῶν
351 1248 660 1319 ἐνεργοῦσιν
708 1249 762 1300 αἱ
814 1245 1000 1299 θυσίαι
1051 1245 1147 1298 τοῦ
1211 1245 1342 1298 ναοῦ
1410 1245 1690 1310 λυθέντος,

139 1343 467 1405 πεπτωκότος
514 1341 608 1394 τοῦ
647 1338 860 1410 βωμοῦ,
892 1338 986 1391 καὶ
1022 1339 1204 1408 πάσης
1243 1338 1343 1408 τῆς
1386 1338 1476 1390 ἐπ’
1525 1336 1689 1391 αὑτοῦ

138 1434 388 1498 πολιτείας
421 1432 834 1504 διαφθαρείσης,
874 1430 1012 1484 ἀλλὰ
1045 1431 1152 1501 μὴν
1188 1431 1284 1484 καὶ
1313 1432 1414 1502 τῆς
1456 1430 1688 1496 πόλεως,

136 1528 260 1581 ἔνθα
303 1526 398 1578 ἔδει
443 1525 608 1595 μόνον
653 1525 752 1586 τὰς
785 1521 979 1584 θυσίας
1021 1519 1126 1585 τὰς
1150 1522 1292 1575 κατὰ
1325 1523 1488 1592 νόμον
1519 1522 1692 1591 πρόιτ-

133 1617 329 1673 τεσθαι.
355 1616 423 1668 Οὐ
455 1615 665 1688 χρῄζω,
697 1613 853 1683 φησι,
888 1610 1090 1666 θυσιῶν
1119 1611 1332 1680 ἀλόγων
1353 1652 1368 1679 ,
1393 1611 1520 1665 ἐπεὶ
1549 1611 1603 1664 τί
1630 1611 1693 1666 τὸ

133 1709 330 1762 κωλῦον
351 1707 414 1760 τᾶ
438 1705 601 1777 θηρία
632 1704 726 1760 καὶ
752 1704 819 1758 τὰ
847 1703 1020 1774 κτήνη
1049 1701 1457 1772 προσφέρεσθαι
1485 1719 1501 1768 ;
1533 1704 1693 1766 Ἴσως

127 1802 184 1854 δὲ
213 1801 372 1868 θηρία
393 1799 490 1853 καὶ
537 1796 730 1865 κτήνη
778 1798 846 1852 τὰ
884 1795 1012 1864 ἔθνη
1052 1794 1223 1863 λέγει·
1246 1795 1405 1862 ,ϐόας
1429 1797 1556 1858 τοὺς
1585 1795 1692 1849 ἀπὸ

126 1893 224 1947 τοῦ
252 1890 372 1950 λαοῦ
403 1890 512 1944 τῶν
553 1889 825 1944 Ἰουδαίων
853 1885 1254 1950 πιστεύσαντας
1279 1886 1452 1956 λέγει,
1493 1879 1568 1942 ὧν
1591 1885 1692 1959 τὴν

1793 694 2094 752 addiscant.

1865 877 2026 932 Vens.
2063 878 2116 934 8.
2147 899 2165 930 ι
2205 878 2322 933 Νοη
2351 879 2403 933 in
2438 878 2721 935 sacriﬁciis
2750 880 2856 935 luis
2879 895 3100 951 arguam
3128 890 3198 934 te.
3242 899 3260 931 ι

1864 969 1983 1024 Non
2038 971 2336 1026 credebant
2370 1013 2384 1038 ,
2420 971 2498 1025 uti
2530 971 2843 1027 verosimile
2881 981 2965 1026 est
2998 1014 3011 1038 ,
3049 971 3222 1027 Judaei
3253 973 3373 1032 haec

1794 1063 2122 1130 audientes;
2179 1072 2234 1118 et
2272 1045 2681 1128 addubitabaitt,
2741 1073 2923 1118 utrum
2983 1064 3101 1119 iure
3147 1065 3371 1120 omnino

1793 1149 2017 1204 evenire
2057 1157 2310 1220 possent;
2356 1166 2504 1206 nunc
2536 1166 2666 1206 vero
2695 1165 2876 1206 sermo
2910 1151 3088 1220 reipsa
3121 1166 3372 1219 eompro~

1794 1241 1952 1295 batus
1973 1249 2059 1294 est
2082 1257 2094 1292 :
2122 1255 2233 1294 non
2258 1240 2401 1295 enim
2425 1243 2656 1311 amplius
2677 1257 2864 1296 eorum
2892 1241 3156 1297 sacriﬁcia
3192 1243 3370 1302 locum

1797 1329 2017 1394 habent,
2066 1331 2269 1400 templo
2317 1331 2616 1398 destructo,
2678 1333 2832 1388 altari
2876 1334 3136 1403 collapso,
3168 1335 3372 1388 etuni~

1795 1438 1952 1477 versa
1983 1422 2229 1492 ipsorum
2265 1423 2736 1478 administratione
2760 1425 3006 1490 sublata;
3048 1425 3176 1494 quin
3208 1426 3373 1486 etiam

1795 1514 1930 1570 urbe
1979 1529 2204 1586 eversa,
2258 1515 2316 1569 in
2367 1530 2473 1586 qua
2526 1515 2828 1570 secundum
2879 1515 3052 1586 legem
3107 1517 3374 1572 sacriﬁcia

1795 1606 1910 1662 ﬁcri
1941 1607 2247 1676 Oportebat.
2282 1605 2400 1660 Non
2428 1606 2661 1677 indigeo,
2698 1606 2894 1676 inquit,
2927 1606 3204 1662 sacriﬁciis
3236 1608 3372 1661 irra~

1795 1699 2108 1754 tionalibns.
2151 1699 2233 1754 Ad
2269 1699 2404 1761 luce,
2431 1700 2563 1770 quid
2617 1700 2760 1754 feras
2800 1709 2854 1755 et
2898 1699 3136 1770 pecudes
3175 1699 3373 1755 oﬁ‘erre

1793 1789 2114 1859 prohibuit?
2142 1788 2396 1845 Fortasse
2429 1805 2560 1845 vero
2592 1805 2688 1860 per
2717 1790 2857 1861 feras
2883 1797 2937 1845 et
2953 1789 3197 1858 jumenta
3237 1805 3371 1860 gen-

1794 1887 1874 1934 tes
1899 1880 2188 1951 intelligit;
2212 1897 2308 1950 per
2326 1880 2476 1935 boves
2501 1889 2682 1938 autem
2706 1881 2825 1935 illos
2851 1880 2942 1950 qui
2968 1895 3034 1935 ex
3058 1881 3368 1938 Judmorum

126 1983 430 2056 προσφορὰν
471 1982 810 2052 κεκτημένος
872 1979 1058 2035 οὐκέτι
1097 1977 1167 2030 τὰ
1217 1979 1370 2051 παρὰ
1417 1979 1512 2034 τοῦ
1559 1980 1688 2034 λαοῦ

1814 1971 1996 2042 )opulo
2033 1973 2415 2038 crediderunt;
2471 1989 2704 2044 quorum
2737 1973 3070 2028 oblationem
3117 1987 3374 2028 consecuv

126 2074 234 2127 τῶν
274 2071 572 2137 Ἰουδαίων,
605 2070 681 2133 ὡς
711 2069 942 2141 περιττὰ
979 2067 1364 2139 προσδέχεται·
1401 2069 1532 2142 περὶ
1580 2070 1689 2142 γὰρ

1821 2077 1915 2127 us,
1952 2077 2060 2116 non
2110 2063 2341 2133 amplius
2381 2063 2611 2120 admittit
2643 2065 2784 2119 dona
2814 2063 3150 2129 Judaeorum,
3183 2073 3374 2136 utpote

71 2169 76 2176 '
127 2164 306 2219 αὐτῶν
335 2163 423 2216 καὶ
459 2162 527 2215 τὰ
555 2161 798 2231 ἑπόμενα
826 2161 1066 2230 λέγεται.

1814 2151 2075 2222 superﬂua
2104 2171 2118 2208 :
2150 2169 2277 2208 nam
2311 2154 2377 2209 de
2415 2155 2518 2209 illis
2547 2156 2830 2225 sequentia
2863 2155 3138 2212 dicuntur.

201 2255 434 2310 Ηετεινὰ
483 2252 542 2308 δὲ
585 2252 680 2312 τοῦ
715 2252 947 2325 οὐρανοῦ
985 2254 1112 2319 τοὺς
1137 2253 1438 2325 παρθενίαν
1473 2252 1689 2324 φιλοσο-

1868 2243 2118 2300 Volatilia
2151 2259 2284 2300 vero
2309 2245 2432 2301 coeli
2461 2261 2558 2301 eos
2585 2246 2850 2317 iutellige,
2879 2247 2971 2317 qui
3005 2247 3373 2318 virginitatem

121 2347 352 2417 φοῦντας
390 2345 422 2420 ἢ
451 2345 779 2414 ἐγκράτειαν
809 2345 1035 2415 νόησονο
1076 2346 1378 2418 ἐπειδήπερ
1425 2347 1538 2401 ἄνω
1564 2346 1692 2417 περὶ

1814 2345 1849 2390 ει
1865 2335 2251 2392 continentiam
2281 2338 2504 2393 colunt:
2530 2338 2795 2410 siquidem
2825 2339 2878 2393 bi
2928 2354 3163 2410 superne
3227 2340 3372 2396 circa

125 2440 218 2492 τὸν
282 2437 500 2508 οὐρανὸν
523 2475 538 2504 ,
599 2436 692 2489 ἴσα
749 2438 864 2499 τοῖς
919 2435 1175 2504 ἀγγέλοις
1235 2436 1655 2508 φιλοσοφοῦντες
1675 2477 1690 2502 ,

133 2531 395 2595 ῖπτανται.

203 2622 370 2693 Αὐτὴν
434 2621 536 2693 τὴν
600 2619 936 2692 Ἐκκλησίαν
999 2620 1148 2688 λέγει
1209 2622 1538 2692 ὡραιότητα
1585 2622 1693 2677 τοῦ

46 2767 50 2793 ._
121 2714 326 2786 ἁπλοῦ,
359 2712 558 2786 δηλαδὴ
596 2712 690 2767 τοῦ
722 2713 928 2784 κόσμου
963 2713 1340 2783 τυγχάνουσαν
1364 2731 1380 2746 ⁶
1411 2715 1693 2787 εὐπρεπὴς

1793 2427 1988 2486 ρωιυω
2021 2436 2272 2498 tanquam
2308 2429 2480 2501 angeli
2517 2429 2708 2486 intenti
2737 2431 2938 2490 volant.

1867 2625 2317 2682 Pulchritudinem
2363 2626 2482 2696 agri
2527 2624 2658 2680 dicit
2717 2625 2888 2694 ipsam
2931 2622 3264 2691 Ecclesium,
3312 2634 3373 2679 ut

1798 2733 1920 2788 quae
1977 2720 2046 2772 sit
2108 2717 2299 2772 mundi
2359 2715 2710 2786 pulchritudo
2765 2729 2946 2769 :nam
3000 2715 3223 2785 pulchra
3277 2728 3378 2784 per

123 2811 232 2878 γὰρ
263 2806 480 2875 ἐγένετο
510 2809 576 2877 τῇ
627 2805 720 2859 τοῦ
755 2805 1135 2877 βαπτίσματος
1171 2807 1390 2878 χάριτι·
1429 2807 1556 2860 ὅθεν
1593 2807 1692 2860 οὐκ

1814 2809 2057 2880 )aptismi
2103 2809 2330 2880 gratiam
2381 2807 2522 2863 facta
2555 2817 2658 2864 est.
2688 2807 2846 2863 Unde
2891 2822 3002 2862 non
3043 2807 3199 2872 dixit,
3230 2808 3376 2876 apud

121 2898 298 2966 εἶπεν,
326 2897 459 2965 παρ’
493 2897 624 2967 ἐμοί
656 2897 857 2964 ἐστιν,
884 2896 1018 2954 ἀλλὰ
1044 2939 1059 2964 ,
1079 2899 1206 2967 μετ’
1235 2899 1382 2968 ἐμοῦ
1400 2899 1591 2964 ἐστιν,
1618 2899 1695 2963 ὼς

1801 2921 1883 2958 me
1943 2912 2056 2966 est;
2121 2903 2238 2966 sed,
2301 2918 2503 2956 mecum
2545 2910 2642 2965 est,
2683 2910 2940 2970 tanquam
2989 2915 3190 2971 sponsa
3250 2915 3374 2957 cum

118 2993 311 3062 νύμφη
350 2989 584 3060 νυμφίου
604 3005 619 3020 ’
653 2988 844 3045 τούτου
877 2988 986 3058 γὰρ
1013 2985 1152 3043 εἶναι
1185 2991 1218 3057 ὴ
1261 2989 1558 3062 Ἐκκλησία
1598 2990 1692 3045 τοῦ

1814 3011 2004 3066 sponso
2037 3012 2052 3050 :
2085 2995 2248 3066 hujus
2276 2995 2419 3051 enim
2447 3035 2461 3062 ,
2490 2994 2696 3051 scilicet
2723 2993 2948 3060 Christi,
2986 2992 3225 3049 Ecclesia
3257 3009 3376 3050 esse

119 3081 360 3154 Χριστοῦ
395 3081 697 3152 νομίζεται.

193 3194 213 3228 ι
253 3175 429 3233 Θῦσον
455 3173 535 3245 τῷ
567 3173 688 3243 Θεῷ
719 3172 910 3229 θυσίαν
937 3171 1217 3237 αἰνέσεως.
1257 3191 1277 3226 ι

1804 3096 2025 3143 eensetu
2035 3103 2078 3141 Γ.

1872 3177 2035 3234 Vens.
2069 3179 2158 3234 ﬂ.
2197 3196 2216 3230 ι
2263 3178 2492 3234 lmmola
2522 3178 2635 3234 Deo
2664 3178 2988 3236 sacriﬁcium
3019 3179 3214 3236 laudis.
3248 3199 3266 3232 ι

190 3267 360 3320 Γενοῦ
389 3307 404 3330 ,
431 3267 570 3337 φησι
589 3309 604 3333 ,
634 3267 746 3329 τοῖς
769 3265 1028 3334 ἀγγέλοις
1067 3264 1366 3336 ἐφάμιλλος
1393 3283 1407 3297 ο
1459 3267 1692 3340 μίμησαι

1855 3248 2024 3337 Ἐδίο,
2071 3269 2268 3341 inquit,
2310 3285 2542 3327 consors
2583 3273 2821 3346 angelis;
2855 3272 3066 3328 imitare
3109 3273 3380 3344 gloriﬁca-

107 3363 179 3430 τῇ
213 3357 494 3427 δοξολογίξι
528 3356 596 3413 τὰ
626 3355 876 3424 Σεραφίμ
899 3371 912 3385 ·
951 3355 1213 3425 διήγησαι
1237 3355 1490 3425 καθάπερ
1529 3357 1578 3408 οἱ
1609 3355 1692 3409 οὺ-

1814 3357 1950 3414 tione
1997 3357 2279 3430 Serapbim
2330 3376 2567 3415 :enarra
2599 3362 2740 3415 sicut
2788 3360 2909 3416 coeli
2956 3361 3178 3432 gloriam
3231 3361 3322 3415 Dei
3360 3380 3374 3420 :

107 3451 276 3525 ρανοὶ
311 3449 469 3514 δόξαν
491 3447 625 3501 Θεοῦ
654 3463 668 3478 ο
701 3446 865 3500 θῦσον
895 3445 1090 3502 θυσίαν
1117 3447 1297 3516 ἥνπερ
1323 3447 1476 3500 πᾶσα
1505 3448 1537 3516 ἡ
1580 3446 1692 3499 κτί-

1814 3450 2022 3505 immola
2062 3451 2408 3514 sacriﬁcium,
2448 3451 2591 3520 quod
2626 3451 2803 3506 omnis
2831 3451 3074 3506 immolat
3107 3462 3378 3516 creatura,

104 3560 199 3605 σις
249 3538 554 3612 προσφέρει
618 3536 918 3604 δοξάζουσα
957 3534 1240 3608 διηνεκῶς.
1284 3536 1445 3598 Ἴσως
1504 3534 1562 3586 δὲ
1605 3536 1692 3589 καὶ

1814 3544 1932 3598 dum
1967 3543 2312 3598 continenter
2358 3543 2526 3598 Deum
2575 3544 2777 3598 laudat.
2813 3542 2974 3597 Forte
3007 3559 3136 3597 vero
3170 3544 3379 3611 διιεῖ-ἰῇ..

101 3635 342 3695 θυσίαν
388 3632 676 3696 αἰνέσεως
709 3629 809 3692 τὰς
846 3629 1050 3700 ἀρετὰς
1088 3628 1257 3698 λέγει,
1299 3628 1369 3681 δι’
1410 3622 1485 3681 ὧν
1512 3629 1540 3680 ὁ
1566 3627 1692 3692 Θεὸς

1814 3637 1942 3690 rium
1970 3635 2143 3689 laudis
2175 3635 2405 3690 virtutes
2437 3635 2705 3706 intelligit,
2737 3651 2834 3704 per
2858 3650 2993 3706 quas
3021 3633 3165 3690 Deus
3191 3635 3380 3689 lauda-

102 3726 354 3779 αἰγεῖται
377 3759 395 3788 ,
428 3721 708 3776 τουτέστιν
736 3721 1074 3790 εὐφημεῖται
1101 3721 1197 3775 καὶ
1241 3720 1525 3786 δοξάζεται
1546 3739 1561 3758 ο
1596 3724 1692 3799 μά-

1814 3737 1932 3792 lur;
1966 3727 2072 3781 hoc
2092 3735 2197 3790 est,
2231 3727 2574 3781 benedicitur
2602 3735 2655 3781 et
2681 3727 3046 3796 gloriﬁcatur;
3078 3727 3377 3798 prwsertim

102 3817 274 3870 λιστα
295 3814 490 3885 διόπερ
510 3816 621 3878 τοίς
683 3814 1005 3876 ἀποστόλοις
1037 3813 1222 3884 ἔλεγεν
1246 3831 1259 3844 ·
1302 3815 1604 3884 Λαμψάτω
1635 3799 1692 3870 τό

1814 3830 1929 3871 cum
1963 3814 2223 3885 apostolis
2259 3815 2494 3873 dixerit:
2525 3815 2718 3870 Lit-crat
2748 3817 2842 3870 lux
2870 3826 3042 3870 vestra
3075 3833 3251 3870 coram
3283 3817 3376 3869 Ιιο.

97 3906 233 3976 φῶς
264 3904 442 3974 ὑμῶν
467 3904 810 3973 ἔμπροσθεν
833 3902 956 3958 τῶν
987 3903 1337 3973 ἀνθρώπων,
1380 3904 1538 3972 ὅπως
1569 3905 1692 3959 ἴδω.

1814 3907 2058 3974 minibus,
2093 3915 2152 3961 ut
2201 3908 2408 3962 videant
2437 3924 2593 3976 opera
2623 3921 2795 3962 vestra
2826 3910 2981 3975 bona,
3014 3918 3063 3962 et
3088 3908 3376 3978 gloriﬁcent

91 4016 163 4054 σι
200 3999 280 4053 τὰ
301 3999 464 4059 κα.λά
489 3993 657 4064 ὑμῶν
681 3994 847 4064 ἔργα,
882 3996 980 4050 καὶ
1002 3995 1322 4062 δοξάζουσι
1350 3998 1456 4052 τὸν
1472 3999 1692 4066 Πατέρα

1814 3999 2022 4055 Patrem
2053 4008 2277 4053 vestrum
2312 3999 2403 4069 qui
2430 3999 2486 4053 in
2521 3999 2659 4054 caelis
2689 4010 2761 4056 est
2794 4000 2859 4055 ¹⁸.

85 4089 278 4160 ὑμῶν
318 4088 432 4142 τὸν
454 4089 524 4142 ἐν
551 4086 677 4154 τοῖς
703 4086 1007 4154 οὐραγοῖς.

168 4178 382 4247 Θλίψιν
430 4178 486 4231 δέ
525 4177 615 4231 τὸν
652 4176 985 4247 πειρασμὸν,
1008 4176 1102 4231 τὸν
1133 4176 1284 4248 παρὰ
1308 4178 1634 4250 ἀνθρώπιον,
1665 4179 1697 4249 ἢ

80 4271 191 4325 τοῦ
227 4269 463 4323 Σατανᾶ
503 4267 791 4337 γινόμενον
832 4266 1048 4338 νόησον.
1091 4267 1192 4322 Ἂν
1231 4268 1410 4322 τοίνυν
1454 4269 1575 4323 τότε
1608 4270 1702 4328 τὸν

77 4365 234 4416 Θεὸν
297 4357 792 4430 ἐπικαλεσώμεθα,
826 4357 1089 4424 ἐξελεῖται
1144 4361 1310 4430 ἡμᾶς,
1350 4360 1539 4434 ὥσπερ
1571 4362 1702 4416 τιοτέ

76 4457 190 4527 τὴν
265 4453 565 4511 Σουσὰναν
609 4451 883 4516 ἐξείλετο·
947 4452 1042 4505 καὶ
1100 4452 1324 4516 εἰκότως
1376 4454 1540 4508 αὐτὸν
1599 4472 1704 4508 πα-

77 4546 337 4619 ράδοξον
363 4547 500 4616 ἡμῖν
521 4545 810 4614 οίκονομου
819 4541 996 4613 μένων
1021 4543 1364 4613 πραγμάτων
1382 4542 1700 4616 δοξάζομεν.

155 4657 184 4688 ‹
223 4637 449 4695 Σύνετε
474 4635 539 4706 δὴ
571 4634 768 4698 ταῦτα,
793 4635 845 4686 oi
878 4633 1386 4704 ἐπιλανθανόμενοι.
1427 4653 1444 4686 ι

152 4731 286 4801 Τὴν
345 4729 569 4800 ἡμέραν
602 4728 916 4797 ὑπογραφεῖ
942 4725 1036 4780 τοῦ
1082 4726 1335 4793 θανάτου,
1355 4730 1416 4781 ἐν
1503 4728 1700 4782 καλού-

63 4841 260 4894 μενος
303 4823 552 4885 ἕκαστος
602 4821 744 4892 μετὰ
785 4821 986 4890 τάχους
1021 4821 1352 4891 ἁρπάζεται.
1384 4821 1550 4875 Ὥστε
1594 4824 1700 4894 χρὴ

60 4917 224 4985 πρὸς
253 4912 510 4987 ἀλοιφὴν
537 4912 645 4965 τῶν
689 4909 1109 4982 ἁμαρτημάτων
1143 4913 1291 4979 ἰδεῖν,
1314 4914 1420 4978 ἕως
1452 4917 1583 4984 ἡμῖν
1623 4916 1704 4976 εἰς

57 5007 421 5078 μετάνοιαν
443 5001 634 5074 καιρὸς
658 5000 1031 5073 δαψιλεύεται.

1877 4177 2308 4234 Tribulationem
2347 4189 2529 4234 autem
2568 4178 2812 4248 intelligc
2840 4178 3220 4244 tentationem,
3261 4195 3402 4256 quae.

1803 4271 1871 4326 ab
1912 4269 2227 4326 hominibus
2260 4271 2347 4325 vel
2376 4286 2406 4324 a
2439 4269 2638 4324 Satana
2677 4269 2910 4325 exsistit.
2950 4271 3006 4324 Si
3039 4270 3221 4340 itaque
3252 4281 3381 4330 tune

1797 4359 1972 4416 Deum
2001 4362 2457 4426 inroeaverimus,
2484 4363 2669 4432 utique
2694 4362 2892 4432 eripiet
2911 4379 3030 4427 nos,
3056 4363 3196 4418 sicut
3216 4379 3384 4433 quon-

1805 4454 1928 4509 dam
1959 4454 2265 4510 Susannam
2287 4455 2489 4524 eripuit
2516 4474 2528 4509 :
2563 4464 2616 4510 rt
2633 4456 2756 4525 jure
2783 4455 2977 4510 merito
3009 4455 3186 4526 ipsum
3219 4457 3382 4514 rebus

1801 4547 1907 4602 rite
1942 4548 2176 4617 peractis
2201 4547 2506 4602 mirabilem
2540 4547 2920 4617 praedicamus.

1733 4647 1778 4701 θ
1883 4635 2044 4693 Vens.
2074 4638 2168 4694 22.
2203 4655 2223 4689 ι
2267 4639 2559 4710 lntelligite
2590 4639 2707 4694 lucc
2738 4640 2828 4709 qui
2857 4639 3260 4695 obliviscimini.
3300 4658 3318 4690 ›

1880 4728 2034 4783 Dicm
2095 4729 2288 4783 mortis
2329 4729 2611 4796 describit,
2663 4731 2716 4784 in
2748 4747 2852 4800 qua
2893 4731 3122 4802 quisque
3159 4739 3384 4788 vocatus

1808 4820 2058 4874 celeriter
2093 4819 2322 4891 rapitur.
2358 4819 2538 4887 Quare
2571 4830 2808 4893 oportet,
2859 4838 2978 4892 quae
3019 4823 3083 4877 ad
3117 4823 3383 4883 abolenda

1809 4913 2035 4968 crimina
2097 4913 2392 4984 pertinent,
2459 4928 2561 4968 nos
2603 4929 2930 4985 cognoscere
2971 4930 3032 4969 ac
3080 4915 3384 4984 providere,

1809 5004 2053 5074 quandiu
2089 5003 2246 5060 nobis
2264 5005 2333 5059 ad
2357 5003 2619 5075 agendam
2643 5005 3022 5076 pmnitentiam
3049 5005 3262 5059 occasio
3290 5019 3386 5059 eae

1809 5095 2056 5149 hibetur.
3127 5093 3138 5098 ’

1883 5185 2046 5241 Vsus.
2078 5185 2168 5240 25.
2218 5185 2557 5242 Sacriﬁcium
2588 5185 2764 5240 laudis
2809 5185 3190 5242 bonoriﬁcabit
3215 5199 3320 5241 me.
3362 5203 3379 5238 ι

1882 5277 2146 5343 Quaenam
2179 5286 2235 5332 et
2268 5277 2448 5347 qualis
2481 5285 2565 5332 est
2596 5278 2714 5332 haec
2747 5277 2832 5331 via
2855 5277 2879 5329 ἳ
2905 5275 3172 5330 Nimirum
3207 5275 3388 5334 Domi«

1812 5369 1922 5424 niei
1981 5368 2229 5439 corporis
2283 5378 2339 5424 et
2393 5368 2676 5440 sanguinis
2719 5366 3161 5432 communicatio,
3223 5381 3386 5436 quam

1814 5460 1968 5529 prius
2009 5459 2127 5529 ipse
2155 5459 2314 5514 nobis
2352 5459 2410 5516 in
2447 5457 2582 5513 Sion
2625 5453 3000 5514 demonstrare
3029 5458 3210 5527 cmpit.
3252 5457 3386 5516 Cum

1812 5566 1940 5624 ergo
1993 5552 2049 5609 in
2109 5552 2541 5622 redemptionem
2589 5559 2936 5621 peccatorum
2996 5549 3389 5620 accipientibnl

1816 5643 2070 5701 traditum
2105 5642 2200 5708 sit,
2232 5642 2428 5697 merito
2449 5649 2533 5696 est
2561 5642 2798 5696 salutare
2833 5641 2927 5694 Dei
2966 5659 2980 5695 :
3023 5640 3220 5694 merito
3254 5655 3391 5708 qum

1812 5749 1921 5802 que
1949 5734 2034 5788 via
2057 5741 2161 5799 est,
2184 5749 2306 5802 quae
2331 5732 2788 5802 quemadmodum
2823 5731 2877 5786 in
2908 5730 3105 5786 ccelum
3132 5731 3211 5787 ire
3237 5745 3390 5800 oper.

1817 5834 1928 5880 teat
1957 5826 2242 5882 orantibus
2271 5825 2529 5882 ostendit.

154 5200 173 5230 ι
211 5179 430 5234 Θυσία
454 5180 712 5242 αἰνέσεως
746 5177 960 5246 δοξάσει
1003 5195 1090 5249 με.
1127 5199 1148 5234 ι

141 5273 264 5334 Τίς
294 5270 454 5342 αὕτη
483 5271 577 5327 καὶ
600 5271 730 5324 ποία
758 5269 874 5332 ὁδός
902 5286 916 5334 ;
944 5274 1008 5325 'H
1045 5273 1298 5327 κοινωνία
1322 5273 1416 5327 τοῦ
1445 5276 1705 5330 Δεσποτι-

46 5363 172 5416 κοῦ
216 5364 516 5435 σώματός
545 5381 603 5417 τε
633 5367 727 5420 καὶ
756 5368 1008 5438 αἵματος,
1050 5368 1119 5440 ἢν
1145 5367 1307 5430 aera;
1325 5370 1458 5438 ἡμῖν
1486 5368 1706 5437 πρῶτος

45 5457 114 5508 ἐν
155 5458 242 5528 τῇ
321 5456 481 5510 Σιὼν
521 5460 937 5530 καταρξάμενος
966 5459 1190 5527 ἔδειξεν.
1254 5461 1478 5532 Ἐπειδὴ
1524 5461 1706 5514 τοίνυν

45 5551 140 5614 εἰς
166 5549 499 5621 λύτρωσιν
528 5551 638 5605 τῶν
658 5553 1078 5624 ἁμαρτημάτων
1104 5555 1218 5616 τοῖς
1241 5552 1586 5623 λαμϐάνουσι
1617 5553 1705 5606 δέ·

45 5641 258 5705 Sacas,
309 5643 561 5708 εἰκότως
587 5644 707 5698 ἐστὶ
751 5645 1020 5716 σωτήριον
1045 5643 1141 5698 τοῦ
1179 5644 1314 5698 Θεοῦ
1347 5661 1360 5675 ·
1394 5646 1621 5707 εἰκότως
1651 5646 1708 5700 δέ

45 5737 150 5786 καὶ
190 5733 350 5796 ὁδὸς
396 5732 514 5796 πῶς
544 5734 624 5797 είς
657 5734 886 5804 οὐρανὸν
919 5734 1138 5789 ὁδεῦσαι
1177 5737 1293 5801 τοῖς
1325 5735 1382 5788 ὃν
1401 5734 1482 5788 δεῖ
1512 5720 1714 5806 τρόπον

45 5825 585 5895 προσευχομένοις
611 5825 948 5882 δεικνύουσα.

115 5940 173 5969 ιε’
221 5936 465 5992 Matth.
507 5955 558 6002 ν,
600 5939 681 5995 Hi.
