3892 6404
240 333 374 400 1:201

1307 345 1770 407 FRAGMENTA
1809 345 1890 404 IN
1933 343 2292 405 PSALMOS.

3361 338 3494 402 121:2

234 455 509 526 ενόμιζεν.
546 456 787 522 Ἀνάξιον
809 455 916 527 γάρ
936 455 1097 512 τοῦτο
1118 460 1400 530 προφήτου
1428 461 1522 515 καὶ
1547 460 1812 531 βασιλέως

1951 458 2084 514 uisse
2119 469 2399 530 peccatum
2463 459 2734 528 reputavit
2773 468 2995 530 propter
3038 459 3234 529 regiam
3265 458 3493 528 dignita-

232 549 466 612 εἰκότως
493 548 750 612 εὐσεϐοῦς
779 549 1096 620 ἐτύγχανεν.
1134 551 1296 606 Ἀλλὰ
1313 552 1414 606 σοι
1436 554 1602 623 μόνῳ
1625 553 1812 622 ἥμαρ-

231 656 368 705 τον,
418 641 638 709 ἐλεγενκ
689 644 876 713 ἐπειδὴ
923 645 1070 714 μόνῳ
1112 644 1190 716 τῷ
1221 645 1339 716 Θεῷ
1368 647 1442 716 μὴ
1477 647 1816 716 ἁμαρτάνειν

232 732 390 801 ἡμᾶς
434 732 586 801 μέλει
617 733 692 796 ὡς
747 732 1069 805 δημιουργῷ
1103 737 1409 807 φειδομένῳ
1435 737 1530 790 τοῦ
1562 737 1808 807 πλάσμα-

229 821 521 885 το,,’1σως
549 823 627 888 δὲ,
649 825 753 878 Καὶ
791 825 858 878 τὸ
891 826 1157 893 πονηρὸν
1181 827 1440 881 ἐνώπιόν
1464 845 1582 884 σου
1611 819 1816 895 ἐποίη-

233 927 359 966 σα⁶
395 913 479 966 ὅτι
520 914 738 967 πάντων
782 915 859 978 ὼς
903 915 1113 984 βασιλεῖ
1162 918 1560 988 χαριζομένων,
1612 919 1709 972 καὶ
1751 922 1816 990 τῇ

237 1008 428 1076 σιωπῇ
459 1006 810 1077 κρυπτόντων
843 1007 904 1060 τὸ
946 1008 1269 1079 ἁμάρτημα,
1296 1013 1328 1064 ὁ
1355 1011 1487 1074 Θεὸς
1515 1012 1606 1063 τὸν
1632 1011 1820 1065 Νάθαν

238 1094 459 1166 ἔπεμψε
502 1096 597 1150 καὶ
636 1097 881 1168 πονηρὰν
921 1094 1086 1153 οὖσαν
1133 1100 1233 1170 τὴν
1284 1102 1485 1172 πρᾶξιν
1526 1102 1818 1172 ἐξήλεγξε,

237 1188 346 1241 καὶ
393 1187 535 1254 τίνος
590 1187 748 1242 τοῦτο
803 1190 996 1260 χάριν,
1061 1191 1130 1245 τὰ
1181 1193 1308 1260 ἑξῆς
1374 1193 1646 1248 ἀκόλουθα
1709 1195 1823 1248 δεί-

240 1297 386 1334 κνυσ
390 1297 460 1332 ιν.

323 1389 344 1424 ι
391 1371 524 1424 Ἰδοὺ
555 1371 664 1442 γὰρ
691 1373 748 1425 ἐν
779 1372 1032 1445 ἁνομίαις
1065 1375 1427 1449 συνελήφθην.
1465 1396 1494 1430 ι

314 1556 505 1611 Ταῦτα
541 1557 604 1610 οὗ
647 1557 806 1628 μόνον
831 1557 929 1612 διὰ
959 1557 1057 1612 τὸν
1080 1557 1257 1628 ῥύπον
1293 1559 1386 1613 τὸν
1413 1561 1478 1614 ὲκ
1519 1561 1616 1614 τοῦ
1655 1561 1828 1632 Ἀδάμ

241 1647 627 1718 καταγόμενον
651 1649 890 1718 λέγεται’
909 1650 1074 1704 αὐτοῦ
1099 1651 1208 1722 γὰρ
1230 1652 1392 1706 ἕνεκα
1410 1655 1645 1724 ῥυπαροὶ
1672 1670 1828 1722 νομι-

246 1739 460 1809 ζόμεθα
488 1739 737 1808 γίνεσθαι
759 1782 772 1803 ,
807 1740 946 1794 ὥστε
977 1744 1071 1795 καὶ
1104 1745 1234 1813 πρὶν
1263 1744 1439 1798 ὲλθεῖν
1470 1747 1550 1808 είς
1573 1744 1686 1809 ἕξιν
1711 1745 1830 1815 ἡλι-

1919 562 2048 608 tem.
2104 552 2348 622 Namque
2389 553 2490 606 hoc
2517 552 2800 622 indignum
2831 551 3022 626 fuisset
3050 561 3104 606 et
3149 551 3410 621 ptopheta
3441 559 3497 606 et

1919 659 2063 714 rege,
2114 643 2207 713 qui
2238 644 2433 698 merito
2471 643 2594 713 pius
2628 644 2952 697 habebatur.
2985 643 3090 697 Sed
3125 643 3218 695 tibi
3247 641 3344 696 soli
3376 660 3494 711 pce-

1918 737 2051 800 cavi,
2098 735 2380 804 inquiebat
2412 754 2425 789 :
2462 737 2716 806 quoniam
2746 735 2846 788 soli
2880 734 2989 788 Deo
3012 745 3264 803 tanquam
3294 735 3494 803 Opiﬁci,

1918 836 1973 880 et
2004 826 2242 896 ﬁgmenti
2284 827 2366 881 sui
2401 828 2706 891 miserenti,
2744 843 2888 881 curae
2928 835 3014 880 est
3067 842 3133 880 ne
3180 841 3494 894 peccemus.

1921 915 1985 969 Et
2023 917 2102 970 sic
2146 917 2307 971 etiam
2367 917 2520 982 illud,
2556 917 2622 970 Et
2660 917 2862 971 malum
2906 932 3083 968 coram
3116 924 3163 968 te
3189 915 3311 984 feci,
3343 915 3498 967 adli-

1921 1007 2040 1069 d-it.
2101 1009 2356 1076 quoniam
2403 1009 2624 1078 reliquis
2667 1009 2922 1064 omnibus
2969 1008 3016 1061 ei
3075 1015 3328 1075 tauquam
3385 1005 3497 1074 regi

1924 1097 2325 1169 indulgentibus
2352 1141 2365 1164 ,
2401 1108 2456 1153 et
2485 1109 2764 1169 peccatum
2810 1099 3032 1154 silentio
3065 1096 3499 1167 contrgentibus,

1925 1190 2066 1244 Deus
2099 1190 2248 1243 misit
2280 1189 2512 1250 Nathan,
2545 1198 2599 1243 et
2636 1190 2901 1243 nefarium
2948 1188 3080 1241 illud
3109 1186 3284 1240 scelus
3323 1200 3503 1253 reprc-

1927 1282 2116 1336 hendit
2146 1299 2159 1334 :
2199 1290 2254 1335 et
2280 1298 2378 1334 cur
2408 1282 2508 1336 hoc
2537 1281 2725 1335 fecerit
2757 1281 3037 1349 sequentia
3062 1279 3356 1333 declarant.

1995 1372 2156 1426 Vsus.
2198 1372 2253 1426 7.
2291 1391 2308 1422 ι
2346 1371 2484 1426 Ecce
2525 1371 2686 1426 enim
2709 1371 2763 1424 in
2798 1370 3176 1439 iniquitatibus
3201 1355 3499 1436 conceptus

1928 1480 2070 1520 sum.
2109 1483 2128 1516 ι

2001 1557 2124 1612 Haec
2179 1571 2288 1610 non
2355 1556 2616 1610 dicuntur
2665 1555 2839 1609 solum
2899 1562 3120 1623 propter
3182 1550 3373 1607 sordes
3437 1549 3503 1602 ab

1931 1649 2138 1703 Adamo
2191 1655 2497 1703 contractas
2547 1664 2560 1700 :
2612 1661 2742 1699 nam
2795 1646 3031 1715 pollutos
3059 1659 3160 1697 nos
3200 1642 3320 1710 ejus
3345 1654 3504 1693 causa

1935 1742 2083 1796 nasci
2106 1741 2480 1811 cegnovinms,
2505 1739 2576 1793 ita
2609 1747 2668 1792 ut
2694 1738 3012 1808 priusquam
3039 1735 3104 1789 ad
3130 1741 3346 1788 aetatem
3375 1729 3509 1784 boni

247 1832 376 1895 κὶας
397 1831 562 1886 καλοῦ
586 1833 680 1886 καὶ
702 1833 870 1886 κακοῦ
886 1833 1184 1905 δεχομένης
1202 1836 1493 1907 διάκρισιν,
1509 1835 1828 1906 καθάρσεως

1951 1843 1988 1886 :t
2015 1830 2148 1884 mali
2181 1829 2550 1884 diseretricem
2578 1827 2985 1896 perveniamus,
3020 1821 3176 1894 quasi
3201 1838 3232 1875 a
3265 1819 3515 1891 parenti-

248 1927 328 1988 ὡς
356 1927 420 1978 ἐκ
458 1924 714 1995 πατέρων
751 1925 1138 1997 ὲρρυπωμένοι
1165 1927 1468 1998 χρῄσομεν.
1517 1926 1691 1980 Τοῦτο
1723 1927 1830 1998 γὰρ

249 2015 351 2070 καὶ
378 2017 533 2084 παρὰ
560 2015 640 2086 τῷ
675 2016 797 2068 Ἰὼϐ
825 2016 1117 2086 εἰρημένον
1147 2019 1478 2088 εὑρήσομεν⁹
1520 2019 1646 2083 Τίς,
1675 2019 1830 2088 φησὶ,

250 2105 630 2175 καυχήσεται
656 2107 916 2174 καθαρὸς
936 2103 1090 2160 εἶναι
1115 2108 1233 2162 ἀπὸ
1247 2109 1452 2175 ῥύπου
1476 2124 1494 2172 ;
1521 2108 1660 2162 ἀλλ’
1696 2110 1836 2163 οὔτε

245 2200 502 2268 βρέφος,
518 2194 687 2270 κᾶνῇ
697 2199 806 2268 μία
833 2199 1021 2268 ἡμέρα
1041 2202 1077 2268 ἠ
1102 2199 1444 2268 ζωὴ¹αὐτοῦ.
1469 2201 1608 2270 Πρὸς
1624 2201 1837 2266 τούτοις

255 2294 475 2364 μητέρα
502 2293 600 2361 τῆς
635 2292 909 2362 ἁμαρτίας
931 2291 1032 2362 τὴν
1055 2292 1355 2362 ἐπιθυμίαν
1380 2291 1621 2363 ήΓραιρὴ
1651 2294 1837 2348 καλεῖν

253 2387 298 2455 ἡ
322 2383 685 2446 θεόπνευστος
731 2382 948 2438 εἴωθεν.
985 2384 1250 2452 Ἐγγονον
1283 2385 1340 2438 δὲ
1379 2386 1540 2439 πάλιν
1569 2387 1838 2456 ἑκατέρας

260 2478 358 2530 τὸν
428 2477 655 2531 θάνατον
716 2478 810 2529 καὶ
889 2481 1158 2548 μαρτυρεῖ
1209 2481 1237 2533 ὁ
1305 2479 1560 2543 Ἰάκωϐος
1621 2480 1835 2548 λέγων·

275 2569 351 2626 Ἦ
388 2571 672 2640 ἐπιθυμία
730 2570 1131 2626 συλλαϐοῦσα
1182 2572 1367 2624 τίκτει
1427 2573 1738 2641 ἁμαρτίαν,
1796 2572 1835 2640 ’ἡ

255 2663 332 2716 δὲ
369 2663 627 2731 ἁμαρτία
683 2663 1162 2718 ἀποτελεσθεῖσα
1232 2664 1484 2718 ἁποκύει
1554 2665 1837 2718 θάνατον.

257 2755 433 2806 Ὥστε
446 2755 575 2808 ὃταν
600 2754 1034 2826 ἁμαρτάνοιμεν,
1053 2757 1110 2809 ὲν
1133 2756 1442 2828 ἁμαρτίαις
1463 2755 1839 2828 συλλαμϐανό-

257 2843 434 2914 μεθα.
1754 2874 1757 2876 ·

341 2954 365 2987 ι
413 2936 678 2998 Ῥαυςιεῖς
712 2953 777 3006 με
811 2935 1072 3008 ὑσσώπῳ.
1109 2956 1132 2989 ι

335 3027 550 3096 Ὠσπερ
579 3029 675 3081 καὶ
709 3030 872 3098 ἡμεῖς
896 3031 956 3082 ἐν
983 3033 1051 3100 τῇ
1081 3031 1258 3102 δωρεᾷ
1287 3032 1384 3085 τοῦ
1427 3030 1838 3102 βαπτίσματος,

1933 1921 2036 1976 bus
2090 1917 2442 1974 contaminati
2492 1918 2814 1988 purgatione
2867 1917 3230 1985 indigeamus.
3271 1910 3411 1978 Quin
3455 1918 3519 1964 es

1936 2013 2040 2067 hoc
2068 2012 2138 2067 ab
2170 2005 2288 2080 t‘pso
2318 2009 2457 2066 Jobo
2480 2010 2688 2064 dictum
2715 2009 3052 2080 reperiemus
3080 2025 3093 2060 :
3129 2006 3276 2071 Quis,
3310 2002 3512 2071 inquit.

1935 2103 2246 2174 gloriabitur
2303 2103 2526 2156 mundus
2578 2118 2685 2156 esse
2728 2119 2759 2154 a
2789 2101 3027 2154 sordibus
3055 2100 3078 2152 ?
3105 2098 3194 2152 sed
3238 2111 3400 2166 neque
3427 2094 3512 2147 in-

1937 2197 2074 2268 fans,
2120 2196 2215 2248 etsi
2257 2197 2415 2268 fuerit
2481 2197 2634 2249 unius
2677 2195 2781 2248 diei
2827 2195 2932 2248 vita
2978 2193 3093 2262 ejus
3129 2191 3191 2241 ‘7.
3242 2189 3511 2243 Praeterea

1937 2281 2162 2362 peccat;
2179 2291 2407 2336 matrem
2455 2283 2634 2337 divina
2681 2282 2965 2352 Scriptura
3004 2275 3509 2349 concupiscentiam

1937 2373 2209 2442 appellare
2239 2373 2394 2428 solet.
2434 2373 2800 2429 Rursusvero
2828 2381 3061 2427 mortem
3102 2371 3384 2438 utriusque
3417 2381 3515 2438 εει

1939 2464 2188 2519 nitricem
2217 2480 2336 2520 esse
2355 2463 2588 2519 Iacobus
2606 2473 2835 2520 testatur
2864 2463 3056 2518 dicens
3088 2477 3106 2516 :
3133 2459 3516 2528 Concupiscen-

1942 2555 2018 2610 tia
2070 2573 2185 2610 cum
2211 2557 2520 2624 conceperit,
2573 2557 2714 2626 parit
2755 2552 3026 2626 peccattim
3053 2571 3070 2617 ;
3101 2561 3371 2623 peccatum
3395 2564 3516 2602 vero

1941 2664 2056 2702 cum
2088 2656 2506 2701 consummatum
2544 2648 2722 2719 fuerit,
2761 2656 2973 2718 generat
2999 2651 3218 2698 mortem
3239 2642 3304 2695 “.
3335 2640 3515 2707 Quare

1940 2756 2066 2798 cum
2093 2756 2406 2812 peccamus,
2440 2740 2496 2794 in
2530 2739 2767 2812 peccatis
2796 2738 3157 2809 concipimus.

2015 2944 2179 3001 Vens.
2210 2945 2264 3001 9.
2306 2961 2325 2996 ι
2359 2943 2626 3016 Asperges
2652 2959 2740 2998 me
2768 2943 3026 3014 hyssopo.
3063 2959 3082 2992 ι

2015 3036 2491 3103 Quemadmodum
2512 3046 2568 3090 et
2604 3051 2705 3089 nos
2727 3035 2784 3088 in
2823 3032 3075 3104 baptismi
3110 3031 3255 3086 dono
3279 3042 3415 3099 aqua
3441 3026 3519 3079 la-

253 3115 343 3188 τῷ
382 3119 480 3188 μὲν
515 3117 670 3172 ὕδατι
705 3119 1044 3191 πλυνόμεθα,
1069 3121 1147 3193 τῷ
1181 3123 1237 3175 δὲ
1274 3121 1551 3194 πνεύματι
1579 3121 1835 3194 λαμπρυ-

1951 3145 2156 3198 vamur,
2187 3129 2282 3186 sed
2313 3128 2508 3200 spiritu
2535 3127 2899 3182 illustramur.

255 3211 494 3281 νόμεθα.

341 3322 362 3356 ι
413 3304 713 3368 Ἀκουτιεῖς
751 3324 816 3374 με
851 3306 1201 3374 ἁγαλλίασιν.
1244 3327 1266 3360 ι

336 3396 735 3450 Ταπεινοῦνται
769 3399 866 3468 μὲν
893 3401 962 3452 τὰ
989 3399 1090 3469 τῆς
1120 3399 1302 3470 ψυχῆς
1341 3400 1526 3467 ὀστέα,
1562 3403 1844 3456 τουτέστιν

258 3488 324 3544 αι
379 3488 783 3559 δυνάμεις,ὑπὸ
818 3491 924 3559 τῆς
971 3492 1276 3561 ἁμαρτίας,
1315 3494 1408 3546 καὶ
1439 3493 1842 3562 συντρίϐονται·

257 3580 406 3634 ἀλλὰ
447 3584 512 3652 τῇ
547 3583 808 3652 μετανοίᾳ
855 3583 1098 3638 σωθέντα
1136 3584 1462 3650 ἁναθάλλει,
1494 3585 1590 3638 καὶ
1631 3588 1714 3650 είς
1748 3586 1846 3659 τὴν

258 3673 442 3743 χαρὰν
472 3673 573 3745 τὴν
604 3673 840 3744 ἀρχαίαν
861 3675 1250 3746 ἐπανέρχεται.

344 3783 363 3815 ι
410 3765 777 3835 Ἀπόστρεψον
795 3766 856 3818 τὸ
885 3767 1184 3837 πρόσωπόν
1212 3784 1330 3822 σου.
1364 3786 1383 3820 ι

350 3852 482 3907 Ἐάν
504 3855 612 3926 γὰρ
641 3856 715 3926 μὴ
749 3856 1170 3926 παραϐλέιιηται
1219 3857 1468 3930 ἡμέτερα
1500 3859 1845 3931 πταίσματα,

263 3945 512 4016 σωθῆναι
557 3948 618 4000 οὐ
663 3947 961 4017 δυνάμεθα.
987 3948 1107 4010 Πῶς
1146 3949 1202 4002 οὲ
1244 3948 1406 4003 τοῦτο
1445 3951 1845 4022 κατορθοῦται;

266 4041 443 4092 Ὅταν
467 4043 628 4110 ἡμεῖς
648 4040 859 4108 ἀγαθὰς
891 4041 1121 4111 πράξεις
1144 4042 1242 4095 καὶ
1263 4042 1465 4109 ἀρετάς
1493 4043 1846 4115 ἁσκήσωμεν,

269 4132 363 4186 ἵνα
390 4131 486 4185 τοῦ
523 4118 710 4203 κριτοῦ
743 4134 834 4186 τὸν
868 4134 1146 4204 ὀφθαλμὸν
1187 4137 1264 4197 είς
1293 4135 1464 4198 αὑτὰς
1513 4137 1852 4207 μετενέγκω-

273 4239 396 4294 μεν·
427 4224 573 4278 οὕτω
603 4225 713 4295 γὰρ
747 4225 964 4294 καὶτῆς
983 4226 1092 4279 τῶν
1114 4226 1400 4296 ἡμετέρων
1431 4229 1852 4300 ἁμαρτημάτων

269 4316 506 4386 θεωρίας
526 4318 688 4370 αὐτὸν
719 4319 1026 4388 ἀποστῆσαι
1054 4317 1352 4389 δυνάμεθα.

347 4427 368 4459 ι
409 4408 519 4461 Καὶ
558 4408 738 4471 πάσας
773 4409 1005 4479 ἀνομίας
1042 4426 1146 4480 μου
1183 4409 1488 4480 ἐξάλειψον.
1529 4430 1548 4463 ι

2015 3307 2182 3363 Vsus.
2212 3307 2302 3362 10.
2331 3325 2350 3359 ι
2391 3306 2594 3362 Audire
2609 3321 2705 3360 me
2728 3304 2894 3360 facies
2916 3301 3194 3374 gaudium.
3229 3318 3249 3354 ι

2015 3399 2382 3455 llumiliautur
2392 3398 2613 3468 quidem
2636 3397 2830 3451 animae
2852 3393 3054 3460 ossa,id
3073 3401 3158 3447 est
3173 3391 3374 3456 vires,a
3395 3403 3522 3460 pec-

1946 3501 2067 3548 cato
2091 3510 2106 3557 ;
2141 3499 2518 3546 verumtamen
2551 3489 2708 3543 saluti
2735 3504 2836 3558 per
2862 3487 3243 3558 paenitentiam
3269 3486 3520 3540 restituta

1945 3583 2158 3646 ﬂorent,
2209 3589 2264 3637 et
2292 3582 2346 3636 in
2381 3581 2665 3652 pristinam
2690 3580 2926 3635 laetitiam
2955 3585 3328 3637 revertuntur.

1957 3793 1966 3802 ‘
2019 3781 2185 3840 Vens.
2219 3783 2304 3839 11.
2341 3800 2361 3835 ι
2404 3780 2605 3837 Averte
2639 3781 2834 3837 faciem
2867 3789 3034 3835 tuam.
3077 3800 3095 3832 ι

2018 3875 2154 3930 Nam
2205 3875 2308 3930 nisi
2354 3874 2645 3929 conniveat
2699 3874 2768 3928 ad
2816 3881 3034 3944 peccata
3081 3880 3288 3932 nostra,
3333 3871 3527 3925 salvari

1950 3969 2174 4023 minime
2219 3981 2530 4039 possumus.
2563 3963 2669 4020 Sed
2701 3980 2810 4036 quo
2839 3973 2995 4035 pacto
3028 3963 3078 4018 id
3127 3963 3399 4017 ellicitur?
3434 3961 3530 4016 Ni-

1949 4061 2148 4115 mirum
2197 4074 2320 4113 cum
2361 4073 2526 4129 Opera
2566 4057 2706 4112 bona
2737 4065 2800 4112 et‘
2830 4058 3059 4112 virtutes
3089 4053 3529 4120 exercuerimus,

1951 4163 2013 4210 ut
2058 4152 2254 4222 iudicis
2287 4151 2475 4206 oculos
2513 4151 2580 4206 ad
2603 4151 2723 4205 illas
2770 4159 3152 4206 convertemus
3201 4166 3214 4201 :
3269 4147 3340 4202 ita
3383 4145 3529 4201 enim

1953 4246 2101 4300 illum
2133 4246 2201 4300 ab
2221 4243 2419 4299 intuitu
2442 4243 2761 4298 delictorum
2789 4249 3100 4297 nostrorum
3135 4249 3382 4294 avertere
3408 4253 3530 4309 pos-

1955 4353 2166 4392 SUIIIUS.
2936 4379 2940 4384 .

2034 4451 2053 4482 ‹
2090 4430 2157 4484 Ει
2183 4445 2374 4486 omnes
2407 4428 2719 4499 iniquitates
2741 4444 2890 4482 meas
2912 4426 3049 4482 dele.
3089 4445 3107 4477 ι

341 4499 420 4551 Οὐ
455 4499 604 4568 μίαν,
629 4498 765 4551 ἀλλὰ
799 4500 1000 4562 πάσας
1037 4499 1197 4570 ἱκανὴ
1227 4500 1336 4571 γὰρ
1358 4501 1453 4554 καὶ⁹
1483 4503 1516 4572 ἡ
1548 4501 1647 4572 μία
1676 4519 1835 4573 παραγ

2026 4520 2146 4575 Νοιι
2178 4537 2364 4584 unam,
2390 4520 2484 4574 sed
2509 4534 2700 4574 omnes
2728 4535 2741 4572 :
2773 4533 3008 4586 namque
3036 4517 3120 4570 vel
3144 4531 3250 4569 una
3280 4513 3409 4569 satis
3427 4522 3531 4577 est,

270 4590 490 4660 πέμψαι
524 4591 662 4661 πρὸς
703 4591 954 4660 γέενναν.
985 4591 1078 4663 Μὴ
1126 4592 1306 4646 τοίνυν
1335 4594 1497 4662 ἡμεῖς
1531 4595 1630 4665 τῆς
1654 4595 1852 4666 τυχού-

270 4701 377 4752 σης
405 4684 684 4754 ἁμαρτίας
735 4685 1123 4756 ἀμελήσωμεν.
1159 4687 1283 4741 Ἐὰν
1310 4689 1419 4759 γὰρ
1453 4689 1848 4759 ὲσπιλωμένος,

267 4767 482 4834 οὗτινος
514 4767 583 4843 ἦν
613 4772 850 4843 ῥύπου,ὁ
869 4773 1036 4844 χιτὼν
1055 4775 1254 4845 εὐρεθῆ
1277 4777 1306 4828 ὁ
1335 4777 1622 4847 ἡμέτερος,
1652 4780 1734 4842 εἰς
1761 4777 1854 4830 τὸν

267 4864 542 4933 νυμφῶνα
569 4867 834 4920 εἰσελθεῖν
856 4867 970 4956 τοῦ.
987 4867 1270 4938 βασιλέως,
1300 4868 1333 4940 ἦ
1372 4871 1613 4938 πατῆσαι
1635 4875 1735 4943 τὴν
1759 4877 1853 4928 αὑ-

267 4957 374 5026 λὴν
400 4958 463 5011 οὐ
509 4958 811 5030 δυνάμεθα.
858 4959 1032 5014 Τοῦτο
1081 4964 1109 5014 ὁ
1154 4961 1368 5025 Παῦλος
1434 4964 1854 5037 ἐπισφραγίζων

275 5049 462 5118 ’ἐλεγεο
526 5054 585 5104 Μ
592 5052 624 5118 ὴ
670 5049 1036 5133 πλανᾶσϐες
1076 5053 1216 5107 οὔτε
1257 5055 1490 5123 πόρνοι,
1553 5058 1692 5112 οὔτε
1740 5076 1854 5128 μα-

274 5141 471 5207 λακοὶ,
511 5142 655 5196 οὔτε
691 5144 1069 5208 πλεονέκται,
1099 5144 1238 5198 οὔτε
1255 5146 1529 5214 μέθυσοι,
1561 5151 1633 5202 οὺ
1652 5150 1857 5204 λοίδο-

263 5249 389 5302 ροι,
433 5237 546 5304 οὐχ
598 5235 865 5305 ἅρπαγες
913 5237 1242 5300 βασιλείαν
1286 5237 1435 5292 Θεοῦ
1473 5243 1854 5311 κληρονομή-

269 5340 485 5381 σουσι.

358 5437 377 5469 ι
415 5420 663 5489 Καρδίαν
693 5421 942 5493 καθαρὰν
969 5423 1152 5476 κτίσον
1189 5423 1248 5474 ἐν
1279 5423 1455 5491 ἐμοί.»

349 5509 464 5577 Οὐχ
490 5509 578 5560 ἵνα
604 5507 702 5580 τὴν
730 5509 893 5578 φύσιν
943 5512 1165 5582 ἀμείψει
1207 5512 1381 5582 (οὐδὲν
1412 5513 1522 5584 γὰρ
1549 5514 1688 5585 αῦτη
1713 5514 1855 5583 φαῦ-

273 5599 369 5652 λον
405 5599 731 5672 ἐκέκτητο)ο
791 5601 909 5655 ἀλλ’
960 5602 1047 5656 ἵνα
1095 5603 1184 5657 τὸν
1226 5604 1490 5676 λογισμὸν
1527 5606 1628 5676 τῆς
1673 5607 1854 5677 ψυχῆς

355 5779 396 5812 ⁸⁷
428 5778 550 5836 Job.
586 5781 769 5841 attuli.
851 5780 892 5810 ”'
913 5778 1025 5835 Jac.
1059 5798 1094 5847 ι,
1128 5780 1209 5834 15.
1289 5781 1330 5814 ’9
1364 5778 1380 5833 1
1411 5781 1532 5837 Cor.
1563 5796 1635 5848 vt,
1663 5780 1716 5838 9.

1955 4622 2016 4667 ut
2051 4612 2229 4666 mittat
2252 4613 2308 4666 in
2344 4611 2675 4682 gehennam.
2708 4609 2788 4664 Ne
2822 4625 2950 4680 ergo
2989 4624 3092 4662 nos
3131 4607 3216 4661 vel
3248 4606 3532 4661 minimum

1954 4709 2237 4772 peccatum
2280 4698 2617 4770 negligamus
2649 4715 2663 4751 :
2692 4712 2820 4750 nam
2863 4695 2913 4750 si
2932 4695 3016 4748 vel
3057 4693 3162 4747 levi
3196 4690 3406 4746 macula
3438 4705 3530 4744 ve-

1956 4793 2056 4848 stis
2087 4801 2274 4847 nostra
2303 4789 2524 4845 sordida
2572 4789 2793 4842 inventa
2838 4787 3022 4852 fuerit,
3049 4801 3154 4840 nec
3179 4785 3321 4854 regis
3345 4782 3530 4837 thala-

1957 4899 2106 4937 mum
2160 4880 2390 4952 ingredi,
2436 4893 2541 4933 uec
2573 4878 2749 4931 aulam
2798 4876 3008 4931 calcare
3062 4874 3384 4944 poterimus.
3422 4870 3536 4924 Hoc

1956 4974 2156 5029 Paulus
2204 4949 2534 5027 conﬁrmans
2563 4968 2700 5024 dixit
2731 4986 2745 5022 :
2773 4967 2952 5022 Nolite
2976 4982 3156 5021 errare
3184 4981 3203 5019 :
3233 4980 3394 5034 neque
3422 4949 3550 5032 [σι’--Χ

1956 5067 2172 5130 nicarii,
2203 5081 2365 5136 neque
2385 5061 2589 5127 molles,
2621 5078 2784 5132 neque
2805 5061 2978 5126 avari,
3011 5075 3176 5130 neque
3202 5056 3412 5118 ebriosi,
3443 5069 3532 5106 ne-

1957 5175 2058 5229 que
2099 5157 2345 5212 maledici
2375 5195 2389 5222 ,
2422 5170 2586 5225 neque
2613 5169 2831 5222 rapaces
2858 5193 2873 5217 ,
2920 5167 3138 5224 regnum
3170 5149 3270 5203 Dei
3301 5145 3532 5216 posside-

1959 5249 2087 5302 bunt
2120 5249 2180 5300 ι’.

2034 5426 2196 5484 Vsus.
2238 5427 2325 5481 12.
2357 5447 2376 5479 ι
2406 5427 2514 5482 Cor
2547 5425 2810 5480 mundum
2839 5439 2960 5480 crea
2994 5422 3046 5476 in
3086 5435 3192 5474 me.
3225 5436 3244 5470 ι

2033 5518 2149 5573 Non
2178 5527 2238 5573 ut
2275 5527 2522 5572 naturam
2571 5523 2742 5570 mutet
2788 5514 2942 5584 (nihil
2967 5513 3112 5567 enim
3141 5510 3227 5564 illa
3256 5508 3377 5562 mali
3406 5522 3533 5576 pos-

1963 5610 2184 5680 siderat)
2216 5627 2228 5663 :
2253 5609 2346 5665 sed
2382 5618 2442 5663 ut
2464 5607 2820 5678 cogitationes
2840 5603 3006 5660 animi
3037 5602 3283 5667 mundet,
3305 5609 3364 5656 et
3388 5599 3533 5654 cluat
