3892 6436
253 353 396 424 1205
1328 376 1790 435 FltAG—MEN'i‘.-\
1841 378 1917 437 Di
1962 380 2316 442 Psuatos.
3375 388 3512 452 nos

251 489 365 539 ται,
393 477 486 528 καὶ
515 477 607 530 τοῦ
635 478 768 532 Θεοῦ
811 480 1114 549 διηγεῖσθαι
1157 485 1254 552 τὴν
1284 487 1510 541 αἵνεσιν.
1568 489 1823 557 ’Λρχεταί

1938 490 2126 548 laudes
2157 498 2397 565 aggredi.
2429 496 2718 552 EXOI'diiUl'
2750 509 2930 554 autem
2961 500 3149 557 laudes
3185 499 3273 556 Dei
3314 516 3344 554 a
3375 517 3509 554 ccu-

252 563 313 617 δὲ
339 567 632 634 κεφάλαιον
649 570 755 623 τῶν
773 572 958 642 ὕμνων
983 574 1074 627 τοῦ
1102 577 1430 646 ἁμαρτωλοῦ
1457 579 1557 650 τὴν
1577 581 1831 651 ἐπιστρο-

253 655 367 727 φὴν
395 657 611 728 ἔχουσα.

329 747 440 818 Τὴν
459 755 960 827 ταπεινοφροσύνην
984 756 1176 812 θυσίαν
1201 760 1440 830 ἀρεστὴν
1459 762 1534 833 τῷ
1549 764 1667 834 Θεῷ
1691 762 1832 818 εἶναι

247 837 318 893 τὸ
352 842 578 913 Πνεῦμα
610 846 883 900 ἐκτίθεται
913 864 926 877 ·
961 850 1251 919 Μακάριοι
1279 853 1386 921 γὰρ
1412 858 1466 908 οἱ
1497 857 1719 925 πτωχοὶ
1757 857 1834 922 τῷ

251 931 566 1000 πνεύματι,
623 933 711 988 ὅτι
744 938 944 992 αὐτῶν
970 939 1142 994 ἐστιν
1182 944 1220 1008 ἡ
1261 943 1554 1006 ,βασιλεία
1581 945 1700 1000 τῶν
1730 950 1834 1001 οὐ-

219 1023 474 1090 ’ριινῶν.
507 1025 629 1088 Πῶς
653 1027 710 1080 δὲ
736 1030 768 1100 ἡ
779 1030 895 1095 μῶν
927 1031 988 1083 τὸ
1018 1033 1235 1103 πνεῦμα
1270 1037 1362 1088 ἐπὶ
1387 1037 1464 1108 τῷ
1491 1041 1833 1112 ταπεινωοῆ-

251 1131 344 1168 ναι
381 1118 738 1190 συντρίὸομεν
768 1139 783 1189 ;
817 1123 987 1178 Ὅταν
1042 1126 1208 1179 καλὸν
1249 1129 1349 1199 μὲν
1387 1131 1716 1200 πράξαντες,
1759 1134 1832 1202 μὴ

253 1208 606 1278 ἐπαρθῶμεν,
651 1212 872 1286 διηνεκῆ
909 1217 965 1270 δὲ
999 1222 1217 1290 μνήμην
1253 1222 1363 1273 τῶν
1415 1223 1832 1294 ἁμαρτημάτων

249 1295 364 1348 τῶν
393 1299 673 1370 ἡμετέρων
702 1303 921 1373 ἔχομεν.

328 1389 590 1443 Εὲδοκίαν
640 1392 696 1445 δὲ
745 1396 843 1465 τὴν
875 1396 969 1450 τοῦ
1024 1400 1369 1469 Μονογενοῢς
1428 1409 1832 1477 προσαγορεύει

249 1479 552 1549 σάρκωσιν.
585 1485 755 1555 Δῆλον
797 1489 854 1542 δὲ
883 1490 975 1559 ἀφ’
1000 1486 1075 1546 ὦν
1119 1494 1328 1560 Παῦλος
1374 1499 1509 1569 πρὸς
1548 1500 1832 1570 Ἐφεσίους

244 1575 462 1648 ἔγραφε
487 1597 502 1611 ’
535 1583 666 1650 φησὶ
689 1583 745 1635 δὲ
772 1583 946 1650 οὕτως
966 1603 980 1618 ο
1007 1591 1324 1658 Γνωρίσας
1349 1595 1494 1662 ἡμῖν
1515 1595 1581 1647 τὸ
1597 1593 1838 1665 μυστήέ

237 1683 382 1734 ριον
409 1670 515 1723 τοῦ
545 1671 878 1742 θελήματος
905 1679 1092 1732 αὐτοῦ
1127 1681 1225 1734 καί
1258 1680 1376 1751 τὴν
1404 1684 1700 1740 εὐδοκίαν
1720 1693 1830 1744 αὺ-

240 1759 358 1814 τοῦ
419 1760 503 1829 ἣν
549 1764 836 1831 προέθετο
884 1770 956 1823 ἐν
1001 1771 1162 1838 αὐτῷ
1201 1777 1287 1841 εἰς
1337 1779 1689 1847 οἰκονομίαν
1720 1782 1828 1836 τοῦ

236 1853 646 1923 πληρώματος
673 1857 792 1912 τῶν
813 1862 1054 1929 καιρῶν.
1095 1866 1183 1919 Ἐν
1211 1867 1383 1939 ταύτῃ
1409 1871 1590 1926 τοίνυν
1619 1875 1651 1943 ἡ
1687 1875 1826 1931 Σιὼν

236 1944 597 2014 ἁγαθύνεται,
641 1949 732 2004 διὰ
767 1951 826 2005 τὸ
853 1954 1202 2011 ἐπιτελεσοὲν
1247 1960 1383 2032 αὐτῇ
1411 1963 1504 2016 τοῦ
1539 1963 1680 2018 θείου
1717 1966 1826 2020 δεί-

234 2053 383 2089 πνου
435 2043 735 2110 μυστήριον
780 2043 947 2115 ἕτερά
987 2064 1047 2100 τε
1075 2049 1247 2104 πολλὰ
1267 2051 1335 2105 τὰ
1375 2054 1507 2126 παρ’
1549 2057 1688 2128 αὐτῇ
1726 2075 1826 2111 ns-

234 2131 536 2198 πραγμὲνα
563 2133 656 2186 καὶ
682 2135 1013 2204 προελθόντα
1047 2139 1325 2212 θαύματα.

813 2317 1107 2372 ΨΑΛΜΟΣ
1155 2321 1285 2375 NA'.

321 2424 336 2454 ι
377 2404 441 2456 Τί
466 2405 712 2479 ἐγκαυχᾷ
738 2409 797 2461 ὲν
819 2411 1027 2480 mnia;
1075 2429 1093 2462 ι

313 2497 696 2566 Θαυμάζοντος
731 2501 823 2555 καὶ
853 2503 1208 2572 ἀποροῦντος,
1237 2505 1312 2570 ὡς
1350 2506 1518 2571 εἰκὸς,
1542 2507 1604 2560 τὸ
1638 2508 1823 2580 προοί-

243 2604 367 2656 μιον
391 2605 404 2617 ⁸
434 2590 516 2643 ὅτι
543 2591 798 2646 τοσοῦτόν
819 2612 964 2660 τινες
990 2599 1070 2661 εἰς
1092 2599 1294 2654 κακίαν
1317 2600 1650 2672 προέκοψαν,
1681 2602 1820 2656 ὥστε

237 2680 328 2748 ἐφ’
373 2676 457 2745 οἷς
501 2683 580 2736 δεῖ
639 2687 874 2750 πενθεῖν,
917 2691 1010 2742 ἐπὶ
1049 2691 1261 2756 τούτοις
1293 2695 1624 2763 καυχῶνται.
1676 2694 1821 2767 Πλὴν

229 2775 322 2827 ὄτι
355 2776 445 2828 τὸν
471 2778 570 2848 μὲν
595 2778 754 2852 Δωὴκ
786 2784 818 2853 ἡ
847 2782 1052 2853 ἱστορία
1086 2785 1366 2855 περιέχει,
1410 2786 1615 2841 Ἰούδαν
1643 2787 1700 2841 δὲ
1730 2787 1821 2843 τὸν

231 2870 513 2940 προδότην
564 2874 862 2927 αἰνίττεται
904 2877 932 2928 ὁ
975 2877 1306 2948 Ψαλμῳδὸς,
1356 2879 1583 2932 δυνατὸν
1609 2880 1730 2934 λίαν
1765 2882 1821 2933 ὲν

230 2959 410 3030 κακίᾳ
444 2963 734 3032 γενόμενον
761 3005 774 3028 ,
803 2964 943 3018 ὥστε
973 2966 1065 3020 τὸν
1111 2968 1410 3039 εὐεργέτην
1453 2969 1549 3022 καὶ
1591 2973 1819 3042 τροφέα,

229 3055 330 3104 καὶ
363 3053 682 3108 διδάσκαλον
725 3057 1039 3128 προδοῦναι,
1090 3061 1185 3113 καὶ
1230 3062 1364 3131 μηδὲ
1397 3064 1524 3126 τοὺς
1575 3068 1821 3136 συνεχεῖς

232 3146 519 3216 ἐλέγχους,
553 3149 688 3220 μηδὲ
714 3150 812 3214 τὰς
837 3153 1188 3222 παραινέσεις
1212 3152 1589 3224 αίσχύνεσθαι.

315 3349 335 3381 ι
382 3331 636 3402 Ἀνομίαν
669 3335 796 3404 ὅλην
821 3335 921 3406 τὴν
943 3336 1174 3408 ἡμέραν.
1213 3355 1234 3390 ι

322 3424 516 3477 Ἧνίκα
542 3427 655 3490 τοῖς
682 3428 997 3498 Φαρισαίοις
1017 3429 1046 3481 ὁ
1088 3429 1289 3493 Ἰούδας
1320 3430 1492 3501 ἐλεγε-
1529 3433 1593 3486 Tt
1614 3431 1821 3486 θέλετέ

230 3535 334 3585 μοι
377 3517 607 3582 δοῦναι,
671 3518 834 3589 κάγὼ
872 3521 1020 3590 ὑμῖν
1073 3522 1408 3590 παραδώσω
1474 3525 1663 3578 αὐτόν
1696 3540 1716 3590 ;
1759 3529 1822 3579 Οἱ

234 3609 304 3661 δέ
326 3610 605 3678 ἔστησαν
632 3610 794 3677 αὐτῷ
825 3613 868 3665 λ’
886 3614 1154 3684 ἀργύρια,
1190 3615 1290 3669 καὶ
1315 3617 1433 3670 ἀπὸ
1470 3618 1602 3670 τότε
1636 3615 1821 3683 ἐζήτει

236 3705 583 3771 εὐκαιρίαν,
634 3705 736 3761 ἵνα
780 3706 970 3761 αὑτὸν
1021 3708 1285 3776 παραδῷ.
1337 3711 1500 3763 Ὥστε
1546 3711 1674 3782 ὅλην
1719 3712 1820 3782 τὴν

234 3795 456 3866 ἡμέραν
494 3797 736 3867 μελετῶν
774 3800 874 3871 τὴν
913 3801 1191 3872 ἁμαρτίαν
1220 3803 1319 3872 τῆς
1348 3802 1640 3872 προδοσίας
1670 3803 1821 3873 ἐμεῖο

235 3905 376 3954 νεν,
435 3889 629 3961 μέχρις
681 3891 715 3962 ἡ
769 3889 866 3956 νὺξ
927 3891 1171 3965 ἐπέστη,
1225 3893 1348 3948 καθ’
1401 3893 1467 3965 ἥν
1515 3894 1576 3946 τὺ
1636 3894 1820 3966 δρᾶμα

235 3980 465 4052 ἔπραξε.
1543 4002 1546 4009 ·

318 4095 338 4124 σ
387 4075 624 4128 ’Λδικίαν
655 4074 938 4143 ἐλογίσατο
962 4078 994 4145 ἡ
1023 4075 1245 4142 γλῶσσά
1269 4094 1382 4130 σου.
1419 4095 1435 4128 ι

311 4170 385 4222 Τὸ
401 4169 456 4222 δὲ
477 4170 618 4223 ὡσεὶ
639 4169 846 4238 ξηρὸν,
866 4171 1140 4223 τουτέστιν
1163 4169 1504 4239 ἀναισθήτως
1530 4171 1815 4240 τέμνοντα.

235 4261 304 4314 Τί
335 4260 441 4330 γὰρ
468 4261 676 4314 ἐκείνου
708 4260 799 4314 τοῦ
824 4261 974 4314 δόλου
997 4261 1271 4332 ὀξύτερον,
1295 4261 1353 4315 ὃν
1382 4265 1447 4333 τῇ
1478 4262 1699 4334 γλώσσῃ
1721 4267 1821 4334 τῆς

235 4355 529 4424 προδοσίας
567 4355 702 4424 πρὸς
740 4356 866 4418 τοὺς
917 4355 1280 4419 συλλαϐόντας
1311 4357 1402 4408 τὸν
1448 4357 1658 4426 Ἰησοῦν
1691 4374 1818 4410 συν·-

235 4447 416 4500 ἐθετο·
459 4449 569 4500 ’ον
591 4445 669 4502 ἂν
695 4446 957 4516 φιλήσω,
974 4451 1156 4514 αὐτος
1175 4450 1328 4515 ἐστι,
1345 4449 1688 4519 κρατήσατε
1709 4452 1818 4504 αὐ-

231 4541 367 4602 tc'r;

315 4650 334 4684 ι
389 4633 711 4703 Ἥγάπησας
751 4633 950 4686 κακίαν
974 4633 1114 4704 ὑπὲρ
1143 4634 1527 4705 ἀγαθωσύνην.
1566 4656 1584 4688 ι

308 4806 494 4860 Κακία
523 4809 551 4860 ὁ
578 4807 822 4872 διάϐολος
847 4851 859 4874 ,
891 4807 968 4871 ὡς
1004 4808 1149 4861 κακᾶ
1182 4809 1361 4862 πάντα
1398 4810 1495 4864 καὶ
1527 4813 1661 4865 πᾶσι
1692 4812 1818 4882 βου-

229 4901 483 4964 λὸμενος.
543 4899 894 4970 ’Λγαοωσύνη
951 4900 1006 4953 δὲ
1055 4901 1082 4953 ὁ
1133 4902 1390 4970 Χριστὸς,
1426 4903 1562 4957 Θεοῦ
1625 4905 1733 4976 γὰρ

230 4990 512 5058 ἁγαοότης
553 4992 693 5045 κατά
747 4990 931 5060 φύσιν.
965 4993 1125 5045 Ἷδιον
1160 4994 1318 5060 ἀφεὶς
1354 4995 1535 5048 τοίνυν
1563 4997 1654 5048 τὸν
1683 4999 1820 5068 Χριο

230 5083 361 5136 στὸν
413 5083 442 5133 ὁ
484 5084 706 5148 Ἰούδας,
759 5084 849 5138 τὸν
890 5086 1134 5138 Σατανᾶν
1182 5087 1469 5158 ἠγάπησεν
1496 5105 1510 5120 ·
1558 5089 1693 5144 ἀλλὰ
1725 5093 1822 5146 καὶ

231 5174 452 5228 ἀδικίαν
490 5175 631 5246 ὑπὲρ
677 5176 740 5228 τὸ
768 5175 1002 5244 λαλῆσαι
1029 5176 1381 5248 δικαιοσύνην
1425 5179 1626 5235 εἵλατο.
1668 5181 1818 5247 Ἑξὺν

234 5268 347 5337 γὰρ
399 5267 548 5338 αὐτῷ
592 5268 688 5339 τὴν
719 5268 890 5346 ὅντως
921 5269 1272 5339 δικαιοσύνην
1301 5270 1505 5335 λαϐεῖν,
1550 5274 1644 5324 καὶ
1677 5274 1818 5342 μετὰ

235 5361 348 5414 τῶν
374 5360 578 5413 λοιπῶν
601 5361 916 5414 ἀποστόλων
947 5361 1239 5431 κηρύττειν
1272 5362 1331 5414 τὸ
1349 5364 1702 5431 Εύαγγέλιον·
1738 5367 1818 5428 εἰς

233 5455 340 5523 τὴν
371 5452 587 5507 ἀδικίαν
613 5453 669 5506 δὲ
703 5453 894 5506 ἑαυτὸν
917 5454 1016 5522 τῆς
1041 5454 1335 5524 προδοσίας
1374 5454 1617 5508 ἐνέϐαλε.
1651 5455 1724 5506 Τὸ
1761 5456 1818 5508 δὲ

234 5541 374 5596 αὐτὸ
417 5543 615 5611 πάσχει
654 5543 761 5606 πᾶς
795 5541 941 5604 ὅστις
981 5541 1284 5611 κατηγορίᾳ
1328 5541 1537 5610 χαίρει,
1584 5542 1678 5593 καὶ
1715 5541 1819 5592 λοι-

233 5635 388 5707 δορεῖ
417 5635 509 5688 τὸν
563 5635 812 5703 ἀδελφὺν,
863 5633 1243 5704 ἡδύτεροντὴν
1285 5633 1520 5697 ἁδικὲαν,
1567 5631 1815 5683 τουτέστι

309 5818 353 5847 ³³
378 5815 565 5868 Matth.
597 5833 646 5879 v,
675 5815 724 5867 5.
805 5815 849 5844 ²³
880 5811 1079 5882 Ephcs.
1118 5829 1152 5874 I,
1187 5812 1236 5865 9.

1318 5813 1359 5841 ’δ
1391 5810 1577 5865 .‘lailh.
1615 5828 1759 5870 xm,
1795 5811 1872 5873 l3,

1936 586 2190 641 versione
2221 590 2544 657 peccatoris.

2007 765 2172 820 Docet
2211 767 2300 823 hic
2336 769 2572 838 Spiritus
2613 781 2836 826 sanctus
2879 773 3237 826 lmmilitatem
3273 787 3391 826 esse
3427 788 3514 826 sa-

1935 857 2198 911 crificium
2245 860 2354 914 Deo
2392 861 2650 930 placitum
2681 880 2693 916 :
2729 862 2881 916 Beati
2937 863 3082 917 enim
3128 880 3382 932 pauperes
3406 863 3514 924 spi-

1935 951 2062 1013 ritu,
2114 952 2361 1019 quoniam
2415 953 2648 1021 ipsorum
2675 964 2748 1008 est
2782 972 2994 1024 regnum
3031 954 3277 1009 caelorum
3310 956 3375 1006 ²¹.
3405 952 3510 1007 Sed

1935 1055 2171 1108 quonam
2216 1044 2376 1097 modo
2416 1046 2664 1113 spiritum
2710 1055 2959 1099 nostrum
3009 1061 3106 1116 per
3149 1045 3509 1099 humilitatem

1935 1133 2310 1187 conterimus?
2330 1135 2472 1190 Sane
2507 1153 2628 1190 eum
2670 1148 2816 1192 recte.
2846 1137 3003 1192 factis
3034 1153 3143 1190 non
3171 1136 3506 1195 extollimur,

1935 1226 2030 1280 sed
2079 1235 2396 1296 perpetuam
2445 1230 2766 1284 delictorum
2816 1240 3132 1286 nostrorum
3183 1228 3508 1283 memoriam

1937 1319 2256 1374 retinemus.

2006 1410 2210 1465 Bonam
2268 1413 2605 1467 voluntatem
2654 1429 2751 1468 seu
2815 1409 3217 1484 beneplacitum
3271 1411 3508 1484 appellat

1934 1501 2212 1573 Unigeniti
2234 1504 2684 1570 incarnationem,
2713 1507 2817 1561 hoc
2838 1517 3020 1561 autem
3045 1507 3392 1560 manifestum
3423 1512 3517 1556 est

1932 1605 2001 1645 ex
2047 1593 2114 1646 iis
2162 1608 2282 1662 quae
2331 1595 2520 1649 scribit
2561 1595 2758 1649 Paulus
2786 1595 2854 1650 ad
2900 1593 3203 1664 Ephesios;
3241 1595 3319 1648 sic
3362 1593 3517 1646 enim

1932 1683 2008 1737 ait
2035 1701 2047 1736 :
2087 1683 2146 1739 Ut
2179 1694 2356 1738 notum
2395 1689 2588 1757 faceret
2620 1687 2763 1741 nobis
2793 1699 3182 1741 sacramentum
3223 1685 3508 1739 voluntatis

1931 1789 2042 1828 sua:
2067 1777 2350 1830 secundum
2380 1777 2757 1847 beneplucitum
2801 1780 2934 1847 ejus,
2970 1779 3106 1849 quod
3153 1777 3419 1848 proposuit
3455 1777 3510 1828 in

1929 1880 1986 1918 eo
2023 1865 2077 1918 in
2117 1866 2559 1935 dispensationem
2602 1868 2942 1937 plenitudinis
2970 1878 3263 1936 temporum
3290 1868 3352 1920 ³³.
3399 1866 3508 1920 llac

1927 1973 2057 2026 ergo
2115 1957 2256 2011 bona
2325 1959 2604 2014 voluntate
2669 1958 2802 2013 'bion
2837 1959 3121 2015 beneﬁciis
3165 1960 3502 2024 cumulatur,

1927 2055 2042 2102 tum
2073 2057 2292 2119 propter
2333 2052 2648 2121 mysterium
2695 2051 2894 2106 divinae
2929 2068 3098 2107 ouante
3126 2052 3268 2122 quod
3299 2051 3351 2104 in
3389 2052 3505 2121 ipsa

1927 2147 2206 2208 paractum
2235 2148 2336 2205 est,
2374 2151 2484 2194 lum
2514 2150 2736 2213 propter
2764 2140 3023 2194 miracula
3051 2158 3170 2211 qua:
3191 2141 3245 2194 in
3273 2157 3336 2194 ea
3359 2142 3506 2194 edita

1928 2237 2078 2285 sunt.

2491 2321 2812 2378 PSALMUS
2843 2322 2929 2376 Li.

2000 2417 2158 2472 Vens.
2191 2417 2244 2471 5.
2294 2435 2311 2466 ι
2347 2415 2488 2482 Quid
2519 2415 2769 2487 gloriaris
2797 2416 2849 2468 in
2877 2414 3122 2468 malitia?
3159 2433 3208 2464 »ο

1994 2507 2108 2562 lloc
2138 2508 2466 2577 prommium
2507 2515 2590 2561 est
2619 2507 2775 2576 quasi
2801 2506 3119 2561 admirantis
3150 2514 3203 2560 et
3237 2505 3502 2574 obstupe-

1923 2599 2161 2663 sceutis;
2196 2599 2338 2669 quod
2366 2599 2624 2652 nimirum
2656 2599 2818 2668 aliqui
2855 2598 2922 2652 ad
2946 2607 3151 2652 tantam
3183 2597 3504 2652 devenerint

1923 2691 2220 2756 malitiam,
2274 2698 2332 2744 ut
2377 2690 2430 2743 in
2464 2690 2530 2744 iis
2586 2691 2916 2761 glorientur,
2967 2690 3033 2744 de
3076 2689 3274 2758 quibus
3315 2688 3503 2758 lugere

1923 2792 2258 2854 oportuerat.
2313 2782 2584 2838 Cancrum
2620 2783 2848 2838 historia
2883 2782 3101 2852 quidem
3153 2782 3295 2835 Doce
3323 2779 3503 2835 conti-

1922 2884 2034 2940 net,
2089 2875 2184 2930 sed
2228 2875 2512 2930 Psalmista
2557 2871 2752 2930 Judam
2788 2875 3121 2945 proditorem
3159 2873 3399 2929 insinuat
3448 2874 3520 2928 in»

1921 2966 2127 3021 malitia
2167 2971 2458 3036 potentem
2478 2967 2737 3031 evasisse,
2763 2982 2830 3020 eo
2861 2981 3054 3035 usque,
3095 2975 3154 3020 ut
3182 2965 3504 3019 benefacto-

1921 3074 2035 3112 rem
2056 3099 2070 3124 ,
2099 3066 2152 3112 et
2199 3057 2548 3113 educatorem
2577 3097 2592 3124 ,
2623 3065 2678 3111 et
2725 3057 3046 3128 magistrum
3092 3056 3370 3126 proderet,
3405 3070 3505 3110 ne-

1848 3177 1890 3236 c
1923 3165 2030 3220 que
2085 3149 2330 3204 assiduas
2379 3149 2815 3220 increpationes,
2871 3163 3048 3219 neque
3102 3148 3515 3202 admonitiones

1929 3251 2295 3297 ι·οι’ρι·ρι·ριιιῐ’.

2003 3337 2163 3392 Vsus.
2195 3338 2249 3392 4.
2293 3355 2311 3388 ι
2341 3334 2686 3405 lniquitatem
2722 3342 2832 3388 tota
2867 3334 2974 3388 die.
3021 3353 3039 3385 ι

1993 3428 2224 3494 Quando
2269 3427 2437 3482 Judas
2481 3425 2928 3481 dixitPhariszeis
2964 3442 2978 3480 :
3011 3423 3331 3490 Quitvuhis
3376 3423 3502 3475 mihi

1923 3521 2072 3582 dare,
2100 3528 2147 3573 et
2173 3535 2264 3589 ego
2290 3517 2434 3572 vobis
2455 3534 2572 3572 eum
2595 3518 2846 3571 tradam?
2866 3517 2930 3570 At
2957 3517 3038 3570 illi
3056 3518 3432 3570 constituerunt
3458 3517 3506 3570 ei

1925 3614 2142 3684 triginta
2161 3620 2453 3682 argenteos.
2473 3610 2540 3664 Et
2565 3611 2753 3664 exinde
2782 3613 3044 3680 qurerebat
3061 3611 3504 3682 opportunitatem

1923 3714 1978 3758 ut
2003 3720 2118 3757 eum
2143 3704 2370 3757 traderet
2409 3702 2492 3755 ’δε
2523 3701 2703 3770 itaque
2739 3712 2848 3757 tota
2870 3702 2959 3757 die
3000 3701 3339 3757 meditationi
3372 3717 3501 3771 pro-

1923 3799 2144 3854 ditionis
2189 3797 2602 3862 immorabatur,
2647 3796 2822 3852 donec
2855 3813 2963 3852 nox
3017 3798 3264 3861 instaret,
3313 3796 3498 3865 inqua

1921 3891 2133 3948 facinus
2165 3891 2268 3946 hoc
2293 3890 2546 3961 patravit.

1999 4090 2016 4120 ι
2042 4065 2365 4138 lnjustitiam
2398 4063 2652 4137 cegitavit
2688 4066 2868 4137 lingua
2895 4076 3012 4123 tua.
3046 4064 3072 4119 ι’

1994 4160 2128 4215 Illud
2162 4175 2291 4213 vero
2318 4159 2450 4212 sicut
2475 4158 2752 4225 novacula,
2783 4160 2960 4222 idest,
2997 4159 3388 4215 insensibilfter
3417 4177 3502 4215 se-

1923 4267 2073 4309 cans.
2122 4253 2267 4318 Quid
2312 4251 2458 4305 enim
2506 4252 2721 4306 acutius
2774 4252 2878 4306 isto
2926 4253 3072 4316 dolo,
3120 4260 3280 4322 quem
3319 4253 3500 4320 lingua

1923 4345 2222 4415 proditoria
2245 4342 2552 4412 composuit
2575 4343 2641 4397 ad
2671 4343 2790 4398 illos
2813 4345 2901 4414 qui
2929 4344 3117 4399 Jesum
3139 4345 3503 4415 comprehcn-

1925 4441 2124 4496 derunt
2154 4457 2166 4493 :
2198 4437 2567 4508 Quemcunque
2592 4439 2860 4493 osculatus
2887 4441 3052 4510 fuero,
3083 4441 3191 4507 ipse
3217 4449 3310 4504 est,
3341 4449 3506 4494 tenete

1853 4517 1900 4573 θ
1928 4550 2045 4587 eum
2077 4533 2145 4590 ".

1998 4626 2161 4681 Vens.
2207 4625 2258 4678 5.
2312 4645 2330 4676 ι
2381 4625 2624 4681 Dilexisti
2671 4625 2940 4679 malitiam
2975 4639 3140 4692 super
3195 4622 3504 4692 benignita-

1929 4727 2058 4771 tem.
2100 4737 2118 4768 ι

1994 4807 2200 4863 Malitia
2227 4817 2312 4863 est
2341 4807 2610 4874 diabolus,
2639 4817 2828 4877 utpote
2853 4809 2944 4877 qui
2968 4807 3152 4862 omnia
3181 4807 3318 4861 mala
3341 4816 3508 4876 atque

1925 4899 2184 4954 omnibus
2233 4899 2381 4954 velit.
2427 4899 2747 4970 Benignitas
2776 4914 2910 4954 vero
2949 4899 3198 4954 Christus
3233 4906 3335 4965 est,
3366 4916 3506 4969 quo.

1925 4991 2070 5045 niam
2113 5001 2307 5046 natura
2355 5007 2451 5046 sua
2503 4991 2594 5046 Dei
2639 4990 2854 5046 bonitas
2898 4991 3130 5047 exsistit.
3173 4990 3286 5046 Suo
3345 4991 3510 5061 igitur

1921 5082 2144 5139 Christo
2198 5084 2481 5147 derelicto,
2522 5081 2695 5138 Judas
2731 5081 2988 5137 Satanam
3013 5078 3247 5145 ‘dilcxit;
3288 5083 3420 5150 quin
3453 5089 3510 5136 et

1921 5176 2264 5247 iniquitatem
2316 5177 2507 5247 n'iagis,
2542 5192 2705 5247 quam
2749 5176 2896 5246 loqui
2953 5174 3266 5240 :etiuitatem
3321 5175 3509 5244 elegit.

1921 5266 2142 5322 Poterat
2171 5268 2316 5322 enim
2343 5284 2470 5322 vere
2497 5269 2763 5336 justitiam
2797 5267 3060 5336 recipere,
3099 5273 3152 5319 et
3188 5281 3313 5318 cum
3339 5273 3508 5318 Caele-

1927 5359 2003 5412 ris
2035 5360 2295 5428 apostolis
2343 5359 2696 5430 Evangelium
2746 5359 3080 5429 praedicare;
3126 5365 3504 5411 verumtamen

1924 5450 1990 5504 ad
2022 5449 2348 5520 proditionis
2392 5451 2735 5519 iniquitatem
2776 5457 2948 5504 semet
2990 5448 3105 5517 ipse
3134 5446 3353 5517 dejecit.
3392 5447 3507 5502 lloc

1924 5541 2101 5610 ipsum
2150 5543 2408 5596 usuvenit
2462 5541 2607 5596 omni
2653 5541 2746 5609 qui
2789 5538 3138 5596 accusatione
3203 5538 3420 5610 gaudet,
3454 5547 3508 5592 et

1923 5635 2284 5688 calumniatur
2318 5633 2464 5687 fratri
2501 5652 2619 5698 suo,
2653 5652 2774 5688 cum
2809 5633 3086 5688 lubentius
3120 5633 3462 5703 iniquitatem
3489 5673 3502 5695 ,

1912 5812 1990 5863 lli.
2073 5813 2112 5840 ²⁵
2159 5809 2343 5863 Matth.
2375 5827 2516 5873 xm,
