3892 6450
403 331 538 403 1207
615 402 620 408 _
1489 409 1492 412 ,
1584 340 1943 401 HESYCHU
1998 341 2471 403 PRESBYTER!
3342 346 3347 350 ’
3548 336 3670 406 1208

404 459 507 504 hoc
559 457 644 504 est
703 450 1088 517 mendacium,
1148 451 1441 521 loquatur,
1496 460 1550 506 et
1606 451 1762 521 sileat
1819 450 1985 521 justi-

2120 454 2148 507 δ
2179 454 2375 523 ψεῦδος
2415 454 2616 519 λαλῶν,
2649 454 2745 510 καὶ
2779 453 2881 524 τὴν
2907 453 3275 522 δικαιοσύνην
3317 451 3671 524 σωπῶνβη-

403 544 560 609 tiam,
606 542 659 598 id
706 552 790 598 est
834 543 1108 611 virtutem,
1153 559 1317 614 quam
1368 543 1646 617 proximus
1689 543 1809 614 eius
1857 558 1985 616 pos-

2116 548 2223 617 .αδὴ
2258 546 2355 617 τὴν
2387 548 2609 619 ἀρετὴν,
2641 547 2708 618 ἢν
2726 547 2756 600 ὁ
2787 545 3015 617 πλησίον
3043 547 3351 618 κέκτηται.

407 635 505 690 sid.
529 644 568 690 t.

470 726 633 783 Vens.
671 727 726 782 7.
759 745 777 779 ‹
814 724 1112 799 Propterea
1143 726 1290 782 Deus
1315 727 1563 782 destruet
1591 735 1665 782 te.
1714 745 1735 779 ι
1819 786 1836 801 ⁸

2164 748 2185 781 ι
2216 729 2315 784 Διὰ
2346 728 2506 783 τοῦτο
2529 731 2558 784 ὁ
2582 728 2715 792 Θεὸς
2748 728 2970 783 καθελεῖ
2994 744 3074 782 σε.
3118 745 3147 781 ι

477 815 602 874 llaec
662 816 812 873 omni
863 819 1081 889 quidem
1136 819 1345 874 homini
1396 819 1620 886 doloso,
1671 818 1771 875 sed
1816 818 1989 875 multo

2161 820 2351 873 Ταῦτα
2385 820 2549 873 παντὶ
2579 819 2678 890 μὲν
2706 819 2887 890 δολίῳ.
2921 818 3059 873 πολὺ
3090 818 3155 872 δὲ
3192 815 3409 889 μᾶλλον
3440 815 3575 888 πρὸς
3596 818 3678 873 τὸν

410 911 645 966 maxime
675 911 741 967 ad
776 912 1108 980 proditorem
1152 912 1430 968 dicuntur.
1464 913 1609 967 Deus
1628 912 1777 968 enim
1802 910 1987 983 ipsum

2116 911 2361 983 προδότην
2404 910 2629 978 λέγεται
2658 928 2673 941 ·
2709 909 2963 964 καθεῖλεν
3012 908 3124 979 γὰρ
3172 906 3354 961 αὐτὸν
3388 908 3418 960 ὁ
3443 906 3578 970 Θεὸς
3605 910 3677 974 είς

411 1001 630 1055 sustulit
659 1001 714 1056 in
745 1002 928 1068 linem,
958 1011 1015 1058 et
1052 1003 1119 1057 de
1146 1002 1516 1069 tabernaculo,
1551 1005 1602 1059 id
1631 1011 1735 1070 est,
1767 1003 1992 1065 deloco

2116 1004 2265 1070 τέλος,
2293 1003 2385 1056 καὶ
2416 1002 2525 1057 ἀπὸ
2552 1003 2653 1074 τῆς
2694 1002 2901 1073 σκηνῆς
2922 1042 2942 1067 ,
2966 1000 3258 1055 τουτέστιν
3292 1002 3363 1052 ὲκ
3394 998 3492 1051 τοῦ
3526 1000 3677 1054 τόπου

410 1091 770 1163 discipulatus
814 1094 1130 1160 transtulit,
1162 1102 1217 1148 et
1258 1102 1517 1163 tanquam
1555 1095 1795 1165 spiuosae
1828 1092 1994 1165 plan-

2116 1095 2191 1164 τῆς
2223 1093 2520 1164 μαθητείας
2547 1094 2878 1164 μετέστησεν
2902 1133 2917 1158 ,
2957 1092 3051 1148 καὶ
3080 1092 3186 1163 τὴν
3224 1089 3394 1161 ῥίζαν
3420 1090 3497 1153 ὡς
3526 1091 3679 1147 ἀκαν-

412 1190 480 1238 tm
535 1181 771 1238 radicem
825 1184 893 1240 de
945 1193 1088 1239 terra
1131 1184 1456 1254 viventium,
1498 1186 1566 1242 de
1618 1185 1994 1258 apostolorum

2116 1185 2295 1250 meo»;
2327 1186 2495 1257 φυτοῦ
2527 1189 2589 1239 ἐκ
2609 1186 2961 1256 γῆςζώντων
2982 1224 3000 1251 ,
3033 1187 3097 1239 ὲκ
3129 1183 3235 1238 τοῦ
3278 1183 3560 1253 γεωργίου
3585 1184 3681 1239 τῶν

410 1274 739 1346 agricultura
784 1275 1001 1331 evulsit.

2116 1279 2411 1332 ιποστὸλων
2435 1276 2692 1343 ἐξέτιλεν.

420 1432 425 1439 1
487 1384 508 1418 ι
554 1364 778 1437 Speravi
815 1366 870 1420 in
894 1366 1272 1423 misericordia
1302 1368 1450 1424 Dei.»

2171 1388 2191 1422 ι
2236 1371 2479 1424 Ἤλπισα
2503 1371 2599 1424 ἐπὶ
2626 1371 2686 1425 τὸ
2712 1369 2860 1434 ἕλεος
2885 1369 2983 1423 τοῦ
3005 1369 3170 1423 Θεοῦ.
3215 1387 3237 1419 ι

484 1456 769 1525 Quadrant
811 1459 929 1514 haec
979 1460 1144 1515 verba
1204 1475 1423 1531 quoque
1453 1458 1618 1516 Petro
1644 1459 1992 1531 negationem

2178 1460 2466 1530 Ἀρμὸττει
2500 1459 2678 1514 ταῦτά
2711 1476 2775 1528 γε
2819 1461 2887 1513 τὰ
2933 1462 3163 1532 ῥήματα
3198 1458 3409 1529 Πέτρῳ
3447 1459 3527 1522 είς
3564 1460 3680 1515 ἀνά-

419 1564 573 1604 suam
606 1549 660 1604 in
692 1551 1013 1606 memoriam
1043 1553 1317 1607 revocanti
1351 1594 1367 1619 ,
1394 1553 1487 1622 qui
1516 1554 1658 1608 sicut
1695 1553 1838 1607 oliva
1881 1550 1997 1606 fru—

2116 1570 2299 1624 ινησιν
2350 1555 2640 1626 ἐρχομένῳ
2683 1553 2782 1625 τῆς
2809 1553 3014 1616 οίκείας
3039 1552 3386 1623 ἀρνήσεως,
3428 1551 3579 1614 ὅστις
3614 1553 3679 1616 ὡς

421 1639 613 1695 ctifera
646 1640 701 1695 in
731 1641 892 1696 domo
929 1641 1045 1709 Dei,
1078 1643 1132 1699 id
1171 1651 1274 1709 est,
1308 1644 1363 1698 in
1402 1643 1507 1699 ﬁde
1543 1660 1761 1715 semper
1788 1643 1998 1699 consti-

2116 1644 2254 1699 ιλαία
2289 1644 2647 1716 κατάκαρπος
2683 1646 2741 1697 ἐν
2783 1643 2863 1715 τῷ
2895 1644 3030 1713 οἴκῳ
3072 1641 3175 1696 τοῦ
3214 1640 3386 1707 Θεοῦ,
3422 1641 3675 1708 τουτέστι,

425 1730 533 1797 ιίι;
572 1729 700 1785 licet
749 1731 816 1785 ad
864 1731 1117 1803 exiguum
1185 1741 1398 1804 tempus
1450 1731 1755 1805 negationis
1805 1741 1997 1788 aestum

2116 1739 2166 1809 τῇ
2199 1736 2380 1789 πίστει
2426 1735 2693 1806 διηνεκῶς
2744 1736 3053 1806 ἱστάμενος,
3108 1737 3163 1788 εί
3203 1735 3307 1788 καὶ
3335 1734 3482 1805 πρὸς
3502 1735 3679 1804 μικρὸν

425 1821 752 1877 sustinuerit
793 1840 806 1877 :
856 1833 1234 1879 verumtamen
1278 1825 1503 1881 minime
1531 1823 1746 1881 exaruit
1776 1842 1790 1879 :
1820 1824 1990 1895 siqui-

2116 1800 2309 1900 irts'a'cq
2359 1827 2448 1882 τὸν
2480 1800 2736 1882 καύσωνα
2924 1800 3242 1899 ἀρνήσεως,
3269 1800 3398 1879 ἀλλξ
3420 1800 3570 1896 ὅμως
3595 1827 3678 1880 οὐκ

417 1911 544 1967 dem
583 1913 922 1984 pcenitcntiaa
975 1913 1226 1986 lacrymis
1267 1915 1506 1971 radicem
1553 1915 1813 1988 irrigavit.
1862 1912 1998 1968 Pro-

418 2011 629 2073 pterea,
671 2002 849 2075 inquit
891 2022 906 2061 :
949 2003 1243 2075 Canﬁtebor
1288 2005 1415 2071 tibi,
1449 2007 1573 2079 quia
1616 2006 1808 2079 fecisti.
1855 2006 1998 2074 Quid

420 2093 639 2151 fecisti?
688 2093 1142 2163 Misericordiam,
1171 2098 1569 2169 benignitatem
1593 2141 1608 2164 ,
1641 2099 1999 2155 commisera-

423 2185 648 2241 tionem.
675 2185 812 2254 Quia
839 2203 962 2243 eum
991 2188 1082 2259 qui
1104 2199 1417 2261 negaverat,
1445 2190 1827 2262 mysteriorum
1857 2207 2000 2262 pran-

421 2293 615 2332 conem
646 2276 896 2345 eﬂecisti,
927 2280 1235 2335 columnam
1269 2280 1594 2336 titubantem
1630 2278 1997 2346 conﬁrmasti,

422 2377 477 2424 et
507 2385 631 2424 eum
679 2369 771 2441 qui
813 2380 1112 2439 erraverat,
1165 2382 1441 2442 pastorem
1485 2387 1748 2445 agnorum
1793 2370 2005 2425 consti-

425 2461 596 2516 tuisti.
624 2460 829 2516 Bonum
858 2474 1041 2519 autem
1073 2481 1182 2518 non
1218 2464 1441 2528 Judacis,
1476 2480 1655 2535 neque
1686 2463 2004 2518 idololatriae

424 2554 616 2610 morbo
635 2554 1007 2612 laborantibus
1026 2600 1040 2623 ,
1063 2557 1158 2612 sed
1188 2558 1244 2611 in
1270 2566 1544 2623 conspectu
1565 2565 1871 2611 sanctorum
1896 2554 1989 2625 qui

423 2658 522 2715 per
551 2640 776 2716 gratiam
832 2655 883 2703 et
919 2647 1158 2703 lzetitiam
1187 2647 1466 2719 iustificati
1516 2656 1667 2704 sunt.
1717 2646 1812 2702 llis
1858 2646 2004 2701 enim

426 2750 624 2791 nomen
666 2737 787 2808 ejus
833 2737 1059 2793 bonum.
1101 2736 1246 2805 Quid
1290 2736 1436 2793 enim
1471 2736 1600 2792 Jesu
1644 2738 2007 2809 appellatione

426 2828 690 2882 suavius?
724 2829 993 2898 Exspecto
1022 2838 1246 2885 autem:
1289 2829 1358 2884 ad
1391 2829 1560 2899 quid?
1599 2831 1857 2900 quoniam
1914 2829 2005 2900 qui

425 2926 706 2989 exspectat
733 2920 789 2975 in
819 2920 1006 2988 ﬁnem,
1037 2922 1126 2977 hic
1151 2922 1334 2977 salvus
1359 2921 1486 2977 erit.
1512 2966 1514 2969 τ

980 3035 1303 3092 Ρ5Ᾱω1υ8
1335 3035 1447 3091 LII.

498 3122 663 3180 Vens.
698 3123 748 3179 l.
782 3144 801 3178 ι
844 3126 989 3181 Dixit
1015 3127 1283 3198 insipiens
1311 3128 1365 3182 in
1396 3128 1561 3185 corde
1595 3145 1715 3184 suo.
1759 3148 1778 3182 ι

501 3213 671 3286 Cujus
708 3216 855 3270 enim
907 3224 1024 3271 erat
1074 3218 1221 3273 istud
1267 3218 1472 3285 dicere,
1507 3218 1614 3273 nisi
1658 3218 2009 3289 insipientis?

432 3310 502 3363 de
547 3323 657 3378 quo
687 3308 856 3364 Isaias
884 3309 1023 3365 dixit
1058 3328 1072 3365 ε
1118 3308 1328 3365 Fatuus
1375 3311 1526 3383 fatua
1558 3310 1817 3379 loquetur,
1848 3320 1897 3366 et
1923 3328 2012 3366 cor

431 3400 548 3472 ejus
575 3417 714 3455 vana
764 3402 1016 3473 intelliget
1040 3402 1105 3458 “.
1147 3402 1337 3470 Qualia
1389 3404 1533 3459 ista?
1573 3404 1842 3471 Quoniam
1886 3421 2010 3460 cum

433 3507 595 3562 prava
635 3493 880 3563 quaadam
928 3504 985 3549 rt
1031 3495 1267 3551 absurda
1311 3504 1612 3568 patrantcs,
1665 3504 1721 3551 et
1749 3496 1843 3552 Dei
1884 3512 2012 3568 erga

431 3581 580 3654 ipsos
609 3580 1071 3653 longanimitatem
1095 3584 1443 3655 aspicientes,
1471 3594 1729 3655 tanquam
1751 3585 2010 3654 benigno,

429 3681 484 3729 rt
505 3673 775 3728 malorum
801 3675 1053 3732 toleranti
1075 3677 1274 3747 gratias
1293 3691 1477 3747 agere,
1503 3684 1558 3733 et
1583 3676 1774 3733 laudes
1796 3676 2012 3733 delet-re

430 3775 730 3848 opqrteret,
791 3766 860 3822 ad
917 3768 1271 3827 stoliditat-.m
1323 3769 1655 3835 exorbitant,
1702 3769 1874 3824 Deum
1924 3785 2012 3825 res

432 3857 702 3913 humanas
742 3875 855 3915 non
897 3854 1117 3928 intueri,
1160 3862 1256 3918 sed
1295 3860 1678 3919 indifferenter
1717 3876 1782 3918 ac
1810 3869 2014 3918 temere

432 3961 627 4006 murteta
656 3951 785 4007 ferri
823 3953 1172 4010 arbitrantes.

505 4041 671 4101 Vens.
732 4045 789 4100 2.
858 4064 877 4098 ι
951 4046 1208 4118 Corrupti
1280 4056 1411 4104 sunt
1485 4057 1544 4103 et
1617 4044 2014 4102 abominabiles

435 4139 586 4196 facti.
620 4159 643 4195 ι

573 4181 586 4195 .
620 4159 643 4195 D

455 4158 729 4290 acItllorbus
781 4233 877 4305 qui
926 4248 1023 4305 per
1078 4233 1405 4291 maledicum
1458 4233 1816 4301 diﬂunditur,
1877 4233 2016 4290 alios

433 4339 653 4398 quoque
683 4324 737 4381 in
768 4325 1149 4396 iniquitatibus
1178 4326 1454 4397 corrumpi
1484 4325 1619 4382 facit
1639 4367 1655 4391 ,
1683 4339 1742 4382 et
1767 4325 2013 4383 Creatori

2029 3132 2075 3192 (Ξ

2102 1921 2398 1993 ἐξηράνθη.
2429 1919 2519 1990 Τῷ
2551 1921 2659 1992 γὰρ
2694 1920 2917 1992 δακρύῳ
2943 1922 3043 1989 τῆς
3077 1919 3387 1990 μετανοίας
3417 1917 3517 1990 τὴν
3541 1918 3678 1989 ῥίζαν

2101 2015 2370 2068 ἐπότισεν.
2419 2012 2519 2067 Διὰ
2541 2012 2699 2067 τοῦτό
2736 2030 2925 2083 φησιν,
2953 2010 3537 2082 Ἐξομολογήσομαί
3571 2026 3674 2074 σοι,

2100 2109 2189 2162 ὅτι
2216 2107 2527 2175 ἐποίησας.
2551 2106 2616 2160 Τί
2637 2104 3140 2174 ἐποίησας;Ἕλεος,
3164 2103 3541 2176 χρηστότητα,
3558 2118 3675 2172 συμ-

2103 2201 2354 2255 πάθειαν.
2397 2201 2522 2253 Ὅτι
2561 2202 2653 2253 τδν
2718 2197 3095 2268 ἀρνησάμενον
3156 2197 3390 2266 κήρυκα
3442 2194 3547 2248 τῶν
3593 2211 3670 2264 μυ-

2104 2287 2341 2357 στηρίων
2374 2287 2636 2358 ἐποίησας
2649 2327 2673 2352 ,.
2696 2283 2887 2338 στύλον
2918 2285 3009 2339 τὸν
3055 2283 3402 2339 σαλευθέντα
3430 2282 3669 2353 κατέστη-

2105 2395 2226 2445 σας,
2256 2379 2351 2432 καὶ
2384 2378 2619 2448 ποιμένα
2647 2377 2755 2430 τῶν
2779 2377 2968 2446 ἀμνῶν
2994 2377 3086 2432 τὸν
3114 2376 3483 2445 πλανηθέντα
3514 2374 3672 2441 ἐποίη-

2104 2491 2228 2540 σας.
2261 2472 2540 2542 Χρηστόν
2561 2472 2619 2527 δὲ
2645 2473 3061 2541 οὺκίουὸαίοις,
3085 2474 3218 2527 οὐδὲ
3248 2471 3671 2540 εἰδωλολατρείαν

2104 2566 2377 2634 νοσοῦσιν,
2408 2566 2523 2621 ἀλλ’
2545 2566 2824 2621 ἐναντίον
2855 2566 2980 2634 τοῖς
3008 2567 3233 2633 ὁσίοις,
3269 2569 3387 2629 τοῖς
3424 2564 3512 2618 διὰ
3535 2564 3672 2634 χάρι-

2106 2678 2197 2724 τος
2223 2661 2317 2716 καὶ
2341 2660 2679 2732 εὐφροσύνης
2689 2659 3047 2716 δικαιωθεῖσι.
3071 2659 3241 2730 [Ιαρά
3271 2657 3482 2720 τούτοις
3507 2658 3603 2726 γὰρ
3621 2657 3670 2708 τὸ

2107 2755 2279 2823 ὄνομα
2305 2753 2471 2808 αὐτοῦ
2514 2754 2772 2826 χρηστόν.
2819 2753 2886 2806 Τί
2915 2752 3026 2825 γὰρ
3052 2751 3152 2807 τοῦ
3199 2750 3382 2823 Ἰησοῦ
3420 2766 3671 2822 προσηγοο

2112 2844 2234 2916 ρίας
2271 2843 2674 2915 χρηστότερονς
2705 2842 2995 2915 ’Υπομένω
3027 2842 3086 2897 δέ
3106 2859 3119 2872 ο
3152 2842 3246 2895 διὰ
3275 2843 3330 2895 τί
3356 2860 3371 2908 ;
3417 2840 3616 2910 Ἐπειδὴ
3643 2841 3667 2892 ὁ

2113 2939 2413 3010 ὑπομείνας
2437 2939 2517 3005 είς
2542 2938 2718 3006 τέλος,
2749 2932 2907 3002 οὗτος
2941 2939 3283 3010 σωθήσεται.

2676 3030 2971 3085 ΨΛΛΜΟΣ
2989 3030 3035 3084 Ν
3043 3030 3119 3084 Β¹.

2183 3141 2203 3178 ι
2239 3121 2408 3178 Εἶπεν
2444 3123 2633 3196 ἄφρων
2652 3123 2711 3176 ὲν
2740 3122 2938 3195 καρδίᾳ
2969 3121 3160 3178 αὐτοῦ.
3206 3139 3226 3174 ι

2182 3215 2338 3279 Τίνος
2363 3215 2472 3286 γὰρ
2516 3210 2583 3286 ἦν
2609 3213 2769 3268 τοῦτο
2816 3214 3016 3282 λέγειν,
3048 3213 3166 3267 ἀλλ’
3200 3212 3236 3284 ἢ
3262 3212 3527 3283 ἄφρονος;
3559 3209 3664 3295 περὶ

2110 3300 2172 3362 οὗ
2214 3307 2443 3371 Ἡσαΐας
2478 3305 2664 3375 ἔλεγεν
2687 3322 2703 3338 ο
2763 3305 2827 3361 '0
2849 3305 3049 3376 μωρὸς
3073 3305 3251 3375 μωρὰ
3276 3303 3551 3370 λαλήσει,
3586 3299 3663 3355 και

2111 3400 2150 3465 ἡ
2193 3397 2409 3467 καρδία
2457 3398 2647 3453 αὐτοῦ
2686 3397 2911 3470 μάταια
2949 3397 3271 3468 φρονήσει.
3310 3397 3443 3449 Ποία
3481 3393 3658 3458 satira;

2115 3491 2236 3545 ’Ότι
2268 3490 2449 3560 φαῦλά
2478 3508 2602 3547 τινα
2623 3493 2717 3547 καὶ
2738 3491 2924 3547 ἄτοπα
2945 3491 3336 3563 ἐργαζόμενοι,
3362 3488 3454 3541 καὶ
3473 3487 3562 3557 τὴν
3590 3484 3660 3538 ἐπ’

2112 3584 2297 3647 αὐτοῖς
2325 3582 2420 3638 τοῦ
2449 3583 2585 3637 Θεοῦ
2622 3582 3007 3656 μακροθυμίαν
3044 3582 3363 3653 βλέποντες,
3396 3579 3508 3632 δέον
3530 3577 3663 3646 εὐχα-

2115 3678 2319 3746 ριστεῖν
2339 3677 2434 3730 καὶ
2455 3674 2701 3743 δοξάζειν
2725 3679 2801 3742 ὡς
2829 3676 3089 3750 χρηστὸν,
3118 3676 3222 3730 καὶ
3248 3674 3574 3741 ἀνεξίκακον,
3598 3668 3662 3730 εἷς

2114 3769 2545 3842 παραφροσύνην
2608 3770 2987 3841 ἐκτρέπονται.
3056 3769 3119 3822 οὗ
3181 3765 3493 3837 νομίζοντες
3540 3759 3651 3813 Θεὸν

2114 3862 2317 3933 ἐφορᾷν
2370 3860 2440 3916 τά
2467 3859 2785 3934 ἀνθρώπινα
2813 3901 2830 3928 ,
2867 3859 3108 3933 ἀκρίτως
3152 3859 3213 3914 δὲ
3242 3859 3340 3914 καὶ
3375 3853 3659 3924 αὐτομάτως
3732 3928 3733 3931 η

2116 3952 2400 4024 φέρεσθαι.

2192 4066 2213 4100 ι
2253 4047 2636 4120 Διεφθάρησαν
2668 4050 2763 4102 καὶ
2786 4046 3211 4119 ὲϐδελύχθησαν.
3248 4065 3273 4100 ι

2198 4226 2264 4280 Ἦ
2303 4224 2398 4281 τοῦ
2436 4224 2756 4298 βλασφήμου
2799 4223 3102 4279 διαῶθεῖσα
3152 4225 3310 4287 νόσος
3351 4222 3473 4285 τοὺς
3498 4217 3653 4279 ἄλλους

2115 4321 2174 4374 ὲν
2209 4319 2462 4391 ἀνομίαις
2483 4318 2893 4391 παρασκευάζει
2917 4317 3256 4391 φθείρεσθαι,
3291 4310 3588 4388 βδελυκτούς
3607 4323 3653 4360 τι

434 4434 536 4475 suo
587 4416 976 4473 abominabiles
1005 4417 1291 4485 exsistere,
1344 4427 1497 4474 tanto
1551 4418 1766 4473 virtutis
1799 4418 2010 4474 defectu

2118 4403 2258 4464 εἶναι
2302 4408 2380 4482 τῷ
2404 4410 2669 4465 Κτίσαντι
2698 4450 2712 4473 .
2740 4411 3020 4481 ἀπραξίαν
3069 4411 3167 4480 τῆς
3206 4411 3403 4482 ἀρετῆς
3428 4402 3654 4470 τοσαύτην

438 4511 770 4576 laborantes,
833 4515 896 4564 ut
930 4510 1140 4565 nullum
1189 4511 1409 4581 penitus
1445 4512 1646 4565 bonum
1692 4517 2010 4581 operentur.

2121 4500 2413 4565 νοσοῦντας
2436 4542 2452 4568 ,
2484 4501 2625 4556 ὥστε
2664 4501 2831 4573 μηδὲν
2861 4503 3058 4566 αὐτοὺς
3109 4502 3313 4571 ἀγαθὸν
3342 4493 3650 4570 ἐργάζεσθαι.

433 4604 708 4659 Caeterum
745 4616 842 4673 per
885 4601 1234 4672 insipientem
1263 4645 1278 4669 ,
1311 4602 1718 4658 idololatrorum
1748 4601 2013 4657 insaniam

439 4691 700 4747 insinuat.
765 4691 1021 4745 Dicentes
1076 4691 1223 4745 enim
1279 4692 1331 4746 in
1386 4693 1550 4748 corde
1594 4706 1695 4747 suo
1734 4708 1847 4746 non
1893 4706 2017 4747 esse

442 4782 609 4838 Deum
630 4823 647 4849 ,
676 4782 979 4853 ligneorum
1010 4798 1075 4839 ac
1104 4781 1443 4853 lapideorum
1471 4784 1696 4840 deorum
1727 4784 2018 4840 simulacra

442 4870 684 4925 fabricati
717 4879 866 4927 sunt.
892 4870 996 4927 Per
1024 4872 1386 4943 iniquitatem,
1416 4890 1537 4945 quae
1561 4874 1695 4946 legis
1717 4885 1801 4930 est
1835 4883 2016 4929 trans-

439 4961 668 5032 gressio,
702 4961 918 5017 Judaeos
950 4962 1211 5029 insinuat,
1243 4981 1379 5036 quos
1414 4966 1795 5023 incredulitate
1824 4982 2017 5022 corru-

441 5061 583 5123 ptos,
612 5053 754 5109 Deus
778 5054 1121 5111 abominatus
1151 5066 1253 5112 est.

514 5143 675 5199 Vens.
708 5146 762 5201 5.
803 5162 822 5196 ι
871 5145 1015 5200 Deus
1043 5148 1109 5203 de
1139 5149 1278 5204 coelo
1313 5149 1611 5219 prospexit.
1660 5167 1679 5200 ι

511 5233 698 5306 Usque
737 5236 874 5292 adeo
917 5237 1063 5292 enim
1122 5237 1267 5294 Deus
1295 5240 1570 5295 desiderat
1611 5238 1917 5303 veritatem,
1962 5246 2021 5293 ut

441 5344 566 5384 cum
597 5344 686 5384 res
716 5345 909 5385 omnes
948 5339 1165 5386 nostras
1197 5341 1387 5387 CXﬂClC
1412 5337 1702 5401 cognoscat
1725 5369 1740 5394 ,
1776 5338 2018 5384 attamen

441 5437 541 5492 per
588 5436 742 5477 suam
798 5422 1086 5480 nobiscum
1135 5422 1679 5487 condescensionem,
1716 5420 1870 5492 quasi
1920 5436 2021 5491 per

440 5512 803 5581 fenestellam,
833 5514 1147 5584 prospiciat,
1175 5530 1264 5569 res
1286 5513 1554 5587 humanas
1575 5523 1829 5570 accurate
1855 5524 2017 5566 nos$e

440 5600 654 5657 volens.
704 5601 903 5673 Utique
929 5601 1130 5660 Christi
1163 5603 1457 5660 adventqu
1506 5604 1792 5661 manifeste
1818 5603 2022 5661 intelli-

520 5779 568 5812 ³⁸
591 5777 692 5833 lsa.
718 5794 886 5851 χχιιι,
910 5783 945 5835 6

2130 4592 2294 4646 Ἀλλὰ
2321 4592 2432 4663 γὰρ
2458 4593 2548 4648 διὰ
2572 4592 2666 4646 τοῦ
2698 4593 2932 4663 ἄφρονος
2992 4593 3089 4665 τὴν
3129 4593 3237 4647 τῶν
3293 4582 3654 4654 εἰδωλολατρῶν

2123 4685 2322 4753 μανίαν
2342 4684 2654 4739 αἰνίττεται.
2681 4686 2947 4754 Λέγοντες
2973 4686 3084 4756 γὰρ
3114 4688 3171 4740 ὲν
3201 4684 3398 4757 καρδίᾳ
3426 4681 3517 4735 οὐκ
3540 4672 3653 4730 εἶναι

2121 4775 2287 4842 Θεὸν,
2338 4775 2534 4830 εἴδωλα
2585 4774 2812 4843 ξυλίνων
2842 4776 2978 4830 θεῶν
3012 4777 3106 4830 καὶ
3142 4777 3358 4830 λιθίνων
3407 4772 3650 4839 ἐποίησαν.

2122 4868 2224 4921 Διά
2265 4867 2324 4921 δὲ
2354 4867 2455 4937 τῆς
2494 4869 2747 4940 ἀνομίας,
2784 4870 2906 4940 ἥτις
2937 4865 3006 4941 ἦν
3028 4870 3123 4923 τοῦ
3154 4870 3317 4942 νόμου
3362 4862 3651 4937 παράϐασις.

2122 4960 2250 5024 τοὺς
2291 4960 2579 5025 Ἰουδαίους
2599 4961 2916 5029 αἰνίττεται,
2933 4960 3025 5027 οὓς
3043 4964 3107 5033 τῇ
3125 4962 3350 5032 ἀπιστίᾳ
3370 4955 3650 5029 φθαρέντας.

2127 5052 2155 5105 ὁ
2181 5050 2313 5115 Θεὸς
2345 5051 2530 5105 ὲόδελύ
2538 5052 2684 5117 ξατο.

2202 5162 2221 5195 ι
2291 5144 2348 5197 '0
2378 5144 2511 5209 Θεὸς
2543 5145 2609 5199 ὲκ
2641 5146 2735 5201 τοῦ
2763 5148 2997 5220 οὐρανοῦ
3023 5148 3294 5219 διέκυψεν.
3325 5167 3344 5199 ι

2202 5235 2468 5293 Τοσοῦτον
2500 5238 2610 5311 γὰρ
2634 5242 2663 5293 ὁ
2694 5240 2826 5305 Θεὸς
2853 5240 3111 5313 ἀληθείας
3135 5244 3362 5313 ἐφίεται,
3395 5239 3472 5292 ὅτι
3504 5230 3650 5287 πάντα

2129 5330 2415 5399 γινώσκων
2433 5332 2678 5405 ἀκριϐῶς
2698 5334 2766 5388 τὰ
2787 5336 3055 5407 ἡμέτερα,
3084 5338 3233 5408 ὅμως
3256 5332 3540 5389 διακύπτει,
3567 5339 3646 5377 κα·

2130 5420 2309 5495 θάπερ
2336 5422 2444 5478 ἀπό
2472 5442 2616 5490 τινος
2639 5425 2855 5497 θυρίδος
2884 5428 2982 5498 τῆς
3012 5429 3147 5498 πρὸς
3169 5431 3200 5499 ἡ
3210 5429 3313 5497 μᾶς
3343 5412 3646 5491 συγκαταϐά-

2134 5528 2294 5578 σεως,
2360 5513 2654 5583 διαγνῶναι
2709 5517 2880 5571 θέλων
2942 5519 3189 5590 ἀκριϐῶς
3242 5519 3308 5572 τὰ
3353 5508 3638 5581 ἀνθρώπινα·

2119 5604 2303 5658 -Ἂλλά
2333 5606 2441 5678 γὰρ
2476 5607 2663 5679 σαφῶς
2707 5610 2944 5680 Χριστοῦ
2964 5602 3073 5683 ¹’τὴν
3099 5609 3382 5682 ἐπιδημίαν
3414 5591 3638 5670 λέγειρδς
