3892 6404
89 4968 103 5003 ι

196 333 339 401 1203

1255 341 1718 401 FRAGMENTA
1760 340 1841 400 IN
1883 340 2245 404 PSALMOS.

3323 342 3457 410 1210

195 451 265 556 ἐκ
293 448 387 555 τοῦ
431 446 662 556 οὐρανοῦ
694 448 972 523 διέκοψεν,
1014 448 1183 520 ἡνίκα
1215 451 1349 519 ἡμῖν
1394 452 1533 521 μετὰ
1577 451 1776 523 σαρκὸς
1806 455 1827 511 1

1935 462 1972 517 t,
1990 453 2194 556 de
2222 454 2361 556 caelo
2386 456 2688 556 prospexit,
2724 459 2947 529 quando
2967 458 3035 514 ad
3067 473 3168 512 nos
3210 458 3268 512 in
3294 474 3459 512 carne

199 540 572 646 ἐπεδήμησεν.
600 538 812 608 Ὠσπερ
845 538 952 611 γὰρ
980 541 1006 592 6
1039 539 1418 610 παρακύπτων
1438 540 1533 610 ἄρ’
1568 539 1777 611 ὑψηλοῦ

1935 544 2049 646 init.
2081 542 2551 610 Quemadmodum
2579 551 2723 605 enim
2750 552 2842 622 qui
2873 568 2940 607 ex
2964 552 3074 606 alto
3098 547 3221 603 loco
3245 548 3458 617 prospi-

198 632 391 695 τόπου,
426 632 539 685 ἄνω
569 631 771 700 μένων,
796 632 947 685 κάτω
977 634 1043 703 τῇ
1081 632 1332 703 ἐνεργείᾳ
1356 632 1566 701 γίνεται
1589 673 1603 694 ,
1639 633 1783 687 οὕτω

1935 638 1976 697 t,
2007 646 2231 687 sursum.
2273 648 2522 698 manens,
2554 650 2653 705 per
2680 640 3053 708 operationem
3106 651 3259 692 suam
3295 635 3459 690 deor-

198 720 302 776 καὶ
340 723 369 775 6
404 720 638 791 Χριστὸς
668 721 727 773 ἐν
777 722 889 784 τοῖς
918 720 1145 785 κόλποις
1190 721 1284 776 τοῦ
1329 722 1546 793 Πατρὸς
1582 722 1781 793 μένων,

1832 763 1837 770 .
1884 733 2002 772 sum
2029 719 2100 773 sit
2133 737 2147 773 :
2181 719 2259 774 sic
2304 720 2465 775 etiam
2497 721 2746 779 Christus
2776 725 2829 780 in
2850 727 2971 781 sinu
3009 724 3182 779 Patris
3213 735 3461 780 manens.

199 816 271 884 τῇ
329 815 399 885 γῇ
452 811 544 866 διὰ
584 812 788 883 σαρκὸς
840 812 1179 883 ἐπεδήμησε.
1220 812 1382 878 Τίνος
1432 814 1636 886 χάρινς
1675 814 1787 869 Τοῦ

1935 825 1985 865 ar
2031 826 2249 866 carnem
2285 812 2565 868 descendit
2588 814 2643 868 in
2687 822 2909 871 terram.
2942 817 3121 888 Cujus
3146 814 3224 869 rei
3248 811 3462 885 gratia?

204 905 378 970 ἰδεῖν,
406 907 459 960 εί
484 905 617 960 ἐστι
649 902 903 971 συνιὼν,
931 902 969 972 ἢ
996 902 1259 972 ὲκζῆτῶν
1296 906 1404 960 τὸν
1437 909 1609 962 Θεύν.
1645 908 1788 961 Οὐκ-

207 995 306 1051 οῦν
336 997 399 1051 οὐ
435 996 534 1059 τὰς
580 995 813 1065 πράξεις
848 995 1106 1049 τοσοῦτον
1127 996 1234 1049 τῶν
1263 996 1567 1069 ἀνθρώπων
1591 998 1792 1068 κατῆλ-

207 1086 305 1141 θεν
336 1086 758 1156 ἐπισκέψασθαι,
781 1086 905 1139 ὅσον
931 1085 1059 1140 ἰδεῖν
1089 1087 1143 1140 εί
1160 1103 1281 1140 τινα
1301 1088 1438 1151 ὅλως
1459 1087 1791 1157 θεογνωσίαν

218 1177 462 1250 ἔχουσιν,
520 1180 568 1231 εἰ
610 1178 669 1230 ἐν
703 1178 888 1232 πίστει
927 1177 1027 1231 τὸν
1058 1178 1193 1232 Θεὸν
1220 1169 1534 1251 ἐκζητοῦσι.

290 1376 315 1411 ο
351 1359 488 1429 οὐχὶ
510 1356 818 1426 γνώσονται
848 1357 1074 1420 πάντες.
1117 1374 1136 1409 ι

287 1450 499 1512 Πάντες
533 1449 633 1521 μὲν
661 1450 713 1503 oi
748 1450 875 1512 τοὺς
916 1451 1152 1520 πένητας
1186 1448 1520 1515 ἀδικοῦντες,
1566 1448 1665 1505 καὶ
1727 1447 1798 1504 τὲ

208 1544 314 1599 τοῦ
351 1542 578 1615 πλησίον
604 1542 975 1614 ἁρπάζοντες,
1001 1540 1202 1613 βρώσει
1229 1542 1396 1615 ἄρτου
1425 1543 1517 1596 τὸν
1539 1541 1669 1596 λαὸν
1700 1540 1797 1596 τοῦ

213 1636 359 1692 Θεοῦ
414 1635 617 1690 ἐσθίειν
676 1635 908 1697 εἰκότως
939 1635 1189 1703 λέγονται
1233 1648 1247 1664 ·
1299 1634 1507 1706 τροφὴν
1553 1633 1661 1706 γὰρ
1701 1632 1803 1703 τῆς

215 1728 435 1785 ἑαυτῶν
480 1725 792 1793 πλεονεξίας
841 1724 941 1797 τὴν
1000 1724 1247 1791 ἀδικίαν,
1290 1725 1387 1795 τὴν
1438 1727 1520 1788 εἰς
1555 1724 1804 1787 ἐκείνους

214 1818 431 1888 ἔχουσι.
454 1789 716 1888 Νομίσεις
750 1816 808 1869 δὲ
862 1789 1097 1885 μάλιστα
1143 1789 1271 1877 τοῦς
1305 1789 1671 1876 διδασκάλουςξ
1692 1812 1799 1866 τῶν
1833 1789 1875 1848 Β

227 1908 509 1964 Ἰουδαίων
545 1906 826 1977 λέγεσθαι.
871 1905 1043 1977 ’Υπὲρ
1070 1904 1179 1977 γὰρ
1220 1905 1496 1975 ἀγνωσίας
1513 1905 1608 1960 τδν
1636 1904 1802 1977 νόμον

215 2004 299 2068 ὥς
340 2002 559 2056 ἐδόκουν
607 1999 957 2062 ἐκδικοῦντες
985 2038 1001 2062 ,
1030 2000 1096 2070 τῇ
1118 1997 1174 2051 δὲ
1206 1997 1361 2069 ὕϐρει
1390 1997 1485 2051 τοῦ
1511 1998 1802 2068 νομοθέτου

215 2093 461 2166 ἀνομίαν
490 2091 876 2164 ἐργαζόμενοι,
904 2083 1050 2144 οὗτοι
1072 2088 1164 2144 τὸν
1185 2088 1312 2144 λαὸν
1341 2088 1435 2144 τοῦ
1460 2089 1595 2143 Θεοῦ
1618 2089 1807 2161 ἤσθιον

220 2184 432 2258 βρώσει
460 2183 652 2256 ἄρτου,
692 2181 856 2235 ἕνεκα
893 2180 1212 2251 πλησμονῆς
1244 2179 1336 2233 καὶ
1364 2179 1809 2252 γαστριμαργίας

219 2274 853 2351 προσωποληπτοῦντες,
873 2274 968 2327 καὶ
998 2273 1091 2328 τὸν
1138 2272 1298 2343 νόμον
1332 2274 1391 2327 ἐν
1415 2273 1494 2345 τῷ
1536 2272 1811 2327 διδάσκειν

223 2369 690 2441 παραϐαίνοντες.

304 2458 441 2528 Περὶ
485 2458 595 2510 τῶν
638 2454 907 2509 Ἰουδαίων
944 2455 1137 2525 λέγει’
1160 2455 1252 2509 τὸν
1281 2452 1390 2526 γὰρ
1430 2451 1644 2525 ἀληθῶς
1680 2452 1812 2508 Θεὸν

231 2551 329 2604 τὸν
360 2549 596 2622 Χριστὸν
625 2550 726 2603 οὐκ
752 2549 1179 2612 ἐπεκαλέσαντο,
1216 2547 1310 2603 καὶ
1342 2546 1690 2618 ἐφοϐήθησαν
1720 2545 1816 2615 (p6-

231 2646 333 2697 σον
358 2643 634 2714 περιττὸν,
669 2642 799 2696 ἔνθα
828 2642 929 2696 οὔκ
957 2636 1027 2714 ἦν
1058 2640 1242 2711 φόϐος,
1268 2641 1357 2694 ὅτε
1385 2639 1523 2708 πρὸς
1550 2638 1815 2708 ἀλλήλους

227 2736 425 2805 ελεγον
450 2749 467 2768 ο
523 2736 667 2789 Ἐὰν
706 2732 982 2803 ἐάσωμεν
1025 2733 1135 2788 τόν
1181 2732 1498 2800 ἄνθρωπον
1552 2730 1772 2785 τοῦτον
1797 2770 1815 2795 ,

232 2828 504 2896 ἥξουσιν
534 2828 589 2880 οἱ
626 2826 918 2895 Ῥωμαῖοι,
955 2825 1056 2880 καὶ
1105 2823 1363 2894 ἀροῦσιν
1389 2822 1558 2893 ἡμῶν
1588 2823 1697 2877 τὸν
1724 2823 1821 2877 τό·

229 2936 360 2975 πον
384 2919 480 2973 καὶ
512 2916 579 2972 τὸ
609 2917 804 2985 ἔθνος.
832 2918 1026 2973 Καίτοι
1057 2919 1157 2971 οὐκ
1209 2916 1275 2971 ἂν
1302 2915 1456 2970 τοῦτο
1494 2916 1737 2984 ἐγίνετο,
1771 2915 1821 2968 εί

231 3010 342 3083 τὴν
387 3012 467 3076 εις
532 3011 694 3065 αὑτὸν
747 3009 932 3063 πίστιν
990 3008 1283 3078 ἐφύλαξαν.
1341 3006 1575 3077 Ὁμοίως
1613 3006 1683 3069 ,δὲ
1726 3005 1823 3061 καὶ

1890 914 1944 959 ut
1973 906 2165 969 videat,
2194 906 2241 959 si
2267 916 2341 960 est
2373 907 2693 980 intelligens,
2716 918 2810 963 aut
2845 911 3113 982 requirens
3137 908 3325 964 Deum.
3359 904 3464 960 lla-

1889 1012 1996 1067 que
2046 1012 2154 1051 non
2183 1009 2289 1053 tam
2334 999 2575 1054 actiones
2599 1000 2882 1056 hominum
2929 1001 3271 1071 inspecturus
3296 996 3466 1053 adve-

1890 1090 2015 1157 nit,
2083 1105 2245 1161 quam
2298 1099 2359 1145 ut
2422 1091 2604 1147 videat
2678 1101 2873 1147 utrum
2938 1090 3163 1148 omnino
3227 1088 3464 1158 aliquam

1895 1179 1987 1235 Dei
2030 1179 2279 1235 notitiam
2307 1180 2578 1252 Lhabeant,
2621 1180 2676 1236 hi
2711 1182 2802 1254 qui
2843 1182 2901 1238 in
2943 1182 3047 1239 [ide
3073 1180 3247 1237 Deum
3283 1177 3467 1250 requi-

1895 1278 2046 1328 runt.

1964 1358 2132 1433 Vsus.
2171 1360 2226 1415 3.
2270 1379 2288 1412 ι
2324 1360 2515 1417 Nonne
2543 1361 2717 1418 scient
2740 1378 2953 1420 omnes.
2998 1381 3023 1417 ι

1966 1449 2171 1507 Omnes
2220 1451 2310 1523 qui
2353 1454 2685 1524 pauperibus
2725 1453 2980 1526 injuriam
3023 1452 3265 1508 inferunt
3300 1458 3356 1507 et
3381 1463 3473 1506 res

1898 1544 2133 1618 proximi
2160 1543 2443 1615 diripiunt,
2472 1545 2594 1600 cibo
2617 1545 2774 1615 panis
2800 1544 3062 1615 populum
3083 1541 3180 1596 Dei
3208 1542 3476 1597 devorare

1900 1638 2096 1694 merito
2116 1636 2376 1694 dicuntur
2414 1654 2429 1691 :
2458 1653 2583 1692 nam
2612 1652 2713 1707 pro
2744 1636 2989 1690 avaritiae
3019 1649 3139 1689 suae:
3158 1631 3357 1704 pabulo
3378 1631 3480 1686 ba-

1903 1731 2037 1787 bent
2053 1729 2377 1802 iniustitiam
2396 1770 2419 1795 ,
2441 1744 2603 1799 quam
2628 1727 2685 1783 in
2711 1726 2859 1798 ipsos
2887 1732 3166 1782 exercent.
3196 1721 3481 1781 Existima-

1900 1826 1988 1882 bis
2014 1834 2197 1880 autem
2223 1823 2569 1895 potissimum
2592 1823 2713 1880 haec
2736 1820 2843 1876 dici
2876 1820 2949 1875 de
2968 1816 3242 1890 magistris
3263 1814 3480 1870 ludam-

1894 1935 2043 1974 eum.
2092 1916 2230 1972 Nam
2276 1914 2370 1986 qui
2408 1916 2478 1970 ab
2529 1911 2829 1986 ignorantia
2866 1910 3041 1980 legem
3082 1902 3481 1977 quodammodo

1904 2009 2185 2066 vindicare
2207 2007 2547 2072 videbantur,
2587 2004 2682 2059 sed
2713 2002 2782 2059 ad
2813 1999 3151 2073 legislatoris
3185 2004 3479 2052 contume-

1906 2101 2032 2156 liam
2082 2098 2450 2170 operabantur
2470 2095 2809 2165 iniquitatem
2832 2133 2848 2161 ,
2878 2091 2935 2146 hi
2960 2091 3082 2147 cibo
3119 2087 3278 2159 panis
3305 2086 3482 2156 legem

1908 2192 2003 2248 Dei
2048 2189 2404 2255 devorabam,
2457 2187 2586 2243 dum
2643 2200 2755 2256 prae
2816 2180 3115 2239 saturitatis
3160 2192 3227 2234 ac
3274 2174 3485 2234 ventris

1909 2282 2093 2339 studio
2152 2294 2417 2351 personas
2465 2276 2797 2348 acciperent,
2841 2281 2899 2329 et
2936 2272 2995 2328 in
3023 2267 3282 2327 docendo
3308 2266 3484 2336 legem

1911 2373 2202 2431 violarent.

1985 2464 2061 2519 De
2088 2460 2289 2518 Judaeis
2333 2458 2605 2531 loquitur,
2639 2456 2738 2528 qui
2769 2453 3051 2512 Christum
3088 2466 3281 2509 verum
3311 2446 3486 2504 Deum

1914 2569 2023 2610 non
2050 2553 2394 2615 invocarunt,
2425 2558 2480 2605 et
2510 2548 2811 2603 timuerunt
2833 2546 3030 2602 timore
3052 2551 3487 2612 supervacaneo,

1916 2645 2009 2700 'ubi
2040 2659 2149 2699 non
2182 2650 2301 2698 erat
2347 2640 2539 2707 timor,
2562 2636 2781 2709 quando
2809 2634 2878 2691 ad
2912 2634 3148 2689 invicem
3178 2629 3440 2686 dicebant
3474 2642 3491 2681 :

1918 2739 1980 2796 Si
2008 2739 2320 2794 dimittimus
2347 2736 2484 2790 hunc
2510 2733 2792 2796 hominem,
2812 2729 3016 2784 venient
3043 2723 3293 2789 Romani,
3321 2727 3371 2775 et
3396 2716 3497 2773 tol—

1921 2832 2028 2886 lent
2063 2837 2297 2884 nostrum
2337 2826 2509 2881 locum
2556 2831 2604 2878 et
2642 2829 2846 2894 gentem
2865 2818 2932 2872 ".
2965 2816 3354 2872 Verumtamen
3392 2811 3500 2866 hoc

1921 2921 2145 2976 minime
2172 2916 2466 2983 evenisset,
2510 2912 2554 2969 si
2578 2911 2738 2967 Iidem
2769 2911 2824 2965 in
2852 2909 3029 2979 ipsum
3054 2902 3497 2962 custodivissent.

1922 3010 2097 3069 Simili
2144 3022 2361 3080 quoque
2398 3005 2608 3060 ratione
2656 3016 2850 3058 omnes
2895 2985 3151 3054 homines
3191 2994 3283 3064 qui
3328 2990 3501 3045 Deum

235 3103 446 3167 πάντες
476 3101 754 3173 ἄνθρωποι
792 3101 909 3153 ὅσοι
934 3099 1026 3152 τὸν
1055 3097 1190 3152 Θεὸν
1228 3096 1602 3151 ἐπικαλεῖσθαι
1652 3097 1822 3169 ῥᾳθυρ

1935 3104 2183 3159 invocare
2206 3098 2511 3169 negligant,
2546 3108 2659 3165 pra:
2687 3088 3068 3147 incredulitate
3098 3085 3154 3140 in
3190 3084 3362 3138 Deum
3388 3094 3504 3134 non

239 3192 441 3266 μοῦσιν
459 3233 480 3259 ,
505 3192 566 3246 δν
598 3192 697 3263 μὲν
732 3191 815 3245 δεῖ
843 3190 1007 3261 φόϐον
1043 3190 1103 3242 οὐ
1150 3186 1467 3257 φοϐοῦνται,
1487 3189 1555 3258 τῇ
1584 3187 1664 3249 είς
1688 3184 1820 3240 Θεὸν

237 3286 496 3358 ἀπιστίᾳ.
549 3284 855 3339 (ιιοϐοῦνιταιΔ
899 3282 955 3336 δὲ
1001 3281 1179 3351 μάτην
1235 3280 1331 3345 τὰς
1366 3278 1475 3333 τῶν
1518 3276 1823 3349 ἀνθρώπων

239 3379 498 3442 ἀπειλὰς,
530 3377 624 3431 καὶ
670 3376 769 3437 τὰς
794 3374 902 3429 τῶν
942 3372 1155 3446 ἐχθρῶν
1186 3370 1531 3433 δυναστείας,
1559 3369 1660 3425 οὐκ
1692 3368 1827 3423 εἰδό-

239 3489 342 3535 τες
388 3468 565 3524 ταῦτα
597 3469 764 3540 μηδὲν
786 3467 935 3538 ἡμᾶς
957 3508 974 3533 ,
1009 3466 1136 3520 ὅταν
1164 3464 1363 3535 ἔχομεν
1392 3462 1493 3534 τὴν
1538 3461 1827 3532 εὐμένειαν

180 3630 203 3651 Ι
242 3561 347 3616 τοῦ
377 3558 537 3624 Θεοῦ,
573 3555 1055 3628 παραϐλάπτοντα.
1091 3550 1677 3625 Ἀνθρωπαρέσκων-δέ
1699 3549 1830 3622 περὶ

243 3651 459 3707 τούτων
513 3650 666 3718 λέγει
689 3663 704 3679 ⁸
762 3647 852 3703 ἀεὶ
899 3649 1009 3716 γὰρ
1052 3647 1167 3708 τοῖς
1212 3641 1521 3715 ἀνθρώποις
1568 3640 1831 3714 ἀρέσκειν

250 3745 410 3815 παρὰ
437 3743 528 3797 τὸν
550 3741 685 3796 Θεὸν
711 3739 1012 3812 βούλονται,
1043 3731 1119 3792 ὧν
1149 3739 1178 3791 6
1206 3735 1338 3800 Θεὸς
1358 3736 1426 3789 τὰ
1447 3736 1602 3800 ὀστᾶ,
1629 3732 1832 3806 δηλαδὴ

244 3837 352 3899 τὰς
378 3833 549 3903 φυλὰς
584 3831 953 3903 διεσκόρπισε.
979 3827 1529 3898 Κατησχύνθησαν.
1591 3827 1689 3879 Ὃν
1725 3824 1836 3893 γὰρ

246 3927 450 3999 νεκρδν
485 3923 764 3989 καλοῦσιν,
808 3923 913 3977 ὑπὸ
939 3922 1134 3976 τούτου
1164 3919 1468 3974 διώκονται.
1500 3916 1583 3971 Τὰ
1607 3917 1666 3971 δὲ
1697 3914 1839 3971 αὐτὰ

247 4017 355 4071 καὶ
387 4018 503 4080 τοῖς
556 4014 815 4085 τυχοῦσιν
860 4010 1350 4083 ἀνθρωπαρέσκοις
1385 4008 1692 4082 ἐπέρχεται
1715 4022 1731 4038 ·
1767 4004 1837 4061 τὰ

248 4109 369 4179 γὰρ
404 4107 542 4160 όστᾶ
591 4103 795 4167 αὐτῶν,
829 4106 1112 4159 τουτέστιν
1171 4103 1200 4156 6
1236 4100 1465 4165 πλοῦτος
1511 4101 1605 4154 καὶ
1641 4099 1681 4172 ἠ
1714 4097 1842 4165 δόξα

253 4201 370 4257 ὑπὸ
405 4197 541 4253 Θεοῦ
572 4195 945 4267 σκορπίζεται.

334 4294 436 4349 Διὰ
472 4293 524 4345 τί
568 4289 676 4345 ἀπὸ
708 4288 809 4358 τῆς
839 4287 1015 4354 Σιὼν,
1053 4285 1148 4341 καὶ
1188 4286 1289 4341 οὐκ
1331 4284 1440 4340 ἀπὸ
1463 4282 1557 4338 τοῦ
1588 4280 1844 4354 οὐρανοῦ,

251 4389 368 4442 οιίικ
417 4381 527 4437 ἀπὸ
571 4378 668 4434 τοῦ
725 4377 876 4443 ναοῦ,
905 4378 1004 4432 οὐκ
1031 4377 1139 4431 ἀπδ
1172 4377 1274 4447 τῆς
1313 4374 1575 4439 κιϐωτοῦ,
1608 4374 1710 4427 οὐκ
1739 4372 1848 4428 ἀπὸ

254 4479 378 4535 τῶν
411 4474 581 4544 ἁγίων
600 4475 629 4526 6
648 4471 941 4544 Προφήτης
958 4470 1018 4524 τὸ
1033 4471 1299 4541 σωτήριον
1327 4466 1546 4538 εὔχεται
1569 4482 1588 4535 ;
1627 4465 1848 4533 Ἐπειδὴ
1882 4493 1926 4550 D

258 4572 392 4628 ἐκεῖ
415 4569 546 4640 ἡμῖν
563 4564 841 4619 ἀπέδωσεν
866 4565 894 4617 6
918 4562 1153 4634 Χριστὸς
1183 4560 1243 4615 τὸ
1271 4561 1498 4631 ἀρχαῖον
1520 4556 1843 4629 ἐμφύσημα.

258 4665 459 4732 Ὅπερ
511 4655 673 4728 δῆλον
707 4654 989 4727 ἐπήγαγεν
1016 4669 1032 4685 ο
1073 4653 1176 4707 Ἐν
1208 4648 1287 4717 τῷ
1331 4647 1691 4717 ἐπιστρέψαι
1732 4645 1854 4700 Κύ-

249 4772 431 4829 ριον.

359 4846 813 4921 ᾘχμαλώτευσεν
848 4839 957 4911 γὰρ
1002 4834 1162 4909 ἡμῶν
1205 4835 1232 4888 6
1262 4831 1505 4894 Σατανᾶς
1529 4828 1597 4882 δι’
1639 4822 1860 4893 ἀπάτης

264 4915 695 5014 τῆν’κοινωνίαν
724 4934 819 4990 τοῦ
851 4929 993 4987 Πνεύ
1002 4944 1171 5001 ματος
1205 4942 1219 4956 ·
1243 4924 1360 4979 ἀλλ’
1389 4924 1417 4976 6
1438 4920 1672 4990 Χριστὸς
1691 4915 1862 4987 αὐτὴν

269 5007 346 5088 ὲν
366 5034 435 5105 τῇ
461 5030 599 5086 Σιὼν
631 5028 878 5084 ἀπέδωκε
907 5022 998 5077 διὰ
1018 5019 1112 5074 τοῦ
1146 5016 1255 5071 τῶν
1284 5011 1596 5069 ἀποστόλων
1618 5007 1866 5079 ἐμφυσή-

521 5123 621 5177 Διά
653 5122 708 5174 τί
752 5120 809 5172 δέ
854 5112 1052 5170 Ἰακὼὸ
1081 5151 1096 5174 ,
1136 5106 1527 5177 ἀγαλλιάσεται
1572 5101 1862 5173 πρότερον,

275 5190 388 5272 καὶ
411 5218 532 5271 τότε
565 5211 782 5285 Ἰσραὴλ
814 5204 1273 5278 εὐφρανθήσεται,
1307 5196 1424 5259 ἐνὸς
1448 5194 1639 5257 bii-tog;
1678 5190 1865 5285 ’.ἐξαιτεῖ

275 5309 353 5380 δὴ
416 5303 607 5360 Ἰακὼό
645 5274 1023 5369 ’πτερνωλτὴς
1084 5274 1485 5361 ἑρμηνεύεται,
1534 5277 1753 5351 Ἰσραὴλ
1806 5274 1864 5328 δέ

276 5367 443 5464 νοῦς
468 5395 621 5465 ὀρῶν
651 5367 817 5448 Cadra
848 5387 1143 5461 Χρῄζομεν
1181 5382 1238 5436 δὲ
1266 5373 1587 5446 πτερνισταὶ
1608 5367 1865 5442 γενέσθαι

285 5458 562 5564 πρότερον
586 5527 602 5551 ,
634 5480 883 5540 τουτέστι
907 5458 1155 5532 διαϐόλου
1179 5513 1195 5539 ,
1225 5473 1320 5525 καὶ
1368 5469 1493 5521 τότε
1545 5464 1703 5564 ἡμῶν
1737 5463 1765 5514 6
1793 5458 1873 5564 δι-

281 5548 571 5655 ωρατικὸς
590 5548 725 5639 -νοῦς
744 5575 810 5644 τῇ
841 5569 985 5624 κατὰ
999 5565 1099 5637 τὴν
1124 5564 1357 5632 δύναμιν
1379 5556 1472 5612 τοῦ
1500 5551 1639 5608 Θεοῦ
1667 5548 1873 5620 θεωρίᾳ.

283 5678 397 5744 εὐτε
409 5671 672 5744 ραίνεται.

302 5796 313 5811 ⁸
366 5794 415 5827 ’⁷
444 5790 602 5847 Joau.
630 5803 704 5850 xl,
737 5784 803 5839 ιδ
901 5779 946 5810 ’⁸
971 5776 1125 5833 Joan.
1153 5786 1239 5836 xx,
1265 5767 1356 5821 ‘22.

1928 3197 2124 3252 timent
2144 3192 2337 3249 timore
2366 3204 2476 3261 quo
2508 3193 2725 3258 oportet
2752 3201 2768 3238 :
2805 3183 2863 3237 in
2893 3194 3093 3237 vanum
3122 3183 3305 3232 autem
3331 3173 3508 3229 minas

1930 3288 2211 3347 hominum
2255 3292 2311 3340 et
2352 3280 2698 3338 inimicorum
2731 3272 3038 3347 -potentias
3083 3274 3377 3331 metuunt,
3408 3276 3510 3317 ne-

1931 3382 2165 3439 scientes
2195 3378 2297 3434 ista
2326 3375 2462 3432 nihil
2496 3371 2657 3429 nobis
2686 3367 2906 3426 edicere
2964 3360 3189 3436 quando
3211 3355 3511 3429 propitium

1933 3473 2198 3529 habemus
2227 3469 2421 3525 Deum.
2451 3463 2718 3535 Loquitur
2745 3466 2925 3515 autem
2954 3457 3023 3512 de
3050 3452 3118 3509 iis
3146 3451 3240 3522 qui
3267 3445 3513 3504 homini-

1933 3564 2039 3621 bus
2068 3561 2286 3634 placere
2325 3557 2547 3614 student
2565 3596 2581 3621 ,
2612 3551 2880 3623 siquidem
2908 3548 2968 3603 hi
3022 3558 3245 3614 semper
3270 3537 3515 3595 homini-

1936 3657 2040 3713 bus
2080 3669 2193 3726 pra:
2238 3652 2351 3707 Deo
2398 3649 2614 3721 placere
2650 3646 2863 3710 volunt;
2898 3651 3133 3712 quorum
3174 3635 3319 3689 Deus
3365 3643 3513 3699 ossa,

1939 3746 1995 3802 id
2020 3721 2105 3800 est
2154 3742 2351 3807 tribus,
2390 3735 2670 3808 dispersit.
2711 3733 2929 3804 Confusi
2979 3734 3122 3808 sunt.
3175 3721 3312 3778 Nam
3350 3732 3516 3790 quem

1939 3843 2215 3892 mortuum
2248 3804 2560 3903 appellant,
2604 3826 2673 3882 ab
2710 3825 2816 3880 hoc
2859 3804 3207 3877 infestantur.
3248 3811 3518 3867 Catenam

1943 3927 2062 3982 hac
2089 3901 2295 3982 eadem?
2316 3934 2533 3993 quoque
2577 3916 2881 3989 quibusvis,
2909 3910 3003 3983 qui
3043 3905 3357 3965 hominibus
3398 3901 3521 3972 plac

1945 4029 2091 4084 cent,
2148 4016 2409 4073 eveniunt
2448 4032 2462 4068 :
2497 4027 2621 4069 ossa
2671 4009 2818 4066 enim
2853 4019 3066 4071 eorum,
3094 4001 3151 4057 id
3188 4009 3275 4056 est
3290 3995 3521 4060 divitiae,

1947 4120 2004 4168 et
2031 4109 2202 4184 gloria
2221 4123 2253 4163 a
2277 4106 2389 4162 Deo
2422 4103 2780 4174 dissipantur.

2024 4263 2136 4320 Cur
2161 4276 2230 4318 ex
2276 4258 2431 4323 Sion,
2454 4263 2510 4311 et
2549 4268 2659 4310 non
2696 4267 2728 4307 a
2765 4249 2927 4315 coelo,
2961 4259 3072 4301 non
3103 4257 3133 4298 a
3164 4237 3390 4309 templo,
3415 4247 3526 4289 non

1949 4358 2022 4415 ab
2049 4371 2193 4420 arca,
2241 4368 2351 4407 non
2384 4366 2415 4405 a
2453 4345 2657 4404 sanctis
2692 4342 2958 4416 propheta
2999 4337 3233 4393 salutare
3271 4332 3533 4400 depreca—

1959 4449 2083 4507 tur?
2121 4446 2258 4514 Quia
2296 4442 2557 4499 nimirum
2598 4437 2708 4493 illic
2747 4435 3030 4503 antiquam
3076 4427 3238 4483 nobis
3279 4422 3534 4479 Christus

1955 4509 2366 4613 inspirationem
2393 4530 2637 4588 tradidit.
2658 4526 2813 4595 Quod
2840 4525 3033 4595 utique
3054 4515 3339 4589 subjunxit
3362 4531 3375 4567 :
3402 4509 3536 4568 Cum

1957 4629 2263 4690 converterit
2297 4624 2574 4680 Dominus.

2029 4806 2258 4863 Satanas
2299 4798 2559 4855 nimirum
2594 4811 2692 4867 per
2743 4789 3123 4861 deceptionem
3169 4782 3543 4855 captivavcrat

1961 4908 2205 4956 nostram
2231 4894 2469 4965 Spiritus
2488 4885 2995 4962 participationem;
3026 4880 3122 4935 sed
3143 4877 3394 4932 Christus
3422 4886 3544 4927 eam

1963 4993 2020 5048 in
2085 4989 2217 5045 Sion
2271 4960 2529 5046 restituit,
2572 4978 2793 5050 quando
2844 4972 3106 5044 apostolis
3139 4964 3435 5023 insuﬂlavit
3473 4960 3543 5016 ’⁸.

1965 5083 2076 5139 Cur
2110 5089 2293 5136 autem
2327 5075 2495 5132 Iacob
2519 5073 2672 5144 prior
2705 5065 3018 5125 exsultabit.
3054 5077 3120 5118 ac
3145 5058 3343 5115 deinde
3381 5050 3547 5107 Israel

1965 5172 2259 5235 laetabitur,
2314 5183 2441 5224 cum
2469 5142 2616 5221 unus
2663 5161 2918 5229 idemque
2968 5154 3083 5210 sit?
3118 5149 3256 5216 Quia
3287 5142 3546 5199 nimirum

1971 5266 2139 5323 Jacob
2166 5261 2535 5333 supplantator
2566 5256 2956 5324 interpretatur
2979 5286 2995 5310 ,
3022 5240 3184 5299 Israel
3226 5244 3548 5333 vero-mens

1979 5359 2169 5412 videns
2430 5349 2699 5403 Debemus
2728 5341 2872 5397 enim
2903 5337 3056 5407 prius
3090 5330 3205 5386 ﬁeri
3233 5324 3548 5396 supplanta-

1980 5457 2149 5509 tores,
2197 5441 2404 5499 scilicet
2453 5433 2692 5498 diaboli;
2753 5445 2818 5483 ac
2879 5436 3009 5481 tunc
3055 5417 3342 5509 perspicax
3391 5422 3551 5509 mens

1980 5501 2169 5596 nostra
2224 5547 2325 5606 pro
2366 5527 2572 5587 viribus
2596 5522 2711 5579 suis
2763 5516 2860 5573 Dei
2898 5504 3361 5579 contemplatione
3405 5501 3555 5555 laeuo
3602 5532 3611 5535 -

1984 5646 2091 5689 tur.

3224 5800 3342 5832 λιιι-ιε
