1975 3202
245 163 314 199 1211

522 224 681 253 ΡεΑωιυδ
693 225 760 254 LIII.

284 278 368 308 Vens.
386 279 414 307 3.
436 289 444 306 ι
458 279 543 313 Deus,
558 281 585 308 in
602 282 713 309 nomine
728 287 802 310 tuo.»

279 334 340 362 Non
352 339 463 369 propter
474 342 556 370 opera
569 343 640 368 mea,
653 336 751 371 inquit,
765 344 854 372 neque
866 337 939 365 enim
954 338 1035 366 ullius

244 381 325 416 pretii
342 381 422 416 digna
432 381 530 415 habeo,
549 390 638 417 neque
652 382 687 410 ob
698 388 842 417 parentum
861 384 1033 412 nobilitatem

245 426 325 461 (alius
336 427 409 453 enim
424 427 506 453 alium
521 433 630 455 servare
643 435 697 454 non
708 429 820 463 potest),
832 429 879 456 sed
891 430 918 456 in
930 430 1035 457 nurnine

245 476 312 503 tuo;
330 471 461 506 siquidem
484 472 542 499 hzec
573 473 647 500 salus
666 479 799 508 perpetua
819 479 847 501 et
869 474 1034 502 inviolabilis

244 517 361 544 exsistit.
379 517 406 544 Si
421 517 493 544 enim
516 518 640 545 nonnulli
660 518 688 545 in
710 519 830 547 latrones
845 524 892 547 aut
906 520 1034 549 barbaros

243 562 404 594 incidentes,
426 566 568 598 postquam
592 563 746 599 principum
772 572 873 592 nomen
897 566 1034 601 produxe-

242 607 308 639 rint,
328 612 456 643 tanquam
477 609 596 644 ipsorum
610 610 756 638 familiares
771 611 891 645 pericula
902 612 1032 645 evadunt,

242 654 379 687 quomodo
393 662 446 680 non
464 655 551 682 mult'o
568 656 652 691 magis
665 656 693 683 in
713 657 825 685 nomine
838 657 885 684 Dei
903 658 937 685 ab
948 652 1034 685 omni-

242 699 294 726 bus
309 700 464 728 daemonum
482 701 590 729 insidiis
604 702 775 730 liberemur?

276 764 286 780 ι
304 756 338 794 Et
353 756 380 783 in
397 757 497 786 virtute
514 762 559 786 tua
570 759 662 793 judica
677 768 731 788 me.
746 769 756 786 ι

278 811 414 840 Judicium
433 814 517 848 cupit.
532 822 588 842 non
608 823 663 850 quo
675 816 901 849 condemnemur,
916 817 964 845 sed
978 825 1032 852 quo

241 857 277 891 ab
298 865 459 892 oppressere
479 858 644 892 liberemur;
667 866 834 896 quapropter
857 862 884 889 in
909 860 1031 897 pdtent'a

238 900 356 936 iudicari
385 903 540 936 postulavit.
571 908 601 931 ut
616 905 783 938 adversario,
811 906 868 934 sive
894 907 1027 940 sensibili,

241 945 299 973 sive
315 945 439 981 spiritali,
456 948 577 982 potentia
589 948 638 977 Dei
652 950 776 984 subacto,
797 959 849 979 nos
866 952 900 979 ab
914 952 1028 980 insidia-

243 992 348 1020 toribus
362 993 457 1020 remoti
469 992 563 1021 simus.

274 1093 357 1120 Vens.
371 1093 396 1121 4.
413 1101 424 1120 ‹
438 1095 523 1127 Deus.
540 1096 811 1124 exaudi‘orationein
824 1104 923 1124 meam.
942 1106 952 1123 ι

272 1138 351 1167 Nulla
381 1141 455 1168 enim
492 1149 568 1169 arma
600 1147 695 1170 contra
736 1142 863 1170 inimicos
897 1143 1027 1171 validiora

239 1186 371 1213 habemus
394 1188 526 1220 oratione,
551 1189 698 1216 dummodo
720 1189 776 1216 Deo
793 1190 872 1225 digna
889 1190 1026 1225 rogaveri-

237 1240 315 1265 mus;
336 1233 413 1267 cujus
426 1234 476 1261 sibi
490 1234 539 1268 ipsi
555 1235 682 1262 conscius
692 1236 833 1269 propheta,
848 1235 925 1270 cupit
940 1235 1024 1262 Deum

236 1279 348 1305 auribus
371 1280 512 1314 percipere
533 1280 614 1307 verba
636 1281 692 1308 oris
712 1281 765 1312 sui,
781 1286 811 1308 ut
827 1281 917 1308 sciens
934 1281 1025 1316 ipsum

236 1324 306 1350 nihil
330 1324 443 1352 humani
463 1326 611 1360 postulare,
634 1327 799 1354 sacrificium
821 1327 952 1354 orationis
977 1327 1026 1354 ad~

236 1371 338 1398 mittat.

273 1428 353 1457 Vens.
366 1430 392 1457 5.
408 1439 417 1455 ‹
438 1430 569 1463 Quoniam
580 1431 659 1458 alieni
671 1431 887 1459 insurrexerunt.
909 1441 918 1457 ι

271 1484 358 1511 Alieni
369 1489 432 1512 sunt
448 1493 543 1513 omnes
557 1487 602 1520 qui
618 1494 673 1512 non
699 1486 809 1521 sapiunt
834 1494 865 1513 ea
886 1495 946 1521 quae
977 1486 1023 1514 Dei

235 1534 311 1562 sunt,
332 1531 506 1565 quantumvis
519 1536 546 1558 et
572 1532 690 1567 cognati,
718 1537 746 1560 et
770 1532 859 1565 amici,
875 1537 902 1559 et
926 1532 1024 1560 fratres

234 1576 347 1603 fuerint.
360 1576 541 1609 Quamobrem
568 1585 755 1612 saepenumero
788 1586 843 1604 non
869 1578 951 1613 pudet
976 1587 1024 1606 eos

235 1622 316 1649 nobis
334 1626 461 1656 tanquam
478 1623 580 1651 alienos
601 1624 707 1655 alienis,
732 1624 795 1651 licet
821 1626 927 1659 cognati
957 1625 1021 1656 sint,

234 1668 366 1695 insidiari.
379 1668 430 1701 Qui
445 1670 517 1696 enim
539 1670 700 1705 semetipsos
713 1670 767 1697 Deo
779 1671 882 1698 alienos
898 1671 1023 1699 reddide—

233 1717 306 1741 runt.
321 1713 456 1747 quomodo
468 1722 522 1740 non
535 1715 620 1742 multo
632 1715 715 1749 magis
727 1723 740 1741 τι
755 1720 859 1743 natur'e
875 1717 932 1751 lege
942 1717 1022 1743 alieni

233 1759 304 1786 sint?
325 1758 418 1786 Fortes
436 1768 501 1786 vero
517 1766 594 1787 vocat
606 1768 652 1787 eos
663 1761 708 1795 qui
726 1767 849 1796 potentes
861 1767 926 1790 sunt
944 1762 1023 1789 mali-

232 1807 278 1839 tia,
295 1807 340 1841 qui
356 1812 409 1834 tam
426 1808 580 1835 vehementi
597 1814 624 1835 et
644 1809 805 1844 implacabili
827 1810 960 1845 pravitate
983 1811 1023 1838 Ia-

231 1849 340 1884 borant,
354 1856 383 1879 ut
396 1852 477 1879 etiam
494 1853 603 1888 ipsimet
630 1854 728 1882 anima:
761 1860 870 1883 struant
895 1856 1020 1890 insidias,

230 1904 285 1923 non
301 1897 387 1924 solum
400 1899 556 1926 scnsibilem
571 1900 659 1933 nobis,
683 1901 731 1928 sed
764 1902 845 1929 etiam
871 1903 1020 1938 spiritalem

230 1948 346 1970 mortem
364 1945 563 1974 machinantes.

266 1998 346 2026 Vens.
362 2000 389 2027 8.
407 2010 417 2026 ί
431 2000 587 2029 Confitebor
602 2003 703 2031 nomini
719 2008 773 2032 tuo.
793 2015 803 2031 ι

264 2056 478 2083 Involuntarium
489 2057 560 2084 enim
573 2058 740 2086 sacrificium
754 2059 825 2088 Deus
838 2061 952 2089 minime
965 2070 1015 2089 su-

228 2102 326 2136 scipit;
345 2101 478 2136 siquidem
494 2106 560 2130 tunc
587 2111 642 2131 non
668 2105 804 2139 otI'erenti,
834 2107 882 2133 sed
911 2108 1017 2143 cogenti

226 2146 391 2174 oblationem
413 2147 546 2174 attribuit.
558 2148 636 2181 Quod
653 2157 715 2177 cum
733 2150 815 2177 sciret
826 2159 935 2186 quoque
945 2152 1015 2179 Pau-

228 2192 271 2219 Ius
286 2192 438 2226 apostolus,
457 2193 523 2221 dixit
540 2202 546 2220 :
564 2193 623 2221 Non
638 2203 670 2222 ea:
687 2195 807 2229 tristitia,
834 2201 882 2223 aut
908 2205 940 2224 ex
970 2207 1016 2225 ne-

226 2239 368 2265 cessitate:
386 2238 497 2266 hilarent
508 2241 577 2267 cuim
589 2242 708 2268 datorem
724 2241 810 2277 diligit
824 2241 892 2269 Deus
903 2244 935 2270 ".
975 2244 1015 2271 Tu

226 2291 290 2310 vero
305 2283 385 2310 etiam
401 2291 433 2311 ex
460 2289 582 2319 tempore
597 2286 746 2314 voluntatis
770 2287 1014 2321 promptitudinem

225 2330 379 2357 considera.
396 2330 473 2365 Saepe
489 2331 562 2358 enim
574 2339 635 2358 cum
650 2331 678 2358 in
689 2329 862 2359 amictionem
879 2333 1009 2361 incideri-

225 2383 296 2408 mus,
309 2376 388 2403 nobis
398 2377 462 2411 ipsis
475 2377 624 2411 pientiores
653 2378 803 2405 evadimus.
822 2378 936 2413 Oportet
963 2388 1013 2407 au-

225 2424 278 2448 tem
293 2426 417 2450 cessante
437 2422 521 2450 etiam
538 2422 686 2451 afﬂictione
701 2431 753 2451 nos
768 2425 893 2452 similiter
907 2434 1012 2461 gerere.

258 2477 324 2506 Viso
334 2479 505 2508 inimicorum
524 2480 647 2513 interitu,
658 2481 858 2509 confessionem
874 2483 1013 2518 dixitgra-

224 2524 322 2552 tiarum
338 2525 474 2553 actionem
491 2526 614 2554 :bonum
632 2527 705 2554 enim
728 2532 771 2555 est
797 2528 870 2562 quod
899 2529 926 2555 in
953 2529 1011 2563 ipsa

224 2570 415 2606 recteagitur:
433 2579 498 2599 nam
523 2572 570 2607 qui
589 2572 868 2609 benefactorigralias
888 2575 956 2610 agit,
983 2576 1011 2602 in

223 2620 362 2649 posterum
376 2617 574 2652 promptiorem
586 2618 676 2653 ipsum
697 2619 804 2652 reddit;
834 2625 1010 2655 peceatorum

223 2664 313 2688 autem
329 2663 504 2696 praesentium
521 2671 554 2691 ac
586 2663 737 2692 [murorum
755 2666 906 2701 redemptio
919 2667 1012 2693 conci-

224 2704 271 2733 liat
288 2707 340 2742 ipsi
359 2708 571 2746 familiaritatem
610 2709 669 2741 Dei.
698 2711 850 2739 futurorum
877 2712 1010 2740 bonorum

223 2758 310 2785 spem,
325 2753 415 2781 omnis
426 2753 581 2793 afﬂictionis
593 2755 793 2791 liberationem,
810 2758 846 2786 ita
863 2763 891 2786 ut
905 2759 938 2786 ad
947 2759 1011 2787 bea-

223 2796 367 2826 titudinem
383 2799 538 2829 istiusmodi
553 2802 606 2830 vita
624 2803 813 2832 transferatur.

262 2882 282 2897 ”
295 2883 316 2910 II
330 2885 392 2912 Cor.
408 2895 444 2919 tv,
459 2888 484 2914 7.

841 172 1019 202 IIESYCIIII
1044 174 1280 203 PRESBYTER!

1793 174 1848 207 1212

1370 229 1515 255 ΨΛΛΜΟΣ
1530 229 1588 256 NI".

1123 295 1133 311 ι
1156 285 1185 311 Ὀ
1204 285 1283 318 Θεὸς,
1297 286 1326 313 ἐν
1338 285 1376 322 τῷ
1391 285 1505 320 ὀνόματι
1518 294 1574 312 σου.
1597 294 1606 311 ι

1118 342 1165 378 Μὴ
1179 342 1222 369 διὰ
1236 342 1361 378 πράξεις,
1380 342 1474 378 φησὶν,
1491 342 1553 369 οὐδὲ
1565 341 1620 377 γὰρ
1633 341 1783 375 ἀξιοχρέους
1795 343 1849 378 ίχω,

1086 388 1124 424 μὴ
1139 388 1182 415 διὰ
1197 388 1323 424 πατέρων
1335 388 1476 423 εὐγένειαν
1497 387 1587 423 (ἄλλος
1605 388 1659 423 γὰρ
1678 387 1752 415 ἄλλον
1765 389 1850 416 διασώ-

1084 433 1141 466 ζειν
1157 434 1187 460 οὑ
1202 433 1337 468 δύναται),
1351 434 1420 461 ἀλλ’
1433 434 1468 461 ἐν
1480 433 1521 466 τῷ
1537 432 1660 467 ὀνόματί
1675 440 1732 459 σου
1743 440 1751 447 ·
1764 434 1785 459 εἰ
1795 434 1851 469 γάρ·

1083 487 1125 506 τοι
1136 478 1206 515 αὕτη
1223 479 1348 514 σωτηρία
1367 479 1497 514 διηνεκὴς
1520 478 1567 505 καί¹
1581 477 1679 509 ἄσυλος
1695 478 1806 504 ἵσταται.
1826 479 1850 505 Et

1083 524 1139 559 γὰρ
1153 523 1267 561 λῃσταῖς
1280 532 1352 555 τινες
1368 524 1384 559 ἢ
1414 523 1563 558 βαρϐάροις
1574 521 1777 557 περιπεσόντες,
1803 519 1851 549 εἶτα

1083 569 1167 605 ὖνομα
1195 569 1334 597 δυναστῶν
1348 569 1570 604 παραγαγόντες,
1587 567 1625 599 ὡς
1649 566 1757 593 ἐκείνων
1770 567 1851 594 οἰκεῖοι

1083 616 1146 647 τοὺς
1160 615 1298 647 κινδύνους
1318 614 1493 649 ἐκφεύγουσι,
1520 614 1578 645 πῶς
1596 614 1627 639 οὐ
1646 612 1713 639 πολὺ
1728 612 1817 647 μᾶλλον
1829 614 1852 641 ἐν

1082 661 1121 696 τῷ
1132 661 1245 696 ὀνόματι
1259 660 1306 687 τοῦ
1322 660 1389 687 Θεοῦ
1403 661 1456 687 ἀπὸ
1474 661 1565 696 πάσης
1577 659 1722 694 ἐπιϐουλῆς
1735 659 1852 695 δαιμὰνων

1084 706 1244 741 σωζόμεθας

1123 772 1132 790 ι
1151 761 1208 790 Καὶ
1223 764 1254 790 ὲν
1265 764 1298 799 τῇ
1316 763 1431 798 δυνάμει
1442 771 1490 789 σου
1504 763 1597 799 κρίνον
1615 770 1660 797 με,
1680 770 1690 788 ι
1853 730 1860 781 ί

1117 832 1224 868 Κρίσιν,
1243 832 1292 868 οὐχ
1307 833 1347 859 ὅτι
1368 830 1579 867 κατακριθῶμεν
1589 850 1597 862 ,
1611 827 1668 857 ἀλλ’
1682 829 1750 856 ὥστε
1760 828 1852 856 ἐλευθε-

1083 878 1202 914 ρωθῆναι
1226 878 1274 905 τοῦ
1297 878 1493 914 τυραννοῦντος
1515 877 1695 912 βουλεύεται·
1717 875 1805 910 διόπερ
1829 876 1851 901 ὲν

1045 920 1065 947 Β
1079 925 1224 960 δυναστείᾳ
1246 924 1373 961 κριθῆναι
1397 923 1580 959 προσηύξατο·
1601 922 1646 949 ἵνα
1664 920 1711 948 τοῦ
1733 921 1851 948 ἀντιδίκου

1079 971 1134 997 εἴτε
1161 970 1209 997 τοῦ
1238 969 1387 1005 αἰσθητοῦ,
1415 970 1469 997 εἴτε
1483 969 1530 995 τοῦ
1550 967 1651 1004 νοητοῦ
1665 968 1699 1003 τῇ
1721 966 1848 1001 δυναστείᾳ

1078 1016 1126 1043 τοῦ
1145 1015 1212 1042 Θεοῦ
1224 1015 1412 1051 χειρωθέντος,
1426 1016 1505 1051 ἡμεῖς
1522 1013 1669 1050 γενώμεθα
1679 1012 1732 1039 τῶν
1748 1013 1850 1047 ἐπηρεαι

1079 1060 1181 1094 ζόντων
1200 1061 1348 1096 ἀλλότριοι.

1117 1116 1127 1133 ι
1155 1107 1183 1133 '0
1199 1107 1276 1139 Θεὸς,
1289 1107 1448 1133 είσάκουσον
1461 1106 1511 1141 τῆς
1524 1103 1680 1140 προσευχῆς
1693 1111 1752 1137 μου.
1767 1111 1775 1128 ι

1113 1153 1196 1179 Οὐδὲν
1215 1152 1269 1188 γὰρ
1287 1152 1369 1180 ὅπλον
1384 1153 1453 1188 πρὸς
1472 1152 1535 1182 τοὺς
1549 1150 1666 1185 ἐχθροὺς
1681 1150 1748 1183 ὑπὲρ
1760 1148 1804 1184 τὴν
1815 1149 1848 1175 εὖ·

1077 1197 1127 1232 χὴν
1153 1197 1335 1233 ἰσχυρῶ-τερον
1363 1197 1471 1233 ἔχομεν,
1498 1196 1578 1231 μόνον
1600 1196 1648 1222 ἐὰν
1674 1195 1720 1221 τοῦ
1738 1195 1799 1226 ἄξια
1809 1194 1848 1220 τοῦ

1077 1243 1145 1270 Θεοῦ
1156 1243 1369 1279 προσευξόμεθα,
1382 1244 1448 1277 ὅπερ
1458 1243 1471 1268 ὁ
1481 1242 1629 1277 Προφήτης
1642 1240 1728 1275 ἑαυτῷ
1739 1238 1848 1272 συνειδὼς

1077 1290 1256 1317 ὲνωτίσασθαι
1271 1290 1315 1316 τὸν
1332 1290 1398 1316 Θεὸν
1419 1290 1450 1315 τὰ
1471 1290 1584 1324 ῥήματα
1596 1288 1643 1314 τοῦ
1658 1289 1784 1322 στόματος
1798 1285 1849 1321 βού-

1076 1335 1151 1361 λεται
1165 1356 1172 1367 ,
1197 1336 1240 1362 ἵνα
1265 1336 1401 1369 διαγνοὺς,
1421 1335 1462 1361 ὅτι
1485 1335 1562 1360 οὐδὲν
1586 1332 1753 1367 ἀνθρώπινον
1774 1332 1846 1367 ζητεῖ,

1076 1380 1125 1416 τὴν
1140 1381 1234 1407 θυσίαν
1251 1381 1300 1414 τῆς
1313 1380 1466 1416 προσευχῆς
1483 1379 1674 1414 προσδέξεται.
1862 1393 1868 1407 ε

1114 1440 1190 1465 «Ὅτι
1204 1438 1340 1474 ἀλλότριοι
1354 1438 1552 1473 ἐπανέστησαν.
1569 1447 1578 1462 ι

1117 1495 1264 1531 ’Λλλὸτριοι
1280 1494 1380 1525 πάντες
1395 1495 1420 1520 οἱ
1437 1494 1473 1529 μὴ
1489 1491 1658 1528 φρονοῦντες
1671 1493 1705 1520 τὰ
1723 1490 1768 1519 τοῦ
1780 1490 1845 1524 Θεοῦ,

1075 1541 1127 1568 κᾶν
1149 1542 1291 1575 συγγενεῖς
1302 1561 1309 1571 ,
1325 1540 1375 1566 κᾶν
1397 1540 1487 1574 φίλοι,
1509 1539 1560 1566 κᾶν
1576 1539 1688 1574 ἀδελφοὶ
1702 1538 1845 1573 τυγχάνωσι.

1037 1592 1058 1620 c
1074 1587 1119 1613 Διὸ
1135 1587 1183 1613 καὶ
1196 1585 1382 1612 ἐπιϐουλεύειν
1400 1586 1466 1620 ἡμῖν
1482 1586 1519 1616 ὼς
1546 1584 1684 1620 ἀλλότριοι
1705 1583 1845 1618 ἀλλοτρίοις,

1074 1634 1122 1659 καὶ
1146 1633 1287 1666 συγγενεῖς
1311 1632 1397 1662 ὄντες,
1417 1631 1550 1662 πολλάκις
1569 1631 1621 1657 οὐκ
1638 1630 1808 1666 αἰσχύνονται.
1819 1628 1844 1655 οι

1073 1679 1128 1714 γὰρ
1152 1678 1265 1709 ἑαυτοὺς
1289 1678 1520 1713 ἀλλοτριώσαντες
1545 1678 1593 1715 τοῦ
1617 1677 1694 1709 Θεοῦ,
1718 1676 1772 1708 πῶς
1791 1674 1845 1701 πολὺ

1075 1724 1175 1760 μᾶλλον
1190 1724 1236 1750 καὶ
1252 1724 1298 1750 τοῦ
1319 1724 1401 1758 νόμον
1418 1724 1469 1758 τῆς
1491 1723 1601 1757 φύσεως
1624 1723 1755 1757 ἀλλότριοι
1773 1721 1846 1755 γίνον-

1073 1777 1135 1801 ται;
1152 1769 1306 1803 Κραταιοὺς
1319 1768 1347 1794 δὲ
1362 1768 1424 1799 τοὺς
1440 1768 1566 1802 ἰσχυροὺς
1583 1769 1622 1803 τῇ
1638 1767 1721 1803 κακίᾳ
1731 1766 1809 1800 λέγει,
1818 1765 1866 1803 οἵ·⁸

1073 1823 1144 1847 τινες
1162 1816 1202 1846 είς
1220 1815 1348 1841 τοσοῦτον
1368 1814 1481 1849 ἰσχυρὰν
1498 1814 1545 1840 καὶ
1559 1814 1704 1840 ἁνένδοτον
1717 1813 1763 1849 τὴν
1777 1818 1847 1846 πονηη

1075 1861 1135 1896 ρίαν
1149 1860 1306 1895 κέκτηνται,
1324 1859 1394 1885 ὥστε
1418 1859 1466 1885 καὶ
1490 1860 1530 1889 εἰς
1554 1860 1660 1894 ἑαυτὴν
1683 1857 1847 1885 ἐπισουλεύειν

1071 1906 1122 1941 τὴν
1134 1906 1232 1941 ψυχὴν,
1244 1906 1273 1931 οὺ
1292 1905 1371 1940 μόνον
1386 1905 1431 1931 τὸν
1445 1905 1574 1938 αἰσθητὸν
1586 1906 1667 1940 ἡμῖν,
1684 1905 1748 1932 ἀλλὰ
1759 1905 1800 1931 καὶ
1811 1903 1846 1930 τὴν

1072 1951 1166 1986 νοητὸν
1183 1951 1436 1983 κατασκευάζοντες
1454 1951 1579 1978 θάνατον.

1110 2018 1118 2034 ι
1131 2008 1380 2044 Ἐξομολογήσομαι
1394 2008 1431 2043 τῷ
1447 2008 1560 2042 ὀνόματί
1581 2017 1643 2036 σου.
1659 2019 1668 2035 ι

1111 2065 1254 2092 Ἀκούσιον
1269 2065 1322 2099 γὰρ
1340 2064 1436 2090 θυσίαν
1454 2066 1467 2091 ὁ
1483 2065 1547 2096 Θεὸς
1563 2066 1593 2092 οὺ
1610 2066 1794 2101 προσδέχεται·
1805 2062 1839 2090 οὺ-

1069 2113 1165 2139 δέποτε
1189 2112 1244 2146 γὰρ
1266 2111 1304 2146 τῷ
1325 2111 1522 2145 προσ-φέροντι,
1542 2112 1609 2138 ἀλλᾶ
1628 2111 1666 2147 τῷ
1680 2110 1839 2149 ἀναγκάζοντι

1069 2159 1118 2192 τὴν
1135 2157 1292 2192 προσφορὰν
1313 2156 1554 2192 λογίζεται.”οπερ
1570 2157 1651 2189 εἰδὼς
1666 2159 1711 2184 καὶ
1726 2156 1839 2187 Παῦλοςό

1068 2204 1225 2235 ἀπόστολος,
1243 2203 1336 2236 ἔλεγε·
1355 2203 1403 2236 Μὴ
1426 2203 1460 2229 ἐκ
1480 2203 1582 2236 λύπης
1605 2203 1624 2238 ἢ
1649 2204 1684 2235 ἐξ
1706 2202 1838 2236 ἀνάγκης·

1034 2259 1053 2286 ο
1068 2250 1173 2283 ἱλαρὸν
1189 2249 1243 2283 γὰρ
1260 2248 1357 2282 δώτηι·
1371 2247 1471 2282 ἀγαπᾷ
1485 2250 1501 2274 ὁ
1518 2249 1599 2281 Θεός.
1626 2249 1661 2275 Σὺ
1685 2249 1713 2275 δὲ
1730 2248 1775 2275 ’καὶ
1794 2246 1839 2273 ἀπὸ

1069 2294 1166 2329 καιροῦ
1182 2294 1211 2320 τὸ
1227 2293 1350 2320 ἑκούσιον
1366 2294 1471 2328 νόησον.
1489 2294 1622 2326 Πολλάκις
1639 2295 1691 2329 γὰρ
1704 2293 1785 2328 θλίψει
1799 2301 1839 2319 ἰτε⁶
1860 2322 1862 2324 _

1069 2340 1227 2376 ριπεσὸντες
1252 2339 1384 2374 γινόμεθα
1407 2339 1512 2366 ἑαυτῶν
1535 2339 1734 2375 εὐλαϐέστεροι.
1750 2338 1802 2373 Χρὴ
1815 2337 1838 2363 δὲ

1068 2386 1141 2421 ἡμᾶς
1155 2386 1200 2411 καὶ
1223 2385 1273 2419 τῆς
1295 2385 1411 2420 θλίψεως
1427 2385 1644 2421 μεταϐληθείσης
1660 2383 1838 2420 παραπλησίοις

1068 2430 1251 2466 εὑρίσκεσθαι.

1102 2488 1163 2514 Τῶν
1180 2487 1317 2522 πολεμίων
1331 2487 1376 2514 τὸν
1390 2488 1499 2523 ὄλεθρον
1526 2490 1694 2524 θεασάμενος
1705 2509 1712 2521 ,
1727 2485 1837 2523 ἐξομολό-

1064 2541 1143 2568 γησιν
1166 2531 1243 2560 εἶπεν
1265 2533 1314 2569 τὴν
1340 2534 1516 2569 εὐχαριστίαν
1530 2544 1536 2551 ·
1554 2536 1655 2570 ἀγαθον
1677 2536 1730 2570 γὰρ
1750 2535 1777 2560 τὸ
1796 2532 1837 2558 ἐπ’

1064 2579 1132 2614 αὐτῇ
1149 2579 1331 2614 κατόρθωμα·
1352 2580 1367 2606 ὁ
1390 2580 1444 2615 γὰρ
1468 2581 1638 2615 εὐχαριστῶν
1653 2581 1690 2616 τῷ
1708 2579 1834 2614 εὐεργέτῃ.

1064 2623 1277 2658 φιλοτιμὼτερον
1299 2624 1381 2650 αὑτὸν
1407 2626 1439 2663 ἐν.
1458 2627 1516 2657 τοῖς
1531 2627 1594 2661 ἑξῆς
1610 2625 1770 2662 ἐργάζεται·
1784 2625 1798 2659 ἡ
1811 2622 1835 2649 δὲ

1062 2667 1117 2693 τῶν
1134 2668 1340 2702 ἁμαρτημάτων
1362 2666 1399 2695 ὧν
1421 2668 1477 2704 ἔχει
1494 2672 1541 2697 καὶ
1559 2671 1614 2698 τῶν
1629 2671 1775 2706 μελλόντων
1794 2669 1834 2695 λύ-

1060 2721 1171 2747 τρωσις,
1189 2712 1262 2747 αὐτῷ
1276 2713 1422 2747 ἐργάζεται
1437 2715 1574 2742 οἰκείωσιν
1590 2717 1672 2748 Θεοῦ,
1686 2716 1775 2742 ἐλπίδα
1787 2713 1833 2740 τῶν

1062 2757 1211 2791 μελλόντων
1223 2758 1343 2791 ἀγαθῶν,
1359 2759 1449 2794 πάσης
1467 2761 1584 2796 θλίψεως
1599 2759 1828 2796 ἁπιλλαγὴν,ὦστι

1060 2804 1098 2833 εἰς
1115 2803 1304 2837 μακκριὶτητχ
1321 2804 1358 2838 τῷ
1375 2806 1488 2841 τοιούτῳ
1504 2808 1517 2832 ὁ
1531 2808 1588 2841 βίος
1605 2807 1768 2843 μεθίσταται.
