3950 6446
391 433 531 501 ιειτ

1488 429 1957 493 FRAGMENTA
1991 427 2075 491 IN
2115 427 2481 492 PSALMOS.

3524 431 3660 500 1218

391 548 888 625 ἐπαρρησιάζοντο.
919 551 1066 625 Πλὴν
1102 552 1205 607 ’καὶ
1251 549 1413 623 ἡμεῖς
1462 548 1852 620 φυλαξώμεθα,
1887 546 1979 602 καὶ

2099 560 2259 615 aeque
2284 554 2447 602 nocte
2476 561 2643 617 super
2666 560 2861 603 muros
2886 554 3122 618 nostros,
3155 564 3357 621 nempe
3407 551 3663 619 virtutes,

396 645 542 717 μήτε
572 644 791 716 ἡμέρας
822 644 964 717 μήτε
986 645 1183 710 νυκτὸς
1205 644 1299 698 ἐπὶ
1326 643 1396 698 τὰ
1417 643 1659 716 ἡμέτερα
1687 641 1863 712 τείχη,
1888 638 1984 711 δη·

391 735 528 808 λαδὴ
570 737 674 801 τάς
719 737 942 810 ἀρετάς,
977 737 1212 808 ἀνομίαν
1241 735 1387 808 ἔχειν
1437 736 1471 807 ἢ
1502 736 1640 798 ὅλως
1672 733 1982 804 ἀντιλογίαν

395 829 834 902 καρτερήσωμεν
853 845 868 860 ·
891 830 1031 884 ἀλλὰ
1052 830 1188 901 μηδὲ
1206 830 1369 885 τόκον
1388 828 1594 900 ἢτδόλον
1616 828 1673 881 ὲν
1696 827 1982 892 πλατείαις

394 922 519 985 ταῖς
552 921 854 993 ἡμετέραις
893 921 1132 994 ἔχωμεν.
1171 922 1432 976 Πλατεῖαι
1465 920 1576 992 γὰρ
1608 920 1703 974 καὶ
1726 919 1983 974 εὖθυνοῦ-

396 1030 492 1067 σαι
510 1012 570 1068 αί
586 1014 717 1081 ὁδοὶ,
735 1015 795 1068 ὲν
815 1009 904 1079 αἷς
924 1014 994 1068 τὰ
1017 1015 1470 1086 πλημμελήματα
1494 1014 1556 1067 ού
1580 1013 1688 1085 μὴν
1709 1014 1789 1079 είς
1814 1010 1980 1084 ζωὴν,

394 1103 515 1159 ἀλλ’
537 1105 619 1169 είς
647 1104 929 1159 ἀπώλειαν
956 1105 1201 1174 ἄγουσιν.

473 1197 630 1253 «Ὅτι
658 1200 709 1253 ιι
735 1197 928 1270 ἐχθρὸς
956 1197 1203 1252 ὠνείδισέ
1237 1215 1326 1269 με.
1345 1216 1374 1251 a

468 1370 686 1445 Φορητὰ
711 1369 781 1425 τὰ
801 1369 953 1445 παρὰ
968 1368 1078 1425 τῶν
1099 1368 1194 1440 exe
1204 1367 1310 1440 ρῶν
1323 1362 1873 1437 άποκεκαλυμμένων
1890 1362 1983 1418 διὰ

389 1465 557 1519 τοῦτο
594 1464 915 1541 νομίζεται,
952 1461 1252 1533 ἐπειδήπερ
1290 1460 1513 1531 εὐχερὲς
1540 1457 1717 1518 ταῦτα
1750 1455 1985 1526 φυλάξα-

393 1557 550 1612 σθαι·
575 1558 627 1611 οἱ
646 1557 703 1610 δὲ
732 1555 879 1626 φίλοι
904 1553 1213 1619 δοκοῦντες,
1228 1552 1296 1605 τά
1314 1551 1425 1604 τῶν
1456 1548 1672 1621 ἐχθρῶν
1694 1547 1984 1618 λογιζόμε-

393 1667 502 1714 νοι,
532 1649 634 1702 οὐκ
668 1649 777 1701 εἰσὶ
813 1644 1043 1718 φορητοί
1063 1660 1078 1675 ο
1117 1642 1297 1715 μέλιτι
1322 1641 1431 1714 γὰρ
1460 1640 1553 1694 τὸν
1594 1639 1673 1694 ίὸν
1713 1638 1985 1707 κεράσαν-

391 1755 489 1803 τες
515 1738 868 1799 λανθάνοντα,
899 1732 1377 1798 κατασκευάζουσι
1403 1733 1660 1789 θάνατον.
1693 1730 1866 1785 Τοῦτο
1890 1729 1986 1785 καὶ

392 1831 475 1903 τῷ
507 1830 679 1903 Ἰούδᾳ
720 1832 749 1884 ὁ
794 1829 1029 1900 Χριστὸς
1061 1829 1153 1883 διὰ
1187 1831 1284 1898 τῆς
1316 1824 1600 1897 παρούσης
1647 1821 1984 1896 προφητείας

2085 639 2386 694 habeamus
2419 640 2789 711 iniquitatem,
2808 642 2893 698 vel
2918 643 3144 699 omnino
3173 643 3663 700 contradictionem

2083 733 2415 790 toleremus:
2450 734 2546 790 sed
2578 748 2757 806 neque
2784 750 3007 791 usuram
3054 735 3140 792 vel
3171 735 3355 792 dolum
3378 736 3440 791 in
3471 737 3668 809 plateis

2084 825 2286 885 nostris
2315 825 2634 882 habeamus.
2668 825 2873 883 'Platea:
2894 826 3043 883 enim
3069 836 3123 883 et
3179 826 3301 883 latas
3358 827 3460 883 viae
3510 837 3662 895 sunt,

2084 917 2141 973 in
2178 919 2377 989 quibus
2400 919 2595 976 delicta
2624 935 2732 976 non
2754 919 2827 976 ad
2856 919 3048 987 vitam,
3102 920 3201 977 sed
3234 918 3321 981 .ad
3376 920 3662 976 interitum

2082 1006 2311 1063 ducunt.

2156 1186 2321 1243 Vsus.
2346 1187 2435 1243 i3.
2461 1204 2483 1238 ‹
2530 1185 2799 1255 Quoniam
2856 1188 2905 1247 si
2959 1189 3224 1247 inimicus
3278 1191 3665 1262 exprobrasset

2084 1293 2194 1334 me.
2225 1296 2253 1332 3

2155 1370 2230 1426 Ea
2258 1388 2379 1444 quae
2410 1389 2440 1429 a
2470 1373 2781 1431 manifestis
2800 1372 3041 1430 inimicis
3084 1373 3407 1430 inferuntur
3456 1372 3663 1430 idcirco

2088 1462 2390 1521 tolerabilia
2418 1473 2735 1533 censentur,
2794 1465 2922 1537 quia
2965 1464 3125 1522 facile
3169 1476 3254 1522 est
3282 1469 3384 1523 ista
3421 1482 3660 1523 cavere:

2084 1564 2141 1613 at
2161 1557 2275 1628 qui,
2304 1573 2429 1613 cum
2452 1557 2615 1615 amici
2635 1559 2944 1627 videantur,
2992 1558 3213 1619 hostilia
3251 1559 3661 1625 machinantur,

2086 1649 2460 1706 intolerabiles
2485 1651 2802 1708 exsistunt:
2850 1650 3121 1721 siquidem
3163 1650 3326 1705 melle
3387 1664 3661 1706 venenum

2085 1740 2402 1807 miscentes,
2467 1740 2865 1799 clandestinam
2932 1750 3167 1798 mortem
3234 1742 3499 1798 inferunt.
3550 1739 3666 1797 Hoc

2084 1832 2249 1889 etiam
2279 1828 2435 1891 Iudae
2450 1833 2708 1892 Christus
2737 1833 2993 1907 praesenti
3019 1835 3276 1893 vaticinio
3292 1835 3664 1907 exprobravit.

390 1898 801 1978 ὠνείδισεν.¹Ων
822 1898 907 1975 ἵνα
928 1920 1263 1993 παραστήσῃ
1285 1915 1728 1988 σαφέστερον,τὰ
1744 1913 1980 1985 ἐχόμενα

2099 1922 2234 1991 Quae,
2269 1932 2328 1981 ut
2354 1925 2622 1999 propheta
2649 1898 2851 1983 clarius
2868 1935 3201 1998 exponeret,
3224 1898 3509 1997 sequentia
3531 1926 3665 1982 sub-

390 2018 424 2070 ὁ
452 2015 741 2090 Προφήτης
771 2015 1075 2085 ἐπήγαγεν·

474 2127 493 2162 ι
525 2110 599 2163 Σὺ
625 2107 707 2174 δὲ,
742 2107 1003 2179 ἄνθρωπε
1038 2105 1288 2177 ίσόψυχε.
1318 2122 1342 2157 s

466 2199 746 2271 Ἰσόψυχε,
782 2197 874 2252 διὰ
899 2197 999 2269 τὴν
1034 2196 1257 2268 ἀγάπην
1278 2234 1294 2262 ,
1328 2196 1396 2268 ἢν
1433 2193 1569 2267 περὶ
1610 2192 1740 2258 τσὺς
1787 2191 1984 2247 ἑαυτοῦ

399 2291 648 2365 μαθητὰς
664 2293 694 2346 δ
714 2289 915 2363 Κύριος
938 2288 1307 2352 ἐπεδείκνυτο,
1323 2286 1464 2341 ὥστε
1490 2284 1570 2357 τῷ
1587 2285 1760 2356 Πατρὶ
1782 2284 1981 2353 λέγειν·

398 2384 591 2453 Πάτερ
618 2382 767 2454 ἅγιε,
797 2381 1067 2452 τήρησον
1092 2379 1315 2447 αὐτοὺς
1344 2379 1412 2433 ἐν
1439 2377 1520 2444 τῷ
1554 2376 1803 2447 ὀνόματί
1840 2390 1982 2441 σου,

399 2472 510 2540 οὓς
536 2470 802 2539 δέδωκάς
830 2489 933 2542 μοι
952 2489 965 2502 °
996 2472 1096 2528 ἵνα
1122 2467 1279 2525 ὦσιν
1304 2468 1398 2537 ἐν,
1428 2467 1626 2535 καθὼς
1655 2466 1755 2522 καί
1789 2466 1982 2536 ἡμεῖς.

418 2564 693 2637 Ἠτεμὼν,
729 2564 919 2636 ἐπειδὴ
969 2564 1032 2617 τὸ
1077 2561 1469 2632 γλωσσόκομον
1521 2560 1635 2613 τῶν
1687 2556 1988 2630 χρημάτων

403 2657 694 2732 βαστάζων
734 2654 931 2721 αὐτὸς,
979 2654 1107 2718 ἴσως
1147 2652 1244 2724 τὴν
1280 2651 1527 2717 ἐξουσίαν
1552 2650 1651 2721 τῆς
1679 2650 1988 2720 οίκονομίας

402 2753 690 2820 ἐκέκτητο.
722 2747 989 2811 Γνωστὲ,
1018 2747 1196 2801 πάντα
1223 2744 1331 2817 γὰρ
1361 2737 1681 2816 agmen-.9
1716 2741 1991 2798 ἀπεκάλυ-

400 2844 644 2914 ψεν.Ὃς
663 2842 761 2896 ἐπὶ
800 2840 867 2894 τὸ
905 2840 1051 2894 αὐτὸ
1083 2836 1425 2909 ἐγλύκυνάς
1448 2853 1547 2908 μοι
1573 2838 1646 2892 τὰ
1667 2834 1985 2906 ἐδέσματα.

402 2937 585 2998 Μόνος
630 2933 741 3006 γὰρ
791 2931 929 3003 μετὰ
974 2931 1069 2984 τοῦ
1106 2929 1287 3002 Ἰησοῦ
1336 2929 1632 2983 ἐνέὄαπτεν
1662 2928 1746 2992 εῖίς
1771 2928 1834 2980 τὸ
1856 2943 1990 2998 τρυ-

403 3028 573 3083 6).ίον.
590 3025 689 3080 Ἐν
716 3024 796 3092 τῷ
827 3024 973 3091 οἴκῳ
999 3022 1106 3078 τοῦ
1140 3021 1290 3077 Θεοῦ
1327 3018 1824 3089 ἐπορεύθημενέν
1847 3020 1991 3086 ὀμο-

403 3121 559 3190 νοίᾳ.
596 3116 758 3175 Οἷκον
797 3117 932 3174 Θεοῦ
971 3119 1071 3187 τὴν
1103 3114 1242 3170 Σιὼν
1270 3114 1451 3183 λέγει·
1488 3115 1607 3167 ἐκεῖ
1635 3113 1741 3183 γὰρ
1774 3112 1832 3165 ὲν
1856 3113 1991 3183 ὀμο-

2076 2013 2258 2085 junxit
2280 2030 2296 2070 :

2157 2105 2322 2164 Vsus.
2356 2108 2442 2166 14.
2483 2125 2503 2162 ι
2537 2108 2620 2166 Tu
2637 2124 2766 2167 vero
2795 2109 2960 2166 homo
2986 2110 3281 2169 unanimis.
3316 2131 3340 2167 ι

2158 2197 2457 2268 Unanimis,
2486 2207 2714 2273 propter
2740 2201 3110 2270 dilectionem,
3164 2219 3327 2276 quam
3350 2219 3478 2278 erga
3508 2203 3670 2261 disci-

2086 2289 2246 2360 pulos
2274 2305 2404 2346 suos
2434 2290 2698 2349 Dominus
2725 2292 2989 2359 ostendit,
3047 2308 3172 2349 cum
3210 2292 3359 2350 Patri
3415 2296 3662 2351 diceret:

2084 2380 2251 2436 Pater
2276 2389 2476 2449 sancte,
2525 2398 2677 2437 serva
2708 2399 2793 2438 eos
2815 2384 2872 2438 in
2902 2385 3111 2439 nomine
3168 2392 3277 2449 tuo,
3303 2402 3431 2458 quos
3477 2386 3667 2441 dedisti

2086 2471 2215 2525 milli
2246 2488 2266 2527 :
2293 2480 2349 2526 ut
2374 2473 2481 2526 sint
2500 2475 2834 2539 unum,‘sicut
2856 2483 2906 2531 et
2935 2492 3027 2529 nos
3046 2475 3114 2535 ⁸⁸.
3173 2474 3319 2542 Dux,
3373 2476 3501 2548 quia
3540 2492 3667 2532 cum

2090 2559 2208 2631 ipse
2229 2561 2567 2632 marsupium
2600 2564 2958 2633 pecuniarum
2986 2564 3175 2632 ferret,
3205 2564 3440 2622 fortasse
3471 2566 3552 2621 rei
3590 2565 3670 2622 fa-

2088 2651 2314 2707 miliaris
2340 2651 2579 2708 habebat
2606 2662 2952 2723 potestatem.
2989 2655 3180 2723 Notus,
3246 2657 3374 2727 quia
3411 2666 3668 2728 tanquam

2089 2743 2356 2814 discipulo
2378 2745 2433 2799 ei
2460 2747 2645 2800 omnia
2705 2749 3062 2803 revelaverat.
3110 2748 3213 2813 Qui
3253 2747 3419 2803 simul
3464 2766 3668 2804 mecum

2090 2833 2273 2889 dulces
2303 2835 2549 2905 cupiebas
2570 2836 2709 2891 cibos
2731 2837 2992 2893 ".‘Soius
3022 2838 3169 2892 enim
3200 2854 3323 2892 cum
3338 2836 3472 2892 Jesu
3498 2837 3670 2892 intin-

2090 2929 2251 3000 gebat
2276 2945 2498 2984 manum
2531 2931 2587 2984 in
2609 2929 2812 2985 catino.
2848 2928 2915 2983 In
2943 2931 3099 2984 domo
3148 2927 3248 2983 Dei
3284 2927 3671 2983 ambulavimus

2084 3035 2487 3073 cumconsensu
2505 3019 2568 3073 ³⁷.
2592 3018 2837 3073 Domum‘
2857 3017 2952 3072 Dei
3008 3025 3167 3073 vocat
3210 3013 3433 3070 Sionem
3480 3030 3495 3068 :
3563 3014 3674 3070 illic

2091 3111 2238 3167 enim
2270 3126 2393 3165 cum
2424 3124 2697 3167 consensu
2725 3125 2939 3168 coenam
2967 3107 3189 3164 Pascha:
3217 3123 3343 3164 cum
3388 3106 3675 3178 discipulis

403 3215 527 3286 νοίᾳ
554 3213 617 3266 τὸ
646 3210 860 3265 δεῖπνον
879 3207 975 3262 τοῦ
1006 3189 1201 3277 Πάσχα
1226 3205 1364 3276 μετὰ
1391 3201 1798 3305 τῶνομαθητῶν
1810 3202 1987 3305 ὁιΧρι-

2099 3203 2345 3260 Christus
2378 3202 2647 3274 perfecit;
2678 3218 2870 3259 verum
2925 3200 3096 3256 Iudas
3125 3215 3297 3257 cmnae
3348 3200 3672 3272 mysterium

407 3304 531 3369 στὺς
551 3301 870 3356 ἐπετέλεσεν
889 3315 906 3330 ο
928 3298 989 3350 ού
1021 3296 1127 3368 μὴν
1157 3294 1388 3366 ἐφύλαξε
1425 3291 1621 3358 Ἰούδας
1650 3291 1745 3346 τοῦ
1770 3292 1985 3346 δείπνου

2099 3312 2206 3353 non
2234 3296 2582 3352 observavit:
2615 3295 2742 3350 inde
2810 3294 2960 3351 cnim
3007 3308 3265 3365 egressus
3309 3290 3675 3364 proditionem

403 3401 467 3452 τὸ
502 3397 838 3470 μυστήριονο
868 3391 1083 3448 ἐκεῖθεν
1128 3388 1237 3461 γὰρ
1282 3387 1516 3453 ἐξελθὼν
1558 3388 1657 3458 τὴν
1699 3385 1989 3457 προδοσίαν

404 3487 664 3563 ἔπραξεν.
696 3489 859 3543 Ὥστε
890 3486 1066 3561 ταῦτα
1110 3482 1189 3555 τῷ
1237 3481 1471 3552 προδότῃ
1511 3479 1572 3534 τὸ
1613 3480 1839 3551 Πνεῦμα
1889 3475 1986 3531 τοῦ

404 3582 541 3636 8εοῦ
573 3581 669 3635 καὶ
698 3577 804 3649 πρὸ
834 3577 1046 3632 πολλῶν
1075 3573 1284 3645 γενεῶν
1308 3572 1585 3637 ὀνειδίζων
1609 3570 1929 3641 ἐφθέγγετο.

485 3693 504 3726 ι
527 3672 762 3727 Ἐλθέτω
795 3670 859 3739 δὴ
890 3670 1121 3733 θάνατος
1150 3666 1236 3721 ἐπ’
1261 3663 1477 3727 αὐτούς.
1510 3682 1529 3714 ι

479 3764 652 3819 Τοῦτο
701 3762 1061 3834 πεπλήρωται
1109 3758 1209 3832 μὲν
1259 3755 1354 3813 ἐπὶ
1404 3753 1482 3827 τῷ
1514 3752 1716 3825 Ἰούδᾳ·
1749 3751 1847 3823 τὴν
1878 3751 1988 3823 γὰρ

408 3856 702 3930 προδοσίαν
730 3855 935 3928 ἀγχόνῃ
963 3851 1256 3919 διεδέξατο.
1294 3848 1648 3919 πεπλήρωται
1676 3842 1732 3899 δὲ
1760 3843 1854 3899 καὶ
1896 3842 1989 3895 ἐπὶ

406 3948 521 4002 τῶν
571 3946 749 4003 ἄλλων
798 3942 1100 3998 Ἰουδαίων·
1133 3939 1372 4012 Χριστὸν
1400 3937 1510 4009 γὰρ
1547 3934 1645 4008 τὴν
1693 3933 1837 4005 ζωὴν
1887 3930 1987 4004 τὴν

407 4033 673 4106 ἀληθινὴν
706 4034 944 4104 ἔχοντες,
980 4028 1355 4100 ἀσεϐήσαντες
1400 4027 1481 4091 είς
1522 4024 1706 4090 αὐτὸν,
1736 4023 1843 4078 ὑπὸ
1890 4022 1991 4092 τὴν

406 4124 648 4198 φοϐεράν
677 4124 770 4179 τοῦ
795 4123 1030 4179 θανάτου
1064 4121 1311 4192 κατάραν
1343 4117 1612 4188 ἐγένοντο.
1639 4114 1909 4188 Παροικία
1934 4112 1990 4166 δὲ

407 4221 439 4273 ὁ
467 4218 579 4291 βίος
597 4219 626 4271 ὁ
649 4216 991 4289 ἀνθρώπινος
1010 4215 1255 4284 λέγεται.
1280 4211 1414 4266 Οὐδὲ
1436 4210 1544 4281 γὰρ
1564 4209 1732 4264 οἰκεῖν
1758 4204 1991 4261 ἐνταῦθα

412 4311 579 4383 μέχρι
610 4308 810 4364 πολλοῦ
843 4304 1145 4377 δυνάμεθα,
1191 4304 1307 4359 ἀλλ’
1328 4302 1402 4368 ὡς
1443 4302 1721 4374 πάροικοι,
1753 4298 1883 4352 ὅταν
1916 4298 1992 4351 οἰ-

408 4405 747 4475 κοδεσπότης
804 4401 1085 4475 προστάξῃ
1112 4440 1127 4465 ,
1180 4397 1526 4469 παραχρῆμα
1594 4390 1988 4462 ἑκϐαλλὸμεθα.

422 4496 644 4570 Ἐπειδὴ
678 4496 735 4550 δὲ
761 4494 1057 4566 παροικίας
1089 4493 1118 4546 ὁ
1143 4491 1439 4562 Προφήτης
1472 4486 1674 4552 πολλὰς
1706 4486 1830 4540 ἀντὶ
1863 4484 1992 4555 μιᾶς

2092 3388 2399 3444 adornavit.
2464 3385 2594 3443 Hac
2664 3386 2851 3458 itaque
2898 3385 2995 3441 Dei
3051 3383 3290 3456 Spiritus
3349 3394 3479 3441 ante
3552 3385 3679 3456 piu-

2090 3478 2259 3534 rimas
2294 3479 2698 3551 generationes,
2752 3476 3020 3549 proditori
3072 3477 3479 3547 exprobrando,
3539 3476 3677 3533 insi-

2088 3570 2299 3627 nhavit.

2160 3661 2440 3717 Vsns.16.
2475 3680 2494 3713 ι
2528 3660 2727 3716 Veniat
2758 3674 2907 3715 mors
2944 3674 3109 3730 super
3124 3659 3264 3715 illos.
3302 3678 3322 3712 ι

2161 3752 2277 3810 Hoc
2296 3753 2517 3824 quidem
2550 3752 2605 3807 in
2633 3751 2775 3807 Juda
2806 3751 3093 3822 impletum
3148 3758 3234 3807 est
3265 3767 3279 3804 :
3309 3751 3678 3823 proditionem

2090 3845 2236 3901 enim
2260 3843 2736 3916 laqueusexcepit.
2767 3842 2915 3909 Quin
2943 3851 2999 3899 et
3049 3844 3109 3899 in
3138 3843 3260 3900 aliis
3304 3842 3512 3899 Judaeis
3575 3844 3683 3900 im-

2088 3935 2296 4008 pletum
2326 3941 2443 3989 est:
2471 3946 2596 3988 cum
2629 3933 2777 3987 enim
2832 3933 3108 3989 Christum
3152 3934 3318 3989 vitam
3352 3950 3538 3991 veram
3582 3936 3682 3990 ha-

2089 4032 2307 4100 berent,
2351 4044 2479 4102 erga
2524 4030 2705 4101 ipsum
2764 4028 2933 4102 impie
2985 4045 3045 4085 se
3099 4038 3378 4102 gerentes,
3434 4031 3680 4088 terribile

2091 4125 2284 4181 mortis
2321 4123 2674 4179 maledictum
2711 4121 3090 4187 incurrerunt.
3148 4121 3318 4179 Porro
3351 4122 3681 4179 tabernacu-

2091 4218 2205 4273 lum
2233 4217 2471 4273 humana
2499 4217 2610 4272 vita
2645 4214 2868 4271 dicitur.
2925 4213 3183 4270 Habitare
3217 4215 3365 4270 enim
3405 4214 3496 4272 hic
3520 4215 3683 4288 longo

2095 4320 2340 4382 tempore
2369 4327 2478 4367 non
2501 4310 2743 4366 valemus
2767 4326 2781 4376 ;
2802 4308 2898 4365 sed
2928 4317 3190 4379 tanquam
3225 4309 3441 4377 incolae,
3462 4310 3681 4381 quando

2096 4401 2373 4458 Dominus
2429 4402 2628 4459 domus
2674 4401 3017 4473 praeceperit,
3046 4402 3189 4458 illico
3212 4402 3483 4473 ejicimur.
3540 4403 3681 4461 Cum

2096 4505 2278 4552 autem
2308 4496 2584 4567 Propheta
2615 4495 2784 4550 multa
2806 4493 3165 4550 tabernacula
3204 4510 3306 4566 pro
3325 4511 3434 4551 uno
3456 4496 3678 4564 dixerit,

407 4584 553 4651 εἷπε,
593 4586 694 4649 τὰς
725 4583 928 4647 πολλάς
955 4582 1065 4636 τῶν
1090 4578 1396 4653 ἀνθρώπων
1426 4576 1570 4631 κατὰ
1610 4577 1702 4630 τὸν
1731 4575 1843 4646 βίον
1874 4575 1987 4628 δια-

2100 4587 2360 4658 plurimas
2382 4586 2669 4643 hominum
2695 4588 2751 4640 in
2780 4587 2886 4641 hac
2916 4586 3031 4642 vita
3049 4585 3391 4643 diﬂerentias
3416 4587 3677 4644 insinuat.

409 4679 584 4751 φοράς
627 4676 947 4732 αἰνίττεται.
983 4672 1047 4727 Οί
1090 4672 1190 4744 μὲν
1226 4670 1336 4743 γὰρ
1365 4669 1530 4741 τυχὸν
1567 4667 1822 4739 ἀπορίαν,
1856 4667 1906 4720 οἱ
1937 4665 1995 4720 δὲ

409 4770 706 4842 γεωργίαν,
740 4770 789 4821 οἱ
819 4767 875 4822 δὲ
901 4767 1000 4838 τὴν
1050 4766 1108 4820 ὲν
1137 4765 1251 4828 τοῖς
1296 4762 1462 4826 θείοις
1489 4760 1831 4830 λειτουργίαν
1869 4775 1999 4831 μετ-

410 4863 686 4934 έρχονται.
705 4858 846 4912 Ἀλλ’
869 4859 927 4910 ἐν
957 4857 1092 4909 πᾶσι
1121 4852 1337 4914 τούτοις
1369 4851 1419 4904 οἱ
1441 4852 1548 4904 τῶν
1584 4848 1849 4903 Ἰουδαίων
1870 4849 1999 4900 παῖ-

408 4952 497 5015 δες
528 4949 950 5021 ἐπονηρεύοντο·
978 4947 1038 5002 οὐ
1072 4945 1182 5016 γὰρ
1217 4944 1376 5014 μόνον
1404 4944 1432 4996 δ
1460 4940 1617 5004 ἄλλος
1645 4940 1839 5010 δῆμος,
1867 4938 2001 4992 ἀλλὰ

409 5044 505 5098 καὶ
543 5043 594 5095 οἱ
623 5043 744 5096 κατ’
779 5038 969 5112 ἐξοχὴν
994 5035 1196 5101 αὐτῶν,
1231 5035 1341 5089 είτε
1362 5034 1639 5105 ἄρχοντες,
1666 5032 1776 5085 εἶτε
1809 5033 1994 5102 ἱερεῖς,

410 5137 512 5205 τὴν
561 5130 827 5205 πονηρίαν
907 5129 1079 5203 μέσην
1131 5126 1311 5183 αὐτῶν
1365 5125 1554 5196 ὥσπερ
1608 5121 1995 5188 άπολαδόντες,

412 5228 553 5301 μετή
563 5242 773 5298 ρχοντο.

491 5339 511 5372 ι
533 5318 679 5387 Ἐγὼ
711 5316 847 5389 πρὸς
872 5315 963 5369 τὸν
996 5312 1130 5368 Θεὸν
1161 5309 1456 5382 ἐκέκραξα.
1493 5328 1513 5362 ι

495 5412 557 5466 '0
586 5410 824 5481 Χριστὸς
863 5407 957 5462 καὶ
986 5404 1159 5460 ταῦτα
1206 5403 1387 5474 λέγει·
1428 5402 1565 5469 πρὸς
1603 5401 1716 5474 γάρ
1745 5401 1839 5455 τδν
1866 5400 2001 5454 Θεὸν

413 5501 615 5558 ἑαυτοῦ
652 5500 870 5571 Πατέρα
900 5497 1186 5566 ἐκέκραξε,
1219 5496 1315 5549 καὶ
1362 5495 1392 5548 δ
1438 5493 1646 5564 Κύριος
1675 5493 1999 5564 είσήκουσεν

414 5592 603 5650 αὐτοῦ.
620 5593 744 5647 Εἴτε
765 5591 824 5644 τὸ
846 5588 1070 5658 Πνεῦμα
1090 5588 1270 5657 λέγοις
1302 5585 1350 5659 (ὁ
1376 5586 1487 5658 γὰρ
1515 5584 1723 5656 Κύριος
1745 5587 1807 5639 τὸ
1833 5586 1998 5641 Πνεῦ-

419 5686 497 5759 μά
532 5686 677 5739 ἐστιν
699 5684 740 5752 ),
773 5683 883 5737 εἴτε
930 5681 1024 5736 τὸν
1066 5680 1270 5752 Κύριον
1300 5679 1462 5734 αὑτὸν
1499 5677 1695 5733 ἑαυτοῦ
1740 5677 1995 5732 εἰσακού-

2095 4677 2375 4750 Siquidem
2401 4680 2512 4743 alii,
2538 4677 2953 4751 verbigralia,in
2984 4686 3324 4748 paupertate,
3351 4678 3442 4733 alii
3464 4678 3518 4732 in
3540 4682 3686 4752 agri-

2094 4769 2331 4831 cultura,
2351 4769 2443 4823 alii
2476 4768 2531 4823 in
2555 4768 2742 4824 divino
2762 4768 2911 4823 cultu
2936 4776 3282 4823 exercentur.
3307 4766 3510 4825 Verum
3528 4771 3582 4825 in
3600 4771 3687 4826 his

2095 4858 2550 4916 onmibusJudaei
2581 4860 2837 4930 nequiter
2867 4875 2927 4916 se
2952 4868 3262 4932 gesserunt,
3321 4876 3433 4916 non
3505 4863 3683 4918 solum

2096 4950 2250 5022 plebs
2269 4951 2602 5018 communis,
2627 4951 2722 5007 sed
2744 4950 2910 5006 etiam
2963 4951 3265 5023 primicerii
3286 4968 3500 5020 eorum,
3555 4969 3683 5011 cum

2096 5043 2393 5114 principes,
2433 5053 2547 5099 tum
2575 5044 2893 5099 sacerdotes
2924 5043 3250 5115 nequitiam,
3273 5046 3430 5118 quasi
3462 5046 3517 5101 iu
3564 5061 3682 5103 me-

2096 5134 2188 5190 dio
2218 5134 2303 5191 sui
2323 5133 2687 5206 excipientes,
2709 5134 2903 5190 sectati
2941 5143 3089 5193 sunt.

2167 5313 2330 5370 Vsus.
2364 5311 2453 5368 i7.
2490 5331 2509 5365 ι
2538 5311 2652 5383 Ego
2673 5312 2742 5368 ad
2762 5313 2933 5367 Deum
2954 5312 3218 5368 clamavi-
3240 5329 3261 5364 ι

2177 5405 2432 5463 Christus
2451 5405 2616 5461 etiam
2644 5405 2762 5461 haec
2790 5404 2925 5461 dicit
2955 5423 2970 5459 :
3011 5405 3281 5475 siquidem
3307 5404 3374 5462 ad
3394 5401 3560 5461 Deum
3584 5396 3689 5461 Pa?

2110 5507 2248 5554 trem
2280 5513 2439 5553 suum
2463 5497 2739 5564 clamavit,
2767 5506 2823 5553 et
2878 5496 3147 5553 Dominus
3194 5497 3469 5555 exaudivit
3533 5512 3680 5554 eum.

2107 5589 2234 5645 Sive
2259 5588 2520 5660 Spiritum
2553 5587 2760 5665 dixeris
2793 5587 3082 5661 (Dominus
3119 5588 3265 5644 enim
3299 5588 3533 5662 Spiritus
3554 5587 3684 5655 est).

2106 5679 2221 5736 sive
2274 5679 2451 5749 ipsum
2512 5678 2802 5736 Dominum
2879 5678 3237 5751 semetipsum
3285 5677 3685 5745 cxaudientem,

504 5912 550 5944 ³⁸
578 5911 733 5969 Joan.
765 5924 896 5980 xm,
931 5910 1014 5967 il.
1094 5911 1138 5943 "
1170 5910 1357 5967 Matth.
1390 5925 1531 5975 xxxi,
1562 5909 1651 5964 25.
1733 5911 1772 5942 ⁸⁷
1811 5910 1974 5999 Marc.
2009 5927 2117 5982 xw,
2142 5914 2230 5968 20.
