3950 6450
355 402 492 474 1221
1529 405 1926 470 FRAGMEN'J

2038 402 2114 462 ΙΝ
2157 400 2515 460 PSALMOS.
3503 396 3636 460 122?.

349 532 468 602 γὰρ
497 527 578 600 τῷ
613 527 734 599 Θεῷ
760 526 855 591 τὰς
887 526 1166 598 ἡμετέρας
1206 526 1498 598 φροντίδας
1543 525 1926 597 ἐπιρρίψωμεν

2055 517 2452 572 sollicizudines
2491 521 2707 569 nostras
2759 511 3181 580 conjeccrimus,
3215 509 3391 580 ipsum
3417 521 3472 566 ct
3501 515 3640 568 edu-

351 598 524 674 αὐτὸν
550 598 762 692 τροφέα
788 619 883 672 καί
911 619 1217 689 στηριγμδν
1237 659 1252 684 ,
1281 617 1422 672 ὣστε
1458 618 1722 689 μηδαμῶς
1753 617 1926 670 σαλεῦ-

2049 615 2291 661 catorcm
2328 611 2383 658 et
2413 603 2817 657 ﬁrmamentum
2868 614 2989 654 esse
3022 598 3378 666 reperiemus,
3425 615 3494 655 ne
3532 601 3638 656 ulla

349 713 543 782 θῆναι,
573 711 901 784 εὑρήσομεν.
937 712 1100 764 Δοκεῖ
1129 709 1186 763 δέ
1223 727 1314 780 μοι
1344 709 1441 763 τοῦ
1475 709 1648 763 Ἰούδα
1685 708 1946 780 μνησθεὶς

345 807 378 858 6
419 805 732 874 Προφήτης,
763 803 1078 870 ἀναγκαίως
1120 802 1217 854 καὶ
1262 801 1354 854 τὸν
1396 801 1608 872 Πέτρον
1635 799 1943 872 ᾑνίξςισθαι,

348 897 445 949 ἵνα
472 895 789 965 σφάλματος
815 893 1075 948 ἀκουσίου
1101 893 1194 946 καὶ
1218 892 1668 966 παραπτώματος
1691 893 1943 945 ἑκουσίου

343 987 616 1060 διαφορὰν
672 985 998 1057 ἐνδείξηται.
1048 986 1153 1038 Τὸν
1217 986 1326 1056 γὰρ
1379 986 1586 1057 Πέτρον
1635 985 1800 1038 ἕνεκα.
1847 983 1942 1036 τοῦ

349 1081 676 1150 σφάλματος
706 1080 804 1148 τῆς
845 1079 1130 1149 ἀρνήσεως
1167 1077 1633 1149 παραθαρρύνων,
1662 1079 1752 1131 καί
1801 1093 1941 1148 προ-

343 1171 574 1244 τρέπων
600 1171 682 1232 et;
712 1169 1028 1239 μετάνοιαν,
1055 1167 1350 1240 amputem
1399 1167 1478 1239 τῷ
1509 1168 1628 1238 Θεῷ
1660 1170 1760 1239 τὴν
1800 1167 1941 1239 ὑπὲρ

343 1263 562 1319 τούτων
591 1261 966 1334 προτρέπεται
1001 1260 1297 1332 μέριμναν,
1324 1261 1722 1332 διατρέψαιτδν
1761 1262 1940 1330 μαθη-

342 1356 451 1427 τὴν
464 1359 530 1426 τῇ
552 1356 855 1428 συγγνώμῃ
880 1354 1203 1425 δυνάμενον,
1222 1358 1317 1410 καὶ
1347 1357 1422 1428 μὴ
1453 1356 1840 1428 συγχωροῦντα
1861 1358 1941 1420 είς

341 1449 442 1502 τὸν
474 1449 649 1502 αίῶνα
679 1449 842 1502 σάλον
867 1448 946 1519 τῷ
969 1449 1166 1518 δικαίῳ
1194 1447 1452 1516 γενέσθαι
1471 1463 1485 1478 ο
1520 1447 1658 1501 ἀλλά
1684 1447 1788 1502 κᾶν
1816 1448 1942 1501 ὑποο

347 1542 494 1614 μένῃ
523 1542 660 1611 πρὸς
688 1540 903 1609 καιρὸν,
935 1539 1137 1604 εὐθέως
1167 1539 1358 1594 τοῦτον
1389 1541 1470 1604 είς
1494 1539 1738 1612 γαλήνην
1773 1555 1940 1611 μετα-

341 1632 642 1686 ϐάλλοντα.

424 1742 443 1774 ι
469 1722 608 1792 Ἐγὼ
637 1724 714 1789 δὲ,
750 1724 946 1793 Κύριε,
971 1724 1145 1778 ἐλπιῶ
1175 1723 1267 1777 ἐπὶ
1298 1723 1380 1779 σέ.
1413 1743 1435 1778 ι

428 1813 488 1866 '0
517 1811 714 1876 πιστὸς
745 1812 956 1880 λεγέτω
979 1813 1138 1868 τοῦτο
1157 1816 1228 1886 ’ἠ
1260 1815 1366 1887 γὰρ
1387 1817 1466 1880 εἰς
1487 1815 1622 1869 Θεὸν
1649 1815 1806 1879 ἐλπὶς
1827 1815 1934 1872 τῶν

338 1903 538 1958 κακῶν
563 1903 884 1976 ἐλευθερίαν
916 1905 1139 1974 ἀγαθῶν
1163 1923 1226 1960 τε
1257 1908 1479 1962 πάντων
1505 1907 1808 1979 παρουσίαν
1829 1923 1931 1977 χαο

344 1997 580 2070 ρίζεται.

909 2089 1206 2146 ΨΑΛΜΟΣ
1242 2092 1370 2146 NE'.

417 2199 439 2234 ι
470 2182 564 2246 Εἰς
599 2182 660 2236 τὸ
693 2182 868 2249 τέλος,
897 2182 1039 2254 ὑπὲρ
1075 2181 1172 2235 τοῦ
1202 2180 1331 2236 λαοῦ
1356 2181 1454 2235 τοῦ
1479 2181 1590 2236 ἀπὸ
1619 2181 1731 2236 τῶν
1760 2180 1932 2251 ἁγίων

345 2274 846 2346 μεμακρυμμένου,
877 2293 894 2325 ι
927 2291 982 2330 κ.
1010 2290 1061 2326 τ.
1095 2273 1146 2327 λ.

415 2368 574 2418 Δοκεῖ
610 2383 726 2427 πως
774 2364 998 2418 ἐναντία
1032 2360 1170 2418 εἶναι
1217 2364 1319 2434 τῆς
1358 2368 1687 2436 προγραφῆς
1723 2365 1792 2420 τὰ
1831 2366 1932 2437 ῥή-

349 2474 513 2528 ματα.
536 2457 880 2526 Ἐπεδήμησε
918 2457 1018 2525 μὲν
1059 2457 1168 2528 γὰρ
1213 2458 1242 2509 6
1288 2456 1452 2508 Δαϐὶδ
1497 2459 1562 2527 τῇ
1610 2457 1731 2519 Γὲθ,
1768 2456 1932 2526 ἡνίκα

350 2549 460 2602 ἀπὸ
483 2549 657 2602 Σαοὺλ
687 2549 1118 2619 ἐδραπέτευσεν·
1151 2549 1211 2600 οὐ
1243 2548 1352 2618 μὴν
1391 2549 1622 2618 ἐπέσχον
1660 2549 1753 2601 τὸν
1797 2565 1931 2618 προ·

346 2642 527 2711 φήτην
577 2643 625 2693 οἱ
667 2640 993 2708 ἀλλόφυλοι,
1033 2639 1172 2693 ἀλλά
1221 2641 1316 2692 καὶ
1366 2641 1568 2709 μᾶλλον
1615 2641 1928 2706 ἀπώσαντο,

339 2733 538 2804 ἐπειδὴ
588 2733 919 2801 ἐξεστηκότα
970 2733 1064 2784 καὶ
1109 2733 1428 2804 παράφορον
1477 2735 1533 2784 ἐν
1579 2734 1699 2795 ταῖς
1739 2732 1932 2804 θύραις

341 2826 723 2898 κιθαρίζοντα,
754 2828 850 2881 καὶ
884 2825 1062 2879 σίελον
1088 2827 1500 2898 ἀπορρίπτοντα
1530 2827 1623 2880 τοῦ
1663 2827 1931 2896 στόματος

341 2917 702 2988 ὑπεκρίνατο,
740 2917 814 2980 ὠς
846 2919 879 2985 ἡ
915 2917 1100 2986 βίϐλος
1150 2917 1259 2970 τῶν
1307 2917 1611 2970 Βασιλειὼν
1663 2919 1926 2972 δείκνυσι.

340 3009 483 3061 Τινά
529 3008 585 3061 δὲ
633 3009 727 3061 καὶ
775 3008 904 3060 λαὸν
956 3009 1428 3080 μεμακρυμμένον
1456 3010 1565 3062 ἀπὸ
1595 3010 1702 3062 τῶν
1735 3010 1928 3077 ἁγίων,

341 3101 489 3170 ὑπὲρ
511 3096 568 3154 οὗ
599 3099 691 3152 τὸν
714 3099 931 3170 ψαλμὸν
963 3103 991 3153 6
1018 3101 1182 3153 Δαΰὶδ
1211 3101 1440 3172 ἔγραψε,
1470 3102 1762 3171 ζητοῦντες
1789 3102 1929 3156 κατὰ

2049 699 2259 752 ratione
2280 709 2742 752 commoveantur.
2785 691 3056 747 Caeterum
3081 707 3206 747 cum
3249 691 3635 760 ProphetaJu-

2047 790 2128 844 dae
2153 788 2343 844 fecerit
2373 787 2730 852 mentionem,
2780 784 2932 840 visus
2961 793 3046 839 cst
3075 782 3208 838 mihi
3232 784 3458 839 Petrum
3493 800 3634 853 quo-

2045 897 2150 950 que
2183 881 2497 936 necessario
2520 879 2852 943 insinuasse,
2876 887 2936 936 ut
2979 877 3166 947 lapsus
3194 877 3547 933 involuntarii
3579 885 3632 932 et

2045 973 2267 1028 sceleﬁs
2311 972 2605 1028 voluntarii
2647 970 3015 1026 dillerentiam
3073 969 3360 1025 indicaret.
3409 967 3632 1022 Petrum

2044 1064 2190 1118 enim
2224 1072 2349 1134 post
2377 1064 2685 1133 negationis
2730 1063 2943 1132 lapsum
2969 1062 3238 1124 excitans,
3261 1069 3317 1114 et
3351 1060 3416 1114 ad
3453 1059 3630 1130 pmni-

2047 1155 2270 1210 tentiam
2303 1155 2620 1218 adhortans,
2649 1162 2856 1217 monet,
2893 1162 2954 1207 ut
2984 1152 3038 1206 in
3082 1152 3250 1206 Deum
3282 1151 3478 1204 horum
3530 1166 3631 1206 cu—

2043 1265 2159 1305 ram
2181 1248 2454 1318 conjiciat,
2479 1247 2572 1317 qui
2601 1247 2926 1317 discipulum
2953 1262 3051 1316 per
3080 1245 3474 1316 indulgentiam
3493 1259 3631 1300 enu-

2045 1338 2174 1394 trire
2223 1338 2422 1408 possit,
2486 1347 2674 1392 etnon
2730 1337 3095 1406 permissurus
3115 1336 3206 1402 sit,
3240 1343 3297 1389 ut
3330 1335 3510 1402 iustus
3572 1334 3626 1388 in

2040 1440 2243 1485 aeterna
2274 1427 2632 1484 ﬂuctuatione
2656 1436 2939 1494 versetur;
2971 1425 3065 1480 sed
3093 1426 3136 1481 si
3171 1425 3238 1480 ad
3267 1435 3483 1494 tempus
3502 1440 3623 1478 eam

2039 1521 2385 1587 sustinuerit,
2421 1521 2567 1575 illico
2595 1519 2775 1590 ipsum
2812 1520 3143 1573 reducturus
3166 1517 3238 1571 sit
3259 1517 3324 1571 ad
3359 1516 3625 1585 tranquil-

2037 1613 2268 1671 litatem.

2115 1725 2281 1793 «Ego
2302 1732 2483 1777 autem
2506 1722 2740 1792 sperabo
2793 1720 2848 1774 in
2882 1729 2955 1785 te,
2999 1719 3251 1773 Domine.
3285 1737 3302 1769 ι

2112 1813 2314 1869 Fidelis
2359 1815 2461 1868 hoc
2489 1813 2672 1867 dicat:
2701 1807 2829 1864 nam
2870 1808 2996 1880 spes
3031 1810 3086 1863 in
3140 1808 3308 1864 Deum
3355 1808 3625 1864 malorum

1990 1874 2416 1961 ‘liberationem
2467 1913 2525 1960 et
2603 1905 2886 1959 bonorum
2931 1903 3180 1957 omnium
3251 1901 3466 1972 copiam
3520 1901 3627 1954 lar-

2035 1993 2202 2064 gitur.

2595 2082 2914 2139 PSALMUS
2942 2081 3053 2138 LV.

2101 2166 2264 2236 Vens.
2326 2169 2377 2224 Ι.
2407 2187 2427 2222 ι
2491 2167 2553 2224 ιιι
2581 2169 2769 2234 funem,
2799 2185 2916 2246 pro
2952 2167 3156 2239 populo
3203 2167 3296 2239 qui
3351 2183 3384 2222 a
3415 2170 3624 2227 sanctis

2031 2257 2189 2330 longe
2207 2257 2381 2313 factus
2410 2265 2516 2324 est,
2558 2277 2576 2311 ι
2614 2267 2718 2313 etc.

2100 2350 2274 2406 Verba
2307 2350 2448 2405 tituli
2475 2350 2729 2406 videntur
2756 2348 3160 2419 quodammodo
3183 2363 3302 2405 esse
3323 2353 3619 2406 contraria.

2035 2442 2314 2511 Siquidem
2351 2441 2520 2496 David
2545 2441 2798 2511 pervenit
2825 2441 2881 2496 in
2923 2440 3086 2507 Geth,
3124 2441 3344 2510 quando
3401 2443 3619 2498 Saulem

2032 2533 2308 2604 fugiebat;
2336 2548 2445 2587 non
2474 2541 2654 2586 tamen
2681 2531 3006 2600 prophetam
3064 2531 3384 2602 alienigenae
3418 2533 3622 2587 retine-

2031 2625 2183 2687 bant,
2208 2625 2339 2694 quin
2363 2625 2544 2693 potius
2565 2622 2931 2691 expellebant,
2947 2622 3071 2692 quia
3099 2637 3158 2676 se
3178 2632 3450 2678 amentem
3472 2633 3526 2678 et
3544 2625 3624 2678 in-

2032 2732 2225 2773 sanum
2259 2716 2549 2772 simulabat
2574 2717 2630 2769 in
2663 2715 2833 2784 portis
2854 2715 3249 2781 citharizando,
3311 2727 3363 2770 et
3395 2717 3620 2771 salivam

2033 2810 2146 2866 eris
2168 2807 2528 2879 projiciendo,
2557 2807 2635 2860 uti
2685 2806 2823 2861 liber
2848 2805 3057 2876 Regum
3080 2805 3125 2838 "°
3156 2806 3420 2861 declarat.
3445 2807 3620 2872 Quem

2032 2917 2198 2974 porro
2224 2902 2484 2973 populum
2524 2917 2553 2955 a
2585 2900 2788 2955 sanctis
2821 2899 3133 2969 elongatum
3155 2899 3324 2964 dicat,
3381 2915 3480 2970 pro
3510 2914 3621 2969 quo

2032 2991 2202 3046 David
2235 2992 2504 3061 psalmum
2583 2992 2887 3062 scripserit,
2956 2992 3260 3048 secundum
3330 2992 3618 3046 histuriam

2033 3095 2361 3153 quaerentes,
2386 3099 2497 3139 non
2521 3083 2678 3139 facile
2712 3085 3070 3155 reperiemus.
3130 3083 3497 3150 Quamobrem
3529 3098 3622 3138 ne-

339 3193 445 3260 τὴν
485 3191 725 3262 ἱστορίαν
747 3231 758 3253 ,
795 3192 893 3260 οὐχ
924 3192 1255 3260 εὑρήσομεν.
1287 3191 1495 3244 Οὐκοῦν
1541 3193 1757 3263 ἀνάγκη
1803 3209 1926 3261 νοη-

2038 3193 2184 3232 cesso
2214 3179 2443 3233 esthaec
2497 3178 2818 3248 spiritaliter
2881 3177 3074 3248 accipi,
3113 3187 3279 3248 prout
3329 3192 3360 3230 a
3413 3176 3620 3246 Spiritu

337 3284 450 3346 τῶς
467 3283 660 3347 ταῦτα,
686 3285 876 3353 ὥσπερ
904 3283 967 3355 δὴ
988 3283 1066 3353 τῷ
1093 3283 1372 3353 Πνεύματι
1393 3283 1726 3353 γέγραπται,
1751 3302 1931 3356 παρα-

336 3375 617 3446 δέχεσθαι.
636 3375 808 3446 ’Υπὲρ
838 3376 948 3447 γὰρ
969 3373 1062 3428 τοῦ
1096 3373 1226 3428 λαοῦ
1257 3375 1365 3429 τῶν
1395 3375 1568 3430 ὲθνῶν
1597 3376 1688 3430 τὸν
1712 3376 1927 3446 ψαλμὸν

336 3471 369 3522 6
407 3470 699 3539 Προφήτης
733 3468 1106 3539 συνέγραψεν,
1136 3469 1283 3532 ὅστις
1316 3471 1787 3540 μεμακρυμμένος
1820 3472 1928 3524 ἀπὸ

337 3558 451 3610 τῶν
481 3558 651 3626 ἁγίων
679 3557 1010 3628 ἐτύγχανενο
1047 3558 1302 3628 οὐδεμιᾶς
1331 3560 1440 3629 γὰρ
1473 3561 1759 3622 κοινωνίας
1789 3561 1926 3632 πρὸς

339 3651 693 3722 πατριάρχας
745 3650 778 3721 ἢ
833 3652 1122 3722 προφήτας
1174 3650 1490 3720 ἐκέκτηντο.
1510 3652 1648 3704 Ἀλλ’
1672 3654 1823 3723 ὅμως
1875 3655 1926 3707 οἱ

342 3743 566 3814 μακρὰν
608 3742 800 3811 ἐγγὺς,
836 3739 984 3795 καθά
1025 3758 1191 3812 φησιν
1235 3743 1264 3794 6
1305 3740 1538 3806 Παῦλος,
1570 3744 1804 3812 ἐγένετο,
1835 3745 1925 3798 ὅτε

335 3836 434 3889 τὸν
460 3835 578 3888 νέον
604 3835 768 3888 Δαὸὶδ
799 3833 1113 3905 ἐκράτησαν
1141 3837 1190 3889 οί
1219 3835 1506 3906 ἀλλόφυλοι
1532 3838 1591 3890 ἐν
1619 3837 1658 3888 Γ
1661 3836 1742 3902 ὲθ,
1761 3853 1926 3889 τουτο

334 3927 491 3982 ἐστιν
517 3931 576 3982 ἐν
599 3931 667 4000 τῇ
698 3927 845 4000 ληνῷ
878 3928 1088 3998 (ληνὸς
1135 3931 1241 4001 γὰρ
1277 3931 1311 4000 ἡ
1337 3931 1376 3982 Γ
1379 3929 1437 3983 ὲθ
1493 3932 1878 4005 ἑρμηνεύεται)
1906 3950 1920 3966 ο

336 4018 502 4089 ληνὸς
528 4019 587 4072 δέ
623 4019 719 4073 καὶ
750 4020 784 4092 ἡ
821 4018 1140 4091 Ἐκκλησία,
1168 4019 1256 4073 διὰ
1279 4021 1370 4075 τὸν
1391 4022 1547 4088 Θεὸν,
1579 4023 1672 4076 τὸν
1703 4026 1760 4077 ἐν
1783 4026 1919 4098 αύτῇ

335 4109 741 4178 ληνοσατοῦντα
793 4111 854 4163 τὸ
915 4113 1251 4183 μυστήριον,
1285 4113 1525 4182 λέγεται,
1561 4116 1639 4180 ὡς
1686 4117 1775 4172 διὰ
1821 4119 1925 4188 τῆς

350 4202 576 4255 Ἡσαΐου
611 4201 973 4273 προφητείας,
1012 4206 1216 4272 Ληνὸν
1240 4205 1516 4274 ἑπάτησα
1539 4209 1748 4277 μόνος,
1792 4209 1923 4281 βοή-

335 4314 440 4359 σας
467 4295 783 4366 εὑρίσκεται
803 4314 817 4328 ο
851 4295 994 4349 ὥστε
1038 4296 1175 4369 πρὸς
1218 4299 1380 4352 αὑτὸν
1408 4299 1507 4364 τὰς
1538 4301 1648 4354 τῶν
1679 4302 1922 4372 οὐρανῶν

331 4386 597 4457 δυνάμεις
629 4384 698 4440 τὰ
725 4387 824 4457 τῆς
850 4388 1022 4459 αὐτῆς
1049 4389 1390 4460 προφητείας
1413 4391 1870 4461 ἀντιφθέγγεσθαι
1904 4407 1920 4424 ⁸

326 4480 435 4534 Διὰ
470 4481 526 4532 τί
566 4495 684 4534 σου
723 4480 942 4550 ἐρυθρὰ
982 4481 1055 4542 τὰ
1093 4482 1326 4551 ἱμάτια,
1367 4484 1464 4537 καὶ
1500 4487 1574 4539 τὰ
1617 4486 1922 4555 ἐνδύματιί

329 4587 475 4634 σου,
505 4571 587 4636 ὡς
617 4572 734 4626 ἀπὸ
763 4573 1031 4640 πατητοῦ
1070 4574 1264 4642 ληνοῦ
1303 4575 1544 4645 πλήρης
1575 4593 1918 4633 καταπεπα-
1952 4559 1996 4615 D

330 4661 596 4730 τημένου
613 4679 635 4727 ;

412 4768 432 4800 ι
457 4750 708 4822 Ἐλέησόν
738 4770 828 4824 με,
859 4756 887 4808 6
915 4754 1067 4821 Θεὸς,
1107 4755 1190 4810 ὅτι
1219 4757 1571 4829 κατεπάτησέ
1611 4776 1700 4829 με.
1736 4779 1755 4813 ι

400 4920 672 4986 Πολλάκις
720 4923 777 4977 δὲ
825 4925 921 4978 καὶ
971 4929 999 4980 ὁ
1049 4928 1208 4997 ἡμῶν
1237 4930 1524 5001 ἄνθρωπος
1554 4933 1646 4986 τὸν
1673 4934 1915 5003 χαλεπὸν

324 5015 517 5069 τοῦτον
549 5017 842 5086 ὑφίσταται
865 5019 988 5073 πόλε
1001 5038 1121 5091 μον,
1141 5021 1267 5092 ὃλην
1289 5023 1386 5094 τὴν
1409 5025 1621 5096 ἡμέραν
1647 5027 1796 5098 παρά
1817 5026 1913 5082 τοῦ

331 5109 546 5162 Σατανᾶ
576 5110 988 5181 πολεμούμενος
1010 5153 1026 5175 ,
1058 5114 1152 5166 καὶ
1183 5115 1315 5187 παρ’
1338 5117 1502 5170 αὑτοῦ
1548 5118 1910 5190 πατούμενος.

327 5198 394 5252 Et
425 5201 533 5270 γὰρ
565 5201 658 5255 καὶ
686 5203 975 5271 ἀνθρώπου
1005 5205 1034 5257 ὁ
1065 5206 1281 5275 ψαλμὸς
1321 5210 1750 5280 ἐμνημόνευσεν,
1786 5213 1916 5267 ἀλλ’

324 5291 479 5360 ὃμιεις
505 5290 594 5344 τὸν
629 5293 879 5345 Σατανᾶν
928 5294 1090 5347 αὐτὸν
1112 5334 1125 5358 ,
1155 5294 1329 5360 οὕτως
1373 5299 1431 5350 ἐν
1465 5301 1530 5370 τῇ
1563 5300 1683 5372 θείᾳ
1713 5302 1908 5372 Γραφῇ

324 5379 589 5444 πολλάκις
608 5380 1028 5452 ὀνομαζόμενον,
1059 5383 1093 5456 ἦ
1122 5401 1244 5438 τινα
1272 5386 1378 5439 τῶν
1403 5388 1596 5460 ἐκείνῳ
1623 5407 1916 5462 στρατευο-

325 5476 508 5547 μένων
559 5474 879 5530 αἰνίττεται.
913 5477 1060 5546 Πλὴν
1121 5479 1216 5531 καὶ
1264 5479 1357 5533 τὸν
1403 5482 1530 5536 λαὸν
1578 5483 1687 5538 τῶν
1737 5485 1910 5539 ἐθνῶν

321 5566 499 5620 ταῦτα
527 5565 856 5636 ὑποψάλλειν
887 5567 1168 5638 ἁρμόδιον,
1204 5573 1384 5644 χρόνῳ
1429 5574 1610 5646 πολλῷ
1657 5576 1762 5629 ὑπὸ
1810 5577 1907 5632 τοῦ

318 5658 542 5714 Σατανᾶ
564 5657 931 5728 ἀπατηθέντα,
958 5660 1049 5711 καὶ
1081 5660 1170 5712 τὸν
1200 5665 1330 5733 παρ’
1361 5663 1528 5717 αὐτοῦ
1560 5665 1796 5736 πόλεμον
1819 5668 1910 5722 διὰ

395 5840 441 5873 ⁴⁰
472 5839 653 5911 chg.
681 5859 792 5911 xxx,
821 5846 904 5912 l3,
977 5845 1017 5877 “
1053 5846 1253 5915 Ephcs.
1285 5863 1342 5911 ιι,
1372 5847 1457 5902 15.
1539 5849 1582 5882 ⁸³
1612 5850 1715 5906 lsa.
1745 5870 1816 5920 τι,
1848 5853 1898 5908 5.

2037 3279 2227 3325 sancto
2265 3270 2466 3340 scripta
2497 3280 2648 3325 sunt.
2679 3271 2814 3325 Nam
2836 3272 3105 3341 psalmum
3159 3269 3309 3324 hunc
3344 3268 3618 3339 Propheta

2035 3361 2363 3430 conscripsit
2383 3376 2482 3431 pro
2539 3361 2742 3433 populo
2778 3375 2810 3415 e
2857 3361 3132 3432 gentibus,
3187 3360 3280 3432 qui
3325 3375 3359 3417 a
3413 3359 3623 3420 sanctis

2035 3447 2194 3517 longe
2217 3447 2391 3502 factus
2423 3447 2566 3502 fuit:
2602 3448 2805 3501 nullam
2837 3448 2982 3502 enim
3033 3465 3157 3503 cum
3185 3451 3512 3519 patriarchis
3565 3463 3623 3508 et

2033 3540 2321 3609 prophetis
2381 3539 2655 3594 habebant
2697 3539 3273 3596 communicationem.
3330 3542 3622 3600 Verumta-

2032 3631 2270 3700 menqui
2300 3639 2456 3685 erant
2508 3631 2665 3700 longe
2701 3630 2766 3695 “,
2797 3639 2857 3685 ut
2900 3630 3099 3687 Paulus
3146 3632 3242 3696 ait,
3300 3633 3428 3688 facti
3487 3645 3620 3690 sunt

2030 3739 2220 3794 prope.
2251 3723 2468 3792 quando
2497 3738 2701 3781 novum
2725 3722 2983 3778 Davidcm
3015 3727 3620 3798 ceperuntalienigente

2030 3814 2086 3868 in
2119 3812 2284 3879 Geth,
2319 3814 2423 3870 hoc
2456 3824 2541 3869 est
2569 3814 2622 3870 in
2675 3816 2936 3871 torculari
3014 3815 3172 3886 (Gelli
3203 3819 3348 3872 enim
3381 3820 3618 3873 torcular

2030 3905 2470 3976 interpretatur).
2495 3893 2765 3962 Cancrum
2792 3908 3026 3963 torcular
3043 3908 3203 3963 etiam
3235 3909 3476 3966 Ecclesia
3529 3912 3616 3966 di-

2029 3998 2171 4054 citur
2195 4006 2414 4068 propter
2444 3997 2651 4064 Deum,
2691 3999 2787 4068 qui
2811 3999 2866 4053 in
2909 4014 2973 4054 ea
3009 4015 3114 4055 ceu
3141 4002 3394 4056 torculari
3428 4017 3615 4057 sacra-

2028 4095 2274 4144 mentum
2306 4087 2574 4157 expressit
2598 4107 2610 4152 ;
2636 4088 2777 4144 sicut
2812 4105 2908 4159 per
2930 4089 3063 4146 illud
3089 4091 3239 4146 Isaia:
3260 4091 3611 4150 vaticinium:

2027 4177 2282 4234 Torcular
2311 4177 2511 4238 calcaui
2537 4178 2700 4245 solus,
2734 4180 3082 4237 exclamasse
3120 4184 3427 4252 reperitur;
3453 4185 3525 4239 ita
3552 4193 3613 4240 ut

2024 4270 2093 4326 ad
2110 4271 2288 4340 ipsum
2319 4271 2569 4328 caelestes
2594 4270 2836 4330 Virtutes
2856 4274 3011 4344 quasi
3043 4275 3435 4346 interrogando
3459 4277 3612 4332 dice-

2025 4372 2148 4418 rent
2186 4380 2199 4414 :
2228 4363 2406 4429 Quare
2422 4365 2584 4420 rubra
2604 4375 2724 4424 sunt
2748 4367 3054 4424 vestimenta
3083 4376 3196 4432 tua,
3225 4376 3274 4422 et
3297 4369 3609 4422 indumenta

2025 4464 2139 4521 tua,
2202 4457 2338 4510 sicut
2369 4473 2402 4510 α
2465 4456 2671 4511 calcato
2705 4457 2960 4513 torculan‘
3006 4458 3160 4528 pleno
3205 4459 3610 4515 conculcata"?

2095 4761 2259 4818 Vens.
2301 4764 2357 4818 2.
2395 4783 2414 4816 ι
2462 4765 2723 4822 Miserere
2747 4768 2881 4837 mei,
2903 4768 3068 4839 Deus,
3097 4773 3355 4842 quoniam
3378 4779 3607 4835 concul-

2022 4855 2164 4910 cavit
2193 4872 2300 4910 me.
2340 4875 2359 4906 ι

2093 4948 2487 5018 Saepenumero
2509 4951 2674 5006 etiam
2706 4963 2895 5010 noster
2924 4955 3090 5012 homo
3117 4957 3335 5014 ditlicile
3360 4959 3464 5015 hoc
3482 4961 3601 5017 bel-

2018 5039 2132 5096 lum
2156 5041 2411 5105 sustinet,
2440 5057 2470 5096 a
2500 5043 2701 5100 Satana
2726 5055 2840 5101 toto
2857 5048 2944 5103 die
2975 5060 3342 5120 oppugnatus,
3363 5062 3416 5108 et
3445 5055 3514 5109 ab
3534 5069 3602 5109 eo

2015 5132 2388 5186 conculcatus.
2431 5132 2541 5189 Etsi
2575 5135 2723 5190 enim
2751 5136 2840 5191 hic
2866 5139 3108 5206 psalmus
3136 5140 3374 5194 hominis
3399 5141 3600 5196 memi-

2017 5220 2188 5286 nerit,
2231 5219 2395 5275 simul
2427 5231 2610 5276 tamen
2648 5223 2826 5293 ipsum
2856 5224 3132 5290 Satanam,
3174 5227 3266 5296 qui
3299 5227 3354 5280 in
3414 5228 3598 5288 divina

2017 5310 2301 5382 Scriptura
2364 5313 2680 5385 frequenter
2723 5317 2828 5372 hoc
2855 5319 3076 5373 nomine
3119 5320 3448 5389 appellatur,
3501 5332 3598 5380 aut

2017 5404 2214 5460 ducem
2252 5406 2492 5476 aliquem
2519 5409 2622 5479 ipsi
2674 5411 3089 5466 subordinatum
3141 5413 3404 5471 insinuat.
3451 5416 3596 5483 Quin

2016 5495 2129 5552 imo
2159 5508 2597 5556 consentaneum
2629 5502 2721 5564 sit.
2758 5504 2874 5558 hare
2903 5505 3163 5575 populum
3196 5522 3413 5577 quoque
3463 5525 3598 5580 gen.

2016 5586 2151 5642 tium
2180 5593 2496 5658 succinere;
2522 5602 2710 5663 utpote
2739 5594 2901 5668 longo
2933 5607 3178 5668 tempore
3211 5615 3239 5652 a
3275 5600 3476 5656 Satana
3499 5603 3596 5656 de.

2017 5688 2267 5770 ceptum,
2282 5683 2638 5756 ejusdemque
2658 5687 2859 5744 bellum
2917 5706 3013 5760 per
3034 5691 3340 5748 daunonum
3370 5695 3596 5750 insidias
