3950 6446
367 393 501 458 Ιὲῑῖ

1534 388 1831 450 HESYCil
1845 386 1897 445 il
1943 385 2420 448 PRESBYTERI

3504 381 3641 447 122$

364 502 757 570 sustinentem;
789 517 928 574 quos
948 502 1005 559 in
1036 499 1395 574 sequentibus
1425 498 1732 564 insinuans,
1769 497 1948 553 mani-

2069 498 2152 567 τῆς
2182 497 2290 551 τῶν
2315 498 2584 570 δαιμόνων
2603 497 2894 568 ἐπιϐουλῆς
2913 495 3310 566 ὐπομείναντα,
3331 493 3425 558 οὓς
3450 495 3510 549 ἐν
3530 495 3640 559 τοῖς

365 595 559 652 festius
575 596 868 665 expressit.

438 685 603 743 Vens.
632 688 694 742 -5,
722 705 740 738 ι
779 686 1254 742 Conculcaverunt
1290 701 1380 740 me
1414 683 1617 739 inimici
1651 681 1779 738 mei.
1818 699 1838 735 s

434 779 555 835 Non
574 794 747 833 unam
778 778 923 834 diem
942 779 1095 845 dicit,
1126 779 1221 835 sed
1253 777 1435 834 omnis
1469 775 1737 845 temporis
1756 774 1947 828 laben-

370 870 441 926 tis
471 870 730 941 spatium,
763 869 1099 940 quoinimiei
1130 867 1301 923 nostri
1353 866 1675 937 spirituales
1734 864 1803 918 ab
1842 862 1952 917 alte

368 977 472 1017 nos
530 976 850 1032 oppugnare
897 970 952 1016 et
984 960 1310 1015 conculcare
1372 956 1596 1012 minime
1636 966 1952 1011 cessarunt.

367 1054 776 1110 Conculcarunt
807 1061 989 1107 autem
1009 1092 1025 1118 ,
1080 1050 1396 1121 quomodo?
1426 1048 1531 1104 Per
1581 1048 1945 1103 idololatrian

367 1153 424 1200 et
455 1146 763 1215 voluptates
811 1144 947 1199 alios
984 1144 1436 1214 supplantantes,
1492 1151 1549 1198 et
1604 1142 1951 1213 postmodum

365 1239 655 1310 prostratis
675 1237 1030 1293 insultantes.
1095 1238 1205 1293 Nos
1252 1238 1437 1308 itaque
1489 1252 1833 1308 nequaquam
1884 1237 1952 1292 ad

368 1339 595 1394 terram,
624 1329 677 1385 id
705 1339 813 1394 est,
837 1329 912 1384 ad
956 1338 1175 1385 terrena
1205 1339 1652 1401 prostema'mur;
1694 1338 1752 1384 et
1792 1343 1954 1384 nemo

367 1438 469 1477 nos
494 1422 696 1491 poterit
718 1421 1050 1477 conculcare
1085 1440 1097 1475 :
1126 1423 1221 1477 sed
1244 1437 1423 1492 neque
1455 1420 1708 1477 inimicos
1735 1430 1956 1477 nostros

367 1512 694 1567 excelsiores
710 1511 825 1566 ﬁeri
858 1512 1263 1582 permittamus,
1307 1512 1404 1568 sed
1428 1513 1697 1567 virtutum
1754 1512 1955 1567 scalam

367 1603 825 1667 conscendentes,
879 1603 1209 1660 insidiantes
1248 1604 1409 1660 nobis
1473 1603 1609 1676 ipsis
1665 1604 1957 1660 inferiores

367 1692 684 1750 efﬁciamus.

439 1785 604 1841 Vens.
645 1788 699 1842 4.
725 1806 745 1840 ι
773 1785 891 1842 Diei
920 1803 1030 1842 non
1055 1788 1315 1845 timebo»

2052 588 2179 660 ἐξῆς
2217 589 2549 660 σαφέστερον
2600 590 2804 661 ἔφησεν
2836 588 3233 657 αἰνιττόμενος.

2128 705 2149 739 ι
2176 686 2586 757 Κατεπάτησὰν
2612 704 2704 758 με,
2734 687 2783 739 οἰ
2819 684 3002 757 ἐχθροί
3032 701 3160 754 μου.
3188 701 3210 735 s

2112 781 2196 834 Οὐ
2229 780 2362 851 μίαν
2383 780 2599 852 ἡμέραν
2621 779 2793 849 λέγει,
2814 779 2954 833 ἀλλὰ
2974 777 3071 831 τοῦ
3094 777 3291 847 χρόνου
3322 771 3532 837 παντὸς
3553 770 3648 826 τοῦ

2052 872 2359 944 φθάσαντος
2386 871 2449 926 τὸ
2478 872 2779 942 διάστημα,
2800 871 2856 923 ἐν
2882 861 2929 937 ᾧ
2957 869 3004 923 οἱ
3039 866 3227 938 ἐχθροὶ⁸
3257 864 3418 936 ἡμῶν
3447 866 3497 917 οἱ
3529 879 3652 931 von-

2050 967 2137 1021 τοὶ
2171 965 2263 1035 ἀφ’
2287 964 2457 1035 ῦψους
2499 965 2649 1035 ἡμᾶς
2690 959 3059 1032 πολεμοῦντες
3091 959 3186 1012 καὶ
3218 956 3524 1018 πατοῦντες
3551 954 3653 1006 οὐκ

2055 1059 2382 1114 ἐπαύσαντο.
2399 1056 2757 1112 Κατεπάτουν
2790 1054 2871 1107 δέ’
2923 1051 3081 1116 πῶςς
3118 1048 3216 1102 Διά
3238 1050 3336 1117 τῆς
3364 1044 3653 1100 εἰδωλολα-

2053 1151 2210 1222 τρίας
2236 1150 2334 1205 καὶ
2359 1148 2469 1202 τῶν
2498 1147 2701 1219 ἡδονῶν
2719 1187 2737 1213 ,
2770 1146 2881 1198 τῶν
2920 1143 3100 1198 ἄλλων
3132 1140 3486 1202 σκελίσαντες
3505 1179 3520 1196 .
3556 1136 3655 1190 καὶ

2058 1244 2196 1315 μετά
2214 1241 2375 1296 τοῦτο
2398 1239 2676 1310 κειμένοις
2698 1236 3148 1305 ἐπεμϐαίνοντες.
3166 1232 3259 1302 Μὴ
3279 1230 3464 1284 τοίνυν
3484 1230 3654 1300 ἡμεῖς

2057 1334 2436 1405 σκελισοῶμεν
2484 1334 2564 1396 εἰς
2607 1332 2734 1400 γῆν,
2767 1326 3072 1391 τουτέστιν,
3101 1327 3183 1388 εἰς
3210 1322 3281 1377 τά
3312 1322 3511 1393 γήῑνα·
3559 1320 3657 1373 καί
3692 1384 3697 1387 η

2054 1427 2235 1489 οὐδεὶς
2288 1426 2440 1495 ἡμᾶς
2491 1419 2886 1489 καταπατῆσαι
2934 1417 3269 1488 δυνήσεται’
3318 1411 3463 1467 ἀλλά
3510 1410 3658 1481 μηδέ

2053 1519 2182 1580 τούς
2213 1517 2442 1587 ἐχθροὺς
2464 1513 2623 1587 ἡμῶν
2660 1509 3029 1583 ὑψηλοτέρους
3059 1504 3317 1576 γενέσθαι
3355 1503 3657 1573 συγχωρὴ-

2060 1628 2262 1682 σωμεν,
2298 1609 2435 1663 ἀλλά
2483 1607 2593 1661 τῶν
2635 1606 2851 1679 ἀρετῶν
2897 1602 3202 1663 ἀναϐάντες
3247 1600 3341 1652 ἐπὶ
3376 1597 3655 1666 κλίμακα,

2057 1703 2406 1774 κατωτέρους
2439 1698 2651 1754 ἑαυτῶν
2679 1700 2807 1762 τοὺς
2834 1694 3158 1761 ἐπιϐούλους
3187 1693 3533 1762 ποιήσωμεν.

2131 1814 2155 1847 s
2180 1795 2426 1866 Ἡμέρας
2449 1793 2521 1847 οὐ
2555 1791 2962 1862 φοϐηθήσομαι.
2994 1805 3018 1839 s

452 1876 510 1932 Si
533 1879 701 1944 cnim,
732 1880 928 1951 inquit,
961 1880 1016 1935 in
1043 1881 1250 1936 lumine
1278 1881 1642 1949 ambulemus,
1678 1890 1734 1937 et
1754 1881 1810 1936 in
1844 1880 1955 1949 die,

2129 1886 2259 1940 Ἐὰν
2285 1887 2416 1957 γὰρ,
2451 1883 2642 1954 φησὶν,
2673 1884 2732 1936 ἐν
2776 1880 2856 1950 τῷ
2901 1879 3044 1949 φωτὶ
3099 1873 3525 1949 περιπατῶμεν,
3553 1869 3663 1925 καὶ

368 1970 830 2041 quemadmodum
907 1972 1109 2028 Paulus
1173 1973 1272 2037 ait,
1334 1973 1567 2028 honeste
1591 1972 1956 2029 ambulaveri-

368 2079 513 2129 mus,
562 2067 762 2120 merito
815 2065 1094 2120 neminem
1130 2064 1510 2121 insidiantium
1569 2064 1954 2132 formidamus,

368 2163 590 2211 utentes
640 2154 909 2210 adversus
979 2154 1129 2225 ipsos
1167 2164 1469 2212 armatura
1509 2154 1635 2211 ﬁdei
1658 2163 1713 2211 et
1744 2154 1861 2227 spei
1901 2155 1957 2210 in

370 2249 564 2303 Deum.

436 2337 603 2392 Vens.
634 2337 687 2392 5.
734 2356 757 2390 ι
783 2335 847 2391 in
880 2336 994 2392 Deo
1023 2336 1279 2392 laudabo.
1304 2355 1329 2389 ιι

432 2428 575 2484 Cum
622 2427 805 2482 omnis
839 2442 1045 2492 sermo,
1083 2427 1174 2498 qui
1226 2426 1321 2483 Dei
1365 2428 1652 2484 notionem
1688 2427 1958 2494 continet,

365 2522 529 2578 laude
563 2538 628 2577 ac
656 2520 1027 2577 celebratione
1073 2520 1272 2592 dignus
1318 2521 1417 2585 sit,
1457 2521 1582 2591 ipsi,
1612 2520 1808 2592 inquit,
1836 2530 1962 2575 tan-

366 2627 528 2682 quam
556 2609 767 2665 auctori
792 2609 981 2663 laudes
1010 2608 1373 2663 exhibeamtts
1405 2627 1419 2663 :
1456 2619 1511 2664 et
1536 2625 1878 2680 quacunque
1905 2609 1962 2663 in

366 2703 490 2774 ipso
516 2703 820 2772 loquimur,
848 2701 966 2756 hac
997 2701 1139 2755 bene
1169 2699 1379 2771 dirigit,
1412 2715 1479 2756 ac
1499 2701 1707 2755 merito
1734 2700 1967 2755 retribu-

369 2797 522 2851 tione
547 2795 710 2864 digna
738 2792 1046 2849 constituit.
1072 2790 1243 2847 Porro
1258 2808 1480 2847 carnem
1503 2792 1818 2863 frequenter
1840 2807 1959 2849 oar-

368 2890 522 2944 srales
572 2887 806 2943 affectus
857 2894 914 2939 et
954 2884 1263 2955 voluptates
1315 2884 1424 2940 dici
1483 2886 1853 2956 reperiemus;
1894 2888 1965 2954 ζιιι

368 2980 589 3052 quando
607 2978 806 3033 Paulus
831 2976 941 3031 ait:
970 2975 1090 3031 Seio
1115 2977 1253 3031 enim
1276 2976 1404 3048 quia
1437 2992 1543 3031 non
1565 2978 1769 3032 habitat
1784 2979 1838 3032 in
1860 2994 1962 3045 me,

370 3080 466 3126 hoc
497 3080 572 3125 est
620 3072 675 3125 in
716 3086 882 3125 carne
913 3085 1054 3134 mea,
1091 3069 1280 3123 bonum
1302 3068 1388 3136 “;
1442 3084 1588 3140 saepe
1620 3084 1753 3125 vero
1798 3069 1963 3125 etiam

370 3161 884 3228 hominem.;-sicut
925 3160 1090 3215 etiam
1141 3160 1309 3215 David
1355 3159 1492 3214 dixit
1520 3177 1534 3213 :
1562 3159 1646 3214 Ad
1690 3168 1740 3215 te
1787 3162 1959 3216 omnis

369 3271 497 3308 caro
519 3253 693 3308 ueniet
712 3253 778 3308 ⁸⁵.
806 3251 951 3324 Spes
984 3252 1146 3324 igitur
1174 3251 1271 3307 Dei
1301 3262 1357 3308 et
1380 3252 1719 3323 voluptatem
1752 3252 1953 3320 frenat,
1983 3233 2025 3292 ο

369 3356 426 3403 et
480 3346 764 3401 inimicum
818 3345 1099 3401 hominem
1147 3354 1482 3413 coercet,et
1518 3346 1811 3417 utrobique
1858 3361 1960 3401 nos

370 3438 548 3494 reddit
588 3437 1010 3507 imperterritus.

443 3528 605 3585 Vsus.
634 3529 687 3585 6.
734 3549 755 3581 ι
787 3528 924 3584 Tota
951 3528 1041 3584 die
1066 3528 1234 3584 verba
1260 3543 1403 3585 mea.
1435 3548 1455 3582 ι

440 3622 727 3678 Hanil‘este
782 3623 1083 3678 etiamnum
1135 3621 1354 3678 Iudaeos
1415 3622 1597 3678 innuit
1644 3641 1658 3679 :
1709 3623 1767 3678 hi
1812 3622 1961 3679 enim

369 3714 536 3771 verba
571 3715 833 3779 ﬁdelium,
861 3715 1030 3770 veluti
1056 3714 1397 3771 inﬁdelitatis
1428 3731 1541 3771 sum
1574 3715 1961 3772 refutationem

370 3808 733 3873 continentia,
764 3822 985 3879 semper
1012 3808 1282 3864 exsecrati
1327 3816 1458 3887 sunt
1490 3826 1504 3863 :
1537 3824 1567 3862 a
1602 3823 1763 3864 mane
1794 3808 1963 3863 nimi-s

370 3914 492 3981 rum
524 3916 696 3970 usque
723 3900 792 3955 ad
822 3914 1109 3971 vesperam
1130 3898 1302 3955 Paulo
1342 3900 1411 3956 ad
1455 3900 1627 3972 ipsos‘
1646 3909 1961 3972 perorante,

371 3989 473 4060 ipsi
525 3992 811 4046 veritatem
869 3992 1142 4047 sermonis
1190 3992 1496 4059 exsecrati,
1546 3992 1958 4060 dissentientes,

372 4082 453 4136 uti
501 4082 677 4137 Lucas
726 4083 822 4148 ait,
885 4082 1244 4137 Discesserunt
1304 4085 1584 4138 adversum
1649 4102 1732 4140 me
1785 4101 1964 4140 omnes

371 4175 716 4246 cogitationes
744 4192 925 4230 corum
959 4176 1014 4228 in
1050 4175 1273 4229 malum.
1309 4174 1459 4230 Nihil
1506 4176 1655 4231 enim
1708 4178 1839 4232 boni
1895 4178 1964 4233 de

374 4268 630 4338 gentibus
652 4267 827 4323 Judaei
857 4268 1100 4339 cogitant
1127 4266 1409 4336 (quoniam
1438 4268 1620 4323 omnis
1650 4267 1815 4326 homo
1846 4285 1966 4326 msh

372 4361 460 4416 lus
484 4362 695 4432 profert
729 4361 957 4432 malum)
996 4368 1055 4415 et
1101 4360 1252 4415 omni
1303 4360 1518 4417 ratione
1556 4375 1660 4417 nos
1709 4361 1964 4435 decipere

373 4462 663 4510 conantur.

446 4661 591 4717 Nihil
618 4670 767 4718 certe
790 4659 1079 4733 prophetia
1099 4659 1204 4715 hac
1225 4657 1593 4714 manifestius.
1613 4657 1786 4715 Judaei
1809 4660 1958 4715 enim

379 4751 771 4822 Hierosolymis
814 4751 976 4822 ejecti
1009 4751 1080 4806 ob
1113 4758 1405 4820 peccatum
1433 4758 1626 4805 contra
1655 4748 1958 4819 Christum,

378 4854 433 4897 et
461 4842 705 4896 universi
732 4842 878 4897 orbis
907 4850 1178 4897 terrarum
1206 4841 1402 4896 incolae
1430 4839 1610 4896 eﬁ'ecti
1638 4839 1963 4913 [dispersio-

376 4934 462 4989 nis
520 4932 711 5007 hujus]
766 4948 990 4988 causam
1030 4931 1391 5004 interrogati,
1446 4932 1593 4988 illam
1645 4934 1856 5002 celant,
1909 4944 1965 4990 et

378 5042 538 5082 suum
580 5042 707 5097 erga
734 5025 1015 5081 Christum
1054 5026 1315 5082 delictum
1350 5026 1667 5094 reticentes,
1697 5028 1803 5084 alia
1831 5044 1964 5099 pec-

376 5128 494 5174 cata
520 5126 845 5189 praetexunt.
877 5115 1038 5172 Certe
1072 5133 1176 5173 nec
1205 5117 1347 5173 idola
1385 5119 1498 5189 jam
1526 5119 1748 5184 colunt,
1780 5134 1962 5187 neque

375 5210 676 5282 prophetas
701 5209 987 5264 occidunt.
1019 5211 1089 5265 At
1114 5224 1215 5265 cur
1239 5210 1458 5266 celant?
1483 5227 1554 5266 ne
1577 5210 1834 5267 videlicet
1865 5227 1963 5267 eo-

377 5317 499 5356 rum
532 5299 811 5356 confessio
852 5299 948 5355 ﬁat
987 5299 1113 5355 ﬁdei
1138 5310 1344 5357 nostra:
1376 5302 1779 5372 comprobatio.
1814 5302 1960 5373 Ipsi,

377 5391 588 5461 inquit,
617 5390 923 5446 calcancum
955 5407 1127 5446 nicum
1158 5392 1523 5447 observabant.
1555 5393 1835 5464 Siquidem
1867 5393 1966 5448 Ju-

376 5483 479 5539 daei
508 5483 676 5538 etiam
705 5483 990 5553 quodlibet
1018 5484 1279 5540 delictum
1312 5495 1564 5541 nostrum
1596 5495 1911 5542 scrutantur
1947 5504 1961 5541 :

378 5582 542 5644 atque
574 5572 648 5628 ita
678 5573 953 5644 intelliges
997 5574 1051 5631 id
1080 5576 1226 5645 quod
1259 5574 1403 5632 Deus
1429 5574 1496 5630 ad
1533 5586 1846 5646 serpentem
1879 5577 1963 5632 di-

380 5664 458 5719 xit
481 5683 496 5718 :
522 5663 641 5733 Ipse
664 5666 958 5722 observabit
983 5678 1142 5738 caput
1173 5678 1342 5737 tuum,
1364 5678 1412 5723 et
1437 5678 1492 5723 tu
1523 5669 1822 5725 observabis
1850 5669 1966 5739 ejus

2059 1978 2116 2031 ἐν
2147 1975 2331 2047 ἡμέρᾳ
2351 2016 2366 2040 ,
2402 1972 2545 2028 καθά
2580 1987 2748 2042 φησιν
2782 1971 2811 2024 ὁ
2840 1966 3078 2032 Παῦλος,
3113 1961 3470 2034 εὐσχημόνως
3497 1975 3664 2030 περι-

2059 2070 2415 2140 πατήσωμεν,
2454 2064 2647 2118 οὐδένα
2693 2060 2805 2115 τῶν
2853 2057 3161 2112 ἐπιϐούλων
3192 2055 3419 2109 εἰκότως
3449 2050 3660 2122 φοϐού-

2062 2162 2202 2233 μεθα
2224 2201 2240 2227 ,
2272 2161 2424 2230 ὅπλῳ
2459 2156 2596 2228 πρὸς
2620 2153 2822 2217 αὐτοὺς
2854 2152 3037 2205 πίστει
3065 2152 3132 2221 τῇ
3164 2151 3245 2211 εἰς
3273 2145 3408 2199 Gai.»
3435 2144 3537 2199 καὶ
3572 2142 3662 2196 ἐλ-

2060 2255 2192 2309 πίδα
2222 2251 2519 2325 χρώμενοι.

2137 2368 2155 2402 ι
2179 2348 2267 2401 Ἐν
2296 2345 2372 2416 τῷ
2402 2341 2522 2414 Θεῷ
2555 2339 2849 2396 ἐπαινέσω.
2876 2356 2902 2390 s

2134 2436 2356 2509 Ἐπειδὴ
2395 2437 2506 2500 πᾶς
2543 2433 2706 2502 λόγος
2733 2426 3067 2499 θεογνωσίαν
3105 2428 3268 2499 ἔχων,
3298 2423 3529 2480 ἐπαίνου
3561 2422 3665 2476 καὶ

2061 2531 2339 2603 εὐφημίας
2387 2527 2559 2595 ἄξιος,
2589 2523 2760 2594 αὐτῷ,
2809 2523 2998 2606 φησὶν,
3030 2518 3106 2583 ὡς
3153 2515 3480 2606 χορηγοῦντι
3499 2515 3665 2606 fuit;

2061 2624 2320 2683 ἐπαίνους
2347 2617 2759 2689 παράσχωμεν
2796 2604 3031 2666 καὶ-ὃσα
3073 2609 3131 2663 ἐν
3175 2607 3326 2677 αὐτῷ
3357 2604 3663 2674 λαλοῦμεν,

2062 2714 2237 2775 ταῦτα
2264 2710 2673 2773 κατευοδοῦται,
2705 2706 2802 2761 καὶ
2826 2702 3056 2765 εἰκότως
3079 2698 3354 2770 ἀποδοχῆς
3383 2696 3666 2766 καθίστη-

2064 2826 2163 2864 κεν
2199 2806 2348 2872 ἀξια.
2384 2803 2582 2871 Σάρκα
2618 2799 2673 2853 δὲ
2711 2797 2972 2859 πολλάκις
3014 2795 3084 2848 τὰ
3110 2791 3356 2865 σαρκικὰ
3382 2790 3536 2859 πάθη
3566 2788 3665 2841 λέ-

2064 2901 2259 2972 γεσθαι
2303 2897 2395 2952 καὶ
2424 2895 2522 2958 τὰς
2560 2891 2756 2964 ἡδονὰς
2790 2888 3135 2959 εὑρήσομεν·
3174 2885 3251 2949 ὡς
3283 2885 3415 2938 ὅταν
3444 2885 3474 2936 ὁ
3502 2879 3662 2934 Παῦ-

2064 2994 2158 3058 λος
2180 3009 2194 3024 ’
2218 2987 2362 3045 Οἶδα
2384 2988 2495 3057 γὰρ
2517 2985 2605 3039 ὅτι
2638 2984 2750 3038 οὐκ
2781 2980 2934 3036 οἰκεῖ
2958 2980 3029 3033 ἐν
3058 2978 3211 3047 ἐμοὶ,
3226 2974 3567 3040 τουτέστιν,
3587 2971 3666 3027 ἐν·

2064 3086 2141 3154 τῇ
2162 3083 2344 3152 σαρκί
2360 3097 2503 3150 μου,
2533 3076 2792 3147 ἀγαθόν’
2828 3071 3091 3134 πολλάκις
3117 3068 3174 3124 δὲ
3199 3070 3297 3123 καὶ
3325 3068 3417 3122 τὸν
3445 3066 3667 3137 ἀνθρωο

2069 3195 2170 3232 πον
2190 3194 2205 3209 ο
2226 3176 2417 3243 ὥσπερ
2442 3172 2507 3241 δὴ
2524 3170 2618 3224 καὶ
2648 3167 2814 3221 Δαϐὶδ
2842 3164 2996 3232 ἔλεγε
3015 3179 3029 3194 ο
3049 3162 3212 3232 Πρὸς
3223 3161 3299 3216 σὲ
3314 3158 3483 3216 πᾶσα
3498 3158 3663 3230 σὰρξ

2070 3267 2310 3339 ἣξει.⁹[1
2341 3263 2434 3319 τοῦ
2460 3258 2604 3316 Θεοῦ
2645 3258 2828 3312 τοίνυν
2864 3255 3021 3319 ἐλπὶς
3064 3253 3157 3308 καὶ
3197 3252 3299 3324 τὴν
3333 3251 3531 3323 ἡδονὴν
3561 3268 3664 3321 χα-

2073 3363 2235 3425 λινοῖ,
2283 3355 2381 3410 καὶ
2425 3355 2518 3407 τὸν
2568 3349 2763 3422 ἐχθρὸν
2808 3348 3094 3419 ἄνθρωπον
3143 3344 3508 3417 συμποδίζει,
3564 3341 3663 3397 καὶ

2064 3447 2299 3524 ἀφοϐίαν
2337 3445 2471 3517 ἡμῖν
2501 3443 2562 3509 ἐξ
2590 3441 2859 3511 ἐκατέρου
2892 3438 3130 3492 δίδωσιν.

2144 3541 2347 3612 ι”Ολην
2377 3537 2476 3609 τὴν
2508 3535 2725 3607 ἡμέραν
2749 3534 2875 3596 τούς
2905 3531 3098 3599 λόγους
3127 3547 3250 3598 μου.
3288 3548 3307 3580 s

2136 3632 2332 3705 Σαφῶς
2363 3631 2457 3684 καὶ
2498 3627 2595 3682 νῦν
2634 3625 2763 3689 τοὺς
2802 3624 2816 3643 ‘
2842 3622 3092 3684 ουδαίους
3130 3620 3472 3675 αἰνίττεται·
3512 3612 3664 3673 οὗτοι

2062 3727 2173 3799 γὰρ
2201 3725 2327 3788 τοὺς
2348 3722 2544 3791 λόγους
2565 3716 2938 3781 τῶνπιστῶν,
2960 3714 3035 3779 ὼε,
3057 3714 3285 3783 ἔλεγχον
3311 3711 3541 3782 ἔχοντας
3560 3709 3667 3779 τῆς

2064 3819 2243 3876 αὐτῶν
2275 3813 2537 3876 ἀπιστίας
2563 3855 2578 3879 ,
2609 3808 2903 3870 διαπαντὸς
2932 3806 3342 3861 ἐϐδελύττοντοο
3373 3803 3483 3859 ἀπὸ
3512 3800 3666 3872 πρωῒ

2062 3907 2359 3981 τοιγαροῦν
2394 3906 2501 3970 ἓως
2531 3903 2775 3973 ἑσπέρας
2803 3899 2899 3954 τοῦ
2927 3899 3142 3953 Παύλου
3172 3898 3313 3968 πρὸς
3340 3896 3541 3958 αὐτοὺς
3563 3897 3666 3965 ῥη-

2063 4003 2404 4077 τορεύοντος,
2426 4001 2625 4054 ἐκεῖνοι
2649 3996 2751 4068 τὴν
2781 3993 3043 4065 ἀλήθειαν
3074 3992 3168 4046 τοῦ
3197 3991 3359 4059 λόγου
3398 3987 3667 4059 βδελυξέ-

2068 4112 2245 4169 μενοι,
2281 4092 2630 4163 ἀσύμφωνοι,
2660 4086 2805 4143 καθά
2835 4101 3000 4157 φησιν
3026 4087 3055 4138 ὁ
3075 4084 3313 4146 Λουκᾶς.
3331 4079 3667 4150 Ἀνεχὼρηο

2064 4206 2188 4245 σαν
2219 4186 2344 4242 κατ’
2364 4183 2513 4255 ἐμοῦ
2557 4182 2782 4247 πάντες
2811 4182 2865 4234 οἰ
2899 4175 3280 4246 διαλογισμοὶ
3324 4171 3529 4230 αὐτῶν
3573 4172 3665 4239 εἰς

2064 4281 2274 4336 κακόν.
2304 4276 2474 4333 Οὐδὲν
2512 4276 2622 4348 γὰρ
2647 4273 2854 4342 ἀγαθὸν
2883 4271 3014 4336 περὶ
3039 4269 3150 4323 τῶν
3180 4267 3353 4322 ἐθνῶν
3381 4267 3435 4319 οἰ
3465 4266 3666 4329 παῖδες

2062 4372 2176 4427 τῶν
2207 4369 2483 4426 Ἰουδαίων
2508 4364 2820 4436 λογίζονται
2847 4361 3073 4435 (ἐπειδὴ
3109 4362 3218 4423 πᾶς
3246 4357 3536 4430 ἄνθρωπος
3564 4375 3669 4410 πο-

2064 4464 2230 4535 νηρὸς
2261 4461 2530 4534 προφέρει
2558 4457 2619 4512 τὸ
2648 4453 2930 4527 πονηρὸν),
2948 4452 3044 4507 καὶ
3074 4451 3255 4506 πάντα
3279 4449 3484 4521 τρόπον
3514 4449 3668 4519 ἡμᾶς

2066 4555 2351 4625 ἀπατῆσαι
2386 4550 2760 4622 πειράξουσιν.

2137 4667 2305 4722 Οὐδὲν
2354 4665 2463 4736 ἄρα
2513 4663 2615 4734 τῆς
2665 4660 3009 4732 προφητείας
3053 4658 3263 4730 ταύτης
3293 4658 3666 4729 σαφέστερον.

2076 4758 2471 4829 Ἐκϐληοέντες
2500 4755 2611 4827 γὰρ
2639 4754 2740 4823 τῆς
2776 4752 3135 4824 Ἰερουσαλὴμ
3165 4754 3213 4805 οἰ
3242 4750 3351 4804 τῶν
3388 4749 3670 4805 Ἰουδαίων

2064 4847 2276 4911 παῖδες,
2307 4845 2404 4900 καὶ
2441 4846 2697 4916 πάροικοι
2728 4842 2908 4912 πάσης
2936 4843 3038 4911 τῆς
3059 4842 3164 4912 γῆς
3183 4841 3270 4895 διὰ
3297 4839 3400 4912 τὴν
3428 4842 3510 4903 εἰς
3530 4840 3673 4910 Χρι-

2067 4938 2193 4992 στὸν
2248 4934 2524 5007 ἁμαρτίαν
2561 4933 2882 5004 γενόμενοι,
2910 4931 3012 5003 τὴν
3060 4932 3241 4985 αἰτίαν
3286 4929 3667 5002 ἐρωτώμενοι,

2067 5027 2397 5098 κρύπτουσι,
2428 5026 2524 5078 καὶ
2551 5021 2829 5094 ἁμαρτίας
2864 5022 3084 5094 ἐτέρας,
3106 5023 3209 5092 τὴν
3230 5007 3498 5075 κατὰίτδν
3526 5021 3672 5092 Χρι-

2071 5120 2198 5174 στὸν
2235 5117 2572 5182 σιωπῶντες,
2601 5112 3026 5187 προϐάλλονται.
3055 5114 3251 5168 Καίτοι
3288 5114 3427 5184 μήτε
3450 5113 3673 5166 εἰδωλο-

2068 5190 2398 5282 λατροῦντες
2444 5209 2565 5276 νῦν,
2602 5213 2739 5281 μήτε
2790 5209 3082 5278 προφήτας
3134 5206 3479 5276 φονεύοντες.
3513 5205 3672 5276 Κρύ-

2070 5320 2264 5358 πτουσι
2317 5303 2374 5356 δὲ
2423 5302 2570 5367 τίνος
2620 5304 2814 5373 χάριν;
2843 5302 2962 5354 Ἵνα
3016 5300 3096 5370 μὴ
3156 5298 3524 5369 συγκρότησις
3565 5296 3670 5365 τῆς

2070 5394 2350 5466 ἡμετέρας
2383 5392 2624 5456 πίστεως
2663 5395 2696 5464 ἡ
2746 5391 2878 5462 παρ’
2905 5390 3091 5443 αὐτῶν
3118 5389 3383 5459 ὁμολογία
3411 5390 3665 5459 γένηται.

2072 5486 2253 5542 Αὐτοί
2289 5484 2405 5553 τὴν
2436 5484 2701 5553 πτέρναν
2711 5502 2832 5555 μου
2865 5482 3238 5553 φυλάξουσι,
3269 5481 3457 5553 φησιν.
3476 5482 3660 5552 Ἐρευ-

2074 5576 2240 5631 νῶσιν
2262 5575 2372 5646 γὰρ
2396 5575 2554 5646 ἡμῶν
2583 5575 2830 5628 Ἰουδαῖοι
2850 5574 2944 5627 καὶ
2969 5573 3030 5626 τὸ
3053 5575 3216 5644 τυχὸν
3242 5572 3629 5644 πλημμέλημα
3645 5589 3663 5603 ’

2076 5668 2171 5720 καὶ
2209 5665 2351 5719 οὕτω
2377 5670 2591 5736 νοήσεις
2624 5667 2762 5737 ὅπερ
2793 5667 2819 5720 ὁ
2851 5665 2982 5729 Θεὸς
3013 5663 3149 5736 πρὸς
3187 5664 3276 5719 τὸν
3305 5664 3430 5735 ὅφιν
3462 5664 3663 5734 spes;-

452 5839 501 5871 ⁸³
525 5839 686 5893 nom.
725 5856 843 5906 xm,
881 5842 964 5896 l3.
1045 5842 1089 5873 “
1112 5840 1272 5897 Rom.
1305 5860 1395 5912 ru,
1430 5844 1506 5899 18.
1587 5843 1629 5875 ⁸⁵
1658 5842 1799 5898 Psal.
1833 5856 1979 5909 LXIV,
2012 5842 2065 5897 5.
