  <div class='ocr_page' id='page_1' title='image "/cluster/home/n/w/nwhite01/storage/ocr_20150623/93/coo.31924054869973/624.png"; bbox 0 0 3950 6414; ppageno 0'>
   <div class='ocr_carea' id='block_1_1' title="bbox 218 400 359 463">
    <p class='ocr_par' dir='ltr' id='par_1_1' title="bbox 218 400 359 463">
     <span class='ocr_line' id='line_1_1' title="bbox 218 400 359 463; baseline 0.007 -1"><span class='ocrx_word' id='word_1_1' title='bbox 218 400 359 463; x_wconf 64' lang='grc'><strong>1225</strong></span> 
     </span>
    </p>
   </div>
   <div class='ocr_carea' id='block_1_2' title="bbox 1362 342 2347 448">
    <p class='ocr_par' dir='ltr' id='par_1_2' title="bbox 1362 342 2347 448">
     <span class='ocr_line' id='line_1_2' title="bbox 1362 342 2347 448; baseline -0.008 0"><span class='ocrx_word' id='word_1_2' title='bbox 1362 383 1828 448; x_wconf 74' lang='lat' dir='ltr'><strong>FRAGMENTA</strong></span> <span class='ocrx_word' id='word_1_3' title='bbox 1865 381 1947 442; x_wconf 79' lang='lat' dir='ltr'><strong>IN</strong></span> <span class='ocrx_word' id='word_1_4' title='bbox 1984 342 2347 442; x_wconf 63' lang='lat' dir='ltr'><strong>PSALMOS.</strong></span> 
     </span>
    </p>
   </div>
   <div class='ocr_carea' id='block_1_3' title="bbox 3344 380 3479 446">
    <p class='ocr_par' dir='ltr' id='par_1_3' title="bbox 3344 380 3479 446">
     <span class='ocr_line' id='line_1_3' title="bbox 3344 380 3479 446; baseline 0.022 -3"><span class='ocrx_word' id='word_1_5' title='bbox 3344 380 3479 446; x_wconf 58' lang='lat'><strong>1226</strong></span> 
     </span>
    </p>
   </div>
   <div class='ocr_carea' id='block_1_4' title="bbox 195 496 1821 593">
    <p class='ocr_par' dir='ltr' id='par_1_4' title="bbox 195 505 1821 593">
     <span class='ocr_line' id='line_1_4' title="bbox 195 505 1821 593; baseline -0.012 -16"><span class='ocrx_word' id='word_1_6' title='bbox 195 541 333 593; x_wconf 82' lang='grc' dir='ltr'>γετο</span> <span class='ocrx_word' id='word_1_7' title='bbox 351 539 366 553; x_wconf 90' lang='grc'><strong>·</strong></span> <span class='ocrx_word' id='word_1_8' title='bbox 398 520 590 585; x_wconf 77' lang='grc' dir='ltr'>Αὐτός</span> <span class='ocrx_word' id='word_1_9' title='bbox 615 532 733 573; x_wconf 82' lang='grc' dir='ltr'>σου</span> <span class='ocrx_word' id='word_1_10' title='bbox 761 518 1010 587; x_wconf 82' lang='grc' dir='ltr'><strong>τηρήσει</strong></span> <span class='ocrx_word' id='word_1_11' title='bbox 1035 510 1334 582; x_wconf 61' lang='grc' dir='ltr'>κεφαλὴν.</span> <span class='ocrx_word' id='word_1_12' title='bbox 1359 508 1459 563; x_wconf 82' lang='grc' dir='ltr'><strong>καί</strong></span> <span class='ocrx_word' id='word_1_13' title='bbox 1497 507 1577 561; x_wconf 84' lang='grc' dir='ltr'>σὺ</span> <span class='ocrx_word' id='word_1_14' title='bbox 1608 505 1789 573; x_wconf 77' lang='grc' dir='ltr'>τηρή-</span> <span class='ocrx_word' id='word_1_15' title='bbox 1819 560 1821 565; x_wconf 6' lang='grc' dir='ltr'><strong>γ</strong></span> 
     </span>
    </p>
   </div>
   <div class='ocr_carea' id='block_1_5' title="bbox 1938 496 3480 593">
    <p class='ocr_par' dir='ltr' id='par_1_5' title="bbox 1938 496 3480 568">
     <span class='ocr_line' id='line_1_5' title="bbox 1938 496 3480 568; baseline -0.001 -14"><span class='ocrx_word' id='word_1_16' title='bbox 1938 500 2279 555; x_wconf 70' lang='lat' dir='ltr'><strong>zlcaneum“.</strong></span> <span class='ocrx_word' id='word_1_17' title='bbox 2324 496 2434 552; x_wconf 83' lang='lat' dir='ltr'><strong>Nos</strong></span> <span class='ocrx_word' id='word_1_18' title='bbox 2482 506 2665 552; x_wconf 87' lang='lat' dir='ltr'><strong>autem</strong></span> <span class='ocrx_word' id='word_1_19' title='bbox 2697 497 2817 567; x_wconf 84' lang='lat' dir='ltr'><strong>ejus</strong></span> <span class='ocrx_word' id='word_1_20' title='bbox 2843 509 3007 567; x_wconf 82' lang='lat' dir='ltr'><strong>caput</strong></span> <span class='ocrx_word' id='word_1_21' title='bbox 3028 537 3042 562; x_wconf 95' lang='lat'><strong>,</strong></span> <span class='ocrx_word' id='word_1_22' title='bbox 3078 512 3275 568; x_wconf 89' lang='lat' dir='ltr'><strong>nempe</strong></span> <span class='ocrx_word' id='word_1_23' title='bbox 3307 498 3480 553; x_wconf 87' lang='lat' dir='ltr'><strong>idolo-</strong></span> 
     </span>
    </p>
   </div>
   <div class='ocr_carea' id='block_1_6' title="bbox 195 596 1795 679">
    <p class='ocr_par' dir='ltr' id='par_1_6' title="bbox 195 596 1795 679">
     <span class='ocr_line' id='line_1_6' title="bbox 195 596 1795 679; baseline -0.013 -10"><span class='ocrx_word' id='word_1_24' title='bbox 195 604 340 678; x_wconf 78' lang='grc' dir='ltr'>σεις</span> <span class='ocrx_word' id='word_1_25' title='bbox 370 610 558 667; x_wconf 73' lang='grc' dir='ltr'>αὐτοῦ</span> <span class='ocrx_word' id='word_1_26' title='bbox 589 608 870 679; x_wconf 71' lang='grc' dir='ltr'>πτέρναν.</span> <span class='ocrx_word' id='word_1_27' title='bbox 889 608 1083 675; x_wconf 81' lang='grc' dir='ltr'>Ἡμεῖς</span> <span class='ocrx_word' id='word_1_28' title='bbox 1108 604 1166 656; x_wconf 85' lang='grc' dir='ltr'><strong>δέ</strong></span> <span class='ocrx_word' id='word_1_29' title='bbox 1194 599 1361 655; x_wconf 82' lang='grc' dir='ltr'>αὐτοῦ</span> <span class='ocrx_word' id='word_1_30' title='bbox 1397 599 1495 669; x_wconf 79' lang='grc' dir='ltr'><strong>τὴν</strong></span> <span class='ocrx_word' id='word_1_31' title='bbox 1531 596 1795 667; x_wconf 80' lang='grc' dir='ltr'>κεφαλὴν,</span> 
     </span>
    </p>
   </div>
   <div class='ocr_carea' id='block_1_7' title="bbox 201 692 1801 776">
    <p class='ocr_par' dir='ltr' id='par_1_7' title="bbox 201 692 1801 776">
     <span class='ocr_line' id='line_1_7' title="bbox 201 692 1801 776; baseline -0.013 -17"><span class='ocrx_word' id='word_1_32' title='bbox 201 704 417 776; x_wconf 82' lang='grc' dir='ltr'>δηλαδὴ</span> <span class='ocrx_word' id='word_1_33' title='bbox 463 703 564 771; x_wconf 84' lang='grc' dir='ltr'><strong>τὴν</strong></span> <span class='ocrx_word' id='word_1_34' title='bbox 607 698 1049 768; x_wconf 80' lang='grc' dir='ltr'>είδωλολατρίαν,</span> <span class='ocrx_word' id='word_1_35' title='bbox 1076 697 1265 766; x_wconf 83' lang='grc' dir='ltr'>τηρεῖν</span> <span class='ocrx_word' id='word_1_36' title='bbox 1299 693 1407 763; x_wconf 81' lang='grc' dir='ltr'><strong>πρὸ</strong></span> <span class='ocrx_word' id='word_1_37' title='bbox 1438 692 1658 744; x_wconf 86' lang='grc' dir='ltr'>πάντων</span> <span class='ocrx_word' id='word_1_38' title='bbox 1709 704 1801 740; x_wconf 84' lang='grc' dir='ltr'><strong>κε⁹</strong></span> 
     </span>
    </p>
   </div>
   <div class='ocr_carea' id='block_1_8' title="bbox 197 781 1800 868">
    <p class='ocr_par' dir='ltr' id='par_1_8' title="bbox 197 781 1800 868">
     <span class='ocr_line' id='line_1_8' title="bbox 197 781 1800 868; baseline -0.013 -16"><span class='ocrx_word' id='word_1_39' title='bbox 197 795 510 868; x_wconf 76' lang='grc' dir='ltr'>λευόμεθα,</span> <span class='ocrx_word' id='word_1_40' title='bbox 542 791 914 862; x_wconf 82' lang='grc' dir='ltr'>φυλάττεσθαι</span> <span class='ocrx_word' id='word_1_41' title='bbox 949 789 1006 844; x_wconf 84' lang='grc' dir='ltr'><strong>δέ</strong></span> <span class='ocrx_word' id='word_1_42' title='bbox 1034 789 1183 858; x_wconf 76' lang='grc' dir='ltr'>ὅμως</span> <span class='ocrx_word' id='word_1_43' title='bbox 1209 786 1303 839; x_wconf 70' lang='grc' dir='ltr'>καὶ</span> <span class='ocrx_word' id='word_1_44' title='bbox 1329 784 1396 837; x_wconf 85' lang='grc' dir='ltr'>τὰ</span> <span class='ocrx_word' id='word_1_45' title='bbox 1426 783 1588 868; x_wconf 66' lang='grc' dir='ltr'>λοιπὰ</span> <span class='ocrx_word' id='word_1_46' title='bbox 1620 781 1800 850; x_wconf 86' lang='grc' dir='ltr'>ἁμαρ-</span> 
     </span>
    </p>
   </div>
   <div class='ocr_carea' id='block_1_9' title="bbox 202 867 1799 960">
    <p class='ocr_par' dir='ltr' id='par_1_9' title="bbox 202 867 1799 960">
     <span class='ocr_line' id='line_1_9' title="bbox 202 867 1799 960; baseline -0.014 -17"><span class='ocrx_word' id='word_1_47' title='bbox 202 890 279 960; x_wconf 78' lang='grc' dir='ltr'>τή</span> <span class='ocrx_word' id='word_1_48' title='bbox 291 867 461 960; x_wconf 81' lang='grc' dir='ltr'>ματα,</span> <span class='ocrx_word' id='word_1_49' title='bbox 487 885 591 939; x_wconf 78' lang='grc' dir='ltr'><strong>κᾶν</strong></span> <span class='ocrx_word' id='word_1_50' title='bbox 614 884 821 953; x_wconf 73' lang='grc' dir='ltr'>ἔσχατα</span> <span class='ocrx_word' id='word_1_51' title='bbox 845 880 1113 951; x_wconf 80' lang='grc' dir='ltr'><strong>τυγχάνῃ,</strong></span> <span class='ocrx_word' id='word_1_52' title='bbox 1140 877 1240 931; x_wconf 75' lang='grc' dir='ltr'>κᾶν</span> <span class='ocrx_word' id='word_1_53' title='bbox 1266 873 1458 945; x_wconf 75' lang='grc' dir='ltr'>εὐτελῆ</span> <span class='ocrx_word' id='word_1_54' title='bbox 1483 867 1625 926; x_wconf 78' lang='grc' dir='ltr'>εἶναι</span> <span class='ocrx_word' id='word_1_55' title='bbox 1646 871 1799 939; x_wconf 77' lang='grc' dir='ltr'>δοκῇ,</span> 
     </span>
    </p>
   </div>
   <div class='ocr_carea' id='block_1_10' title="bbox 206 962 1809 1048">
    <p class='ocr_par' dir='ltr' id='par_1_10' title="bbox 206 962 1809 1048">
     <span class='ocr_line' id='line_1_10' title="bbox 206 962 1809 1048; baseline -0.014 -12"><span class='ocrx_word' id='word_1_56' title='bbox 206 981 361 1035; x_wconf 78' lang='grc' dir='ltr'>ὥστε</span> <span class='ocrx_word' id='word_1_57' title='bbox 423 979 664 1048; x_wconf 82' lang='grc' dir='ltr'><strong>πτέρναν</strong></span> <span class='ocrx_word' id='word_1_58' title='bbox 717 972 1071 1045; x_wconf 75' lang='grc' dir='ltr'>νομίζεσθαιο</span> <span class='ocrx_word' id='word_1_59' title='bbox 1134 969 1436 1039; x_wconf 74' lang='grc' dir='ltr'>ἐπειδήπερ</span> <span class='ocrx_word' id='word_1_60' title='bbox 1493 962 1809 1035; x_wconf 85' lang='grc' dir='ltr'>παρατηρεϊ</span> 
     </span>
    </p>
   </div>
   <div class='ocr_carea' id='block_1_11' title="bbox 207 1050 1808 1139">
    <p class='ocr_par' dir='ltr' id='par_1_11' title="bbox 207 1050 1808 1139">
     <span class='ocr_line' id='line_1_11' title="bbox 207 1050 1808 1139; baseline -0.013 -14"><span class='ocrx_word' id='word_1_61' title='bbox 207 1074 394 1127; x_wconf 77' lang='grc' dir='ltr'>ταῦτα</span> <span class='ocrx_word' id='word_1_62' title='bbox 421 1072 450 1123; x_wconf 86' lang='grc' dir='ltr'><strong>ὁ</strong></span> <span class='ocrx_word' id='word_1_63' title='bbox 480 1068 696 1139; x_wconf 78' lang='grc' dir='ltr'>ἐχθρὸς,</span> <span class='ocrx_word' id='word_1_64' title='bbox 734 1065 1042 1119; x_wconf 74' lang='grc' dir='ltr'>διαϐάλλειν</span> <span class='ocrx_word' id='word_1_65' title='bbox 1077 1064 1224 1133; x_wconf 78' lang='grc' dir='ltr'>ἡμᾶς</span> <span class='ocrx_word' id='word_1_66' title='bbox 1254 1059 1333 1128; x_wconf 83' lang='grc' dir='ltr'><strong>τῷ</strong></span> <span class='ocrx_word' id='word_1_67' title='bbox 1368 1058 1549 1130; x_wconf 62' lang='grc' dir='ltr'>κριτῇ,</span> <span class='ocrx_word' id='word_1_68' title='bbox 1591 1054 1688 1108; x_wconf 80' lang='grc' dir='ltr'><strong>καὶ</strong></span> <span class='ocrx_word' id='word_1_69' title='bbox 1718 1050 1808 1105; x_wconf 84' lang='grc' dir='ltr'>διὰ</span> 
     </span>
    </p>
   </div>
   <div class='ocr_carea' id='block_1_12' title="bbox 126 1144 1808 1232">
    <p class='ocr_par' dir='ltr' id='par_1_12' title="bbox 126 1144 1808 1232">
     <span class='ocr_line' id='line_1_12' title="bbox 126 1144 1808 1232; baseline -0.015 -13"><span class='ocrx_word' id='word_1_70' title='bbox 126 1194 141 1199; x_wconf 89' lang='grc'><strong>-</strong></span> <span class='ocrx_word' id='word_1_71' title='bbox 216 1166 335 1218; x_wconf 78' lang='grc' dir='ltr'><strong>τῶν</strong></span> <span class='ocrx_word' id='word_1_72' title='bbox 357 1161 630 1232; x_wconf 83' lang='grc' dir='ltr'><strong>τυχόντων</strong></span> <span class='ocrx_word' id='word_1_73' title='bbox 660 1157 1006 1229; x_wconf 82' lang='grc' dir='ltr'>βουλόμενος.</span> <span class='ocrx_word' id='word_1_74' title='bbox 1038 1152 1247 1207; x_wconf 84' lang='grc' dir='ltr'>Οὐκοῦν</span> <span class='ocrx_word' id='word_1_75' title='bbox 1281 1152 1341 1204; x_wconf 81' lang='grc' dir='ltr'><strong>οὐ</strong></span> <span class='ocrx_word' id='word_1_76' title='bbox 1368 1144 1500 1220; x_wconf 73' lang='grc' dir='ltr'>τιεῷ</span> <span class='ocrx_word' id='word_1_77' title='bbox 1529 1152 1639 1200; x_wconf 83' lang='grc' dir='ltr'><strong>τῶν</strong></span> <span class='ocrx_word' id='word_1_78' title='bbox 1675 1145 1808 1199; x_wconf 86' lang='grc' dir='ltr'>Ἰου-</span> 
     </span>
    </p>
   </div>
   <div class='ocr_carea' id='block_1_13' title="bbox 215 1238 1806 1325">
    <p class='ocr_par' dir='ltr' id='par_1_13' title="bbox 215 1238 1806 1325">
     <span class='ocr_line' id='line_1_13' title="bbox 215 1238 1806 1325; baseline -0.014 -14"><span class='ocrx_word' id='word_1_79' title='bbox 215 1259 393 1312; x_wconf 80' lang='grc' dir='ltr'><strong>δαίων</strong></span> <span class='ocrx_word' id='word_1_80' title='bbox 426 1254 627 1325; x_wconf 81' lang='grc' dir='ltr'>μόνων,</span> <span class='ocrx_word' id='word_1_81' title='bbox 660 1251 796 1305; x_wconf 88' lang='grc' dir='ltr'>ἀλλὰ</span> <span class='ocrx_word' id='word_1_82' title='bbox 824 1249 920 1303; x_wconf 73' lang='grc' dir='ltr'><strong>καὶ</strong></span> <span class='ocrx_word' id='word_1_83' title='bbox 954 1247 1083 1319; x_wconf 78' lang='grc' dir='ltr'>περὶ</span> <span class='ocrx_word' id='word_1_84' title='bbox 1107 1245 1216 1299; x_wconf 86' lang='grc' dir='ltr'><strong>τῶν</strong></span> <span class='ocrx_word' id='word_1_85' title='bbox 1242 1244 1412 1307; x_wconf 75' lang='grc' dir='ltr'>ὅντως</span> <span class='ocrx_word' id='word_1_86' title='bbox 1454 1239 1664 1312; x_wconf 92' lang='grc' dir='ltr'>ἐχθρῶν</span> <span class='ocrx_word' id='word_1_87' title='bbox 1699 1238 1806 1292; x_wconf 85' lang='grc' dir='ltr'><strong>τῶν</strong></span> 
     </span>
    </p>
   </div>
   <div class='ocr_carea' id='block_1_14' title="bbox 215 1328 1809 1416">
    <p class='ocr_par' dir='ltr' id='par_1_14' title="bbox 215 1328 1809 1416">
     <span class='ocr_line' id='line_1_14' title="bbox 215 1328 1809 1416; baseline -0.013 -16"><span class='ocrx_word' id='word_1_88' title='bbox 215 1345 495 1416; x_wconf 81' lang='grc' dir='ltr'><strong>δαιμόνων</strong></span> <span class='ocrx_word' id='word_1_89' title='bbox 545 1339 734 1395; x_wconf 87' lang='grc' dir='ltr'>τοῦτον</span> <span class='ocrx_word' id='word_1_90' title='bbox 780 1338 1045 1409; x_wconf 80' lang='grc' dir='ltr'>ἁρμόττει</span> <span class='ocrx_word' id='word_1_91' title='bbox 1097 1335 1189 1388; x_wconf 83' lang='grc' dir='ltr'><strong>τὸν</strong></span> <span class='ocrx_word' id='word_1_92' title='bbox 1243 1334 1422 1403; x_wconf 85' lang='grc' dir='ltr'>στίχον</span> <span class='ocrx_word' id='word_1_93' title='bbox 1473 1328 1809 1399; x_wconf 77' lang='grc' dir='ltr'>ἐκλαμϐάνε-</span> 
     </span>
    </p>
   </div>
   <div class='ocr_carea' id='block_1_15' title="bbox 219 1424 1700 1505">
    <p class='ocr_par' dir='ltr' id='par_1_15' title="bbox 219 1424 1700 1505">
     <span class='ocr_line' id='line_1_15' title="bbox 219 1424 1700 1505; baseline -0.012 -13"><span class='ocrx_word' id='word_1_94' title='bbox 219 1440 352 1492; x_wconf 87' lang='grc' dir='ltr'>σθαι</span> <span class='ocrx_word' id='word_1_95' title='bbox 375 1453 390 1468; x_wconf 78' lang='grc'><strong><em>⁸</em></strong></span> <span class='ocrx_word' id='word_1_96' title='bbox 427 1434 549 1489; x_wconf 77' lang='grc' dir='ltr'>καθ’</span> <span class='ocrx_word' id='word_1_97' title='bbox 569 1434 629 1487; x_wconf 79' lang='grc' dir='ltr'>ὃν</span> <span class='ocrx_word' id='word_1_98' title='bbox 656 1432 917 1505; x_wconf 79' lang='grc' dir='ltr'>ἁρμόττει</span> <span class='ocrx_word' id='word_1_99' title='bbox 949 1430 1041 1483; x_wconf 78' lang='grc' dir='ltr'><strong>καὶ</strong></span> <span class='ocrx_word' id='word_1_100' title='bbox 1071 1428 1139 1483; x_wconf 79' lang='grc' dir='ltr'>τὰ</span> <span class='ocrx_word' id='word_1_101' title='bbox 1166 1426 1292 1496; x_wconf 79' lang='grc' dir='ltr'>ἐξῆς</span> <span class='ocrx_word' id='word_1_102' title='bbox 1322 1424 1700 1495; x_wconf 75' lang='grc' dir='ltr'><strong>ἐπιφέρεσθαι.</strong></span> 
     </span>
    </p>
   </div>
   <div class='ocr_carea' id='block_1_16' title="bbox 306 1519 1448 1597">
    <p class='ocr_par' dir='ltr' id='par_1_16' title="bbox 306 1519 1448 1597">
     <span class='ocr_line' id='line_1_16' title="bbox 306 1519 1448 1597; baseline -0.013 -13"><span class='ocrx_word' id='word_1_103' title='bbox 306 1529 506 1583; x_wconf 76' lang='grc' dir='ltr'>«Ἔθου</span> <span class='ocrx_word' id='word_1_104' title='bbox 542 1527 612 1581; x_wconf 83' lang='grc' dir='ltr'>τὰ</span> <span class='ocrx_word' id='word_1_105' title='bbox 643 1525 857 1597; x_wconf 84' lang='grc' dir='ltr'>δάκρυά</span> <span class='ocrx_word' id='word_1_106' title='bbox 892 1540 994 1595; x_wconf 90' lang='grc' dir='ltr'><strong>μου</strong></span> <span class='ocrx_word' id='word_1_107' title='bbox 1025 1519 1256 1576; x_wconf 85' lang='grc' dir='ltr'>ἐνώπιόν</span> <span class='ocrx_word' id='word_1_108' title='bbox 1283 1535 1399 1572; x_wconf 88' lang='grc' dir='ltr'>σου.</span> <span class='ocrx_word' id='word_1_109' title='bbox 1429 1535 1448 1569; x_wconf 72' lang='grc' dir='ltr'><strong>ι</strong></span> 
     </span>
    </p>
   </div>
   <div class='ocr_carea' id='block_1_17' title="bbox 296 1696 1810 1776">
    <p class='ocr_par' dir='ltr' id='par_1_17' title="bbox 296 1696 1810 1776">
     <span class='ocr_line' id='line_1_17' title="bbox 296 1696 1810 1776; baseline -0.013 -13"><span class='ocrx_word' id='word_1_110' title='bbox 296 1707 580 1776; x_wconf 83' lang='grc' dir='ltr'>Μακάριοι</span> <span class='ocrx_word' id='word_1_111' title='bbox 618 1699 693 1759; x_wconf 82' lang='grc' dir='ltr'>ὧν</span> <span class='ocrx_word' id='word_1_112' title='bbox 721 1707 750 1758; x_wconf 87' lang='grc' dir='ltr'>ὁ</span> <span class='ocrx_word' id='word_1_113' title='bbox 784 1703 918 1766; x_wconf 83' lang='grc' dir='ltr'>Θεὸς</span> <span class='ocrx_word' id='word_1_114' title='bbox 973 1700 1042 1755; x_wconf 85' lang='grc' dir='ltr'>τὰ</span> <span class='ocrx_word' id='word_1_115' title='bbox 1086 1699 1300 1770; x_wconf 82' lang='grc' dir='ltr'>δάκρυα</span> <span class='ocrx_word' id='word_1_116' title='bbox 1344 1696 1588 1766; x_wconf 84' lang='grc' dir='ltr'>δέχεται·</span> <span class='ocrx_word' id='word_1_117' title='bbox 1629 1709 1810 1763; x_wconf 87' lang='grc' dir='ltr'>παρα-</span> 
     </span>
    </p>
   </div>
   <div class='ocr_carea' id='block_1_18' title="bbox 220 1784 1810 1869">
    <p class='ocr_par' dir='ltr' id='par_1_18' title="bbox 220 1784 1810 1869">
     <span class='ocr_line' id='line_1_18' title="bbox 220 1784 1810 1869; baseline -0.013 -16"><span class='ocrx_word' id='word_1_118' title='bbox 220 1800 387 1855; x_wconf 83' lang='grc' dir='ltr'>καλεῖ</span> <span class='ocrx_word' id='word_1_119' title='bbox 416 1798 523 1869; x_wconf 85' lang='grc' dir='ltr'>γὰρ</span> <span class='ocrx_word' id='word_1_120' title='bbox 551 1796 733 1850; x_wconf 82' lang='grc' dir='ltr'>αὐτῶν</span> <span class='ocrx_word' id='word_1_121' title='bbox 764 1796 833 1848; x_wconf 80' lang='grc' dir='ltr'><strong>τά</strong></span> <span class='ocrx_word' id='word_1_122' title='bbox 869 1793 1040 1865; x_wconf 85' lang='grc' dir='ltr'>πάθη,</span> <span class='ocrx_word' id='word_1_123' title='bbox 1072 1791 1326 1859; x_wconf 86' lang='grc' dir='ltr'>καθάπερ</span> <span class='ocrx_word' id='word_1_124' title='bbox 1356 1788 1445 1841; x_wconf 76' lang='grc' dir='ltr'><strong>διὰ</strong></span> <span class='ocrx_word' id='word_1_125' title='bbox 1468 1787 1566 1855; x_wconf 87' lang='grc' dir='ltr'><strong>τῆς</strong></span> <span class='ocrx_word' id='word_1_126' title='bbox 1601 1784 1810 1846; x_wconf 77' lang='grc' dir='ltr'>οἰκείας</span> 
     </span>
    </p>
   </div>
   <div class='ocr_carea' id='block_1_19' title="bbox 1901 585 3483 657">
    <p class='ocr_par' dir='ltr' id='par_1_19' title="bbox 1901 585 3483 657">
     <span class='ocr_line' id='line_1_19' title="bbox 1901 585 3483 657; baseline 0.001 -16"><span class='ocrx_word' id='word_1_127' title='bbox 1901 589 2137 653; x_wconf 90' lang='lat' dir='ltr'><strong>latriam,</strong></span> <span class='ocrx_word' id='word_1_128' title='bbox 2171 587 2469 643; x_wconf 87' lang='lat' dir='ltr'><strong>observare</strong></span> <span class='ocrx_word' id='word_1_129' title='bbox 2500 596 2627 641; x_wconf 94' lang='lat' dir='ltr'><strong>ante</strong></span> <span class='ocrx_word' id='word_1_130' title='bbox 2653 585 2836 642; x_wconf 85' lang='lat' dir='ltr'><strong>omnia</strong></span> <span class='ocrx_word' id='word_1_131' title='bbox 2860 587 3151 657; x_wconf 83' lang='lat' dir='ltr'><strong>jubemur;</strong></span> <span class='ocrx_word' id='word_1_132' title='bbox 3208 589 3368 643; x_wconf 82' lang='lat' dir='ltr'><strong>simul</strong></span> <span class='ocrx_word' id='word_1_133' title='bbox 3400 598 3483 643; x_wconf 89' lang='lat' dir='ltr'><strong>ta-</strong></span> 
     </span>
    </p>
   </div>
   <div class='ocr_carea' id='block_1_20' title="bbox 1902 680 3484 750">
    <p class='ocr_par' dir='ltr' id='par_1_20' title="bbox 1902 680 3484 750">
     <span class='ocr_line' id='line_1_20' title="bbox 1902 680 3484 750; baseline 0.001 -17"><span class='ocrx_word' id='word_1_134' title='bbox 1902 696 2025 734; x_wconf 90' lang='lat' dir='ltr'><strong>men</strong></span> <span class='ocrx_word' id='word_1_135' title='bbox 2058 682 2220 734; x_wconf 90' lang='lat' dir='ltr'><strong>etiam</strong></span> <span class='ocrx_word' id='word_1_136' title='bbox 2251 694 2445 735; x_wconf 82' lang='lat' dir='ltr'><strong>cavere</strong></span> <span class='ocrx_word' id='word_1_137' title='bbox 2472 680 2680 750; x_wconf 87' lang='lat' dir='ltr'><strong>reliqua</strong></span> <span class='ocrx_word' id='word_1_138' title='bbox 2706 689 2950 749; x_wconf 87' lang='lat' dir='ltr'><strong>peccata,</strong></span> <span class='ocrx_word' id='word_1_139' title='bbox 2978 681 3329 750; x_wconf 83' lang='lat' dir='ltr'><strong>quantumvis</strong></span> <span class='ocrx_word' id='word_1_140' title='bbox 3376 681 3484 736; x_wconf 89' lang='lat' dir='ltr'><strong>mi-</strong></span> 
     </span>
    </p>
   </div>
   <div class='ocr_carea' id='block_1_21' title="bbox 1902 773 3489 843">
    <p class='ocr_par' dir='ltr' id='par_1_21' title="bbox 1902 773 3489 843">
     <span class='ocr_line' id='line_1_21' title="bbox 1902 773 3489 843; baseline 0.003 -17"><span class='ocrx_word' id='word_1_141' title='bbox 1902 773 2048 826; x_wconf 89' lang='lat' dir='ltr'><strong>nima</strong></span> <span class='ocrx_word' id='word_1_142' title='bbox 2096 775 2381 838; x_wconf 72' lang='lat' dir='ltr'><strong>exsistant,</strong></span> <span class='ocrx_word' id='word_1_143' title='bbox 2411 774 2764 843; x_wconf 73' lang='lat' dir='ltr'><strong>quantumvis</strong></span> <span class='ocrx_word' id='word_1_144' title='bbox 2796 773 2935 828; x_wconf 84' lang='lat' dir='ltr'><strong>levia</strong></span> <span class='ocrx_word' id='word_1_145' title='bbox 2966 773 3276 840; x_wconf 89' lang='lat' dir='ltr'><strong>videantur,</strong></span> <span class='ocrx_word' id='word_1_146' title='bbox 3313 776 3385 830; x_wconf 82' lang='lat' dir='ltr'><strong>ita</strong></span> <span class='ocrx_word' id='word_1_147' title='bbox 3429 787 3489 833; x_wconf 85' lang='lat' dir='ltr'><strong>ut</strong></span> 
     </span>
    </p>
   </div>
   <div class='ocr_carea' id='block_1_22' title="bbox 1904 866 3487 937">
    <p class='ocr_par' dir='ltr' id='par_1_22' title="bbox 1904 866 3487 937">
     <span class='ocr_line' id='line_1_22' title="bbox 1904 866 3487 937; baseline 0.004 -19"><span class='ocrx_word' id='word_1_148' title='bbox 1904 866 2220 920; x_wconf 87' lang='lat' dir='ltr'><strong>calcanemn</strong></span> <span class='ocrx_word' id='word_1_149' title='bbox 2273 874 2630 935; x_wconf 88' lang='lat' dir='ltr'><strong>reputentur;</strong></span> <span class='ocrx_word' id='word_1_150' title='bbox 2663 867 3103 937; x_wconf 82' lang='lat' dir='ltr'><strong>quandoquidem</strong></span> <span class='ocrx_word' id='word_1_151' title='bbox 3152 867 3326 923; x_wconf 87' lang='lat' dir='ltr'><strong>hostis</strong></span> <span class='ocrx_word' id='word_1_152' title='bbox 3374 869 3487 925; x_wconf 70' lang='lat' dir='ltr'><strong>hmo</strong></span> 
     </span>
    </p>
   </div>
   <div class='ocr_carea' id='block_1_23' title="bbox 1905 957 3489 1030">
    <p class='ocr_par' dir='ltr' id='par_1_23' title="bbox 1905 957 3489 1030">
     <span class='ocr_line' id='line_1_23' title="bbox 1905 957 3489 1030; baseline 0.004 -21"><span class='ocrx_word' id='word_1_153' title='bbox 1905 957 2194 1021; x_wconf 90' lang='lat' dir='ltr'><strong>observet,</strong></span> <span class='ocrx_word' id='word_1_154' title='bbox 2221 958 2413 1012; x_wconf 81' lang='lat' dir='ltr'><strong>volens</strong></span> <span class='ocrx_word' id='word_1_155' title='bbox 2441 957 2511 1011; x_wconf 91' lang='lat' dir='ltr'><strong>ob</strong></span> <span class='ocrx_word' id='word_1_156' title='bbox 2533 973 2871 1027; x_wconf 72' lang='lat' dir='ltr'><strong>quaecunque</strong></span> <span class='ocrx_word' id='word_1_157' title='bbox 2905 957 3070 1012; x_wconf 89' lang='lat' dir='ltr'><strong>etiam</strong></span> <span class='ocrx_word' id='word_1_158' title='bbox 3100 974 3202 1014; x_wconf 91' lang='lat' dir='ltr'><strong>nos</strong></span> <span class='ocrx_word' id='word_1_159' title='bbox 3232 960 3374 1030; x_wconf 86' lang='lat' dir='ltr'><strong>apud</strong></span> <span class='ocrx_word' id='word_1_160' title='bbox 3397 960 3489 1030; x_wconf 84' lang='lat' dir='ltr'><strong>ju-</strong></span> 
     </span>
    </p>
   </div>
   <div class='ocr_carea' id='block_1_24' title="bbox 1906 1049 3489 1121">
    <p class='ocr_par' dir='ltr' id='par_1_24' title="bbox 1906 1049 3489 1121">
     <span class='ocr_line' id='line_1_24' title="bbox 1906 1049 3489 1121; baseline 0.002 -17"><span class='ocrx_word' id='word_1_161' title='bbox 1906 1050 2082 1105; x_wconf 89' lang='lat' dir='ltr'><strong>dicem</strong></span> <span class='ocrx_word' id='word_1_162' title='bbox 2120 1050 2425 1108; x_wconf 84' lang='lat' dir='ltr'><strong>traducere.</strong></span> <span class='ocrx_word' id='word_1_163' title='bbox 2465 1049 2650 1121; x_wconf 88' lang='lat' dir='ltr'><strong>Itaque</strong></span> <span class='ocrx_word' id='word_1_164' title='bbox 2692 1066 2805 1106; x_wconf 89' lang='lat' dir='ltr'><strong>non</strong></span> <span class='ocrx_word' id='word_1_165' title='bbox 2850 1050 2904 1105; x_wconf 92' lang='lat' dir='ltr'><strong>in</strong></span> <span class='ocrx_word' id='word_1_166' title='bbox 2948 1050 3166 1105; x_wconf 67' lang='lat' dir='ltr'><strong>Judzeos</strong></span> <span class='ocrx_word' id='word_1_167' title='bbox 3196 1052 3360 1118; x_wconf 90' lang='lat' dir='ltr'><strong>solos,</strong></span> <span class='ocrx_word' id='word_1_168' title='bbox 3395 1053 3489 1108; x_wconf 90' lang='lat' dir='ltr'><strong>sed</strong></span> 
     </span>
    </p>
   </div>
   <div class='ocr_carea' id='block_1_25' title="bbox 1909 1142 3491 1200">
    <p class='ocr_par' dir='ltr' id='par_1_25' title="bbox 1909 1142 3491 1200">
     <span class='ocr_line' id='line_1_25' title="bbox 1909 1142 3491 1200; baseline 0.003 -4"><span class='ocrx_word' id='word_1_169' title='bbox 1909 1142 1964 1196; x_wconf 92' lang='lat' dir='ltr'><strong>in</strong></span> <span class='ocrx_word' id='word_1_170' title='bbox 2011 1142 2264 1197; x_wconf 88' lang='lat' dir='ltr'><strong>inimicos</strong></span> <span class='ocrx_word' id='word_1_171' title='bbox 2307 1158 2497 1197; x_wconf 80' lang='lat' dir='ltr'><strong>revera</strong></span> <span class='ocrx_word' id='word_1_172' title='bbox 2527 1144 2804 1198; x_wconf 87' lang='lat' dir='ltr'><strong>daemones</strong></span> <span class='ocrx_word' id='word_1_173' title='bbox 2831 1143 3137 1199; x_wconf 80' lang='lat' dir='ltr'><strong>versiculus</strong></span> <span class='ocrx_word' id='word_1_174' title='bbox 3174 1144 3339 1199; x_wconf 87' lang='lat' dir='ltr'><strong>etiam</strong></span> <span class='ocrx_word' id='word_1_175' title='bbox 3388 1145 3491 1200; x_wconf 88' lang='lat' dir='ltr'><strong>istc</strong></span> 
     </span>
    </p>
   </div>
   <div class='ocr_carea' id='block_1_26' title="bbox 1908 1235 3490 1306">
    <p class='ocr_par' dir='ltr' id='par_1_26' title="bbox 1908 1235 3490 1306">
     <span class='ocr_line' id='line_1_26' title="bbox 1908 1235 3490 1306; baseline 0.003 -18"><span class='ocrx_word' id='word_1_176' title='bbox 1908 1235 2181 1304; x_wconf 88' lang='lat' dir='ltr'><strong>quadrare</strong></span> <span class='ocrx_word' id='word_1_177' title='bbox 2210 1235 2487 1304; x_wconf 82' lang='lat' dir='ltr'><strong>putandus</strong></span> <span class='ocrx_word' id='word_1_178' title='bbox 2526 1244 2643 1301; x_wconf 90' lang='lat' dir='ltr'><strong>est;</strong></span> <span class='ocrx_word' id='word_1_179' title='bbox 2702 1235 2789 1290; x_wconf 92' lang='lat' dir='ltr'><strong>cui</strong></span> <span class='ocrx_word' id='word_1_180' title='bbox 2848 1249 3152 1290; x_wconf 89' lang='lat' dir='ltr'><strong>consonum</strong></span> <span class='ocrx_word' id='word_1_181' title='bbox 3207 1236 3490 1306; x_wconf 86' lang='lat' dir='ltr'><strong>sequentia</strong></span> 
     </span>
    </p>
   </div>
   <div class='ocr_carea' id='block_1_27' title="bbox 1910 1323 2439 1394">
    <p class='ocr_par' dir='ltr' id='par_1_27' title="bbox 1910 1323 2439 1394">
     <span class='ocr_line' id='line_1_27' title="bbox 1910 1323 2439 1394; baseline 0.004 -19"><span class='ocrx_word' id='word_1_182' title='bbox 1910 1338 2128 1392; x_wconf 88' lang='lat' dir='ltr'><strong>quoque</strong></span> <span class='ocrx_word' id='word_1_183' title='bbox 2159 1323 2439 1394; x_wconf 81' lang='lat' dir='ltr'><strong>subjungi.</strong></span> 
     </span>
    </p>
   </div>
   <div class='ocr_carea' id='block_1_28' title="bbox 1981 1502 3495 1579">
    <p class='ocr_par' dir='ltr' id='par_1_28' title="bbox 1981 1502 3495 1579">
     <span class='ocr_line' id='line_1_28' title="bbox 1981 1502 3495 1579; baseline 0.008 -25"><span class='ocrx_word' id='word_1_184' title='bbox 1981 1502 2143 1558; x_wconf 72' lang='lat' dir='ltr'><strong>Vsus.</strong></span> <span class='ocrx_word' id='word_1_185' title='bbox 2178 1504 2232 1558; x_wconf 89' lang='lat'><strong>9.</strong></span> <span class='ocrx_word' id='word_1_186' title='bbox 2280 1523 2299 1554; x_wconf 73' lang='grc' dir='ltr'><strong>ι</strong></span> <span class='ocrx_word' id='word_1_187' title='bbox 2336 1503 2572 1561; x_wconf 87' lang='lat' dir='ltr'><strong>Posuisti</strong></span> <span class='ocrx_word' id='word_1_188' title='bbox 2614 1505 2881 1577; x_wconf 75' lang='lat' dir='ltr'><strong>lacrymas</strong></span> <span class='ocrx_word' id='word_1_189' title='bbox 2928 1522 3077 1562; x_wconf 89' lang='lat' dir='ltr'><strong>meas</strong></span> <span class='ocrx_word' id='word_1_190' title='bbox 3109 1507 3163 1562; x_wconf 90' lang='lat' dir='ltr'><strong>in</strong></span> <span class='ocrx_word' id='word_1_191' title='bbox 3198 1519 3495 1579; x_wconf 82' lang='lat' dir='ltr'><strong>conspectu</strong></span> 
     </span>
    </p>
   </div>
   <div class='ocr_carea' id='block_1_29' title="bbox 1912 1601 2075 1646">
    <p class='ocr_par' dir='ltr' id='par_1_29' title="bbox 1912 1601 2075 1646">
     <span class='ocr_line' id='line_1_29' title="bbox 1912 1601 2075 1646; baseline 0 -1"><span class='ocrx_word' id='word_1_192' title='bbox 1912 1601 2025 1646; x_wconf 91' lang='lat' dir='ltr'><strong>tuo.</strong></span> <span class='ocrx_word' id='word_1_193' title='bbox 2056 1612 2075 1645; x_wconf 70' lang='grc' dir='ltr'><strong>ι</strong></span> 
     </span>
    </p>
   </div>
   <div class='ocr_carea' id='block_1_30' title="bbox 1985 1685 3501 1761">
    <p class='ocr_par' dir='ltr' id='par_1_30' title="bbox 1985 1685 3501 1761">
     <span class='ocr_line' id='line_1_30' title="bbox 1985 1685 3501 1761; baseline 0.007 -22"><span class='ocrx_word' id='word_1_194' title='bbox 1985 1685 2135 1740; x_wconf 86' lang='lat' dir='ltr'><strong>Beati</strong></span> <span class='ocrx_word' id='word_1_195' title='bbox 2187 1703 2418 1757; x_wconf 90' lang='lat' dir='ltr'><strong>quorum</strong></span> <span class='ocrx_word' id='word_1_196' title='bbox 2456 1689 2725 1761; x_wconf 87' lang='lat' dir='ltr'><strong>Iacrymas</strong></span> <span class='ocrx_word' id='word_1_197' title='bbox 2753 1689 2897 1746; x_wconf 91' lang='lat' dir='ltr'><strong>Deus</strong></span> <span class='ocrx_word' id='word_1_198' title='bbox 2936 1691 3174 1747; x_wconf 87' lang='lat' dir='ltr'><strong>admittit</strong></span> <span class='ocrx_word' id='word_1_199' title='bbox 3205 1712 3218 1746; x_wconf 91' lang='lat'><strong>:</strong></span> <span class='ocrx_word' id='word_1_200' title='bbox 3248 1694 3501 1750; x_wconf 88' lang='lat' dir='ltr'><strong>consola-</strong></span> 
     </span>
    </p>
   </div>
   <div class='ocr_carea' id='block_1_31' title="bbox 1918 1781 3504 1858">
    <p class='ocr_par' dir='ltr' id='par_1_31' title="bbox 1918 1781 3504 1858">
     <span class='ocr_line' id='line_1_31' title="bbox 1918 1781 3504 1858; baseline 0.006 -24"><span class='ocrx_word' id='word_1_201' title='bbox 1918 1789 2004 1834; x_wconf 91' lang='lat' dir='ltr'><strong>tur</strong></span> <span class='ocrx_word' id='word_1_202' title='bbox 2032 1781 2179 1835; x_wconf 92' lang='lat' dir='ltr'><strong>enim</strong></span> <span class='ocrx_word' id='word_1_203' title='bbox 2207 1798 2395 1838; x_wconf 89' lang='lat' dir='ltr'><strong>eorum</strong></span> <span class='ocrx_word' id='word_1_204' title='bbox 2430 1785 2733 1855; x_wconf 88' lang='lat' dir='ltr'><strong>passiones,</strong></span> <span class='ocrx_word' id='word_1_205' title='bbox 2759 1787 3220 1855; x_wconf 88' lang='lat' dir='ltr'><strong>quemadmodum</strong></span> <span class='ocrx_word' id='word_1_206' title='bbox 3254 1803 3351 1858; x_wconf 90' lang='lat' dir='ltr'><strong>per</strong></span> <span class='ocrx_word' id='word_1_207' title='bbox 3375 1803 3504 1858; x_wconf 80' lang='lat' dir='ltr'><strong>pro-</strong></span> 
     </span>
    </p>
   </div>
   <div class='ocr_carea' id='block_1_32' title="bbox 222 1851 1821 1959">
    <p class='ocr_par' dir='ltr' id='par_1_32' title="bbox 222 1851 1817 1959">
     <span class='ocr_line' id='line_1_32' title="bbox 222 1851 1817 1959; baseline -0.01 -16"><span class='ocrx_word' id='word_1_208' title='bbox 222 1851 569 1959; x_wconf 70' lang='grc' dir='ltr'>ἐπαγγελίας</span> <span class='ocrx_word' id='word_1_209' title='bbox 597 1889 888 1957; x_wconf 80' lang='grc' dir='ltr'>ὑπέσχετο.</span> <span class='ocrx_word' id='word_1_210' title='bbox 925 1851 1038 1947; x_wconf 36' lang='grc' dir='ltr'>Τίς,</span> <span class='ocrx_word' id='word_1_211' title='bbox 1066 1882 1123 1935; x_wconf 81' lang='grc' dir='ltr'>δὲ</span> <span class='ocrx_word' id='word_1_212' title='bbox 1174 1883 1206 1953; x_wconf 80' lang='grc' dir='ltr'><strong>ἡ</strong></span> <span class='ocrx_word' id='word_1_213' title='bbox 1241 1851 1578 1949; x_wconf 78' lang='grc' dir='ltr'>ἐπαγγελία;</span> <span class='ocrx_word' id='word_1_214' title='bbox 1612 1872 1817 1930; x_wconf 80' lang='grc' dir='ltr'>Μακά-</span> 
     </span>
    </p>
   </div>
   <div class='ocr_carea' id='block_1_33' title="bbox 1938 1851 3505 1959">
    <p class='ocr_par' dir='ltr' id='par_1_33' title="bbox 1938 1869 3505 1945">
     <span class='ocr_line' id='line_1_33' title="bbox 1938 1869 3505 1945; baseline 0.005 -21"><span class='ocrx_word' id='word_1_215' title='bbox 1938 1869 2094 1925; x_wconf 80' lang='lat' dir='ltr'><strong>)riam</strong></span> <span class='ocrx_word' id='word_1_216' title='bbox 2123 1873 2546 1941; x_wconf 88' lang='lat' dir='ltr'><strong>promissionem</strong></span> <span class='ocrx_word' id='word_1_217' title='bbox 2567 1875 2844 1945; x_wconf 84' lang='lat' dir='ltr'><strong>pollicitus</strong></span> <span class='ocrx_word' id='word_1_218' title='bbox 2872 1875 2993 1931; x_wconf 86' lang='lat' dir='ltr'><strong>fuit.</strong></span> <span class='ocrx_word' id='word_1_219' title='bbox 3021 1876 3154 1942; x_wconf 68' lang='lat' dir='ltr'><strong>Qua:</strong></span> <span class='ocrx_word' id='word_1_220' title='bbox 3180 1884 3363 1932; x_wconf 88' lang='lat' dir='ltr'><strong>autem</strong></span> <span class='ocrx_word' id='word_1_221' title='bbox 3389 1878 3505 1932; x_wconf 76' lang='lat' dir='ltr'><strong>lucc</strong></span> 
     </span>
    </p>
   </div>
   <div class='ocr_carea' id='block_1_34' title="bbox 216 1967 1813 2054">
    <p class='ocr_par' dir='ltr' id='par_1_34' title="bbox 216 1967 1813 2054">
     <span class='ocr_line' id='line_1_34' title="bbox 216 1967 1813 2054; baseline -0.013 -16"><span class='ocrx_word' id='word_1_222' title='bbox 216 2001 345 2054; x_wconf 84' lang='grc' dir='ltr'>ριοι</span> <span class='ocrx_word' id='word_1_223' title='bbox 375 1985 432 2037; x_wconf 81' lang='grc' dir='ltr'>οἱ</span> <span class='ocrx_word' id='word_1_224' title='bbox 458 1978 850 2043; x_wconf 76' lang='grc' dir='ltr'>πενθοῦντες,</span> <span class='ocrx_word' id='word_1_225' title='bbox 902 1976 991 2029; x_wconf 84' lang='grc' dir='ltr'>ὅτι</span> <span class='ocrx_word' id='word_1_226' title='bbox 1021 1973 1194 2028; x_wconf 82' lang='grc' dir='ltr'>αὐτοὶ</span> <span class='ocrx_word' id='word_1_227' title='bbox 1222 1967 1813 2040; x_wconf 77' lang='grc' dir='ltr'>παρακληθήσονται.</span> 
     </span>
    </p>
   </div>
   <div class='ocr_carea' id='block_1_35' title="bbox 807 2133 1248 2193">
    <p class='ocr_par' dir='ltr' id='par_1_35' title="bbox 807 2133 1248 2193">
     <span class='ocr_line' id='line_1_35' title="bbox 807 2133 1248 2193; baseline -0.014 0"><span class='ocrx_word' id='word_1_228' title='bbox 807 2137 1105 2193; x_wconf 79' lang='grc' dir='ltr'><strong>ΨΑΛΜΟΣ</strong></span> <span class='ocrx_word' id='word_1_229' title='bbox 1133 2133 1248 2190; x_wconf 77' lang='grc' dir='ltr'><strong>.’Ξ⁴.Δ’⁸</strong></span> 
     </span>
    </p>
   </div>
   <div class='ocr_carea' id='block_1_36' title="bbox 314 2222 1593 2307">
    <p class='ocr_par' dir='ltr' id='par_1_36' title="bbox 314 2222 1593 2307">
     <span class='ocr_line' id='line_1_36' title="bbox 314 2222 1593 2307; baseline -0.014 -16"><span class='ocrx_word' id='word_1_230' title='bbox 314 2258 334 2290; x_wconf 78' lang='grc' dir='ltr'><strong>ι</strong></span> <span class='ocrx_word' id='word_1_231' title='bbox 364 2237 698 2307; x_wconf 72' lang='grc' dir='ltr'>Εὖλογήσεις</span> <span class='ocrx_word' id='word_1_232' title='bbox 726 2232 815 2286; x_wconf 68' lang='grc' dir='ltr'><strong>τὸν</strong></span> <span class='ocrx_word' id='word_1_233' title='bbox 845 2231 1110 2301; x_wconf 82' lang='grc' dir='ltr'>στέφανον</span> <span class='ocrx_word' id='word_1_234' title='bbox 1138 2225 1234 2280; x_wconf 87' lang='grc' dir='ltr'><strong>τοῦ</strong></span> <span class='ocrx_word' id='word_1_235' title='bbox 1274 2222 1541 2279; x_wconf 81' lang='grc' dir='ltr'>ἐνιαυτοῦ.</span> <span class='ocrx_word' id='word_1_236' title='bbox 1575 2241 1593 2273; x_wconf 74' lang='grc' dir='ltr'><strong>ι</strong></span> 
     </span>
    </p>
   </div>
   <div class='ocr_carea' id='block_1_37' title="bbox 310 2313 1824 2394">
    <p class='ocr_par' dir='ltr' id='par_1_37' title="bbox 310 2313 1824 2394">
     <span class='ocr_line' id='line_1_37' title="bbox 310 2313 1824 2394; baseline -0.015 -10"><span class='ocrx_word' id='word_1_237' title='bbox 310 2331 514 2385; x_wconf 89' lang='grc' dir='ltr'>Ἰστέον</span> <span class='ocrx_word' id='word_1_238' title='bbox 542 2329 620 2394; x_wconf 86' lang='grc' dir='ltr'><strong>δέ,</strong></span> <span class='ocrx_word' id='word_1_239' title='bbox 657 2326 732 2391; x_wconf 78' lang='grc' dir='ltr'>ὣς</span> <span class='ocrx_word' id='word_1_240' title='bbox 760 2341 905 2387; x_wconf 87' lang='grc' dir='ltr'>τινες</span> <span class='ocrx_word' id='word_1_241' title='bbox 933 2322 1042 2377; x_wconf 85' lang='grc' dir='ltr'><strong>τῶν</strong></span> <span class='ocrx_word' id='word_1_242' title='bbox 1074 2316 1438 2391; x_wconf 80' lang='grc' dir='ltr'>συγγραφέων</span> <span class='ocrx_word' id='word_1_243' title='bbox 1473 2313 1613 2385; x_wconf 84' lang='grc' dir='ltr'>μετὰ</span> <span class='ocrx_word' id='word_1_244' title='bbox 1639 2313 1735 2383; x_wconf 84' lang='grc' dir='ltr'>τὴν</span> <span class='ocrx_word' id='word_1_245' title='bbox 1763 2313 1824 2363; x_wconf 79' lang='grc' dir='ltr'><strong>ἐκ</strong></span> 
     </span>
    </p>
   </div>
   <div class='ocr_carea' id='block_1_38' title="bbox 238 2406 1823 2487">
    <p class='ocr_par' dir='ltr' id='par_1_38' title="bbox 238 2406 1823 2487">
     <span class='ocr_line' id='line_1_38' title="bbox 238 2406 1823 2487; baseline -0.015 -7"><span class='ocrx_word' id='word_1_246' title='bbox 238 2424 564 2485; x_wconf 73' lang='grc' dir='ltr'>Βαϐυλῶνος</span> <span class='ocrx_word' id='word_1_247' title='bbox 615 2419 874 2473; x_wconf 79' lang='grc' dir='ltr'>ἐπάνοδον</span> <span class='ocrx_word' id='word_1_248' title='bbox 926 2414 1219 2487; x_wconf 74' lang='grc' dir='ltr'>εὐετηρίαν</span> <span class='ocrx_word' id='word_1_249' title='bbox 1259 2411 1471 2479; x_wconf 73' lang='grc' dir='ltr'>ἔφασαν</span> <span class='ocrx_word' id='word_1_250' title='bbox 1519 2406 1823 2476; x_wconf 84' lang='grc' dir='ltr'>γεγονέναι,</span> 
     </span>
    </p>
   </div>
   <div class='ocr_carea' id='block_1_39' title="bbox 248 2500 1825 2584">
    <p class='ocr_par' dir='ltr' id='par_1_39' title="bbox 248 2500 1825 2584">
     <span class='ocr_line' id='line_1_39' title="bbox 248 2500 1825 2584; baseline -0.013 -13"><span class='ocrx_word' id='word_1_251' title='bbox 248 2519 343 2571; x_wconf 72' lang='grc' dir='ltr'><strong>καὶ</strong></span> <span class='ocrx_word' id='word_1_252' title='bbox 369 2515 572 2584; x_wconf 78' lang='grc' dir='ltr'>πλῆθος</span> <span class='ocrx_word' id='word_1_253' title='bbox 593 2512 843 2584; x_wconf 75' lang='grc' dir='ltr'>ὄμϐρων,</span> <span class='ocrx_word' id='word_1_254' title='bbox 871 2510 970 2565; x_wconf 72' lang='grc' dir='ltr'>καὶ</span> <span class='ocrx_word' id='word_1_255' title='bbox 998 2509 1166 2562; x_wconf 80' lang='grc' dir='ltr'>πολὺν</span> <span class='ocrx_word' id='word_1_256' title='bbox 1192 2504 1383 2578; x_wconf 79' lang='grc' dir='ltr'>ῥεῦσαι</span> <span class='ocrx_word' id='word_1_257' title='bbox 1405 2503 1498 2556; x_wconf 79' lang='grc' dir='ltr'><strong>τὸν</strong></span> <span class='ocrx_word' id='word_1_258' title='bbox 1533 2500 1825 2571; x_wconf 84' lang='grc' dir='ltr'>Ἰορδάνην,</span> 
     </span>
    </p>
   </div>
   <div class='ocr_carea' id='block_1_40' title="bbox 245 2593 1829 2677">
    <p class='ocr_par' dir='ltr' id='par_1_40' title="bbox 245 2593 1829 2677">
     <span class='ocr_line' id='line_1_40' title="bbox 245 2593 1829 2677; baseline -0.015 -13"><span class='ocrx_word' id='word_1_259' title='bbox 245 2612 305 2664; x_wconf 77' lang='grc' dir='ltr'>ὃν</span> <span class='ocrx_word' id='word_1_260' title='bbox 332 2611 542 2677; x_wconf 67' lang='grc' dir='ltr'>ἔφασαν</span> <span class='ocrx_word' id='word_1_261' title='bbox 569 2606 826 2676; x_wconf 74' lang='grc' dir='ltr'>εἰρῆσθαι</span> <span class='ocrx_word' id='word_1_262' title='bbox 852 2600 948 2655; x_wconf 87' lang='grc' dir='ltr'><strong>τοῦ</strong></span> <span class='ocrx_word' id='word_1_263' title='bbox 976 2599 1111 2654; x_wconf 87' lang='grc' dir='ltr'>Θεοῦ</span> <span class='ocrx_word' id='word_1_264' title='bbox 1142 2597 1387 2667; x_wconf 89' lang='grc' dir='ltr'>ποταμόν</span> <span class='ocrx_word' id='word_1_265' title='bbox 1407 2612 1421 2627; x_wconf 89' lang='grc'><strong>·</strong></span> <span class='ocrx_word' id='word_1_266' title='bbox 1459 2593 1636 2648; x_wconf 86' lang='grc' dir='ltr'>καίτοι</span> <span class='ocrx_word' id='word_1_267' title='bbox 1667 2606 1829 2658; x_wconf 88' lang='grc' dir='ltr'>γεγο-</span> 
     </span>
    </p>
   </div>
   <div class='ocr_carea' id='block_1_41' title="bbox 242 2680 1830 2767">
    <p class='ocr_par' dir='ltr' id='par_1_41' title="bbox 242 2680 1830 2767">
     <span class='ocr_line' id='line_1_41' title="bbox 242 2680 1830 2767; baseline -0.014 -12"><span class='ocrx_word' id='word_1_268' title='bbox 242 2703 419 2755; x_wconf 80' lang='grc' dir='ltr'>νότων</span> <span class='ocrx_word' id='word_1_269' title='bbox 456 2702 515 2754; x_wconf 87' lang='grc' dir='ltr'><strong>ἐν</strong></span> <span class='ocrx_word' id='word_1_270' title='bbox 557 2697 789 2767; x_wconf 82' lang='grc' dir='ltr'>πλείστῃ</span> <span class='ocrx_word' id='word_1_271' title='bbox 832 2693 1017 2764; x_wconf 79' lang='grc' dir='ltr'>πενίᾳ,</span> <span class='ocrx_word' id='word_1_272' title='bbox 1046 2689 1302 2759; x_wconf 88' lang='grc' dir='ltr'>καθάπερ</span> <span class='ocrx_word' id='word_1_273' title='bbox 1326 2686 1559 2757; x_wconf 85' lang='grc' dir='ltr'>Ἔσδρας</span> <span class='ocrx_word' id='word_1_274' title='bbox 1601 2680 1830 2744; x_wconf 85' lang='grc' dir='ltr'>ἐδίδαξε,</span> 
     </span>
    </p>
   </div>
   <div class='ocr_carea' id='block_1_42' title="bbox 242 2769 1836 2862">
    <p class='ocr_par' dir='ltr' id='par_1_42' title="bbox 242 2769 1836 2862">
     <span class='ocr_line' id='line_1_42' title="bbox 242 2769 1836 2862; baseline -0.015 -16"><span class='ocrx_word' id='word_1_275' title='bbox 242 2794 342 2845; x_wconf 71' lang='grc' dir='ltr'>καὶ</span> <span class='ocrx_word' id='word_1_276' title='bbox 381 2792 482 2862; x_wconf 79' lang='grc' dir='ltr'><strong>τῆς</strong></span> <span class='ocrx_word' id='word_1_277' title='bbox 513 2789 623 2843; x_wconf 81' lang='grc' dir='ltr'><strong>τῶν</strong></span> <span class='ocrx_word' id='word_1_278' title='bbox 654 2786 825 2840; x_wconf 83' lang='grc' dir='ltr'>ἐθνῶν</span> <span class='ocrx_word' id='word_1_279' title='bbox 859 2783 1106 2853; x_wconf 83' lang='grc' dir='ltr'>κλήσεως</span> <span class='ocrx_word' id='word_1_280' title='bbox 1136 2776 1475 2847; x_wconf 83' lang='grc' dir='ltr'>ἀπαιτούσης</span> <span class='ocrx_word' id='word_1_281' title='bbox 1499 2816 1514 2840; x_wconf 90' lang='grc'><strong>,</strong></span> <span class='ocrx_word' id='word_1_282' title='bbox 1561 2769 1836 2827; x_wconf 81' lang='grc' dir='ltr'>ἀκόλουθα</span> 
     </span>
    </p>
   </div>
   <div class='ocr_carea' id='block_1_43' title="bbox 240 2863 1835 2949">
    <p class='ocr_par' dir='ltr' id='par_1_43' title="bbox 240 2863 1835 2949">
     <span class='ocr_line' id='line_1_43' title="bbox 240 2863 1835 2949; baseline -0.014 -11"><span class='ocrx_word' id='word_1_283' title='bbox 240 2886 314 2938; x_wconf 79' lang='grc' dir='ltr'>τὰ</span> <span class='ocrx_word' id='word_1_284' title='bbox 346 2883 516 2937; x_wconf 83' lang='grc' dir='ltr'>λοιπὰ</span> <span class='ocrx_word' id='word_1_285' title='bbox 550 2880 644 2934; x_wconf 86' lang='grc' dir='ltr'><strong>τοῦ</strong></span> <span class='ocrx_word' id='word_1_286' title='bbox 673 2874 915 2949; x_wconf 77' lang='grc' dir='ltr'>ψαλμοῦ.</span> <span class='ocrx_word' id='word_1_287' title='bbox 948 2875 1012 2929; x_wconf 79' lang='grc' dir='ltr'><strong>Οἱ</strong></span> <span class='ocrx_word' id='word_1_288' title='bbox 1048 2873 1105 2927; x_wconf 86' lang='grc' dir='ltr'><strong>δέ</strong></span> <span class='ocrx_word' id='word_1_289' title='bbox 1137 2869 1380 2942; x_wconf 84' lang='grc' dir='ltr'>μυθικῶς</span> <span class='ocrx_word' id='word_1_290' title='bbox 1412 2884 1576 2936; x_wconf 85' lang='grc' dir='ltr'>φασιν</span> <span class='ocrx_word' id='word_1_291' title='bbox 1613 2863 1835 2918; x_wconf 74' lang='grc' dir='ltr'>ἔσεσθαι</span> 
     </span>
    </p>
   </div>
   <div class='ocr_carea' id='block_1_44' title="bbox 240 2957 1839 3046">
    <p class='ocr_par' dir='ltr' id='par_1_44' title="bbox 240 2957 1839 3046">
     <span class='ocr_line' id='line_1_44' title="bbox 240 2957 1839 3046; baseline -0.014 -13"><span class='ocrx_word' id='word_1_292' title='bbox 240 2978 430 3033; x_wconf 84' lang='grc' dir='ltr'>ταῦτα</span> <span class='ocrx_word' id='word_1_293' title='bbox 466 2975 602 3046; x_wconf 78' lang='grc' dir='ltr'>μετὰ</span> <span class='ocrx_word' id='word_1_294' title='bbox 635 2974 735 3043; x_wconf 82' lang='grc' dir='ltr'>τὴν</span> <span class='ocrx_word' id='word_1_295' title='bbox 769 2967 1044 3024; x_wconf 81' lang='grc' dir='ltr'>Ἰουδαίων</span> <span class='ocrx_word' id='word_1_296' title='bbox 1070 2968 1127 3020; x_wconf 87' lang='grc' dir='ltr'><strong>ἐν</strong></span> <span class='ocrx_word' id='word_1_297' title='bbox 1157 2964 1405 3033; x_wconf 73' lang='grc' dir='ltr'>ἐσχάτοις</span> <span class='ocrx_word' id='word_1_298' title='bbox 1439 2958 1738 3030; x_wconf 80' lang='grc' dir='ltr'>ἀνάκλησιν</span> <span class='ocrx_word' id='word_1_299' title='bbox 1759 2957 1839 3011; x_wconf 84' lang='grc' dir='ltr'>οἰ-</span> 
     </span>
    </p>
   </div>
   <div class='ocr_carea' id='block_1_45' title="bbox 247 3052 1320 3139">
    <p class='ocr_par' dir='ltr' id='par_1_45' title="bbox 247 3052 1320 3139">
     <span class='ocr_line' id='line_1_45' title="bbox 247 3052 1320 3139; baseline -0.016 -17"><span class='ocrx_word' id='word_1_300' title='bbox 247 3063 779 3139; x_wconf 84' lang='grc' dir='ltr'>κοδομηθησομένης</span> <span class='ocrx_word' id='word_1_301' title='bbox 808 3060 906 3130; x_wconf 84' lang='grc' dir='ltr'><strong>τῆς</strong></span> <span class='ocrx_word' id='word_1_302' title='bbox 942 3052 1320 3125; x_wconf 84' lang='grc' dir='ltr'>Ἰερουσαλήμ.</span> 
     </span>
    </p>
   </div>
   <div class='ocr_carea' id='block_1_46' title="bbox 820 3278 1271 3335">
    <p class='ocr_par' dir='ltr' id='par_1_46' title="bbox 820 3278 1271 3335">
     <span class='ocr_line' id='line_1_46' title="bbox 820 3278 1271 3335; baseline -0.009 0"><span class='ocrx_word' id='word_1_303' title='bbox 820 3278 1116 3335; x_wconf 81' lang='grc' dir='ltr'><strong>ΨΑΛΜΟΣ</strong></span> <span class='ocrx_word' id='word_1_304' title='bbox 1152 3278 1271 3331; x_wconf 84' lang='grc' dir='ltr'><strong>ΞΕ’.</strong></span> 
     </span>
    </p>
   </div>
   <div class='ocr_carea' id='block_1_47' title="bbox 334 3370 1411 3451">
    <p class='ocr_par' dir='ltr' id='par_1_47' title="bbox 334 3370 1411 3451">
     <span class='ocr_line' id='line_1_47' title="bbox 334 3370 1411 3451; baseline -0.016 -15"><span class='ocrx_word' id='word_1_305' title='bbox 334 3403 354 3435; x_wconf 78' lang='grc' dir='ltr'><strong>ι</strong></span> <span class='ocrx_word' id='word_1_306' title='bbox 388 3382 592 3435; x_wconf 71' lang='grc' dir='ltr'>Εἴπατε</span> <span class='ocrx_word' id='word_1_307' title='bbox 619 3376 696 3449; x_wconf 79' lang='grc' dir='ltr'>τῷ</span> <span class='ocrx_word' id='word_1_308' title='bbox 726 3373 876 3445; x_wconf 78' lang='grc' dir='ltr'><strong>Θεῷ’</strong></span> <span class='ocrx_word' id='word_1_309' title='bbox 908 3374 999 3436; x_wconf 85' lang='grc' dir='ltr'>Ὠς</span> <span class='ocrx_word' id='word_1_310' title='bbox 1027 3370 1253 3451; x_wconf 63' lang='grc' dir='ltr'>φοβερά.</span> <span class='ocrx_word' id='word_1_311' title='bbox 1281 3386 1300 3420; x_wconf 71' lang='grc' dir='ltr'><strong>ι</strong></span> <span class='ocrx_word' id='word_1_312' title='bbox 1408 3448 1411 3451; x_wconf 21' lang='grc' dir='ltr'><strong>Ι</strong></span> 
     </span>
    </p>
   </div>
   <div class='ocr_carea' id='block_1_48' title="bbox 328 3440 1841 3546">
    <p class='ocr_par' dir='ltr' id='par_1_48' title="bbox 328 3440 1841 3546">
     <span class='ocr_line' id='line_1_48' title="bbox 328 3440 1841 3546; baseline -0.015 -13"><span class='ocrx_word' id='word_1_313' title='bbox 328 3478 492 3533; x_wconf 79' lang='grc' dir='ltr'>Οῦτω</span> <span class='ocrx_word' id='word_1_314' title='bbox 542 3440 778 3546; x_wconf 47' lang='grc' dir='ltr'>γὰρ’τῷ</span> <span class='ocrx_word' id='word_1_315' title='bbox 817 3440 1050 3541; x_wconf 74' lang='grc' dir='ltr'>μεγέθει</span> <span class='ocrx_word' id='word_1_316' title='bbox 1091 3440 1200 3520; x_wconf 66' lang='grc' dir='ltr'><strong>⁸έῶν</strong></span> <span class='ocrx_word' id='word_1_317' title='bbox 1252 3463 1382 3534; x_wconf 67' lang='grc' dir='ltr'><strong>περὶ¹</strong></span> <span class='ocrx_word' id='word_1_318' title='bbox 1408 3448 1509 3516; x_wconf 86' lang='grc' dir='ltr'><strong>¹σοῦ</strong></span> <span class='ocrx_word' id='word_1_319' title='bbox 1540 3459 1841 3531; x_wconf 77' lang='grc' dir='ltr'>γινομένων</span> 
     </span>
    </p>
   </div>
   <div class='ocr_carea' id='block_1_49' title="bbox 255 3549 1841 3641">
    <p class='ocr_par' dir='ltr' id='par_1_49' title="bbox 255 3549 1841 3641">
     <span class='ocr_line' id='line_1_49' title="bbox 255 3549 1841 3641; baseline -0.015 -15"><span class='ocrx_word' id='word_1_320' title='bbox 255 3569 662 3641; x_wconf 79' lang='grc' dir='ltr'>περιϐλέπτους</span> <span class='ocrx_word' id='word_1_321' title='bbox 708 3563 1008 3631; x_wconf 83' lang='grc' dir='ltr'>ἀποφανεῖς</span> <span class='ocrx_word' id='word_1_322' title='bbox 1051 3558 1177 3622; x_wconf 80' lang='grc' dir='ltr'>τούς</span> <span class='ocrx_word' id='word_1_323' title='bbox 1220 3574 1303 3610; x_wconf 87' lang='grc' dir='ltr'><strong>σοι</strong></span> <span class='ocrx_word' id='word_1_324' title='bbox 1338 3554 1736 3625; x_wconf 84' lang='grc' dir='ltr'>προσήκοντας,</span> <span class='ocrx_word' id='word_1_325' title='bbox 1766 3549 1841 3612; x_wconf 86' lang='grc' dir='ltr'>ὡς</span> 
     </span>
    </p>
   </div>
   <div class='ocr_carea' id='block_1_50' title="bbox 256 3641 1842 3722">
    <p class='ocr_par' dir='ltr' id='par_1_50' title="bbox 256 3641 1842 3722">
     <span class='ocr_line' id='line_1_50' title="bbox 256 3641 1842 3722; baseline -0.016 -7"><span class='ocrx_word' id='word_1_326' title='bbox 256 3660 496 3722; x_wconf 78' lang='grc' dir='ltr'>πολλοὺς</span> <span class='ocrx_word' id='word_1_327' title='bbox 519 3658 616 3712; x_wconf 72' lang='grc' dir='ltr'><strong>καὶ</strong></span> <span class='ocrx_word' id='word_1_328' title='bbox 643 3655 753 3709; x_wconf 90' lang='grc' dir='ltr'><strong>τῶν</strong></span> <span class='ocrx_word' id='word_1_329' title='bbox 785 3653 1042 3707; x_wconf 78' lang='grc' dir='ltr'>ἐναντίων</span> <span class='ocrx_word' id='word_1_330' title='bbox 1067 3645 1458 3718; x_wconf 83' lang='grc' dir='ltr'>ὑποκρίνεσθαι</span> <span class='ocrx_word' id='word_1_331' title='bbox 1478 3641 1842 3714; x_wconf 78' lang='grc' dir='ltr'>ψευδομένους</span> 
     </span>
    </p>
   </div>
   <div class='ocr_carea' id='block_1_51' title="bbox 252 3737 1843 3826">
    <p class='ocr_par' dir='ltr' id='par_1_51' title="bbox 252 3737 1843 3826">
     <span class='ocr_line' id='line_1_51' title="bbox 252 3737 1843 3826; baseline -0.013 -20"><span class='ocrx_word' id='word_1_332' title='bbox 252 3755 361 3826; x_wconf 79' lang='grc' dir='ltr'>τὴν</span> <span class='ocrx_word' id='word_1_333' title='bbox 395 3751 494 3822; x_wconf 81' lang='grc' dir='ltr'><strong>σὴν</strong></span> <span class='ocrx_word' id='word_1_334' title='bbox 540 3748 813 3804; x_wconf 77' lang='grc' dir='ltr'>δουλείαν·</span> <span class='ocrx_word' id='word_1_335' title='bbox 846 3745 1005 3799; x_wconf 87' lang='grc' dir='ltr'>τοῦτο</span> <span class='ocrx_word' id='word_1_336' title='bbox 1033 3742 1091 3796; x_wconf 85' lang='grc' dir='ltr'><strong>δέ</strong></span> <span class='ocrx_word' id='word_1_337' title='bbox 1119 3742 1364 3811; x_wconf 88' lang='grc' dir='ltr'>γέγονεν,</span> <span class='ocrx_word' id='word_1_338' title='bbox 1399 3739 1488 3792; x_wconf 82' lang='grc' dir='ltr'>ὅτε</span> <span class='ocrx_word' id='word_1_339' title='bbox 1537 3737 1633 3789; x_wconf 75' lang='grc' dir='ltr'>καὶ</span> <span class='ocrx_word' id='word_1_340' title='bbox 1683 3750 1843 3826; x_wconf 82' lang='grc' dir='ltr'>περι-</span> 
     </span>
    </p>
   </div>
   <div class='ocr_carea' id='block_1_52' title="bbox 256 3825 1843 3918">
    <p class='ocr_par' dir='ltr' id='par_1_52' title="bbox 256 3825 1843 3918">
     <span class='ocr_line' id='line_1_52' title="bbox 256 3825 1843 3918; baseline -0.015 -17"><span class='ocrx_word' id='word_1_341' title='bbox 256 3825 540 3918; x_wconf 83' lang='grc' dir='ltr'>τμηθῆναι</span> <span class='ocrx_word' id='word_1_342' title='bbox 571 3841 759 3895; x_wconf 71' lang='grc' dir='ltr'>πολλοὶ</span> <span class='ocrx_word' id='word_1_343' title='bbox 787 3839 897 3893; x_wconf 85' lang='grc' dir='ltr'><strong>τῶν</strong></span> <span class='ocrx_word' id='word_1_344' title='bbox 926 3836 1184 3891; x_wconf 86' lang='grc' dir='ltr'>ἐναντίων</span> <span class='ocrx_word' id='word_1_345' title='bbox 1218 3832 1528 3903; x_wconf 75' lang='grc' dir='ltr'>ἠνέσχοντο,</span> <span class='ocrx_word' id='word_1_346' title='bbox 1555 3825 1843 3897; x_wconf 79' lang='grc' dir='ltr'>ὑποκρινό-</span> 
     </span>
    </p>
   </div>
   <div class='ocr_carea' id='block_1_53' title="bbox 260 3920 1847 4011">
    <p class='ocr_par' dir='ltr' id='par_1_53' title="bbox 260 3920 1847 4011">
     <span class='ocr_line' id='line_1_53' title="bbox 260 3920 1847 4011; baseline -0.014 -18"><span class='ocrx_word' id='word_1_347' title='bbox 260 3956 423 4011; x_wconf 82' lang='grc' dir='ltr'>μενοι</span> <span class='ocrx_word' id='word_1_348' title='bbox 439 3937 530 3991; x_wconf 69' lang='grc' dir='ltr'>τὸν</span> <span class='ocrx_word' id='word_1_349' title='bbox 572 3932 924 4004; x_wconf 86' lang='grc' dir='ltr'>Ἰουδαῖσμόν.</span> <span class='ocrx_word' id='word_1_350' title='bbox 967 3932 1076 3984; x_wconf 78' lang='grc' dir='ltr'><strong>Καὶ</strong></span> <span class='ocrx_word' id='word_1_351' title='bbox 1100 3927 1289 3981; x_wconf 78' lang='grc' dir='ltr'>τούτου</span> <span class='ocrx_word' id='word_1_352' title='bbox 1317 3920 1847 3998; x_wconf 84' lang='grc' dir='ltr'>μάρτυςἸὼσηππος</span> 
     </span>
    </p>
   </div>
   <div class='ocr_carea' id='block_1_54' title="bbox 1921 1964 3507 2039">
    <p class='ocr_par' dir='ltr' id='par_1_54' title="bbox 1921 1964 3507 2039">
     <span class='ocr_line' id='line_1_54' title="bbox 1921 1964 3507 2039; baseline 0.005 -23"><span class='ocrx_word' id='word_1_353' title='bbox 1921 1964 2256 2033; x_wconf 82' lang='lat' dir='ltr'><strong>promissio?</strong></span> <span class='ocrx_word' id='word_1_354' title='bbox 2287 1965 2442 2020; x_wconf 82' lang='lat' dir='ltr'><strong>Beati</strong></span> <span class='ocrx_word' id='word_1_355' title='bbox 2473 1968 2563 2037; x_wconf 82' lang='lat' dir='ltr'><strong>qui</strong></span> <span class='ocrx_word' id='word_1_356' title='bbox 2592 1967 2807 2039; x_wconf 85' lang='lat' dir='ltr'><strong>lugent,</strong></span> <span class='ocrx_word' id='word_1_357' title='bbox 2844 1970 3093 2039; x_wconf 80' lang='lat' dir='ltr'><strong>quoniam</strong></span> <span class='ocrx_word' id='word_1_358' title='bbox 3137 1970 3240 2039; x_wconf 79' lang='lat' dir='ltr'><strong>ipsi</strong></span> <span class='ocrx_word' id='word_1_359' title='bbox 3267 1970 3507 2025; x_wconf 82' lang='lat' dir='ltr'><strong>consola—</strong></span> 
     </span>
    </p>
   </div>
   <div class='ocr_carea' id='block_1_55' title="bbox 1923 2055 2194 2108">
    <p class='ocr_par' dir='ltr' id='par_1_55' title="bbox 1923 2055 2194 2108">
     <span class='ocr_line' id='line_1_55' title="bbox 1923 2055 2194 2108; baseline 0.007 -2"><span class='ocrx_word' id='word_1_360' title='bbox 1923 2055 2194 2108; x_wconf 73' lang='lat' dir='ltr'><strong>buntur&quot;.</strong></span> 
     </span>
    </p>
   </div>
   <div class='ocr_carea' id='block_1_56' title="bbox 2450 2127 2989 2184">
    <p class='ocr_par' dir='ltr' id='par_1_56' title="bbox 2450 2127 2989 2184">
     <span class='ocr_line' id='line_1_56' title="bbox 2450 2127 2989 2184; baseline 0.006 -3"><span class='ocrx_word' id='word_1_361' title='bbox 2450 2127 2769 2184; x_wconf 67' lang='lat' dir='ltr'><strong>PSALMUS</strong></span> <span class='ocrx_word' id='word_1_362' title='bbox 2807 2127 2989 2184; x_wconf 74' lang='lat' dir='ltr'><strong>LXIV.</strong></span> 
     </span>
    </p>
   </div>
   <div class='ocr_carea' id='block_1_57' title="bbox 1999 2220 3150 2278">
    <p class='ocr_par' dir='ltr' id='par_1_57' title="bbox 1999 2220 3150 2278">
     <span class='ocr_line' id='line_1_57' title="bbox 1999 2220 3150 2278; baseline 0.002 -4"><span class='ocrx_word' id='word_1_363' title='bbox 1999 2221 2157 2274; x_wconf 73' lang='lat' dir='ltr'><strong>Vsus.</strong></span> <span class='ocrx_word' id='word_1_364' title='bbox 2192 2220 2275 2272; x_wconf 66' lang='lat'><strong>1‘2.</strong></span> <span class='ocrx_word' id='word_1_365' title='bbox 2325 2240 2343 2272; x_wconf 78' lang='grc' dir='ltr'><strong>ι</strong></span> <span class='ocrx_word' id='word_1_366' title='bbox 2378 2220 2672 2276; x_wconf 89' lang='lat' dir='ltr'><strong>Benedices</strong></span> <span class='ocrx_word' id='word_1_367' title='bbox 2702 2238 2915 2278; x_wconf 78' lang='lat' dir='ltr'><strong>eorome</strong></span> <span class='ocrx_word' id='word_1_368' title='bbox 2943 2225 3094 2278; x_wconf 89' lang='lat' dir='ltr'><strong>anni.</strong></span> <span class='ocrx_word' id='word_1_369' title='bbox 3132 2244 3150 2276; x_wconf 74' lang='grc' dir='ltr'><strong>ι</strong></span> 
     </span>
    </p>
   </div>
   <div class='ocr_carea' id='block_1_58' title="bbox 1998 2311 3510 2391">
    <p class='ocr_par' dir='ltr' id='par_1_58' title="bbox 1998 2311 3510 2391">
     <span class='ocr_line' id='line_1_58' title="bbox 1998 2311 3510 2391; baseline 0.008 -26"><span class='ocrx_word' id='word_1_370' title='bbox 1998 2311 2169 2367; x_wconf 83' lang='lat' dir='ltr'><strong>Porro</strong></span> <span class='ocrx_word' id='word_1_371' title='bbox 2214 2314 2535 2377; x_wconf 86' lang='lat' dir='ltr'><strong>sciendum.</strong></span> <span class='ocrx_word' id='word_1_372' title='bbox 2581 2317 2857 2385; x_wconf 89' lang='lat' dir='ltr'><strong>quomodo</strong></span> <span class='ocrx_word' id='word_1_373' title='bbox 2910 2319 3157 2374; x_wconf 88' lang='lat' dir='ltr'><strong>nonnulli</strong></span> <span class='ocrx_word' id='word_1_374' title='bbox 3215 2322 3510 2391; x_wconf 75' lang='lat' dir='ltr'><strong>scriptorcs</strong></span> 
     </span>
    </p>
   </div>
   <div class='ocr_carea' id='block_1_59' title="bbox 1928 2404 3508 2477">
    <p class='ocr_par' dir='ltr' id='par_1_59' title="bbox 1928 2404 3508 2477">
     <span class='ocr_line' id='line_1_59' title="bbox 1928 2404 3508 2477; baseline 0.008 -22"><span class='ocrx_word' id='word_1_375' title='bbox 1928 2414 2053 2473; x_wconf 85' lang='lat' dir='ltr'><strong>post</strong></span> <span class='ocrx_word' id='word_1_376' title='bbox 2081 2404 2317 2460; x_wconf 88' lang='lat' dir='ltr'><strong>reditum</strong></span> <span class='ocrx_word' id='word_1_377' title='bbox 2367 2422 2398 2460; x_wconf 92' lang='lat' dir='ltr'><strong>e</strong></span> <span class='ocrx_word' id='word_1_378' title='bbox 2444 2406 2717 2477; x_wconf 87' lang='lat' dir='ltr'><strong>Babylone</strong></span> <span class='ocrx_word' id='word_1_379' title='bbox 2747 2422 2974 2465; x_wconf 86' lang='lat' dir='ltr'><strong>narrent</strong></span> <span class='ocrx_word' id='word_1_380' title='bbox 3011 2409 3350 2467; x_wconf 89' lang='lat' dir='ltr'><strong>uberrimum</strong></span> <span class='ocrx_word' id='word_1_381' title='bbox 3380 2414 3508 2468; x_wconf 87' lang='lat' dir='ltr'><strong>anni</strong></span> 
     </span>
    </p>
   </div>
   <div class='ocr_carea' id='block_1_60' title="bbox 1929 2499 3513 2570">
    <p class='ocr_par' dir='ltr' id='par_1_60' title="bbox 1929 2499 3513 2570">
     <span class='ocr_line' id='line_1_60' title="bbox 1929 2499 3513 2570; baseline 0.006 -21"><span class='ocrx_word' id='word_1_382' title='bbox 1929 2506 2258 2566; x_wconf 71' lang='lat' dir='ltr'><strong>proventum</strong></span> <span class='ocrx_word' id='word_1_383' title='bbox 2313 2499 2615 2560; x_wconf 81' lang='lat' dir='ltr'><strong>exstitisse.</strong></span> <span class='ocrx_word' id='word_1_384' title='bbox 2661 2510 2716 2555; x_wconf 86' lang='lat' dir='ltr'><strong>et</strong></span> <span class='ocrx_word' id='word_1_385' title='bbox 2777 2502 3124 2559; x_wconf 86' lang='lat' dir='ltr'><strong>abundantes</strong></span> <span class='ocrx_word' id='word_1_386' title='bbox 3182 2504 3409 2570; x_wconf 88' lang='lat' dir='ltr'><strong>imbres,</strong></span> <span class='ocrx_word' id='word_1_387' title='bbox 3457 2515 3513 2559; x_wconf 89' lang='lat' dir='ltr'><strong>et</strong></span> 
     </span>
    </p>
   </div>
   <div class='ocr_carea' id='block_1_61' title="bbox 1932 2587 3511 2664">
    <p class='ocr_par' dir='ltr' id='par_1_61' title="bbox 1932 2587 3511 2664">
     <span class='ocr_line' id='line_1_61' title="bbox 1932 2587 3511 2664; baseline 0.008 -24"><span class='ocrx_word' id='word_1_388' title='bbox 1932 2602 2185 2657; x_wconf 84' lang='lat' dir='ltr'><strong>magnam</strong></span> <span class='ocrx_word' id='word_1_389' title='bbox 2218 2587 2473 2644; x_wconf 71' lang='lat' dir='ltr'><strong>Iordanis</strong></span> <span class='ocrx_word' id='word_1_390' title='bbox 2498 2591 2934 2659; x_wconf 84' lang='lat' dir='ltr'><strong>inundationem,</strong></span> <span class='ocrx_word' id='word_1_391' title='bbox 2967 2611 3130 2664; x_wconf 87' lang='lat' dir='ltr'><strong>quem</strong></span> <span class='ocrx_word' id='word_1_392' title='bbox 3170 2596 3265 2651; x_wconf 87' lang='lat' dir='ltr'><strong>Dei</strong></span> <span class='ocrx_word' id='word_1_393' title='bbox 3310 2596 3511 2651; x_wconf 85' lang='lat' dir='ltr'><strong>ﬂumen</strong></span> 
     </span>
    </p>
   </div>
   <div class='ocr_carea' id='block_1_62' title="bbox 1934 2680 3515 2759">
    <p class='ocr_par' dir='ltr' id='par_1_62' title="bbox 1934 2680 3515 2759">
     <span class='ocr_line' id='line_1_62' title="bbox 1934 2680 3515 2759; baseline 0.008 -27"><span class='ocrx_word' id='word_1_394' title='bbox 1934 2680 2117 2733; x_wconf 81' lang='lat' dir='ltr'><strong>vocari</strong></span> <span class='ocrx_word' id='word_1_395' title='bbox 2174 2681 2516 2736; x_wconf 83' lang='lat' dir='ltr'><strong>tradiderunt</strong></span> <span class='ocrx_word' id='word_1_396' title='bbox 2560 2701 2574 2736; x_wconf 89' lang='lat'>:</span> <span class='ocrx_word' id='word_1_397' title='bbox 2620 2694 2998 2739; x_wconf 81' lang='lat' dir='ltr'><strong>verumtamen</strong></span> <span class='ocrx_word' id='word_1_398' title='bbox 3043 2703 3166 2742; x_wconf 89' lang='lat' dir='ltr'><strong>cum</strong></span> <span class='ocrx_word' id='word_1_399' title='bbox 3215 2687 3271 2744; x_wconf 90' lang='lat' dir='ltr'><strong>in</strong></span> <span class='ocrx_word' id='word_1_400' title='bbox 3320 2705 3515 2759; x_wconf 75' lang='lat' dir='ltr'><strong>magna</strong></span> 
     </span>
    </p>
   </div>
   <div class='ocr_carea' id='block_1_63' title="bbox 1937 2771 3519 2853">
    <p class='ocr_par' dir='ltr' id='par_1_63' title="bbox 1937 2771 3519 2853">
     <span class='ocr_line' id='line_1_63' title="bbox 1937 2771 3519 2853; baseline 0.007 -29"><span class='ocrx_word' id='word_1_401' title='bbox 1937 2771 2170 2840; x_wconf 89' lang='lat' dir='ltr'><strong>penuria</strong></span> <span class='ocrx_word' id='word_1_402' title='bbox 2196 2774 2398 2827; x_wconf 84' lang='lat' dir='ltr'><strong>versati</strong></span> <span class='ocrx_word' id='word_1_403' title='bbox 2433 2773 2659 2838; x_wconf 81' lang='lat' dir='ltr'><strong>fuerint,</strong></span> <span class='ocrx_word' id='word_1_404' title='bbox 2695 2776 2772 2830; x_wconf 88' lang='lat' dir='ltr'><strong>uti</strong></span> <span class='ocrx_word' id='word_1_405' title='bbox 2804 2776 3003 2832; x_wconf 88' lang='lat' dir='ltr'><strong>Esdras</strong></span> <span class='ocrx_word' id='word_1_406' title='bbox 3053 2779 3258 2843; x_wconf 90' lang='lat' dir='ltr'><strong>docuit,</strong></span> <span class='ocrx_word' id='word_1_407' title='bbox 3290 2790 3345 2835; x_wconf 92' lang='lat' dir='ltr'><strong>ct</strong></span> <span class='ocrx_word' id='word_1_408' title='bbox 3389 2797 3519 2853; x_wconf 74' lang='lat' dir='ltr'><strong>gcn~</strong></span> 
     </span>
    </p>
   </div>
   <div class='ocr_carea' id='block_1_64' title="bbox 1940 2860 3519 2941">
    <p class='ocr_par' dir='ltr' id='par_1_64' title="bbox 1940 2860 3519 2941">
     <span class='ocr_line' id='line_1_64' title="bbox 1940 2860 3519 2941; baseline 0.008 -28"><span class='ocrx_word' id='word_1_409' title='bbox 1940 2860 2076 2915; x_wconf 90' lang='lat' dir='ltr'><strong>tium</strong></span> <span class='ocrx_word' id='word_1_410' title='bbox 2103 2862 2313 2917; x_wconf 82' lang='lat' dir='ltr'><strong>vocatio</strong></span> <span class='ocrx_word' id='word_1_411' title='bbox 2344 2873 2643 2934; x_wconf 87' lang='lat' dir='ltr'><strong>appeteret,</strong></span> <span class='ocrx_word' id='word_1_412' title='bbox 2678 2865 2808 2921; x_wconf 87' lang='lat' dir='ltr'><strong>huic</strong></span> <span class='ocrx_word' id='word_1_413' title='bbox 2844 2866 3052 2938; x_wconf 88' lang='lat' dir='ltr'><strong>reliqua</strong></span> <span class='ocrx_word' id='word_1_414' title='bbox 3081 2884 3294 2941; x_wconf 88' lang='lat' dir='ltr'><strong>quoque</strong></span> <span class='ocrx_word' id='word_1_415' title='bbox 3325 2871 3519 2941; x_wconf 78' lang='lat' dir='ltr'><strong>psalmi</strong></span> 
     </span>
    </p>
   </div>
   <div class='ocr_carea' id='block_1_65' title="bbox 1940 2956 3521 3032">
    <p class='ocr_par' dir='ltr' id='par_1_65' title="bbox 1940 2956 3521 3032">
     <span class='ocr_line' id='line_1_65' title="bbox 1940 2956 3521 3032; baseline 0.008 -25"><span class='ocrx_word' id='word_1_416' title='bbox 1940 2956 2398 3009; x_wconf 85' lang='lat' dir='ltr'><strong>accommodanda</strong></span> <span class='ocrx_word' id='word_1_417' title='bbox 2451 2965 2598 3011; x_wconf 88' lang='lat' dir='ltr'><strong>sunt.</strong></span> <span class='ocrx_word' id='word_1_418' title='bbox 2625 2958 2911 3028; x_wconf 63' lang='lat' dir='ltr'><strong>Caeterum</strong></span> <span class='ocrx_word' id='word_1_419' title='bbox 2962 2968 3091 3016; x_wconf 91' lang='lat' dir='ltr'><strong>sunt</strong></span> <span class='ocrx_word' id='word_1_420' title='bbox 3141 2964 3233 3032; x_wconf 94' lang='lat' dir='ltr'><strong>qui</strong></span> <span class='ocrx_word' id='word_1_421' title='bbox 3273 2963 3521 3019; x_wconf 74' lang='lat' dir='ltr'><strong>fabulose</strong></span> 
     </span>
    </p>
   </div>
   <div class='ocr_carea' id='block_1_66' title="bbox 1942 3047 3519 3120">
    <p class='ocr_par' dir='ltr' id='par_1_66' title="bbox 1942 3047 3519 3120">
     <span class='ocr_line' id='line_1_66' title="bbox 1942 3047 3519 3120; baseline 0.008 -20"><span class='ocrx_word' id='word_1_422' title='bbox 1942 3047 2128 3101; x_wconf 85' lang='lat' dir='ltr'><strong>dicant</strong></span> <span class='ocrx_word' id='word_1_423' title='bbox 2177 3047 2294 3103; x_wconf 88' lang='lat' dir='ltr'><strong>fore</strong></span> <span class='ocrx_word' id='word_1_424' title='bbox 2332 3052 2599 3120; x_wconf 69' lang='lat' dir='ltr'><strong>posthaec</strong></span> <span class='ocrx_word' id='word_1_425' title='bbox 2622 3051 2933 3107; x_wconf 70' lang='lat' dir='ltr'><strong>Iudaeorum</strong></span> <span class='ocrx_word' id='word_1_426' title='bbox 2973 3055 3074 3109; x_wconf 91' lang='lat' dir='ltr'><strong>sub</strong></span> <span class='ocrx_word' id='word_1_427' title='bbox 3111 3066 3349 3111; x_wconf 76' lang='lat' dir='ltr'><strong>extrema</strong></span> <span class='ocrx_word' id='word_1_428' title='bbox 3381 3067 3519 3113; x_wconf 88' lang='lat' dir='ltr'><strong>tem-</strong></span> 
     </span>
    </p>
   </div>
   <div class='ocr_carea' id='block_1_67' title="bbox 1945 3143 3517 3216">
    <p class='ocr_par' dir='ltr' id='par_1_67' title="bbox 1945 3143 3517 3216">
     <span class='ocr_line' id='line_1_67' title="bbox 1945 3143 3517 3216; baseline 0.009 -24"><span class='ocrx_word' id='word_1_429' title='bbox 1945 3154 2076 3208; x_wconf 90' lang='lat' dir='ltr'><strong>pora</strong></span> <span class='ocrx_word' id='word_1_430' title='bbox 2100 3143 2504 3197; x_wconf 86' lang='lat' dir='ltr'><strong>revocationcm</strong></span> <span class='ocrx_word' id='word_1_431' title='bbox 2536 3152 2593 3200; x_wconf 85' lang='lat' dir='ltr'><strong>et</strong></span> <span class='ocrx_word' id='word_1_432' title='bbox 2626 3144 3015 3216; x_wconf 58' lang='lat' dir='ltr'><strong>Hierosolyma</strong></span> <span class='ocrx_word' id='word_1_433' title='bbox 3046 3147 3517 3206; x_wconf 78' lang='lat' dir='ltr'><strong>instaurationem.</strong></span> 
     </span>
    </p>
   </div>
   <div class='ocr_carea' id='block_1_68' title="bbox 2476 3254 2990 3312">
    <p class='ocr_par' dir='ltr' id='par_1_68' title="bbox 2476 3254 2990 3312">
     <span class='ocr_line' id='line_1_68' title="bbox 2476 3254 2990 3312; baseline 0.008 -4"><span class='ocrx_word' id='word_1_434' title='bbox 2476 3254 2793 3311; x_wconf 81' lang='lat' dir='ltr'><strong>PSALMUS</strong></span> <span class='ocrx_word' id='word_1_435' title='bbox 2831 3256 2990 3312; x_wconf 80' lang='lat' dir='ltr'><strong>LXV.</strong></span> 
     </span>
    </p>
   </div>
   <div class='ocr_carea' id='block_1_69' title="bbox 2013 3341 3302 3415">
    <p class='ocr_par' dir='ltr' id='par_1_69' title="bbox 2013 3341 3302 3415">
     <span class='ocr_line' id='line_1_69' title="bbox 2013 3341 3302 3415; baseline 0.009 -21"><span class='ocrx_word' id='word_1_436' title='bbox 2013 3341 2176 3397; x_wconf 70' lang='lat' dir='ltr'><strong>Vsus.</strong></span> <span class='ocrx_word' id='word_1_437' title='bbox 2211 3344 2266 3398; x_wconf 82' lang='grc'><strong>5.</strong></span> <span class='ocrx_word' id='word_1_438' title='bbox 2315 3363 2333 3395; x_wconf 69' lang='grc' dir='ltr'><em>ς</em></span> <span class='ocrx_word' id='word_1_439' title='bbox 2365 3343 2533 3401; x_wconf 88' lang='lat' dir='ltr'><strong>Dicite</strong></span> <span class='ocrx_word' id='word_1_440' title='bbox 2563 3347 2674 3402; x_wconf 89' lang='lat' dir='ltr'><strong>Deo</strong></span> <span class='ocrx_word' id='word_1_441' title='bbox 2708 3366 2720 3402; x_wconf 90' lang='lat'><strong>:</strong></span> <span class='ocrx_word' id='word_1_442' title='bbox 2757 3347 2930 3415; x_wconf 86' lang='lat' dir='ltr'><strong>Quam</strong></span> <span class='ocrx_word' id='word_1_443' title='bbox 2967 3351 3251 3407; x_wconf 87' lang='lat' dir='ltr'><strong>terribilia.</strong></span> <span class='ocrx_word' id='word_1_444' title='bbox 3284 3373 3302 3405; x_wconf 71' lang='grc' dir='ltr'><strong>ι</strong></span> 
     </span>
    </p>
   </div>
   <div class='ocr_carea' id='block_1_70' title="bbox 2012 3434 3526 3516">
    <p class='ocr_par' dir='ltr' id='par_1_70' title="bbox 2012 3434 3526 3516">
     <span class='ocr_line' id='line_1_70' title="bbox 2012 3434 3526 3516; baseline 0.009 -27"><span class='ocrx_word' id='word_1_445' title='bbox 2012 3434 2164 3491; x_wconf 86' lang='lat' dir='ltr'><strong>Adeo</strong></span> <span class='ocrx_word' id='word_1_446' title='bbox 2205 3438 2350 3492; x_wconf 90' lang='lat' dir='ltr'><strong>enim</strong></span> <span class='ocrx_word' id='word_1_447' title='bbox 2381 3441 2757 3512; x_wconf 81' lang='lat' dir='ltr'><strong>magnitudine</strong></span> <span class='ocrx_word' id='word_1_448' title='bbox 2788 3459 2970 3497; x_wconf 88' lang='lat' dir='ltr'><strong>rerum</strong></span> <span class='ocrx_word' id='word_1_449' title='bbox 3007 3460 3036 3498; x_wconf 91' lang='lat' dir='ltr'><strong>a</strong></span> <span class='ocrx_word' id='word_1_450' title='bbox 3070 3456 3120 3499; x_wconf 89' lang='lat' dir='ltr'><strong>te</strong></span> <span class='ocrx_word' id='word_1_451' title='bbox 3151 3455 3424 3516; x_wconf 74' lang='lat' dir='ltr'><strong>gestarum</strong></span> <span class='ocrx_word' id='word_1_452' title='bbox 3461 3450 3526 3503; x_wconf 90' lang='lat' dir='ltr'><strong>il-</strong></span> 
     </span>
    </p>
   </div>
   <div class='ocr_carea' id='block_1_71' title="bbox 1942 3525 3523 3606">
    <p class='ocr_par' dir='ltr' id='par_1_71' title="bbox 1942 3525 3523 3606">
     <span class='ocr_line' id='line_1_71' title="bbox 1942 3525 3523 3606; baseline 0.013 -30"><span class='ocrx_word' id='word_1_453' title='bbox 1942 3525 2143 3582; x_wconf 79' lang='lat' dir='ltr'><strong>lustres</strong></span> <span class='ocrx_word' id='word_1_454' title='bbox 2172 3529 2454 3585; x_wconf 87' lang='lat' dir='ltr'><strong>reddidisti</strong></span> <span class='ocrx_word' id='word_1_455' title='bbox 2487 3547 2580 3587; x_wconf 92' lang='lat' dir='ltr'><strong>eos</strong></span> <span class='ocrx_word' id='word_1_456' title='bbox 2611 3534 2703 3602; x_wconf 89' lang='lat' dir='ltr'><strong>qui</strong></span> <span class='ocrx_word' id='word_1_457' title='bbox 2737 3542 2786 3588; x_wconf 92' lang='lat' dir='ltr'><strong>te</strong></span> <span class='ocrx_word' id='word_1_458' title='bbox 2818 3535 3241 3606; x_wconf 78' lang='lat' dir='ltr'><strong>contingebant,</strong></span> <span class='ocrx_word' id='word_1_459' title='bbox 3272 3550 3330 3594; x_wconf 91' lang='lat' dir='ltr'><strong>ut</strong></span> <span class='ocrx_word' id='word_1_460' title='bbox 3364 3544 3523 3598; x_wconf 88' lang='lat' dir='ltr'><strong>multi</strong></span> 
     </span>
    </p>
   </div>
   <div class='ocr_carea' id='block_1_72' title="bbox 1944 3616 3525 3690">
    <p class='ocr_par' dir='ltr' id='par_1_72' title="bbox 1944 3616 3525 3690">
     <span class='ocr_line' id='line_1_72' title="bbox 1944 3616 3525 3690; baseline 0.014 -22"><span class='ocrx_word' id='word_1_461' title='bbox 1944 3616 2107 3670; x_wconf 84' lang='lat' dir='ltr'><strong>etiam</strong></span> <span class='ocrx_word' id='word_1_462' title='bbox 2160 3619 2593 3678; x_wconf 78' lang='lat' dir='ltr'><strong>adversariorum</strong></span> <span class='ocrx_word' id='word_1_463' title='bbox 2641 3624 2965 3680; x_wconf 88' lang='lat' dir='ltr'><strong>simularent</strong></span> <span class='ocrx_word' id='word_1_464' title='bbox 3009 3637 3156 3683; x_wconf 90' lang='lat' dir='ltr'><strong>tuam</strong></span> <span class='ocrx_word' id='word_1_465' title='bbox 3207 3632 3525 3690; x_wconf 80' lang='lat' dir='ltr'><strong>servitutem</strong></span> 
     </span>
    </p>
   </div>
   <div class='ocr_carea' id='block_1_73' title="bbox 1948 3712 3524 3795">
    <p class='ocr_par' dir='ltr' id='par_1_73' title="bbox 1948 3712 3524 3795">
     <span class='ocr_line' id='line_1_73' title="bbox 1948 3712 3524 3795; baseline 0.013 -35"><span class='ocrx_word' id='word_1_466' title='bbox 1948 3712 2278 3768; x_wconf 86' lang='lat' dir='ltr'><strong>mentientes</strong></span> <span class='ocrx_word' id='word_1_467' title='bbox 2314 3732 2326 3768; x_wconf 91' lang='lat'>:</span> <span class='ocrx_word' id='word_1_468' title='bbox 2363 3715 2469 3771; x_wconf 89' lang='lat' dir='ltr'><strong>hoc</strong></span> <span class='ocrx_word' id='word_1_469' title='bbox 2512 3725 2694 3771; x_wconf 86' lang='lat' dir='ltr'><strong>autem</strong></span> <span class='ocrx_word' id='word_1_470' title='bbox 2747 3719 3008 3790; x_wconf 83' lang='lat' dir='ltr'><strong>contigit,</strong></span> <span class='ocrx_word' id='word_1_471' title='bbox 3036 3723 3257 3791; x_wconf 89' lang='lat' dir='ltr'><strong>quando</strong></span> <span class='ocrx_word' id='word_1_472' title='bbox 3305 3725 3524 3795; x_wconf 90' lang='lat' dir='ltr'><strong>plurimi</strong></span> 
     </span>
    </p>
   </div>
   <div class='ocr_carea' id='block_1_74' title="bbox 1947 3801 3524 3881">
    <p class='ocr_par' dir='ltr' id='par_1_74' title="bbox 1947 3801 3524 3881">
     <span class='ocr_line' id='line_1_74' title="bbox 1947 3801 3524 3881; baseline 0.011 -28"><span class='ocrx_word' id='word_1_473' title='bbox 1947 3801 2387 3861; x_wconf 69' lang='lat' dir='ltr'><strong>adversariorum</strong></span> <span class='ocrx_word' id='word_1_474' title='bbox 2411 3823 2470 3862; x_wconf 91' lang='lat' dir='ltr'><strong>se</strong></span> <span class='ocrx_word' id='word_1_475' title='bbox 2495 3809 2810 3865; x_wconf 79' lang='lat' dir='ltr'><strong>circumcidi</strong></span> <span class='ocrx_word' id='word_1_476' title='bbox 2841 3813 2984 3881; x_wconf 90' lang='lat' dir='ltr'><strong>passi</strong></span> <span class='ocrx_word' id='word_1_477' title='bbox 3014 3825 3163 3881; x_wconf 90' lang='lat' dir='ltr'><strong>sunt,</strong></span> <span class='ocrx_word' id='word_1_478' title='bbox 3185 3815 3524 3872; x_wconf 87' lang='lat' dir='ltr'><strong>.ludaismum</strong></span> 
     </span>
    </p>
   </div>
   <div class='ocr_carea' id='block_1_75' title="bbox 1948 3888 3528 3977">
    <p class='ocr_par' dir='ltr' id='par_1_75' title="bbox 1948 3888 3528 3977">
     <span class='ocr_line' id='line_1_75' title="bbox 1948 3888 3528 3977; baseline 0.011 -32"><span class='ocrx_word' id='word_1_479' title='bbox 1948 3888 2287 3950; x_wconf 87' lang='lat' dir='ltr'><strong>simulantes.</strong></span> <span class='ocrx_word' id='word_1_480' title='bbox 2320 3898 2495 3969; x_wconf 84' lang='lat' dir='ltr'><strong>Atque</strong></span> <span class='ocrx_word' id='word_1_481' title='bbox 2530 3901 2694 3971; x_wconf 87' lang='lat' dir='ltr'><strong>hujus</strong></span> <span class='ocrx_word' id='word_1_482' title='bbox 2721 3904 2803 3957; x_wconf 88' lang='lat' dir='ltr'><strong>rei</strong></span> <span class='ocrx_word' id='word_1_483' title='bbox 2841 3904 2995 3958; x_wconf 86' lang='lat' dir='ltr'><strong>testis</strong></span> <span class='ocrx_word' id='word_1_484' title='bbox 3037 3915 3123 3960; x_wconf 84' lang='lat' dir='ltr'><strong>est</strong></span> <span class='ocrx_word' id='word_1_485' title='bbox 3154 3906 3425 3977; x_wconf 80' lang='lat' dir='ltr'><strong>Joscphus</strong></span> <span class='ocrx_word' id='word_1_486' title='bbox 3467 3910 3528 3963; x_wconf 90' lang='lat' dir='ltr'><strong>li-</strong></span> 
     </span>
    </p>
   </div>
   <div class='ocr_carea' id='block_1_76' title="bbox 1949 3985 3529 4063">
    <p class='ocr_par' dir='ltr' id='par_1_76' title="bbox 1949 3985 3529 4063">
     <span class='ocr_line' id='line_1_76' title="bbox 1949 3985 3529 4063; baseline 0.011 -25"><span class='ocrx_word' id='word_1_487' title='bbox 1949 3985 2049 4040; x_wconf 87' lang='lat' dir='ltr'><strong>bro</strong></span> <span class='ocrx_word' id='word_1_488' title='bbox 2095 3989 2385 4044; x_wconf 83' lang='lat' dir='ltr'><strong>undecimo</strong></span> <span class='ocrx_word' id='word_1_489' title='bbox 2422 3994 2828 4063; x_wconf 78' lang='lat' dir='ltr'><strong>Antiquitatum,</strong></span> <span class='ocrx_word' id='word_1_490' title='bbox 2861 3994 3183 4053; x_wconf 79' lang='lat' dir='ltr'><strong>Mardochaei</strong></span> <span class='ocrx_word' id='word_1_491' title='bbox 3217 4010 3334 4054; x_wconf 87' lang='lat' dir='ltr'><strong>acta</strong></span> <span class='ocrx_word' id='word_1_492' title='bbox 3375 4016 3529 4055; x_wconf 88' lang='lat' dir='ltr'><strong>com-</strong></span> 
     </span>
    </p>
   </div>
   <div class='ocr_carea' id='block_1_77' title="bbox 1952 4084 3528 4148">
    <p class='ocr_par' dir='ltr' id='par_1_77' title="bbox 1952 4084 3528 4148">
     <span class='ocr_line' id='line_1_77' title="bbox 1952 4084 3528 4148; baseline 0.011 -17"><span class='ocrx_word' id='word_1_493' title='bbox 1952 4093 2283 4148; x_wconf 87' lang='lat' dir='ltr'><strong>memorans,</strong></span> <span class='ocrx_word' id='word_1_494' title='bbox 2318 4091 2371 4138; x_wconf 90' lang='lat' dir='ltr'><strong>et</strong></span> <span class='ocrx_word' id='word_1_495' title='bbox 2398 4084 2586 4140; x_wconf 89' lang='lat' dir='ltr'><strong>dicens</strong></span> <span class='ocrx_word' id='word_1_496' title='bbox 2637 4085 2690 4139; x_wconf 91' lang='lat' dir='ltr'><strong>in</strong></span> <span class='ocrx_word' id='word_1_497' title='bbox 2741 4087 2890 4142; x_wconf 92' lang='lat' dir='ltr'><strong>hunc</strong></span> <span class='ocrx_word' id='word_1_498' title='bbox 2939 4090 3206 4144; x_wconf 85' lang='lat' dir='ltr'><strong>modum:</strong></span> <span class='ocrx_word' id='word_1_499' title='bbox 3247 4090 3528 4148; x_wconf 71' lang='lat' dir='ltr'><strong>Vnercdarii</strong></span> 
     </span>
    </p>
   </div>
   <div class='ocr_carea' id='block_1_78' title="bbox 1955 4174 3531 4256">
    <p class='ocr_par' dir='ltr' id='par_1_78' title="bbox 1955 4174 3531 4256">
     <span class='ocr_line' id='line_1_78' title="bbox 1955 4174 3531 4256; baseline 0.01 -29"><span class='ocrx_word' id='word_1_500' title='bbox 1955 4174 2161 4243; x_wconf 80' lang='lat' dir='ltr'><strong>itaque,</strong></span> <span class='ocrx_word' id='word_1_501' title='bbox 2192 4177 2284 4247; x_wconf 89' lang='lat' dir='ltr'><strong>qui</strong></span> <span class='ocrx_word' id='word_1_502' title='bbox 2328 4179 2427 4233; x_wconf 89' lang='lat' dir='ltr'><strong>has</strong></span> <span class='ocrx_word' id='word_1_503' title='bbox 2462 4179 2722 4249; x_wconf 84' lang='lat' dir='ltr'><strong>epistolas</strong></span> <span class='ocrx_word' id='word_1_504' title='bbox 2756 4182 3094 4248; x_wconf 81' lang='lat' dir='ltr'><strong>deferebant,</strong></span> <span class='ocrx_word' id='word_1_505' title='bbox 3134 4184 3279 4240; x_wconf 90' lang='lat' dir='ltr'><strong>illico</strong></span> <span class='ocrx_word' id='word_1_506' title='bbox 3310 4188 3531 4256; x_wconf 86' lang='lat' dir='ltr'><strong>prolici-</strong></span> 
     </span>
    </p>
   </div>
   <div class='ocr_carea' id='block_1_79' title="bbox 1956 4271 3533 4341">
    <p class='ocr_par' dir='ltr' id='par_1_79' title="bbox 1956 4271 3533 4341">
     <span class='ocr_line' id='line_1_79' title="bbox 1956 4271 3533 4341; baseline 0.01 -22"><span class='ocrx_word' id='word_1_507' title='bbox 1956 4275 2194 4335; x_wconf 84' lang='lat' dir='ltr'><strong>sccntes,</strong></span> <span class='ocrx_word' id='word_1_508' title='bbox 2220 4271 2559 4339; x_wconf 88' lang='lat' dir='ltr'><strong>pr0positum</strong></span> <span class='ocrx_word' id='word_1_509' title='bbox 2593 4272 2697 4327; x_wconf 88' lang='lat' dir='ltr'><strong>iter</strong></span> <span class='ocrx_word' id='word_1_510' title='bbox 2726 4272 3117 4341; x_wconf 87' lang='lat' dir='ltr'><strong>confecerunt;</strong></span> <span class='ocrx_word' id='word_1_511' title='bbox 3163 4276 3533 4334; x_wconf 72' lang='lat' dir='ltr'><strong>Mardoclueus</strong></span> 
     </span>
    </p>
   </div>
   <div class='ocr_carea' id='block_1_80' title="bbox 256 4012 1850 4104">
    <p class='ocr_par' dir='ltr' id='par_1_80' title="bbox 256 4012 1850 4104">
     <span class='ocr_line' id='line_1_80' title="bbox 256 4012 1850 4104; baseline -0.015 -16"><span class='ocrx_word' id='word_1_512' title='bbox 256 4038 321 4089; x_wconf 87' lang='grc' dir='ltr'><strong>ἐν</strong></span> <span class='ocrx_word' id='word_1_513' title='bbox 350 4036 416 4104; x_wconf 80' lang='grc' dir='ltr'>τῇ</span> <span class='ocrx_word' id='word_1_514' title='bbox 453 4037 521 4085; x_wconf 84' lang='grc' dir='ltr'>ια’</span> <span class='ocrx_word' id='word_1_515' title='bbox 552 4030 652 4100; x_wconf 80' lang='grc' dir='ltr'><strong>τῆς</strong></span> <span class='ocrx_word' id='word_1_516' title='bbox 697 4023 1169 4097; x_wconf 76' lang='grc' dir='ltr'>Ἀρχαιολογίας,</span> <span class='ocrx_word' id='word_1_517' title='bbox 1221 4020 1291 4075; x_wconf 77' lang='grc' dir='ltr'>τὰ</span> <span class='ocrx_word' id='word_1_518' title='bbox 1348 4016 1491 4073; x_wconf 85' lang='grc' dir='ltr'>κατὰ</span> <span class='ocrx_word' id='word_1_519' title='bbox 1519 4017 1610 4070; x_wconf 85' lang='grc' dir='ltr'><strong>τὸν</strong></span> <span class='ocrx_word' id='word_1_520' title='bbox 1640 4012 1850 4083; x_wconf 87' lang='grc' dir='ltr'>Μαρδο-</span> 
     </span>
    </p>
   </div>
   <div class='ocr_carea' id='block_1_81' title="bbox 258 4104 1851 4200">
    <p class='ocr_par' dir='ltr' id='par_1_81' title="bbox 258 4104 1851 4200">
     <span class='ocr_line' id='line_1_81' title="bbox 258 4104 1851 4200; baseline -0.014 -19"><span class='ocrx_word' id='word_1_521' title='bbox 258 4130 418 4200; x_wconf 87' lang='grc' dir='ltr'>χαῖον</span> <span class='ocrx_word' id='word_1_522' title='bbox 449 4122 830 4193; x_wconf 81' lang='grc' dir='ltr'>διηγούμενος,</span> <span class='ocrx_word' id='word_1_523' title='bbox 867 4121 963 4173; x_wconf 75' lang='grc' dir='ltr'><strong>καὶ</strong></span> <span class='ocrx_word' id='word_1_524' title='bbox 989 4117 1165 4185; x_wconf 83' lang='grc' dir='ltr'>λέγων</span> <span class='ocrx_word' id='word_1_525' title='bbox 1195 4114 1371 4176; x_wconf 77' lang='grc' dir='ltr'>οὕτως</span> <span class='ocrx_word' id='word_1_526' title='bbox 1390 4130 1402 4142; x_wconf 89' lang='grc'><strong>·</strong></span> <span class='ocrx_word' id='word_1_527' title='bbox 1426 4112 1488 4165; x_wconf 78' lang='lat' dir='ltr'><strong>Oi</strong></span> <span class='ocrx_word' id='word_1_528' title='bbox 1523 4110 1621 4181; x_wconf 84' lang='grc' dir='ltr'><strong>μὲν</strong></span> <span class='ocrx_word' id='word_1_529' title='bbox 1648 4104 1739 4161; x_wconf 82' lang='grc' dir='ltr'><strong>οὖν</strong></span> <span class='ocrx_word' id='word_1_530' title='bbox 1770 4109 1851 4159; x_wconf 82' lang='grc' dir='ltr'><strong>ἱπ-</strong></span> 
     </span>
    </p>
   </div>
   <div class='ocr_carea' id='block_1_82' title="bbox 259 4201 1851 4282">
    <p class='ocr_par' dir='ltr' id='par_1_82' title="bbox 259 4201 1851 4282">
     <span class='ocr_line' id='line_1_82' title="bbox 259 4201 1851 4282; baseline -0.014 -9"><span class='ocrx_word' id='word_1_531' title='bbox 259 4221 391 4282; x_wconf 79' lang='grc' dir='ltr'>πεῖς</span> <span class='ocrx_word' id='word_1_532' title='bbox 423 4219 472 4270; x_wconf 88' lang='grc' dir='ltr'>οἱ</span> <span class='ocrx_word' id='word_1_533' title='bbox 501 4217 598 4279; x_wconf 84' lang='grc' dir='ltr'>τὰς</span> <span class='ocrx_word' id='word_1_534' title='bbox 629 4212 918 4275; x_wconf 85' lang='grc' dir='ltr'>ἐπιστολὰς</span> <span class='ocrx_word' id='word_1_535' title='bbox 951 4207 1385 4279; x_wconf 57' lang='grc' dir='ltr'>διακομίζοντες,</span> <span class='ocrx_word' id='word_1_536' title='bbox 1424 4202 1586 4267; x_wconf 77' lang='grc' dir='ltr'>εὐθὺς</span> <span class='ocrx_word' id='word_1_537' title='bbox 1618 4201 1851 4273; x_wconf 83' lang='grc' dir='ltr'>ἐξορμή-</span> 
     </span>
    </p>
   </div>
   <div class='ocr_carea' id='block_1_83' title="bbox 262 4293 2793 4378">
    <p class='ocr_par' dir='ltr' id='par_1_83' title="bbox 262 4293 2793 4378">
     <span class='ocr_line' id='line_1_83' title="bbox 262 4293 2793 4378; baseline -0.013 -14"><span class='ocrx_word' id='word_1_538' title='bbox 262 4308 596 4378; x_wconf 83' lang='grc' dir='ltr'>σαντες,τὴν</span> <span class='ocrx_word' id='word_1_539' title='bbox 618 4304 988 4377; x_wconf 79' lang='grc' dir='ltr'>προκειμένην</span> <span class='ocrx_word' id='word_1_540' title='bbox 1008 4301 1126 4354; x_wconf 82' lang='grc' dir='ltr'>ὁδὸν</span> <span class='ocrx_word' id='word_1_541' title='bbox 1143 4300 1304 4371; x_wconf 73' lang='grc' dir='ltr'>ἤνυον</span> <span class='ocrx_word' id='word_1_542' title='bbox 1324 4312 1337 4325; x_wconf 85' lang='grc'><strong>·</strong></span> <span class='ocrx_word' id='word_1_543' title='bbox 1355 4298 1382 4349; x_wconf 87' lang='grc' dir='ltr'><strong>ό</strong></span> <span class='ocrx_word' id='word_1_544' title='bbox 1407 4296 1462 4349; x_wconf 84' lang='grc' dir='ltr'>δὲ</span> <span class='ocrx_word' id='word_1_545' title='bbox 1482 4293 1851 4365; x_wconf 82' lang='grc' dir='ltr'>Μαρδοχαῖος,</span> <span class='ocrx_word' id='word_1_546' title='bbox 2221 4293 2559 4378; x_wconf 50' lang='grc' dir='ltr'>ντνμυδιιιξηξ</span> <span class='ocrx_word' id='word_1_547' title='bbox 2593 4293 2697 4327; x_wconf 74' lang='lat' dir='ltr'><strong>Iw!&quot;</strong></span> <span class='ocrx_word' id='word_1_548' title='bbox 2726 4293 2793 4374; x_wconf 61' lang='lat' dir='ltr'><strong>Cu</strong></span> 
     </span>
    </p>
   </div>
   <div class='ocr_carea' id='block_1_84' title="bbox 260 4363 3530 4469">
    <p class='ocr_par' dir='ltr' id='par_1_84' title="bbox 260 4363 3530 4469">
     <span class='ocr_line' id='line_1_84' title="bbox 260 4363 3530 4469; baseline -0.011 -13"><span class='ocrx_word' id='word_1_549' title='bbox 260 4363 565 4457; x_wconf 60' lang='grc' dir='ltr'>άναλαξὼν</span> <span class='ocrx_word' id='word_1_550' title='bbox 579 4363 678 4467; x_wconf 74' lang='grc' dir='ltr'>τὴν</span> <span class='ocrx_word' id='word_1_551' title='bbox 702 4363 988 4467; x_wconf 71' lang='grc' dir='ltr'>βασίλικῆν</span> <span class='ocrx_word' id='word_1_552' title='bbox 1014 4363 1229 4460; x_wconf 69' lang='grc' dir='ltr'>στολήν,</span> <span class='ocrx_word' id='word_1_553' title='bbox 1248 4388 1342 4442; x_wconf 75' lang='grc' dir='ltr'>καὶ</span> <span class='ocrx_word' id='word_1_554' title='bbox 1364 4388 1454 4441; x_wconf 80' lang='grc' dir='ltr'>τὸν</span> <span class='ocrx_word' id='word_1_555' title='bbox 1478 4363 1739 4453; x_wconf 63' lang='grc' dir='ltr'>στέφανον</span> <span class='ocrx_word' id='word_1_556' title='bbox 1761 4384 1854 4436; x_wconf 72' lang='grc' dir='ltr'><strong>τὸν</strong></span> <span class='ocrx_word' id='word_1_557' title='bbox 1958 4374 2109 4469; x_wconf 53' lang='lat' dir='ltr'><strong>Ve&#39;?’</strong></span> <span class='ocrx_word' id='word_1_558' title='bbox 2141 4375 2426 4464; x_wconf 52' lang='lat' dir='ltr'><strong>“sumcf”</strong></span> <span class='ocrx_word' id='word_1_559' title='bbox 2454 4363 2644 4417; x_wconf 72' lang='grc' dir='ltr'><strong>δί⁰¹³η¹</strong></span> <span class='ocrx_word' id='word_1_560' title='bbox 2686 4363 2887 4435; x_wconf 68' lang='grc' dir='ltr'>νοείτω]</span> <span class='ocrx_word' id='word_1_561' title='bbox 2917 4373 2973 4419; x_wconf 70' lang='grc' dir='ltr'>ει</span> <span class='ocrx_word' id='word_1_562' title='bbox 2998 4380 3254 4469; x_wconf 50' lang='grc' dir='ltr'><strong>οθτοῐιδςιξ</strong></span> <span class='ocrx_word' id='word_1_563' title='bbox 3286 4384 3530 4431; x_wconf 80' lang='lat' dir='ltr'><strong>auream,</strong></span> 
     </span>
    </p>
   </div>
   <div class='ocr_carea' id='block_1_85' title="bbox 261 4459 1821 4564">
    <p class='ocr_par' dir='ltr' id='par_1_85' title="bbox 261 4459 1817 4564">
     <span class='ocr_line' id='line_1_85' title="bbox 261 4459 1817 4564; baseline -0.013 -18"><span class='ocrx_word' id='word_1_564' title='bbox 261 4490 530 4564; x_wconf 80' lang='grc' dir='ltr'>χρυσοῦν,</span> <span class='ocrx_word' id='word_1_565' title='bbox 563 4459 658 4543; x_wconf 47' lang='grc' dir='ltr'>καζι</span> <span class='ocrx_word' id='word_1_566' title='bbox 693 4459 786 4541; x_wconf 70' lang='grc' dir='ltr'>τὸν</span> <span class='ocrx_word' id='word_1_567' title='bbox 826 4459 1094 4563; x_wconf 76' lang='grc' dir='ltr'>στρεπτὸν</span> <span class='ocrx_word' id='word_1_568' title='bbox 1131 4479 1509 4550; x_wconf 77' lang='grc' dir='ltr'>περιθέμενος,</span> <span class='ocrx_word' id='word_1_569' title='bbox 1545 4475 1817 4547; x_wconf 83' lang='grc' dir='ltr'>προῆλθεν</span> 
     </span>
    </p>
   </div>
   <div class='ocr_carea' id='block_1_86' title="bbox 1938 4459 3538 4564">
    <p class='ocr_par' dir='ltr' id='par_1_86' title="bbox 1958 4459 3538 4525">
     <span class='ocr_line' id='line_1_86' title="bbox 1958 4459 3538 4525; baseline 0.006 -20"><span class='ocrx_word' id='word_1_570' title='bbox 1958 4467 2021 4506; x_wconf 87' lang='lat' dir='ltr'><strong>ac</strong></span> <span class='ocrx_word' id='word_1_571' title='bbox 2056 4461 2302 4524; x_wconf 88' lang='lat' dir='ltr'><strong>torquem</strong></span> <span class='ocrx_word' id='word_1_572' title='bbox 2328 4459 2776 4525; x_wconf 86' lang='lat' dir='ltr'><strong>circumponens,</strong></span> <span class='ocrx_word' id='word_1_573' title='bbox 2810 4459 3079 4525; x_wconf 88' lang='lat' dir='ltr'><strong>processit</strong></span> <span class='ocrx_word' id='word_1_574' title='bbox 3117 4476 3130 4512; x_wconf 91' lang='lat'><strong>:</strong></span> <span class='ocrx_word' id='word_1_575' title='bbox 3168 4459 3416 4515; x_wconf 84' lang='lat' dir='ltr'><strong>videntes</strong></span> <span class='ocrx_word' id='word_1_576' title='bbox 3441 4476 3538 4515; x_wconf 86' lang='lat' dir='ltr'><strong>au-</strong></span> 
     </span>
    </p>
   </div>
   <div class='ocr_carea' id='block_1_87' title="bbox 266 4548 1821 4644">
    <p class='ocr_par' dir='ltr' id='par_1_87' title="bbox 266 4548 1821 4644">
     <span class='ocr_line' id='line_1_87' title="bbox 266 4548 1821 4644; baseline -0.012 -7"><span class='ocrx_word' id='word_1_577' title='bbox 266 4548 478 4644; x_wconf 59' lang='grc' dir='ltr'>ῖδόντες</span> <span class='ocrx_word' id='word_1_578' title='bbox 508 4580 566 4634; x_wconf 80' lang='grc' dir='ltr'>δὲ</span> <span class='ocrx_word' id='word_1_579' title='bbox 595 4578 757 4633; x_wconf 77' lang='grc' dir='ltr'>αὐτὸν</span> <span class='ocrx_word' id='word_1_580' title='bbox 782 4575 927 4631; x_wconf 75' lang='grc' dir='ltr'>οὕτω</span> <span class='ocrx_word' id='word_1_581' title='bbox 946 4573 1310 4643; x_wconf 85' lang='grc' dir='ltr'>τετιμημένον</span> <span class='ocrx_word' id='word_1_582' title='bbox 1339 4569 1444 4623; x_wconf 72' lang='grc' dir='ltr'>ὑπὸ</span> <span class='ocrx_word' id='word_1_583' title='bbox 1469 4566 1564 4621; x_wconf 82' lang='grc' dir='ltr'><strong>τοῦ</strong></span> <span class='ocrx_word' id='word_1_584' title='bbox 1592 4566 1821 4639; x_wconf 82' lang='grc' dir='ltr'>βασιλέω</span> 
     </span>
    </p>
   </div>
   <div class='ocr_carea' id='block_1_88' title="bbox 1938 4548 3537 4644">
    <p class='ocr_par' dir='ltr' id='par_1_88' title="bbox 1962 4548 3537 4622">
     <span class='ocr_line' id='line_1_88' title="bbox 1962 4548 3537 4622; baseline 0.004 -24"><span class='ocrx_word' id='word_1_585' title='bbox 1962 4554 2067 4599; x_wconf 88' lang='lat' dir='ltr'><strong>tem</strong></span> <span class='ocrx_word' id='word_1_586' title='bbox 2097 4548 2274 4617; x_wconf 86' lang='lat' dir='ltr'><strong>ipsum</strong></span> <span class='ocrx_word' id='word_1_587' title='bbox 2306 4548 2442 4602; x_wconf 89' lang='lat' dir='ltr'><strong>adeo</strong></span> <span class='ocrx_word' id='word_1_588' title='bbox 2477 4549 2803 4604; x_wconf 90' lang='lat' dir='ltr'><strong>honoratum</strong></span> <span class='ocrx_word' id='word_1_589' title='bbox 2833 4566 2864 4604; x_wconf 90' lang='lat' dir='ltr'><strong>a</strong></span> <span class='ocrx_word' id='word_1_590' title='bbox 2899 4566 3022 4622; x_wconf 79' lang='lat' dir='ltr'><strong>rege</strong></span> <span class='ocrx_word' id='word_1_591' title='bbox 3063 4552 3117 4605; x_wconf 90' lang='lat' dir='ltr'><strong>hi</strong></span> <span class='ocrx_word' id='word_1_592' title='bbox 3165 4552 3256 4621; x_wconf 89' lang='lat' dir='ltr'><strong>qui</strong></span> <span class='ocrx_word' id='word_1_593' title='bbox 3289 4553 3340 4606; x_wconf 87' lang='lat' dir='ltr'><strong>in</strong></span> <span class='ocrx_word' id='word_1_594' title='bbox 3381 4554 3537 4608; x_wconf 83' lang='lat' dir='ltr'><strong>Susis</strong></span> 
     </span>
    </p>
   </div>
   <div class='ocr_carea' id='block_1_89' title="bbox 263 4640 1821 4746">
    <p class='ocr_par' dir='ltr' id='par_1_89' title="bbox 263 4657 1821 4733">
     <span class='ocr_line' id='line_1_89' title="bbox 263 4657 1821 4733; baseline -0.013 -5"><span class='ocrx_word' id='word_1_595' title='bbox 263 4675 320 4728; x_wconf 84' lang='grc' dir='ltr'>οἱ</span> <span class='ocrx_word' id='word_1_596' title='bbox 364 4675 423 4725; x_wconf 85' lang='grc' dir='ltr'><strong>ἐν</strong></span> <span class='ocrx_word' id='word_1_597' title='bbox 474 4670 695 4732; x_wconf 79' lang='grc' dir='ltr'>Σούσοις</span> <span class='ocrx_word' id='word_1_598' title='bbox 740 4668 894 4727; x_wconf 78' lang='grc' dir='ltr'>ὄντες</span> <span class='ocrx_word' id='word_1_599' title='bbox 923 4665 1187 4729; x_wconf 79' lang='grc' dir='ltr'>Ἰουδαῖοι,</span> <span class='ocrx_word' id='word_1_600' title='bbox 1219 4662 1405 4733; x_wconf 80' lang='grc' dir='ltr'>κοινὴν</span> <span class='ocrx_word' id='word_1_601' title='bbox 1453 4657 1723 4713; x_wconf 76' lang='grc' dir='ltr'>ὑπέλαϐον</span> <span class='ocrx_word' id='word_1_602' title='bbox 1757 4659 1821 4727; x_wconf 79' lang='grc' dir='ltr'>τὴ</span> 
     </span>
    </p>
   </div>
   <div class='ocr_carea' id='block_1_90' title="bbox 1938 4640 3539 4746">
    <p class='ocr_par' dir='ltr' id='par_1_90' title="bbox 1956 4640 3539 4707">
     <span class='ocr_line' id='line_1_90' title="bbox 1956 4640 3539 4707; baseline 0.006 -16"><span class='ocrx_word' id='word_1_603' title='bbox 1956 4647 2115 4693; x_wconf 88' lang='lat' dir='ltr'><strong>erant</strong></span> <span class='ocrx_word' id='word_1_604' title='bbox 2156 4640 2350 4707; x_wconf 69' lang='lat' dir='ltr'><strong>Judaei,</strong></span> <span class='ocrx_word' id='word_1_605' title='bbox 2386 4640 2702 4697; x_wconf 89' lang='lat' dir='ltr'><strong>felicitatem</strong></span> <span class='ocrx_word' id='word_1_606' title='bbox 2737 4658 2857 4698; x_wconf 87' lang='lat' dir='ltr'><strong>eam</strong></span> <span class='ocrx_word' id='word_1_607' title='bbox 2889 4642 2993 4699; x_wconf 88' lang='lat' dir='ltr'><strong>sibi</strong></span> <span class='ocrx_word' id='word_1_608' title='bbox 3041 4658 3388 4699; x_wconf 89' lang='lat' dir='ltr'><strong>communem</strong></span> <span class='ocrx_word' id='word_1_609' title='bbox 3416 4661 3539 4700; x_wconf 89' lang='lat' dir='ltr'><strong>esse</strong></span> 
     </span>
    </p>
   </div>
   <div class='ocr_carea' id='block_1_91' title="bbox 265 4730 1821 4839">
    <p class='ocr_par' dir='ltr' id='par_1_91' title="bbox 265 4730 1821 4834">
     <span class='ocr_line' id='line_1_91' title="bbox 265 4730 1821 4834; baseline -0.012 -16"><span class='ocrx_word' id='word_1_610' title='bbox 265 4762 603 4834; x_wconf 80' lang='grc' dir='ltr'>εὐπραγίαν.</span> <span class='ocrx_word' id='word_1_611' title='bbox 632 4730 824 4829; x_wconf 82' lang='grc' dir='ltr'>Χαρὰν</span> <span class='ocrx_word' id='word_1_612' title='bbox 847 4758 904 4811; x_wconf 78' lang='grc' dir='ltr'>δὲ</span> <span class='ocrx_word' id='word_1_613' title='bbox 932 4758 1027 4810; x_wconf 74' lang='grc' dir='ltr'><strong>καὶ</strong></span> <span class='ocrx_word' id='word_1_614' title='bbox 1052 4756 1322 4826; x_wconf 85' lang='grc' dir='ltr'>σωτήριον</span> <span class='ocrx_word' id='word_1_615' title='bbox 1346 4730 1547 4822; x_wconf 54' lang='grc' dir='ltr'>φέγγος</span> <span class='ocrx_word' id='word_1_616' title='bbox 1575 4749 1821 4819; x_wconf 79' lang='grc' dir='ltr'>ἐκτιθεμὲ</span> 
     </span>
    </p>
   </div>
   <div class='ocr_carea' id='block_1_92' title="bbox 1938 4730 3538 4839">
    <p class='ocr_par' dir='ltr' id='par_1_92' title="bbox 1957 4730 3538 4805">
     <span class='ocr_line' id='line_1_92' title="bbox 1957 4730 3538 4805; baseline 0.004 -23"><span class='ocrx_word' id='word_1_617' title='bbox 1957 4730 2203 4785; x_wconf 84' lang='lat' dir='ltr'><strong>arbitrati</strong></span> <span class='ocrx_word' id='word_1_618' title='bbox 2234 4741 2381 4785; x_wconf 89' lang='lat' dir='ltr'><strong>sunt.</strong></span> <span class='ocrx_word' id='word_1_619' title='bbox 2411 4732 2608 4803; x_wconf 82' lang='lat' dir='ltr'><strong>Ingens</strong></span> <span class='ocrx_word' id='word_1_620' title='bbox 2632 4744 2895 4804; x_wconf 66' lang='lat' dir='ltr'><strong>praeterea</strong></span> <span class='ocrx_word' id='word_1_621' title='bbox 2922 4734 3199 4805; x_wconf 80' lang='lat' dir='ltr'><strong>gaudium,</strong></span> <span class='ocrx_word' id='word_1_622' title='bbox 3219 4736 3373 4805; x_wconf 89' lang='lat' dir='ltr'><strong>quasi</strong></span> <span class='ocrx_word' id='word_1_623' title='bbox 3397 4753 3538 4792; x_wconf 83' lang='lat' dir='ltr'><strong>nova</strong></span> 
     </span>
    </p>
   </div>
   <div class='ocr_carea' id='block_1_93' title="bbox 264 4822 1821 4923">
    <p class='ocr_par' dir='ltr' id='par_1_93' title="bbox 264 4843 1820 4923">
     <span class='ocr_line' id='line_1_93' title="bbox 264 4843 1820 4923; baseline -0.012 -12"><span class='ocrx_word' id='word_1_624' title='bbox 264 4875 382 4912; x_wconf 87' lang='grc' dir='ltr'><strong>νων</strong></span> <span class='ocrx_word' id='word_1_625' title='bbox 417 4856 526 4908; x_wconf 88' lang='grc' dir='ltr'><strong>τῶν</strong></span> <span class='ocrx_word' id='word_1_626' title='bbox 562 4852 656 4907; x_wconf 89' lang='grc' dir='ltr'><strong>τοῦ</strong></span> <span class='ocrx_word' id='word_1_627' title='bbox 696 4850 961 4923; x_wconf 84' lang='grc' dir='ltr'>βασιλέως</span> <span class='ocrx_word' id='word_1_628' title='bbox 989 4847 1359 4918; x_wconf 84' lang='grc' dir='ltr'>γραμμάτων,</span> <span class='ocrx_word' id='word_1_629' title='bbox 1394 4844 1490 4898; x_wconf 74' lang='grc' dir='ltr'>καὶ</span> <span class='ocrx_word' id='word_1_630' title='bbox 1540 4843 1668 4905; x_wconf 77' lang='grc' dir='ltr'>τοὺς</span> <span class='ocrx_word' id='word_1_631' title='bbox 1715 4858 1820 4894; x_wconf 84' lang='grc' dir='ltr'><strong>κατ</strong></span> 
     </span>
    </p>
   </div>
   <div class='ocr_carea' id='block_1_94' title="bbox 1938 4822 3536 4923">
    <p class='ocr_par' dir='ltr' id='par_1_94' title="bbox 1959 4822 3536 4895">
     <span class='ocr_line' id='line_1_94' title="bbox 1959 4822 3536 4895; baseline 0.004 -20"><span class='ocrx_word' id='word_1_632' title='bbox 1959 4822 2146 4877; x_wconf 82' lang='lat' dir='ltr'><strong>salutis</strong></span> <span class='ocrx_word' id='word_1_633' title='bbox 2172 4823 2293 4876; x_wconf 76' lang='lat' dir='ltr'><strong>luce</strong></span> <span class='ocrx_word' id='word_1_634' title='bbox 2316 4823 2530 4888; x_wconf 84' lang='lat' dir='ltr'><strong>oborta,</strong></span> <span class='ocrx_word' id='word_1_635' title='bbox 2550 4825 2678 4879; x_wconf 92' lang='lat' dir='ltr'><strong>dum</strong></span> <span class='ocrx_word' id='word_1_636' title='bbox 2707 4826 2864 4895; x_wconf 66' lang='lat' dir='ltr'><strong>regiae</strong></span> <span class='ocrx_word' id='word_1_637' title='bbox 2894 4826 3091 4881; x_wconf 67' lang='lat' dir='ltr'><strong>litterae</strong></span> <span class='ocrx_word' id='word_1_638' title='bbox 3120 4827 3536 4891; x_wconf 80' lang='lat' dir='ltr'><strong>exhiberentur,</strong></span> 
     </span>
    </p>
   </div>
   <div class='ocr_carea' id='block_1_95' title="bbox 270 4912 1821 5017">
    <p class='ocr_par' dir='ltr' id='par_1_95' title="bbox 270 4935 1821 5007">
     <span class='ocr_line' id='line_1_95' title="bbox 270 4935 1821 5007; baseline -0.012 -4"><span class='ocrx_word' id='word_1_639' title='bbox 270 4951 435 5004; x_wconf 86' lang='grc' dir='ltr'>πόλιν</span> <span class='ocrx_word' id='word_1_640' title='bbox 463 4948 574 5001; x_wconf 82' lang='grc' dir='ltr'><strong>τῶν</strong></span> <span class='ocrx_word' id='word_1_641' title='bbox 607 4945 879 5000; x_wconf 85' lang='grc' dir='ltr'>Ἰουδαίων</span> <span class='ocrx_word' id='word_1_642' title='bbox 911 4942 1005 4997; x_wconf 75' lang='grc' dir='ltr'>καὶ</span> <span class='ocrx_word' id='word_1_643' title='bbox 1034 4941 1159 5003; x_wconf 79' lang='grc' dir='ltr'>τοὺς</span> <span class='ocrx_word' id='word_1_644' title='bbox 1189 4938 1332 4992; x_wconf 81' lang='grc' dir='ltr'>κατὰ</span> <span class='ocrx_word' id='word_1_645' title='bbox 1356 4937 1542 5007; x_wconf 86' lang='grc' dir='ltr'>χώραν</span> <span class='ocrx_word' id='word_1_646' title='bbox 1572 4935 1821 5004; x_wconf 60' lang='grc' dir='ltr'>κατέσχοη</span> 
     </span>
    </p>
   </div>
   <div class='ocr_carea' id='block_1_96' title="bbox 1938 4912 3541 5017">
    <p class='ocr_par' dir='ltr' id='par_1_96' title="bbox 1960 4912 3541 4992">
     <span class='ocr_line' id='line_1_96' title="bbox 1960 4912 3541 4992; baseline 0.003 -25"><span class='ocrx_word' id='word_1_647' title='bbox 1960 4912 2175 4968; x_wconf 68' lang='lat' dir='ltr'><strong>Judteos</strong></span> <span class='ocrx_word' id='word_1_648' title='bbox 2220 4929 2431 4980; x_wconf 88' lang='lat' dir='ltr'><strong>omnes,</strong></span> <span class='ocrx_word' id='word_1_649' title='bbox 2464 4925 2732 4986; x_wconf 89' lang='lat' dir='ltr'><strong>quotquot</strong></span> <span class='ocrx_word' id='word_1_650' title='bbox 2780 4918 2864 4971; x_wconf 85' lang='lat' dir='ltr'><strong>vel</strong></span> <span class='ocrx_word' id='word_1_651' title='bbox 2915 4918 3105 4974; x_wconf 89' lang='lat' dir='ltr'><strong>urbem</strong></span> <span class='ocrx_word' id='word_1_652' title='bbox 3130 4918 3216 4974; x_wconf 81' lang='lat' dir='ltr'><strong>vel</strong></span> <span class='ocrx_word' id='word_1_653' title='bbox 3262 4920 3541 4992; x_wconf 72' lang='lat' dir='ltr'><strong>regionem</strong></span> 
     </span>
    </p>
   </div>
   <div class='ocr_carea' id='block_1_97' title="bbox 278 5004 1821 5112">
    <p class='ocr_par' dir='ltr' id='par_1_97' title="bbox 278 5024 1821 5102">
     <span class='ocr_line' id='line_1_97' title="bbox 278 5024 1821 5102; baseline -0.01 -9"><span class='ocrx_word' id='word_1_654' title='bbox 278 5043 353 5102; x_wconf 84' lang='grc' dir='ltr'><strong>ὼς</strong></span> <span class='ocrx_word' id='word_1_655' title='bbox 375 5038 548 5092; x_wconf 78' lang='grc' dir='ltr'>πολλὰ</span> <span class='ocrx_word' id='word_1_656' title='bbox 571 5038 668 5091; x_wconf 75' lang='grc' dir='ltr'><strong>καὶ</strong></span> <span class='ocrx_word' id='word_1_657' title='bbox 689 5034 796 5088; x_wconf 89' lang='grc' dir='ltr'><strong>τῶν</strong></span> <span class='ocrx_word' id='word_1_658' title='bbox 818 5034 995 5088; x_wconf 71' lang='grc' dir='ltr'>ἄλλων</span> <span class='ocrx_word' id='word_1_659' title='bbox 1013 5031 1183 5084; x_wconf 88' lang='grc' dir='ltr'>ἐθνῶν</span> <span class='ocrx_word' id='word_1_660' title='bbox 1205 5027 1433 5101; x_wconf 51' lang='lat' dir='ltr'><strong>Sabini]</strong></span> <span class='ocrx_word' id='word_1_661' title='bbox 1454 5027 1564 5080; x_wconf 90' lang='grc' dir='ltr'><strong>τῶν</strong></span> <span class='ocrx_word' id='word_1_662' title='bbox 1589 5024 1821 5093; x_wconf 82' lang='grc' dir='ltr'>Ἰουδαίω</span> 
     </span>
    </p>
   </div>
   <div class='ocr_carea' id='block_1_98' title="bbox 1938 5004 3543 5112">
    <p class='ocr_par' dir='ltr' id='par_1_98' title="bbox 1968 5004 3543 5082">
     <span class='ocr_line' id='line_1_98' title="bbox 1968 5004 3543 5082; baseline 0.004 -25"><span class='ocrx_word' id='word_1_663' title='bbox 1968 5004 2305 5067; x_wconf 88' lang='lat' dir='ltr'><strong>incolebant,</strong></span> <span class='ocrx_word' id='word_1_664' title='bbox 2339 5007 2662 5075; x_wconf 88' lang='lat' dir='ltr'><strong>occupavit;</strong></span> <span class='ocrx_word' id='word_1_665' title='bbox 2696 5005 2770 5060; x_wconf 88' lang='lat' dir='ltr'><strong>ita</strong></span> <span class='ocrx_word' id='word_1_666' title='bbox 2819 5015 2879 5061; x_wconf 90' lang='lat' dir='ltr'><strong>ut</strong></span> <span class='ocrx_word' id='word_1_667' title='bbox 2928 5009 3084 5063; x_wconf 91' lang='lat' dir='ltr'><strong>multi</strong></span> <span class='ocrx_word' id='word_1_668' title='bbox 3133 5011 3365 5064; x_wconf 86' lang='lat' dir='ltr'><strong>aliarum</strong></span> <span class='ocrx_word' id='word_1_669' title='bbox 3414 5026 3543 5082; x_wconf 83' lang='lat' dir='ltr'><strong>geu-</strong></span> 
     </span>
    </p>
   </div>
   <div class='ocr_carea' id='block_1_99' title="bbox 283 5099 1821 5201">
    <p class='ocr_par' dir='ltr' id='par_1_99' title="bbox 283 5116 1821 5199">
     <span class='ocr_line' id='line_1_99' title="bbox 283 5116 1821 5199; baseline -0.01 -16"><span class='ocrx_word' id='word_1_670' title='bbox 283 5130 444 5199; x_wconf 75' lang='grc' dir='ltr'>φόόον</span> <span class='ocrx_word' id='word_1_671' title='bbox 472 5127 916 5197; x_wconf 85' lang='grc' dir='ltr'>περιτεμνόμενα</span> <span class='ocrx_word' id='word_1_672' title='bbox 945 5124 1044 5195; x_wconf 81' lang='grc' dir='ltr'>τὴν</span> <span class='ocrx_word' id='word_1_673' title='bbox 1072 5121 1227 5186; x_wconf 82' lang='grc' dir='ltr'>αἰδὼ,</span> <span class='ocrx_word' id='word_1_674' title='bbox 1270 5120 1330 5172; x_wconf 84' lang='grc' dir='ltr'><strong>τὸ</strong></span> <span class='ocrx_word' id='word_1_675' title='bbox 1365 5118 1647 5173; x_wconf 78' lang='grc' dir='ltr'>ἀκίνδυνον</span> <span class='ocrx_word' id='word_1_676' title='bbox 1676 5116 1821 5168; x_wconf 74' lang='grc' dir='ltr'>αὐτοῑ</span> 
     </span>
    </p>
   </div>
   <div class='ocr_carea' id='block_1_100' title="bbox 1938 5099 3543 5201">
    <p class='ocr_par' dir='ltr' id='par_1_100' title="bbox 1971 5099 3543 5166">
     <span class='ocr_line' id='line_1_100' title="bbox 1971 5099 3543 5166; baseline 0.003 -17"><span class='ocrx_word' id='word_1_677' title='bbox 1971 5099 2106 5151; x_wconf 86' lang='lat' dir='ltr'><strong>tium</strong></span> <span class='ocrx_word' id='word_1_678' title='bbox 2137 5106 2287 5151; x_wconf 88' lang='lat' dir='ltr'><strong>metu</strong></span> <span class='ocrx_word' id='word_1_679' title='bbox 2329 5112 2520 5150; x_wconf 86' lang='lat' dir='ltr'><strong>eorum</strong></span> <span class='ocrx_word' id='word_1_680' title='bbox 2552 5099 3010 5155; x_wconf 86' lang='lat' dir='ltr'><strong>circumcidentes</strong></span> <span class='ocrx_word' id='word_1_681' title='bbox 3045 5102 3303 5166; x_wconf 89' lang='lat' dir='ltr'><strong>verenda,</strong></span> <span class='ocrx_word' id='word_1_682' title='bbox 3336 5103 3543 5156; x_wconf 87' lang='lat' dir='ltr'><strong>securi-</strong></span> 
     </span>
    </p>
   </div>
   <div class='ocr_carea' id='block_1_101' title="bbox 279 5190 1821 5292">
    <p class='ocr_par' dir='ltr' id='par_1_101' title="bbox 279 5190 1116 5292">
     <span class='ocr_line' id='line_1_101' title="bbox 279 5190 1116 5292; baseline -0.01 -16"><span class='ocrx_word' id='word_1_683' title='bbox 279 5190 341 5276; x_wconf 68' lang='grc' dir='ltr'><strong>ἐκ</strong></span> <span class='ocrx_word' id='word_1_684' title='bbox 368 5190 561 5276; x_wconf 66' lang='grc' dir='ltr'>τοῦτον</span> <span class='ocrx_word' id='word_1_685' title='bbox 588 5190 1116 5292; x_wconf 64' lang='grc' dir='ltr'>πραγματευόμενα.</span> 
     </span>
    </p>
   </div>
   <div class='ocr_carea' id='block_1_102' title="bbox 1938 5190 2946 5292">
    <p class='ocr_par' dir='ltr' id='par_1_102' title="bbox 1971 5190 2946 5260">
     <span class='ocr_line' id='line_1_102' title="bbox 1971 5190 2946 5260; baseline 0.006 -19"><span class='ocrx_word' id='word_1_686' title='bbox 1971 5198 2135 5243; x_wconf 86' lang='lat' dir='ltr'><strong>tatem</strong></span> <span class='ocrx_word' id='word_1_687' title='bbox 2173 5190 2275 5245; x_wconf 90' lang='lat' dir='ltr'><strong>sibi</strong></span> <span class='ocrx_word' id='word_1_688' title='bbox 2305 5190 2408 5245; x_wconf 89' lang='lat' dir='ltr'><strong>hoc</strong></span> <span class='ocrx_word' id='word_1_689' title='bbox 2432 5200 2589 5260; x_wconf 87' lang='lat' dir='ltr'><strong>pacto</strong></span> <span class='ocrx_word' id='word_1_690' title='bbox 2618 5201 2946 5260; x_wconf 85' lang='lat' dir='ltr'><strong>quaererent.</strong></span> 
     </span>
    </p>
   </div>
   <div class='ocr_carea' id='block_1_103' title="bbox 357 5281 1821 5382">
    <p class='ocr_par' dir='ltr' id='par_1_103' title="bbox 357 5281 1364 5382">
     <span class='ocr_line' id='line_1_103' title="bbox 357 5281 1364 5382; baseline -0.013 -14"><span class='ocrx_word' id='word_1_691' title='bbox 357 5315 509 5368; x_wconf 75' lang='grc' dir='ltr'>«Ὅτι</span> <span class='ocrx_word' id='word_1_692' title='bbox 538 5281 871 5382; x_wconf 70' lang='grc' dir='ltr'>ἐδοκίμασας</span> <span class='ocrx_word' id='word_1_693' title='bbox 907 5281 1076 5380; x_wconf 77' lang='grc' dir='ltr'>ἡμᾶς,</span> <span class='ocrx_word' id='word_1_694' title='bbox 1104 5309 1133 5360; x_wconf 86' lang='grc' dir='ltr'>ὁ</span> <span class='ocrx_word' id='word_1_695' title='bbox 1162 5304 1313 5368; x_wconf 85' lang='grc' dir='ltr'>Θεός.</span> <span class='ocrx_word' id='word_1_696' title='bbox 1346 5322 1364 5355; x_wconf 72' lang='grc' dir='ltr'><strong>ι</strong></span> 
     </span>
    </p>
   </div>
   <div class='ocr_carea' id='block_1_104' title="bbox 1938 5281 3365 5382">
    <p class='ocr_par' dir='ltr' id='par_1_104' title="bbox 2042 5281 3365 5353">
     <span class='ocr_line' id='line_1_104' title="bbox 2042 5281 3365 5353; baseline 0 -19"><span class='ocrx_word' id='word_1_697' title='bbox 2042 5281 2203 5335; x_wconf 68' lang='lat' dir='ltr'><strong>Vens.</strong></span> <span class='ocrx_word' id='word_1_698' title='bbox 2242 5282 2325 5335; x_wconf 83' lang='grc'><strong>10.</strong></span> <span class='ocrx_word' id='word_1_699' title='bbox 2374 5300 2392 5332; x_wconf 80' lang='grc' dir='ltr'><strong>ι</strong></span> <span class='ocrx_word' id='word_1_700' title='bbox 2425 5282 2693 5348; x_wconf 85' lang='lat' dir='ltr'><strong>Quoniam</strong></span> <span class='ocrx_word' id='word_1_701' title='bbox 2733 5284 2977 5353; x_wconf 83' lang='lat' dir='ltr'><strong>probasti</strong></span> <span class='ocrx_word' id='word_1_702' title='bbox 3004 5300 3124 5351; x_wconf 88' lang='lat' dir='ltr'><strong>nos,</strong></span> <span class='ocrx_word' id='word_1_703' title='bbox 3162 5284 3322 5339; x_wconf 88' lang='lat' dir='ltr'><strong>Deus.</strong></span> <span class='ocrx_word' id='word_1_704' title='bbox 3347 5302 3365 5334; x_wconf 77' lang='grc' dir='ltr'><strong>ι</strong></span> 
     </span>
    </p>
   </div>
   <div class='ocr_carea' id='block_1_105' title="bbox 354 5374 1821 5481">
    <p class='ocr_par' dir='ltr' id='par_1_105' title="bbox 354 5374 1821 5477">
     <span class='ocr_line' id='line_1_105' title="bbox 354 5374 1821 5477; baseline -0.012 -16"><span class='ocrx_word' id='word_1_705' title='bbox 354 5405 650 5477; x_wconf 72' lang='grc' dir='ltr'>Βουληθεὶς</span> <span class='ocrx_word' id='word_1_706' title='bbox 680 5374 792 5473; x_wconf 76' lang='grc' dir='ltr'>γὰρ</span> <span class='ocrx_word' id='word_1_707' title='bbox 824 5374 959 5455; x_wconf 78' lang='grc' dir='ltr'>πᾶσι</span> <span class='ocrx_word' id='word_1_708' title='bbox 979 5399 1153 5465; x_wconf 79' lang='grc' dir='ltr'>δεῖξαι</span> <span class='ocrx_word' id='word_1_709' title='bbox 1181 5400 1242 5451; x_wconf 83' lang='grc' dir='ltr'><strong>τὸ</strong></span> <span class='ocrx_word' id='word_1_710' title='bbox 1273 5397 1371 5465; x_wconf 84' lang='grc' dir='ltr'><strong>τῆς</strong></span> <span class='ocrx_word' id='word_1_711' title='bbox 1404 5392 1563 5465; x_wconf 84' lang='grc' dir='ltr'>ἡμῶν</span> <span class='ocrx_word' id='word_1_712' title='bbox 1582 5390 1821 5445; x_wconf 77' lang='grc' dir='ltr'>εὐσεϐείο</span> 
     </span>
    </p>
   </div>
   <div class='ocr_carea' id='block_1_106' title="bbox 1938 5374 3550 5481">
    <p class='ocr_par' dir='ltr' id='par_1_106' title="bbox 2042 5374 3550 5446">
     <span class='ocr_line' id='line_1_106' title="bbox 2042 5374 3550 5446; baseline 0 -17"><span class='ocrx_word' id='word_1_713' title='bbox 2042 5374 2182 5429; x_wconf 91' lang='lat' dir='ltr'><strong>Cum</strong></span> <span class='ocrx_word' id='word_1_714' title='bbox 2230 5375 2375 5429; x_wconf 93' lang='lat' dir='ltr'><strong>enim</strong></span> <span class='ocrx_word' id='word_1_715' title='bbox 2420 5375 2674 5430; x_wconf 90' lang='lat' dir='ltr'><strong>omnibus</strong></span> <span class='ocrx_word' id='word_1_716' title='bbox 2722 5375 2998 5446; x_wconf 79' lang='lat' dir='ltr'><strong>religionis</strong></span> <span class='ocrx_word' id='word_1_717' title='bbox 3032 5386 3233 5431; x_wconf 74' lang='lat' dir='ltr'><strong>nostra:</strong></span> <span class='ocrx_word' id='word_1_718' title='bbox 3260 5375 3550 5430; x_wconf 84' lang='lat' dir='ltr'><strong>sincerita-</strong></span> 
     </span>
    </p>
   </div>
   <div class='ocr_carea' id='block_1_107' title="bbox 276 5469 1821 5568">
    <p class='ocr_par' dir='ltr' id='par_1_107' title="bbox 276 5488 1474 5568">
     <span class='ocr_line' id='line_1_107' title="bbox 276 5488 1474 5568; baseline -0.008 -14"><span class='ocrx_word' id='word_1_719' title='bbox 276 5499 591 5568; x_wconf 74' lang='grc' dir='ltr'>ἀκίϐδηλον,</span> <span class='ocrx_word' id='word_1_720' title='bbox 628 5495 804 5549; x_wconf 81' lang='grc' dir='ltr'>ταῦτα</span> <span class='ocrx_word' id='word_1_721' title='bbox 832 5492 1024 5547; x_wconf 82' lang='grc' dir='ltr'>παθεῖν</span> <span class='ocrx_word' id='word_1_722' title='bbox 1064 5488 1474 5561; x_wconf 86' lang='grc' dir='ltr'>συνεχώρησας.</span> 
     </span>
    </p>
   </div>
   <div class='ocr_carea' id='block_1_108' title="bbox 1938 5469 3492 5568">
    <p class='ocr_par' dir='ltr' id='par_1_108' title="bbox 1976 5469 3492 5541">
     <span class='ocr_line' id='line_1_108' title="bbox 1976 5469 3492 5541; baseline 0.001 -19"><span class='ocrx_word' id='word_1_723' title='bbox 1976 5478 2083 5522; x_wconf 84' lang='lat' dir='ltr'><strong>tcm</strong></span> <span class='ocrx_word' id='word_1_724' title='bbox 2124 5470 2504 5525; x_wconf 85' lang='lat' dir='ltr'><strong>demonstrare</strong></span> <span class='ocrx_word' id='word_1_725' title='bbox 2543 5470 2730 5535; x_wconf 85' lang='lat' dir='ltr'><strong>velles,</strong></span> <span class='ocrx_word' id='word_1_726' title='bbox 2761 5469 2877 5524; x_wconf 64' lang='lat' dir='ltr'><strong>haec</strong></span> <span class='ocrx_word' id='word_1_727' title='bbox 2905 5486 3005 5525; x_wconf 91' lang='lat' dir='ltr'><strong>nos</strong></span> <span class='ocrx_word' id='word_1_728' title='bbox 3028 5471 3137 5541; x_wconf 88' lang='lat' dir='ltr'><strong>pati</strong></span> <span class='ocrx_word' id='word_1_729' title='bbox 3178 5469 3492 5541; x_wconf 83' lang='lat' dir='ltr'><strong>permisisti.</strong></span> 
     </span>
    </p>
   </div>
   <div class='ocr_carea' id='block_1_109' title="bbox 844 5583 1821 5670">
    <p class='ocr_par' dir='ltr' id='par_1_109' title="bbox 844 5604 1302 5670">
     <span class='ocr_line' id='line_1_109' title="bbox 844 5604 1302 5670; baseline -0.009 -11"><span class='ocrx_word' id='word_1_730' title='bbox 844 5604 1135 5659; x_wconf 79' lang='grc' dir='ltr'><strong>ΨΑΛΜΟΣ</strong></span> <span class='ocrx_word' id='word_1_731' title='bbox 1165 5605 1302 5670; x_wconf 65' lang='lat' dir='ltr'><strong>scr.</strong></span> 
     </span>
    </p>
   </div>
   <div class='ocr_carea' id='block_1_110' title="bbox 1938 5583 3035 5670">
    <p class='ocr_par' dir='ltr' id='par_1_110' title="bbox 2490 5583 3035 5642">
     <span class='ocr_line' id='line_1_110' title="bbox 2490 5583 3035 5642; baseline 0.002 -3"><span class='ocrx_word' id='word_1_732' title='bbox 2490 5584 2813 5642; x_wconf 78' lang='lat' dir='ltr'><strong>PSALMUS</strong></span> <span class='ocrx_word' id='word_1_733' title='bbox 2853 5583 3035 5640; x_wconf 79' lang='lat' dir='ltr'><strong>LXVI.</strong></span> 
     </span>
    </p>
   </div>
   <div class='ocr_carea' id='block_1_111' title="bbox 361 5678 1821 5770">
    <p class='ocr_par' dir='ltr' id='par_1_111' title="bbox 361 5699 1254 5770">
     <span class='ocr_line' id='line_1_111' title="bbox 361 5699 1254 5770; baseline -0.013 -11"><span class='ocrx_word' id='word_1_734' title='bbox 361 5723 383 5759; x_wconf 75' lang='grc' dir='ltr'><strong>ι</strong></span> <span class='ocrx_word' id='word_1_735' title='bbox 407 5704 467 5757; x_wconf 86' lang='grc'><strong>’0</strong></span> <span class='ocrx_word' id='word_1_736' title='bbox 501 5701 633 5765; x_wconf 76' lang='grc' dir='ltr'>Θεὺς</span> <span class='ocrx_word' id='word_1_737' title='bbox 658 5701 1003 5770; x_wconf 86' lang='grc' dir='ltr'>οἱκτειρήσαι</span> <span class='ocrx_word' id='word_1_738' title='bbox 1034 5699 1200 5768; x_wconf 80' lang='grc' dir='ltr'>ἡμᾶς.</span> <span class='ocrx_word' id='word_1_739' title='bbox 1237 5716 1254 5746; x_wconf 77' lang='grc' dir='ltr'><strong>ι</strong></span> 
     </span>
    </p>
   </div>
   <div class='ocr_carea' id='block_1_112' title="bbox 1938 5678 3159 5770">
    <p class='ocr_par' dir='ltr' id='par_1_112' title="bbox 2052 5678 3159 5736">
     <span class='ocr_line' id='line_1_112' title="bbox 2052 5678 3159 5736; baseline -0.005 -3"><span class='ocrx_word' id='word_1_740' title='bbox 2052 5681 2213 5736; x_wconf 69' lang='lat' dir='ltr'><strong>Vsus.</strong></span> <span class='ocrx_word' id='word_1_741' title='bbox 2246 5683 2297 5735; x_wconf 72' lang='lat'><strong>2.</strong></span> <span class='ocrx_word' id='word_1_742' title='bbox 2349 5702 2366 5732; x_wconf 84' lang='grc'><strong>‹</strong></span> <span class='ocrx_word' id='word_1_743' title='bbox 2398 5683 2539 5736; x_wconf 87' lang='lat' dir='ltr'><strong>Deus</strong></span> <span class='ocrx_word' id='word_1_744' title='bbox 2571 5681 2895 5735; x_wconf 79' lang='lat' dir='ltr'><strong>misereatur</strong></span> <span class='ocrx_word' id='word_1_745' title='bbox 2921 5678 3110 5734; x_wconf 87' lang='lat' dir='ltr'><strong>nostri.</strong></span> <span class='ocrx_word' id='word_1_746' title='bbox 3142 5696 3159 5728; x_wconf 74' lang='grc' dir='ltr'><strong>ι</strong></span> 
     </span>
    </p>
   </div>
   <div class='ocr_carea' id='block_1_113' title="bbox 359 5852 1317 5920">
    <p class='ocr_par' dir='ltr' id='par_1_113' title="bbox 359 5852 1317 5920">
     <span class='ocr_line' id='line_1_113' title="bbox 359 5852 1317 5920; baseline -0.01 -5"><span class='ocrx_word' id='word_1_747' title='bbox 359 5860 406 5891; x_wconf 75' lang='grc'><strong>⁸⁸</strong></span> <span class='ocrx_word' id='word_1_748' title='bbox 437 5858 575 5915; x_wconf 83' lang='lat' dir='ltr'><strong>Gen.</strong></span> <span class='ocrx_word' id='word_1_749' title='bbox 614 5872 694 5920; x_wconf 84' lang='lat' dir='ltr'><strong>In,</strong></span> <span class='ocrx_word' id='word_1_750' title='bbox 726 5856 811 5910; x_wconf 82' lang='lat' dir='ltr'><strong>I5.</strong></span> <span class='ocrx_word' id='word_1_751' title='bbox 890 5855 932 5885; x_wconf 71' lang='grc'>⁸⁷</span> <span class='ocrx_word' id='word_1_752' title='bbox 961 5854 1152 5909; x_wconf 87' lang='lat' dir='ltr'><strong>Matth.</strong></span> <span class='ocrx_word' id='word_1_753' title='bbox 1184 5867 1236 5911; x_wconf 77' lang='grc' dir='ltr'><strong>ν,</strong></span> <span class='ocrx_word' id='word_1_754' title='bbox 1262 5852 1317 5906; x_wconf 82' lang='grc'><strong>5.</strong></span> 
     </span>
    </p>
   </div>
   <div class='ocr_carea' id='block_1_114' title="bbox 657 5945 1821 6026">
    <p class='ocr_par' dir='ltr' id='par_1_114' title="bbox 657 5945 1346 6014">
     <span class='ocr_line' id='line_1_114' title="bbox 657 5945 1346 6014; baseline -0.012 0"><span class='ocrx_word' id='word_1_755' title='bbox 657 5953 924 6014; x_wconf 64' lang='lat' dir='ltr'><strong>Famae.</strong></span> <span class='ocrx_word' id='word_1_756' title='bbox 969 5950 1085 6009; x_wconf 80' lang='lat' dir='ltr'><strong>Gn.</strong></span> <span class='ocrx_word' id='word_1_757' title='bbox 1132 5945 1346 6007; x_wconf 75' lang='lat' dir='ltr'><strong>XCIII.</strong></span> 
     </span>
    </p>
   </div>
   <div class='ocr_carea' id='block_1_115' title="bbox 1938 5945 3201 6026">
    <p class='ocr_par' dir='ltr' id='par_1_115' title="bbox 2506 5950 3201 6026">
     <span class='ocr_line' id='line_1_115' title="bbox 2506 5950 3201 6026; baseline -0.009 -11"><span class='ocrx_word' id='word_1_758' title='bbox 2506 6015 2518 6026; x_wconf 76' lang='grc'><strong>,</strong></span> <span class='ocrx_word' id='word_1_759' title='bbox 3128 5950 3201 6010; x_wconf 80' lang='lat'><strong>‘39</strong></span> 
     </span>
    </p>
   </div>
  </div>
