3950 6404
474 402 609 469 19.27

473 614 611 684 petit
638 611 748 667 cito
775 609 910 671 ﬁeri,
934 619 994 663 ut
1022 607 1459 663 benedictionem
1490 623 1557 662 ex
1588 607 1703 677 ipsa
1738 606 2055 661 referamus.

473 707 714 777 Apparet
756 711 936 757 autem
972 701 1151 755 vultus
1183 698 1432 753 omnium
1457 697 1801 765 Conditoris,
1835 699 1928 768 qui
1969 713 2059 752 re-

471 800 587 870 plct
626 812 730 851 nos
766 792 1151 851 benedictione
1186 806 1250 845 ac
1276 790 1764 857 miserationibus,
1797 792 1927 847 dum
1957 807 2059 861 ap—

470 900 628 963 paret
672 890 832 945 nobis
878 889 1048 960 ﬁgura
1099 886 1419 941 substantiae
1448 886 1588 956 ejus,
1620 896 1674 941 et
1717 887 2058 941 demonstrat

471 984 829 1053 semetipsum
858 981 924 1036 iis
954 979 1048 1050 qui
1080 978 1227 1050 digni
1254 989 1384 1034 sunt
1414 999 1427 1035 :
1460 996 1587 1035 cum
1611 982 1757 1036 enim
1790 981 1960 1051 ﬁgura
1987 980 2057 1035 sit

471 1077 568 1132 Dei
622 1074 934 1138 invisibilis,
965 1072 1058 1144 qui
1105 1081 1291 1126 mente
1321 1087 1456 1142 pura
1491 1074 1559 1128 ad
1596 1073 1774 1144 ipsum
1821 1072 2051 1139 accedit,

466 1170 515 1224 is
543 1169 686 1224 videt
720 1166 955 1221 Patrem.
988 1163 1092 1230 Qui
1117 1163 1285 1229 enim,
1322 1166 1520 1235 inquit,
1551 1166 1688 1220 videt
1714 1182 1814 1230 me,
1843 1165 1977 1219 videt
2003 1171 2054 1217 et

468 1259 763 1314 Patrem”.
812 1256 969 1312 Tunc
1020 1254 1303 1311 beneﬁciis
1356 1257 1581 1313 aﬁ'ectos
1629 1259 1939 1319 miseretur,
1988 1271 2053 1311 ac

465 1352 739 1407 Benedicit
788 1352 929 1405 omni
975 1347 1329 1401 benedictione
1367 1350 1639 1419 spirituali
1673 1350 1728 1403 in
1762 1348 2051 1404 caelestibus

464 1446 521 1498 in
547 1443 755 1500 Christo
781 1444 903 1499 Jesu
921 1443 986 1500 δ’.

534 1627 615 1681 Te
640 1624 786 1680 enim
812 1624 1020 1679 vultum
1054 1624 1420 1683 illuminante.
1441 1621 1791 1694 cognoscitur
1819 1621 1903 1676 via
1927 1636 2047 1690 qua:

466 1718 617 1774 ducit
646 1718 713 1772 ad
738 1716 975 1782 Patrem,
1011 1733 1135 1772 cum
1169 1716 1315 1772 dicat
1341 1734 1353 1768 :
1380 1716 1491 1786 Ego
1522 1732 1639 1769 sum
1668 1715 1753 1768 via
1782 1722 1870 1768 :et
1896 1729 2045 1768 nemo

465 1812 605 1866 venit
637 1811 705 1865 ad
730 1810 971 1875 Patrem,
997 1810 1099 1863 nisi
1124 1826 1214 1877 per
1242 1825 1323 1862 me
1339 1808 1409 1860 ⁸⁸⁵.
1440 1808 1586 1861 ldem
1615 1806 1778 1861 etiam
1806 1806 2045 1861 salutare

467 1903 571 1957 erit
621 1901 675 1955 in
712 1901 969 1955 omnibus
1003 1900 1279 1972 gentibus,
1311 1914 1436 1953 cum
1462 1898 1745 1968 impletum
1776 1896 1941 1952 fuerit
1984 1896 2049 1951 il-

466 1994 559 2049 Iud
585 2012 599 2048 :
626 1992 827 2046 Videbit
860 1992 1028 2045 omnis
1057 2008 1182 2045 caro
1210 1988 1451 2045 salutare
1482 1989 1659 2043 Dei“.
1684 1990 1892 2045 Dixeris
1912 2005 2049 2059 quo-

460 2099 568 2154 que
614 2084 759 2137 viam
810 2098 931 2138 esse
982 2091 1252 2153 praecepta
1302 2083 1454 2151 ejus,
1484 2080 1641 2152 juxta
1691 2080 1865 2135 illud:
1896 2079 2048 2135 Viam

458 2176 839 2230 mandatorum
870 2184 1081 2228 tuorum
1114 2175 1381 2230 cucurri"
1406 2190 1422 2241 ;
1451 2181 1506 2227 et
1534 2178 1940 2241 consequenter
1961 2187 2049 2225 sa-

460 2269 649 2332 lutem,
683 2282 845 2337 quam
880 2266 1033 2320 venit
1076 2264 1361 2331 exhibere,
1402 2272 1464 2318 ut
1515 2272 1605 2319 tua
1651 2263 1707 2320 in
1756 2277 1858 2318 nos
1903 2264 2049 2318 salus

456 2358 714 2414 omnibus
753 2357 847 2412 ﬁat
874 2355 1188 2412 manifesta.

970 2535 1290 2592 PSALMUS
1327 2535 1535 2593 LXVII.

524 2634 691 2689 Vens.
724 2635 783 2689 3.
831 2651 851 2684 ι
882 2631 1037 2686 Sicut
1071 2627 1258 2685 deﬁcit
1284 2628 1485 2683 fumus.
1512 2647 1531 2681 ι

530 2725 725 2779 Facilis
760 2730 845 2779 est
874 2727 1225 2793 peccatorum
1253 2719 1458 2789 lapsus,
1490 2718 1706 2774 tametsi
1758 2718 1863 2774 sibi
1912 2719 2046 2790 ipsis

456 2817 795 2874 conﬁdentes
833 2814 1142 2868 videantur.
1183 2811 1325 2877 Quid
1355 2812 1503 2865 enim
1554 2810 1704 2867 fumo
1751 2821 1809 2867 ut
1846 2813 2044 2869 dissol-

452 2922 616 2967 vatur
655 2906 960 2965 cariosius?
1003 2905 1132 2978 quid
1187 2905 1316 2960 item
1368 2919 1513 2970 cera,
1561 2905 1782 2975 quando
1817 2908 2044 2960 avehe-

456 3001 626 3059 mcnti
659 3002 784 3072 igne
819 2997 1037 3053 caleﬁt?
1082 2996 1245 3051 Hisce
1290 2995 1454 3050 rebus
1485 2995 1755 3067 Propheta
1786 3005 2041 3067 peccato-

455 3111 546 3149 res
570 3090 911 3162 comparavit
947 3108 962 3144 :
995 3090 1215 3160 quando
1257 3089 1403 3142 enim
1449 3088 1590 3159 ignis
1620 3089 1887 3160 gehennae
1916 3104 2043 3144 suc-

1657 399 2020 459 HESYCHII
2065 399 2539 460 PRESBYTERI

543 523 675 577 Eam
728 533 889 589 quam
942 514 1613 587 przenoveratSalvatoris
1658 515 2057 585 apparitionem
2087 523 2133 578 Α

3626 403 3759 469 1228

2236 516 2340 569 Ἢν
2372 517 2625 588 προέγνω
2659 515 2754 570 τοῦ
2789 516 3045 589 Σωτῆρος
3075 517 3401 587 ἐπιφάνειαν
3442 519 3598 574 αίτεῖ
3627 523 3760 575 θᾶτ-

2160 622 2252 658 τον
2278 605 2553 674 γενέσθαι,
2585 606 2687 678 τὴν
2716 607 2780 660 ὲκ
2810 607 3018 678 ταύτης
3046 609 3199 671 ὅπως
3245 609 3504 678 εὐλογίαν
3542 610 3763 682 τρυγήι

2161 706 2363 760 σωμεν.
2384 692 2763 761 Ἐπιφαινεται
2789 694 2845 747 δὲ
2874 693 2935 747 τὸ
2962 696 3257 765 πρόσωπον
3278 701 3374 751 τοῦ
3401 698 3631 752 πάντων
3653 703 3764 772 Δη-

2161 779 2445 850 μιουργοῦ,
2476 781 2537 835 τὸ
2562 781 2807 852 πληροῦν
2833 785 2983 854 ἡμᾶς
3014 785 3269 855 εὐλογίας
3295 788 3391 841 καὶ
3419 789 3759 861 οἰκτιρμῶν,

2157 872 2515 940 ἐπιφανέντος
2563 877 2697 946 ἡμῖν
2729 876 2826 929 τοῦ
2858 877 3212 948 χαρακτῆρος
3240 880 3341 950 τῆς
3390 880 3759 945 ὑποστάσεως

2156 962 2344 1031 αὐτοῦ,
2379 966 2473 1019 καὶ
2509 967 2909 1036 ἐμφανίσαντος
2956 967 3154 1022 ἑαυτὸν
3204 971 3319 1032 τοῖς
3362 967 3582 1034 ἀξίοις·
3630 970 3761 1023 ἐπεὶ

2154 1055 2262 1127 γὰρ
2297 1055 2460 1111 εἰκών
2475 1059 2612 1133 ,ἐστι
2643 1057 2740 1112 τοῦ
2769 1059 2905 1113 Θεοῦ
2938 1059 3036 1113 τού
3067 1061 3327 1131 ἀοράτου,
3356 1065 3386 1115 6
3411 1061 3491 1133 νῷ
3519 1062 3762 1133 καθαρῷ

2153 1123 2498 1219 προσϐαλὼν.
2512 1149 2682 1221 αὐτῷ,
2711 1152 2816 1223 ὁρᾷ
2845 1152 2937 1205 τὸν
2971 1123 3288 1225 Πατέρα.⁹ο
3437 1123 3772 1227 γὰρ,φησὶν,

2150 1242 2423 1313 ἑωρακὼς
2442 1284 2457 1309 ,
2484 1245 2705 1314 ἑώρακε
2736 1248 2845 1301 τὸν
2876 1248 3128 1318 Πατέρα.
3166 1249 3302 1303 Τότε
3340 1251 3476 1313 τοὺς
3517 1250 3764 1320 εὐεργε-

2150 1337 2448 1406 τουμένους
2490 1338 2786 1410 οίκτείρει,
2836 1342 2931 1393 καὶ
2980 1340 3236 1410 Εὐλογεῖ
3284 1340 3455 1409 πάσῃ
3499 1340 3763 1408 εὐλογίᾳ

2150 1428 2526 1499 πνευματικῇ
2569 1431 2640 1485 ἐν
2682 1431 2808 1498 τοῖς
2857 1431 3237 1500 ἐπουρανίοις
3272 1433 3344 1487 ἐν
3369 1430 3612 1500 Χριστῷ
3652 1432 3764 1499 Ἰη-

2149 1534 2289 1573 σου.

2218 1610 2614 1681 Ἐπιφάναντος
2650 1613 2759 1685 γάρ
2792 1631 2886 1668 σου
2918 1614 2980 1668 τὸ
3006 1614 3324 1687 πρόσωπον,
3346 1612 3696 1684 γινώσκεται
3719 1616 3755 1685 ἡ

2147 1699 2324 1771 όδδςή
2359 1703 2496 1772 πρὸς
2541 1705 2600 1757 σὲ
2647 1705 2858 1774 ἄγουσα
2904 1706 2995 1760 τὸν
3027 1708 3274 1778 Πατέρα,
3304 1711 3333 1761 6
3369 1707 3548 1760 εἰπών
3572 1725 3589 1739 ·
3611 1706 3757 1777 Ἐγώ

2147 1793 2264 1859 εἰμι
2303 1792 2340 1859 ἠ
2362 1793 2502 1859 ὁδός
2521 1811 2536 1827 ·
2566 1796 2661 1849 καὶ
2695 1795 2898 1863 οὐδεὶς
2919 1796 3155 1867 ἔρχεται
3184 1798 3335 1866 πρὸς
3363 1799 3474 1852 τὸν
3487 1796 3753 1866 Πατέρα,

2078 1861 2121 1919 Β
2148 1883 2201 1934 εὶ
2242 1883 2328 1951 μὴ
2371 1884 2447 1937 δι’
2466 1886 2633 1956 ἐμοῦ.
2651 1887 2711 1941 '0
2756 1887 2814 1941 δὲ
3061 1861 3342 1943 ἐσταινκαὶ
3381 1861 3668 1962 σωτήριον
3698 1893 3758 1943 ἐν

2150 1975 2317 2029 πᾶσιν
2343 1976 2545 2042 ἔθνεσι,
2579 1979 2961 2050 πληρωθέντος
2980 1980 3363 2052 τοῦ,’οψεται
3393 1983 3571 2039 πᾶσα
3589 1984 3753 2051 σὰρξ

2151 2065 2219 2120 τό
2272 2067 2574 2137 σωτήριον
2614 2071 2722 2125 τοῦ
2762 2072 2932 2127 Θεοῦ.
2978 2073 3173 2143 Λέγοις
3201 2074 3247 2127 δ’
3270 2075 3337 2130 ἂν
3369 2075 3490 2129 ὁδὸν
3521 2075 3625 2129 καὶ
3654 2075 3755 2141 τὰς

2150 2156 2373 2222 ἐντολὰς
2403 2160 2594 2227 αὐτοῦ,
2624 2161 2767 2216 κατὰ
2794 2163 2856 2216 τό
2879 2181 2892 2195 ·
2926 2154 3103 2217 Ὀδὸν
3124 2164 3392 2219 ἐντολῶν
3419 2182 3543 2221 σου
3578 2165 3752 2235 ἔδρα-

2143 2264 2294 2318 μον·
2331 2251 2427 2303 καὶ
2472 2253 2825 2325 καταλλήλως
2870 2256 3171 2327 σωτηρίαν,
3201 2259 3268 2329 ἢν
3302 2258 3537 2331 ἐλήλυθε
3570 2277 3743 2331 παρι-

2152 2344 2320 2411 σχεῖν,
2354 2341 2496 2396 ὥστε
2529 2347 2661 2399 πᾶσι
2698 2347 2797 2418 τὴν
2830 2349 2912 2412 είς
2941 2350 3092 2419 ἡμᾶς
3138 2366 3233 2403 σου
3278 2350 3564 2422 σωτηρίαν
3597 2349 3751 2424 σαφῆ

2149 2433 2429 2501 γενέσθαι.
2678 2444 2684 2451 ’

2714 2529 3009 2585 ΨΑΛΜΟΣ
3049 2532 3168 2587 ΞΖ’.

2225 2622 2353 2686 ιὨς
2387 2622 2634 2677 ἐκλείπει
2668 2624 2902 2688 καπνός.
2937 2643 2956 2676 ι

2219 2711 2465 2783 Εὑχερὴς
2494 2712 2602 2765 τῶν
2629 2714 2973 2786 ἁμαρτωλῶν
3002 2717 3035 2786 ἡ
3069 2715 3298 2785 πτῶσις,
3333 2718 3381 2770 εἰ
3409 2718 3501 2774 καὶ
3530 2719 3751 2793 σφόδρα.

2147 2803 2360 2867 ἑαυτοῖς
2409 2806 2731 2860 πεποιθέναι
2777 2807 3082 2877 νομίζουσι.
3115 2810 3180 2864 Τί
3205 2812 3311 2884 γὰρ
3342 2813 3558 2867 καπνοῦ
3602 2816 3749 2886 πρὸς

2144 2896 2207 2949 τὸ
2234 2894 2463 2967 λυθῆναι
2496 2898 2861 2971 σαθρότερον;
2904 2901 2958 2954 τί
3002 2902 3059 2956 δὲ
3107 2906 3201 2959 καὶ
3236 2906 3432 2978 κηροῦ,
3469 2908 3603 2961 ὅταν
3636 2909 3746 2962 ὑπὸ

2147 2989 2320 3059 πυρὸς
2349 2989 2714 3061 σφοδροτέρου
2735 2992 3097 3065 θερμαίνηται
3116 3014 3132 3065 ;
3152 2997 3381 3064 Τούτοις
3402 3000 3532 3064 τοὺς
3561 3003 3744 3075 ἁμαρ-

2143 3079 2351 3143 τωλοὺς
2372 3083 2401 3133 6
2427 3081 2723 3153 Προφήτης
2741 3085 3062 3154 συνέκρινεν
3081 3102 3096 3118 ·
3132 3089 3260 3143 ὅταν
3278 3093 3389 3162 γὰρ
3416 3092 3478 3145 τὸ
3498 3093 3613 3165 πῦρ
3635 3095 3744 3166 τῆς

456 3200 661 3241 census
693 3183 877 3251 fuerit,
913 3183 1060 3238 illico
1103 3181 1285 3237 omnis
1317 3182 1385 3236 de
1413 3179 1544 3252 ipsis
1575 3180 1891 3253 imaginatio
1917 3196 2040 3237 eva-

2155 3173 2368 3242 γεέννης
2400 3174 2656 3246 ῥιπισθῇ,
2700 3178 2851 3231 πᾶσα
2879 3180 2910 3250 ἡ
2948 3181 3078 3252 περὶ
3112 3182 3311 3249 αὐτοὺς
3339 3188 3617 3255 φαντασίᾳ
3645 3189 3743 3245 εὖ·

456 3279 655 3334 nescit.

527 3369 693 3424 Vsns.
734 3369 786 3424 5.
834 3388 851 3420 ι
880 3366 1109 3422 Cantate
1141 3365 1273 3422 Deo.
1308 3385 1325 3418 ι

527 3461 676 3516 Solet
728 3459 990 3514 nimirum
1038 3459 1291 3515 Christus
1340 3458 1394 3513 in
1448 3458 1732 3529 prophetis
1781 3458 2050 3532 appellari

452 3552 653 3608 Oriens
686 3569 699 3606 :
731 3552 866 3606 Ecce
890 3551 1198 3618 vir,0riens
1229 3568 1413 3605 nomen
1444 3551 1557 3621 ejus
1588 3568 1606 3606 :
1638 3561 1686 3607 et
1715 3552 1890 3606 subter
1923 3567 2041 3605 eum

456 3646 658 3699 orietur
674 3644 739 3700 ⁵³.
776 3645 846 3700 Et
892 3645 1092 3700 iterum
1131 3664 1142 3700 :
1183 3644 1394 3700 Orietur
1435 3645 1576 3699 vobis
1609 3646 1910 3700 timentibus
1949 3662 2043 3700 no-

457 3751 575 3789 men
605 3751 777 3789 meum
806 3732 901 3790 Sol
922 3735 1149 3804 justitiw
1179 3749 1195 3786 :
1232 3742 1279 3787 et
1312 3734 1517 3787 sanitas
1543 3735 1597 3788 in
1625 3737 1809 3805 pennis
1839 3735 1951 3804 ejus
1973 3735 2040 3790 ⁸⁸.

452 3828 727 3883 Caeterum
762 3828 887 3882 licet
922 3843 1016 3897 per
1047 3828 1325 3897 propriam
1358 3826 1537 3881 lucem
1584 3828 1769 3882 oriens
1796 3829 2041 3894 cxsiStat,

454 3918 706 3973 ascendit
751 3927 933 3972 tamen
960 3932 1125 3987 supra
1156 3932 1433 3984 occasum,
1461 3932 1562 3987 pro
1591 3932 1755 3972 curru
1780 3918 1883 3973 sibi
1914 3919 2043 3973 ada-

455 4023 617 4081 ptans
648 4020 968 4080 peccatores
999 4009 1091 4079 qui
1127 4017 1560 4073 convertuntur;
1590 4008 1658 4063 ad
1703 4024 1841 4078 quos
1860 4009 1997 4063 dixit
2026 4026 2039 4062 :

454 4103 641 4157 Tollite
666 4103 860 4173 jugum
888 4117 1062 4155 meum
1115 4117 1273 4169 super
1317 4117 1427 4165 vos,
1473 4102 1726 4171 quoniam
1779 4116 1959 4166 suave,
1991 4110 2039 4154 et

454 4213 585 4250 onus
608 4212 805 4262 meum,
842 4195 968 4265 quia
998 4193 1105 4248 leve
1120 4195 1190 4247 ⁸³.
1222 4194 1331 4249 llos
1365 4195 1617 4249 hortatur
1643 4193 1834 4260 David,
1859 4203 1914 4246 ut
1937 4192 2041 4247 iter

457 4289 568 4343 Deo
599 4288 799 4341 faciant
828 4302 925 4357 per
958 4287 1338 4357 paenitentiam
1367 4303 1383 4341 ε
1419 4285 1687 4356 siquidem
1724 4287 1777 4339 in
1808 4300 2039 4356 conspe-

455 4388 544 4432 ctu
581 4380 701 4447 ejus
729 4394 837 4432 non
886 4386 1097 4432 tantum
1131 4380 1345 4434 veniam
1378 4387 1813 4447 consequentur,
1847 4396 2036 4436 verum

442 4472 616 4526 etiam
642 4471 940 4527 familiares
976 4472 1192 4538 redditi,
1228 4471 1543 4527 exsultaturi
1571 4479 1718 4524 sunt.

523 4732 687 4787 Vens.
719 4733 807 4787 27.
853 4753 871 4786 ι
902 4733 963 4789 In
1001 4736 1248 4791 ecclesiis
1280 4735 1586 4791 benedieite
1617 4736 1746 4792 Deo.
1776 4757 1793 4789 ι

527 4822 771 4879 Ecclesia
821 4840 1040 4895 quoque
1085 4826 1286 4881 dicitur
1340 4827 1636 4882 domestica
1691 4830 2037 4900 congregatio

452 4915 704 4985 piorum;
749 4918 1214 4986 quemadmodum
1269 4927 1326 4973 et
1375 4917 1576 4973 Paulus
1624 4922 1699 4974 ait
1737 4940 1750 4975 :
1783 4920 2035 4976 Salutant

453 5021 544 5060 vos
577 5005 635 5058 in
668 5005 899 5060 Domina
925 5008 1153 5061 multum
1180 5006 1376 5077 Aquila
1408 4991 1456 5062 et
1505 5007 1771 5075 Priscilla,
1803 5027 1923 5064 cum
1947 5018 2039 5064 do-

453 5095 671 5147 mestica
718 5111 815 5148 sua
865 5096 1103 5150 Ecclesia
1123 5097 1190 5150 '3.
1244 5098 1415 5151 Porro
1472 5098 1539 5152 de
1583 5098 1826 5154 fontibus
1875 5099 2037 5154 Israel

455 5186 848 5255 pr0pltetarum
901 5194 956 5240 et
1009 5188 1379 5255 apostolorum
1425 5189 1714 5243 Dominum
1756 5207 1821 5245 ac
1867 5191 2035 5246 Deum

453 5274 656 5331 laudari
685 5278 870 5346 cupit;
901 5285 961 5331 ut
991 5292 1058 5332 eo
1086 5278 1248 5332 modo
1277 5294 1385 5349 quo
1417 5279 1518 5350 ipsi
1543 5291 1935 5351 caposuerunt,
1956 5282 2035 5339 sic

449 5375 509 5423 et
534 5382 636 5422 nos
664 5384 765 5438 pro
792 5368 902 5425 Deo
930 5370 1294 5425 celebremus.

526 5536 684 5593 Vens.
714 5540 804 5594 '56.
850 5561 868 5593 ι
898 5540 1041 5597 Deus
1067 5542 1233 5598 lsrael
1260 5544 1376 5614 ipse
1410 5545 1559 5600 dabit
1592 5547 1873 5603 virtutem.
1902 5569 1920 5601 ι

524 5740 578 5828 "“l
602 5738 756 5828 Jloau.
782 5744 975 5828 XIV,09.
1023 5743 1330 5828 nt'nﬁp‘ltes.
1364 5762 1401 5809 ι,
1430 5748 1496 5828 ἕξ
1568 5747 1802 5828 ‘f‘Joan.
1833 5767 1943 5814 ιιιν,
1976 5752 2046 5828 6..

2182 5753 2317 5809 Luc.
2349 5770 2430 5822 ιιι,
2466 5757 2517 5812 6.
2597 5758 2642 5790 ⁵²
2671 5757 2812 5814 Psal.
2847 5774 3034 5828 cxvm,
3069 5763 3158 5818 δί.

450 5803 947 5874 “unimanus.
1021 5803 1286 5869 “Matth.
1318 5803 1399 5879 ιιζ
1430 5817 1517 5872 29.
1593 5819 1639 5851 υ·
1674 5803 2114 5887 lCor.svi,19.

2147 3263 2283 3327 θέως
2312 3264 2615 3322 διαλύεται.

2222 3352 2459 3425 ι”ᾼσατε
2487 3355 2566 3425 τῷ
2600 3354 2739 3427 Θεῷ.
2773 3375 2793 3409 ι

2217 3445 2327 3497 Καὶ
2361 3445 2468 3516 μὴν
2500 3446 2760 3518 Ἀνατολὴ
2795 3450 3158 3519 χρηματίζειν
3180 3453 3241 3507 ὲν
3270 3456 3385 3519 τοῖς
3418 3457 3743 3529 προφήταις

2147 3535 2176 3589 6
2201 3537 2436 3608 Χριστὸς
2469 3537 2659 3594 εἴωθεν
2679 3554 2694 3569 ·
2726 3540 2870 3594 Ἰδοὺ
2899 3541 3075 3611 ἀνὴρ,
3114 3544 3396 3614 Ἀνατολὴ
3421 3546 3616 3618 ὄνομα
3635 3551 3741 3605 αὺ-

2146 3627 2226 3695 τῷ
2244 3645 2257 3658 ·
2288 3630 2387 3684 καὶ
2434 3630 2820 3686 ὑποκάτωθεν
2844 3634 3033 3689 αὐτοῦ
3067 3635 3366 3691 ἁνατελεῖ.
3394 3638 3508 3690 Καὶ
3539 3640 3734 3694 πάλιν·

2159 3722 2457 3776 Ἀνατελεῖ
2502 3722 2645 3792 ὑμῖν
2682 3724 2810 3790 τοῖς
2857 3727 3253 3795 φοϐουμένοις
3298 3729 3365 3782 τὸ
3398 3730 3595 3800 ὄνομά
3619 3750 3737 3802 μου

2147 3815 2358 3881 Ἥλιος·
2385 3814 2813 3884 δικαιοσύνης·
2846 3819 2943 3871 καὶ
2975 3819 3142 3883 ἴασις
3176 3821 3248 3875 ἐν
3286 3823 3417 3888 ταῖς
3444 3823 3739 3892 πτέρυξιν

2142 3907 2352 3963 αὐτοῦ.
2370 3908 2511 3961 Ἀλλ’
2537 3912 2587 3963 εί
2624 3911 2718 3964 καὶ
2745 3910 2976 3984 ἀνατολὴ
3008 3914 3268 3984 τυγχάνει
3301 3916 3390 3970 διὰ
3422 3917 3486 3971 τὸ
3526 3923 3731 3974 οἰκεῖον

2144 4000 2281 4069 φῶς,
2318 4001 2489 4072 ἐπέϐη
2539 4002 2635 4055 ἐπὶ
2678 4003 2920 4074 δυσμῶν,
2952 4005 3136 4075 ὄχημα
3185 4009 3312 4070 τοὺς
3362 4010 3732 4082 ἁμαρτωλοὺς

2143 4092 2338 4146 ἑαυτοῦ
2361 4094 2488 4157 τοὺς
2511 4094 2646 4162 πρὸς
2668 4095 2831 4148 αὐτὸν
2849 4097 3285 4167 ἐπιστρέψαντας
3302 4100 3567 4170 θέμενος·
3595 4104 3730 4174 πρὸς

2141 4183 2234 4248 οὒς
2263 4182 2660 4256 εἷτέεν·Ἀρατε
2680 4184 2788 4241 τὸν
2812 4188 2989 4259 ζυγόν
3011 4209 3132 4259 μου
3161 4191 3444 4261 ἐφ’ὑμᾶς,
3468 4194 3564 4248 ὅτι
3589 4212 3728 4265 χρη-

2142 4278 2311 4345 στὸς,
2349 4278 2447 4333 καί
2484 4279 2552 4332 τὸ
2587 4281 2835 4349 φορτίον
2873 4299 3022 4351 μου,
3053 4282 3141 4336 ὅτι
3175 4283 3466 4353 ἐλαφρόν.
3492 4286 3728 4349 Τούτους

2140 4370 2457 4441 ὁδοποιῆσαι
2480 4370 2560 4442 τῷ
2580 4370 2699 4442 Θεῷ
2726 4373 2753 4425 6
2780 4373 2942 4426 Δαϐὶδ
2961 4373 3051 4428 διὰ
3075 4376 3368 4445 μετανοίας
3387 4378 3732 4433 ἐντέλλεται·

2140 4456 2286 4515 οὗτοι
2335 4462 2443 4533 γὰρ
2487 4461 2719 4516 ἐνώπιον
2758 4464 2926 4518 αὐτοῦ
2953 4466 3015 4519 οὐ
3048 4467 3210 4536 μόνον
3253 4467 3596 4538 συγγνώμης
3637 4486 3736 4522 τυ·-

2071 4534 2112 4590 D
2141 4553 2353 4623 χόντες,
2380 4553 2519 4607 ἀλλὰ
2559 4556 2653 4609 καὶ
2686 4534 3084 4623 οίκειωθέντεξ,
3108 4534 3749 4649 ἀγαλλιᾶσθαίμέλλουῗ

2139 4659 2243 4698 σιν.

2213 4752 2235 4785 ι
2258 4734 2344 4788 Ἐν
2377 4735 2697 4807 ἐκκλησίαις
2724 4737 3000 4805 εὐλογεῖτε
3027 4738 3120 4793 τὸν
3153 4738 3305 4795 Θεόν.
3338 4759 3358 4793 ι

2213 4826 2515 4894 Ἐκκλησία
2546 4828 2641 4880 καὶ
2676 4831 2709 4898 ἡ
2747 4829 2870 4883 κατ’
2893 4825 3042 4884 οἷκον
3088 4833 3379 4902 συναγωγὴ
3408 4835 3524 4888 τῶν
3568 4837 3727 4892 εὗσε-

2138 4917 2377 4972 6ούντων
2408 4920 2655 4987 λέγεται·
2706 4920 2847 4975 ὥστε
2898 4925 2994 4976 καὶ
3025 4925 3236 4988 Παῡλός
3279 4943 3445 4995 φησιν
3468 4930 3725 4986 ’Ἀσπά-

2141 5007 2341 5068 ζονται
2382 5009 2547 5079 ὑμᾶς
2585 5012 2656 5065 ἐν
2687 5013 2885 5080 Κυρίῳ
2915 5018 3117 5068 πολλὰ
3151 5017 3410 5081 Ἀκύλας
3453 5019 3557 5072 καὶ
3588 5023 3730 5090 Πρί-

2139 5104 2388 5164 σκιλλα,
2414 5102 2537 5156 σὺν
2563 5102 2640 5170 τῇ
2669 5104 2797 5157 κατ’
2827 5100 3001 5158 οἷκον
3031 5106 3232 5161 αὐτῶν
3262 5108 3619 5179 Ἐκκλησία.
3641 5113 3730 5164 Ἑλ

2140 5193 2334 5263 πηγῶν
2368 5194 2423 5247 δὲ
2447 5194 2665 5265 Ἰσραὴλ
2698 5196 2807 5249 τῶν
2838 5197 3139 5267 προφητῶν
3171 5201 3267 5253 καὶ
3296 5200 3620 5255 ἀποστόλων
3644 5203 3729 5254 τὸν

2137 5283 2342 5350 Κύριον
2368 5285 2463 5337 καὶ
2494 5286 2629 5339 Θεὸν
2659 5285 3056 5355 δοξολογεῖσθαι
3085 5288 3372 5359 βούλεται·
3406 5292 3497 5345 ἵνα
3524 5294 3652 5345 καθ’
3672 5294 3727 5345 ὃν

2137 5377 2339 5446 τρόπον
2371 5379 2569 5433 ἐκεῖνοι
2600 5378 2870 5445 ἐξέθεντο,
2898 5380 3041 5434 οὓτω
3077 5386 3174 5438 καὶ
3207 5388 3366 5456 ἡμεῖς
3410 5388 3544 5458 περὶ
3590 5384 3724 5440 Θεοῦ

2137 5465 2476 5534 δοξάζωμεν.

2218 5576 2236 5607 ι
2259 5558 2317 5609 Ὀ
2353 5557 2485 5622 Θεὸς
2516 5561 2736 5633 Ἰσραὴλ
2760 5564 2924 5617 δώσει
2953 5565 3207 5635 δύναμιν.
3239 5585 3257 5618 ι

3253 5765 3300 5796 ⁸³
3324 5764 3485 5819 Zach.
3518 5782 3596 5828 Vl,
3632 5765 3722 5821 ii-
