3950 6408
153 467 305 533 1229

1224 468 1687 530 FRAGMENTA
1730 465 1811 527 IN
1850 465 2207 527 PSALMOS.

3291 469 3420 534 1230

240 586 303 639 Ὀ
332 584 466 648 Θεὸς
494 582 587 639 τοῦ
624 583 843 655 Ἰσραὴλ
889 584 917 636 ὁ
963 582 1233 653 Χριστός·
1272 585 1400 654 περὶ
1431 583 1539 656 γὰρ
1576 581 1741 634 αὐτοῦ

1919 580 2061 635 Deus
2093 581 2255 636 Israel
2282 591 2365 636 est
2391 582 2644 638 Christus
2668 602 2682 638 :
2711 584 2779 638 de
2809 584 2928 654 ipso
2949 585 3095 639 enim
3122 582 3285 639 Isaias
3305 585 3376 638 ait
3406 602 3418 636 :

147 694 332 748 φησιν
366 677 622 739 Ἡσαΐας·
665 677 794 729 Ὀτι
846 676 929 729 σὺ
970 679 1003 729 ό
1058 674 1202 740 Θεὸς
1241 673 1430 745 ἡμῶν,
1481 671 1579 726 καί
1631 674 1742 726 οὐκ

150 770 444 839 ᾗδειμενο
505 771 538 822 ὀ
590 766 747 833 Θεὸς»
784 766 891 820 τοῦ
927 765 1176 835 Ἰσραὴλ
1223 768 1257 819 ὁ
1305 762 1528 831 Σωτήρ.
1574 755 1744 825 Οὗτος

151 863 322 931 ίσχὺν
352 861 448 915 καὶ
476 859 708 929 δύναμιν
734 857 813 929 τῷ
855 857 968 928 λαῷ
1017 856 1093 928 τῷ
1139 856 1199 922 ἐξ
1244 855 1434 920 ἐθνῶν,
1462 853 1603 907 ὥστε
1644 852 1744 923 τῆς

150 954 374 1022 πλάνης
397 952 723 1021 ἀποστῆναι,
751 949 845 1003 καὶ¹
878 949 1012 1019 πρὸς
1047 947 1207 1001 αὑτὸν
1240 944 1564 1017 ἐπιστρέψαι
1589 943 1745 1015 χαρί-

150 1047 320 1110 ζεται
339 1064 354 1077 ·
388 1046 584 1108 οἵτινες
606 1043 681 1106 ὡς
704 1042 830 1105 λαὸς
850 1039 1016 1096 αὑτοῦ
1037 1039 1377 1108 Χριστιανοὶ
1401 1037 1489 1091 διὰ
1510 1035 1744 1108 Χριστὸν

151 1136 249 1189 ὀνο
257 1134 541 1207 μάζονται.

728 1220 1025 1273 ΨᾹΛΜΟΣ
1053 1219 1178 1284 ΞΗ’,

236 1311 475 1368 «Ἦλθον
507 1313 586 1375 είς
611 1310 681 1365 τὰ
714 1310 853 1381 βάθη
882 1312 982 1381 τῆς
1013 1311 1311 1381 Θαλάσσης.
1344 1328 1364 1362 ι

229 1408 347 1460 Καὶ
372 1404 487 1468 πῶς
516 1422 598 1468 τις
629 1404 863 1468 ἐλπίζων
888 1405 980 1456 ἐπὶ
1004 1403 1096 1456 τὶν
1125 1402 1258 1457 Θεὸν
1285 1403 1412 1466 τοὺς
1433 1400 1744 1470 ὀφθαλμοὺς

154 1497 429 1559 ἐκλείπει,
459 1497 553 1549 καὶ
582 1496 701 1565 οὐχὶ
728 1496 928 1564 μᾶλλον
952 1493 1235 1565 νευροῦται
1269 1493 1361 1546 καὶ
1396 1492 1745 1564 ἰσχυρότερος

153 1591 406 1658 γίνεταις
468 1588 608 1641 Ἀλλ’
647 1586 961 1657 ὀφθαλμοὺς
1007 1585 1200 1640 ἑαυτοῦ
1244 1588 1370 1650 τοὺς
1417 1584 1746 1648 ἀποστόλους

152 1684 312 1750 λέγει
334 1699 347 1713 ·
381 1680 509 1750 περὶ
542 1674 615 1734 ὧν
645 1682 702 1733 ἐν
737 1679 979 1751 ’ᾼσμασι
1011 1678 1160 1747 λέγει
1190 1697 1203 1710 ·
1223 1681 1287 1732 Ol
1318 1679 1612 1747 ὀφθαλμοί
1627 1693 1743 1731 σου

153 1768 518 1839 περιστερᾶς
537 1810 553 1836 ,
584 1769 684 1822 ἐπὶ
713 1767 1079 1838 πληρώματα
1112 1768 1364 1833 ὑδάτων,
1403 1770 1483 1832 είς
1516 1767 1613 1838 τὴν
1641 1767 1744 1820 δω-

160 1864 298 1933 ρεὰν
335 1862 427 1915 τοῦ
470 1861 874 1931 βαπτίσματος·
901 1862 1019 1913 ἐκεῖ
1046 1861 1155 1932 γὰρ
1192 1860 1290 1929 τὴν
1321 1860 1612 1930 μετουσίαν
1648 1856 1742 1912 τοῦ

1846 670 2109 735 Quoniam
2139 683 2195 725 tu
2222 672 2360 728 Dens
2385 686 2581 741 noster,
2597 685 2645 729 et
2670 676 3028 730 nesciebamus
3053 692 3071 730 :
3098 675 3237 729 Deus
3256 673 3425 731 Israel

1847 762 2171 818 Salvator".
2203 764 2303 820 Hic
2352 766 2732 821 fortitudinem
2784 783 2849 831 ac
2895 768 3151 822 virtutem
3201 766 3427 837 largitur

1845 856 2047 925 populo
2100 871 2165 911 ex
2219 858 2490 928 gentibus,
2530 868 2588 913 ut
2638 861 2709 913 ab
2749 875 2936 915 errore
2960 860 3189 922 resiliat,
3242 869 3298 914 et
3356 860 3427 912 ad

1845 949 2022 1017 ipsum
2053 958 2401 1005 convertatur
2429 968 2442 1003 :
2472 953 2564 1021 qui
2592 962 2847 1023 tanquam
2878 954 3110 1023 populus
3131 954 3250 1025 ejus
3271 950 3428 1007 Chri-

1846 1042 2012 1095 stiani
2042 1050 2265 1112 propter
2293 1044 2572 1099 Christum
2606 1056 3013 1115 nuncupantur.

2341 1218 2660 1275 PSALMUS
2698 1220 2932 1277 LXVIII.

1920 1309 2078 1366 Vens.
2110 1311 2162 1364 5.
2214 1329 2232 1362 ι
2267 1310 2400 1365 Veni
2428 1312 2484 1365 in
2513 1313 2857 1368 altitudinem
2886 1315 3073 1369 maris.
3095 1333 3111 1364 ι

1917 1402 1985 1456 Ει
2005 1402 2279 1472 quomodo
2305 1404 2425 1473 quis
2450 1418 2676 1473 sperans
2698 1404 2752 1458 in
2782 1405 2954 1459 Deum
2985 1406 3157 1460 oculis
3183 1405 3419 1470 deﬁciat,

1846 1502 1903 1549 et.
1935 1510 2047 1549 non
2078 1496 2259 1563 potius
2291 1496 2678 1550 corroboretur
2725 1511 2789 1551 ac
2832 1496 3027 1550 fortior
3056 1496 3285 1551 evadat?
3319 1495 3425 1550 Ve—

1847 1603 1969 1641 rum
1997 1588 2184 1643 oculos
2215 1602 2344 1643 suos
2366 1598 2526 1644 vocat
2550 1590 2857 1659 apostolos;
2886 1590 2953 1643 de
2985 1590 3184 1659 quibus
3211 1590 3265 1641 in
3281 1588 3427 1643 Can-

1847 1678 1970 1734 ticis
2014 1681 2090 1734 ait
2139 1697 2153 1733 :
2206 1678 2360 1735 Oculi
2410 1682 2488 1734 tui
2532 1680 2786 1735 columba:
2814 1721 2827 1746 ,
2874 1697 3034 1750 super
3080 1679 3432 1749 plenitudine:

1846 1786 2109 1840 aquarum
2127 1770 2192 1836 ⁸⁸,
2228 1768 2516 1843 [alludens]
2566 1772 2634 1825 ad
2683 1772 2886 1827 donum
2930 1769 3318 1841 baptismatis:
3358 1768 3431 1823 ibi

1846 1861 1995 1913 enim
2026 1857 2262 1929 Spiritus
2292 1860 2766 1930 participationem
2789 1858 3022 1930 praebuit
3056 1858 3427 1913 credentibus.

158 1956 480 2025 Πνεύματος
513 1953 755 2025 παρέσχε
783 1955 894 2016 τοῖς
921 1953 1286 2006 πιστεύουσιν.
1310 1952 1467 2005 Οὕτω
1494 1952 1634 2006 κατὰ
1652 1952 1742 2005 τὸν

1865 1951 1936 2006 Sic
1963 1928 2205 2021 tempore
2232 1928 2505 2021 passionis
2532 1928 2874 2015 defecerunt,
2916 1960 2972 2006 et
3004 1950 3250 2020 dissipati
3280 1958 3427 2007 sunt.

158 2047 354 2117 καιρὸν
387 2043 481 2098 τοῦ
515 2042 725 2107 πάθους
754 2043 1002 2108 ὲξέλιπόν
1031 2060 1089 2096 τε
1144 2042 1236 2096 καὶ
1280 2041 1742 2115 ἐσκορπίσθησαν,

161 2137 400 2209 ὁρῶντες
427 2136 662 2206 Χριστὸν
692 2134 786 2188 ἐπὶ
814 2134 905 2188 τὸν
927 2134 1060 2187 Θεὸν
1080 2133 1170 2186 τὸν
1194 2133 1406 2203 Πατέρα
1434 2133 1524 2186 τὸν
1547 2134 1745 2186 οἰκεῖον

161 2230 468 2294 ἐλπίζοντα,
498 2229 592 2281 καὶ
640 2226 869 2296 λέγοντα
890 2241 904 2255 ⁸
945 2225 1138 2291 Ἐλωτ,
1170 2225 1358 2289 Ἑλωῖ,
1392 2226 1745 2294 laudantia-

160 2321 362 2393 χθανή
385 2337 400 2353 ο
440 2321 669 2391 ἠγνόουν
698 2321 806 2391 γὰρ
836 2320 920 2373 ὅτι
952 2321 1053 2392 τὴν
1096 2318 1327 2388 δύναμιν
1357 2319 1456 2390 τὴν
1483 2317 1689 2372 οίκείαν
1718 2318 1747 2370 ὀ

162 2415 300 2478 Θεὸς
332 2413 702 2480 συνέστελλεν,
739 2411 879 2467 ὥστε
909 2411 1097 2484 καιρὸν
1128 2411 1379 2481 γενέσθαι
1417 2411 1523 2473 τοῖς
1567 2407 1743 2479 παθή-

174 2524 357 2578 μασιν.

246 2618 266 2651 ι
291 2595 728 2668 Ἐπληθύνθησαν
753 2594 894 2664 ὑπὲρ
920 2594 1018 2658 τὰς
1048 2594 1261 2665 τρίχας.
1297 2613 1314 2645 ι

236 2690 445 2762 Τρίχας
485 2688 680 2743 ἑαυτοῦ
720 2688 849 2752 τοὺς
895 2687 1118 2750 πιστοὺς
1147 2686 1540 2759 λέγει.”Ωσπερ
1573 2687 1681 2757 γὰρ
1712 2688 1745 2758 ἠ

165 2783 382 2853 κεφαλὴ
414 2781 507 2838 ἐπὶ
530 2784 648 2845 ταῖς
678 2779 872 2851 θριξὶν,
901 2778 1044 2833 οὕτω
1072 2778 1166 2833 καὶ
1193 2780 1221 2833 ὁ
1250 2779 1483 2851 Χριστὸς
1516 2781 1607 2832 ἐπὶ
1635 2781 1748 2843 τοῖς

168 2878 385 2938 πιστοῖς
412 2873 756 2943 σεμνύνεται.

242 2987 260 3017 ι
285 2965 824 3037 ’Λπηλλοτριωμένος
857 2962 1140 3036 ἐγενήθην.
1172 2982 1192 3015 ι

232 3058 400 3121 Ξένος
425 3058 617 3126 γέγονε
651 3056 796 3111 κατὰ
819 3056 910 3111 τὸν
935 3056 1126 3126 καιρὸν
1145 3054 1239 3108 τοῦ
1259 3054 1487 3118 πάθους.
1506 3054 1595 3107 ὅτε
1615 3054 1749 3107 πάν·

165 3166 253 3211 τες
286 3149 337 3201 οἱ
374 3147 611 3217 μαθηταὶ
635 3145 799 3200 αὑτοῦ
830 3145 1059 3214 ἀφέντες
1083 3145 1246 3198 αὑτὸν
1277 3145 1498 3214 ἔφυγον.
1523 3144 1749 3216 Μητέρα

164 3240 222 3294 δὲ
256 3240 475 3310 νοήσεις
503 3239 600 3309 τὴν
629 3238 739 3291 τῶν
775 3238 1045 3291 Ἰουδαίων
1069 3236 1415 3309 Συναγωγὴν,
1441 3237 1534 3291 καὶ
1567 3238 1748 3290 πᾶσαν

164 3334 265 3404 τὴν
285 3333 431 3385 κατὰ
456 3332 633 3402 σάρκα
662 3331 979 3399 συγγένειαν
1005 3329 1113 3382 τῶν
1141 3333 1204 3383 ἐκ
1231 3332 1535 3401 περιτομῆς
1555 3348 1571 3361 ·
1599 3330 1749 3393 υἱοὺς

165 3424 224 3476 δὲ
260 3421 488 3492 ταύτης,
523 3424 649 3485 τοὺς
672 3423 1083 3492 ἀρνησαμένους
1106 3421 1286 3488 αὑτὸν,
1320 3422 1412 3475 καὶ
1441 3420 1749 3492 εἰρηκόταςο

172 3516 402 3570 Τοῦτον
422 3513 489 3567 δὲ
515 3517 627 3569 οὐκ
656 3514 913 3582 οἵδαμεφι
925 3515 1108 3568 πόθεν
1129 3514 1282 3568 ἐστι.
1316 3513 1477 3568 Ξένον
1508 3513 1565 3568 δὲ
1590 3513 1752 3567 πάλιν

165 3607 404 3679 ἡγοῦντο
452 3605 737 3674 λέγοντες·
770 3606 852 3658 Οὐ
887 3602 1088 3670 καλῶς
1120 3603 1395 3673 λέγομεν,
1437 3604 1526 3658 ὅτι
1558 3607 1752 3673 Σαμα-

151 3701 373 3770 ρείτης
399 3696 472 3762 εἴ,
509 3699 605 3753 καί
637 3698 946 3767 δαιμόνιον
976 3696 1133 3764 ἔχεις
1145 3713 1164 3760 ;
1205 3695 1361 3749 Οὕτω
1388 3696 1536 3761 ξένος
1561 3696 1749 3763 γέγονε

160 3796 280 3857 τοῖς
314 3794 451 3855 υἱοῖς
479 3793 578 3863 τῆς
613 3790 820 3862 μητρὸς
855 3789 1043 3844 αὑτοῦ.

244 3993 265 4028 ι
298 3975 411 4028 Καὶ
440 3974 641 4045 ἐθέμην
672 3973 732 4027 τὸ
764 3971 969 4041 ἐνδυμά
998 3988 1099 4043 μου
1126 3971 1346 4024 σάκκον.
1372 3987 1391 4020 ι

243 4068 460 4121 Σάκκον
488 4068 597 4139 γὰρ
625 4065 843 4138 ἀληθῶς
870 4066 931 4118 τὸ
950 4065 1122 4136 τραχὺ
1150 4066 1248 4135 τῆς
1275 4063 1549 4135 ἡμετέρας
1578 4064 1752 4134 ἁμαρ-

163 4161 292 4223 τίας
332 4159 643 4212 ἐνεδύσατο.

250 4270 270 4303 ι
299 4249 437 4303 Κατ’
462 4250 597 4319 ἐμοῦ
625 4247 964 4320 ὴδολέσχουν.
996 4264 1013 4297 ι

243 4343 390 4407 Τοὺς
422 4342 748 4406 Ἰουδαῖκοὺς
776 4341 1046 4412 ἄρχοντας
1075 4338 1240 4409 λέγει.
1260 4340 1346 4393 Ἐν
1378 4339 1442 4411 τῇ
1473 4338 1614 4410 πύλῃ
1644 4337 1753 4408 γὰρ

167 4438 292 4501 ἔθος
322 4432 393 4507 ἦν
414 4436 639 4505 τὴντῶν
672 4433 942 4487 Ἰουδαίων
969 4432 1257 4503 γερουσίαν
1289 4430 1649 4497 καθέζεσθαιι
1677 4430 1753 4494 ὡς

122 4570 139 4582 .
168 4532 237 4582 ὲκ
270 4531 373 4598 τῆς
409 4527 649 4598 ἱστορίας
686 4526 783 4595 τῆς
827 4524 967 4579 κατὰ
1008 4523 1107 4596 τὴν
1138 4524 1290 4577 Ῥοὺθ
1335 4525 1428 4576 καὶ
1477 4523 1568 4575 τὸν
1618 4521 1753 4586 Βοὸζ

169 4620 437 4691 κειμένης
474 4619 799 4690 εὑρήσομεν.

249 4732 268 4763 ι
299 4711 414 4765 Καὶ
445 4712 523 4773 είς
551 4709 652 4782 ἐμὲ
687 4708 915 4780 ἔψαλλον
943 4711 990 4762 οἱ
1018 4709 1281 4772 πίνοντες.
1318 4726 1337 4760 ι

240 4806 409 4859 Ποῖον
444 4798 583 4857 οἶνον
606 4821 621 4869 ;
646 4803 749 4856 Τὸν
790 4802 1076 4871 μυστικόν.
1096 4802 1324 4854 Ἐκεῖνοι
1362 4800 1470 4871 γὰρ
1503 4801 1604 4853 οὐκ
1634 4800 1756 4869 ἡδο-

171 4896 426 4967 ὶέσχουν,
456 4892 851 4963 ἁλλ’ἔψαλλονε
902 4893 978 4957 ὼς
1026 4892 1157 4963 περὶ
1201 4891 1336 4945 Θεοῦ
1387 4892 1478 4945 τοῦ
1518 4892 1753 4963 Χριστοῦ

166 4992 300 5052 τοὺς
337 4987 541 5060 ὕμνους
571 4990 698 5052 τοὺς
727 4986 1100 5057 προφητικοὺς
1131 4984 1401 5053 λέγοντες.

255 5080 379 5134 Ἔτι
412 5082 534 5151 περὶ
567 5080 678 5133 τῶν
709 5078 978 5133 Ἰουδαίων
1008 5078 1175 5146 λέγει,
1210 5078 1405 5141 οἵτινες
1441 5076 1603 5130 αὐτὸν
1633 5075 1757 5147 ἑμί-

178 5190 331 5236 σουν,
355 5171 428 5235 ὡς
456 5174 535 5235 εἰς
568 5170 858 5242 πρόσωπον
882 5169 1061 5223 αὐτῶν
1087 5168 1378 5239 ἐλέγχοντα
1405 5166 1501 5238 τὴν
1532 5166 1761 5238 ὑπόκρι-

176 5283 264 5318 σιν
284 5282 300 5297 ο
331 5266 388 5316 ἐν
418 5263 571 5333 βάθει
590 5262 724 5316 δὲτὸ
753 5260 895 5332 ὕδωρ
925 5261 1024 5332 τῆς
1056 5260 1251 5323 κακίας
1281 5259 1596 5330 ἐκέκτηντο,
1615 5257 1758 5311 ὥστε

173 5357 311 5411 ποτὲ
360 5355 459 5426 μὲν
487 5355 647 5410 αὑτὸν
674 5354 884 5420 Ῥα66ὶ,
915 5352 1045 5406 ποτὲ
1071 5352 1127 5405 δὲ
1154 5351 1327 5422 ἀληθῆ
1363 5351 1457 5407 καὶ
1486 5350 1593 5404 ἀπὸ
1624 5348 1759 5404 Θεοῦ

173 5448 610 5521 προσαγορεύειν
638 5447 921 5519 ἄνθρωπον
940 5484 956 5512 ,
990 5445 1085 5516 τὴν
1116 5445 1381 5515 πονηρίαν
1412 5446 1471 5496 έν
1501 5443 1579 5514 τῷ
1606 5442 1759 5514 βάθει

172 5544 277 5613 τῆς
309 5541 538 5612 καρδίας
565 5538 1032 5610 ἀποκρύπτοντες.

249 5836 294 5866 ⁸⁷
330 5833 435 5887 Isa.
468 5846 588 5894 xcv,
625 5830 711 5883 15.
788 5827 832 5860 ³⁸
859 5827 1013 5882 Cant.
1061 5843 1114 5892 v,
1174 5824 1255 5879 ιε.
1331 5820 1561 5877 "Marc.
1604 5838 1694 5889 xv,
1736 5822 1748 5876 ε

1905 5822 1949 5854 ⁶⁰
1972 5821 2127 5877 Joan.
2158 5835 2231 5888 ιχ,
2265 5819 2354 5874 9.9.
2412 5822 2452 5853 ⁶¹
2474 5819 2633 5876 loan.
2664 5837 2781 5887 vm,
2816 5819 2907 5877 18.

184 5904 227 5936 ⁸³
272 5903 460 5958 Matth.
497 5916 627 5967 xm,
668 5900 747 5954 I6.

1845 2044 2093 2099 videntes
2118 2044 2395 2099 Christum
2424 2044 2479 2098 in
2508 2044 2674 2099 Deum
2698 2042 2910 2098 Patrem
2936 2058 3095 2097 suum
3117 2049 3428 2112 sperantem

1844 2143 1898 2189 et
1918 2135 2191 2189 dicentem
2222 2153 2236 2189 :
2260 2134 2380 2190 Elei
2401 2178 2415 2202 ,
2440 2135 2581 2200 Elei,
2623 2134 2823 2189 lamma
2849 2133 3199 2187 sabacltthani
3216 2133 3261 2164 '9
3288 2150 3303 2185 :
3330 2146 3428 2185 ne-

1845 2227 2090 2281 sciebant
2129 2242 2327 2293 nempe
2376 2231 2546 2281 Deum
2594 2227 2854 2281 virtutem
2886 2224 3162 2295 propriam
3210 2233 3429 2278 contra-

1847 2319 2013 2387 xisse,
2044 2331 2102 2375 ut
2128 2320 2510 2391 opportunitas
2539 2319 2763 2375 daretur
2795 2318 3053 2387 patiendi.

1920 2579 2081 2635 Vens.
2110 2580 2162 2635 5.
2211 2599 2229 2631 ι
2261 2579 2597 2650 Multiplicati
2627 2589 2757 2634 sunt
2781 2594 2948 2649 super
2973 2579 3220 2649 capillos.
3246 2598 3264 2631 ι

1915 2673 2151 2743 Capillos
2196 2688 2324 2729 suos
2350 2682 2508 2728 vocat
2538 2673 2744 2727 ﬁdeles.
2777 2672 2933 2727 Sicut
2975 2672 3123 2725 enim
3165 2679 3330 2739 caput
3372 2670 3427 2724 in

1847 2764 2075 2835 capillis,
2101 2764 2174 2818 ita
2198 2767 2363 2819 etiam
2384 2762 2635 2819 Christus
2662 2764 2718 2817 in
2754 2762 3009 2819 ﬁdelibus
3035 2761 3389 2834 gloriﬁcatur.

1919 2942 2079 2997 Vens.
2112 2941 2164 2997 9.
2212 2961 2229 2994 ι
2255 2941 2533 2998 Alienatus
2559 2942 2736 2999 factus
2766 2959 2910 3000 sum.
2949 2962 2969 2995 ι

1916 3036 2241 3109 Peregrinus
2286 3038 2460 3092 Iactus
2485 3046 2571 3092 est
2595 3047 2845 3107 tempore
2875 3037 3169 3108 passionis,
3210 3038 3429 3107 quando

1848 3147 2042 3187 omnes
2083 3132 2340 3201 discipuli
2387 3132 2504 3201 ejus
2544 3131 2890 3188 dimittentes
2938 3130 3119 3202 ipsum
3150 3131 3427 3202 fugerunt.

1853 3222 2074 3278 Matrem
2115 3233 2297 3277 autem
2325 3224 2595 3295 intelliges
2620 3222 2957 3294 Synagogam
2996 3222 3309 3277 Judteorum
3331 3262 3345 3283 ,
3377 3231 3434 3275 et

1854 3329 2074 3369 omnem
2103 3315 2401 3370 secundum
2433 3330 2656 3368 carnem
2702 3314 3085 3383 cognationem
3118 3330 3307 3369 eorum
3338 3315 3431 3383 qui

1854 3415 1983 3461 sunt
2027 3406 2095 3461 de
2135 3406 2582 3471 circumcisione;
2635 3406 2775 3461 ﬁlios
2807 3422 2934 3460 vero
2967 3406 3154 3475 hujus,
3189 3406 3311 3459 illos
3339 3407 3432 3475 qui

1854 3496 2031 3567 ipsum
2077 3506 2414 3567 negaverunt
2440 3506 2496 3552 et
2525 3498 2781 3552 dixerunt
2816 3515 2826 3549 :
2863 3497 3013 3549 Hunc
3041 3507 3219 3551 autem
3263 3498 3432 3551 nesci-

1855 3607 1969 3643 mus
1994 3590 2139 3643 unde
2167 3590 2233 3643 sit
2254 3590 2320 3643 5°.
2346 3589 2554 3644 Rursus
2586 3599 2771 3644 autem
2805 3591 3154 3661 peregrinum
3187 3589 3431 3643 arbitrati

1853 3690 1981 3734 sunt
2015 3681 2261 3736 dicentes
2293 3700 2307 3736 :
2340 3682 2526 3735 Nonne
2557 3680 2683 3734 bene
2706 3683 2946 3744 dicimus,
2977 3682 3101 3751 quia
3126 3680 3433 3735 Samarita-

1854 3788 1950 3826 nus
1977 3789 2029 3826 es
2057 3782 2113 3825 tu
2137 3813 2152 3836 ,
2181 3782 2229 3826 et
2257 3774 2575 3827 daemonium
2607 3772 2867 3825 habes“?
2897 3771 2976 3826 Ita
3000 3773 3322 3843 peregrinus
3353 3774 3433 3827 l‘a-

1853 3874 1974 3920 ctus
2002 3874 2087 3920 est
2116 3866 2238 3920 ﬁliis
2267 3865 2455 3920 matris
2484 3879 2616 3919 suae.

1926 3956 2085 4011 Vens.
2114 3958 2198 4012 1'2.
2224 3958 2319 4012 cEt
2346 3956 2499 4027 posui
2520 3957 2903 4011 vestimentum
2934 3972 3116 4011 meum
3137 3957 3425 4013 cilicium.»

1923 4049 2171 4105 Cilicium
2203 4065 2331 4105 vere
2366 4066 2621 4120 aSperuui
2658 4049 2867 4119 peccati
2905 4050 3075 4104 nostri
3103 4051 3300 4106 induit.

1924 4236 2088 4291 Vens.
2126 4235 2210 4289 l5.
2258 4254 2276 4286 ι
2306 4234 2601 4288 Adversum
2635 4248 2719 4288 me
2742 4234 3122 4304 loquebantur.
3160 4252 3178 4284 ι

1922 4323 2211 4394 Principes
2238 4323 2493 4379 Iudaicos
2527 4323 2679 4379 dicit.
2711 4322 2992 4394 Siquidem
3021 4326 3189 4379 moris
3219 4334 3335 4379 erat
3374 4336 3429 4379 ut

1852 4418 2165 4474 Judaeorum
2202 4418 2448 4472 seniores
2479 4417 2534 4470 in
2576 4425 2733 4486 porta
2778 4417 3053 4483 sederent,
3094 4417 3235 4471 sicut
3267 4417 3320 4469 in
3354 4418 3435 4471 hi-

1852 4509 2019 4571 storia
2049 4508 2197 4562 Ruth
2226 4518 2281 4562 et
2308 4507 2448 4561 Booz
2472 4507 2830 4577 reperiemus.

1928 4705 2090 4761 Vens.
2123 4706 2207 4759 I5.
2246 4721 2264 4754 ι
2295 4702 2359 4757 Et
2385 4704 2438 4756 in
2474 4719 2559 4757 me
2585 4705 2893 4774 psallebant
2925 4707 3013 4775 qui
3047 4707 3324 4764 bibebant.
3359 4730 3376 4762 ι

1928 4798 2099 4865 Quale
2128 4797 2315 4851 vinum
2338 4799 2360 4850 ?
2384 4795 2689 4867 Mysticum.
2720 4798 2798 4852 Illi
2827 4800 2973 4852 enim
3008 4814 3116 4853 non
3152 4803 3440 4872 negaban-

1858 4901 1967 4957 tur,
1994 4892 2091 4947 sed
2130 4890 2435 4962 psallebant
2463 4908 2476 4943 :
2513 4905 2712 4960 nempe
2738 4891 2806 4945 de
2836 4891 2946 4945 Deo
2965 4891 3184 4948 Christo
3206 4895 3436 4966 hymnos

1860 4985 2211 5057 propheticos
2236 4983 2550 5039 recitantes.

1932 5076 2126 5131 Adhuc
2173 5076 2241 5129 de
2289 5072 2490 5128 Iudaeis
2517 5073 2645 5143 agit,
2668 5073 2758 5141 qui
2811 5074 2990 5143 ipsum
3027 5076 3273 5140 oderant,
3318 5085 3438 5129 tan-

1859 5184 2021 5237 quam
2055 5167 2145 5237 qui
2179 5166 2234 5220 in
2274 5165 2467 5221 faciem
2502 5165 2743 5235 ipsorum
2800 5166 3108 5237 hypocrisin
3148 5169 3439 5239 redargue-

1859 5258 1953 5314 bat
1990 5278 2004 5312 :
2040 5257 2093 5312 in
2127 5255 2398 5328 profundo
2438 5264 2622 5312 autem
2668 5270 2865 5326 aquam
2918 5258 3138 5313 malitiae
3176 5260 3441 5313 reconde-

1860 5352 2033 5415 bant,
2065 5352 2133 5405 ita
2166 5360 2225 5406 ut
2254 5365 2642 5421 nonnunquam
2689 5349 2910 5419 quidem
2952 5348 3128 5416 ipsum
3176 5350 3440 5415 Rabbi",

1860 5444 2152 5514 aliquando
2175 5458 2306 5498 vero
2331 5456 2576 5497 veracem
2601 5451 2657 5496 et
2685 5440 2957 5495 hominem
2999 5455 3028 5493 a
3060 5439 3169 5495 Deo
3208 5440 3442 5494 missum

1866 5534 2193 5597 dicerent”,
2234 5534 2627 5606 malignitatem
2676 5533 2731 5586 in
2774 5531 2944 5586 fundo
2991 5533 3172 5588 cordis
3210 5532 3443 5586 abscon—

1866 5628 2080 5681 dentes.

3010 5820 3056 5855 ⁶’
3084 5819 3244 5877 Joan.
3268 5834 3352 5885 tu,
3382 5817 3438 5874 2.
