  <div class='ocr_page' id='page_1' title='image "/cluster/home/n/w/nwhite01/storage/ocr_20150623/93/coo.31924054869973/627.png"; bbox 0 0 3950 6404; ppageno 0'>
   <div class='ocr_carea' id='block_1_1' title="bbox 505 442 3789 523">
    <p class='ocr_par' dir='ltr' id='par_1_1' title="bbox 505 442 3789 523">
     <span class='ocr_line' id='line_1_1' title="bbox 505 442 3789 523; baseline -0.004 -1"><span class='ocrx_word' id='word_1_1' title='bbox 505 458 634 523; x_wconf 76' lang='lat'><strong>1:231</strong></span> <span class='ocrx_word' id='word_1_2' title='bbox 1020 462 1027 467; x_wconf 85' lang='grc'><em>’</em></span> <span class='ocrx_word' id='word_1_3' title='bbox 1685 451 2051 514; x_wconf 80' lang='lat' dir='ltr'><strong>HESYCIIII</strong></span> <span class='ocrx_word' id='word_1_4' title='bbox 2107 450 2582 511; x_wconf 82' lang='lat' dir='ltr'><strong>PRESBYTERI</strong></span> <span class='ocrx_word' id='word_1_5' title='bbox 3653 442 3789 510; x_wconf 72' lang='lat' dir='ltr'><strong>123E</strong></span> 
     </span>
    </p>
   </div>
   <div class='ocr_carea' id='block_1_2' title="bbox 571 561 2103 633">
    <p class='ocr_par' dir='ltr' id='par_1_2' title="bbox 571 565 1626 631">
     <span class='ocr_line' id='line_1_2' title="bbox 571 565 1626 631; baseline -0.011 -1"><span class='ocrx_word' id='word_1_6' title='bbox 571 577 728 630; x_wconf 72' lang='lat' dir='ltr'><strong>Vens.</strong></span> <span class='ocrx_word' id='word_1_7' title='bbox 758 574 844 627; x_wconf 79' lang='lat'><strong>17.</strong></span> <span class='ocrx_word' id='word_1_8' title='bbox 893 591 911 623; x_wconf 81' lang='grc' dir='ltr'><strong>ι</strong></span> <span class='ocrx_word' id='word_1_9' title='bbox 946 568 1151 624; x_wconf 73' lang='lat' dir='ltr'><strong>Exaudi</strong></span> <span class='ocrx_word' id='word_1_10' title='bbox 1181 583 1286 631; x_wconf 90' lang='lat' dir='ltr'><strong>me,</strong></span> <span class='ocrx_word' id='word_1_11' title='bbox 1327 565 1573 620; x_wconf 90' lang='lat' dir='ltr'><strong>Domine.</strong></span> <span class='ocrx_word' id='word_1_12' title='bbox 1609 584 1626 618; x_wconf 74' lang='grc' dir='ltr'><strong>ι</strong></span> 
     </span>
    </p>
   </div>
   <div class='ocr_carea' id='block_1_3' title="bbox 2224 561 3093 633">
    <p class='ocr_par' dir='ltr' id='par_1_3' title="bbox 2264 561 3093 633">
     <span class='ocr_line' id='line_1_3' title="bbox 2264 561 3093 633; baseline 0 -20"><span class='ocrx_word' id='word_1_13' title='bbox 2264 580 2284 613; x_wconf 80' lang='grc' dir='ltr'><strong>ι</strong></span> <span class='ocrx_word' id='word_1_14' title='bbox 2319 562 2656 618; x_wconf 78' lang='grc' dir='ltr'>Είσάκουσὸν</span> <span class='ocrx_word' id='word_1_15' title='bbox 2689 579 2812 633; x_wconf 88' lang='grc' dir='ltr'>μου,</span> <span class='ocrx_word' id='word_1_16' title='bbox 2845 561 3036 633; x_wconf 84' lang='grc' dir='ltr'>Κύριε.</span> <span class='ocrx_word' id='word_1_17' title='bbox 3073 580 3093 613; x_wconf 76' lang='grc' dir='ltr'><strong>ι</strong></span> 
     </span>
    </p>
   </div>
   <div class='ocr_carea' id='block_1_4' title="bbox 550 651 2103 735">
    <p class='ocr_par' dir='ltr' id='par_1_4' title="bbox 550 653 2085 735">
     <span class='ocr_line' id='line_1_4' title="bbox 550 653 2085 735; baseline -0.009 -14"><span class='ocrx_word' id='word_1_18' title='bbox 550 667 638 735; x_wconf 37' lang='grc' dir='ltr'>,Ει</span> <span class='ocrx_word' id='word_1_19' title='bbox 679 665 808 735; x_wconf 88' lang='lat' dir='ltr'><strong>quid</strong></span> <span class='ocrx_word' id='word_1_20' title='bbox 852 677 990 731; x_wconf 72' lang='lat' dir='ltr'><strong>Opus</strong></span> <span class='ocrx_word' id='word_1_21' title='bbox 1024 659 1315 730; x_wconf 85' lang='lat' dir='ltr'><strong>Unigcnito</strong></span> <span class='ocrx_word' id='word_1_22' title='bbox 1345 655 1717 721; x_wconf 77' lang='lat' dir='ltr'><strong>cxauditione,</strong></span> <span class='ocrx_word' id='word_1_23' title='bbox 1767 671 1892 711; x_wconf 89' lang='lat' dir='ltr'><strong>cum</strong></span> <span class='ocrx_word' id='word_1_24' title='bbox 1937 653 2085 709; x_wconf 83' lang='lat' dir='ltr'><strong>Patri</strong></span> 
     </span>
    </p>
   </div>
   <div class='ocr_carea' id='block_1_5' title="bbox 2224 651 3795 735">
    <p class='ocr_par' dir='ltr' id='par_1_5' title="bbox 2261 651 3795 726">
     <span class='ocr_line' id='line_1_5' title="bbox 2261 651 3795 726; baseline -0.003 -18"><span class='ocrx_word' id='word_1_25' title='bbox 2261 655 2373 710; x_wconf 76' lang='grc' dir='ltr'><strong>Καὶ</strong></span> <span class='ocrx_word' id='word_1_26' title='bbox 2400 656 2455 708; x_wconf 85' lang='grc' dir='ltr'><strong>τί</strong></span> <span class='ocrx_word' id='word_1_27' title='bbox 2504 654 2701 726; x_wconf 78' lang='grc' dir='ltr'>χρῄζει</span> <span class='ocrx_word' id='word_1_28' title='bbox 2745 656 2774 707; x_wconf 85' lang='grc' dir='ltr'>ὁ</span> <span class='ocrx_word' id='word_1_29' title='bbox 2825 653 3141 724; x_wconf 78' lang='grc' dir='ltr'>Μονογενὴς</span> <span class='ocrx_word' id='word_1_30' title='bbox 3167 651 3624 723; x_wconf 78' lang='grc' dir='ltr'>είσακουσθῆναι,</span> <span class='ocrx_word' id='word_1_31' title='bbox 3679 651 3795 716; x_wconf 67' lang='lat' dir='ltr'><strong>tuo;</strong></span> 
     </span>
    </p>
   </div>
   <div class='ocr_carea' id='block_1_6' title="bbox 499 738 2103 831">
    <p class='ocr_par' dir='ltr' id='par_1_6' title="bbox 499 745 2087 831">
     <span class='ocr_line' id='line_1_6' title="bbox 499 745 2087 831; baseline -0.009 -18"><span class='ocrx_word' id='word_1_32' title='bbox 499 775 598 831; x_wconf 84' lang='lat' dir='ltr'><strong>par</strong></span> <span class='ocrx_word' id='word_1_33' title='bbox 629 758 701 811; x_wconf 87' lang='lat' dir='ltr'><strong>sit</strong></span> <span class='ocrx_word' id='word_1_34' title='bbox 730 765 786 811; x_wconf 92' lang='lat' dir='ltr'><strong>et</strong></span> <span class='ocrx_word' id='word_1_35' title='bbox 814 752 1077 824; x_wconf 70' lang='lat' dir='ltr'><strong>aequalis?</strong></span> <span class='ocrx_word' id='word_1_36' title='bbox 1106 751 1351 821; x_wconf 64' lang='lat' dir='ltr'><strong>ipsemet</strong></span> <span class='ocrx_word' id='word_1_37' title='bbox 1382 763 1603 803; x_wconf 86' lang='lat' dir='ltr'><strong>causam</strong></span> <span class='ocrx_word' id='word_1_38' title='bbox 1636 746 1874 802; x_wconf 76' lang='lat' dir='ltr'><strong>reddidit</strong></span> <span class='ocrx_word' id='word_1_39' title='bbox 1905 764 1917 799; x_wconf 93' lang='lat'>:</span> <span class='ocrx_word' id='word_1_40' title='bbox 1943 745 2087 811; x_wconf 83' lang='lat' dir='ltr'><strong>Quo-</strong></span> 
     </span>
    </p>
   </div>
   <div class='ocr_carea' id='block_1_7' title="bbox 2224 738 3792 831">
    <p class='ocr_par' dir='ltr' id='par_1_7' title="bbox 2224 743 3792 821">
     <span class='ocr_line' id='line_1_7' title="bbox 2224 743 3792 821; baseline -0.002 -22"><span class='ocrx_word' id='word_1_41' title='bbox 2224 765 2264 801; x_wconf 83' lang='lat' dir='ltr'><em>w</em></span> <span class='ocrx_word' id='word_1_42' title='bbox 2289 747 2367 819; x_wconf 84' lang='grc' dir='ltr'>τῷ</span> <span class='ocrx_word' id='word_1_43' title='bbox 2391 748 2569 819; x_wconf 73' lang='grc' dir='ltr'>Πατρὶ</span> <span class='ocrx_word' id='word_1_44' title='bbox 2604 747 2700 801; x_wconf 77' lang='grc' dir='ltr'>καὶ</span> <span class='ocrx_word' id='word_1_45' title='bbox 2731 749 3030 817; x_wconf 83' lang='grc' dir='ltr'>ὁμότιμος;</span> <span class='ocrx_word' id='word_1_46' title='bbox 3064 747 3234 810; x_wconf 80' lang='grc' dir='ltr'>Αὐτὸς</span> <span class='ocrx_word' id='word_1_47' title='bbox 3265 749 3364 821; x_wconf 83' lang='grc' dir='ltr'>τὴν</span> <span class='ocrx_word' id='word_1_48' title='bbox 3391 745 3583 801; x_wconf 74' lang='grc' dir='ltr'>αἰτίαν</span> <span class='ocrx_word' id='word_1_49' title='bbox 3604 743 3792 811; x_wconf 83' lang='grc' dir='ltr'>λέγει·</span> 
     </span>
    </p>
   </div>
   <div class='ocr_carea' id='block_1_8' title="bbox 502 832 2103 915">
    <p class='ocr_par' dir='ltr' id='par_1_8' title="bbox 502 832 2090 914">
     <span class='ocr_line' id='line_1_8' title="bbox 502 832 2090 914; baseline -0.011 -12"><span class='ocrx_word' id='word_1_50' title='bbox 502 850 653 909; x_wconf 65' lang='lat' dir='ltr'><strong>niam</strong></span> <span class='ocrx_word' id='word_1_51' title='bbox 682 847 903 914; x_wconf 78' lang='lat' dir='ltr'><strong>benigna</strong></span> <span class='ocrx_word' id='word_1_52' title='bbox 940 851 1015 897; x_wconf 78' lang='lat' dir='ltr'><strong>est</strong></span> <span class='ocrx_word' id='word_1_53' title='bbox 1044 838 1407 895; x_wconf 71' lang='lat' dir='ltr'><strong>misericordia</strong></span> <span class='ocrx_word' id='word_1_54' title='bbox 1442 845 1552 890; x_wconf 80' lang='lat' dir='ltr'><strong>tuo.</strong></span> <span class='ocrx_word' id='word_1_55' title='bbox 1586 833 1641 889; x_wconf 91' lang='lat' dir='ltr'><strong>Id</strong></span> <span class='ocrx_word' id='word_1_56' title='bbox 1676 842 1779 898; x_wconf 85' lang='lat' dir='ltr'><strong>est,</strong></span> <span class='ocrx_word' id='word_1_57' title='bbox 1808 832 1933 888; x_wconf 88' lang='lat' dir='ltr'><strong>Ideo</strong></span> <span class='ocrx_word' id='word_1_58' title='bbox 1955 847 2090 901; x_wconf 89' lang='lat' dir='ltr'><strong>opus</strong></span> 
     </span>
    </p>
   </div>
   <div class='ocr_carea' id='block_1_9' title="bbox 2224 832 3799 915">
    <p class='ocr_par' dir='ltr' id='par_1_9' title="bbox 2224 837 3799 915">
     <span class='ocr_line' id='line_1_9' title="bbox 2224 837 3799 915; baseline -0.005 -17"><span class='ocrx_word' id='word_1_59' title='bbox 2224 848 2314 899; x_wconf 77' lang='lat' dir='ltr'><strong><em>Dn</em></strong></span> <span class='ocrx_word' id='word_1_60' title='bbox 2361 844 2636 915; x_wconf 80' lang='grc' dir='ltr'>χρηστὸν</span> <span class='ocrx_word' id='word_1_61' title='bbox 2681 844 2750 897; x_wconf 83' lang='grc' dir='ltr'>τὸ</span> <span class='ocrx_word' id='word_1_62' title='bbox 2793 844 2973 910; x_wconf 73' lang='grc' dir='ltr'>ἔλεός</span> <span class='ocrx_word' id='word_1_63' title='bbox 3019 858 3157 899; x_wconf 84' lang='grc' dir='ltr'>σου.</span> <span class='ocrx_word' id='word_1_64' title='bbox 3182 846 3474 906; x_wconf 77' lang='grc' dir='ltr'>Τουτέστι,</span> <span class='ocrx_word' id='word_1_65' title='bbox 3507 841 3613 893; x_wconf 84' lang='grc' dir='ltr'><strong>Διά</strong></span> <span class='ocrx_word' id='word_1_66' title='bbox 3638 837 3799 891; x_wconf 75' lang='grc' dir='ltr'>τοῦτ)</span> 
     </span>
    </p>
   </div>
   <div class='ocr_carea' id='block_1_10' title="bbox 502 927 2103 1008">
    <p class='ocr_par' dir='ltr' id='par_1_10' title="bbox 502 927 2091 1004">
     <span class='ocr_line' id='line_1_10' title="bbox 502 927 2091 1004; baseline -0.011 -8"><span class='ocrx_word' id='word_1_67' title='bbox 502 942 680 996; x_wconf 80' lang='lat' dir='ltr'><strong>habeo</strong></span> <span class='ocrx_word' id='word_1_68' title='bbox 737 935 1003 1001; x_wconf 72' lang='lat' dir='ltr'><strong>exaudiri,</strong></span> <span class='ocrx_word' id='word_1_69' title='bbox 1035 933 1164 1004; x_wconf 88' lang='lat' dir='ltr'><strong>quia</strong></span> <span class='ocrx_word' id='word_1_70' title='bbox 1213 941 1439 1003; x_wconf 88' lang='lat' dir='ltr'><strong>pr0pter</strong></span> <span class='ocrx_word' id='word_1_71' title='bbox 1491 927 1887 999; x_wconf 77' lang='lat' dir='ltr'><strong>benignitatem</strong></span> <span class='ocrx_word' id='word_1_72' title='bbox 1944 934 2091 979; x_wconf 89' lang='lat' dir='ltr'><strong>tuam</strong></span> 
     </span>
    </p>
   </div>
   <div class='ocr_carea' id='block_1_11' title="bbox 2224 927 3799 1008">
    <p class='ocr_par' dir='ltr' id='par_1_11' title="bbox 2227 930 3799 1008">
     <span class='ocr_line' id='line_1_11' title="bbox 2227 930 3799 1008; baseline -0.006 -18"><span class='ocrx_word' id='word_1_73' title='bbox 2227 937 2616 1006; x_wconf 83' lang='grc' dir='ltr'>ίσακουσθῆναι</span> <span class='ocrx_word' id='word_1_74' title='bbox 2642 937 2855 1008; x_wconf 80' lang='grc' dir='ltr'><strong>χρῄζω,</strong></span> <span class='ocrx_word' id='word_1_75' title='bbox 2897 936 3088 1007; x_wconf 80' lang='grc' dir='ltr'>ἐπειδὴ</span> <span class='ocrx_word' id='word_1_76' title='bbox 3116 935 3405 1007; x_wconf 71' lang='grc' dir='ltr'>ἄνθρωπος</span> <span class='ocrx_word' id='word_1_77' title='bbox 3437 932 3530 987; x_wconf 81' lang='grc' dir='ltr'><strong>διὰ</strong></span> <span class='ocrx_word' id='word_1_78' title='bbox 3565 943 3669 1002; x_wconf 81' lang='grc' dir='ltr'><strong>την</strong></span> <span class='ocrx_word' id='word_1_79' title='bbox 3702 930 3799 999; x_wconf 79' lang='grc' dir='ltr'><strong>σὴν</strong></span> 
     </span>
    </p>
   </div>
   <div class='ocr_carea' id='block_1_12' title="bbox 501 1018 2103 1099">
    <p class='ocr_par' dir='ltr' id='par_1_12' title="bbox 501 1018 2091 1094">
     <span class='ocr_line' id='line_1_12' title="bbox 501 1018 2091 1094; baseline -0.009 -8"><span class='ocrx_word' id='word_1_80' title='bbox 501 1034 667 1086; x_wconf 90' lang='lat' dir='ltr'><strong>homo</strong></span> <span class='ocrx_word' id='word_1_81' title='bbox 714 1030 891 1084; x_wconf 88' lang='lat' dir='ltr'><strong>factus</strong></span> <span class='ocrx_word' id='word_1_82' title='bbox 939 1042 1081 1088; x_wconf 89' lang='lat' dir='ltr'><strong>sum,</strong></span> <span class='ocrx_word' id='word_1_83' title='bbox 1110 1034 1165 1079; x_wconf 92' lang='lat' dir='ltr'><strong>et</strong></span> <span class='ocrx_word' id='word_1_84' title='bbox 1193 1040 1290 1094; x_wconf 92' lang='lat' dir='ltr'><strong>pro</strong></span> <span class='ocrx_word' id='word_1_85' title='bbox 1315 1021 1574 1077; x_wconf 85' lang='lat' dir='ltr'><strong>omnibus</strong></span> <span class='ocrx_word' id='word_1_86' title='bbox 1603 1018 1938 1083; x_wconf 86' lang='lat' dir='ltr'><strong>hominibus,</strong></span> <span class='ocrx_word' id='word_1_87' title='bbox 1967 1033 2091 1072; x_wconf 91' lang='lat' dir='ltr'><strong>cum</strong></span> 
     </span>
    </p>
   </div>
   <div class='ocr_carea' id='block_1_13' title="bbox 2224 1018 3798 1099">
    <p class='ocr_par' dir='ltr' id='par_1_13' title="bbox 2224 1020 3798 1099">
     <span class='ocr_line' id='line_1_13' title="bbox 2224 1020 3798 1099; baseline -0.004 -22"><span class='ocrx_word' id='word_1_88' title='bbox 2224 1026 2609 1097; x_wconf 79' lang='grc' dir='ltr'>›ιλανθρωπίαν</span> <span class='ocrx_word' id='word_1_89' title='bbox 2640 1031 2864 1095; x_wconf 83' lang='grc' dir='ltr'>γέγονα,</span> <span class='ocrx_word' id='word_1_90' title='bbox 2901 1028 2997 1081; x_wconf 72' lang='grc' dir='ltr'><strong>καὶ</strong></span> <span class='ocrx_word' id='word_1_91' title='bbox 3027 1027 3170 1099; x_wconf 81' lang='grc' dir='ltr'>ὑπὲρ</span> <span class='ocrx_word' id='word_1_92' title='bbox 3202 1025 3422 1080; x_wconf 79' lang='grc' dir='ltr'>πάντων</span> <span class='ocrx_word' id='word_1_93' title='bbox 3455 1020 3798 1092; x_wconf 62' lang='grc' dir='ltr'>ἀνθρώπων,</span> 
     </span>
    </p>
   </div>
   <div class='ocr_carea' id='block_1_14' title="bbox 496 1114 2103 1196">
    <p class='ocr_par' dir='ltr' id='par_1_14' title="bbox 496 1114 1668 1196">
     <span class='ocr_line' id='line_1_14' title="bbox 496 1114 1668 1196; baseline -0.011 -16"><span class='ocrx_word' id='word_1_94' title='bbox 496 1127 620 1196; x_wconf 83' lang='lat' dir='ltr'><strong>jure</strong></span> <span class='ocrx_word' id='word_1_95' title='bbox 651 1123 792 1177; x_wconf 86' lang='lat' dir='ltr'><strong>Deus</strong></span> <span class='ocrx_word' id='word_1_96' title='bbox 831 1136 1030 1182; x_wconf 86' lang='lat' dir='ltr'><strong>essem,</strong></span> <span class='ocrx_word' id='word_1_97' title='bbox 1061 1119 1179 1173; x_wconf 62' lang='lat' dir='ltr'><strong>haec</strong></span> <span class='ocrx_word' id='word_1_98' title='bbox 1211 1117 1377 1172; x_wconf 85' lang='lat' dir='ltr'><strong>etiam</strong></span> <span class='ocrx_word' id='word_1_99' title='bbox 1410 1114 1668 1185; x_wconf 89' lang='lat' dir='ltr'><strong>suscipio.</strong></span> 
     </span>
    </p>
   </div>
   <div class='ocr_carea' id='block_1_15' title="bbox 2224 1114 3431 1196">
    <p class='ocr_par' dir='ltr' id='par_1_15' title="bbox 2229 1118 3431 1189">
     <span class='ocr_line' id='line_1_15' title="bbox 2229 1118 3431 1189; baseline -0.003 -15"><span class='ocrx_word' id='word_1_100' title='bbox 2229 1119 2423 1184; x_wconf 86' lang='grc' dir='ltr'>ίκότως</span> <span class='ocrx_word' id='word_1_101' title='bbox 2448 1120 2582 1184; x_wconf 84' lang='grc' dir='ltr'>Θεὸς</span> <span class='ocrx_word' id='word_1_102' title='bbox 2615 1118 2713 1184; x_wconf 84' lang='grc' dir='ltr'>ὢν,</span> <span class='ocrx_word' id='word_1_103' title='bbox 2742 1120 2838 1173; x_wconf 83' lang='grc' dir='ltr'>καὶ</span> <span class='ocrx_word' id='word_1_104' title='bbox 2870 1118 3044 1174; x_wconf 87' lang='grc' dir='ltr'>ταῦτα</span> <span class='ocrx_word' id='word_1_105' title='bbox 3076 1118 3431 1189; x_wconf 77' lang='grc' dir='ltr'><strong>ἀναδέχομαι.</strong></span> 
     </span>
    </p>
   </div>
   <div class='ocr_carea' id='block_1_16' title="bbox 577 1210 2103 1284">
    <p class='ocr_par' dir='ltr' id='par_1_16' title="bbox 577 1211 1649 1272">
     <span class='ocr_line' id='line_1_16' title="bbox 577 1211 1649 1272; baseline -0.008 -2"><span class='ocrx_word' id='word_1_106' title='bbox 577 1219 735 1272; x_wconf 72' lang='lat' dir='ltr'><strong>Vens.</strong></span> <span class='ocrx_word' id='word_1_107' title='bbox 774 1216 858 1271; x_wconf 79' lang='lat' dir='ltr'><strong>l9.</strong></span> <span class='ocrx_word' id='word_1_108' title='bbox 909 1234 927 1267; x_wconf 78' lang='grc' dir='ltr'><strong>ι</strong></span> <span class='ocrx_word' id='word_1_109' title='bbox 953 1214 1183 1270; x_wconf 86' lang='lat' dir='ltr'><strong>Intende</strong></span> <span class='ocrx_word' id='word_1_110' title='bbox 1213 1211 1410 1267; x_wconf 67' lang='lat' dir='ltr'><strong>animae</strong></span> <span class='ocrx_word' id='word_1_111' title='bbox 1440 1224 1596 1264; x_wconf 65' lang='lat' dir='ltr'><strong>meae.</strong></span> <span class='ocrx_word' id='word_1_112' title='bbox 1631 1227 1649 1260; x_wconf 75' lang='grc' dir='ltr'><strong>ι</strong></span> 
     </span>
    </p>
   </div>
   <div class='ocr_carea' id='block_1_17' title="bbox 2224 1210 3056 1284">
    <p class='ocr_par' dir='ltr' id='par_1_17' title="bbox 2275 1210 3056 1284">
     <span class='ocr_line' id='line_1_17' title="bbox 2275 1210 3056 1284; baseline -0.001 -20"><span class='ocrx_word' id='word_1_113' title='bbox 2275 1230 2295 1264; x_wconf 77' lang='grc' dir='ltr'><strong>ι</strong></span> <span class='ocrx_word' id='word_1_114' title='bbox 2326 1212 2568 1284; x_wconf 82' lang='grc' dir='ltr'>Πρόσχες</span> <span class='ocrx_word' id='word_1_115' title='bbox 2600 1213 2666 1283; x_wconf 79' lang='grc' dir='ltr'>τῇ</span> <span class='ocrx_word' id='word_1_116' title='bbox 2697 1210 2844 1282; x_wconf 75' lang='grc' dir='ltr'>ψυχῇ</span> <span class='ocrx_word' id='word_1_117' title='bbox 2886 1229 3010 1282; x_wconf 85' lang='grc' dir='ltr'>μου.</span> <span class='ocrx_word' id='word_1_118' title='bbox 3038 1230 3056 1263; x_wconf 75' lang='grc' dir='ltr'><strong>ι</strong></span> 
     </span>
    </p>
   </div>
   <div class='ocr_carea' id='block_1_18' title="bbox 572 1295 2103 1377">
    <p class='ocr_par' dir='ltr' id='par_1_18' title="bbox 572 1295 2095 1377">
     <span class='ocr_line' id='line_1_18' title="bbox 572 1295 2095 1377; baseline -0.011 -13"><span class='ocrx_word' id='word_1_119' title='bbox 572 1310 711 1377; x_wconf 82' lang='lat' dir='ltr'><strong>Quid</strong></span> <span class='ocrx_word' id='word_1_120' title='bbox 740 1316 826 1362; x_wconf 83' lang='lat' dir='ltr'><strong>est</strong></span> <span class='ocrx_word' id='word_1_121' title='bbox 855 1305 1098 1360; x_wconf 77' lang='lat' dir='ltr'><strong>intende?</strong></span> <span class='ocrx_word' id='word_1_122' title='bbox 1122 1304 1281 1367; x_wconf 90' lang='lat' dir='ltr'><strong>Vide,</strong></span> <span class='ocrx_word' id='word_1_123' title='bbox 1317 1301 1515 1372; x_wconf 84' lang='lat' dir='ltr'><strong>inquit,</strong></span> <span class='ocrx_word' id='word_1_124' title='bbox 1547 1300 1742 1369; x_wconf 85' lang='lat' dir='ltr'><strong>ipsam.</strong></span> <span class='ocrx_word' id='word_1_125' title='bbox 1788 1295 1934 1367; x_wconf 91' lang='lat' dir='ltr'><strong>quod</strong></span> <span class='ocrx_word' id='word_1_126' title='bbox 1985 1309 2095 1352; x_wconf 87' lang='lat' dir='ltr'><strong>non</strong></span> 
     </span>
    </p>
   </div>
   <div class='ocr_carea' id='block_1_19' title="bbox 2224 1295 3807 1377">
    <p class='ocr_par' dir='ltr' id='par_1_19' title="bbox 2273 1299 3807 1375">
     <span class='ocr_line' id='line_1_19' title="bbox 2273 1299 3807 1375; baseline -0.003 -19"><span class='ocrx_word' id='word_1_127' title='bbox 2273 1304 2371 1369; x_wconf 88' lang='grc' dir='ltr'>Τί,</span> <span class='ocrx_word' id='word_1_128' title='bbox 2400 1303 2707 1373; x_wconf 80' lang='grc' dir='ltr'>πρόσχες;</span> <span class='ocrx_word' id='word_1_129' title='bbox 2733 1305 2861 1370; x_wconf 85' lang='grc' dir='ltr'>Ἴδε,</span> <span class='ocrx_word' id='word_1_130' title='bbox 2891 1305 3078 1375; x_wconf 79' lang='grc' dir='ltr'>φησὶν,</span> <span class='ocrx_word' id='word_1_131' title='bbox 3104 1304 3297 1372; x_wconf 84' lang='grc' dir='ltr'>αὑτὴν,</span> <span class='ocrx_word' id='word_1_132' title='bbox 3318 1303 3400 1357; x_wconf 83' lang='grc' dir='ltr'>ὅτι</span> <span class='ocrx_word' id='word_1_133' title='bbox 3430 1302 3535 1355; x_wconf 85' lang='grc' dir='ltr'><strong>οὑκ</strong></span> <span class='ocrx_word' id='word_1_134' title='bbox 3559 1299 3682 1353; x_wconf 82' lang='grc' dir='ltr'>ἔστι</span> <span class='ocrx_word' id='word_1_135' title='bbox 3713 1299 3807 1370; x_wconf 81' lang='grc' dir='ltr'><strong>μό-</strong></span> 
     </span>
    </p>
   </div>
   <div class='ocr_carea' id='block_1_20' title="bbox 502 1388 2103 1467">
    <p class='ocr_par' dir='ltr' id='par_1_20' title="bbox 502 1388 2098 1461">
     <span class='ocr_line' id='line_1_20' title="bbox 502 1388 2098 1461; baseline -0.009 -5"><span class='ocrx_word' id='word_1_136' title='bbox 502 1402 573 1456; x_wconf 89' lang='lat' dir='ltr'><strong>sit</strong></span> <span class='ocrx_word' id='word_1_137' title='bbox 603 1400 779 1455; x_wconf 88' lang='lat' dir='ltr'><strong>solum</strong></span> <span class='ocrx_word' id='word_1_138' title='bbox 806 1396 1068 1461; x_wconf 82' lang='lat' dir='ltr'><strong>hominis,</strong></span> <span class='ocrx_word' id='word_1_139' title='bbox 1113 1394 1208 1449; x_wconf 90' lang='lat' dir='ltr'><strong>sed</strong></span> <span class='ocrx_word' id='word_1_140' title='bbox 1248 1393 1417 1448; x_wconf 88' lang='lat' dir='ltr'><strong>etiam</strong></span> <span class='ocrx_word' id='word_1_141' title='bbox 1464 1390 1562 1445; x_wconf 83' lang='lat' dir='ltr'><strong>Dei</strong></span> <span class='ocrx_word' id='word_1_142' title='bbox 1610 1388 1881 1443; x_wconf 89' lang='lat' dir='ltr'><strong>incarnati</strong></span> <span class='ocrx_word' id='word_1_143' title='bbox 1919 1402 2098 1457; x_wconf 88' lang='lat' dir='ltr'><strong>:quo-</strong></span> 
     </span>
    </p>
   </div>
   <div class='ocr_carea' id='block_1_21' title="bbox 2224 1388 3808 1467">
    <p class='ocr_par' dir='ltr' id='par_1_21' title="bbox 2224 1392 3808 1467">
     <span class='ocr_line' id='line_1_21' title="bbox 2224 1392 3808 1467; baseline -0.002 -20"><span class='ocrx_word' id='word_1_144' title='bbox 2224 1412 2289 1447; x_wconf 88' lang='grc' dir='ltr'><strong>Ιον</strong></span> <span class='ocrx_word' id='word_1_145' title='bbox 2315 1393 2604 1467; x_wconf 79' lang='grc' dir='ltr'>ἀνθρώπου</span> <span class='ocrx_word' id='word_1_146' title='bbox 2626 1435 2641 1460; x_wconf 90' lang='grc'><strong>,</strong></span> <span class='ocrx_word' id='word_1_147' title='bbox 2675 1395 2811 1449; x_wconf 84' lang='grc' dir='ltr'>ἀλλὰ</span> <span class='ocrx_word' id='word_1_148' title='bbox 2848 1396 2941 1449; x_wconf 74' lang='grc' dir='ltr'><strong>καὶ</strong></span> <span class='ocrx_word' id='word_1_149' title='bbox 2972 1396 3350 1467; x_wconf 79' lang='grc' dir='ltr'>σαρκωθέντος</span> <span class='ocrx_word' id='word_1_150' title='bbox 3382 1393 3524 1448; x_wconf 87' lang='grc' dir='ltr'>Θεοῦ</span> <span class='ocrx_word' id='word_1_151' title='bbox 3548 1409 3565 1425; x_wconf 74' lang='grc' dir='ltr'><strong>ο</strong></span> <span class='ocrx_word' id='word_1_152' title='bbox 3596 1393 3687 1446; x_wconf 84' lang='grc' dir='ltr'>ὅτι</span> <span class='ocrx_word' id='word_1_153' title='bbox 3711 1392 3808 1463; x_wconf 85' lang='grc' dir='ltr'><strong>οὑχ</strong></span> 
     </span>
    </p>
   </div>
   <div class='ocr_carea' id='block_1_22' title="bbox 503 1480 2103 1560">
    <p class='ocr_par' dir='ltr' id='par_1_22' title="bbox 503 1480 2102 1560">
     <span class='ocr_line' id='line_1_22' title="bbox 503 1480 2102 1560; baseline -0.01 -13"><span class='ocrx_word' id='word_1_154' title='bbox 503 1494 652 1548; x_wconf 88' lang='lat' dir='ltr'><strong>niam</strong></span> <span class='ocrx_word' id='word_1_155' title='bbox 681 1508 793 1545; x_wconf 88' lang='lat' dir='ltr'><strong>non</strong></span> <span class='ocrx_word' id='word_1_156' title='bbox 824 1505 925 1560; x_wconf 88' lang='lat' dir='ltr'><strong>pro</strong></span> <span class='ocrx_word' id='word_1_157' title='bbox 959 1503 1078 1550; x_wconf 90' lang='lat' dir='ltr'><strong>sua,</strong></span> <span class='ocrx_word' id='word_1_158' title='bbox 1108 1486 1203 1541; x_wconf 86' lang='lat' dir='ltr'><strong>sed</strong></span> <span class='ocrx_word' id='word_1_159' title='bbox 1240 1501 1341 1555; x_wconf 90' lang='lat' dir='ltr'><strong>pro</strong></span> <span class='ocrx_word' id='word_1_160' title='bbox 1384 1481 1662 1539; x_wconf 89' lang='lat' dir='ltr'><strong>communi</strong></span> <span class='ocrx_word' id='word_1_161' title='bbox 1692 1480 1947 1534; x_wconf 87' lang='lat' dir='ltr'><strong>libertate</strong></span> <span class='ocrx_word' id='word_1_162' title='bbox 1978 1494 2102 1548; x_wconf 85' lang='lat' dir='ltr'><strong>pas-</strong></span> 
     </span>
    </p>
   </div>
   <div class='ocr_carea' id='block_1_23' title="bbox 2224 1480 3806 1560">
    <p class='ocr_par' dir='ltr' id='par_1_23' title="bbox 2224 1483 3806 1558">
     <span class='ocr_line' id='line_1_23' title="bbox 2224 1483 3806 1558; baseline -0.001 -20"><span class='ocrx_word' id='word_1_163' title='bbox 2224 1489 2340 1557; x_wconf 67' lang='grc' dir='ltr'>νπὲρ</span> <span class='ocrx_word' id='word_1_164' title='bbox 2388 1486 2582 1557; x_wconf 78' lang='grc' dir='ltr'>αὐτῆς,</span> <span class='ocrx_word' id='word_1_165' title='bbox 2614 1487 2730 1539; x_wconf 83' lang='grc' dir='ltr'>ἀλλ’</span> <span class='ocrx_word' id='word_1_166' title='bbox 2762 1488 2903 1557; x_wconf 82' lang='grc' dir='ltr'>ὑπὲρ</span> <span class='ocrx_word' id='word_1_167' title='bbox 2952 1487 3140 1558; x_wconf 84' lang='grc' dir='ltr'>κοινῆς</span> <span class='ocrx_word' id='word_1_168' title='bbox 3191 1486 3511 1557; x_wconf 76' lang='grc' dir='ltr'><strong>ἐλευθερίας</strong></span> <span class='ocrx_word' id='word_1_169' title='bbox 3545 1484 3621 1537; x_wconf 74' lang='grc' dir='ltr'>τὰ</span> <span class='ocrx_word' id='word_1_170' title='bbox 3658 1483 3806 1552; x_wconf 70' lang='grc' dir='ltr'>πάθη</span> 
     </span>
    </p>
   </div>
   <div class='ocr_carea' id='block_1_24' title="bbox 504 1571 2103 1650">
    <p class='ocr_par' dir='ltr' id='par_1_24' title="bbox 504 1571 2103 1650">
     <span class='ocr_line' id='line_1_24' title="bbox 504 1571 2103 1650; baseline -0.008 -12"><span class='ocrx_word' id='word_1_171' title='bbox 504 1583 688 1638; x_wconf 79' lang='lat' dir='ltr'><strong>siones</strong></span> <span class='ocrx_word' id='word_1_172' title='bbox 736 1579 1054 1650; x_wconf 82' lang='lat' dir='ltr'><strong>assumpsit.</strong></span> <span class='ocrx_word' id='word_1_173' title='bbox 1107 1577 1246 1644; x_wconf 86' lang='lat' dir='ltr'><strong>Quia</strong></span> <span class='ocrx_word' id='word_1_174' title='bbox 1290 1582 1605 1645; x_wconf 81' lang='lat' dir='ltr'><strong>potestatem</strong></span> <span class='ocrx_word' id='word_1_175' title='bbox 1654 1572 1819 1626; x_wconf 80' lang='lat' dir='ltr'><strong>habeo</strong></span> <span class='ocrx_word' id='word_1_176' title='bbox 1874 1571 2103 1642; x_wconf 82' lang='lat' dir='ltr'><strong>ponendi</strong></span> 
     </span>
    </p>
   </div>
   <div class='ocr_carea' id='block_1_25' title="bbox 2224 1571 3806 1650">
    <p class='ocr_par' dir='ltr' id='par_1_25' title="bbox 2224 1575 3806 1647">
     <span class='ocr_line' id='line_1_25' title="bbox 2224 1575 3806 1647; baseline -0.002 -16"><span class='ocrx_word' id='word_1_177' title='bbox 2224 1577 2678 1644; x_wconf 77' lang='grc' dir='ltr'>ιατεδέξατο.⁶’οτι</span> <span class='ocrx_word' id='word_1_178' title='bbox 2708 1578 3038 1642; x_wconf 77' lang='grc' dir='ltr'>Ἕξουσίαν</span> <span class='ocrx_word' id='word_1_179' title='bbox 3067 1577 3187 1647; x_wconf 85' lang='grc' dir='ltr'>ἐχω</span> <span class='ocrx_word' id='word_1_180' title='bbox 3228 1578 3417 1633; x_wconf 82' lang='grc' dir='ltr'>θεῖναι</span> <span class='ocrx_word' id='word_1_181' title='bbox 3446 1576 3654 1642; x_wconf 78' lang='grc' dir='ltr'>αὐτήν</span> <span class='ocrx_word' id='word_1_182' title='bbox 3672 1593 3687 1605; x_wconf 89' lang='grc'><strong>·</strong></span> <span class='ocrx_word' id='word_1_183' title='bbox 3712 1575 3806 1629; x_wconf 81' lang='grc' dir='ltr'><strong>καί</strong></span> 
     </span>
    </p>
   </div>
   <div class='ocr_carea' id='block_1_26' title="bbox 505 1658 2103 1743">
    <p class='ocr_par' dir='ltr' id='par_1_26' title="bbox 505 1658 2102 1743">
     <span class='ocr_line' id='line_1_26' title="bbox 505 1658 2102 1743; baseline -0.009 -14"><span class='ocrx_word' id='word_1_184' title='bbox 505 1690 624 1729; x_wconf 85' lang='lat' dir='ltr'><strong>eam</strong></span> <span class='ocrx_word' id='word_1_185' title='bbox 644 1716 659 1740; x_wconf 95' lang='lat'><strong>,</strong></span> <span class='ocrx_word' id='word_1_186' title='bbox 702 1682 750 1727; x_wconf 85' lang='lat' dir='ltr'><strong>et</strong></span> <span class='ocrx_word' id='word_1_187' title='bbox 780 1678 1093 1743; x_wconf 75' lang='lat' dir='ltr'><strong>potestatem</strong></span> <span class='ocrx_word' id='word_1_188' title='bbox 1118 1667 1283 1722; x_wconf 81' lang='lat' dir='ltr'><strong>habeo</strong></span> <span class='ocrx_word' id='word_1_189' title='bbox 1317 1667 1510 1720; x_wconf 78' lang='lat' dir='ltr'><strong>iterum</strong></span> <span class='ocrx_word' id='word_1_190' title='bbox 1538 1662 1775 1717; x_wconf 80' lang='lat' dir='ltr'><strong>sumendi</strong></span> <span class='ocrx_word' id='word_1_191' title='bbox 1803 1659 2001 1714; x_wconf 75' lang='lat' dir='ltr'><strong>eam“.</strong></span> <span class='ocrx_word' id='word_1_192' title='bbox 2025 1658 2102 1714; x_wconf 91' lang='lat' dir='ltr'><strong>Te</strong></span> 
     </span>
    </p>
   </div>
   <div class='ocr_carea' id='block_1_27' title="bbox 2224 1658 3806 1743">
    <p class='ocr_par' dir='ltr' id='par_1_27' title="bbox 2224 1667 3806 1739">
     <span class='ocr_line' id='line_1_27' title="bbox 2224 1667 3806 1739; baseline -0.004 -15"><span class='ocrx_word' id='word_1_193' title='bbox 2224 1668 2496 1733; x_wconf 61' lang='lat' dir='ltr'><strong>iEovm’ar</strong></span> <span class='ocrx_word' id='word_1_194' title='bbox 2524 1668 2642 1739; x_wconf 77' lang='grc' dir='ltr'>ἔχω</span> <span class='ocrx_word' id='word_1_195' title='bbox 2666 1669 2876 1724; x_wconf 76' lang='grc' dir='ltr'>λαϐεῖν</span> <span class='ocrx_word' id='word_1_196' title='bbox 2903 1669 3116 1736; x_wconf 78' lang='grc' dir='ltr'>αὐτήν.</span> <span class='ocrx_word' id='word_1_197' title='bbox 3147 1671 3238 1723; x_wconf 71' lang='grc' dir='ltr'>Σοὶ</span> <span class='ocrx_word' id='word_1_198' title='bbox 3274 1670 3329 1723; x_wconf 85' lang='grc' dir='ltr'>δὲ</span> <span class='ocrx_word' id='word_1_199' title='bbox 3355 1670 3509 1739; x_wconf 80' lang='grc' dir='ltr'>ὅμως</span> <span class='ocrx_word' id='word_1_200' title='bbox 3536 1667 3693 1738; x_wconf 82' lang='grc' dir='ltr'>ὑπὲρ</span> <span class='ocrx_word' id='word_1_201' title='bbox 3711 1667 3806 1722; x_wconf 88' lang='grc' dir='ltr'>αὑ-</span> 
     </span>
    </p>
   </div>
   <div class='ocr_carea' id='block_1_28' title="bbox 506 1752 2103 1833">
    <p class='ocr_par' dir='ltr' id='par_1_28' title="bbox 506 1752 2103 1833">
     <span class='ocr_line' id='line_1_28' title="bbox 506 1752 2103 1833; baseline -0.009 -12"><span class='ocrx_word' id='word_1_202' title='bbox 506 1775 688 1821; x_wconf 86' lang='lat' dir='ltr'><strong>autem</strong></span> <span class='ocrx_word' id='word_1_203' title='bbox 721 1763 881 1819; x_wconf 85' lang='lat' dir='ltr'><strong>simul</strong></span> <span class='ocrx_word' id='word_1_204' title='bbox 912 1778 1012 1833; x_wconf 89' lang='lat' dir='ltr'><strong>pro</strong></span> <span class='ocrx_word' id='word_1_205' title='bbox 1042 1762 1162 1832; x_wconf 91' lang='lat' dir='ltr'><strong>ipsa</strong></span> <span class='ocrx_word' id='word_1_206' title='bbox 1193 1760 1460 1829; x_wconf 85' lang='lat' dir='ltr'><strong>deprecor</strong></span> <span class='ocrx_word' id='word_1_207' title='bbox 1489 1762 1715 1827; x_wconf 84' lang='lat' dir='ltr'><strong>propter</strong></span> <span class='ocrx_word' id='word_1_208' title='bbox 1760 1752 1940 1808; x_wconf 90' lang='lat' dir='ltr'><strong>carnis</strong></span> <span class='ocrx_word' id='word_1_209' title='bbox 1969 1752 2103 1807; x_wconf 87' lang='lat' dir='ltr'><strong>sub-</strong></span> 
     </span>
    </p>
   </div>
   <div class='ocr_carea' id='block_1_29' title="bbox 501 1856 827 1927">
    <p class='ocr_par' dir='ltr' id='par_1_29' title="bbox 501 1856 827 1927">
     <span class='ocr_line' id='line_1_29' title="bbox 501 1856 827 1927; baseline -0.012 -14"><span class='ocrx_word' id='word_1_210' title='bbox 501 1856 827 1927; x_wconf 87' lang='lat' dir='ltr'><strong>jectionem.</strong></span> 
     </span>
    </p>
   </div>
   <div class='ocr_carea' id='block_1_30' title="bbox 577 1943 2093 2016">
    <p class='ocr_par' dir='ltr' id='par_1_30' title="bbox 577 1943 2093 2016">
     <span class='ocr_line' id='line_1_30' title="bbox 577 1943 2093 2016; baseline -0.007 -14"><span class='ocrx_word' id='word_1_211' title='bbox 577 1948 846 2015; x_wconf 83' lang='lat' dir='ltr'><strong>Quoniam</strong></span> <span class='ocrx_word' id='word_1_212' title='bbox 891 1961 1003 2001; x_wconf 91' lang='lat' dir='ltr'><strong>non</strong></span> <span class='ocrx_word' id='word_1_213' title='bbox 1048 1960 1151 2016; x_wconf 92' lang='lat' dir='ltr'><strong>pro</strong></span> <span class='ocrx_word' id='word_1_214' title='bbox 1181 1944 1392 2013; x_wconf 87' lang='lat' dir='ltr'><strong>meipso</strong></span> <span class='ocrx_word' id='word_1_215' title='bbox 1416 1943 1540 2007; x_wconf 89' lang='lat' dir='ltr'><strong>ista,</strong></span> <span class='ocrx_word' id='word_1_216' title='bbox 1574 1943 1669 1999; x_wconf 91' lang='lat' dir='ltr'><strong>sed</strong></span> <span class='ocrx_word' id='word_1_217' title='bbox 1703 1957 1803 2013; x_wconf 91' lang='lat' dir='ltr'><strong>pro</strong></span> <span class='ocrx_word' id='word_1_218' title='bbox 1835 1949 1946 1997; x_wconf 88' lang='lat' dir='ltr'><strong>tota</strong></span> <span class='ocrx_word' id='word_1_219' title='bbox 1992 1953 2093 1993; x_wconf 89' lang='lat' dir='ltr'><strong>na-</strong></span> 
     </span>
    </p>
   </div>
   <div class='ocr_carea' id='block_1_31' title="bbox 509 2036 2094 2106">
    <p class='ocr_par' dir='ltr' id='par_1_31' title="bbox 509 2036 2094 2106">
     <span class='ocr_line' id='line_1_31' title="bbox 509 2036 2094 2106; baseline -0.007 -10"><span class='ocrx_word' id='word_1_220' title='bbox 509 2051 629 2097; x_wconf 88' lang='lat' dir='ltr'><strong>tura</strong></span> <span class='ocrx_word' id='word_1_221' title='bbox 673 2040 912 2095; x_wconf 82' lang='lat' dir='ltr'><strong>humana</strong></span> <span class='ocrx_word' id='word_1_222' title='bbox 958 2036 1231 2103; x_wconf 90' lang='lat' dir='ltr'><strong>sustinui;</strong></span> <span class='ocrx_word' id='word_1_223' title='bbox 1285 2037 1445 2106; x_wconf 88' lang='lat' dir='ltr'><strong>cujus</strong></span> <span class='ocrx_word' id='word_1_224' title='bbox 1477 2051 1602 2090; x_wconf 91' lang='lat' dir='ltr'><strong>cum</strong></span> <span class='ocrx_word' id='word_1_225' title='bbox 1636 2043 1859 2106; x_wconf 85' lang='lat' dir='ltr'><strong>peccata</strong></span> <span class='ocrx_word' id='word_1_226' title='bbox 1890 2048 2094 2103; x_wconf 79' lang='lat' dir='ltr'><strong>geram,</strong></span> 
     </span>
    </p>
   </div>
   <div class='ocr_carea' id='block_1_32' title="bbox 508 2112 2107 2199">
    <p class='ocr_par' dir='ltr' id='par_1_32' title="bbox 508 2112 2107 2199">
     <span class='ocr_line' id='line_1_32' title="bbox 508 2112 2107 2199; baseline -0.007 -10"><span class='ocrx_word' id='word_1_227' title='bbox 508 2133 819 2189; x_wconf 82' lang='lat' dir='ltr'><strong>necessario</strong></span> <span class='ocrx_word' id='word_1_228' title='bbox 854 2132 1018 2186; x_wconf 86' lang='lat' dir='ltr'><strong>etiam</strong></span> <span class='ocrx_word' id='word_1_229' title='bbox 1046 2130 1367 2185; x_wconf 85' lang='lat' dir='ltr'><strong>eorumdem</strong></span> <span class='ocrx_word' id='word_1_230' title='bbox 1395 2129 1663 2199; x_wconf 89' lang='lat' dir='ltr'><strong>pudorem</strong></span> <span class='ocrx_word' id='word_1_231' title='bbox 1692 2127 1954 2183; x_wconf 91' lang='lat' dir='ltr'><strong>sustinui.</strong></span> <span class='ocrx_word' id='word_1_232' title='bbox 2090 2112 2107 2115; x_wconf 48' lang='grc'>⁷</span> 
     </span>
    </p>
   </div>
   <div class='ocr_carea' id='block_1_33' title="bbox 580 2217 2019 2280">
    <p class='ocr_par' dir='ltr' id='par_1_33' title="bbox 580 2217 2019 2280">
     <span class='ocr_line' id='line_1_33' title="bbox 580 2217 2019 2280; baseline -0.007 0"><span class='ocrx_word' id='word_1_233' title='bbox 580 2224 747 2280; x_wconf 72' lang='lat' dir='ltr'><strong>Vens.</strong></span> <span class='ocrx_word' id='word_1_234' title='bbox 780 2224 871 2278; x_wconf 67' lang='lat'><strong>22.</strong></span> <span class='ocrx_word' id='word_1_235' title='bbox 919 2243 937 2275; x_wconf 82' lang='grc' dir='ltr'><strong>ι</strong></span> <span class='ocrx_word' id='word_1_236' title='bbox 968 2225 1035 2278; x_wconf 84' lang='grc' dir='ltr'>Ει</span> <span class='ocrx_word' id='word_1_237' title='bbox 1061 2223 1333 2279; x_wconf 90' lang='lat' dir='ltr'><strong>dederunt</strong></span> <span class='ocrx_word' id='word_1_238' title='bbox 1363 2222 1418 2275; x_wconf 91' lang='lat' dir='ltr'><strong>in</strong></span> <span class='ocrx_word' id='word_1_239' title='bbox 1444 2237 1629 2277; x_wconf 90' lang='lat' dir='ltr'><strong>eseam</strong></span> <span class='ocrx_word' id='word_1_240' title='bbox 1668 2235 1847 2276; x_wconf 89' lang='lat' dir='ltr'><strong>meam</strong></span> <span class='ocrx_word' id='word_1_241' title='bbox 1872 2217 1963 2273; x_wconf 85' lang='lat' dir='ltr'><strong>fel.</strong></span> <span class='ocrx_word' id='word_1_242' title='bbox 2001 2237 2019 2269; x_wconf 75' lang='grc' dir='ltr'><strong>ι</strong></span> 
     </span>
    </p>
   </div>
   <div class='ocr_carea' id='block_1_34' title="bbox 582 2310 2095 2386">
    <p class='ocr_par' dir='ltr' id='par_1_34' title="bbox 582 2310 2095 2386">
     <span class='ocr_line' id='line_1_34' title="bbox 582 2310 2095 2386; baseline -0.004 -16"><span class='ocrx_word' id='word_1_243' title='bbox 582 2317 694 2372; x_wconf 91' lang='lat' dir='ltr'><strong>lloc</strong></span> <span class='ocrx_word' id='word_1_244' title='bbox 713 2317 878 2371; x_wconf 91' lang='lat' dir='ltr'><strong>etiam</strong></span> <span class='ocrx_word' id='word_1_245' title='bbox 902 2315 1083 2371; x_wconf 89' lang='lat' dir='ltr'><strong>crucis</strong></span> <span class='ocrx_word' id='word_1_246' title='bbox 1100 2323 1346 2386; x_wconf 86' lang='lat' dir='ltr'><strong>tempore</strong></span> <span class='ocrx_word' id='word_1_247' title='bbox 1363 2313 1647 2384; x_wconf 88' lang='lat' dir='ltr'><strong>impletum</strong></span> <span class='ocrx_word' id='word_1_248' title='bbox 1666 2310 2060 2382; x_wconf 80' lang='lat' dir='ltr'><strong>reperiemus&quot;</strong></span> <span class='ocrx_word' id='word_1_249' title='bbox 2081 2327 2095 2365; x_wconf 90' lang='lat'><strong>:</strong></span> 
     </span>
    </p>
   </div>
   <div class='ocr_carea' id='block_1_35' title="bbox 507 2402 1882 2464">
    <p class='ocr_par' dir='ltr' id='par_1_35' title="bbox 507 2402 1882 2464">
     <span class='ocr_line' id='line_1_35' title="bbox 507 2402 1882 2464; baseline -0.006 -1"><span class='ocrx_word' id='word_1_250' title='bbox 507 2425 635 2464; x_wconf 88' lang='lat' dir='ltr'><strong>nam</strong></span> <span class='ocrx_word' id='word_1_251' title='bbox 670 2406 844 2462; x_wconf 66' lang='lat' dir='ltr'><strong>Judaei</strong></span> <span class='ocrx_word' id='word_1_252' title='bbox 871 2415 1001 2461; x_wconf 90' lang='lat' dir='ltr'><strong>tunc</strong></span> <span class='ocrx_word' id='word_1_253' title='bbox 1026 2406 1077 2461; x_wconf 91' lang='lat' dir='ltr'><strong>ei</strong></span> <span class='ocrx_word' id='word_1_254' title='bbox 1105 2414 1322 2461; x_wconf 89' lang='lat' dir='ltr'><strong>acetum</strong></span> <span class='ocrx_word' id='word_1_255' title='bbox 1351 2412 1408 2460; x_wconf 83' lang='lat' dir='ltr'><strong>et</strong></span> <span class='ocrx_word' id='word_1_256' title='bbox 1435 2403 1507 2458; x_wconf 91' lang='lat' dir='ltr'><strong>fel</strong></span> <span class='ocrx_word' id='word_1_257' title='bbox 1537 2402 1882 2458; x_wconf 89' lang='lat' dir='ltr'><strong>obtulerunt.</strong></span> 
     </span>
    </p>
   </div>
   <div class='ocr_carea' id='block_1_36' title="bbox 583 2580 1916 2645">
    <p class='ocr_par' dir='ltr' id='par_1_36' title="bbox 583 2580 1916 2645">
     <span class='ocr_line' id='line_1_36' title="bbox 583 2580 1916 2645; baseline -0.01 0"><span class='ocrx_word' id='word_1_258' title='bbox 583 2589 749 2645; x_wconf 74' lang='lat' dir='ltr'><strong>Vens.</strong></span> <span class='ocrx_word' id='word_1_259' title='bbox 776 2588 867 2645; x_wconf 69' lang='lat'><strong>29.</strong></span> <span class='ocrx_word' id='word_1_260' title='bbox 913 2604 933 2639; x_wconf 77' lang='grc' dir='ltr'><strong>ι</strong></span> <span class='ocrx_word' id='word_1_261' title='bbox 965 2586 1261 2642; x_wconf 84' lang='lat' dir='ltr'><strong>Deleantur</strong></span> <span class='ocrx_word' id='word_1_262' title='bbox 1284 2584 1354 2640; x_wconf 88' lang='lat' dir='ltr'><strong>de</strong></span> <span class='ocrx_word' id='word_1_263' title='bbox 1377 2583 1519 2639; x_wconf 91' lang='lat' dir='ltr'><strong>libro</strong></span> <span class='ocrx_word' id='word_1_264' title='bbox 1546 2580 1870 2639; x_wconf 83' lang='lat' dir='ltr'><strong>viventium.</strong></span> <span class='ocrx_word' id='word_1_265' title='bbox 1897 2599 1916 2632; x_wconf 72' lang='grc' dir='ltr'><strong>ι</strong></span> 
     </span>
    </p>
   </div>
   <div class='ocr_carea' id='block_1_37' title="bbox 581 2674 2103 2748">
    <p class='ocr_par' dir='ltr' id='par_1_37' title="bbox 581 2674 2103 2748">
     <span class='ocr_line' id='line_1_37' title="bbox 581 2674 2103 2748; baseline -0.008 -12"><span class='ocrx_word' id='word_1_266' title='bbox 581 2682 693 2737; x_wconf 81' lang='lat' dir='ltr'><strong>Etsi</strong></span> <span class='ocrx_word' id='word_1_267' title='bbox 727 2680 895 2745; x_wconf 92' lang='lat' dir='ltr'><strong>enim,</strong></span> <span class='ocrx_word' id='word_1_268' title='bbox 928 2678 1126 2748; x_wconf 89' lang='lat' dir='ltr'><strong>inquit,</strong></span> <span class='ocrx_word' id='word_1_269' title='bbox 1156 2676 1406 2745; x_wconf 89' lang='lat' dir='ltr'><strong>inscripti</strong></span> <span class='ocrx_word' id='word_1_270' title='bbox 1437 2675 1551 2731; x_wconf 89' lang='lat' dir='ltr'><strong>sint</strong></span> <span class='ocrx_word' id='word_1_271' title='bbox 1573 2674 1737 2744; x_wconf 90' lang='lat' dir='ltr'><strong>primi</strong></span> <span class='ocrx_word' id='word_1_272' title='bbox 1762 2679 1986 2744; x_wconf 84' lang='lat' dir='ltr'><strong>propter</strong></span> <span class='ocrx_word' id='word_1_273' title='bbox 2007 2686 2103 2742; x_wconf 89' lang='lat' dir='ltr'><strong>pa-</strong></span> 
     </span>
    </p>
   </div>
   <div class='ocr_carea' id='block_1_38' title="bbox 513 2765 2104 2842">
    <p class='ocr_par' dir='ltr' id='par_1_38' title="bbox 513 2765 2104 2842">
     <span class='ocr_line' id='line_1_38' title="bbox 513 2765 2104 2842; baseline -0.006 -12"><span class='ocrx_word' id='word_1_274' title='bbox 513 2786 626 2831; x_wconf 88' lang='lat' dir='ltr'><strong>tres</strong></span> <span class='ocrx_word' id='word_1_275' title='bbox 662 2790 791 2829; x_wconf 89' lang='lat' dir='ltr'><strong>suos</strong></span> <span class='ocrx_word' id='word_1_276' title='bbox 823 2772 915 2842; x_wconf 92' lang='lat' dir='ltr'><strong>qui</strong></span> <span class='ocrx_word' id='word_1_277' title='bbox 950 2770 1092 2841; x_wconf 90' lang='lat' dir='ltr'><strong>apud</strong></span> <span class='ocrx_word' id='word_1_278' title='bbox 1138 2769 1309 2825; x_wconf 90' lang='lat' dir='ltr'><strong>Deum</strong></span> <span class='ocrx_word' id='word_1_279' title='bbox 1339 2769 1538 2824; x_wconf 88' lang='lat' dir='ltr'><strong>vivunt</strong></span> <span class='ocrx_word' id='word_1_280' title='bbox 1580 2768 1749 2839; x_wconf 91' lang='lat' dir='ltr'><strong>(unde</strong></span> <span class='ocrx_word' id='word_1_281' title='bbox 1776 2767 1939 2821; x_wconf 88' lang='lat' dir='ltr'><strong>etiam</strong></span> <span class='ocrx_word' id='word_1_282' title='bbox 1971 2765 2104 2834; x_wconf 84' lang='lat' dir='ltr'><strong>ipsis</strong></span> 
     </span>
    </p>
   </div>
   <div class='ocr_carea' id='block_1_39' title="bbox 514 2857 2105 2933">
    <p class='ocr_par' dir='ltr' id='par_1_39' title="bbox 514 2857 2105 2933">
     <span class='ocr_line' id='line_1_39' title="bbox 514 2857 2105 2933; baseline -0.007 -11"><span class='ocrx_word' id='word_1_283' title='bbox 514 2870 671 2922; x_wconf 81' lang='lat' dir='ltr'><strong>factae</strong></span> <span class='ocrx_word' id='word_1_284' title='bbox 716 2873 844 2920; x_wconf 89' lang='lat' dir='ltr'><strong>sunt</strong></span> <span class='ocrx_word' id='word_1_285' title='bbox 889 2861 1326 2933; x_wconf 85' lang='lat' dir='ltr'><strong>promissiones),</strong></span> <span class='ocrx_word' id='word_1_286' title='bbox 1357 2875 1548 2916; x_wconf 85' lang='lat' dir='ltr'><strong>verum</strong></span> <span class='ocrx_word' id='word_1_287' title='bbox 1580 2875 1703 2915; x_wconf 91' lang='lat' dir='ltr'><strong>cum</strong></span> <span class='ocrx_word' id='word_1_288' title='bbox 1741 2859 1866 2913; x_wconf 88' lang='lat' dir='ltr'><strong>talia</strong></span> <span class='ocrx_word' id='word_1_289' title='bbox 1904 2857 2105 2911; x_wconf 85' lang='lat' dir='ltr'><strong>fuerint</strong></span> 
     </span>
    </p>
   </div>
   <div class='ocr_carea' id='block_1_40' title="bbox 514 2950 2105 3024">
    <p class='ocr_par' dir='ltr' id='par_1_40' title="bbox 514 2950 2105 3024">
     <span class='ocr_line' id='line_1_40' title="bbox 514 2950 2105 3024; baseline -0.009 -8"><span class='ocrx_word' id='word_1_290' title='bbox 514 2962 654 3023; x_wconf 83' lang='lat' dir='ltr'><strong>ausi,</strong></span> <span class='ocrx_word' id='word_1_291' title='bbox 688 2959 993 3021; x_wconf 84' lang='lat' dir='ltr'><strong>deleantur,</strong></span> <span class='ocrx_word' id='word_1_292' title='bbox 1019 2970 1199 3024; x_wconf 87' lang='lat' dir='ltr'><strong>neque</strong></span> <span class='ocrx_word' id='word_1_293' title='bbox 1245 2970 1275 3008; x_wconf 90' lang='lat' dir='ltr'><strong>a</strong></span> <span class='ocrx_word' id='word_1_294' title='bbox 1320 2953 1452 3015; x_wconf 90' lang='lat' dir='ltr'><strong>Deo,</strong></span> <span class='ocrx_word' id='word_1_295' title='bbox 1496 2951 1696 3021; x_wconf 87' lang='lat' dir='ltr'><strong>inquit,</strong></span> <span class='ocrx_word' id='word_1_296' title='bbox 1735 2950 2105 3005; x_wconf 81' lang='lat' dir='ltr'><strong>inscribantur</strong></span> 
     </span>
    </p>
   </div>
   <div class='ocr_carea' id='block_1_41' title="bbox 516 3037 2102 3118">
    <p class='ocr_par' dir='ltr' id='par_1_41' title="bbox 516 3037 2102 3118">
     <span class='ocr_line' id='line_1_41' title="bbox 516 3037 2102 3118; baseline -0.011 -13"><span class='ocrx_word' id='word_1_297' title='bbox 516 3066 640 3106; x_wconf 86' lang='lat' dir='ltr'><strong>eum</strong></span> <span class='ocrx_word' id='word_1_298' title='bbox 665 3048 827 3118; x_wconf 85' lang='lat' dir='ltr'><strong>justis</strong></span> <span class='ocrx_word' id='word_1_299' title='bbox 851 3046 1063 3109; x_wconf 73' lang='lat' dir='ltr'><strong>eledtis,</strong></span> <span class='ocrx_word' id='word_1_300' title='bbox 1083 3051 1137 3098; x_wconf 88' lang='lat' dir='ltr'><strong>et</strong></span> <span class='ocrx_word' id='word_1_301' title='bbox 1162 3042 1253 3113; x_wconf 92' lang='lat' dir='ltr'><strong>qui</strong></span> <span class='ocrx_word' id='word_1_302' title='bbox 1276 3041 1420 3112; x_wconf 89' lang='lat' dir='ltr'><strong>apud</strong></span> <span class='ocrx_word' id='word_1_303' title='bbox 1438 3040 1619 3111; x_wconf 86' lang='lat' dir='ltr'><strong>ipsum</strong></span> <span class='ocrx_word' id='word_1_304' title='bbox 1646 3038 1754 3092; x_wconf 89' lang='lat' dir='ltr'><strong>vita</strong></span> <span class='ocrx_word' id='word_1_305' title='bbox 1780 3037 1929 3110; x_wconf 81' lang='lat' dir='ltr'><strong>digni</strong></span> <span class='ocrx_word' id='word_1_306' title='bbox 1952 3042 2102 3103; x_wconf 92' lang='lat' dir='ltr'><strong>sunt,</strong></span> 
     </span>
    </p>
   </div>
   <div class='ocr_carea' id='block_1_42' title="bbox 518 3131 1702 3212">
    <p class='ocr_par' dir='ltr' id='par_1_42' title="bbox 518 3131 1702 3212">
     <span class='ocr_line' id='line_1_42' title="bbox 518 3131 1702 3212; baseline -0.008 -16"><span class='ocrx_word' id='word_1_307' title='bbox 518 3149 707 3212; x_wconf 82' lang='lat' dir='ltr'><strong>utpote</strong></span> <span class='ocrx_word' id='word_1_308' title='bbox 732 3138 825 3210; x_wconf 88' lang='lat' dir='ltr'><strong>qui</strong></span> <span class='ocrx_word' id='word_1_309' title='bbox 857 3145 1138 3193; x_wconf 83' lang='lat' dir='ltr'><strong>auctorem</strong></span> <span class='ocrx_word' id='word_1_310' title='bbox 1171 3133 1363 3189; x_wconf 89' lang='lat' dir='ltr'><strong>salutis</strong></span> <span class='ocrx_word' id='word_1_311' title='bbox 1389 3131 1702 3204; x_wconf 81' lang='lat' dir='ltr'><strong>rejecerint.</strong></span> 
     </span>
    </p>
   </div>
   <div class='ocr_carea' id='block_1_43' title="bbox 585 3311 1836 3383">
    <p class='ocr_par' dir='ltr' id='par_1_43' title="bbox 585 3311 1836 3383">
     <span class='ocr_line' id='line_1_43' title="bbox 585 3311 1836 3383; baseline -0.008 -9"><span class='ocrx_word' id='word_1_312' title='bbox 585 3320 749 3375; x_wconf 77' lang='lat' dir='ltr'><strong>Vens.</strong></span> <span class='ocrx_word' id='word_1_313' title='bbox 782 3316 872 3371; x_wconf 73' lang='lat'><strong>30.</strong></span> <span class='ocrx_word' id='word_1_314' title='bbox 917 3331 936 3365; x_wconf 80' lang='grc' dir='ltr'><strong>ι</strong></span> <span class='ocrx_word' id='word_1_315' title='bbox 963 3312 1178 3383; x_wconf 87' lang='lat' dir='ltr'><strong>Pauper</strong></span> <span class='ocrx_word' id='word_1_316' title='bbox 1202 3321 1256 3367; x_wconf 89' lang='lat' dir='ltr'><strong>et</strong></span> <span class='ocrx_word' id='word_1_317' title='bbox 1290 3311 1481 3366; x_wconf 89' lang='lat' dir='ltr'><strong>dolens</strong></span> <span class='ocrx_word' id='word_1_318' title='bbox 1514 3326 1634 3366; x_wconf 90' lang='lat' dir='ltr'><strong>sum</strong></span> <span class='ocrx_word' id='word_1_319' title='bbox 1668 3326 1788 3382; x_wconf 78' lang='lat' dir='ltr'><strong>ego.</strong></span> <span class='ocrx_word' id='word_1_320' title='bbox 1817 3330 1836 3363; x_wconf 75' lang='grc' dir='ltr'><strong>ι</strong></span> 
     </span>
    </p>
   </div>
   <div class='ocr_carea' id='block_1_44' title="bbox 588 3401 2104 3472">
    <p class='ocr_par' dir='ltr' id='par_1_44' title="bbox 588 3401 2104 3472">
     <span class='ocr_line' id='line_1_44' title="bbox 588 3401 2104 3472; baseline -0.006 -7"><span class='ocrx_word' id='word_1_321' title='bbox 588 3408 829 3465; x_wconf 83' lang='lat' dir='ltr'><strong>Laudem</strong></span> <span class='ocrx_word' id='word_1_322' title='bbox 858 3414 1017 3461; x_wconf 85' lang='lat' dir='ltr'><strong>vocat</strong></span> <span class='ocrx_word' id='word_1_323' title='bbox 1040 3404 1432 3465; x_wconf 81' lang='lat' dir='ltr'><strong>laudationem,</strong></span> <span class='ocrx_word' id='word_1_324' title='bbox 1470 3419 1591 3472; x_wconf 69' lang='lat' dir='ltr'><strong>qua:</strong></span> <span class='ocrx_word' id='word_1_325' title='bbox 1622 3402 1722 3472; x_wconf 90' lang='lat' dir='ltr'><strong>ipsi</strong></span> <span class='ocrx_word' id='word_1_326' title='bbox 1751 3403 1818 3457; x_wconf 90' lang='lat' dir='ltr'><strong>ab</strong></span> <span class='ocrx_word' id='word_1_327' title='bbox 1849 3401 2104 3457; x_wconf 89' lang='lat' dir='ltr'><strong>universa</strong></span> 
     </span>
    </p>
   </div>
   <div class='ocr_carea' id='block_1_45' title="bbox 519 3494 2106 3565">
    <p class='ocr_par' dir='ltr' id='par_1_45' title="bbox 519 3494 2106 3565">
     <span class='ocr_line' id='line_1_45' title="bbox 519 3494 2106 3565; baseline -0.006 -8"><span class='ocrx_word' id='word_1_328' title='bbox 519 3508 768 3557; x_wconf 89' lang='lat' dir='ltr'><strong>creatura</strong></span> <span class='ocrx_word' id='word_1_329' title='bbox 799 3495 1141 3553; x_wconf 86' lang='lat' dir='ltr'><strong>naturalibus</strong></span> <span class='ocrx_word' id='word_1_330' title='bbox 1167 3495 1406 3550; x_wconf 88' lang='lat' dir='ltr'><strong>motibus</strong></span> <span class='ocrx_word' id='word_1_331' title='bbox 1452 3494 1630 3562; x_wconf 88' lang='lat' dir='ltr'><strong>ipsum</strong></span> <span class='ocrx_word' id='word_1_332' title='bbox 1678 3495 1935 3549; x_wconf 89' lang='lat' dir='ltr'><strong>laudante</strong></span> <span class='ocrx_word' id='word_1_333' title='bbox 1980 3511 2106 3565; x_wconf 87' lang='lat' dir='ltr'><strong>pro-</strong></span> 
     </span>
    </p>
   </div>
   <div class='ocr_carea' id='block_1_46' title="bbox 520 3587 2104 3659">
    <p class='ocr_par' dir='ltr' id='par_1_46' title="bbox 520 3587 2104 3659">
     <span class='ocr_line' id='line_1_46' title="bbox 520 3587 2104 3659; baseline -0.004 -11"><span class='ocrx_word' id='word_1_334' title='bbox 520 3595 715 3649; x_wconf 86' lang='lat' dir='ltr'><strong>fertur.</strong></span> <span class='ocrx_word' id='word_1_335' title='bbox 753 3589 995 3645; x_wconf 82' lang='lat' dir='ltr'><strong>Ecclesia</strong></span> <span class='ocrx_word' id='word_1_336' title='bbox 1028 3588 1191 3659; x_wconf 80' lang='lat' dir='ltr'><strong>igitur</strong></span> <span class='ocrx_word' id='word_1_337' title='bbox 1228 3602 1338 3641; x_wconf 89' lang='lat' dir='ltr'><strong>non</strong></span> <span class='ocrx_word' id='word_1_338' title='bbox 1373 3587 1548 3641; x_wconf 88' lang='lat' dir='ltr'><strong>solum</strong></span> <span class='ocrx_word' id='word_1_339' title='bbox 1582 3601 1926 3641; x_wconf 90' lang='lat' dir='ltr'><strong>communem</strong></span> <span class='ocrx_word' id='word_1_340' title='bbox 1958 3588 2104 3641; x_wconf 83' lang='lat' dir='ltr'><strong>illam</strong></span> 
     </span>
    </p>
   </div>
   <div class='ocr_carea' id='block_1_47' title="bbox 519 3679 2102 3752">
    <p class='ocr_par' dir='ltr' id='par_1_47' title="bbox 519 3679 2102 3752">
     <span class='ocr_line' id='line_1_47' title="bbox 519 3679 2102 3752; baseline -0.004 -12"><span class='ocrx_word' id='word_1_341' title='bbox 519 3700 646 3741; x_wconf 89' lang='lat' dir='ltr'><strong>cum</strong></span> <span class='ocrx_word' id='word_1_342' title='bbox 679 3691 927 3738; x_wconf 84' lang='lat' dir='ltr'><strong>creatura</strong></span> <span class='ocrx_word' id='word_1_343' title='bbox 956 3679 1327 3734; x_wconf 86' lang='lat' dir='ltr'><strong>laudationem</strong></span> <span class='ocrx_word' id='word_1_344' title='bbox 1358 3694 1417 3733; x_wconf 88' lang='lat' dir='ltr'><strong>se</strong></span> <span class='ocrx_word' id='word_1_345' title='bbox 1443 3679 1751 3733; x_wconf 88' lang='lat' dir='ltr'><strong>oblaturam</strong></span> <span class='ocrx_word' id='word_1_346' title='bbox 1792 3679 2102 3752; x_wconf 74' lang='lat' dir='ltr'><strong>pollicetur,</strong></span> 
     </span>
    </p>
   </div>
   <div class='ocr_carea' id='block_1_48' title="bbox 477 3770 2106 3840">
    <p class='ocr_par' dir='ltr' id='par_1_48' title="bbox 477 3770 2106 3840">
     <span class='ocr_line' id='line_1_48' title="bbox 477 3770 2106 3840; baseline -0.003 -8"><span class='ocrx_word' id='word_1_347' title='bbox 477 3811 488 3823; x_wconf 86' lang='lat'><strong>-</strong></span> <span class='ocrx_word' id='word_1_348' title='bbox 520 3777 615 3832; x_wconf 90' lang='lat' dir='ltr'><strong>sed</strong></span> <span class='ocrx_word' id='word_1_349' title='bbox 644 3790 767 3831; x_wconf 90' lang='lat' dir='ltr'><strong>cum</strong></span> <span class='ocrx_word' id='word_1_350' title='bbox 799 3773 1011 3828; x_wconf 87' lang='lat' dir='ltr'><strong>cantico</strong></span> <span class='ocrx_word' id='word_1_351' title='bbox 1042 3771 1462 3836; x_wconf 82' lang='lat' dir='ltr'><strong>celebraturam,</strong></span> <span class='ocrx_word' id='word_1_352' title='bbox 1488 3771 1541 3826; x_wconf 88' lang='lat' dir='ltr'><strong>id</strong></span> <span class='ocrx_word' id='word_1_353' title='bbox 1570 3779 1674 3833; x_wconf 88' lang='lat' dir='ltr'><strong>est,</strong></span> <span class='ocrx_word' id='word_1_354' title='bbox 1693 3770 1990 3840; x_wconf 87' lang='lat' dir='ltr'><strong>spiritalem</strong></span> <span class='ocrx_word' id='word_1_355' title='bbox 2022 3781 2106 3827; x_wconf 89' lang='lat' dir='ltr'><strong>at-</strong></span> 
     </span>
    </p>
   </div>
   <div class='ocr_carea' id='block_1_49' title="bbox 519 3863 2104 3940">
    <p class='ocr_par' dir='ltr' id='par_1_49' title="bbox 519 3863 2104 3940">
     <span class='ocr_line' id='line_1_49' title="bbox 519 3863 2104 3940; baseline -0.003 -16"><span class='ocrx_word' id='word_1_356' title='bbox 519 3885 627 3940; x_wconf 91' lang='lat' dir='ltr'><strong>que</strong></span> <span class='ocrx_word' id='word_1_357' title='bbox 643 3864 1068 3921; x_wconf 87' lang='lat' dir='ltr'><strong>intellectualem</strong></span> <span class='ocrx_word' id='word_1_358' title='bbox 1097 3863 1447 3935; x_wconf 80' lang='lat' dir='ltr'><strong>hymnodiam</strong></span> <span class='ocrx_word' id='word_1_359' title='bbox 1467 3863 1794 3919; x_wconf 88' lang='lat' dir='ltr'><strong>oblaturam.</strong></span> <span class='ocrx_word' id='word_1_360' title='bbox 1823 3864 1939 3920; x_wconf 85' lang='lat' dir='ltr'><strong>Hoc</strong></span> <span class='ocrx_word' id='word_1_361' title='bbox 1956 3865 2104 3920; x_wconf 90' lang='lat' dir='ltr'><strong>enim</strong></span> 
     </span>
    </p>
   </div>
   <div class='ocr_carea' id='block_1_50' title="bbox 518 3957 1291 4033">
    <p class='ocr_par' dir='ltr' id='par_1_50' title="bbox 518 3957 1291 4033">
     <span class='ocr_line' id='line_1_50' title="bbox 518 3957 1291 4033; baseline -0.006 -17"><span class='ocrx_word' id='word_1_362' title='bbox 518 3960 742 4033; x_wconf 85' lang='lat' dir='ltr'><strong>proprie</strong></span> <span class='ocrx_word' id='word_1_363' title='bbox 773 3966 858 4013; x_wconf 89' lang='lat' dir='ltr'><strong>est</strong></span> <span class='ocrx_word' id='word_1_364' title='bbox 894 3965 1119 4012; x_wconf 88' lang='lat' dir='ltr'><strong>cantare</strong></span> <span class='ocrx_word' id='word_1_365' title='bbox 1156 3957 1291 4011; x_wconf 91' lang='lat' dir='ltr'><strong>Deo.</strong></span> 
     </span>
    </p>
   </div>
   <div class='ocr_carea' id='block_1_51' title="bbox 592 4049 2049 4108">
    <p class='ocr_par' dir='ltr' id='par_1_51' title="bbox 592 4049 2049 4108">
     <span class='ocr_line' id='line_1_51' title="bbox 592 4049 2049 4108; baseline 0 -3"><span class='ocrx_word' id='word_1_366' title='bbox 592 4051 754 4106; x_wconf 77' lang='lat' dir='ltr'><strong>Vens.</strong></span> <span class='ocrx_word' id='word_1_367' title='bbox 784 4050 873 4105; x_wconf 76' lang='grc'><strong>51.</strong></span> <span class='ocrx_word' id='word_1_368' title='bbox 912 4068 939 4101; x_wconf 60' lang='grc' dir='ltr'><strong>ηι</strong></span> <span class='ocrx_word' id='word_1_369' title='bbox 967 4049 1224 4105; x_wconf 84' lang='lat' dir='ltr'><strong>Laudabo</strong></span> <span class='ocrx_word' id='word_1_370' title='bbox 1260 4065 1463 4106; x_wconf 87' lang='lat' dir='ltr'><strong>nomen</strong></span> <span class='ocrx_word' id='word_1_371' title='bbox 1496 4051 1587 4106; x_wconf 85' lang='lat' dir='ltr'><strong>Dei</strong></span> <span class='ocrx_word' id='word_1_372' title='bbox 1615 4067 1741 4107; x_wconf 92' lang='lat' dir='ltr'><strong>cum</strong></span> <span class='ocrx_word' id='word_1_373' title='bbox 1773 4055 2005 4108; x_wconf 88' lang='lat' dir='ltr'><strong>cantico.</strong></span> <span class='ocrx_word' id='word_1_374' title='bbox 2031 4073 2049 4105; x_wconf 75' lang='grc' dir='ltr'><strong>ι</strong></span> 
     </span>
    </p>
   </div>
   <div class='ocr_carea' id='block_1_52' title="bbox 593 4140 2106 4214">
    <p class='ocr_par' dir='ltr' id='par_1_52' title="bbox 593 4140 2106 4214">
     <span class='ocr_line' id='line_1_52' title="bbox 593 4140 2106 4214; baseline 0.001 -18"><span class='ocrx_word' id='word_1_375' title='bbox 593 4142 895 4197; x_wconf 79' lang='lat' dir='ltr'><strong>Ratinnalis</strong></span> <span class='ocrx_word' id='word_1_376' title='bbox 920 4141 1068 4195; x_wconf 88' lang='lat' dir='ltr'><strong>enim</strong></span> <span class='ocrx_word' id='word_1_377' title='bbox 1094 4140 1335 4196; x_wconf 88' lang='lat' dir='ltr'><strong>laudatio</strong></span> <span class='ocrx_word' id='word_1_378' title='bbox 1355 4157 1469 4211; x_wconf 71' lang='lat' dir='ltr'><strong>pra:</strong></span> <span class='ocrx_word' id='word_1_379' title='bbox 1492 4142 1641 4197; x_wconf 90' lang='lat' dir='ltr'><strong>cultu</strong></span> <span class='ocrx_word' id='word_1_380' title='bbox 1671 4143 1832 4213; x_wconf 82' lang='lat' dir='ltr'><strong>legali</strong></span> <span class='ocrx_word' id='word_1_381' title='bbox 1857 4143 1968 4198; x_wconf 88' lang='lat' dir='ltr'><strong>Deo</strong></span> <span class='ocrx_word' id='word_1_382' title='bbox 1991 4144 2106 4214; x_wconf 87' lang='lat' dir='ltr'><strong>pla-</strong></span> 
     </span>
    </p>
   </div>
   <div class='ocr_carea' id='block_1_53' title="bbox 514 4246 630 4292">
    <p class='ocr_par' dir='ltr' id='par_1_53' title="bbox 514 4246 630 4292">
     <span class='ocr_line' id='line_1_53' title="bbox 514 4246 630 4292; baseline -0.034 0"><span class='ocrx_word' id='word_1_383' title='bbox 514 4246 630 4292; x_wconf 16' lang='lat' dir='ltr'><strong>teet.</strong></span> 
     </span>
    </p>
   </div>
   <div class='ocr_carea' id='block_1_54' title="bbox 1024 4320 1585 4379">
    <p class='ocr_par' dir='ltr' id='par_1_54' title="bbox 1024 4320 1585 4379">
     <span class='ocr_line' id='line_1_54' title="bbox 1024 4320 1585 4379; baseline -0.005 0"><span class='ocrx_word' id='word_1_384' title='bbox 1024 4321 1356 4379; x_wconf 76' lang='lat' dir='ltr'><strong>‘PSALMUS</strong></span> <span class='ocrx_word' id='word_1_385' title='bbox 1382 4320 1585 4376; x_wconf 80' lang='lat' dir='ltr'><strong>LXIX.</strong></span> 
     </span>
    </p>
   </div>
   <div class='ocr_carea' id='block_1_55' title="bbox 595 4416 1781 4487">
    <p class='ocr_par' dir='ltr' id='par_1_55' title="bbox 595 4416 1781 4487">
     <span class='ocr_line' id='line_1_55' title="bbox 595 4416 1781 4487; baseline -0.006 -13"><span class='ocrx_word' id='word_1_386' title='bbox 595 4418 758 4474; x_wconf 70' lang='lat' dir='ltr'><strong>Vens.</strong></span> <span class='ocrx_word' id='word_1_387' title='bbox 784 4417 1044 4481; x_wconf 70' lang='lat' dir='ltr'><strong>2.¢Deus,</strong></span> <span class='ocrx_word' id='word_1_388' title='bbox 1078 4417 1133 4470; x_wconf 91' lang='lat' dir='ltr'><strong>in</strong></span> <span class='ocrx_word' id='word_1_389' title='bbox 1161 4416 1490 4487; x_wconf 73' lang='lat' dir='ltr'><strong>adiutorium</strong></span> <span class='ocrx_word' id='word_1_390' title='bbox 1532 4428 1735 4468; x_wconf 90' lang='lat' dir='ltr'><strong>meum.</strong></span> <span class='ocrx_word' id='word_1_391' title='bbox 1762 4434 1781 4465; x_wconf 77' lang='grc' dir='ltr'><strong>ι</strong></span> 
     </span>
    </p>
   </div>
   <div class='ocr_carea' id='block_1_56' title="bbox 596 4507 2103 4570">
    <p class='ocr_par' dir='ltr' id='par_1_56' title="bbox 596 4507 2103 4570">
     <span class='ocr_line' id='line_1_56' title="bbox 596 4507 2103 4570; baseline 0.001 -7"><span class='ocrx_word' id='word_1_392' title='bbox 596 4510 820 4565; x_wconf 75' lang='lat' dir='ltr'><strong>lleatum</strong></span> <span class='ocrx_word' id='word_1_393' title='bbox 845 4520 925 4564; x_wconf 87' lang='lat' dir='ltr'><strong>est</strong></span> <span class='ocrx_word' id='word_1_394' title='bbox 943 4525 1065 4564; x_wconf 87' lang='lat' dir='ltr'><strong>cum</strong></span> <span class='ocrx_word' id='word_1_395' title='bbox 1090 4517 1237 4563; x_wconf 80' lang='lat' dir='ltr'><strong>tanta</strong></span> <span class='ocrx_word' id='word_1_396' title='bbox 1259 4507 1455 4563; x_wconf 83' lang='lat' dir='ltr'><strong>fiducia</strong></span> <span class='ocrx_word' id='word_1_397' title='bbox 1473 4507 1642 4561; x_wconf 91' lang='lat' dir='ltr'><strong>Deum</strong></span> <span class='ocrx_word' id='word_1_398' title='bbox 1662 4523 1839 4570; x_wconf 88' lang='lat' dir='ltr'><strong>orare,</strong></span> <span class='ocrx_word' id='word_1_399' title='bbox 1856 4517 1914 4564; x_wconf 89' lang='lat' dir='ltr'><strong>ut</strong></span> <span class='ocrx_word' id='word_1_400' title='bbox 1937 4509 2103 4565; x_wconf 89' lang='lat' dir='ltr'><strong>etiam</strong></span> 
     </span>
    </p>
   </div>
   <div class='ocr_carea' id='block_1_57' title="bbox 2202 1758 3669 1833">
    <p class='ocr_par' dir='ltr' id='par_1_57' title="bbox 2202 1758 3669 1833">
     <span class='ocr_line' id='line_1_57' title="bbox 2202 1758 3669 1833; baseline 0 -21"><span class='ocrx_word' id='word_1_401' title='bbox 2202 1758 2304 1830; x_wconf 78' lang='grc' dir='ltr'>τῆς</span> <span class='ocrx_word' id='word_1_402' title='bbox 2335 1758 2424 1813; x_wconf 81' lang='grc' dir='ltr'>διὰ</span> <span class='ocrx_word' id='word_1_403' title='bbox 2458 1759 2558 1831; x_wconf 78' lang='grc' dir='ltr'><strong>τὴν</strong></span> <span class='ocrx_word' id='word_1_404' title='bbox 2589 1760 2867 1833; x_wconf 82' lang='grc' dir='ltr'><strong>ὑποταγὴν</strong></span> <span class='ocrx_word' id='word_1_405' title='bbox 2893 1764 2992 1832; x_wconf 74' lang='grc' dir='ltr'><strong>τῆς</strong></span> <span class='ocrx_word' id='word_1_406' title='bbox 3024 1760 3227 1833; x_wconf 79' lang='grc' dir='ltr'>σαρκὸς</span> <span class='ocrx_word' id='word_1_407' title='bbox 3251 1759 3669 1832; x_wconf 82' lang='grc' dir='ltr'>προσεύχομαι.</span> 
     </span>
    </p>
   </div>
   <div class='ocr_carea' id='block_1_58' title="bbox 2274 1931 3804 2003">
    <p class='ocr_par' dir='ltr' id='par_1_58' title="bbox 2274 1931 3804 2003">
     <span class='ocr_line' id='line_1_58' title="bbox 2274 1931 3804 2003; baseline 0.001 -19"><span class='ocrx_word' id='word_1_408' title='bbox 2274 1932 2393 1985; x_wconf 80' lang='grc' dir='ltr'>Ὅτι</span> <span class='ocrx_word' id='word_1_409' title='bbox 2432 1932 2531 2003; x_wconf 90' lang='grc' dir='ltr'><strong>οὑχ</strong></span> <span class='ocrx_word' id='word_1_410' title='bbox 2574 1931 2720 2003; x_wconf 83' lang='grc' dir='ltr'>ὑπὲρ</span> <span class='ocrx_word' id='word_1_411' title='bbox 2766 1932 3008 2003; x_wconf 75' lang='grc' dir='ltr'><strong>ἐμαυτοῦ</strong></span> <span class='ocrx_word' id='word_1_412' title='bbox 3039 1932 3236 1998; x_wconf 86' lang='grc' dir='ltr'>ταῦτα,</span> <span class='ocrx_word' id='word_1_413' title='bbox 3279 1931 3422 2003; x_wconf 78' lang='grc' dir='ltr'>ὑπὲρ</span> <span class='ocrx_word' id='word_1_414' title='bbox 3455 1931 3515 1985; x_wconf 81' lang='grc' dir='ltr'><strong>δὲ</strong></span> <span class='ocrx_word' id='word_1_415' title='bbox 3540 1931 3679 2001; x_wconf 82' lang='grc' dir='ltr'>ὅλης</span> <span class='ocrx_word' id='word_1_416' title='bbox 3714 1934 3804 2002; x_wconf 75' lang='grc' dir='ltr'>τῆς</span> 
     </span>
    </p>
   </div>
   <div class='ocr_carea' id='block_1_59' title="bbox 2200 2020 3800 2099">
    <p class='ocr_par' dir='ltr' id='par_1_59' title="bbox 2200 2020 3800 2099">
     <span class='ocr_line' id='line_1_59' title="bbox 2200 2020 3800 2099; baseline -0.001 -22"><span class='ocrx_word' id='word_1_417' title='bbox 2200 2023 2551 2099; x_wconf 81' lang='grc' dir='ltr'>ἀνθρωπίνης</span> <span class='ocrx_word' id='word_1_418' title='bbox 2571 2025 2845 2096; x_wconf 83' lang='grc' dir='ltr'>ὑπέμεινα</span> <span class='ocrx_word' id='word_1_419' title='bbox 2866 2024 3082 2093; x_wconf 86' lang='grc' dir='ltr'>φύσεως</span> <span class='ocrx_word' id='word_1_420' title='bbox 3097 2043 3111 2057; x_wconf 91' lang='grc'><strong>·</strong></span> <span class='ocrx_word' id='word_1_421' title='bbox 3133 2020 3199 2097; x_wconf 84' lang='grc' dir='ltr'>ἦς</span> <span class='ocrx_word' id='word_1_422' title='bbox 3220 2024 3316 2088; x_wconf 78' lang='grc' dir='ltr'>τὰς</span> <span class='ocrx_word' id='word_1_423' title='bbox 3343 2023 3628 2095; x_wconf 86' lang='grc' dir='ltr'>ἁμαρτίας</span> <span class='ocrx_word' id='word_1_424' title='bbox 3646 2021 3800 2093; x_wconf 77' lang='grc' dir='ltr'>ἔχων,</span> 
     </span>
    </p>
   </div>
   <div class='ocr_carea' id='block_1_60' title="bbox 2200 2113 3766 2188">
    <p class='ocr_par' dir='ltr' id='par_1_60' title="bbox 2200 2113 3766 2188">
     <span class='ocr_line' id='line_1_60' title="bbox 2200 2113 3766 2188; baseline -0.001 -17"><span class='ocrx_word' id='word_1_425' title='bbox 2200 2116 2518 2185; x_wconf 81' lang='grc' dir='ltr'>ἀναγκαίως</span> <span class='ocrx_word' id='word_1_426' title='bbox 2555 2117 2651 2170; x_wconf 79' lang='grc' dir='ltr'><strong>καὶ</strong></span> <span class='ocrx_word' id='word_1_427' title='bbox 2683 2116 2781 2188; x_wconf 83' lang='grc' dir='ltr'>τὴν</span> <span class='ocrx_word' id='word_1_428' title='bbox 2813 2116 3103 2170; x_wconf 80' lang='grc' dir='ltr'>ὑπἀὑτῶν</span> <span class='ocrx_word' id='word_1_429' title='bbox 3131 2116 3396 2187; x_wconf 76' lang='grc' dir='ltr'>αἰσχύνην</span> <span class='ocrx_word' id='word_1_430' title='bbox 3434 2113 3766 2179; x_wconf 75' lang='grc' dir='ltr'>ἐϐάσταζον.</span> 
     </span>
    </p>
   </div>
   <div class='ocr_carea' id='block_1_61' title="bbox 2278 2207 3503 2279">
    <p class='ocr_par' dir='ltr' id='par_1_61' title="bbox 2278 2207 3503 2279">
     <span class='ocr_line' id='line_1_61' title="bbox 2278 2207 3503 2279; baseline -0.002 -19"><span class='ocrx_word' id='word_1_431' title='bbox 2278 2226 2296 2260; x_wconf 83' lang='grc' dir='ltr'><strong>ι</strong></span> <span class='ocrx_word' id='word_1_432' title='bbox 2329 2207 2440 2262; x_wconf 74' lang='grc' dir='ltr'><strong>Καὶ</strong></span> <span class='ocrx_word' id='word_1_433' title='bbox 2471 2208 2679 2261; x_wconf 77' lang='grc' dir='ltr'>ἔδωκαν</span> <span class='ocrx_word' id='word_1_434' title='bbox 2707 2211 2787 2271; x_wconf 87' lang='grc' dir='ltr'>εἰς</span> <span class='ocrx_word' id='word_1_435' title='bbox 2811 2207 2872 2260; x_wconf 86' lang='grc' dir='ltr'>τὸ</span> <span class='ocrx_word' id='word_1_436' title='bbox 2906 2207 3105 2279; x_wconf 76' lang='grc' dir='ltr'>βρῶμά</span> <span class='ocrx_word' id='word_1_437' title='bbox 3133 2226 3234 2278; x_wconf 88' lang='grc' dir='ltr'><strong>μου</strong></span> <span class='ocrx_word' id='word_1_438' title='bbox 3268 2209 3451 2278; x_wconf 82' lang='grc' dir='ltr'>χολήν.</span> <span class='ocrx_word' id='word_1_439' title='bbox 3482 2226 3503 2258; x_wconf 76' lang='grc' dir='ltr'><strong>ι</strong></span> 
     </span>
    </p>
   </div>
   <div class='ocr_carea' id='block_1_62' title="bbox 2270 2299 3796 2373">
    <p class='ocr_par' dir='ltr' id='par_1_62' title="bbox 2270 2299 3796 2373">
     <span class='ocr_line' id='line_1_62' title="bbox 2270 2299 3796 2373; baseline -0.001 -19"><span class='ocrx_word' id='word_1_440' title='bbox 2270 2301 2432 2354; x_wconf 83' lang='grc' dir='ltr'><strong>Κατὰ</strong></span> <span class='ocrx_word' id='word_1_441' title='bbox 2467 2301 2560 2355; x_wconf 80' lang='grc' dir='ltr'><strong>τὸν</strong></span> <span class='ocrx_word' id='word_1_442' title='bbox 2590 2301 2784 2373; x_wconf 77' lang='grc' dir='ltr'>καιρὸν</span> <span class='ocrx_word' id='word_1_443' title='bbox 2814 2302 2908 2354; x_wconf 68' lang='grc' dir='ltr'><strong>καὶ</strong></span> <span class='ocrx_word' id='word_1_444' title='bbox 2942 2301 3101 2355; x_wconf 89' lang='grc' dir='ltr'>τοῦτο</span> <span class='ocrx_word' id='word_1_445' title='bbox 3142 2301 3234 2354; x_wconf 87' lang='grc' dir='ltr'><strong>τοῦ</strong></span> <span class='ocrx_word' id='word_1_446' title='bbox 3281 2299 3520 2372; x_wconf 87' lang='grc' dir='ltr'>σταυροῦ</span> <span class='ocrx_word' id='word_1_447' title='bbox 3569 2301 3796 2369; x_wconf 71' lang='grc' dir='ltr'>εὑρήσο-</span> 
     </span>
    </p>
   </div>
   <div class='ocr_carea' id='block_1_63' title="bbox 2206 2391 3801 2464">
    <p class='ocr_par' dir='ltr' id='par_1_63' title="bbox 2206 2391 3801 2464">
     <span class='ocr_line' id='line_1_63' title="bbox 2206 2391 3801 2464; baseline 0.001 -19"><span class='ocrx_word' id='word_1_448' title='bbox 2206 2408 2306 2463; x_wconf 85' lang='grc' dir='ltr'><strong>μεν</strong></span> <span class='ocrx_word' id='word_1_449' title='bbox 2350 2391 2817 2463; x_wconf 84' lang='grc' dir='ltr'>πεπληρωμένον·</span> <span class='ocrx_word' id='word_1_450' title='bbox 2849 2391 2968 2459; x_wconf 79' lang='grc' dir='ltr'>6ξος</span> <span class='ocrx_word' id='word_1_451' title='bbox 3010 2394 3119 2463; x_wconf 78' lang='grc' dir='ltr'>γὰρ</span> <span class='ocrx_word' id='word_1_452' title='bbox 3164 2395 3256 2448; x_wconf 64' lang='grc' dir='ltr'><strong>καὶ</strong></span> <span class='ocrx_word' id='word_1_453' title='bbox 3286 2393 3450 2464; x_wconf 81' lang='grc' dir='ltr'>χολὴν</span> <span class='ocrx_word' id='word_1_454' title='bbox 3496 2393 3659 2463; x_wconf 86' lang='grc' dir='ltr'>αὑτῷ</span> <span class='ocrx_word' id='word_1_455' title='bbox 3688 2392 3801 2446; x_wconf 81' lang='grc' dir='ltr'>τότε</span> 
     </span>
    </p>
   </div>
   <div class='ocr_carea' id='block_1_64' title="bbox 2204 2485 2975 2557">
    <p class='ocr_par' dir='ltr' id='par_1_64' title="bbox 2204 2485 2975 2557">
     <span class='ocr_line' id='line_1_64' title="bbox 2204 2485 2975 2557; baseline 0.003 -20"><span class='ocrx_word' id='word_1_456' title='bbox 2204 2485 2597 2557; x_wconf 83' lang='grc' dir='ltr'>προσήνεγκαν</span> <span class='ocrx_word' id='word_1_457' title='bbox 2622 2485 2673 2538; x_wconf 78' lang='lat' dir='ltr'><strong>oi</strong></span> <span class='ocrx_word' id='word_1_458' title='bbox 2708 2485 2975 2539; x_wconf 89' lang='grc' dir='ltr'>Ἰουδαῖοι.</span> 
     </span>
    </p>
   </div>
   <div class='ocr_carea' id='block_1_65' title="bbox 2278 2576 3470 2649">
    <p class='ocr_par' dir='ltr' id='par_1_65' title="bbox 2278 2576 3470 2649">
     <span class='ocr_line' id='line_1_65' title="bbox 2278 2576 3470 2649; baseline 0.001 -20"><span class='ocrx_word' id='word_1_459' title='bbox 2278 2595 2297 2629; x_wconf 75' lang='grc' dir='ltr'><strong>ι</strong></span> <span class='ocrx_word' id='word_1_460' title='bbox 2320 2576 2828 2649; x_wconf 73' lang='grc' dir='ltr'>Ἐξαλειςρθήτωσαν</span> <span class='ocrx_word' id='word_1_461' title='bbox 2859 2579 2923 2631; x_wconf 87' lang='grc' dir='ltr'>ὲκ</span> <span class='ocrx_word' id='word_1_462' title='bbox 2958 2576 3141 2648; x_wconf 75' lang='grc' dir='ltr'>βίϐλου</span> <span class='ocrx_word' id='word_1_463' title='bbox 3175 2576 3419 2642; x_wconf 81' lang='grc' dir='ltr'>ζώντων.</span> <span class='ocrx_word' id='word_1_464' title='bbox 3450 2597 3470 2630; x_wconf 76' lang='grc' dir='ltr'><strong>ι</strong></span> 
     </span>
    </p>
   </div>
   <div class='ocr_carea' id='block_1_66' title="bbox 2280 2667 3808 2742">
    <p class='ocr_par' dir='ltr' id='par_1_66' title="bbox 2280 2667 3808 2742">
     <span class='ocr_line' id='line_1_66' title="bbox 2280 2667 3808 2742; baseline 0.002 -20"><span class='ocrx_word' id='word_1_465' title='bbox 2280 2669 2339 2722; x_wconf 83' lang='lat' dir='ltr'><strong>Ei</strong></span> <span class='ocrx_word' id='word_1_466' title='bbox 2367 2667 2477 2740; x_wconf 84' lang='grc' dir='ltr'>γὰρ</span> <span class='ocrx_word' id='word_1_467' title='bbox 2505 2669 2599 2722; x_wconf 67' lang='grc' dir='ltr'><strong>καὶ</strong></span> <span class='ocrx_word' id='word_1_468' title='bbox 2629 2668 2864 2740; x_wconf 87' lang='grc' dir='ltr'>πρῶτοι,</span> <span class='ocrx_word' id='word_1_469' title='bbox 2902 2669 3068 2739; x_wconf 77' lang='grc' dir='ltr'>φησὶν</span> <span class='ocrx_word' id='word_1_470' title='bbox 3093 2708 3109 2735; x_wconf 87' lang='grc'><strong>,</strong></span> <span class='ocrx_word' id='word_1_471' title='bbox 3140 2670 3525 2742; x_wconf 68' lang='grc' dir='ltr'>ἐνεγράφησαν</span> <span class='ocrx_word' id='word_1_472' title='bbox 3560 2671 3655 2725; x_wconf 85' lang='grc' dir='ltr'>διὰ</span> <span class='ocrx_word' id='word_1_473' title='bbox 3686 2671 3808 2735; x_wconf 73' lang='grc' dir='ltr'>τοὺς</span> 
     </span>
    </p>
   </div>
   <div class='ocr_carea' id='block_1_67' title="bbox 2206 2762 3807 2834">
    <p class='ocr_par' dir='ltr' id='par_1_67' title="bbox 2206 2762 3807 2834">
     <span class='ocr_line' id='line_1_67' title="bbox 2206 2762 3807 2834; baseline -0.002 -17"><span class='ocrx_word' id='word_1_474' title='bbox 2206 2762 2358 2833; x_wconf 84' lang='grc' dir='ltr'>παρὰ</span> <span class='ocrx_word' id='word_1_475' title='bbox 2409 2762 2528 2834; x_wconf 83' lang='grc' dir='ltr'><strong>Θεῷ</strong></span> <span class='ocrx_word' id='word_1_476' title='bbox 2566 2762 2776 2827; x_wconf 77' lang='grc' dir='ltr'>ζῶντας</span> <span class='ocrx_word' id='word_1_477' title='bbox 2823 2763 3072 2834; x_wconf 82' lang='grc' dir='ltr'>πατέρας</span> <span class='ocrx_word' id='word_1_478' title='bbox 3106 2762 3321 2816; x_wconf 78' lang='grc' dir='ltr'>αὐτῶν·</span> <span class='ocrx_word' id='word_1_479' title='bbox 3352 2762 3433 2826; x_wconf 81' lang='grc' dir='ltr'>ὡς</span> <span class='ocrx_word' id='word_1_480' title='bbox 3474 2764 3578 2817; x_wconf 80' lang='grc' dir='ltr'><strong>καὶ</strong></span> <span class='ocrx_word' id='word_1_481' title='bbox 3622 2764 3807 2826; x_wconf 78' lang='grc' dir='ltr'>αὐτοῖς</span> 
     </span>
    </p>
   </div>
   <div class='ocr_carea' id='block_1_68' title="bbox 2203 2845 3807 2926">
    <p class='ocr_par' dir='ltr' id='par_1_68' title="bbox 2203 2845 3807 2926">
     <span class='ocr_line' id='line_1_68' title="bbox 2203 2845 3807 2926; baseline -0.002 -17"><span class='ocrx_word' id='word_1_482' title='bbox 2203 2854 2450 2909; x_wconf 83' lang='grc' dir='ltr'>δεδόσθαι</span> <span class='ocrx_word' id='word_1_483' title='bbox 2479 2854 2578 2917; x_wconf 81' lang='grc' dir='ltr'><strong>τὰς</strong></span> <span class='ocrx_word' id='word_1_484' title='bbox 2608 2853 2947 2923; x_wconf 81' lang='grc' dir='ltr'>ἐπαγγελίας</span> <span class='ocrx_word' id='word_1_485' title='bbox 2965 2870 2980 2885; x_wconf 77' lang='grc' dir='ltr'><strong><em>ο</em></strong></span> <span class='ocrx_word' id='word_1_486' title='bbox 3017 2852 3132 2907; x_wconf 73' lang='grc' dir='ltr'>ἀλλ’</span> <span class='ocrx_word' id='word_1_487' title='bbox 3163 2845 3259 2906; x_wconf 78' lang='grc' dir='ltr'><strong>οὑν</strong></span> <span class='ocrx_word' id='word_1_488' title='bbox 3282 2852 3513 2908; x_wconf 83' lang='grc' dir='ltr'>τοιαῦτα</span> <span class='ocrx_word' id='word_1_489' title='bbox 3530 2856 3807 2926; x_wconf 84' lang='grc' dir='ltr'>τετολμη-</span> 
     </span>
    </p>
   </div>
   <div class='ocr_carea' id='block_1_69' title="bbox 2205 2945 3808 3019">
    <p class='ocr_par' dir='ltr' id='par_1_69' title="bbox 2205 2945 3808 3019">
     <span class='ocr_line' id='line_1_69' title="bbox 2205 2945 3808 3019; baseline -0.001 -17"><span class='ocrx_word' id='word_1_490' title='bbox 2205 2948 2383 3014; x_wconf 83' lang='grc' dir='ltr'>κότες,</span> <span class='ocrx_word' id='word_1_491' title='bbox 2415 2946 2917 3019; x_wconf 79' lang='grc' dir='ltr'>ὲξαλειφθήτωσαν,</span> <span class='ocrx_word' id='word_1_492' title='bbox 2953 2945 3089 3018; x_wconf 79' lang='grc' dir='ltr'>μηδὲ</span> <span class='ocrx_word' id='word_1_493' title='bbox 3120 2945 3273 3018; x_wconf 84' lang='grc' dir='ltr'>παρὰ</span> <span class='ocrx_word' id='word_1_494' title='bbox 3305 2946 3448 3017; x_wconf 78' lang='grc' dir='ltr'>Θεῷ,</span> <span class='ocrx_word' id='word_1_495' title='bbox 3485 2947 3687 3018; x_wconf 63' lang='grc' dir='ltr'>φησιν,</span> <span class='ocrx_word' id='word_1_496' title='bbox 3714 2949 3808 3015; x_wconf 78' lang='grc' dir='ltr'><strong>ἐγ-</strong></span> 
     </span>
    </p>
   </div>
   <div class='ocr_carea' id='block_1_70' title="bbox 2204 3036 3810 3111">
    <p class='ocr_par' dir='ltr' id='par_1_70' title="bbox 2204 3036 3810 3111">
     <span class='ocr_line' id='line_1_70' title="bbox 2204 3036 3810 3111; baseline -0.002 -17"><span class='ocrx_word' id='word_1_497' title='bbox 2204 3041 2580 3111; x_wconf 80' lang='grc' dir='ltr'>γραφήτωσαν</span> <span class='ocrx_word' id='word_1_498' title='bbox 2637 3037 2781 3109; x_wconf 80' lang='grc' dir='ltr'>μετὰ</span> <span class='ocrx_word' id='word_1_499' title='bbox 2829 3037 2938 3091; x_wconf 82' lang='grc' dir='ltr'>τῶν</span> <span class='ocrx_word' id='word_1_500' title='bbox 2982 3036 3393 3107; x_wconf 81' lang='grc' dir='ltr'>ὲκλελεγμένων</span> <span class='ocrx_word' id='word_1_501' title='bbox 3421 3037 3681 3104; x_wconf 86' lang='grc' dir='ltr'>δικαίων,</span> <span class='ocrx_word' id='word_1_502' title='bbox 3715 3041 3810 3093; x_wconf 73' lang='grc' dir='ltr'><strong>καὶ</strong></span> 
     </span>
    </p>
   </div>
   <div class='ocr_carea' id='block_1_71' title="bbox 2205 3127 3807 3202">
    <p class='ocr_par' dir='ltr' id='par_1_71' title="bbox 2205 3127 3807 3202">
     <span class='ocr_line' id='line_1_71' title="bbox 2205 3127 3807 3202; baseline 0.002 -20"><span class='ocrx_word' id='word_1_503' title='bbox 2205 3131 2305 3194; x_wconf 82' lang='grc' dir='ltr'>τῆς</span> <span class='ocrx_word' id='word_1_504' title='bbox 2330 3130 2458 3201; x_wconf 79' lang='grc' dir='ltr'>παρ’</span> <span class='ocrx_word' id='word_1_505' title='bbox 2482 3128 2629 3199; x_wconf 87' lang='grc' dir='ltr'><strong>αὑτῷ</strong></span> <span class='ocrx_word' id='word_1_506' title='bbox 2656 3128 2802 3199; x_wconf 78' lang='grc' dir='ltr'>ζωῆς</span> <span class='ocrx_word' id='word_1_507' title='bbox 2824 3127 2995 3182; x_wconf 74' lang='grc' dir='ltr'>ὄντων</span> <span class='ocrx_word' id='word_1_508' title='bbox 3017 3128 3209 3198; x_wconf 81' lang='grc' dir='ltr'>ἀξίων,</span> <span class='ocrx_word' id='word_1_509' title='bbox 3226 3129 3304 3193; x_wconf 86' lang='grc' dir='ltr'>ὡς</span> <span class='ocrx_word' id='word_1_510' title='bbox 3320 3129 3412 3183; x_wconf 83' lang='grc' dir='ltr'><strong>τὸν</strong></span> <span class='ocrx_word' id='word_1_511' title='bbox 3433 3132 3688 3202; x_wconf 66' lang='grc' dir='ltr'>ἀρχηγὸν</span> <span class='ocrx_word' id='word_1_512' title='bbox 3712 3134 3807 3201; x_wconf 72' lang='grc' dir='ltr'>τῆς</span> 
     </span>
    </p>
   </div>
   <div class='ocr_carea' id='block_1_72' title="bbox 2209 3223 3013 3295">
    <p class='ocr_par' dir='ltr' id='par_1_72' title="bbox 2209 3223 3013 3295">
     <span class='ocr_line' id='line_1_72' title="bbox 2209 3223 3013 3295; baseline 0.001 -19"><span class='ocrx_word' id='word_1_513' title='bbox 2209 3223 2484 3295; x_wconf 81' lang='grc' dir='ltr'>σωτηρίας</span> <span class='ocrx_word' id='word_1_514' title='bbox 2516 3223 3013 3293; x_wconf 81' lang='grc' dir='ltr'>παραιτησάμενοι.</span> 
     </span>
    </p>
   </div>
   <div class='ocr_carea' id='block_1_73' title="bbox 2286 3313 3255 3385">
    <p class='ocr_par' dir='ltr' id='par_1_73' title="bbox 2286 3313 3255 3385">
     <span class='ocr_line' id='line_1_73' title="bbox 2286 3313 3255 3385; baseline -0.003 -18"><span class='ocrx_word' id='word_1_515' title='bbox 2286 3334 2305 3367; x_wconf 80' lang='grc' dir='ltr'><strong>ι</strong></span> <span class='ocrx_word' id='word_1_516' title='bbox 2338 3313 2560 3385; x_wconf 83' lang='grc' dir='ltr'>Πτωχὸς</span> <span class='ocrx_word' id='word_1_517' title='bbox 2592 3314 2687 3368; x_wconf 79' lang='grc' dir='ltr'>καὶ</span> <span class='ocrx_word' id='word_1_518' title='bbox 2713 3313 2895 3383; x_wconf 81' lang='grc' dir='ltr'>ἀλγῶν</span> <span class='ocrx_word' id='word_1_519' title='bbox 2922 3316 3038 3384; x_wconf 86' lang='grc' dir='ltr'>είμι</span> <span class='ocrx_word' id='word_1_520' title='bbox 3073 3313 3204 3383; x_wconf 78' lang='grc' dir='ltr'><strong>ἐγώ.</strong></span> <span class='ocrx_word' id='word_1_521' title='bbox 3236 3332 3255 3364; x_wconf 78' lang='grc' dir='ltr'><strong>ι</strong></span> 
     </span>
    </p>
   </div>
   <div class='ocr_carea' id='block_1_74' title="bbox 2276 3401 3807 3480">
    <p class='ocr_par' dir='ltr' id='par_1_74' title="bbox 2276 3401 3807 3480">
     <span class='ocr_line' id='line_1_74' title="bbox 2276 3401 3807 3480; baseline 0.004 -21"><span class='ocrx_word' id='word_1_522' title='bbox 2276 3401 2436 3459; x_wconf 81' lang='grc' dir='ltr'>Αἶνον</span> <span class='ocrx_word' id='word_1_523' title='bbox 2482 3406 2581 3478; x_wconf 86' lang='grc' dir='ltr'>τὴν</span> <span class='ocrx_word' id='word_1_524' title='bbox 2626 3405 2936 3476; x_wconf 82' lang='grc' dir='ltr'>δοξολογίαν</span> <span class='ocrx_word' id='word_1_525' title='bbox 2965 3406 3140 3471; x_wconf 78' lang='grc' dir='ltr'>καλεῖ,</span> <span class='ocrx_word' id='word_1_526' title='bbox 3172 3407 3295 3478; x_wconf 78' lang='grc' dir='ltr'>ἥτις</span> <span class='ocrx_word' id='word_1_527' title='bbox 3327 3408 3478 3477; x_wconf 85' lang='grc' dir='ltr'><strong>αὑτῷ</strong></span> <span class='ocrx_word' id='word_1_528' title='bbox 3508 3410 3667 3479; x_wconf 74' lang='grc' dir='ltr'>παρὰ</span> <span class='ocrx_word' id='word_1_529' title='bbox 3706 3410 3807 3480; x_wconf 75' lang='grc' dir='ltr'>τῆς</span> 
     </span>
    </p>
   </div>
   <div class='ocr_carea' id='block_1_75' title="bbox 2207 3482 3806 3570">
    <p class='ocr_par' dir='ltr' id='par_1_75' title="bbox 2207 3482 3806 3570">
     <span class='ocr_line' id='line_1_75' title="bbox 2207 3482 3806 3570; baseline 0.001 -17"><span class='ocrx_word' id='word_1_530' title='bbox 2207 3482 2439 3564; x_wconf 74' lang='grc' dir='ltr'>κτίσεως</span> <span class='ocrx_word' id='word_1_531' title='bbox 2468 3498 2599 3570; x_wconf 81' lang='grc' dir='ltr'>ὅλης</span> <span class='ocrx_word' id='word_1_532' title='bbox 2627 3501 2878 3569; x_wconf 84' lang='grc' dir='ltr'>φυσικοῖς</span> <span class='ocrx_word' id='word_1_533' title='bbox 2905 3499 3209 3568; x_wconf 81' lang='grc' dir='ltr'>κινήμασιν</span> <span class='ocrx_word' id='word_1_534' title='bbox 3228 3499 3392 3553; x_wconf 79' lang='grc' dir='ltr'>αὑτὸν</span> <span class='ocrx_word' id='word_1_535' title='bbox 3415 3500 3806 3570; x_wconf 72' lang='grc' dir='ltr'>δοξολογούσης</span> 
     </span>
    </p>
   </div>
   <div class='ocr_carea' id='block_1_76' title="bbox 2205 3591 3804 3665">
    <p class='ocr_par' dir='ltr' id='par_1_76' title="bbox 2205 3591 3804 3665">
     <span class='ocr_line' id='line_1_76' title="bbox 2205 3591 3804 3665; baseline 0.003 -21"><span class='ocrx_word' id='word_1_536' title='bbox 2205 3592 2599 3662; x_wconf 79' lang='grc' dir='ltr'>προσφέρεται.</span> <span class='ocrx_word' id='word_1_537' title='bbox 2620 3592 2685 3644; x_wconf 86' lang='grc' dir='ltr'><em>Ἡ</em></span> <span class='ocrx_word' id='word_1_538' title='bbox 2721 3591 3017 3662; x_wconf 84' lang='grc' dir='ltr'>Ἐκκλησία</span> <span class='ocrx_word' id='word_1_539' title='bbox 3038 3592 3217 3646; x_wconf 88' lang='grc' dir='ltr'>τοίνυν</span> <span class='ocrx_word' id='word_1_540' title='bbox 3251 3593 3312 3646; x_wconf 85' lang='grc' dir='ltr'><strong>οὐ</strong></span> <span class='ocrx_word' id='word_1_541' title='bbox 3339 3593 3502 3663; x_wconf 85' lang='grc' dir='ltr'>μόνον</span> <span class='ocrx_word' id='word_1_542' title='bbox 3528 3595 3631 3665; x_wconf 82' lang='grc' dir='ltr'>τὴν</span> <span class='ocrx_word' id='word_1_543' title='bbox 3669 3596 3804 3664; x_wconf 78' lang='grc' dir='ltr'>μετὰ</span> 
     </span>
    </p>
   </div>
   <div class='ocr_carea' id='block_1_77' title="bbox 2207 3680 3798 3754">
    <p class='ocr_par' dir='ltr' id='par_1_77' title="bbox 2207 3680 3798 3754">
     <span class='ocr_line' id='line_1_77' title="bbox 2207 3680 3798 3754; baseline 0.003 -19"><span class='ocrx_word' id='word_1_544' title='bbox 2207 3680 2306 3751; x_wconf 84' lang='grc' dir='ltr'><strong>τῆς</strong></span> <span class='ocrx_word' id='word_1_545' title='bbox 2340 3682 2571 3744; x_wconf 88' lang='grc' dir='ltr'>κτίσεως</span> <span class='ocrx_word' id='word_1_546' title='bbox 2622 3680 2933 3750; x_wconf 81' lang='grc' dir='ltr'>δοξυλογίαν</span> <span class='ocrx_word' id='word_1_547' title='bbox 2987 3681 3322 3753; x_wconf 78' lang='grc' dir='ltr'>προσφέρειν</span> <span class='ocrx_word' id='word_1_548' title='bbox 3372 3685 3798 3754; x_wconf 76' lang='grc' dir='ltr'>ἐπαγγέλλεται,</span> 
     </span>
    </p>
   </div>
   <div class='ocr_carea' id='block_1_78' title="bbox 2208 3773 3803 3848">
    <p class='ocr_par' dir='ltr' id='par_1_78' title="bbox 2208 3773 3803 3848">
     <span class='ocr_line' id='line_1_78' title="bbox 2208 3773 3803 3848; baseline 0.001 -21"><span class='ocrx_word' id='word_1_549' title='bbox 2208 3774 2343 3828; x_wconf 75' lang='grc' dir='ltr'>ἀλλὰ</span> <span class='ocrx_word' id='word_1_550' title='bbox 2382 3774 2501 3845; x_wconf 82' lang='grc' dir='ltr'>μετ’</span> <span class='ocrx_word' id='word_1_551' title='bbox 2518 3773 2663 3845; x_wconf 78' lang='grc' dir='ltr'>ᾠδῆς</span> <span class='ocrx_word' id='word_1_552' title='bbox 2705 3773 2952 3840; x_wconf 79' lang='grc' dir='ltr'>δοξάζειν</span> <span class='ocrx_word' id='word_1_553' title='bbox 2973 3813 2986 3838; x_wconf 91' lang='grc'><strong>,</strong></span> <span class='ocrx_word' id='word_1_554' title='bbox 3024 3775 3270 3828; x_wconf 82' lang='grc' dir='ltr'>τουτέστι</span> <span class='ocrx_word' id='word_1_555' title='bbox 3302 3777 3689 3848; x_wconf 81' lang='grc' dir='ltr'>πνευματικὴν</span> <span class='ocrx_word' id='word_1_556' title='bbox 3717 3780 3803 3831; x_wconf 79' lang='grc' dir='ltr'><strong>καὶ</strong></span> 
     </span>
    </p>
   </div>
   <div class='ocr_carea' id='block_1_79' title="bbox 2207 3865 3802 3940">
    <p class='ocr_par' dir='ltr' id='par_1_79' title="bbox 2207 3865 3802 3940">
     <span class='ocr_line' id='line_1_79' title="bbox 2207 3865 3802 3940; baseline 0.001 -19"><span class='ocrx_word' id='word_1_557' title='bbox 2207 3867 2397 3938; x_wconf 71' lang='grc' dir='ltr'>γοερὰν</span> <span class='ocrx_word' id='word_1_558' title='bbox 2448 3867 2733 3937; x_wconf 84' lang='grc' dir='ltr'>ὑμνῳδίαν.</span> <span class='ocrx_word' id='word_1_559' title='bbox 2771 3865 3128 3937; x_wconf 79' lang='grc' dir='ltr'>προσφέρειν.</span> <span class='ocrx_word' id='word_1_560' title='bbox 3158 3867 3329 3921; x_wconf 88' lang='grc' dir='ltr'>Τοῦτο</span> <span class='ocrx_word' id='word_1_561' title='bbox 3372 3868 3480 3940; x_wconf 82' lang='grc' dir='ltr'>γάρ</span> <span class='ocrx_word' id='word_1_562' title='bbox 3528 3871 3681 3922; x_wconf 77' lang='grc' dir='ltr'>ἐστιν</span> <span class='ocrx_word' id='word_1_563' title='bbox 3712 3872 3802 3923; x_wconf 75' lang='grc' dir='ltr'>ἐπὶ</span> 
     </span>
    </p>
   </div>
   <div class='ocr_carea' id='block_1_80' title="bbox 2207 3957 2874 4030">
    <p class='ocr_par' dir='ltr' id='par_1_80' title="bbox 2207 3957 2874 4030">
     <span class='ocr_line' id='line_1_80' title="bbox 2207 3957 2874 4030; baseline -0.003 -17"><span class='ocrx_word' id='word_1_564' title='bbox 2207 3957 2344 4013; x_wconf 86' lang='grc' dir='ltr'>Θεοῦ</span> <span class='ocrx_word' id='word_1_565' title='bbox 2380 3959 2584 4028; x_wconf 88' lang='grc' dir='ltr'>κυρίως</span> <span class='ocrx_word' id='word_1_566' title='bbox 2618 3959 2678 4011; x_wconf 83' lang='grc' dir='ltr'><strong>τὸ</strong></span> <span class='ocrx_word' id='word_1_567' title='bbox 2706 3959 2874 4030; x_wconf 80' lang='grc' dir='ltr'>ᾅδειν.</span> 
     </span>
    </p>
   </div>
   <div class='ocr_carea' id='block_1_81' title="bbox 2283 4050 3649 4127">
    <p class='ocr_par' dir='ltr' id='par_1_81' title="bbox 2283 4050 3649 4127">
     <span class='ocr_line' id='line_1_81' title="bbox 2283 4050 3649 4127; baseline 0.004 -23"><span class='ocrx_word' id='word_1_568' title='bbox 2283 4071 2303 4104; x_wconf 79' lang='grc' dir='ltr'><strong>ι</strong></span> <span class='ocrx_word' id='word_1_569' title='bbox 2331 4051 2542 4105; x_wconf 84' lang='grc' dir='ltr'>Αίνέσω</span> <span class='ocrx_word' id='word_1_570' title='bbox 2567 4051 2629 4105; x_wconf 77' lang='grc' dir='ltr'>τὸ</span> <span class='ocrx_word' id='word_1_571' title='bbox 2657 4051 2830 4122; x_wconf 75' lang='grc' dir='ltr'>ὄνομα</span> <span class='ocrx_word' id='word_1_572' title='bbox 2858 4050 2956 4105; x_wconf 90' lang='grc' dir='ltr'><strong>τοῦ</strong></span> <span class='ocrx_word' id='word_1_573' title='bbox 2982 4051 3119 4105; x_wconf 89' lang='grc' dir='ltr'>Θεοῦ</span> <span class='ocrx_word' id='word_1_574' title='bbox 3150 4070 3252 4124; x_wconf 88' lang='grc' dir='ltr'><strong>μου</strong></span> <span class='ocrx_word' id='word_1_575' title='bbox 3288 4055 3407 4124; x_wconf 86' lang='grc' dir='ltr'>μετ’</span> <span class='ocrx_word' id='word_1_576' title='bbox 3430 4054 3598 4127; x_wconf 84' lang='grc' dir='ltr'>ᾠδῆς.</span> <span class='ocrx_word' id='word_1_577' title='bbox 3626 4075 3649 4109; x_wconf 72' lang='grc' dir='ltr'><strong>ι</strong></span> 
     </span>
    </p>
   </div>
   <div class='ocr_carea' id='block_1_82' title="bbox 2288 4143 3799 4222">
    <p class='ocr_par' dir='ltr' id='par_1_82' title="bbox 2288 4143 3799 4222">
     <span class='ocr_line' id='line_1_82' title="bbox 2288 4143 3799 4222; baseline 0.004 -25"><span class='ocrx_word' id='word_1_578' title='bbox 2288 4144 2352 4197; x_wconf 87' lang='grc' dir='ltr'><em>Ἦ</em></span> <span class='ocrx_word' id='word_1_579' title='bbox 2388 4145 2496 4214; x_wconf 78' lang='grc' dir='ltr'>γὰρ</span> <span class='ocrx_word' id='word_1_580' title='bbox 2522 4143 2713 4216; x_wconf 83' lang='grc' dir='ltr'>λογικὴ</span> <span class='ocrx_word' id='word_1_581' title='bbox 2739 4146 2947 4207; x_wconf 83' lang='grc' dir='ltr'>αίνεσις</span> <span class='ocrx_word' id='word_1_582' title='bbox 2980 4144 3122 4217; x_wconf 86' lang='grc' dir='ltr'>ὑπὲρ</span> <span class='ocrx_word' id='word_1_583' title='bbox 3153 4145 3253 4218; x_wconf 83' lang='grc' dir='ltr'>τὴν</span> <span class='ocrx_word' id='word_1_584' title='bbox 3278 4148 3513 4219; x_wconf 75' lang='grc' dir='ltr'>νομικὴν</span> <span class='ocrx_word' id='word_1_585' title='bbox 3549 4148 3799 4222; x_wconf 86' lang='grc' dir='ltr'>λατρείαν</span> 
     </span>
    </p>
   </div>
   <div class='ocr_carea' id='block_1_83' title="bbox 2206 4236 2698 4309">
    <p class='ocr_par' dir='ltr' id='par_1_83' title="bbox 2206 4236 2698 4309">
     <span class='ocr_line' id='line_1_83' title="bbox 2206 4236 2698 4309; baseline 0.002 -19"><span class='ocrx_word' id='word_1_586' title='bbox 2206 4237 2431 4308; x_wconf 81' lang='grc' dir='ltr'>ἀρέσκει</span> <span class='ocrx_word' id='word_1_587' title='bbox 2454 4238 2531 4309; x_wconf 85' lang='grc' dir='ltr'>τῷ</span> <span class='ocrx_word' id='word_1_588' title='bbox 2557 4236 2698 4308; x_wconf 79' lang='grc' dir='ltr'>Θεῷ.</span> 
     </span>
    </p>
   </div>
   <div class='ocr_carea' id='block_1_84' title="bbox 2537 4317 3220 4385">
    <p class='ocr_par' dir='ltr' id='par_1_84' title="bbox 2537 4317 3220 4385">
     <span class='ocr_line' id='line_1_84' title="bbox 2537 4317 3220 4385; baseline 0.004 -3"><span class='ocrx_word' id='word_1_589' title='bbox 2537 4317 2580 4346; x_wconf 72' lang='grc'><em>¹</em></span> <span class='ocrx_word' id='word_1_590' title='bbox 2771 4330 3065 4384; x_wconf 80' lang='grc' dir='ltr'><strong>ΨΑΛΜΟΣ</strong></span> <span class='ocrx_word' id='word_1_591' title='bbox 3099 4331 3220 4385; x_wconf 83' lang='grc' dir='ltr'><strong>ΞΘ⁹.</strong></span> 
     </span>
    </p>
   </div>
   <div class='ocr_carea' id='block_1_85' title="bbox 2284 4421 3157 4494">
    <p class='ocr_par' dir='ltr' id='par_1_85' title="bbox 2284 4421 3157 4494">
     <span class='ocr_line' id='line_1_85' title="bbox 2284 4421 3157 4494; baseline 0.005 -22"><span class='ocrx_word' id='word_1_592' title='bbox 2284 4441 2301 4472; x_wconf 81' lang='grc' dir='ltr'><strong>ι</strong></span> <span class='ocrx_word' id='word_1_593' title='bbox 2326 4421 2388 4477; x_wconf 87' lang='lat'><strong>&#39;0</strong></span> <span class='ocrx_word' id='word_1_594' title='bbox 2416 4422 2571 4487; x_wconf 79' lang='grc' dir='ltr'>Θεὸς,</span> <span class='ocrx_word' id='word_1_595' title='bbox 2602 4423 2683 4487; x_wconf 87' lang='grc' dir='ltr'><strong>είς</strong></span> <span class='ocrx_word' id='word_1_596' title='bbox 2716 4423 2814 4492; x_wconf 85' lang='grc' dir='ltr'>τὴν</span> <span class='ocrx_word' id='word_1_597' title='bbox 2846 4424 3157 4494; x_wconf 78' lang='grc' dir='ltr'>βοήθειαν.»</span> 
     </span>
    </p>
   </div>
   <div class='ocr_carea' id='block_1_86' title="bbox 2278 4516 3798 4593">
    <p class='ocr_par' dir='ltr' id='par_1_86' title="bbox 2278 4516 3798 4593">
     <span class='ocr_line' id='line_1_86' title="bbox 2278 4516 3798 4593; baseline 0.003 -22"><span class='ocrx_word' id='word_1_598' title='bbox 2278 4516 2567 4586; x_wconf 82' lang='grc' dir='ltr'>Μακάριον</span> <span class='ocrx_word' id='word_1_599' title='bbox 2596 4517 2692 4570; x_wconf 81' lang='grc' dir='ltr'><strong>σὺν</strong></span> <span class='ocrx_word' id='word_1_600' title='bbox 2720 4516 2961 4588; x_wconf 83' lang='grc' dir='ltr'>τοσαύτῃ</span> <span class='ocrx_word' id='word_1_601' title='bbox 2998 4518 3283 4590; x_wconf 74' lang='grc' dir='ltr'>παρρησίᾳ</span> <span class='ocrx_word' id='word_1_602' title='bbox 3307 4517 3385 4589; x_wconf 80' lang='grc' dir='ltr'>τῷ</span> <span class='ocrx_word' id='word_1_603' title='bbox 3412 4518 3541 4591; x_wconf 84' lang='grc' dir='ltr'><strong>Θεῷ</strong></span> <span class='ocrx_word' id='word_1_604' title='bbox 3563 4522 3798 4593; x_wconf 84' lang='grc' dir='ltr'>προσεύ-</span> 
     </span>
    </p>
   </div>
   <div class='ocr_carea' id='block_1_87' title="bbox 525 4597 2103 4688">
    <p class='ocr_par' dir='ltr' id='par_1_87' title="bbox 525 4597 2103 4673">
     <span class='ocr_line' id='line_1_87' title="bbox 525 4597 2103 4673; baseline -0.001 -17"><span class='ocrx_word' id='word_1_605' title='bbox 525 4603 702 4672; x_wconf 92' lang='lat' dir='ltr'><strong>ipsum</strong></span> <span class='ocrx_word' id='word_1_606' title='bbox 742 4616 1034 4672; x_wconf 78' lang='lat' dir='ltr'><strong>urgeamus</strong></span> <span class='ocrx_word' id='word_1_607' title='bbox 1061 4600 1128 4654; x_wconf 89' lang='lat' dir='ltr'><strong>ad</strong></span> <span class='ocrx_word' id='word_1_608' title='bbox 1155 4599 1314 4655; x_wconf 90' lang='lat' dir='ltr'><strong>nobis</strong></span> <span class='ocrx_word' id='word_1_609' title='bbox 1333 4597 1731 4673; x_wconf 86' lang='lat' dir='ltr'><strong>opitulandum.</strong></span> <span class='ocrx_word' id='word_1_610' title='bbox 1752 4599 1991 4655; x_wconf 90' lang='lat' dir='ltr'><strong>Primum</strong></span> <span class='ocrx_word' id='word_1_611' title='bbox 2014 4617 2103 4655; x_wconf 87' lang='lat' dir='ltr'><strong>au-</strong></span> 
     </span>
    </p>
   </div>
   <div class='ocr_carea' id='block_1_88' title="bbox 2224 4597 3797 4688">
    <p class='ocr_par' dir='ltr' id='par_1_88' title="bbox 2224 4608 3797 4688">
     <span class='ocr_line' id='line_1_88' title="bbox 2224 4608 3797 4688; baseline 0.006 -27"><span class='ocrx_word' id='word_1_612' title='bbox 2224 4609 2423 4679; x_wconf 73' lang='grc' dir='ltr'>(εσθαι,</span> <span class='ocrx_word' id='word_1_613' title='bbox 2460 4608 2602 4664; x_wconf 82' lang='grc' dir='ltr'>ὥστε</span> <span class='ocrx_word' id='word_1_614' title='bbox 2648 4611 2743 4664; x_wconf 75' lang='grc' dir='ltr'>καὶ</span> <span class='ocrx_word' id='word_1_615' title='bbox 2784 4612 3132 4680; x_wconf 84' lang='grc' dir='ltr'>κατεπείγειν</span> <span class='ocrx_word' id='word_1_616' title='bbox 3181 4613 3344 4667; x_wconf 84' lang='grc' dir='ltr'>αὑτὸν</span> <span class='ocrx_word' id='word_1_617' title='bbox 3392 4614 3472 4678; x_wconf 85' lang='grc' dir='ltr'><strong>είς</strong></span> <span class='ocrx_word' id='word_1_618' title='bbox 3516 4617 3797 4688; x_wconf 77' lang='grc' dir='ltr'>ἡμετέραν</span> 
     </span>
    </p>
   </div>
   <div class='ocr_carea' id='block_1_89' title="bbox 525 4692 2104 4762">
    <p class='ocr_par' dir='ltr' id='par_1_89' title="bbox 525 4692 2104 4762">
     <span class='ocr_line' id='line_1_89' title="bbox 525 4692 2104 4762; baseline -0.001 -11"><span class='ocrx_word' id='word_1_619' title='bbox 525 4709 634 4752; x_wconf 89' lang='lat' dir='ltr'><strong>tem</strong></span> <span class='ocrx_word' id='word_1_620' title='bbox 661 4696 830 4751; x_wconf 86' lang='lat' dir='ltr'><strong>Deum</strong></span> <span class='ocrx_word' id='word_1_621' title='bbox 866 4702 925 4748; x_wconf 88' lang='lat' dir='ltr'><strong>ut</strong></span> <span class='ocrx_word' id='word_1_622' title='bbox 954 4694 1267 4748; x_wconf 84' lang='lat' dir='ltr'><strong>intenderet</strong></span> <span class='ocrx_word' id='word_1_623' title='bbox 1291 4734 1306 4759; x_wconf 92' lang='lat'><strong>,</strong></span> <span class='ocrx_word' id='word_1_624' title='bbox 1334 4700 1389 4747; x_wconf 90' lang='lat' dir='ltr'><strong>et</strong></span> <span class='ocrx_word' id='word_1_625' title='bbox 1418 4692 1766 4762; x_wconf 81' lang='lat' dir='ltr'><strong>postmodum</strong></span> <span class='ocrx_word' id='word_1_626' title='bbox 1800 4704 1862 4749; x_wconf 92' lang='lat' dir='ltr'><strong>ut</strong></span> <span class='ocrx_word' id='word_1_627' title='bbox 1891 4696 2104 4750; x_wconf 87' lang='lat' dir='ltr'><strong>accele-</strong></span> 
     </span>
    </p>
   </div>
   <div class='ocr_carea' id='block_1_90' title="bbox 525 4782 2102 4858">
    <p class='ocr_par' dir='ltr' id='par_1_90' title="bbox 525 4782 2102 4858">
     <span class='ocr_line' id='line_1_90' title="bbox 525 4782 2102 4858; baseline 0.001 -18"><span class='ocrx_word' id='word_1_628' title='bbox 525 4797 701 4849; x_wconf 82' lang='lat' dir='ltr'><strong>raret,</strong></span> <span class='ocrx_word' id='word_1_629' title='bbox 736 4786 947 4858; x_wconf 79' lang='lat' dir='ltr'><strong>rogavit</strong></span> <span class='ocrx_word' id='word_1_630' title='bbox 980 4802 994 4839; x_wconf 86' lang='lat'><strong>:</strong></span> <span class='ocrx_word' id='word_1_631' title='bbox 1031 4785 1076 4839; x_wconf 92' lang='lat' dir='ltr'><strong>si</strong></span> <span class='ocrx_word' id='word_1_632' title='bbox 1113 4785 1258 4839; x_wconf 91' lang='lat' dir='ltr'><strong>enim</strong></span> <span class='ocrx_word' id='word_1_633' title='bbox 1286 4782 1512 4838; x_wconf 89' lang='lat' dir='ltr'><strong>omnino</strong></span> <span class='ocrx_word' id='word_1_634' title='bbox 1542 4785 1841 4841; x_wconf 86' lang='lat' dir='ltr'><strong>intenderit</strong></span> <span class='ocrx_word' id='word_1_635' title='bbox 1867 4803 2102 4857; x_wconf 89' lang='lat' dir='ltr'><strong>quanam</strong></span> 
     </span>
    </p>
   </div>
   <div class='ocr_carea' id='block_1_91' title="bbox 523 4875 2105 4948">
    <p class='ocr_par' dir='ltr' id='par_1_91' title="bbox 523 4875 2105 4948">
     <span class='ocr_line' id='line_1_91' title="bbox 523 4875 2105 4948; baseline 0 -14"><span class='ocrx_word' id='word_1_636' title='bbox 523 4880 609 4934; x_wconf 85' lang='lat' dir='ltr'><strong>vel</strong></span> <span class='ocrx_word' id='word_1_637' title='bbox 636 4879 781 4948; x_wconf 90' lang='lat' dir='ltr'><strong>quali</strong></span> <span class='ocrx_word' id='word_1_638' title='bbox 818 4893 921 4946; x_wconf 85' lang='lat' dir='ltr'><strong>ope</strong></span> <span class='ocrx_word' id='word_1_639' title='bbox 960 4876 1320 4948; x_wconf 76' lang='lat' dir='ltr'><strong>indigeamus,</strong></span> <span class='ocrx_word' id='word_1_640' title='bbox 1350 4875 1497 4929; x_wconf 89' lang='lat' dir='ltr'><strong>illico</strong></span> <span class='ocrx_word' id='word_1_641' title='bbox 1527 4878 1971 4946; x_wconf 87' lang='lat' dir='ltr'><strong>commiseretur;</strong></span> <span class='ocrx_word' id='word_1_642' title='bbox 2000 4879 2105 4934; x_wconf 86' lang='lat' dir='ltr'><strong>mi-</strong></span> 
     </span>
    </p>
   </div>
   <div class='ocr_carea' id='block_1_92' title="bbox 523 4967 1676 5033">
    <p class='ocr_par' dir='ltr' id='par_1_92' title="bbox 523 4967 1676 5033">
     <span class='ocr_line' id='line_1_92' title="bbox 523 4967 1676 5033; baseline -0.002 -8"><span class='ocrx_word' id='word_1_643' title='bbox 523 4980 702 5026; x_wconf 90' lang='lat' dir='ltr'><strong>sertus</strong></span> <span class='ocrx_word' id='word_1_644' title='bbox 730 4977 915 5025; x_wconf 90' lang='lat' dir='ltr'><strong>autem</strong></span> <span class='ocrx_word' id='word_1_645' title='bbox 944 4967 1232 5033; x_wconf 87' lang='lat' dir='ltr'><strong>accelerat,</strong></span> <span class='ocrx_word' id='word_1_646' title='bbox 1265 4976 1447 5022; x_wconf 91' lang='lat' dir='ltr'><strong>etnon</strong></span> <span class='ocrx_word' id='word_1_647' title='bbox 1475 4968 1676 5024; x_wconf 72' lang='lat' dir='ltr'><strong>differt.</strong></span> 
     </span>
    </p>
   </div>
   <div class='ocr_carea' id='block_1_93' title="bbox 530 5145 1908 5212">
    <p class='ocr_par' dir='ltr' id='par_1_93' title="bbox 530 5145 1908 5212">
     <span class='ocr_line' id='line_1_93' title="bbox 530 5145 1908 5212; baseline 0.002 -13"><span class='ocrx_word' id='word_1_648' title='bbox 530 5196 535 5199; x_wconf 21' lang='grc' dir='ltr'>χ</span> <span class='ocrx_word' id='word_1_649' title='bbox 596 5148 759 5206; x_wconf 69' lang='lat' dir='ltr'><strong>Vens.</strong></span> <span class='ocrx_word' id='word_1_650' title='bbox 783 5150 838 5204; x_wconf 85' lang='lat'><strong>5.</strong></span> <span class='ocrx_word' id='word_1_651' title='bbox 878 5165 902 5199; x_wconf 69' lang='grc' dir='ltr'><strong>ι</strong></span> <span class='ocrx_word' id='word_1_652' title='bbox 930 5145 1367 5212; x_wconf 85' lang='lat' dir='ltr'><strong>Confundantur,</strong></span> <span class='ocrx_word' id='word_1_653' title='bbox 1388 5157 1455 5203; x_wconf 80' lang='lat' dir='ltr'><strong>-et</strong></span> <span class='ocrx_word' id='word_1_654' title='bbox 1489 5159 1861 5206; x_wconf 89' lang='lat' dir='ltr'><strong>revereantur.</strong></span> <span class='ocrx_word' id='word_1_655' title='bbox 1884 5170 1908 5202; x_wconf 77' lang='grc' dir='ltr'><strong>ιι</strong></span> 
     </span>
    </p>
   </div>
   <div class='ocr_carea' id='block_1_94' title="bbox 594 5238 2107 5308">
    <p class='ocr_par' dir='ltr' id='par_1_94' title="bbox 594 5238 2107 5308">
     <span class='ocr_line' id='line_1_94' title="bbox 594 5238 2107 5308; baseline 0.003 -13"><span class='ocrx_word' id='word_1_656' title='bbox 594 5240 699 5307; x_wconf 88' lang='lat' dir='ltr'><strong>Qui</strong></span> <span class='ocrx_word' id='word_1_657' title='bbox 731 5238 943 5292; x_wconf 88' lang='lat' dir='ltr'><strong>animas</strong></span> <span class='ocrx_word' id='word_1_658' title='bbox 960 5245 1176 5291; x_wconf 82' lang='lat' dir='ltr'><strong>nostras</strong></span> <span class='ocrx_word' id='word_1_659' title='bbox 1198 5240 1427 5307; x_wconf 85' lang='lat' dir='ltr'><strong>perdere</strong></span> <span class='ocrx_word' id='word_1_660' title='bbox 1443 5249 1714 5308; x_wconf 80' lang='lat' dir='ltr'><strong>quaerunt,</strong></span> <span class='ocrx_word' id='word_1_661' title='bbox 1730 5250 1858 5296; x_wconf 91' lang='lat' dir='ltr'><strong>sunt</strong></span> <span class='ocrx_word' id='word_1_662' title='bbox 1874 5243 2107 5300; x_wconf 76' lang='lat' dir='ltr'><strong>maxime</strong></span> 
     </span>
    </p>
   </div>
   <div class='ocr_carea' id='block_1_95' title="bbox 523 5329 2110 5402">
    <p class='ocr_par' dir='ltr' id='par_1_95' title="bbox 523 5329 2110 5402">
     <span class='ocr_line' id='line_1_95' title="bbox 523 5329 2110 5402; baseline 0.003 -16"><span class='ocrx_word' id='word_1_663' title='bbox 523 5330 799 5387; x_wconf 73' lang='lat' dir='ltr'><strong>daemones</strong></span> <span class='ocrx_word' id='word_1_664' title='bbox 828 5346 841 5383; x_wconf 92' lang='lat'><strong>:</strong></span> <span class='ocrx_word' id='word_1_665' title='bbox 871 5335 1001 5382; x_wconf 85' lang='lat' dir='ltr'><strong>sunt</strong></span> <span class='ocrx_word' id='word_1_666' title='bbox 1029 5338 1210 5382; x_wconf 87' lang='lat' dir='ltr'><strong>tamen</strong></span> <span class='ocrx_word' id='word_1_667' title='bbox 1242 5329 1405 5384; x_wconf 88' lang='lat' dir='ltr'><strong>etiam</strong></span> <span class='ocrx_word' id='word_1_668' title='bbox 1456 5331 1706 5387; x_wconf 88' lang='lat' dir='ltr'><strong>homines</strong></span> <span class='ocrx_word' id='word_1_669' title='bbox 1733 5335 1973 5402; x_wconf 87' lang='lat' dir='ltr'><strong>perversi</strong></span> <span class='ocrx_word' id='word_1_670' title='bbox 2009 5337 2110 5392; x_wconf 86' lang='lat' dir='ltr'><strong>ali-</strong></span> 
     </span>
    </p>
   </div>
   <div class='ocr_carea' id='block_1_96' title="bbox 522 5420 2107 5496">
    <p class='ocr_par' dir='ltr' id='par_1_96' title="bbox 522 5420 2107 5496">
     <span class='ocr_line' id='line_1_96' title="bbox 522 5420 2107 5496; baseline 0.006 -23"><span class='ocrx_word' id='word_1_671' title='bbox 522 5421 637 5490; x_wconf 86' lang='lat' dir='ltr'><strong>qui,</strong></span> <span class='ocrx_word' id='word_1_672' title='bbox 665 5420 758 5489; x_wconf 90' lang='lat' dir='ltr'><strong>qui</strong></span> <span class='ocrx_word' id='word_1_673' title='bbox 789 5420 857 5474; x_wconf 91' lang='lat' dir='ltr'><strong>ad</strong></span> <span class='ocrx_word' id='word_1_674' title='bbox 886 5435 1080 5490; x_wconf 84' lang='lat' dir='ltr'><strong>pravas</strong></span> <span class='ocrx_word' id='word_1_675' title='bbox 1107 5422 1352 5476; x_wconf 87' lang='lat' dir='ltr'><strong>actiones</strong></span> <span class='ocrx_word' id='word_1_676' title='bbox 1393 5431 1451 5477; x_wconf 87' lang='lat' dir='ltr'><strong>et</strong></span> <span class='ocrx_word' id='word_1_677' title='bbox 1496 5423 1760 5479; x_wconf 88' lang='lat' dir='ltr'><strong>absurdas</strong></span> <span class='ocrx_word' id='word_1_678' title='bbox 1799 5426 2107 5496; x_wconf 88' lang='lat' dir='ltr'><strong>voluptates</strong></span> 
     </span>
    </p>
   </div>
   <div class='ocr_carea' id='block_1_97' title="bbox 521 5514 2102 5588">
    <p class='ocr_par' dir='ltr' id='par_1_97' title="bbox 521 5514 2102 5588">
     <span class='ocr_line' id='line_1_97' title="bbox 521 5514 2102 5588; baseline 0.005 -22"><span class='ocrx_word' id='word_1_679' title='bbox 521 5528 626 5567; x_wconf 89' lang='lat' dir='ltr'><strong>nos</strong></span> <span class='ocrx_word' id='word_1_680' title='bbox 651 5522 980 5582; x_wconf 84' lang='lat' dir='ltr'><strong>provocent;</strong></span> <span class='ocrx_word' id='word_1_681' title='bbox 1004 5528 1193 5567; x_wconf 85' lang='lat' dir='ltr'><strong>verum</strong></span> <span class='ocrx_word' id='word_1_682' title='bbox 1223 5515 1401 5569; x_wconf 89' lang='lat' dir='ltr'><strong>neutri</strong></span> <span class='ocrx_word' id='word_1_683' title='bbox 1431 5514 1814 5585; x_wconf 66' lang='lat' dir='ltr'><strong>praedictorum</strong></span> <span class='ocrx_word' id='word_1_684' title='bbox 1854 5527 2102 5588; x_wconf 87' lang='lat' dir='ltr'><strong>possunt,</strong></span> 
     </span>
    </p>
   </div>
   <div class='ocr_carea' id='block_1_98' title="bbox 524 5602 2107 5677">
    <p class='ocr_par' dir='ltr' id='par_1_98' title="bbox 524 5602 2107 5677">
     <span class='ocr_line' id='line_1_98' title="bbox 524 5602 2107 5677; baseline 0.005 -20"><span class='ocrx_word' id='word_1_685' title='bbox 524 5604 625 5659; x_wconf 83' lang='lat' dir='ltr'><strong>nisi</strong></span> <span class='ocrx_word' id='word_1_686' title='bbox 660 5619 691 5658; x_wconf 88' lang='lat' dir='ltr'><strong>a</strong></span> <span class='ocrx_word' id='word_1_687' title='bbox 716 5602 893 5670; x_wconf 87' lang='lat' dir='ltr'><strong>nobis,</strong></span> <span class='ocrx_word' id='word_1_688' title='bbox 927 5605 1070 5659; x_wconf 86' lang='lat' dir='ltr'><strong>unde</strong></span> <span class='ocrx_word' id='word_1_689' title='bbox 1101 5620 1202 5659; x_wconf 92' lang='lat' dir='ltr'><strong>nos</strong></span> <span class='ocrx_word' id='word_1_690' title='bbox 1232 5607 1487 5675; x_wconf 88' lang='lat' dir='ltr'><strong>prodant,</strong></span> <span class='ocrx_word' id='word_1_691' title='bbox 1528 5608 1857 5677; x_wconf 88' lang='lat' dir='ltr'><strong>acceperint,</strong></span> <span class='ocrx_word' id='word_1_692' title='bbox 1884 5610 1988 5665; x_wconf 90' lang='lat' dir='ltr'><strong>nisi</strong></span> <span class='ocrx_word' id='word_1_693' title='bbox 2036 5612 2107 5664; x_wconf 91' lang='lat' dir='ltr'><strong>li-</strong></span> 
     </span>
    </p>
   </div>
   <div class='ocr_carea' id='block_1_99' title="bbox 522 5694 2107 5774">
    <p class='ocr_par' dir='ltr' id='par_1_99' title="bbox 522 5694 2107 5774">
     <span class='ocr_line' id='line_1_99' title="bbox 522 5694 2107 5774; baseline 0.006 -26"><span class='ocrx_word' id='word_1_694' title='bbox 522 5694 662 5763; x_wconf 71' lang='lat' dir='ltr'><strong>gatis</strong></span> <span class='ocrx_word' id='word_1_695' title='bbox 694 5695 890 5751; x_wconf 62' lang='lat' dir='ltr'><strong>anima</strong></span> <span class='ocrx_word' id='word_1_696' title='bbox 936 5697 1189 5752; x_wconf 86' lang='lat' dir='ltr'><strong>manibus</strong></span> <span class='ocrx_word' id='word_1_697' title='bbox 1238 5697 1481 5752; x_wconf 84' lang='lat' dir='ltr'><strong>obsecuti</strong></span> <span class='ocrx_word' id='word_1_698' title='bbox 1525 5697 1653 5769; x_wconf 89' lang='lat' dir='ltr'><strong>ipsis</strong></span> <span class='ocrx_word' id='word_1_699' title='bbox 1683 5700 1968 5756; x_wconf 81' lang='lat' dir='ltr'><strong>fuerimus.</strong></span> <span class='ocrx_word' id='word_1_700' title='bbox 1999 5704 2107 5774; x_wconf 90' lang='lat' dir='ltr'><strong>Ipsi</strong></span> 
     </span>
    </p>
   </div>
   <div class='ocr_carea' id='block_1_100' title="bbox 599 5867 1681 5945">
    <p class='ocr_par' dir='ltr' id='par_1_100' title="bbox 599 5867 1681 5945">
     <span class='ocr_line' id='line_1_100' title="bbox 599 5867 1681 5945; baseline 0.013 -24"><span class='ocrx_word' id='word_1_701' title='bbox 599 5869 644 5900; x_wconf 73' lang='lat'><strong><em>“</em></strong></span> <span class='ocrx_word' id='word_1_702' title='bbox 670 5867 827 5925; x_wconf 82' lang='lat' dir='ltr'><strong>Joan.</strong></span> <span class='ocrx_word' id='word_1_703' title='bbox 861 5887 915 5938; x_wconf 79' lang='grc' dir='ltr'>χ,</span> <span class='ocrx_word' id='word_1_704' title='bbox 947 5872 1034 5928; x_wconf 79' lang='grc'><strong>18.</strong></span> <span class='ocrx_word' id='word_1_705' title='bbox 1111 5877 1154 5909; x_wconf 79' lang='grc'>⁶⁶</span> <span class='ocrx_word' id='word_1_706' title='bbox 1182 5877 1367 5931; x_wconf 81' lang='lat' dir='ltr'><strong>Matth.</strong></span> <span class='ocrx_word' id='word_1_707' title='bbox 1399 5894 1565 5945; x_wconf 76' lang='lat' dir='ltr'><strong>xxvn,</strong></span> <span class='ocrx_word' id='word_1_708' title='bbox 1594 5880 1681 5935; x_wconf 67' lang='grc'><strong>54.</strong></span> 
     </span>
    </p>
   </div>
   <div class='ocr_carea' id='block_1_101' title="bbox 2213 4699 3797 4779">
    <p class='ocr_par' dir='ltr' id='par_1_101' title="bbox 2213 4699 3797 4779">
     <span class='ocr_line' id='line_1_101' title="bbox 2213 4699 3797 4779; baseline 0.006 -27"><span class='ocrx_word' id='word_1_709' title='bbox 2213 4699 2486 4772; x_wconf 83' lang='grc' dir='ltr'>βοήθειαν.</span> <span class='ocrx_word' id='word_1_710' title='bbox 2523 4700 2749 4773; x_wconf 79' lang='grc' dir='ltr'>Πρῶτον</span> <span class='ocrx_word' id='word_1_711' title='bbox 2785 4702 2843 4756; x_wconf 75' lang='grc' dir='ltr'>δὲ</span> <span class='ocrx_word' id='word_1_712' title='bbox 2876 4703 3168 4774; x_wconf 84' lang='grc' dir='ltr'>προσέχειν</span> <span class='ocrx_word' id='word_1_713' title='bbox 3203 4704 3295 4757; x_wconf 73' lang='grc' dir='ltr'>τὸν</span> <span class='ocrx_word' id='word_1_714' title='bbox 3333 4704 3502 4770; x_wconf 88' lang='grc' dir='ltr'>Θεδν,</span> <span class='ocrx_word' id='word_1_715' title='bbox 3532 4709 3629 4761; x_wconf 74' lang='grc' dir='ltr'><strong>καὶ</strong></span> <span class='ocrx_word' id='word_1_716' title='bbox 3664 4709 3797 4779; x_wconf 76' lang='grc' dir='ltr'>μετὰ</span> 
     </span>
    </p>
   </div>
   <div class='ocr_carea' id='block_1_102' title="bbox 2209 4790 3795 4869">
    <p class='ocr_par' dir='ltr' id='par_1_102' title="bbox 2209 4790 3795 4869">
     <span class='ocr_line' id='line_1_102' title="bbox 2209 4790 3795 4869; baseline 0.02 -25"><span class='ocrx_word' id='word_1_717' title='bbox 2209 4792 2368 4845; x_wconf 84' lang='grc' dir='ltr'>τοῦτο</span> <span class='ocrx_word' id='word_1_718' title='bbox 2410 4790 2660 4862; x_wconf 87' lang='grc' dir='ltr'>ταχῦναι,</span> <span class='ocrx_word' id='word_1_719' title='bbox 2708 4792 3090 4865; x_wconf 79' lang='grc' dir='ltr'>προσηύξατο’</span> <span class='ocrx_word' id='word_1_720' title='bbox 3124 4792 3222 4846; x_wconf 64' lang='grc' dir='ltr'><strong>ἐὰν</strong></span> <span class='ocrx_word' id='word_1_721' title='bbox 3258 4794 3364 4866; x_wconf 78' lang='grc' dir='ltr'><strong>γὰρ</strong></span> <span class='ocrx_word' id='word_1_722' title='bbox 3398 4794 3540 4859; x_wconf 67' lang='grc' dir='ltr'><strong>ὅλως</strong></span> <span class='ocrx_word' id='word_1_723' title='bbox 3584 4796 3795 4869; x_wconf 33' lang='lat' dir='ltr'><strong>“(iam</strong></span> 
     </span>
    </p>
   </div>
   <div class='ocr_carea' id='block_1_103' title="bbox 2211 4882 3795 4958">
    <p class='ocr_par' dir='ltr' id='par_1_103' title="bbox 2211 4882 3795 4958">
     <span class='ocr_line' id='line_1_103' title="bbox 2211 4882 3795 4958; baseline 0.002 -21"><span class='ocrx_word' id='word_1_724' title='bbox 2211 4884 2355 4947; x_wconf 87' lang='grc' dir='ltr'>τίνος</span> <span class='ocrx_word' id='word_1_725' title='bbox 2380 4884 2412 4954; x_wconf 87' lang='grc' dir='ltr'>ἢ</span> <span class='ocrx_word' id='word_1_726' title='bbox 2446 4884 2605 4947; x_wconf 77' lang='grc' dir='ltr'>ποίας</span> <span class='ocrx_word' id='word_1_727' title='bbox 2631 4882 2881 4954; x_wconf 79' lang='grc' dir='ltr'>βοηθείας</span> <span class='ocrx_word' id='word_1_728' title='bbox 2898 4885 3196 4956; x_wconf 80' lang='grc' dir='ltr'>χρῄζομεν,</span> <span class='ocrx_word' id='word_1_729' title='bbox 3225 4885 3572 4958; x_wconf 83' lang='grc' dir='ltr'>παραχρῆμα</span> <span class='ocrx_word' id='word_1_730' title='bbox 3591 4887 3795 4955; x_wconf 82' lang='grc' dir='ltr'>σπλαγ-</span> 
     </span>
    </p>
   </div>
   <div class='ocr_carea' id='block_1_104' title="bbox 2210 4976 3789 5047">
    <p class='ocr_par' dir='ltr' id='par_1_104' title="bbox 2210 4976 3789 5047">
     <span class='ocr_line' id='line_1_104' title="bbox 2210 4976 3789 5047; baseline 0.002 -18"><span class='ocrx_word' id='word_1_731' title='bbox 2210 4977 2485 5046; x_wconf 76' lang='grc' dir='ltr'>χνίζεταιο</span> <span class='ocrx_word' id='word_1_732' title='bbox 2520 4976 2941 5047; x_wconf 78' lang='grc' dir='ltr'>σπλαγχνισθεὶς</span> <span class='ocrx_word' id='word_1_733' title='bbox 2974 4976 3032 5030; x_wconf 82' lang='grc' dir='ltr'>δὲ</span> <span class='ocrx_word' id='word_1_734' title='bbox 3060 4976 3411 5047; x_wconf 75' lang='grc' dir='ltr'>ταχύνει,καὶ</span> <span class='ocrx_word' id='word_1_735' title='bbox 3434 4979 3538 5031; x_wconf 87' lang='grc' dir='ltr'><strong>οὑκ</strong></span> <span class='ocrx_word' id='word_1_736' title='bbox 3558 4979 3789 5034; x_wconf 67' lang='grc' dir='ltr'>ἀναϐάλ-</span> 
     </span>
    </p>
   </div>
   <div class='ocr_carea' id='block_1_105' title="bbox 2208 5067 2631 5121">
    <p class='ocr_par' dir='ltr' id='par_1_105' title="bbox 2208 5067 2631 5121">
     <span class='ocr_line' id='line_1_105' title="bbox 2208 5067 2631 5121; baseline 0 -1"><span class='ocrx_word' id='word_1_737' title='bbox 2208 5067 2381 5121; x_wconf 79' lang='grc' dir='ltr'>λεται.</span> <span class='ocrx_word' id='word_1_738' title='bbox 2612 5070 2631 5079; x_wconf 79' lang='grc'><em>’</em></span> 
     </span>
    </p>
   </div>
   <div class='ocr_carea' id='block_1_106' title="bbox 2286 5158 3465 5230">
    <p class='ocr_par' dir='ltr' id='par_1_106' title="bbox 2286 5158 3465 5230">
     <span class='ocr_line' id='line_1_106' title="bbox 2286 5158 3465 5230; baseline 0.002 -19"><span class='ocrx_word' id='word_1_739' title='bbox 2286 5178 2306 5211; x_wconf 76' lang='grc' dir='ltr'><strong>ι</strong></span> <span class='ocrx_word' id='word_1_740' title='bbox 2333 5158 2812 5230; x_wconf 86' lang='grc' dir='ltr'>Αίσχυνθήτωσαν,</span> <span class='ocrx_word' id='word_1_741' title='bbox 2847 5159 2941 5215; x_wconf 75' lang='grc' dir='ltr'>καὶ</span> <span class='ocrx_word' id='word_1_742' title='bbox 2963 5159 3410 5230; x_wconf 76' lang='grc' dir='ltr'>ἐντραπήτωσαν.</span> <span class='ocrx_word' id='word_1_743' title='bbox 3443 5179 3465 5213; x_wconf 65' lang='grc' dir='ltr'><strong>ι</strong></span> 
     </span>
    </p>
   </div>
   <div class='ocr_carea' id='block_1_107' title="bbox 2281 5248 3794 5322">
    <p class='ocr_par' dir='ltr' id='par_1_107' title="bbox 2281 5248 3794 5322">
     <span class='ocr_line' id='line_1_107' title="bbox 2281 5248 3794 5322; baseline -0.005 -21"><span class='ocrx_word' id='word_1_744' title='bbox 2281 5250 2344 5302; x_wconf 79' lang='lat' dir='ltr'><strong>Ol</strong></span> <span class='ocrx_word' id='word_1_745' title='bbox 2381 5248 2674 5320; x_wconf 79' lang='grc' dir='ltr'>ζητοῦντες</span> <span class='ocrx_word' id='word_1_746' title='bbox 2702 5250 2862 5322; x_wconf 84' lang='grc' dir='ltr'>ἡμῶν</span> <span class='ocrx_word' id='word_1_747' title='bbox 2896 5250 2997 5313; x_wconf 81' lang='grc' dir='ltr'>τὰς</span> <span class='ocrx_word' id='word_1_748' title='bbox 3025 5248 3203 5319; x_wconf 80' lang='grc' dir='ltr'>ψυχὰς</span> <span class='ocrx_word' id='word_1_749' title='bbox 3242 5249 3579 5321; x_wconf 83' lang='grc' dir='ltr'>διαφθεῖραι,</span> <span class='ocrx_word' id='word_1_750' title='bbox 3612 5254 3665 5307; x_wconf 90' lang='grc' dir='ltr'><strong>οί</strong></span> <span class='ocrx_word' id='word_1_751' title='bbox 3693 5253 3794 5307; x_wconf 79' lang='grc' dir='ltr'>δαί-</span> 
     </span>
    </p>
   </div>
   <div class='ocr_carea' id='block_1_108' title="bbox 2214 5342 3795 5416">
    <p class='ocr_par' dir='ltr' id='par_1_108' title="bbox 2214 5342 3795 5416">
     <span class='ocr_line' id='line_1_108' title="bbox 2214 5342 3795 5416; baseline 0.006 -23"><span class='ocrx_word' id='word_1_752' title='bbox 2214 5342 2372 5410; x_wconf 84' lang='grc' dir='ltr'>μονές</span> <span class='ocrx_word' id='word_1_753' title='bbox 2401 5343 2510 5394; x_wconf 87' lang='grc' dir='ltr'>είσι</span> <span class='ocrx_word' id='word_1_754' title='bbox 2544 5342 2810 5413; x_wconf 71' lang='grc' dir='ltr'>μάλισταο</span> <span class='ocrx_word' id='word_1_755' title='bbox 2835 5343 3058 5413; x_wconf 81' lang='grc' dir='ltr'>ζητοῦσι</span> <span class='ocrx_word' id='word_1_756' title='bbox 3085 5344 3143 5398; x_wconf 80' lang='grc' dir='ltr'>δὲ</span> <span class='ocrx_word' id='word_1_757' title='bbox 3171 5344 3266 5397; x_wconf 76' lang='grc' dir='ltr'>καὶ</span> <span class='ocrx_word' id='word_1_758' title='bbox 3295 5345 3431 5416; x_wconf 73' lang='grc' dir='ltr'>πρὸς</span> <span class='ocrx_word' id='word_1_759' title='bbox 3455 5346 3556 5409; x_wconf 84' lang='grc' dir='ltr'>τὰς</span> <span class='ocrx_word' id='word_1_760' title='bbox 3586 5348 3795 5416; x_wconf 77' lang='grc' dir='ltr'>φαύλας</span> 
     </span>
    </p>
   </div>
   <div class='ocr_carea' id='block_1_109' title="bbox 2208 5430 3798 5510">
    <p class='ocr_par' dir='ltr' id='par_1_109' title="bbox 2208 5430 3798 5510">
     <span class='ocr_line' id='line_1_109' title="bbox 2208 5430 3798 5510; baseline 0.008 -27"><span class='ocrx_word' id='word_1_761' title='bbox 2208 5430 2461 5501; x_wconf 76' lang='grc' dir='ltr'>πράξεις,</span> <span class='ocrx_word' id='word_1_762' title='bbox 2491 5434 2685 5504; x_wconf 73' lang='grc' dir='ltr'>ἡδονάς</span> <span class='ocrx_word' id='word_1_763' title='bbox 2707 5451 2767 5487; x_wconf 89' lang='grc' dir='ltr'><strong>τε</strong></span> <span class='ocrx_word' id='word_1_764' title='bbox 2787 5435 3024 5499; x_wconf 84' lang='grc' dir='ltr'>ἀτόπους</span> <span class='ocrx_word' id='word_1_765' title='bbox 3048 5438 3196 5507; x_wconf 82' lang='grc' dir='ltr'>ἡμᾶς</span> <span class='ocrx_word' id='word_1_766' title='bbox 3226 5435 3563 5506; x_wconf 76' lang='grc' dir='ltr'>ἐρεθίζοντες</span> <span class='ocrx_word' id='word_1_767' title='bbox 3587 5439 3798 5510; x_wconf 77' lang='grc' dir='ltr'>ἄνθρω-</span> 
     </span>
    </p>
   </div>
   <div class='ocr_carea' id='block_1_110' title="bbox 2211 5525 3796 5602">
    <p class='ocr_par' dir='ltr' id='par_1_110' title="bbox 2211 5525 3796 5602">
     <span class='ocr_line' id='line_1_110' title="bbox 2211 5525 3796 5602; baseline 0.004 -23"><span class='ocrx_word' id='word_1_768' title='bbox 2211 5543 2333 5579; x_wconf 84' lang='grc' dir='ltr'>ποι·</span> <span class='ocrx_word' id='word_1_769' title='bbox 2368 5526 2485 5580; x_wconf 83' lang='grc' dir='ltr'>ἀλλ’</span> <span class='ocrx_word' id='word_1_770' title='bbox 2507 5526 2779 5599; x_wconf 79' lang='grc' dir='ltr'>οὐδέτεροι</span> <span class='ocrx_word' id='word_1_771' title='bbox 2809 5525 2916 5581; x_wconf 83' lang='grc' dir='ltr'>τῶν</span> <span class='ocrx_word' id='word_1_772' title='bbox 2939 5528 3250 5600; x_wconf 76' lang='grc' dir='ltr'>εἰρημένων</span> <span class='ocrx_word' id='word_1_773' title='bbox 3275 5527 3553 5596; x_wconf 86' lang='grc' dir='ltr'>δύνανται,</span> <span class='ocrx_word' id='word_1_774' title='bbox 3585 5531 3689 5585; x_wconf 73' lang='grc' dir='ltr'><strong>ἐὰν</strong></span> <span class='ocrx_word' id='word_1_775' title='bbox 3725 5529 3796 5602; x_wconf 80' lang='grc' dir='ltr'>μὴ</span> 
     </span>
    </p>
   </div>
   <div class='ocr_carea' id='block_1_111' title="bbox 2209 5618 3792 5693">
    <p class='ocr_par' dir='ltr' id='par_1_111' title="bbox 2209 5618 3792 5693">
     <span class='ocr_line' id='line_1_111' title="bbox 2209 5618 3792 5693; baseline 0.003 -22"><span class='ocrx_word' id='word_1_776' title='bbox 2209 5619 2342 5689; x_wconf 84' lang='grc' dir='ltr'>παρ’</span> <span class='ocrx_word' id='word_1_777' title='bbox 2389 5618 2547 5690; x_wconf 81' lang='grc' dir='ltr'>ἡμῶν</span> <span class='ocrx_word' id='word_1_778' title='bbox 2584 5621 2686 5692; x_wconf 80' lang='grc' dir='ltr'><strong>τὴν</strong></span> <span class='ocrx_word' id='word_1_779' title='bbox 2718 5620 2841 5673; x_wconf 83' lang='grc' dir='ltr'>καθ’</span> <span class='ocrx_word' id='word_1_780' title='bbox 2861 5621 3020 5691; x_wconf 83' lang='grc' dir='ltr'>ἡμῶν</span> <span class='ocrx_word' id='word_1_781' title='bbox 3047 5621 3342 5692; x_wconf 86' lang='grc' dir='ltr'>προδοσίαν</span> <span class='ocrx_word' id='word_1_782' title='bbox 3358 5622 3792 5693; x_wconf 59' lang='grc' dir='ltr'>παραλάϐωσιν,</span> 
     </span>
    </p>
   </div>
   <div class='ocr_carea' id='block_1_112' title="bbox 2214 5710 3796 5787">
    <p class='ocr_par' dir='ltr' id='par_1_112' title="bbox 2214 5710 3796 5787">
     <span class='ocr_line' id='line_1_112' title="bbox 2214 5710 3796 5787; baseline 0.002 -22"><span class='ocrx_word' id='word_1_783' title='bbox 2214 5710 2310 5765; x_wconf 72' lang='grc' dir='ltr'>ἐὰν</span> <span class='ocrx_word' id='word_1_784' title='bbox 2337 5712 2414 5783; x_wconf 80' lang='grc' dir='ltr'>μὴ</span> <span class='ocrx_word' id='word_1_785' title='bbox 2444 5715 2541 5777; x_wconf 81' lang='grc' dir='ltr'>τὰς</span> <span class='ocrx_word' id='word_1_786' title='bbox 2566 5716 2757 5784; x_wconf 83' lang='grc' dir='ltr'>χεῖρας</span> <span class='ocrx_word' id='word_1_787' title='bbox 2787 5714 2884 5787; x_wconf 82' lang='grc' dir='ltr'>τῆς</span> <span class='ocrx_word' id='word_1_788' title='bbox 2902 5713 3079 5785; x_wconf 78' lang='grc' dir='ltr'>ψυχῆς</span> <span class='ocrx_word' id='word_1_789' title='bbox 3101 5712 3383 5786; x_wconf 85' lang='grc' dir='ltr'>δήσαντες,</span> <span class='ocrx_word' id='word_1_790' title='bbox 3406 5717 3796 5782; x_wconf 80' lang='grc' dir='ltr'>οὕτωςάὑτοίς</span> 
     </span>
    </p>
   </div>
  </div>
