3950 6418
161 316 307 385 19.33

1319 323 1788 386 FRAGMENTA
1828 324 1909 385 IN
1950 323 2309 385 PSALMOS.

3295 319 3431 386 123?;

154 430 648 505 ἀκολουθήσωμεν.
666 427 828 490 Οὗτοι
850 437 1031 491 τοίνυν
1054 436 1424 508 αἰσχύνονται,
1444 440 1574 493 ὅταν
1599 437 1747 508 ἡμᾶς

1877 445 2030 509 taque
2056 439 2488 503 confunduntur,
2517 436 2734 509 quando
2760 453 2859 495 nos
2888 439 3098 497 insidiis
3135 438 3247 494 suis
3273 438 3431 506 longe

153 523 531 598 ὑψηλοτέρους
554 529 687 583 πολὺ
713 531 813 600 τῆς
833 532 965 603 παρ’
986 531 1163 585 αὐτῶν
1185 531 1483 602 ἐπιϐουλῆς
1508 531 1603 585 καὶ
1621 546 1751 585 κατ-

150 618 463 689 ορθοῦντας
490 621 818 680 θεάσωνται.

237 729 260 762 ι
284 711 793 784 Ἀποστραφείησαν
826 718 1166 787 παραυτίκα.
1194 734 1214 768 ι

231 804 601 871 Παραυτίκα,
636 805 920 862 τουτέστιν
949 807 1174 871 εὐθέως,
1211 804 1308 859 atati.
1339 801 1608 872 ἀναϐολῆς
1641 818 1752 871 χω-

154 892 271 961 ρίς.
285 893 450 958 Τίνας
478 895 537 949 δὲ
557 898 614 949 ὲν
634 897 789 967 τάχει
810 898 1278 968 καταισχυνθῆναι
1301 895 1552 967 βούλεται
1573 909 1588 959 ;
1612 892 1753 954 Τοὺς

150 983 425 1053 λέγοντας
440 1004 451 1016 ⁸
486 983 664 1058 Εὖγε,
692 984 868 1059 εὖγε·
912 991 1157 1044 τουτέστι
1207 990 1334 1052 τοὺς
1384 985 1749 1055 ὲγγελῶντας,

148 1079 291 1142 τοὺς
335 1079 751 1149 κολακεύοντας,
785 1085 914 1147 τοὺς
950 1084 1300 1148 ἀπατῶντας,
1334 1081 1461 1145 τοὺς
1489 1078 1752 1147 ἀποδεχο-

152 1174 364 1239 μένους
387 1170 468 1234 ὡς
494 1171 676 1241 ἀγαθὰ
705 1172 775 1226 τὰ
797 1171 959 1243 βλασε
968 1172 1038 1244 ρὰ
1058 1175 1154 1226 καὶ
1176 1171 1474 1240 θανάσιμα.
1502 1166 1649 1236 Πλὴν
1670 1165 1752 1217 ὅτι

148 1262 292 1324 τοὺς
325 1263 423 1333 μὲν
448 1264 677 1335 νοητοὺς
710 1265 939 1336 ἐχθροὺς
968 1264 1438 1335 καταισχυνθοῖψαι
1478 1260 1574 1314 καὶ
1616 1258 1753 1311 ἀπο-

155 1356 475 1424 στραφῆναι
502 1355 685 1426 μόνον,
709 1359 835 1421 τοὺς
860 1357 918 1410 δὲ
947 1357 1239 1424 αἰσθητοὺς
1259 1354 1350 1408 διὰ
1369 1355 1567 1423 τάχους
1587 1363 1755 1419 προσ-

153 1443 387 1512 εύχεται
407 1460 422 1475 ·
444 1445 803 1517 εὐκολώτεροι
823 1448 931 1516 γὰρ
952 1440 1121 1512 οὗτοι,
1141 1446 1215 1510 ὡς
1240 1443 1459 1512 ἀδελφοὶ
1476 1443 1544 1511 τῇ
1569 1437 1750 1509 φύσει,

153 1535 257 1588 καὶ
284 1538 592 1606 ὁμογενεῖς,
619 1538 716 1592 καὶ
740 1539 1026 1610 ὁμόφυλοι.

236 1646 256 1679 ι
284 1629 763 1697 Ἀγαλλιάσθωσαν
796 1631 892 1686 κα)⁸
931 1628 1415 1701 εὐφρανθήτωσαν.
1448 1641 1469 1676 ι

230 1718 511 1791 Σωτήριον
544 1720 639 1775 τοῦ
687 1722 907 1793 Πατρδς
949 1723 981 1774 ὁ
1020 1720 1256 1792 Χριστὸς
1304 1716 1653 1791 ὀνομάζεται·
1694 1712 1752 1764 ἐν

1854 534 2163 605 superiores
2184 541 2239 589 et
2269 542 2416 588 recte
2441 546 2601 604 agere
2637 533 3040 603 conspexerint.

1924 705 2084 762 Vens.
2110 709 2164 762 4.
2211 726 2231 759 ι
2266 709 2594 763 Avertantur
2619 709 2823 763 statim.
2858 728 2878 762 ι

1926 800 2144 867 Statim,
2167 800 2220 854 id
2238 809 2328 855 est
2357 801 2523 866 illico,
2550 810 2606 857 et
2633 800 2753 856 sine
2777 800 3056 856 dilatione.
3080 799 3229 867 Quos
3250 808 3432 853 autem

1853 890 2139 945 confestim
2163 891 2278 946 vult
2305 892 2667 947 erubescere?
2685 892 2790 959 Qui
2819 893 3010 947 dicunt
3036 910 3050 946 :
3076 891 3241 962 Euge,
3267 906 3431 960 euge;

1853 982 1907 1038 id
1928 992 2029 1045 est,
2044 982 2322 1048 irrisores,
2345 985 2673 1052 adulatores,
2691 985 3037 1056 impostores,
3061 984 3153 1054 qui
3174 998 3432 1053 tanquam

1852 1073 2016 1139 bona,
2053 1088 2115 1128 ea
2165 1090 2286 1143 quae
2328 1077 2487 1130 noxia
2533 1088 2587 1131 et
2630 1077 2880 1131 mortalia
2925 1085 3071 1139 sunt,
3096 1077 3428 1145 suscipiunt.

1854 1164 2240 1221 Verumtamen
2279 1166 2552 1235 spiritales
2580 1167 2797 1236 quidem
2826 1168 3076 1222 inimicos
3102 1166 3432 1220 erubescere

1853 1258 2118 1313 duntaxat
2143 1266 2198 1314 et
2221 1258 2413 1321 averti,
2462 1259 2557 1313 sed
2583 1260 2869 1314 sensibiles
2897 1259 3018 1313 illos
3048 1273 3172 1313 cum
3207 1255 3434 1311 festina-

1857 1352 2005 1405 tione
2047 1350 2218 1404 averti
2264 1358 2458 1421 rogat:
2486 1350 2541 1403 lii
2587 1351 2733 1404 enim
2781 1351 2952 1420 magis
2996 1348 3210 1413 lubrici,
3244 1354 3432 1416 utpote

1855 1449 2050 1496 natura
2087 1441 2301 1507 fratres,
2328 1450 2385 1496 et
2409 1441 2655 1513 ejusdem
2683 1441 2931 1513 generis,
2960 1449 3014 1495 et
3037 1439 3393 1495 co‘ntribules.

1926 1618 2087 1674 Vsus.
2112 1619 2164 1674 5.
2210 1636 2230 1671 ι
2260 1618 2547 1674 Exsultent
2574 1627 2629 1671 et
2650 1617 2924 1672 laetentur.
2957 1635 2975 1665 ι

1929 1710 2181 1767 Salutare
2228 1710 2408 1765 Patris
2470 1718 2818 1780 nuncupatur
2881 1707 3172 1762 Christus:
3218 1704 3273 1758 in
3314 1701 3437 1773 ipso

155 1813 319 1883 αὐτῷ
528 1813 626 1867 τοῦ
681 1781 1011 1883 γένους-τῶν
1054 1781 1359 1882 άνθρώπων
1498 1803 1745 1876 σωτηρία

1881 1800 1993 1855 nim
2021 1801 2235 1872 generis
2261 1801 2483 1855 humani
2510 1802 2658 1855 salus
2689 1799 2828 1853 facta
2860 1806 2964 1853 est.
3004 1795 3161 1852 Unde
3217 1804 3272 1849 et
3337 1795 3428 1848 bi-

157 1905 685 1976 φ·ἐπρακται.“()θεν
716 1907 810 1960 καὶ
833 1904 1060 1977 Συμεὼν
1086 1901 1376 1957 ἀπολαϐὼν
1399 1902 1490 1955 τὸν
1510 1896 1746 1968 Χριστὸν

162 2000 224 2052 ὲν
253 2001 378 2063 ταῖς
408 1999 677 2068 ἀγκάλαις
703 2000 853 2069 ἔλεγε
874 2015 888 2030 ·
923 1999 1053 2053 Νῦν
1081 1997 1369 2061 ἀπολύεις
1389 1994 1497 2048 τὸν
1521 1989 1748 2045 δοῦλόν

163 2103 308 2153 σου,
346 2090 639 2156 Δέσποτα,
665 2090 817 2145 κατὰ
844 2087 911 2142 τὸ
933 2086 1102 2157 ῥῆμά
1125 2103 1264 2152 σου,
1284 2086 1354 2139 ἐν
1378 2081 1608 2151 εἰρήνῃ·
1659 2077 1748 2131 ὅτι

163 2178 335 2235 εἴδω·
360 2183 416 2234 οἱ
444 2182 741 2251 ὀφθαλμοί
757 2199 876 2250 μου
894 2180 960 2234 τὸ
983 2178 1282 2246 Σωτήριόν
1308 2191 1446 2231 σου.
1481 2175 1545 2227 Οἱ
1567 2170 1750 2226 τοίνυν

164 2272 333 2325 τοῦτο
368 2272 696 2342 ἀγαπῶντες
731 2272 797 2325 τδη
836 2272 1127 2343 σωτήριον,
1164 2269 1459 2330 διαπαντὸς
1490 2266 1582 2320 τὸν
1617 2262 1750 2317 Θεὸν

172 2364 559 2434 μεγαλύνουσι,
612 2365 858 2419 τουτέστι
919 2364 1253 2429 δοξάζουσιν·
1304 2363 1406 2426 ὅτι,
1435 2359 1503 2414 τὰ
1557 2356 1753 2412 εἴδωλα.

171 2455 588 2523 καταλιπόντες,
603 2458 695 2511 τὸν
714 2456 847 2510 Θεὸν
872 2455 1191 2526 ἠγάπησαν,
1210 2455 1303 2507 τὸν
1319 2452 1489 2516 ὅντως
1514 2449 1753 2514 σώζοντα

177 2546 279 2599 καὶ
308 2547 499 2618 λυτρού
510 2553 708 2619 μενονέ

251 2654 275 2688 ε
300 2637 500 2709 Βοηθός
543 2656 644 2709 μου
669 2640 762 2695 καὶ
794 2639 997 2711 ρύστης
1032 2654 1133 2708 μου
1164 2632 1215 2690 εἷ
1249 2636 1335 2690 σύ.
1377 2653 1395 2687 ι

241 2816 380 2872 Ὅτε
397 2815 506 2888 γὰρ
546 2816 727 2885 πάσης
753 2814 1103 2886 ἀνθρωπίνης
1128 2812 1383 2885 βοηθείας
1409 2811 1755 2880 ἐκπέσωμεν,

162 2908 296 2963 τότε
322 2908 419 2962 τὸν
435 2908 569 2962 Θεὸν
594 2909 716 2962 ἀντὶ
744 2908 965 2962 πάντων
1003 2907 1330 2977 εὑρήσομεν.
1364 2905 1529 2967 Ἴσως
1569 2902 1625 2955 δὲ
1661 2901 1759 2954 καὶ

168 3006 238 3056 ὲκ
260 2999 560 3072 προσώπου
586 3001 760 3054 ταῦτα
787 3000 884 3053 τοῦ
932 2998 1065 3052 λαοῦ
1089 2997 1200 3051 τῶν
1223 2995 1394 3051 ἐθνῶν
1423 2994 1756 3063 διαλέγεται·

163 3090 213 3164 ᾧ
249 3094 351 3149 καὶ
392 3095 501 3158 πᾶς
547 3095 577 3147 ὁ
616 3092 833 3164 ψαλμὸς
884 3092 1111 3163 πρέπει·
1158 3086 1607 3161 παρακαλοῦντος
1661 3086 1760 3139 καὶ

164 3185 598 3257 ἐπιταχύνοντος
655 3182 752 3238 τοῦ
829 3181 1069 3254 Χριστοῦ
1144 3181 1245 3252 τὴν
1315 3180 1589 3251 βοήθειαν,
1666 3179 1760 3233 καὶ

165 3275 648 3347 καταισχυνθῆναι
678 3277 804 3339 τοὺς
844 3275 1069 3345 νοητοὺς
1114 3272 1368 3344 ἐχθροὺς,
1399 3271 1602 3342 δηλαδὴ
1634 3271 1760 3333 τοὺς

165 3371 466 3440 δαίμονας,
500 3368 669 3423 πολὺν
700 3364 1175 3437 τετυραννηκότας
1197 3364 1410 3437 χρόνον,
1446 3361 1571 3416 καθ’
1604 3360 1763 3433 ἡμῶν

169 3460 548 3524 ἱκετεύοντος.
580 3454 751 3523 Οὗτος
777 3461 805 3513 ὁ
831 3459 963 3522 λαὸς
1002 3457 1217 3528 πτωχὸς
1249 3455 1344 3509 καὶ
1375 3455 1567 3525 πένης·
1612 3470 1762 3507 πτω-

168 3555 273 3626 χὸς
301 3553 393 3607 διὰ
442 3553 542 3624 τὴν
574 3552 877 3624 ἁμαρτίαν,
911 3549 1081 3621 πένης
1117 3548 1203 3601 διὰ
1234 3548 1334 3620 τὴν
1370 3545 1650 3602 ἀσέϐειαν.

252 3727 481 3799 Βοηθὸς,
514 3724 591 3791 ὡς
646 3724 867 3796 ἰσχυρὸς
920 3724 1148 3794 ρύστης,
1182 3722 1258 3785 ὡς
1311 3718 1476 3782 αὐτὸς
1509 3717 1767 3788 ἐνέχυρον

174 3821 328 3891 ὑπὲρ
360 3817 519 3890 ἡμῶν
544 3815 622 3888 τῷ
657 3815 878 3886 θανάτῳ
900 3814 1039 3886 πρὸς
1080 3812 1300 3884 μικρὸν,
1330 3809 1471 3864 ὥστε
1503 3807 1767 3881 ρυσθῆναι

174 3914 284 3983 τὴν
324 3912 604 3982 ἡμετέραν
627 3907 1003 3981 αἰχμαλωσίαν
1020 3904 1319 3973 διδόμενος.
1335 3901 1430 3970 Μὴ
1450 3898 1765 3968 χρονίσῃς.

189 4000 580 4068 ’Δπέγνωσται
607 3996 719 4069 γὰρ
746 3997 898 4066 παρὰ
929 3995 1151 4048 πάντων
1179 3990 1377 4062 ἰατρῶν
1401 3991 1429 4042 ὁ
1461 3988 1765 4059 ἄρρωστος.

176 4091 391 4160 Διόπερ
413 4089 509 4142 καὶ
547 4090 576 4142 ὁ
618 4084 1166 4158 Ἀμὸακοὺμέλεγεν·
1190 4080 1311 4134 Ἔτι
1341 4076 1558 4150 μικρὸν,
1589 4073 1773 4128 Ὅσον

180 4184 221 4237 ὁ
247 4180 577 4249 ἐρχόμενος
632 4175 786 4244 ἣξει,
834 4174 933 4228 καὶ
964 4174 1037 4227 οὐ
1072 4169 1362 4242 χρονίσει·
1393 4165 1486 4221 τοῦ
1518 4164 1772 4236 Σωτῆρος

183 4272 540 4343 ἐπιταχύνων
569 4270 670 4340 τὴν
693 4267 898 4340 ἄφιξιν.
1086 4265 1093 4273 ’

813 4380 1108 4436 ΨΑΛΜΟΣ
1149 4380 1225 4433 0’.

270 4497 291 4532 ι
342 4478 437 4533 Ἐν
458 4479 524 4547 τῇ
550 4471 870 4544 δικαιοσύνῃ
890 4488 985 4524 σου
1023 4469 1182 4543 ῥῦσαί
1213 4485 1300 4540 με.
1329 4486 1348 4519 ι

264 4569 469 4633 Καλῶς
519 4568 656 4638 πρὸς
700 4566 784 4631 τὸ,
809 4566 896 4635 μὴ
921 4559 1450 4631 καταισχυνθείην,
1486 4557 1556 4611 ἐν
1590 4555 1664 4625 τῇ
1690 4554 1777 4610 διο

193 4660 503 4727 καιοσύνῃ
534 4671 672 4712 σου.
706 4657 769 4710 Εἰ
800 4654 911 4725 γάρ
958 4653 1056 4707 καὶ
1106 4653 1187 4715 εἰς
1219 4649 1282 4703 σὲ
1324 4650 1598 4720 ἥμαρτον,
1642 4643 1778 4699 ἀλλὰ

191 4754 408 4810 τούτων
467 4769 536 4822 με
587 4748 810 4812 δικαίως
871 4743 1224 4811 ἀπαλλάξεις·
1268 4743 1352 4796 ὅτι
1405 4757 1467 4793 τε
1517 4737 1778 4809 οὐδεμίαν

195 4848 389 4918 ἔχουσι
428 4843 631 4914 γνῶσιν
660 4842 762 4913 τῆς
789 4840 886 4911 σῆς
928 4837 1130 4909 ἰσχύος,
1176 4834 1273 4889 καὶ
1306 4834 1388 4887 ὅτι
1427 4831 1604 4903 μάτην
1629 4829 1778 4900 ἡμᾶς

197 4938 478 4994 ἀδικοῦσι.

210 5051 230 5083 ι
273 5030 475 5085 κλῖνον
503 5025 640 5095 πρός
668 5042 734 5096 με
757 5024 819 5078 τὺ
851 5020 946 5087 οὖς
979 5039 1094 5077 σου.
1140 5040 1160 5072 ι

280 5120 591 5186 Τουτέστιν,
622 5118 698 5183 ὡς
724 5116 943 5170 ἀσθενεῖ
968 5111 1366 5183 ωγκατάὸηθι.
1402 5109 1596 5163 Κλῖνον
1617 5107 1679 5162 τὸ
1698 5101 1793 5171 οὖς

1848 1907 2006 1946 meon
2033 1892 2312 1947 Christum
2342 1892 2399 1946 in
2429 1892 2584 1947 ulnas
2610 1890 2904 1959 excipiens
2929 1889 3066 1943 dixit
3102 1907 3115 1941 :
3154 1886 3203 1939 Ν
3209 1903 3307 1940 unc
3348 1886 3434 1959 dig-

1848 1985 2017 2038 mittis
2043 1999 2247 2037 servum
2334 1993 2502 2048 tuum,
2582 1981 2819 2044 Domine,
2877 1978 3163 2032 secundum
3224 1976 3438 2029 verbum

1848 2085 2017 2137 tuum,
2069 2076 2125 2129 in
2173 2091 2325 2144 pace,
2386 2075 2515 2143 quia
2564 2073 2807 2127 viderunt
2874 2068 3012 2124 oculi
3055 2069 3159 2123 mei
3197 2066 3436 2121 salutare

1851 2175 2000 2220 tuum
2033 2168 2100 2221 ⁸⁸.
2161 2166 2266 2233 Qui
2323 2167 2486 2239 igitur
2526 2165 2764 2220 salutare
2821 2164 2925 2218 hoc
2948 2161 3199 2233 diligunt,
3221 2173 3436 2228 semper

1851 2259 2023 2313 Deum
2052 2258 2418 2330 magniﬁcam,
2439 2258 2492 2314 id
2524 2266 2609 2313 est
2624 2255 2965 2329 gloriﬁcant;
2996 2253 3277 2323 quoniam,
3300 2250 3434 2304 reli-

1852 2351 2152 2419 ctisidolis,
2175 2352 2343 2406 Deum
2398 2347 2839 2418 dilexerunt,qui
2894 2361 3021 2401 vere
3073 2343 3322 2399 Salvator
3349 2348 3435 2396 est

1852 2458 1915 2498 ac
1969 2441 2315 2514 Redemptor.

1926 2621 2085 2675 Vens.
2117 2622 2169 2675 7.
2199 2639 2218 2671 ι
2256 2622 2482 2691 Adjutor
2543 2635 2698 2674 meus
2755 2626 2810 2672 et
2864 2616 3123 2669 liberator
3167 2624 3322 2663 meus
3378 2621 3439 2661 es

1859 2721 1936 2766 tu.
1966 2731 1983 2763 ι

1857 2800 1862 2804 ’
1928 2803 2159 2871 Quando
2212 2805 2357 2860 enim
2421 2804 2569 2861 omni
2635 2803 2875 2858 humana
2911 2814 3014 2868 ope
3048 2795 3445 2857 excidet-imus,

1858 2903 1990 2949 tunc
2011 2893 2181 2948 Deum
2210 2909 2309 2964 pro
2334 2894 2590 2949 omnibus
2622 2890 2980 2961 reperiemus.
3015 2884 3285 2941 Fortassis
3313 2896 3443 2936 vero

1861 2984 2028 3040 etiam
2055 3000 2124 3040 ex
2153 2999 2386 3055 persona
2413 2982 2599 3054 populi
2623 2981 2865 3054 gentium
2898 2979 3017 3034 haec
3047 2976 3299 3032 edisserit
3319 2971 3444 3039 ;cui

1863 3077 2028 3132 etiam
2050 3084 2199 3131 totus
2226 3075 2318 3131 hic
2337 3075 2582 3146 psalmus
2612 3071 2902 3136 convenit;
2935 3069 3156 3124 Christo
3181 3065 3445 3120 nimirum

1866 3172 2156 3225 invocante
2180 3178 2238 3224 et
2255 3169 2604 3223 accelerante
2642 3164 2927 3230 auxilium,
2966 3170 3129 3232 atque
3174 3156 3448 3229 spiritales

1868 3257 2142 3323 inimicos,
2176 3256 2391 3312 scilicet
2413 3256 2718 3318 dazmonas,
2772 3250 2865 3320 qui
2892 3250 3055 3319 longo
3079 3258 3323 3315 tempore
3365 3253 3446 3312 ty-

1868 3346 2095 3399 rannice
2118 3359 2218 3398 nos
2243 3351 2652 3413 oppresserant,
2695 3337 2958 3394 confundi
2989 3334 3319 3407 postulante.
3351 3331 3451 3385 Hic

1868 3437 2108 3508 populus
2166 3449 2373 3507 egenus
2427 3441 2482 3489 et
2535 3446 2742 3502 pauper
2789 3439 2872 3483 est
2935 3445 2947 3478 :
2998 3442 3204 3497 egenus
3229 3423 3450 3494 quidem

1871 3539 2096 3597 propter
2124 3532 2429 3596 peccatum,
2469 3537 2677 3592 pauper
2735 3532 2870 3574 vero
2918 3526 3144 3587 pr0pter
3196 3513 3451 3582 impieta-
3513 3545 3524 3555 -

1875 3627 1981 3673 tem
1991 3657 2005 3669 .

1944 3708 2196 3777 Adjutor,
2229 3717 2485 3776 tanquam
2515 3704 2672 3760 fortis
2730 3703 3013 3765 liberator,
3040 3708 3101 3753 ut
3129 3696 3221 3767 qui
3244 3705 3447 3750 seruet-

1874 3799 2052 3870 ipsum
2104 3815 2272 3869 parvo
2304 3807 2547 3867 tempore
2594 3794 2883 3866 pronobis
2933 3791 2988 3845 in
3043 3790 3241 3859 pignus
3290 3786 3454 3841 morti

1875 3891 2108 3959 dederit,
2162 3899 2221 3945 ut
2273 3888 2648 3958 captivitatem
2700 3893 2949 3940 nostram
3002 3881 3316 3936 redimeret.
3373 3876 3454 3929 Ne

1878 3984 2195 4039 tardaveris.
2220 3982 2471 4037 Inﬁrmus
2499 3980 2644 4034 enim
2673 3975 3015 4033 abomnibus
3044 3971 3269 4027 medicis
3295 3969 3457 4038 depo-

1878 4074 2020 4130 situs
2043 4083 2147 4130 est.
2168 4074 2399 4142 Propter
2416 4070 2563 4141 quod
2583 4068 2749 4123 etiam
2777 4066 3035 4121 Habacuc
3063 4061 3193 4117 dicit
3223 4076 3236 4112 :
3263 4057 3458 4113 Adhuc

1878 4165 2176 4231 modicum,
2215 4161 2568 4235 quiaveniens
2589 4160 2778 4224 veniet,
2834 4166 2883 4211 et
2944 4170 3045 4208 non
3106 4150 3341 4204 tardabit
3374 4149 3458 4214 ‘7;

1880 4256 2178 4314 Salvatoris
2201 4256 2496 4311 adventum
2529 4250 2860 4308 accelerans.

2411 4364 2732 4424 PSALMUS
2770 4362 2907 4419 LXX
2919 4403 2932 4417 .

1954 4465 2119 4520 Vsus.
2149 4462 2206 4517 2.
2233 4480 2251 4513 ι
2283 4461 2344 4516 ln
2368 4458 2577 4530 iustitia
2606 4464 2699 4511 tua
2717 4456 2885 4511 libera
2912 4470 3019 4509 me.
3047 4473 3065 4505 ι

1955 4557 2189 4612 Pulchre
2213 4555 2282 4609 ad
2316 4553 2467 4616 illud,
2501 4566 2606 4605 non
2629 4549 2940 4621 confundar,
2973 4545 3142 4611 addit,
3162 4544 3218 4596 in
3248 4540 3466 4611 justitia

1887 4667 2000 4706 tua.
2036 4647 2152 4704 Etsi
2179 4646 2325 4702 enim
2349 4645 2407 4699 in
2429 4652 2482 4698 te
2514 4640 2878 4713 peccaverim,
2903 4647 3085 4692 tamen
3119 4637 3187 4688 ab
3227 4633 3314 4688 his
3376 4646 3466 4684 me

1883 4743 2030 4814 iuste
2054 4738 2314 4794 liberabis
2338 4755 2350 4790 :
2379 4736 2507 4805 quia
2523 4734 2729 4789 nullam
2758 4731 2965 4786 habent
3001 4724 3342 4781 fortitudinis
3361 4729 3481 4776 tute

1887 4820 2160 4897 notitiam,
2195 4839 2252 4885 et
2283 4837 2487 4884 temere
2502 4825 2660 4881 nobis
2688 4821 2941 4894 injuriam
2978 4818 3204 4873 faciunt.

1970 5029 1988 5062 ι
2017 5008 2223 5065 lnclina
2244 5006 2313 5062 ad
2340 5020 2428 5060 me
2452 5018 2641 5059 aurem
2666 5012 2835 5057 tuam.
2878 5018 2899 5050 ι
3328 5054 3333 5059 ,

1966 5103 2024 5158 ld
2053 5109 2156 5168 est,
2184 5110 2438 5168 tanquam
2472 5095 2688 5149 inﬁrmo
2716 5089 3121 5148 condescende.
3153 5087 3357 5142 lnclina
3379 5100 3475 5138 au,

208 5231 307 5267 σου
332 5213 409 5276 ὡς
432 5176 770 5284 ἁμαρτωλῷ,
814 5210 911 5264 καὶ
942 5208 1019 5279 μὴ
1049 5176 1345 5276 δυναμένῳ
1375 5204 1474 5257 σὺν
1507 5200 1759 5274 παρρησίη

1898 5211 2011 5253 rem
2044 5203 2195 5251 tuam
2217 5203 2472 5261 tanquam
2510 5184 2806 5258 peccaturi,
2841 5188 2898 5237 et
2950 5195 3061 5235 non
3094 5176 3294 5232 valenti
3317 5190 3475 5229 orare

206 5303 643 5377 προσεύξασθαι·
693 5302 751 5373 ἢ,

208 5585 362 5657 θεία.

287 5763 332 5795 ⁸⁸
360 5760 495 5817 Luc.
522 5775 586 5826 ιι,
613 5757 704 5813 29.
785 5758 827 5789 ⁸⁷
856 5753 1057 5812 Hahae.
1085 5770 1141 5820 ιι,
1174 5754 1227 5809 5.

805 5301 865 5355 τδ
926 5299 1058 5370 γοῦν
1110 5296 1498 5368 ἀληθέστερον,
1549 5294 1792 5363 ἐγγισον.

203 5397 349 5453 Οὐδὲ
376 5396 487 5467 γὰρ
522 5396 684 5467 ἡμεῖς
711 5392 933 5463 ἐγγίσαι
967 5389 1046 5462 τῷ
1083 5387 1202 5460 Θεῷ
1235 5385 1544 5460 χωροῢμεν,
1566 5384 1664 5439 ἐὰν
1699 5384 1797 5454 μὴ,

204 5504 236 5548 ο
261 5489 548 5562 πανταχοῦ
593 5486 807 5559 παρὼν,
835 5485 1003 5555 ἐγγὺς
1035 5480 1192 5554 ἡμῶν
1230 5480 1458 5551 γένηται
1478 5480 1543 5549 τῇ
1578 5494 1802 5548 συμπα-

1900 5303 2024 5345 cum
2059 5284 2287 5349 ﬁducia;
2318 5281 2426 5347 vel,
2463 5278 2621 5349 quod.
2676 5276 2861 5331 verius
2921 5281 3029 5338 est,
3073 5267 3473 5340 appropinqua.

1896 5380 2086 5450 Neque
2109 5377 2254 5434 enim
2285 5390 2387 5430 nos
2427 5373 2493 5427 ad
2547 5372 2717 5425 Deum
2775 5365 3218 5437 appropinquare
3274 5372 3477 5450 possu-

1902 5448 2042 5535 mus,
2075 5471 2181 5526 nisi
2217 5470 2284 5535 is,
2307 5469 2399 5537 qui
2426 5463 2681 5520 omnibus
2711 5471 2952 5531 prmsens
3016 5454 3193 5520 adest,
3251 5448 3481 5522 prepin-

1903 5581 2043 5637 quus
2082 5562 2241 5619 nobis
2263 5561 2356 5616 ﬁat
2401 5573 2498 5631 per
2538 5552 3001 5625 compassioucm.
