3950 6408
578 273 714 340 1235
1762 288 2119 348 HESYCHII
2177 290 2651 353 PRESBYTERI
3646 308 3748 377 1936

652 393 810 447 \‘izns.
839 395 893 448 5.
920 414 938 446 ‹
966 394 1095 451 Esto
1120 398 1253 454 mihi
1284 400 1341 455 in
1370 401 1536 455 Deum
1559 412 1949 471 protectorem.
1992 425 2011 457 ι
2182 411 2212 467 Α

1862 421 1949 458 :m.
1992 425 2011 457 ι
2182 411 2229 467 Α
2333 427 2352 459 ι
2387 409 2552 463 Γενοῦ
2583 426 2674 478 μοι
2706 410 2786 473 εἰς
2812 407 2945 463 Θεὸν
2973 410 3422 481 ὑπερασπιστήν.ι

646 480 995 538 Peccatorem
1027 486 1272 557 iniquum
1306 501 1359 544 et
1380 490 1640 562 injusmm
1664 504 1819 548 vocat
1848 496 2151 560 diabolum;

2342 501 2355 520 ο
2358 501 2689 571 Αμαρτωλδν
2743 501 3058 572 παράνομόν
3095 519 3155 554 τε
3191 504 3284 556 καὶ
3309 504 3482 558 ἄδικον
3506 509 3641 563 καλεῖ
3682 516 3748 571 τὸν

576 584 740 645 atque
769 592 832 629 ex
857 578 978 646 ejus
1014 595 1178 634 manu
1212 582 1439 647 (scilicet
1466 587 1696 653 peccati,
1729 587 1876 656 quod
1911 588 1965 641 in
2017 587 2136 642 insi-

2254 594 2522 649 διάϐολον·
2553 596 2617 647 ὲκ
2664 595 2848 665 χειρός
2878 612 2939 648 τε
2967 594 3132 649 αὐτοῦ
3174 595 3426 666 ρυσθῆναι
3459 599 3650 673 (δηλαδὴ
3676 608 3746 672 τῆς

577 670 680 724 diis
705 672 835 726 latet
858 674 1219 746 voluptatum)
1254 679 1491 746 postulat
1517 679 1755 736 liberari.
1789 679 1944 747 Quod
1963 683 2006 736 si
2023 697 2137 736 vert

2256 685 2554 755 ἁμαρτίας,
2596 685 2663 757 ἢν
2715 688 2772 739 ἐν
2802 690 2925 751 ταῖς
2961 686 3263 757 μεθοδείαις
3309 689 3417 760 ἔχει
3451 670 3748 765 τῶν

575 763 737 818 etiam
769 780 796 819 a
833 767 1212 835 peccatoribus
1246 769 1461 824 liberari
1499 779 1666 839 petat,
1701 772 1864 826 etiam
1890 774 1994 829 hoc
2022 774 2135 828 bea-

2256 778 2645 849 προσεύχεται.
2685 779 2749 834 El
2775 779 2832 833 δὲ
2859 780 2957 834 καὶ
2980 779 3282 851 ἀνθρώπων
3318 782 3626 852 ἁμαρτωλῶν
3640 763 3749 854 λέγει

450 915 465 929 κ
578 866 690 910 tum
717 852 831 913 'est.
866 857 999 912 Nam
1035 859 1078 915 si
1108 860 1326 927 quidem
1368 861 1625 917 inimicus
1652 874 1906 933 peccator
1940 864 2010 919 sit

2255 871 2546 940 ρυσθῆναι,
2580 871 2677 925 xui.
2716 872 2874 925 τοῦτο
2927 872 3220 942 μακάριον.
3251 873 3311 925 Ei
3339 873 3434 942 μὲν
3470 875 3569 946 γὰρ
3604 852 3750 951 ἐχθρὸς

577 950 722 1005 nime
754 952 958 1021 parcit;
1007 953 1054 1006 si
1081 968 1213 1008 vero
1243 954 1473 1017 amicus.
1501 956 1666 1010 etiam
1700 956 1781 1010 sic
1802 958 1981 1027 gravis
2013 968 2098 1012 est
2135 975 2137 1008 :

2252 964 2280 1016 ὁ
2328 962 2675 1033 ἁμαρτωλὸς,
2724 963 2784 1016 οὑ
2838 964 3104 1031 φείδεταιο
3150 965 3199 1017 εί
3235 964 3290 1017 δὲ
3317 965 3482 1032 φίλος,
3516 967 3660 1039 βαρὺς
3684 950 3750 1027 ναὶ

574 1055 698 1094 nam
761 1042 941 1112 qualia
994 1042 1112 1113 ipse
1161 1044 1425 1099 nimirum
1481 1045 1944 1110 comminiscitur,
2022 1047 2134 1101 tali:

2252 1054 2446 1119 οὕτως’
2474 1050 2564 1110 οἷα
2594 1056 2705 1125 γὰρ
2740 1055 2901 1119 αὑτὸς
2947 1056 3056 1128 ἄρα
3092 1056 3462 1126 συμϐουλεύει,
3492 1062 3592 1122 τοῖς
3621 1064 3751 1130 φίλοις

575 1133 737 1187 etiam
751 1134 942 1189 amicis
966 1137 1177 1191 suadet.
1211 1138 1255 1191 A
1286 1139 1758 1210 peccatoreigitur
1777 1148 1885 1195 tam
1921 1140 2135 1196 inimicc

2251 1151 2347 1202 xui.
2380 1147 2771 1219 προτρέπεται.
2821 1147 3177 1218 ’Δμαρτωλοῦ
3206 1147 3379 1201 τοίνυν
3414 1149 3589 1221 ἐχθροῦ
3615 1169 3663 1204 τε
3686 1157 3749 1209 καί

571 1242 734 1293 quam
794 1228 971 1283 amico
1030 1229 1197 1283 etiam
1225 1245 1567 1286 nosoremus
1594 1233 2000 1299 liberari;cum
2060 1234 2131 1289 hic

2250 1236 2407 1305 φίλου
2455 1235 2718 1307 ρυσθῆναι
2767 1238 2862 1290 καὶ
2905 1238 3069 1307 ἡμεῖς
3101 1236 3537 1309 προσευξώμεθα·
3563 1242 3642 1293 τοῦ
3680 1244 3750 1311 μὲν

569 1312 790 1380 quidem
828 1330 927 1384 per
965 1317 1281 1382 amicitiam,
1309 1318 1398 1373 ille
1443 1335 1573 1374 vero
1596 1337 1694 1391 per
1724 1325 2023 1392 potentiam
2050 1340 2129 1380 sei

2247 1331 2336 1384 διὰ
2374 1330 2579 1400 φιλίας,
2601 1330 2695 1385 τοῦ
2728 1331 2785 1385 δὲ
2816 1331 3162 1398 δυναστείας,
3188 1332 3450 1403 ἑκατέρας
3479 1333 3641 1389 ἀδίκου
3684 1340 3751 1392 καὶ

570 1403 906 1471 violentiam,
949 1416 1179 1476 uterque
1205 1416 1386 1462 autem
1412 1409 1667 1479 nequiter
1701 1422 1755 1465 et
1804 1411 1992 1482 inique
2040 1428 2130 1467 no-

1381 1409 1667 1479 tnequiter
1701 1422 1755 1465 et
1804 1411 1992 1482 inique
2040 1428 2144 1467 no-
2248 1423 2567 1494 παρανόμου
2595 1422 2941 1493 βλάπτοντος.

569 1503 710 1549 eoat.

640 1582 806 1640 Vens.
831 1587 883 1643 8.
923 1605 942 1637 ι
977 1586 1274 1658 Repleatur
1312 1605 1375 1645 os
1410 1606 1591 1646 meum
1616 1592 1795 1647 laude.
1835 1611 1855 1645 ι

2321 1615 2340 1648 ι
2379 1596 2735 1668 Πληρωθήτω
2761 1597 2823 1650 τὸ
2852 1598 3028 1668 στόμα
3065 1615 3170 1667 μου
3195 1596 3470 1662 αἰνέσεως.
3501 1616 3519 1649 ι

638 1675 811 1731 Nemo
840 1677 1008 1732 Deum
1042 1679 1125 1733 vel
1147 1695 1211 1734 ea
1236 1696 1358 1749 quae
1392 1679 1486 1733 Dei
1509 1689 1637 1736 sunt
1683 1681 1906 1736 laudare
1936 1688 2137 1752 potest.
2177 1747 2198 1760 .

2188 1747 2216 1760 _
2316 1688 2509 1753 Οὐδεὶς
2555 1689 2797 1760 ὑμνῆσαι
2831 1686 2924 1741 τὸν
2968 1687 3102 1742 Θεὸν
3132 1686 3256 1741 οὑδὲ
3299 1686 3368 1740 τὰ
3392 1687 3478 1740 τοῦ
3504 1687 3644 1752 Θεοῦ,
3685 1691 3748 1744 ἐὰν

571 1767 675 1822 nisi
701 1769 768 1823 ab
801 1768 918 1839 ipso
949 1771 1219 1840 sapientia
1254 1747 1312 1824 et
1337 1771 1496 1826 laude
1521 1773 1762 1842 repletus
1783 1747 1970 1827 fuerit.
1995 1772 2131 1839 Quid

2184 1747 2218 1804 Β
2247 1782 2324 1853 μὴ
2347 1747 2608 1853 πληρωθῇ
2631 1747 2761 1851 παρ’
2782 1778 2950 1834 αὐτοῦ
2976 1779 3166 1849 σοφίας
3181 1747 3744 1845 καὶαίνὲσεως,δύναται.

570 1877 731 1930 porro
758 1862 981 1917 laudare
1001 1864 1188 1933 cupit?
1215 1864 1306 1919 Dei
1328 1864 1552 1935 gloriam
1575 1875 1631 1919 et
1660 1865 2130 1936 magniﬁcentiam;

2241 1874 2306 1926 Τί
2333 1873 2391 1926 δὲ
2417 1873 2660 1943 ὑμνῆσαι
2688 1872 2973 1945 βούλεται;
2999 1870 3171 1936 Δόξαν
3195 1870 3330 1926 Θεοῦ
3359 1872 3450 1924 καλ⁹
3471 1872 3745 1944 μεγαλοπρέ-

567 1955 618 2009 id
658 1963 743 2010 est
769 1955 1036 2026 magnalia
1062 1955 1179 2019 Dei.
1206 1964 1261 2011 et
1310 1957 1571 2013 miracula
1619 1958 1774 2014 valde
1818 1958 2127 2030 gloriﬁcata,

2239 1979 2423 2016 πειαψ
2448 1963 2695 2017 τουτέστι
2724 1963 2794 2016 τὰ
2824 1962 3040 2032 μεγάλα
3071 1960 3164 2014 τοῦ
3200 1960 3361 2026 Θεοῦ,
3400 1962 3491 2014 καὶ
3516 1961 3619 2014 λίαν
3646 1963 3746 2017 δεδο-

563 2048 631 2102 ιΙθ
660 2047 858 2117 quibus
888 2047 1024 2103 dixit
1060 2064 1074 2100 :
1108 2048 1282 2113 Quam
1305 2050 1648 2121 magniﬁcam
1668 2061 1789 2105 sunt
1825 2068 1986 2116 opera
2020 2061 2123 2115 tua,

2238 2055 2482 2126 ξασμένα
2511 2055 2788 2126 θαύματα.
2823 2055 2953 2126 περὶ
2979 2049 3054 2109 ὧν
3082 2055 3301 2121 ἐλεγενο
3322 2054 3413 2120 Ὠς
3441 2056 3743 2124 speratus-011

562 2140 785 2195 Domine
815 2143 1031 2195 !omnia
1053 2144 1109 2196 in
1125 2144 1390 2211 sapientia
1417 2145 1587 2213 fecisti
1611 2145 1677 2197 ⁸⁸.

2236 2148 2310 2202 τὰ
2340 2148 2484 2218 ἔργα
2512 2164 2651 2210 σου,
2685 2148 2863 2215 Κύριε
2881 2146 2902 2199 !
2927 2146 3127 2200 πάντα
3180 2145 3252 2200 ἐν
3285 2145 3468 2214 σοφίᾳ
3494 2145 3741 2211 ἐποίησας.

639 2251 655 2282 ι
696 2231 764 2287 Ut
791 2243 1004 2287 cantem
1032 2233 1258 2304 gloriam
1288 2244 1457 2290 tuam.
1497 2254 1516 2286 ι

2312 2261 2331 2293 ‹
2371 2242 2560 2304 Ὅπως
2591 2241 2817 2312 ὑμνήσω
2844 2241 2944 2310 τὴν
2976 2239 3136 2304 δόξαν
3174 2256 3291 2293 σου.
3333 2258 3350 2291 ι

632 2325 1087 2397 Magniﬁcentiam
1115 2338 1266 2383 vocat
1289 2327 1551 2397 Spiritum
1577 2344 1590 2379 :
1613 2328 1666 2381 in
1701 2327 1820 2398 ipso
1848 2330 1993 2386 enim
2019 2346 2135 2386 ma-

2304 2333 2802 2402 Μεγαλοπρέπειαν
2827 2331 2889 2385 τὸ
2908 2331 3133 2401 Πνεῦμα
3161 2330 3338 2385 καλεῖ’
3368 2330 3422 2382 ὲν
3445 2327 3579 2397 αὐτῷ
3601 2326 3686 2396 γὰρ
3698 2326 3741 2379 tl

558 2432 660 2486 ειμι
694 2416 785 2470 Dei
824 2418 1085 2472 miracula
1111 2433 1389 2488 operaque
1425 2418 1583 2473 ﬁunt.
1614 2417 1807 2474 Totam
1828 2436 1959 2477 vero
1989 2423 2118 2478 dien

2238 2423 2452 2492 μεγάλα
2510 2422 2605 2476 τοῦ
2659 2422 2794 2476 Θεοῦ
2849 2421 3108 2491 θαύματα
3156 2420 3258 2474 ’καὶ
3301 2418 3370 2473 τὰ
3416 2416 3743 2487 κατορθώματα

556 2515 718 2563 vocat
743 2509 885 2563 hanc
915 2509 1082 2564 vitam
1110 2519 1375 2564 nostram.

2235 2516 2466 2585 γίνεται.
2517 2516 2763 2587 Ἡμέραν
2814 2514 2871 2567 δὲ
2922 2515 3053 2585 ὃλην
3085 2514 3178 2567 τὸν
3226 2513 3342 2584 βίον
3394 2512 3483 2566 τὸν
3518 2512 3742 2582 ἡμέτερον.

630 2598 792 2655 Vsus.
826 2601 912 2655 l0.
947 2619 966 2652 ι
1003 2599 1142 2666 Quia
1175 2600 1432 2655 dixerunt
1459 2601 1665 2662 inimici
1715 2603 2003 2658 meimihi.
2037 2624 2055 2657 ι

1762 2603 1821 2657 rei
1847 2604 2003 2658 mihi.
2037 2624 2055 2657 ι
2313 2629 2331 2660 ι
2366 2610 2488 2662 ’Ότι
2515 2607 2667 2663 εἶπον
2704 2611 2754 2662 οἱ
2778 2608 2961 2679 ἐχθροί
2986 2624 3087 2677 μου
3112 2605 3261 2677 ὲμοί.
3302 2623 3322 2656 ι

626 2691 909 2747 Daemones
925 2691 1240 2746 custodiunt
1267 2691 1475 2746 animas
1519 2705 1736 2748 nostras
1765 2709 1873 2748 non
1904 2695 1970 2749 ad
2032 2696 2134 2750 bo-

2302 2700 2672 2755 Φυλάσσουσιν
2691 2700 2723 2769 ἡ
2732 2699 2846 2767 μῶν
2876 2697 2974 2760 τὰς
2994 2697 3199 2767 ψυχὰς,
3223 2695 3323 2749 οὐκ
3345 2695 3424 2757 εἰς
3452 2692 3648 2761 ἀγαθὸν,
3663 2687 3745 2743 ἀλλ’

556 2799 711 2848 num,
750 2783 845 2837 sed
910 2783 976 2837 ad
1038 2782 1262 2848 malum,
1310 2783 1795 2850 observanteseas,
1820 2794 1878 2840 et
1904 2795 1964 2841 ut
2012 2787 2116 2842 illa-

2235 2795 2316 2857 είς
2348 2791 2517 2845 κακὸν
2548 2792 2599 2844 οἱ
2619 2790 2895 2860 δαίμονες,
2922 2787 3319 2860 ἐπιτηροῦντες
3342 2785 3522 2851 αὑτὰς,
3546 2783 3663 2838 ὥστε
3681 2783 3744 2834 καὶ

554 2884 761 2945 queent
783 2874 1106 2930 insidiantes
1141 2893 1154 2929 :
1191 2875 1246 2929 hi
1272 2892 1526 2945 namque,
1552 2878 1772 2947 quando
1811 2880 1969 2935 nobis
1994 2879 2114 2935 insi

2235 2883 2566 2953 παγιδεῦσαι
2584 2881 2979 2953 ἐνεδρεύοντες
2998 2875 3150 2936 οὗτοι
3169 2879 3301 2951 γὰρ,
3318 2880 3444 2934 ὅταν
3466 2878 3598 2947 ἡμᾶς
3618 2876 3744 2944 τηρή-

555 2969 673 3025 dias
719 2968 1018 3024 struxerint
1036 2983 1134 3038 per
1160 2977 1466 3039 peccatum,
1494 2978 1550 3025 et
1576 2970 1644 3025 ad
1670 2971 1873 3027 bonum
1898 2988 2115 3043 operam

2238 2993 2433 3040 σαντες
2479 2975 2569 3028 διὰ
2615 2974 2717 3045 τὴν
2768 2974 3069 3044 ἁμαρτίαν,
3116 2972 3217 3026 καὶ
3261 2971 3396 3042 πρὸς
3445 2968 3745 3038 ἀγαθοεργίας

554 3065 685 3119 dum
714 3062 920 3118 debiles
948 3062 1353 3131 conspexerint,
1410 3063 1563 3133 quasi
1602 3063 1893 3120 derelictos
1916 3081 1948 3120 a
2000 3067 2110 3122 Deo

2181 3093 2203 3150 1
2235 3070 2643 3140 ἁσθενήσαντας
2671 3068 2875 3133 ἴδωσιν,
2912 3067 2987 3130 ὼς
3017 3065 3475 3135 καταληφθέντων
3509 3061 3600 3116 ὑπὸ
3623 3058 3741 3120 Θεοῦ,

555 3170 666 3209 non
685 3155 859 3209 solum
883 3169 983 3209 nos
1006 3154 1265 3224 persequi
1304 3154 1444 3208 facta
1485 3157 1889 3225 conspiratione
1916 3159 2115 3227 volunt1

2239 3164 2295 3215 ὲν
2318 3160 2543 3231 ὁμονοίᾳ
2577 3158 2860 3230 βούλονται
2884 3159 2944 3212 οὑ
2979 3159 3141 3227 μόνον
3172 3156 3526 3223 καταδιώξαι,
3553 3151 3666 3221 ἀλλὰ
3682 3149 3746 3202 καὶ

556 3248 651 3303 sed
690 3249 853 3303 etiam
906 3247 1373 3317 comprehendere
1419 3258 1701 3318 satagunt;
1763 3260 1960 3321 putant
1982 3253 2116 3307 enim

2238 3252 2572 3308 καταλαϐεῖν
2623 3252 3042 3317 σπουδάζοντες
3094 3250 3321 3306 δοκοῦσι
3364 3249 3469 3321 γὰρ
3509 3247 3596 3302 οὐκ
3644 3242 3744 3297 εἶναι

555 3353 665 3391 non
696 3351 819 3392 esse
844 3336 937 3406 qui
968 3352 1068 3390 nos
1095 3337 1308 3393 liberet.

1095 3337 1308 3393 liberet.
2235 3347 2327 3400 τὸν
2351 3347 2634 3418 ῥυόμενον.

627 3427 788 3484 Vens.
819 3428 904 3481 l2.
933 3447 952 3480 ι
982 3428 1125 3484 Deus
1155 3446 1329 3496 meus,
1358 3446 1429 3486 ne
1453 3432 1724 3503 elongeris
1754 3447 1783 3486 a
1821 3447 1929 3487 me.
1963 3451 1981 3484 ι

1963 3451 1981 3484 ι
2306 3449 2333 3491 ⁸(
2378 3439 2437 3492 '0
2460 3439 2594 3504 Θεός
2624 3457 2752 3510 μου,
2778 3440 2853 3510 μὴ
2880 3438 3165 3511 μακρύνῃς
3188 3439 3290 3493 ἀπ’
3316 3436 3469 3509 ἐμοῦ.
3503 3456 3521 3487 ι

626 3520 695 3574 Et
756 3521 1031 3590 quomodo
1084 3520 1228 3576 Deus
1276 3537 1444 3591 super
1475 3536 1669 3577 omnes
1706 3523 1838 3577 etin
1870 3525 2130 3578 omnibus

2307 3529 2420 3581 Kal.
2444 3529 2563 3592 πῶς
2591 3532 2620 3583 ὁ
2651 3530 2783 3591 Θεὸς
2814 3531 2907 3583 ἐπὶ
2929 3528 3150 3584 πάντων
3171 3529 3271 3581 καὶ
3292 3530 3351 3580 ὲν
3378 3527 3503 3580 πᾶσι
3534 3521 3743 3594 μακρύνε-

551 3610 856 3681 elongatur,
904 3609 1008 3663 nisi
1038 3611 1258 3679 quando
1276 3625 1378 3664 nos
1406 3611 1526 3680 ejus
1565 3613 1856 3682 praesentia
1908 3613 2111 3683 indign:

2235 3639 2347 3687 ται,
2378 3620 2587 3694 ἀλλ’[ἢ]
2618 3622 2747 3675 ὅταν
2769 3623 2932 3692 ἡμεῖς
2952 3621 3051 3691 τῆς
3073 3620 3246 3674 αὑτοῦ
3279 3620 3571 3691 παρουσίας
3596 3617 3741 3681 ἀνάξια

549 3702 923 3774 gesserimus?
950 3703 1093 3756 sicut
1126 3717 1225 3771 per
1273 3706 1645 3773 propheticam
1672 3706 1910 3777 linguam
1936 3706 2003 3762 ad
2028 3706 2109 3761 Ju-

2236 3711 2536 3786 πράξωμεν
2553 3731 2567 3782 ;
2589 3713 2780 3783 ὥσπερ
2799 3713 2886 3766 διὰ
2919 3712 3018 3783 τῆς
3035 3712 3386 3783 προφητικῆς
3404 3710 3624 3780 γλώττης
3648 3707 3745 3776 πρὸς

549 3798 696 3851 (lzeos
726 3796 904 3861 dixit:
972 3793 1197 3849 Peccata
1251 3805 1432 3851 vestra
1470 3797 1721 3853 dividunt
1776 3799 1920 3852 inter
1946 3814 2041 3854 vos
2072 3815 2103 3854 e

2248 3806 2537 3870 Ἰουδαίους
2577 3806 2783 3874 ἔλεγεν*
2808 3807 2874 3860 Δί
2897 3804 3164 3876 ἁμαρτίαι
3204 3804 3361 3876 ὑμῶν
3390 3802 3637 3857 διιστῶσιν
3652 3801 3745 3853 ἀνα-

550 3892 719 3950 Deum
749 3892 814 3943 “.

2240 3899 2405 3970 μέσον
2435 3898 2591 3969 ὑμῶν
2628 3897 2839 3952 καὶτοῦ
2878 3897 3036 3952 Θεοῦ.

619 3982 900 4042 νειιε.21.
937 4005 957 4039 ι
1009 3987 1380 4061 Multiplicasti
1433 4002 1598 4057 super
1653 4000 1740 4039 me
1771 3982 2128 4053 magniﬁcen-

2053 3998 2128 4035 ιη·
2312 4007 2332 4040 ι
2377 3987 2739 4049 Ἐπλεόνασας
2784 3988 2871 4039 ἐπ’
2900 3986 2999 4056 ἐμὲ
3031 3986 3131 4059 τὴν
3167 3987 3568 4058 μεγαλωσύνην.
3598 4003 3613 4035 ι

547 4093 699 4135 tiam.
740 4096 758 4127 ι

620 4173 1017 4246 Magniﬁcentia
1054 4172 1151 4229 Dei
1183 4183 1267 4229 est
1283 4174 1403 4242 ejus
1455 4174 1520 4227 ad
1552 4187 1654 4225 nos
1685 4169 2080 4225 condescensio
2108 4183 2122 4218 :

2305 4163 2684 4235 Μεγαλωσύνη
2714 4161 2849 4216 Θεοῦ
2881 4164 2914 4231 ὴ
2933 4162 3071 4234 πρὸς
3100 4163 3252 4232 ἡμᾶς
3289 4155 3743 4231 συγκατάθοσιςώξ

545 4269 687 4323 sient
709 4266 852 4321 enim
878 4266 1147 4321 maximus
1162 4274 1353 4321 manet
1381 4280 1634 4335 magnus,
1682 4272 1738 4316 et
1762 4261 1972 4332 pusillis
1988 4276 2105 4315 con-

2234 4258 2341 4327 γὰρ
2370 4256 2627 4327 μέγιστος
2654 4256 2804 4326 μένει
2830 4256 3026 4326 μέγας,
3047 4256 3281 4320 καὶτοῖς
3325 4255 3535 4327 μικροῖς
3560 4262 3742 4315 συγκατ-

542 4359 849 4414 descendit.
883 4356 1168 4424 Quomodo
1205 4367 1390 4412 autem
1450 4370 1603 4410 suam
1660 4354 1727 4407 ad
1780 4368 1881 4407 nos
1926 4353 2102 4407 conde

2234 4350 2479 4421 έρχεται.
2539 4349 2664 4412 Πῶς
2698 4348 2775 4401 -δὲ
2851 4348 2949 4418 τὴν
3002 4348 3141 4418 πρὸς
3199 4351 3347 4419 ἡμᾶς
3406 4342 3742 4415 συγκατάόασιν

542 4450 886 4506 scensionem
905 4450 1320 4521 multiplicavit?
1371 4447 1602 4515 Quando
1640 4448 1897 4502 nimirum
1946 4448 2102 4503 homo

2181 4442 2579 4508 ιὲπλεόνασεν;
2624 4442 2794 4496 Ὅταν
2857 4441 3101 4513 δηλονότι
3153 4443 3446 4511 γενόμενος
3495 4435 3741 4505 ἄνθρωπος,

540 4545 739 4609 factus,
770 4543 846 4598 ita
879 4558 981 4597 nos
1005 4557 1069 4597 ex
1094 4557 1285 4597 errore
1329 4542 1598 4596 reducens
1659 4555 1769 4595 non
1821 4544 2018 4599 terruit
2063 4562 2096 4600 u

2229 4535 2372 4589 οὕτω
2390 4552 2449 4588 τε
2467 4538 2500 4605 ἡ
2510 4536 2616 4605 μᾶς
2641 4537 2707 4588 ἐκ
2734 4538 2833 4607 τῆς
2858 4535 3070 4607 πλάνης
3103 4535 3443 4605 ἐπιστρέψας
3481 4533 3573 4585 οὐκ
3592 4523 3744 4595 £9657;-

538 4650 747 4701 servos,
781 4634 876 4691 sed
898 4635 1212 4691 consolatus
1236 4642 1319 4690 est
1345 4641 1403 4688 ut
1428 4632 1589 4687 ﬁlios.

2229 4644 2320 4682 σεν
2344 4627 2420 4690 ὡς
2442 4627 2685 4693 δούλους,
2717 4628 2833 4682 ἀλλ’
2856 4627 2930 4691 ώς
2954 4628 3102 4689 υἱοὺς
3124 4628 3513 4698 παρεκάλεσεν.

616 4725 777 4782 Vens.
803 4726 894 4781 22.
935 4746 954 4779 ι
978 4726 1113 4782 Nam
1135 4736 1190 4782 et
1214 4741 1315 4798 ego
1351 4725 1674 4782 conﬁtebor.
1723 4747 1742 4781 ι

2305 4739 2323 4772 ι
2356 4721 2467 4773 Καὶ
2489 4720 2599 4791 γὰρ
2619 4718 2730 4788 ἐγὼ
2752 4719 3222 4790 ἐξομολογησομαί
3245 4737 3347 4774 σοι.
3392 4737 3412 4771 ι

606 4818 723 4873 Νοη
757 4830 866 4874 tam
894 4821 945 4875 in
980 4819 1274 4875 sensilibus
1292 4820 1668 4875 instrumentis
1691 4836 1853 4890 quam
1882 4821 1937 4876 in
1958 4823 2123 4877 corde

2304 4812 2380 4865 Ού
2406 4810 2662 4867 τοσοῦτον
2684 4814 2797 4876 τοῖς
2824 4812 3106 4883 αἰσθητοῖς
3129 4813 3250 4868 ὅσον
3267 4813 3324 4865 ὲν
3341 4809 3531 4882 καρδίᾳ
3555 4799 3738 4869 καθαρᾷι

534 4925 673 4979 puro
701 4921 756 4966 et
781 4912 962 4983 lingua
997 4921 1317 4981 temperata,
1336 4920 1388 4965 et
1412 4910 1487 4964 nil
1511 4925 1541 4964 a
1562 4913 1852 4968 sanctitate
1877 4914 2094 4969 alienun

2229 4904 2288 4955 ὲν
2352 4903 2567 4975 γλώττῃ
2629 4903 3007 4976 σωφρονούσῃ,
3063 4904 3158 4957 καὶ
3221 4902 3387 4975 μηδὲν
3445 4894 3739 4995 φθεγγομέξῃ

536 5004 868 5073 proferente.
930 5002 1057 5059 llaec
1107 5004 1253 5059 enim
1289 5019 1478 5060 revera
1526 5019 1654 5061 vasa
1687 5008 1880 5076 psalmi
1924 5011 2096 5066 meriti

2225 4995 2538 5067 ἁγιωσύνης
2585 4996 2888 5069 ἀλλότριον.
2951 4995 3141 5050 Ταῦτα
3185 4994 3296 5067 γὰρ
3353 4992 3557 5066 ἀληθῶς
3613 4992 3738 5051 σκεύη

533 5097 896 5168 appellantur.

2221 5088 2440 5160 ψαλμοῦ
2480 5088 2705 5153 δικαίως
2733 5089 3081 5162 ὀνομάζεται.

1069 5190 1195 5246 PSA
1205 5193 1391 5251 LMUS
1438 5194 1623 5251 LXXI.

2788 5185 3084 5242 ΨΑΛΜΟΣ
3112 5191 3234 5244 OA'.

598 5281 761 5338 Vens.
793 5284 846 5338 6.
885 5303 903 5336 ι
929 5285 1235 5341 Descendet
1262 5288 1404 5344 sicut
1426 5289 1604 5356 pluvia
1641 5290 1693 5343 in
1720 5291 1912 5345 vellus.
1950 5310 1968 5340 ι

1876 5308 1912 5344 ς,
1950 5310 1968 5340 ι
2302 5302 2321 5335 ι
2361 5282 2848 5353 Καταὸήσεταιώς
2871 5283 3024 5347 ὑετὸς
3055 5284 3149 5338 ἐπὶ
3191 5284 3378 5338 πόκον.
3419 5302 3436 5334 ι

603 5374 743 5430 Dicit
768 5376 1040 5448 Unigeniti
1074 5377 1129 5432 in
1158 5379 1388 5449 Deipara
1408 5379 1629 5453 Virgine
1649 5382 2109 5438 exinanitionem:

2296 5374 2407 5445 Τὴν
2432 5376 2661 5429 κένωσιν
2689 5375 2782 5429 τοῦ
2811 5377 3151 5443 Μονογενοῦς
3182 5376 3282 5447 τὴν
3308 5378 3386 5439 είς
3411 5373 3505 5444 τὴν
3525 5363 3738 5424 Θεοτόκον

535 5465 706 5520 vellus
731 5474 915 5522 autem
943 5478 1163 5525 uterum
1192 5472 1314 5541 ejus
1336 5475 1530 5530 merito
1583 5476 1956 5546 nuncupavit;
1982 5477 2095 5547 qui:

2222 5470 2500 5540 Παρθένον
2528 5470 2699 5539 λέγει’
2728 5470 2898 5524 πόκον
2926 5469 2984 5523 δὲ
3004 5470 3173 5542 αὐτῆς
3197 5470 3297 5542 τὴν
3311 5466 3541 5538 γαστέρα
3558 5454 3736 5547 δικαίως

537 5557 630 5612 Dei
656 5556 816 5616 Verbi
863 5562 1158 5618 adventum
1200 5564 1386 5635 quiete
1434 5581 1499 5622 ac
1543 5567 1659 5621 sine
1686 5567 1941 5636 strepitu,
2000 5583 2097 5622 nor

2219 5564 2499 5616 ἐκάλεσενο
2545 5562 2734 5632 ἐπειδὴ
2789 5563 2882 5616 τοῦ
2931 5562 3069 5616 Θεοῦ
3119 5562 3292 5632 Λόγου
3344 5561 3441 5631 τὴν
3484 5546 3735 5622 ἐπιδημίαν

612 5735 656 5767 ⁸⁸
678 5740 820 5798 Fsal.
847 5756 959 5807 ειη,
998 5745 1090 5797 2t.
1167 5746 1211 5778 "
1236 5743 1337 5799 lsa.
1370 5761 1479 5811 ως,
1509 5746 1544 5798 2
