3950 6406
176 300 326 368 ἶ237

1324 301 1789 365 FRAGMENTA
1823 301 1907 362 IN
1932 302 2306 378 nsanos.

3316 306 3463 373 1233Γ

176 419 371 490 ήσυχῆ
402 416 499 471 καὶ
524 414 810 488 ἀψοφητὶ,
844 415 1099 487 καθάπερ
1125 415 1291 479 πόκος
1317 417 1411 469 τὸν
1439 416 1616 484 ὐετδν,
1660 415 1775 470 ἑδέ-

1919 433 2039 474 acus
2069 434 2133 474 ac
2166 419 2340 474 vellus
2354 416 2616 488 pluviam,
2642 416 2905 487 suscepit.
2942 414 3244 488 Hocipsum
3268 430 3450 476 autem

180 511 343 575 ξατο.
363 511 438 562 Τὸ
462 510 507 562 δ’
536 510 669 563 αὐτὸ
695 510 793 563 καὶ
815 509 907 562 ἐπὶ
936 508 1044 563 τῶν
1077 510 1352 575 σταγόνων
1377 511 1544 580 ἐρεῖς.

264 624 285 656 ι
334 603 595 658 Ἐνώπιον
613 602 778 656 αὐτοῦ
807 602 1208 674 προπεσοῦνται
1248 602 1526 667 Αἰθίοπες.
1576 621 1595 653 ι

258 697 381 751 Νῦν
406 695 505 767 μὲν
536 695 777 760 ἑκόντες,
823 698 880 748 ὲν
915 696 972 748 δὲ
1010 694 1087 765 τῷ
1130 696 1377 765 μέλλοντι
1406 697 1501 751 καὶ
1530 696 1775 759 ἄκοντες.

183 787 366 841 Οὔπω
398 788 528 857 γὰρ.
568 786 714 840 κατὰ
762 786 856 840 τὸν
891 786 1241 852 Ἀπόστολον,
1284 787 1501 857 ὁρῶμεν
1531 787 1681 857 αὐτῷ
1712 785 1782 840 τὰ

187 880 380 932 πάντα
410 877 848 948 ὑποτεταγμένα.
877 877 1038 932 Ἀλλὰ
1061 880 1194 933 τότε
1223 878 1444 947 κάμψει
1472 877 1632 944 αὺτῷ
1660 876 1785 934 πᾶν

187 971 349 1039 γόνυ
373 970 768 1038 ἐπουρανίων,
792 969 889 1027 καί
908 971 1206 1041 ἐπιγείων,
1227 970 1325 1024 καί
1350 969 1782 1040 καταχθονίων.

205 1064 267 1117 Ἐ
274 1064 434 1135 χθροὶ
462 1063 519 1116 δὲ
545 1062 713 1117 αὐτοῦ
748 1063 1023 1151 λείχοντες
1061 1061 1215 1134 χοῦν,
1238 1065 1288 1116 οἱ
1320 1062 1419 1127 τὰς
1447 1063 1546 1133 τῆς
1582 1062 1784 1132 σαρκὸς

193 1156 540 1229 ἡδυπαθείας
562 1155 855 1224 τιμῶντες.

277 1268 298 1300 α
350 1250 444 1303 Ἐκ
464 1248 627 1304 τόκου
663 1247 760 1302 καὶ
780 1248 838 1315 ἐξ
862 1247 1098 1312 ἀδικίας.
1125 1267 1143 1301 ι

154 1373 161 1393 ι
270 1342 463 1395 Πείσει
512 1340 713 1403 τοίνυν,
761 1339 918 1410 φησὶ,
974 1339 1100 1403 τοὺς
1144 1338 1329 1410 ἀδικίᾳ
1369 1339 1465 1394 καὶ
1503 1338 1787 1409 πλεονεξία

194 1437 521 1506 χαίροντας,
560 1432 697 1504 ὲλὲῳ
725 1433 818 1486 καὶ
850 1430 1236 1502 φιλανθρωπίᾳ
1267 1430 1589 1501 κεχρῆσθαι.
1617 1429 1788 1484 Τοῦτο

196 1524 254 1577 δὲ
277 1520 350 1596 ἦν
392 1525 530 1595 ὅπερ
578 1522 965 1593 ἐπεσημήνατο
1011 1521 1045 1592 ἡ
1086 1521 1181 1574 τοῦ
1229 1521 1567 1588 Εὐαγγελίου
1598 1519 1788 1590 Γραφὴ

200 1615 456 1686 φήσασα
516 1616 776 1680 Τούτους
806 1614 950 1678 τοὺς
988 1612 1219 1667 δώδεκα
1246 1611 1571 1677 ἐξελέξατο
1601 1615 1633 1668 ὁ
1671 1614 1789 1678 Ἰηο

199 1707 381 1773 σοῦς,
410 1706 520 1772 οὓς
542 1706 642 1760 καί
674 1705 1063 1771 ἀποστόλους
1093 1705 1431 1774 ὠνόμασεν.

283 1818 305 1850 ι
335 1797 447 1852 Καὶ
471 1796 690 1867 ἔντιμον
711 1797 772 1850 τὸ
791 1796 964 1866 ὄνομα
993 1795 1195 1850 αὐτῶν.
1237 1814 1257 1847 ι

280 1891 443 1944 Ποῖον
466 1888 669 1958 6νομα;
712 1889 772 1938 '0
796 1887 1053 1958 Χριστὸς,
1087 1886 1181 1956 ἀφ’
1227 1880 1287 1941 οὗ
1333 1885 1653 1958 Χριστιανοὶ
1697 1902 1791 1939 κε-

204 1980 487 2052 κλήμεθα.
512 1979 669 2035 Οὐτω
695 1980 804 2049 γὰρ
830 1979 1050 2051 ἔντιμον
1073 1979 1134 2033 τὸ
1153 1979 1324 2049 ὄνομα
1362 1979 1529 2033 αὐτοῦ
1558 1978 1792 2033 ἐνώπιον

204 2072 320 2124 τῶν
350 2071 418 2124 δι’
445 2068 612 2124 αὐτοῦ
644 2069 928 2123 σωθέντων
959 2070 1055 2123 καὶ
1083 2068 1495 2124 πιστευσάντων
1525 2068 1795 2139 καθέστη-

208 2179 333 2218 κεψ
373 2162 519 2217 ὥστε
548 2163 678 2226 τοὺς
727 2163 826 2232 μὲν
863 2162 1122 2229 πλούτου,
1162 2165 1293 2227 τοὺς
1344 2162 1400 2217 δὲ
1440 2161 1618 2229 ἀξίας,
1668 2164 1795 2227 τοὺς

209 2256 273 2310 δὲ
330 2253 429 2309 καὶ
480 2253 652 2325 αὐτῆς
712 2254 811 2324 τῆς
869 2253 1015 2324 ζωῆς
1067 2255 1508 2326 καταφρονῆσαι,
1578 2254 1667 2308 ἵνα
1719 2254 1796 2325 μὴ

212 2350 280 2402 τδ
325 2346 435 2402 τῶν
486 2347 837 2418 Χριστιανῶν
895 2347 1238 2419 ἀρνήσασθαι
1285 2346 1654 2417 ὑπομείνωσιν
1683 2346 1795 2400 δνο-

224 2457 323 2510 μα.

302 2550 321 2583 ι
350 2531 460 2585 Καὶ
491 2529 886 2603 προσεύξονται
916 2529 1049 2599 περὶ⁹
1076 2528 1264 2583 αὐτοῦ.
1306 2546 1326 2580 ι

293 2624 429 2678 Οὐδὲ
475 2623 585 2693 γὰρ
623 2625 681 2676 ὲν
725 2621 1051 2693 ἐκκλησίαις
1080 2621 1264 2692 μόνον,
1294 2620 1431 2675 ἀλλὰ
1463 2621 1557 2674 καὶ
1582 2622 1639 2674 ὲν
1668 2621 1800 2689 ἀγο-

220 2716 347 2784 ραῖς
379 2715 475 2768 καὶ
504 2714 565 2768 ὲν
593 2712 765 2777 οἴκοις
797 2712 1118 2784 διηνεκῶςή
1148 2711 1245 2766 τοῦ
1277 2711 1521 2784 Χριστοῦ
1556 2711 1798 2781 εὐλογία,

218 2806 469 2860 τουτέστι
511 2805 812 2875 δοξολογία,
842 2804 996 2876 παρὰ
1023 2804 1133 2859 τῶν
1164 2804 1245 2868 είς
1275 2804 1437 2860 αὐτὸν
1501 2820 1802 2858 πεπιστευ-

222 2899 404 2952 κὸτων
427 2895 780 2968 κηρύττεται.

302 3010 321 3042 ι
358 2991 469 3045 Καὶ
499 2988 956 3061 εὐλογηθήσονται
982 2991 1038 3044 ὲν
1062 2987 1208 3060 αὐτῷ
1232 2989 1403 3042 πᾶσαι
1431 2989 1488 3042 αἱ
1517 2986 1682 3057 φυλαὶ
1704 2988 1802 3058 τῆς

223 3101 349 3155 γης.
393 3103 415 3137 ι

295 3176 475 3228 Πᾶσαι
508 3173 617 3244 γὰρ
648 3172 832 3243 φυλαὶ,
865 3172 1037 3226 πᾶσαι
1066 3170 1308 3240 γλῶσσαι
1329 3172 1422 3226 καὶ
1452 3171 1648 3243 χῶραι,
1670 3170 1806 3241 πρό-

220 3282 384 3336 τερον
412 3264 470 3317 ἐν
520 3265 586 3334 τῇ
630 3262 807 3333 πλάνῃ
835 3260 1144 3330 διάγουσαι,
1195 3260 1289 3314 νῦν
1345 3259 1652 3331 συμφώνως
1705 3259 1807 3329 τὴν

221 3357 479 3426 εὐλογίαν
506 3355 772 3421 ὲδέξαντο’
791 3354 914 3409 ὅθεν
941 3353 1103 3407 αὐτὸν
1137 3353 1234 3407 καὶ
1264 3350 1621 3424 μακαριοῦσι’
1654 3352 1807 3404 ποῖον

223 3448 622 3521 μακαρισμὸν,
673 3447 706 3519 ἢ
767 3446 987 3510 πάντως
1033 3445 1126 3500 τὸν
1184 3445 1245 3497 ὲν
1298 3447 1411 3506 τοῖς
1457 3441 1810 3511 Εὐαγγελίοις

223 3542 503 3610 κείμενον·
530 3540 809 3609 Μακαρία
837 3538 877 3606 ἡ
903 3538 1103 3593 κοιλία
1127 3537 1165 3605 ἡ
1191 3533 1563 3602 βαστάσασὰ
1584 3549 1679 3598 σε,
1708 3532 1807 3587 καὶ

217 3634 447 3706 μαστοὶ
478 3632 586 3698 οὓς
611 3631 918 3699 ἐθήλασας
939 3647 956 3694 ἰ

304 3746 324 3777 ι
371 3722 679 3795 Εὐλογητὸς
713 3722 917 3793 Κύριος
939 3719 1120 3784 ὁΘεδς
1145 3717 1237 3773 τοῦ
1285 3716 1522 3789 Ἰσραήλ.
1564 3733 1584 3768 ι

299 3818 403 3872 Διά
433 3816 485 3871 τί
526 3816 584 3870 δὲ
619 3814 963 3879 διπλασιάζει
994 3813 1075 3877 τὸ,
1113 3811 1398 3876 Feretro;
1457 3807 1813 3891 Ἐπιταχῦναι

224 3909 330 3980 τήν
362 3907 643 3979 ἡμετέραν
701 3904 1015 3974 ἐλευθερίαν
1066 3903 1391 3975 βουλόμενος
1444 3902 1538 3955 καὶ
1566 3899 1664 3972 τὴν
1703 3898 1811 3951 τῶν

225 4001 462 4056 δικαίων
488 3999 701 4054 ἐλπίδα.
740 3999 909 4051 Ὅταν
934 3995 1044 4068 γὰρ
1072 3998 1106 4069 ή
1142 3995 1215 4066 γῆ
1242 3993 1507 4066 πληρωθῇ
1530 3993 1630 4061 τῆς
1655 3989 1813 4060 δόξης

227 4095 326 4149 τοῦ
357 4092 616 4164 Χριστοῦ,
641 4090 761 4144 τότε
802 4090 833 4143 ὁ
861 4087 1053 4161 παρὼν
1090 4088 1294 4159 κόσμος
1334 4086 1690 4148 συντελεῖται,
1720 4082 1815 4135 καὶ

226 4189 261 4255 ή
292 4183 543 4257 βασιλεία
566 4176 676 4236 τῶν
706 4180 952 4252 οὐρανῶν
976 4180 1357 4252 ὲμφανίσεται.

800 4270 1094 4323 ΨΑΛΜΟΣ
1129 4266 1250 4325 OB'.

311 4385 333 4417 ι
378 4365 465 4429 Ὠς
488 4365 692 4433 ἀγαθὸς
719 4367 747 4418 ὁ
773 4363 905 4426 Θεὸς
937 4361 1015 4432 τῷ
1048 4360 1299 4432 Ἰσραήλί
1335 4378 1353 4410 ι

1878 511 2045 566 etiam
2075 513 2143 567 de
2169 511 2466 568 stillicidiis
2494 512 2665 568 dices.

1956 599 2118 654 Vens.
2154 600 2207 655 9.
2241 619 2257 651 ι
2296 600 2494 656 Coram
2514 603 2607 657 illo
2635 604 3247 674 procidentEthiopes.
3290 621 3307 651 ι

1950 690 2104 747 Nunc
2125 693 2346 762 quidem
2378 695 2699 764 voluntarii;
2752 699 2807 753 in
2844 698 3029 754 futuro
3049 705 3230 750 autem
3256 694 3457 749 saeculo

1881 786 2042 842 etiam
2068 788 2244 844 inviti.
2289 790 2542 846 Nondum
2568 794 2735 861 enim,
2789 793 3090 848 secundum
3114 786 3453 860 Apostolum,

1881 876 2132 934 videmus
2156 879 2256 965 ipsi
2280 881 2463 935 omnia
2495 883 2761 953 subjecta.
2797 883 2905 938 Sed
2936 892 3065 938 tunc
3100 882 3342 952 ﬂectetur
3356 877 3458 945 ipsi

1884 985 2035 1023 omne
2067 988 2221 1041 genu,
2255 973 2561 1041 caelestium,
2589 975 2918 1031 terrestrium
2967 983 3018 1030 et
3040 968 3452 1046 infet‘norum".

1886 1061 2095 1117 Inimici
2124 1072 2307 1119 autem
2339 1067 2459 1134 ejus
2483 1067 2575 1136 qui
2604 1068 2885 1137 pulverem
2937 1067 3171 1137 lingunt,
3195 1073 3325 1125 sunt
3375 1060 3454 1115 illi

1883 1152 1976 1221 qui
2004 1154 2184 1209 carnis
2217 1155 2584 1223 voluptatibus
2603 1157 2769 1212 dediti
2790 1166 2936 1212 sunt.

1955 1244 2118 1302 Vens.
2151 1246 2239 1304 14.
2281 1266 2301 1300 ι
2331 1247 2409 1302 Ex
2437 1265 2601 1305 usura
2643 1257 2698 1305 et
2718 1250 3021 1320 iniquitate.
3060 1269 3080 1302 ι

1957 1338 2244 1395 Permittet
2262 1339 2444 1411 igitur,
2472 1340 2671 1410 inquit,
2691 1355 2787 1395 eos
2808 1341 2901 1410 qui
2948 1339 3215 1411 iniustitia
3239 1352 3296 1398 et
3333 1358 3460 1397 ava-

1889 1432 2011 1487 ritia
2042 1431 2351 1503 gaudebant
2381 1431 2752 1487 misericordia
2787 1440 2844 1486 et
2869 1432 3158 1488 clementia
3181 1432 3309 1487 frui.
3344 1433 3462 1488 Hoc

1889 1534 2071 1580 autem
2093 1534 2212 1580 erat
2240 1526 2295 1581 id
2326 1525 2471 1596 quod
2495 1523 2807 1581 insinuahat
2833 1524 3145 1595 evangelica
3179 1524 3461 1595 Scriptura

1889 1616 2116 1672 dicens:
2140 1615 2317 1687 Elegit
2345 1617 2617 1672 duodecim
2646 1631 2710 1670 ex
2735 1616 2860 1685 ipsis
2890 1615 3062 1681 Iesus,
3088 1631 3218 1686 quos
3252 1626 3300 1670 et
3332 1631 3466 1682 apo-

1889 1709 2046 1765 stolas
2070 1710 2355 1765 nominauit
2379 1712 2444 1765 “.

1965 1822 1983 1853 ι
2017 1802 2085 1857 Ει
2113 1801 2432 1857 honorabile
2461 1818 2657 1861 nomen
2679 1817 2892 1859 eorum.
2940 1820 2961 1852 ι

1909 1928 1919 1934 -
1963 1891 2133 1958 Quale
2154 1892 2681 1960 nomen?Christus,
2723 1911 2752 1948 a
2803 1911 2912 1965 quo
2949 1894 3246 1951 Christiani
3279 1893 3470 1963 appel-

1893 1983 2385 2039 latisumus.'l‘am
2413 1986 2558 2040 enim
2579 1987 2901 2042 honorabile
2953 1996 3037 2042 est
3096 2000 3297 2041 nomen
3349 1985 3470 2049 eius

1893 2077 1948 2131 in
1975 2085 2275 2148 conspectu
2304 2093 2495 2133 eorum
2521 2079 2615 2148 qui
2643 2094 2738 2148 per
2780 2079 2957 2150 ipsum
2984 2078 3184 2135 servati
3208 2086 3356 2141 sunt,
3407 2089 3472 2129 ac

1897 2167 2278 2233 crediderunt;
2312 2177 2373 2223 ut
2394 2168 2483 2224 alii
2511 2169 2729 2239 quidem
2752 2170 2989 2236 divitias,
3018 2170 3110 2225 alii
3131 2184 3261 2225 vero
3290 2167 3470 2239 digni—

1899 2267 2061 2325 tates,
2091 2258 2183 2314 alii
2211 2259 2445 2330 denique
2469 2261 2633 2315 vitam
2663 2261 2835 2331 ipsam
2891 2260 3340 2331 contempserint,
3400 2272 3474 2313 ne

1896 2348 2329 2406 Christianorum
2360 2366 2559 2406 nomen
2591 2366 2817 2423 negasse
2844 2361 3199 2421 putarentur»

1975 2532 2137 2587 Vsus.
2161 2533 2247 2588 15.
2281 2550 2300 2584 ι
2333 2533 2401 2589 Et
2427 2533 2733 2588 adorabunt
2763 2532 2833 2588 de
2863 2533 3003 2604 ipso.
3042 2550 3068 2584 ι

1968 2621 2089 2676 Non
2119 2621 2295 2676 solum
2325 2622 2470 2676 enim
2499 2622 2552 2675 in
2576 2622 2843 2689 ecclesiis,
2875 2622 2973 2677 sed
2994 2622 3160 2677 etiam
3184 2622 3239 2677 in
3269 2622 3477 2693 compi-

1902 2713 1973 2769 tis
2026 2721 2083 2768 et
2137 2712 2192 2766 in
2223 2712 2475 2767 domibus
2515 2713 2732 2768 assidue
2769 2712 2976 2768 Christi
3031 2713 3365 2778 benedictio,
3424 2713 3478 2767 id

1903 2814 1988 2861 est
2040 2805 2342 2862 honoriﬁca
2403 2805 2756 2876 praedicatio,
2818 2805 2882 2859 ﬁt
2936 2820 2968 2860 a
3014 2806 3364 2862 credentibus
3423 2806 3493 2860 in.

1904 2912 2102 2967 ipsum.

1979 2988 2140 3045 Vnus.
2169 2990 2256 3044 Π.
2292 3009 2311 3042 ι
2358 2989 2423 3045 Ει
2452 2989 2850 3046 benedicentur
2902 2991 2956 3044 in
2992 2990 3117 3061 ipso
3144 3005 3334 3046 omnes
3380 2977 3481 3045 tri;

1833 3084 1876 3142 C
1908 3084 2009 3138 bus
2029 3092 2202 3137 terrae.
2234 3102 2257 3134 ι

1976 3171 2183 3228 Omnes
2215 3171 2362 3227 enim
2392 3172 2591 3239 tribus,
2627 3186 2820 3226 omnes
2874 3171 3073 3242 linguae
3124 3186 3188 3225 ac
3208 3170 3487 3241 regiones,

1909 3279 2031 3335 quae
2061 3264 2214 3335 prius
2239 3265 2293 3319 in
2321 3279 2509 3320 errore
2541 3264 2923 3329 versabantur,
2969 3278 3119 3319 nunc
3139 3263 3485 3319 concorditer

1910 3353 2353 3410 benedictionem
2402 3362 2731 3424 receperunt
2774 3371 2790 3408 :
2847 3352 2991 3408 unde
3035 3351 3212 3422 ipsum
3269 3364 3486 3421 quoque

1910 3448 2130 3503 beatum
2159 3446 2495 3516 praedicant:
2537 3446 2682 3515 quali
2713 3444 3091 3502 beatitudine?
3122 3444 3227 3499 nisi
3259 3444 3487 3499 omnino

1910 3538 2001 3593 illa
2034 3553 2156 3606 quae
2186 3539 2239 3592 in
2260 3535 2569 3605 Evangeliis
2590 3536 2821 3590 habetur
2851 3551 2864 3588 :
2894 3534 3091 3589 Beatus
3110 3543 3288 3588 venter
3312 3535 3402 3604 qui
3436 3543 3493 3588 te

1912 3630 2161 3698 portavit,
2200 3640 2246 3682 et
2282 3628 2444 3682 ubera
2474 3641 2590 3697 qum
2611 3625 2800 3680 δαπίδιὶ
2820 3625 2895 3679 τ’.

1984 3716 2144 3771 Vsus.
2176 3718 2256 3772 I8.
2288 3736 2306 3767 ι
2342 3717 2665 3771 Benedictus
2690 3713 2951 3769 Dominus
2986 3713 3127 3768 Deus
3151 3714 3336 3768 Israel.
3377 3733 3393 3764 ι

1983 3807 2092 3864 Cur
2118 3817 2298 3863 autem
2332 3807 2572 3878 geminat
2593 3806 2725 3862 illud
2750 3806 2871 3861 Fiat
2899 3806 2923 3859 .9
2945 3805 3155 3876 Nempe
3189 3806 3485 3860 accelerari

1913 3901 2140 3971 cupiens
2200 3910 2443 3956 nostram
2520 3900 2825 3955 libertatem
2889 3913 2952 3953 ac
2987 3912 3141 3967 spem
3190 3897 3485 3967 iustorum.

1914 3994 2144 4060 Quando
2168 3995 2314 4050 enim
2348 4000 2490 4048 terra
2520 3991 2723 4048 Christi
2780 3991 2946 4063 gloria
2978 3990 3144 4045 fuerit
3172 3989 3493 4060 adimpleta,

1917 4097 2048 4142 tunc
2076 4102 2321 4158 praesens
2347 4085 2585 4140 mundus
2628 4082 3117 4147 consummabitur,
3180 4097 3242 4135 ac
3262 4096 3494 4151 regnum

1917 4180 2178 4236 caelorum
2206 4176 2661 4233 manifestabitur.

2430 4266 2752 4323 PSALMUS
2783 4264 2993 4319 LXXII.

1995 4362 2153 4419 Vens.
2186 4364 2236 4417 1.
2275 4381 2293 4415 ι
2323 4360 2498 4428 Quam
2521 4360 2700 4414 bonus
2728 4359 2872 4413 Deus
2897 4356 3089 4411 Israel!
3118 4374 3136 4409 ι

306 4454 484 4518 Πόδας
513 4457 607 4508 καὶ
635 4452 947 4525 διαδήματα
982 4450 1080 4514 τὰς
1117 4450 1423 4521 πρακτικὰς
1463 4447 1689 4519 πορείας
1717 4447 1802 4500 καὶ

1988 4453 2163 4508 Pedes
2193 4467 2256 4507 ac
2284 4467 2505 4523 gressus
2533 4456 2692 4506 vocat
2743 4448 3013 4519 practicos
3058 4461 3381 4519 progressus
3430 4460 3497 4501 ae

229 4547 304 4599 τὰ
336 4547 437 4615 τῆς
465 4545 703 4608 διανοίας
745 4541 1169 4614 προσαγορεύων
1199 4541 1499 4612 κινήματα,
1535 4539 1611 4602 ὡς
1651 4537 1815 4600 αὐτὸς

229 4646 387 4714 ἡμᾶς
416 4645 474 4696 ὲν
496 4643 667 4714 ἑτέρῳ
700 4642 853 4712 μέρει
889 4642 989 4709 τῆς
1017 4637 1125 4693 τῶν
1164 4635 1417 4707 Ψαλμῶν
1472 4632 1814 4706 προφητείας

231 4734 469 4802 ἐδίδαξε,
505 4735 744 4804 Λύχνος
772 4732 899 4797 τοῖς
922 4730 1068 4784 ποσί
1091 4747 1214 4800 μου
1255 4731 1288 4783 ὁ
1315 4728 1500 4797 νόμος
1547 4742 1687 4790 σου,
1718 4722 1818 4776 καί

231 4824 370 4898 ςσῶς
407 4825 537 4890 ταῖς
558 4825 779 4893 τρίϐοις
805 4840 944 4892 μου,
972 4821 1168 4890 λέγων.
1212 4819 1322 4875 Καὶ
1370 4817 1551 4872 πάλιν*
1586 4814 1661 4872 Τὰ
1692 4812 1818 4866 δια-

232 4913 475 4983 δήματὰ
498 4931 617 4982 μου
649 4912 1018 4967 κατεὺθυνον
1070 4907 1220 4962 κατὰ
1244 4908 1311 4961 τὸ
1343 4907 1553 4975 λόγιόν
1573 4920 1711 4960 σου.
1745 4906 1818 4959 Οὐ

244 5006 355 5075 μὴν
384 5003 652 5074 ἐσαλεύθη
698 5005 822 5065 τοὺς
858 5001 1044 5065 πόδας⁸
1088 4999 1356 5064 τουτέστι,
1396 4998 1497 5067 τὴν
1541 4996 1820 5051 πολιτείαν

245 5095 419 5148 ὲπὶτὸ
445 5097 628 5165 χεῖρον
664 5094 764 5147 οὐγ
805 5092 1053 5163 ἔτρεψεν,
1088 5090 1208 5145 οὐδὲ
1251 5089 1483 5161 ἐξεχύθη
1523 5088 1591 5142 τὰ
1626 5088 1821 5159 διαϐή-

246 5202 415 5256 ματα·
469 5186 590 5240 οὐδὲ
640 5185 748 5258 γὰρ
797 5185 896 5251 τὰς
925 5185 1101 5257 ὁρμὰς
1146 5186 1246 5257 τῆς
1282 5186 1461 5257 ψυχῆς
1482 5186 1562 5245 είς
1588 5185 1824 5238 ἀσωτίαν

241 5279 496 5351 ἔτρεψεν.

322 5386 345 5422 r
391 5367 519 5421 Ὅτί
540 5368 640 5421 οὐκ
669 5366 815 5421 ἔστιν
841 5368 1125 5429 ἀνάνευσις
1158 5367 1216 5419 ἐν
1238 5366 1316 5437 τῷ
1341 5366 1574 5437 θανάτῳ.
1617 5385 1636 5419 ι

321 5459 397 5511 Οὐ
421 5460 529 5530 γὰρ
556 5457 702 5512 ἔστιν
725 5458 1011 5522 ἁνάνευσις
1036 5458 1100 5512 ἐκ
1124 5461 1218 5511 τοῦ
1247 5458 1476 5515 θανάτου
1506 5458 1605 5526 τῆς
1638 5458 1821 5527 ἁμαρ-

239 5552 391 5615 τὶις,
425 5550 613 5618 σαφῶς
645 5550 702 5604 δὲ
726 5550 785 5603 τὸ
818 5550 1109 5622 εἰρημένον
1133 5553 1189 5603 ὲν
1219 5548 1547 5620 Παροιμίαις
1579 5549 1821 5618 πάσχου-

1919 4546 2123 4603 mentis
2150 4544 2438 4610 motiones,
2473 4550 2634 4611 prout
2656 4543 2770 4610 ipse
2804 4555 2903 4595 nos
2957 4539 3011 4593 in
3033 4538 3139 4592 alia
3197 4537 3498 4608 prophetia:

1921 4641 2259 4696 l’salmorum
2278 4646 2430 4709 parte
2456 4634 2641 4690 docuit
2688 4634 2876 4711 dicens
2920 4649 2934 4686 :
2999 4632 3237 4686 Lucerna
3282 4630 3498 4699 pedibus

1924 4732 2053 4786 meis
2083 4730 2167 4784 lea:
2195 4738 2286 4781 tua
2312 4724 2565 4798 [Vulgata
2617 4723 2833 4777 verbum
2887 4718 3083 4791 tuum],
3129 4728 3177 4773 et
3210 4718 3384 4772 (uinea
3413 4734 3496 4772 sc-

1925 4823 2067 4875 mitis
2089 4820 2238 4874 meis.
2281 4818 2349 4873 Et
2380 4815 2576 4870 iterum
2612 4831 2625 4867 ε
2658 4813 2883 4868 Grcssus
2922 4828 3061 4865 meos
3103 4811 3272 4882 dirige
3308 4825 3495 4863 secun-

1925 4917 2051 4965 dum
2077 4908 2341 4979 eloquium
2374 4915 2522 4959 tuum
2548 4904 2608 4956 ⁷³.
2653 4902 2807 4958 llaud
2835 4917 2965 4957 sane
2998 4901 3131 4956 moti
3165 4901 3495 4971 suntpcdes;

1929 5003 1991 5061 id
2012 5011 2116 5061 est.
2151 5001 2278 5055 vita:
2307 4998 2618 5052 institutum
2638 4995 2704 5050 ad
2735 4994 2937 5053 malum
2990 5010 3099 5049 non
3121 4993 3364 5056 divertit,
3397 5007 3491 5045 ne-

1936 5108 2042 5163 que
2067 5092 2224 5148 eﬂusi
2247 5099 2376 5146 sunt
2423 5101 2642 5161 gressus
2677 5102 2692 5140 :
2727 5101 2856 5140 nam
2916 5084 3084 5138 animi
3124 5083 3358 5152 impetus
3386 5095 3513 5134 non.

1924 5185 2126 5242 laxavit
2165 5184 2231 5240 ad
2270 5178 2775 5251 intemperantiam.

2000 5358 2165 5414 Vsus.
2193 5357 2245 5412 4.
2279 5374 2297 5409 ι
2326 5355 2464 5423 Quia
2491 5370 2599 5409 non
2632 5364 2715 5410 est
2742 5360 3025 5423 respectus
3054 5350 3109 5404 in
3137 5357 3333 5405 morte.
3369 5366 3390 5399 ι

1999 5449 2118 5506 Non
2146 5450 2292 5505 enim
2323 5457 2407 5505 est
2429 5455 2716 5517 respectus
2741 5460 2806 5501 ex
2838 5452 3018 5499 morte
3085 5441 3318 5514 peccati.
3371 5440 3504 5494 I’er—

1930 5545 2118 5614 spicue
2147 5551 2326 5597 autem
2352 5541 2632 5612 patiuntur
2658 5539 2711 5595 id
2734 5537 2877 5610 quod
2897 5536 2951 5592 in
2972 5534 3281 5591 Proverbiis
3296 5532 3506 5592 dictum

318 5733 368 5766 το
398 5729 600 5801 Philip.
625 5746 686 5796 II,
719 5730 802 5785 l0.
876 5730 919 5762 ⁷¹
951 5727 1085 5786 Luc.
1113 5745 1188 5795 νι,
1224 5729 1306 5782 15.
1381 5729 1426 5759 ⁷²
1454 5727 1582 5781 Luc.
1616 5744 1688 5792 χι,
1722 5728 1802 5781 ‘27.

1919 5726 1928 5757 ’
1960 5725 2099 5780 Psal.
2137 5739 2320 5790 cxvm,
2352 5721 2470 5777 l03.
