3950 6408
468 292 601 359 1239

1650 313 2011 375 HESYCHII
2067 316 2541 379 PRESBYTERI

3596 321 3733 390 1240

463 417 548 462 est
574 448 586 461 .
628 408 832 479 Impius
866 429 983 467 cum
1003 414 1243 471 inciderit
1273 411 1530 491 [Vulgata
1574 424 1793 496 venerit]
1826 425 1881 478 in
1920 441 2032 494 pro-

2148 443 2250 480 σιν·
2308 428 2557 496 Ἀσεϐὴς
2596 426 2878 498 ἐμπεσὼν
2922 431 3010 496 εἰς
3065 431 3226 501 βάθη
3270 434 3499 499 κακῶν,
3549 451 3733 490 κατα-

463 500 688 571 fundum
720 505 1002 574 malorum,
1027 511 1309 563 contemnit
1342 512 1404 566 ".

536 591 724 663 Neque
771 597 1007 654 humana
1048 602 1156 670 pati
1204 603 1500 659 sustinent.
1533 604 1725 663 Cernis
1776 620 2041 678 quantum

463 683 531 738 ad
561 685 861 743 claritatem
892 691 1139 747 conferat
1159 695 1326 749 etiam
1391 697 1549 751 unica
1575 698 1742 753 dictio
1772 700 1851 755 rei
1874 716 2043 773 appo-

462 776 584 832 sita.
620 776 840 836 Poterat
878 783 1026 838 enim
1058 785 1278 850 dixisse,
1304 786 1363 841 In
1402 788 1682 846 laboribus
1712 808 1828 847 non
1871 802 2037 861 sunt;

462 869 516 921 in
544 868 807 926 laboribus
838 874 1107 929 hominum
1126 877 1395 947 adiunxit.
1434 878 1720 937 Hominem
1748 893 1932 939 autem
1954 886 2042 941 hic

463 961 702 1031 intellige
756 964 849 1034 qui
909 967 1145 1022 custodit
1215 969 1536 1040 dignitatem
1612 976 1787 1043 partis
1875 977 2042 1030 ratio-

460 1052 621 1119 nalis,
656 1062 736 1127 ,ει
789 1056 1084 1113 virtutibus
1136 1068 1222 1116 cst
1282 1062 1580 1131 praeditus;
1636 1065 1725 1120 vel
1754 1080 1879 1120 eum
1922 1069 2075 1137 qui,‘

457 1145 678 1212 quando
704 1148 1054 1215 aberraverit,
1086 1167 1185 1221 per
1208 1154 1589 1223 pmnitentiam
1649 1158 1846 1212 iterum
1904 1159 2041 1214 diri-

458 1235 602 1304 gitur
634 1238 701 1292 ad
722 1240 915 1298 Deum.
947 1242 1005 1295 In
1037 1243 1185 1301 hisce
1236 1246 1523 1304 hominum
1584 1251 1870 1307 laboribus
1926 1270 2037 1309 non

456 1337 586 1383 sunt
608 1341 941 1398 peccatores,
965 1351 1146 1406 neque
1176 1353 1299 1395 cum
1330 1340 1647 1398 hominibus
1672 1344 2035 1416 ﬂagellantur:

454 1417 505 1474 id
529 1429 634 1487 est,
664 1426 974 1496 cumjustis
1026 1445 1137 1483 non
1198 1431 1446 1487 laborant
1493 1445 1548 1489 et
1597 1447 1927 1506 operantur;
1972 1439 2040 1494 de

453 1510 655 1579 quibus
682 1514 847 1569 etiam
883 1517 1086 1573 dicitur
1117 1539 1130 1574 :
1159 1522 1522 1594 Unusquisque
1541 1528 1815 1596 propriam
1838 1545 2038 1583 merce-

454 1605 573 1655 dem
595 1605 815 1674 accipiet
842 1611 1129 1665 secundum
1144 1628 1297 1667 suum
1337 1615 1569 1670 laborem
1594 1617 1658 1671 ⁷⁸.
1688 1618 1874 1689 Neque
1914 1638 2049 1685 cum.

457 1691 771 1752 labentibus
794 1706 851 1753 et
869 1714 1022 1769 spem
1051 1703 1241 1759 salutis
1269 1705 1603 1763 habentibus
1640 1708 1980 1780 ﬂagellantur
2023 1729 2036 1764 :

2145 537 2373 589 φρονει.

2214 615 2350 667 Οὐδὲ
2382 613 2452 667 τὰ
2482 613 2802 686 ἀνθρώπινα
2848 613 3042 668 παθεῖν
3070 614 3454 685 ὑπομένουσιν.
3492 616 3735 688 Θεωρεῖς

2143 705 2333 774 ἡλίκον
2366 707 2447 770 είς
2475 707 2777 777 σαφήνειαν
2799 705 3026 759 δύναται
3061 707 3158 759 καὶ
3187 705 3332 769 λέξις
3364 707 3466 777 μία
3498 724 3736 771 προστε-

2145 795 2300 849 θεῖσα
2333 794 2410 865 τῷ
2457 797 2761 866 πράγματι.
2809 793 2961 860 Έξὺν
3013 796 3124 866 γὰρ
3173 797 3371 858 εἰπεῖν,
3417 796 3511 848 Ἐν
3543 797 3736 859 κόποις

2142 888 2243 940 οὐκ
2277 888 2437 953 εἰσὶν,
2459 887 2565 940 Ἐν
2588 886 2801 952 κόποις
2825 885 3177 953 ἀνθρώπων,
3207 886 3582 956 προσέθηκεν.
3602 888 3733 938 Ἀν-

2143 979 2359 1048 θρωπον
2380 979 2439 1032 δέ
2478 977 2710 1031 ἐνταῦθα
2733 979 2845 1032 νόει
2870 978 2965 1031 τὸν
2993 977 3338 1047 φυλάττοντα
3374 977 3473 1030 τοῦ
3507 977 3733 1045 λογικοῦ

2141 1070 2201 1123 τὸ
2228 1069 2464 1141 ἀξίωμα,
2487 1070 2580 1123 τόν
2593 1087 2650 1123 τε
2668 1072 2726 1123 ἐν
2743 1072 2963 1143 ἀρεταῖς
2983 1069 3134 1123 ὄντα*
3160 1069 3195 1140 ἢ
3213 1069 3326 1134 τὸν,
3350 1070 3485 1122 ὅταν
3502 1070 3731 1139 πταίσῃ,

2140 1161 2229 1215 διὰ
2278 1162 2564 1233 μετανοίας
2612 1162 2710 1233 τῆς
2747 1160 3154 1232 ἐπιφερομένης
3189 1160 3342 1231 παρὰ
3388 1159 3531 1213 Θεοῦ
3579 1159 3733 1229 διορ-

2143 1250 2420 1320 θούμενον.
2486 1252 2575 1305 Ἐν
2601 1252 2812 1315 τούτοις
2852 1251 3060 1305 τούτων
3106 1253 3298 1313 κόποις
3355 1253 3456 1304 οὐκ
3487 1252 3629 1304 εἰσὶν
3681 1252 3733 1303 οῖ

2141 1341 2477 1413 ἁμαρτωλοὶ,
2498 1341 2620 1395 οὐδέ
2657 1341 2795 1413 μετὰ
2820 1340 3123 1413 ἀνθρώπων
3159 1342 3543 1409 μαστίζονται·
3576 1357 3736 1393 τουτ-

2140 1435 2310 1497 έστιν,
2345 1436 2407 1489 οὐ
2467 1436 2607 1506 μετὰ
2664 1436 2888 1491 δικαίων
2941 1434 3178 1488 κοπιῶσι
3227 1434 3323 1487 καὶ
3375 1433 3731 1505 ἐργάζονταιν

2140 1529 2235 1580 καὶ
2276 1530 2406 1600 περὶ
2435 1522 2511 1583 ὧν
2542 1528 2756 1600 εῖρηται
2782 1544 2797 1559 ο
2832 1530 3141 1593 Ἕκαστος.
3161 1528 3272 1581 τὸν
3297 1526 3457 1579 ἴδιον
3497 1526 3735 1594 μισθὸν

2139 1619 2402 1688 λήψεται
2455 1620 2552 1673 καὶ
2582 1621 2690 1674 τὸν
2750 1619 2907 1673 lator
2965 1619 3180 1672 κόπον.
3230 1616 3367 1670 Οῠδέ
3424 1616 3570 1687 μετὰ
3620 1615 3734 1668 τῶν

2141 1711 2542 1782 ὀλισθησάντων
2588 1712 2683 1765 καὶ
2715 1710 2907 1765 ἐλπίδα
2941 1709 3212 1781 σωτηρίας
3262 1709 3500 1779 ἐχόντων
3529 1709 3732 1777 μαστί-

456 1786 521 1839 ad
557 1802 694 1855 quos
713 1790 977 1860 scriptum
1013 1806 1097 1849 est
1128 1814 1140 1849 :
1175 1794 1341 1860 Quem
1362 1798 1535 1870 diligit
1584 1800 1840 1856 Dominus
1872 1804 2032 1857 casti-

2146 1804 2346 1868 ζονταιο
2412 1806 2492 1867 είς
2544 1803 2639 1868 οὒς
2689 1807 3035 1875 γέγραπται·
3088 1805 3199 1855 Ὃν
3253 1799 3461 1871 ἀγαπᾷ
3507 1804 3730 1868 Κύριος

455 1887 544 1948 gat
561 1894 580 1942 ,'
600 1879 841 1951 ﬂagellat
870 1895 1050 1939 autem
1079 1903 1285 1944 omnem
1327 1890 1498 1959 ﬁlium
1542 1909 1693 1963 quem
1716 1896 1937 1963 suscipit
1967 1897 2031 1949 ⁷⁵.

528 2080 695 2138 Vens.
726 2085 777 2140 6.
809 2104 828 2139 ι
869 2085 1272 2147 Circumamicti
1298 2102 1426 2149 sunt
1448 2095 1758 2167 iniquitate.
1799 2116 1817 2150 ι

521 2174 599 2229 De
624 2178 821 2246 quibus
845 2190 1163 2250 oportuerat
1196 2186 1543 2250 erubescere,
1586 2189 1642 2243 in
1679 2189 1763 2243 his
1793 2188 2035 2261 glorian-

456 2277 562 2331 tur,
605 2268 678 2323 ita
712 2278 771 2325 ut
798 2273 951 2341 quasi
1010 2277 1341 2346 tegumentis
1373 2285 1427 2333 et
1454 2280 1770 2336 umbraculo
1820 2282 2034 2338 delictis

452 2365 695 2413 utantur.
719 2360 953 2418 Pulchre
981 2375 1163 2420 autem
1186 2366 1289 2421 sibi
1320 2377 1511 2423 mutuo
1545 2371 1661 2425 haec
1686 2371 1885 2427 delicta
1902 2389 2034 2428 con-

445 2448 627 2517 junxit
657 2467 670 2504 :
700 2453 955 2521 quoniam
984 2455 1235 2513 homines
1266 2469 1323 2513 ut
1353 2461 1646 2531 plurimum
1681 2479 1747 2518 ex
1776 2465 2031 2535 superbia

450 2540 505 2595 in
532 2540 876 2615 iniquitatem
912 2546 1048 2602 etin
1079 2551 1367 2605 avaritiam
1404 2555 1796 2623 prolabuntur.

517 2714 638 2773 Non
672 2729 900 2789 possunt
928 2730 1111 2777 autem
1133 2725 1511 2782 haereticorum
1542 2729 2029 2789 velmaledicorum

447 2808 615 2863 verba
644 2809 737 2877 diu
762 2812 1091 2881 praevalere;
1130 2817 1225 2870 sed
1245 2826 1444 2873 terram
1475 2830 1883 2891 pertranseunt,
1903 2840 2030 2880 cum
2054 2868 2061 2875 .

449 2916 650 2970 paucos
695 2902 908 2974 aliquos
953 2920 1048 2974 per
1087 2917 1442 2965 transennam
1496 2913 1757 2970 laeserint.
1821 2917 2031 2976 Fideles

449 2993 555 3049 hoc
602 2994 992 3068 intelligentes,
1029 2999 1154 3055 licet
1197 3002 1405 3058 seducti
1450 3004 1674 3074 fuerint,
1735 3020 2028 3067 revertun-

449 3096 575 3141 tur:
603 3087 672 3142 de
696 3090 895 3159 quibus
918 3094 1203 3162 sequentia
1223 3095 1422 3152 cecinit
1448 3096 1757 3157 Psalmista.

523 3259 783 3318 VensJ'5.
818 3284 837 3316 ι
866 3265 932 3321 Et
965 3267 1076 3323 dixi
1112 3288 1125 3323 :
1154 3271 1298 3344 Ergo
1326 3273 1446 3329 sine
1474 3292 1639 3332 causa
1667 3280 2020 3349 justiﬁeavi.»

521 3353 578 3408 ld
605 3364 710 3422 est,
743 3357 885 3430 Ergo
907 3359 1107 3417 frustra
1141 3366 1518 3436 cogitationes,
1552 3370 1752 3428 frustra
1782 3375 2027 3431 actiones

447 3447 760 3516 emundavi,
815 3458 870 3505 et
898 3467 996 3507 cor
1043 3455 1264 3524 quidem
1311 3459 1626 3529 justiﬁcavi,
1683 3464 1819 3520 nihil
1848 3467 1902 3521 in
1962 3483 2029 3523 eo

450 3536 720 3606 iniustum
749 3543 1027 3614 cogitans;
1061 3562 1256 3607 manus
1292 3561 1476 3607 autem
1527 3553 1669 3609 inter
1704 3556 2027 3617 innocentes

448 3628 578 3692 lavi,
611 3631 668 3685 in
700 3633 858 3690 bonis
891 3638 1148 3695 nimirum
1180 3643 1509 3710 actionibus,
1529 3662 1651 3716 quae
1670 3664 1785 3703 non
1818 3650 2026 3710 habent

448 3722 614 3778 vitam
653 3739 717 3779 ex
756 3739 981 3797 peccato
1025 3748 1037 3784 :
1078 3731 1130 3787 id
1154 3739 1256 3798 est,
1284 3734 1543 3791 damnum
1576 3755 1687 3794 non
1714 3745 1967 3811 reputavi
2006 3763 2018 3798 :

447 3816 714 3887 siquidem
759 3820 1017 3878 damnum
1074 3841 1262 3882 revera
1316 3830 1515 3886 animae
1567 3843 1651 3888 est
1715 3845 2022 3905 peccatum,

444 3912 589 3980 quod
623 3912 714 3968 Dei
746 3916 1042 3973 amicitiam
1072 3920 1237 3987 lmdit,
1269 3939 1390 3993 qum
1421 3934 1503 3980 est
1525 3926 1729 3983 bonum
1759 3939 2026 3998 prmstan-

448 4003 738 4060 tissimum.
1194 4014 1197 4017 λ

519 4093 685 4151 Vens.
714 4099 803 4153 M.
830 4118 848 4151 ι
877 4101 944 4157 Et
978 4100 1053 4157 fui
1076 4101 1395 4175 ﬂagellatus.
1438 4128 1456 4160 ι

519 4183 623 4250 Qui
658 4187 805 4241 enim
842 4191 1083 4260 seipsum
1110 4193 1342 4265 ﬂagellat
1370 4212 1471 4266 pro
1514 4197 1728 4254 delictis
1778 4202 1912 4264 suis,
1970 4211 2027 4257 et

447 4279 722 4348 propriam
749 4283 1230 4353 reprehensionem
1257 4288 1311 4342 in
1368 4290 1677 4355 matutinis,
1707 4291 1916 4349 scilicet
1969 4294 2025 4348 in

445 4369 672 4435 lumine,
692 4382 748 4428 et
784 4360 895 4429 non
922 4375 977 4430 in
1012 4378 1277 4443 tenebris,
1312 4379 1561 4441 collocat.
1609 4383 1697 4437 hic
1732 4383 1786 4438 in
1819 4387 2026 4457 cogita-

2136 1895 2436 1950 παιδεύει·
2481 1896 2762 1967 μαστιγοῖ
2826 1895 2895 1949 δὲ
2937 1894 3136 1949 πάντα
3196 1893 3333 1947 υἱὸν
3374 1891 3448 1946 ὃν
3476 1890 3734 1961 παραδέ-

2139 2003 2324 2057 lerat.

2219 2096 2237 2130 ι
2267 2077 2661 2148 Περιεὸἀλοντο
2698 2077 2934 2131 ἀδικίαν.
2980 2096 2997 2128 ι

2216 2168 2334 2238 Ἐφ’
2363 2164 2445 2233 οἷς
2498 2169 2665 2240 ἐχρῆν
2706 2168 3082 2241 αἰσχύνεσθαι,
3117 2168 3213 2223 ἐπὶ
3266 2167 3481 2231 τούτοις
3526 2166 3732 2237 σεμνύ-

2134 2248 2337 2325 νονται,
2372 2261 2514 2316 ὥστε
2574 2261 2828 2334 καθάπερ
2859 2260 3237 2333 περιϐολαίοις
3263 2261 3359 2314 καὶ
3397 2260 3586 2330 σκέπῃ
3619 2261 3728 2322 τοῖς

2134 2355 2433 2427 πλημμελή
2443 2373 2577 2426 μασι
2602 2355 2935 2426 χρήσασθαι.
2969 2353 3168 2418 Καλῶς
3188 2352 3245 2407 δὲ
3268 2352 3525 2422 ἀλλήλοις
3554 2351 3732 2404 ταῦτα

2135 2450 2337 2519 συνῆψε
2393 2450 2461 2503 τὰ
2515 2448 2981 2519 πλημμελήματα·
3043 2446 3152 2500 ἀπὸ
3201 2445 3310 2516 γὰρ
3365 2445 3467 2517 τῆς
3516 2445 3733 2515 ὑπερη-

2134 2543 2331 2611 φανίας
2385 2544 2465 2606 είς
2487 2542 2701 2595 ἀδικίαν
2728 2541 2803 2605 ὡς
2825 2540 2895 2594 τὰ
2924 2539 3095 2593 πολλὰ
3145 2540 3239 2592 καὶ
3295 2539 3376 2602 εἰς
3404 2537 3733 2605 πλεονεξίαν

2132 2634 2409 2705 ἄνθρωποι
2435 2634 2717 2688 πίπτουσι.
3354 2638 3363 2645 ’

2206 2726 2282 2779 Οὐ
2311 2725 2533 2780 δύναται
2566 2726 2624 2780 δὲ
2656 2726 2766 2779 τῶν
2813 2726 3111 2797 αἱρετικῶν
3144 2725 3178 2797 ἢ
3212 2724 3323 2779 τῶν
3380 2722 3733 2795 βλασφήμων

2131 2820 2450 2889 ἐπικρατεῖν
2508 2818 2637 2888 ἄχρι
2684 2817 2879 2871 πολλοῦ
2910 2816 2979 2870 τὰ
3021 2819 3264 2889 ῥήματα·
3297 2816 3615 2887 διέρχονται
3671 2813 3730 2866 δέ

2129 2910 2228 2981 τὴν
2256 2908 2383 2979 γῆν,
2416 2907 2629 2977 ὀλίγους
2689 2910 2845 2971 τινὰς
2894 2909 3037 2963 κατὰ
3096 2909 3332 2981 πάροδον
3387 2908 3730 2979 βλάπτοντα.

2132 3002 2303 3055 Τοῦτο
2333 3002 2606 3066 συνιέντες
2633 3002 2683 3055 οἱ
2712 3002 2917 3065 πιστοὶ,
2944 3000 3048 3055 κᾶν
3080 3001 3288 3072 τύχωσι
3318 2999 3723 3070 πλανηθέντες,

2132 3094 2542 3166 ἐπιστρέφονσι⁹
2586 3095 2713 3166 περὶ
2746 3088 2822 3149 ὧν
2851 3095 2918 3149 τὰ
2949 3094 3074 3166 ἐξῆς
3103 3095 3131 3148 6
3160 3093 3471 3165 Ψαλμῳδδς
3512 3091 3722 3162 ἐμελῴ-

2133 3188 2195 3241 δη
2204 3204 2283 3241 σε.

2204 3205 2283 3241 σε.

2164 3205 2228 3330 ηε
2262 3278 2373 3331 Καὶ
2400 3275 2547 3332 εἴπω
2575 3278 2717 3351 Ἀρα
2768 3278 3012 3349 ματαίως
3052 3279 3371 3332 ἐδικαίωσα.
3406 3295 3427 3329 ι

2206 3372 2522 3437 Τουτέστιν,
2570 3373 2714 3443 ΙἈρα
2776 3372 2955 3442 μάτην
3002 3372 3128 3434 τοὺς
3160 3371 3482 3441 λογισμοὺς,
3547 3369 3729 3440 μάτην

2134 3462 2233 3526 τὰς
2286 3463 2514 3535 πράξεις
2570 3463 2839 3534 ἐκάθηρα,
2889 3462 2985 3516 καὶ
3031 3464 3130 3534 τὴν
3188 3461 3420 3533 καρδίαν
3470 3461 3577 3531 μὲν
3618 3460 3728 3513 ἐδι-

2135 3554 2367 3618 καίωσα,
2421 3554 2588 3627 μηδὲν
2630 3556 2688 3608 ἐν
2739 3555 2877 3625 αὐτῇ
2942 3552 3295 3624 λογιζόμενος
3352 3552 3563 3606 ἄδικον·
3626 3550 3729 3612 τὰς

2134 3650 2321 3719 χεῖρας
2359 3646 2415 3699 δέ
2442 3649 2500 3700 ἐν
2523 3646 2718 3710 ἀθώοις
2752 3646 2977 3709 ἐπλυνα,
3002 3649 3058 3699 ἐν
3089 3646 3322 3714 ἀγαθαῖς
3341 3642 3549 3713 δηλαδὴ
3585 3643 3729 3713 πρά-

2137 3737 2250 3805 ξεσι
2275 3741 2396 3804 ταῖς
2419 3740 2519 3792 οὐκ
2566 3738 2818 3808 ἐχούσαις
2838 3739 2939 3810 τὴν
2965 3738 3024 3803 ἐξ
3049 3737 3325 3809 ἁμαρτίας
3348 3735 3518 3805 ζωήν.
3550 3735 3728 3787 Τουτ-

2135 3833 2273 3898 έστι,
2300 3834 2375 3902 Ζη
2386 3832 2514 3901 μίαν
2557 3830 2616 3883 οὐ
2645 3828 3046 3899 διελογιζόμην·
3077 3827 3249 3898 ζημία
3278 3826 3388 3898 γὰρ
3417 3825 3596 3887 ὅντως
3622 3824 3726 3894 ψυ-

2133 3924 2235 3995 χῆς
2273 3925 2306 3994 ἡ
2340 3920 2607 3992 ἁμαρτία,
2648 3921 2785 3974 Θεοῦ
2821 3920 3205 4005 φιλίαναύτὴν
3253 3917 3560 3991 ζημιοῦσα,
3615 3918 3726 3970 τῶν

2133 4013 2355 4084 ἀγαθῶν
2378 4013 2439 4066 τὺ
2466 4011 2771 4066 κάλλιστον.

2211 4124 2229 4156 ι
2270 4103 2382 4158 Καὶ
2413 4104 2684 4172 ἐγενόμην
2715 4101 3227 4174 μεμαστιγωμένος.
3265 4119 3284 4154 ι

2221 4197 2278 4249 '0
2304 4195 2413 4266 γὰρ
2437 4196 2627 4249 ἐαυτὸν
2660 4194 2940 4265 μαστιγῶν
2967 4195 3053 4264 ἐφ’
3079 4188 3160 4256 οἷς
3188 4191 3611 4263 ἐπλημμέλησε,
3632 4193 3725 4244 καὶ

2133 4288 2224 4342 τὴν
2252 4290 2452 4343 οἰκεῖον
2482 4288 2702 4358 ἔλεγχον
2732 4289 2812 4350 εἰς
2846 4287 2945 4350 τὰς
2969 4287 3207 4357 πρωῖας,
3235 4288 3291 4339 ἐν
3320 4285 3463 4356 φωτὶ
3492 4284 3723 4355 δηλαδὴ.

2135 4383 2228 4436 καὶ
2270 4383 2371 4436 οὐκ
2413 4383 2472 4435 ἐν
2522 4383 2718 4451 σκότῳ,
2748 4381 3048 4452 τιθέμενος,
3108 4373 3264 4442 οὗτος
3316 4380 3375 4432 ἐν
3434 4378 3727 4448 λογισμοῖς

445 4461 684 4517 tionibus
713 4473 767 4519 et
795 4466 1107 4522 actionibus
1140 4484 1309 4539 purus
1346 4471 1580 4527 exsistit.
1645 4473 2026 4544 Reprehendi-

2146 4474 2430 4547 ιαθαρεύει
2460 4475 2556 4528 καὶ
2599 4471 2887 4546 πράξεσιν.
2929 4472 3243 4542 Ἐλέγχεται
3269 4471 3325 4524 δέ
3362 4473 3419 4524 ἐν
3453 4468 3603 4540 φωτὶ
3627 4469 3723 4539 μὲν

443 4560 534 4607 tur
553 4561 733 4608 autem
758 4555 810 4609 in
830 4556 1058 4624 lumine,
1083 4561 1185 4629 qui
1223 4561 1526 4618 libertatem
1582 4567 1787 4635 praebet
1850 4569 2026 4626 incre-

444 4647 723 4714 pantibus,
757 4649 978 4719 sapiens
1003 4651 1135 4707 illud
1164 4653 1445 4709 oraculum
1506 4657 1826 4724 observans,
1877 4663 2024 4730 quod

444 4737 500 4791 in
525 4736 834 4794 Proverbiis
870 4741 1073 4797 dicitur
1103 4761 1116 4797 :
1144 4744 1318 4815 Argue
1362 4747 1675 4817 sapientem,
1725 4762 1773 4805 et
1843 4752 2029 4824 diliget

445 4836 495 4881 te
524 4828 680 4884 ".‘ln
712 4832 949 4886 tenebris
971 4849 1102 4890 vero
1123 4844 1374 4890 versatur
1409 4837 1479 4892 -is
1505 4840 1595 4908 qui
1617 4850 1908 4897 monentes
1937 4844 2026 4898 fu-

446 4919 551 4988 git;
581 4919 633 4973 in
663 4937 819 4989 quem
849 4925 983 4979 alter
1011 4927 1314 4982 versiculus
1329 4929 1610 4986 Proverbii
1642 4933 1900 5003 quadrat:
1926 4934 2025 4989 Ar-

442 5027 542 5080 gue
573 5011 815 5077 stultum,
831 5020 881 5066 et
900 5015 1117 5083 adjiciat
1148 5027 1205 5069 ut
1236 5019 1403 5073 oderit
1425 5029 1493 5075 te.
1830 5096 1833 5099 _

510 5101 782 5160 Vens.2l.
812 5125 829 5157 ι
865 5107 1131 5175 Quoniam
1154 5108 1546 5166 inﬂammatum
1573 5125 1657 5171 est
1675 5131 1768 5172 cor
1786 5130 2023 5172 meumJ

514 5188 767 5258 lpsemet,
798 5192 998 5261 inquit,
1029 5194 1193 5249 etiam
1220 5197 1285 5250 ad
1304 5199 1534 5254 nihilum
1554 5202 1803 5272 redigar;
1839 5205 1890 5260 id
1920 5216 2026 5270 est,

448 5278 659 5348 fragilis
681 5279 912 5337 cﬂ'cctus
942 5297 1102 5350 sum;
1152 5288 1591 5357 quandoquidem
1624 5292 2021 5350 inflammatum

445 5376 529 5420 est
549 5381 643 5421 cor
673 5383 857 5422 meum
892 5369 947 5423 in
978 5373 1282 5440 avaritiam,
1314 5377 1662 5433 manifestum
1698 5398 1917 5451 quoque
1939 5393 2023 5437 est

444 5472 609 5513 renes
636 5476 787 5516 meos
808 5461 1121 5519 immutatos
1136 5481 1288 5533 esse;
1318 5469 1557 5542 intelligo
1578 5480 1761 5527 autem
1797 5473 1865 5528 ad
1896 5474 2022 5529 libi-

444 5548 648 5606 dinem.
683 5552 913 5618 Quando
938 5557 1086 5612 enim
1119 5559 1315 5631 aliquis
1362 5574 1711 5635 peccatorum
1763 5566 2024 5623 felicitate

2131 4571 2159 4622 6
2190 4567 2502 4639 παρρησίας
2536 4566 2851 4637 μεταδιδοὺς
2885 4567 2997 4628 τοῖς
3028 4565 3366 4634 ἐλέγχουσιν,
3400 4565 3431 4615 6
3461 4564 3523 4615 τὸ
3557 4561 3725 4631 σοφὸν

2133 4662 2311 4715 ἐκεῖνο
2328 4662 2509 4729 λόγιον
2537 4659 2838 4730 ἐπιτηρῶν,
2870 4659 3007 4727 ὅπερ
3037 4660 3096 4710 ἐν
3124 4659 3456 4727 Παροιμίαις
3479 4658 3722 4729 είρηται’

2136 4751 2422 4821 Ἐλεγξαι
2461 4751 2680 4820 σοφὸν,
2724 4750 2824 4804 καὶ
2852 4749 3157 4820 ἀγαπήσει
3179 4765 3272 4803 σε.
3321 4749 3411 4803 Ἑν
3454 4751 3644 4820 σκότῳ
3671 4749 3721 4803 δὲ

2131 4846 2159 4896 6
2187 4844 2406 4913 φεύγων
2436 4844 2562 4906 τοὺς
2588 4843 2970 4915 ἐντρέποντας·
2999 4843 3079 4904 είς
3113 4842 3173 4895 ὃν
3196 4844 3224 4895 6
3248 4841 3507 4908 δεύτερος
3537 4843 3719 4912 στίχος

2132 4936 2230 5005 τῆς
2261 4935 2568 5005 Παροιμίας
2591 4935 2834 5006 ἥρμοσεν
2864 4950 2879 4967 ’
2915 4934 3171 5005 Ἔλεγχε
3190 4934 3295 4988 τὸν
3321 4935 3586 5004 ἄφρονα,
3629 4935 3725 4988 καί

2134 5024 2470 5094 προσθήσει
2487 5025 2592 5080 τοῦ
2615 5025 2882 5095 μισῆσαί
2907 5042 3001 5080 σε.

2210 5133 2229 5167 ι
2271 5116 2393 5168 Ὅτι
2422 5113 2691 5185 ἐξεκαύθη
2722 5117 2756 5186 ή
2789 5114 2985 5185 καρδία
3022 5133 3148 5185 μου.
3195 5132 3213 5165 ι

2218 5206 2632 5277 Ἐξουδένωμαι,
2658 5209 2813 5277 φησι,
2840 5209 2932 5260 καὶ
2955 5207 3138 5269 αὐτός·
3164 5205 3475 5268 τουτέστιν,
3507 5206 3604 5259 Ἐν
3632 5208 3719 5260 εὐ-

2135 5298 2316 5369 τελείᾳ
2361 5301 2584 5368 γέγοναθ
2639 5299 2827 5370 ἐπειδὴ
2858 5300 3128 5369 ἐξεκαύθη
3157 5301 3190 5368 ἡ
3258 5297 3456 5369 καρδίᾳ
3491 5315 3600 5366 μου
3642 5299 3717 5361 εἰς

2132 5388 2469 5453 πλεονεξίαν,
2502 5387 2726 5460 εὖδη).ον
2759 5393 2853 5444 καὶ
2881 5390 2932 5441 οἱ
2956 5389 3145 5460 νεφροί
3179 5405 3282 5459 μου
3308 5386 3710 5459 ὴλλοιώθησαψ

2130 5483 2211 5544 είς
2263 5481 2456 5552 ἡδονὰς
2485 5482 2544 5535 δὲ
2578 5482 2791 5553 νόησον.
2835 5482 3006 5535 Ὅταν
3056 5482 3162 5551 γάρ
3194 5498 3276 5545 τις
3323 5480 3428 5534 ὑπὸ
3463 5482 3566 5550 τῆς
3610 5480 3714 5533 τῶν

2134 5570 2477 5640 ἁμαρτωλῶν
2509 5572 2767 5644 εὐθηνίας
2818 5570 3095 5638 δολωθεὶς,
3134 5573 3389 5644 ἐρεθισθῇ
3445 5572 3585 5645 πρὸς
3614 5570 3712 5643 τὴν

517 5749 561 5781 ⁷⁸
584 5750 741 5807 l'rov.
768 5768 922 5820 mn,
953 5759 1007 5810 3.
1085 5759 1132 5791 ⁷⁵
1160 5759 1181 5813 ι
1206 5757 1333 5816 Cor.
1368 5779 1448 5829 ιιι,
1475 5764 1525 5819 8.
1603 5764 1649 5794 τε
1681 5763 1845 5819 llebr.
1881 5779 1978 5832 xu,
2017 5765 2032 5819 ί

2148 5767 2189 5798 ⁷⁷
2218 5765 2377 5823 Prov.
2412 5782 2491 5836 Ix,
2511 5767 2564 5823 8.
