3950 6484
342 360 478 430 1241

1506 380 1971 448 FRAGMENTA
2009 389 2090 450 IN
2124 392 2480 454 PSALMOS.

3485 392 3625 457 12-i2

343 481 576 581 ἐκείνων
642 480 904 555 μίμησιν,
983 488 1327 562 παραχρῆμα
1393 492 1790 565 ὲξουθενεῖται,
1847 501 1940 553 καὶ

2055 504 2326 581 deceptus,
2382 509 2449 561 ad
2473 522 2664 561 eorum
2716 504 3075 560 imitationem
3140 503 3304 559 fuerit
3341 504 3619 565 incitatus,

345 573 692 642 φαυλίζεται,
731 578 795 631 ἐκ
836 578 930 631 τοῦ
967 580 1170 636 οἰκείου
1223 584 1548 651 μεταπεσὼν
1592 588 1929 659 ἀξιώματος.

346 667 567 736 Σφόδρα
595 667 654 721 δὲ
684 668 960 738 ἁρμοδίως
1006 672 1369 742 προστέθεικε
1421 676 1503 741 τὸ,
1543 681 1665 732 Οὐκ
1715 683 1930 750 ἔγνωκ’

2036 596 2179 650 illico
2195 597 2262 651 ad
2291 597 2522 651 nihilum
2548 598 2838 669 redigitur,
2872 607 2928 652 et
2957 598 3311 666 depravatur,
3339 612 3369 650 a
3401 599 3622 667 propria

2035 686 2299 757 dignitate
2329 689 2616 745 decidens.
2646 690 2815 744 Valde
2869 700 3053 743 autem
3084 689 3495 742 accommodate
3524 689 3622 741 ad-

347 759 651 830 ἐπειδήπερ
698 762 985 829 ἀγνοοῦσιν
1042 765 1088 817 οἱ
1132 764 1320 818 πολλοὶ
1369 766 1466 838 τὴν
1521 770 1932 840 συμϐαίνουσαν

2060 780 2211 834 unxit
2243 780 2407 843 istud,
2440 779 2506 833 Et
2535 782 2764 844 nescivi;
2795 781 2919 849 quia
2951 779 3170 851 plurimi
3208 780 3456 848 ignorant
3497 779 3622 831 vili-

341 851 539 914 αὐτοῖς
576 854 640 906 ὲκ
672 852 781 906 τῶν
832 856 1250 927 ἁμαρτημάτων
1282 859 1580 914 εὐτέλειαν·
1614 863 1665 915 οἱ
1711 865 1810 932 μὲν
1857 868 1934 929 ὡς

346 941 546 1011 ἱερεῖς,
567 943 616 996 oi
650 941 707 995 δὲ
734 944 812 1006 ὡς
836 945 1119 1015 ἄρχοντες,
1153 949 1220 1000 ὲκ
1242 948 1334 1001 τοῦ
1376 953 1762 1023 περικειμένου
1794 957 1932 1028 σχή-

349 1048 527 1101 ματος
553 1032 928 1105 ἀπατώμενοι.
1028 1106 1033 1110 δ

432 1139 451 1172 ι
482 1122 776 1192 Κτηνώδης
809 1124 1076 1196 ἐγενήθην
1097 1131 1252 1199 παρὰ
1283 1131 1387 1185 σοί.
1433 1149 1452 1184 ι

310 1278 313 1279 ν
429 1212 676 1280 κτήνους
706 1213 815 1285 γὰρ
863 1216 993 1270 ἴδιον
1020 1218 1081 1271 τὸ
1132 1219 1462 1288 πλανᾶσθαι,
1502 1225 1597 1277 καὶ
1629 1226 1792 1281 πάλιν
1822 1229 1932 1282 ἀπὸ

347 1301 457 1372 τῆς
482 1303 693 1373 πλάνης
722 1304 903 1377 ῥάϐδῳ
927 1309 1088 1378 τυχὸν
1113 1310 1146 1381 ἢ
1176 1311 1381 1384 χαλινῷ
1409 1316 1816 1384 μετατίθεσθαι.
1836 1320 1931 1382 El;

350 1394 551 1465 καιρὸν
603 1395 662 1448 δὲ
718 1397 781 1449 τὸ
824 1399 984 1467 παρὰ
1008 1402 1108 1455 σοι
1150 1404 1245 1456 καὶ
1277 1405 1428 1472 μετὰ
1451 1406 1570 1460 σοῦ
1599 1409 1932 1480 προσέθηκε,

343 1482 444 1535 τὸν
480 1483 639 1551 λόγον
675 1487 1128 1559 ἀσφαλιζόμενος·
1155 1493 1340 1563 ἐπειδή
1376 1496 1519 1559 τινές
1549 1498 1679 1562 εἱσι,
1709 1498 1788 1568 τῷ
1811 1499 1933 1553 δια-

346 1572 498 1642 σόλῳ
522 1576 736 1645 κτηνῶν
763 1577 919 1650 δίκην
973 1581 1219 1651 ἀνοήτων
1250 1585 1530 1655 ἑπόμενοι·
1569 1590 1700 1658 περὶ
1737 1584 1813 1645 ὧν
1859 1592 1937 1645 εί-

351 1678 541 1736 ρηται,
577 1670 1098 1759 Πιῳασυνεόλήθη
1128 1673 1256 1740 τοῖς
1297 1675 1546 1741 κτήνεσι
1576 1680 1701 1747 τοῖς
1753 1682 1959 1759 ἀνοήη

350 1771 505 1822 τοις,
557 1757 655 1810 καὶ
701 1758 967 1829 ὡμοιώθη
1027 1763 1254 1829 αὐτοῖς.
1290 1764 1450 1820 Ἀλλά
1484 1768 1604 1831 πῶς
1650 1766 1790 1825 εἶναι
1825 1772 1937 1826 δια-

350 1846 558 1909 παντὸς
578 1848 716 1918 μετά
739 1850 834 1903 τοῦ
855 1850 1053 1918 Θεοῦ,ό
1080 1853 1180 1926 τὴν
1200 1856 1378 1928 ὁρμὴν
1398 1858 1536 1922 ὅλως
1561 1862 1611 1914 εί
1637 1862 1733 1914 καὶ
1765 1865 1938 1934 πρόσ-
1969 1838 2010 1892 Β

349 1955 550 2009 καιρον
597 1941 848 2013 ἐσχηκὼς
895 1946 986 1997 ἐπὶ
1022 1945 1085 1999 τὸ
1128 1950 1310 2018 χεῖρον
1364 1949 1623 2016 δύναται;
1657 1953 1728 2005 Ἢ
1757 1953 1933 2024 δῆλον,

348 2027 429 2090 ὡς
464 2028 562 2098 οὐχ
613 2030 945 2102 ἁμαρτάνων
968 2036 1034 2105 τῇ
1062 2037 1337 2105 προθέσει,
1365 2039 1725 2109 ἀπατώμενος
1746 2041 1804 2094 δὲ
1831 2044 1936 2096 πέ-

348 2119 539 2173 πονθεο
557 2120 748 2194 διόπερ
775 2124 1075 2190 ἀνακοπεὶς
1094 2127 1172 2200 τῷ
1203 2128 1404 2201 χαλινῷ
1440 2129 1519 2203 τῷ
1552 2131 1703 2203 νόμῳ
1738 2149 1925 2205 παρα-

350 2210 544 2284 χρῆμα
574 2216 900 2288 ἐπέστρεψε.

433 2324 454 2359 σ
486 2307 551 2360 Τί
580 2310 691 2380 γάρ
716 2328 805 2381 μοι
831 2312 1066 2384 ὑπάρχει
1103 2316 1161 2368 ἐν
1186 2315 1264 2387 τῷ
1287 2315 1528 2388 ούρανῷ;
1567 2336 1586 2366 ι

446 2400 762 2467 Έξέλιπεν
799 2407 838 2474 ἠ
883 2408 1097 2477 καρδία
1118 2425 1237 2477 μου
1263 2410 1361 2463 καὶ
1392 2412 1430 2478 ἡ
1457 2410 1615 2479 σάρξ
1642 2427 1783 2480 μου,
1829 2409 1937 2461 ἀπὸ

353 2485 462 2540 τῶν
495 2487 768 2558 βιωτικῶν
794 2491 996 2565 δηλαδὴ
1042 2497 1137 2549 καὶ
1176 2496 1534 2567 ἀνθρωπίνων
1565 2499 1933 2569 πραγμάτων.

359 2579 525 2633 Ὅταν
551 2581 661 2652 γὰρ
691 2584 900 2637 ἐκεῖθεν
946 2587 1167 2658 ἐκλίπῃ,
1221 2588 1519 2654 τουτέστιν,
1550 2590 1678 2643 ὅταν
1708 2589 1803 2643 ἀπ’
1836 2589 1935 2642 αὐ-

351 2670 461 2723 τῶν
499 2671 831 2748 ἀναχωρήσῃ
860 2678 955 2732 καὶ
983 2679 1279 2751 παύσηται,
1313 2681 1434 2734 τότε
1477 2683 1668 2753 μερίδα
1696 2682 1789 2735 τὸν
1804 2682 1936 2735 Θεὸν

350 2761 466 2828 ἕξει
510 2766 593 2828 είς
639 2765 732 2818 τὸν
778 2767 971 2822 αἰῶναο
1014 2772 1202 2842 κτῆμα
1251 2772 1310 2825 δὲ
1358 2772 1526 2826 αὑτοῦ
1559 2776 1658 2843 τῆς
1708 2775 1937 2845 καρδίας

351 2850 638 2920 ἐξαίρετον
675 2857 906 2926 γίνεται,
940 2859 1081 2915 ὥστε
1117 2863 1253 2927 Θεὸς
1288 2865 1458 2937 αὐτῆς
1478 2865 1568 2919 διὰ
1603 2868 1701 2935 τὴν
1741 2866 1937 2937 κτῆσιν

354 2945 455 2998 καὶ
482 2945 584 3019 τὴν
604 2949 880 3023 ἐνοίκησιν
911 2953 1192 3021 λέγεσθαι.

926 3045 1223 3100 ΨΔΛΜΟΣ
1252 3048 1371 3103 Ol".

437 3151 458 3185 ι
509 3132 598 3197 Ὠς
638 3134 698 3188 ὲν
719 3135 911 3207 δρυμῷ
937 3136 1131 3203 ξύλων.
1173 3156 1191 3190 ι

441 3223 655 3290 Ἀξίνας
699 3228 800 3291 τὰς
849 3226 1207 3300 βλασφήμους
1249 3228 1358 3284 τῶν
1400 3230 1674 3287 Ἰουδαίων
1720 3232 1941 3303 νοήσεις

353 3317 634 3386 γλώσσας,
658 3320 842 3384 cacas
872 3321 1044 3385 αὐτὰς
1072 3323 1283 3377 πέλυκα
1315 3324 1410 3377 καὶ
1432 3324 1812 3397 λαξευτήριον·
1846 3326 1943 3379 καὶ

357 3410 677 3483 θαυμαστὸν
707 3413 881 3467 οὐδέν’
917 3414 1155 3486 ἀλλαχοῦ
1179 3416 1291 3488 γὰρ
1326 3419 1606 3489 μάχαιραν
1632 3418 1812 3483 ὀξεῖαν
1842 3418 1942 3472 αύ-

353 3502 459 3568 τάς
506 3506 975 3578 προσηγόρευσεν.
1010 3502 1180 3563 Αὗται
1235 3510 1416 3563 τοίνυν
1445 3510 1731 3580 ἐξέκοψαν,
1785 3510 1940 3581 φησὶ,

356 3597 456 3649 καὶ
505 3598 855 3670 κατέρραξαν
909 3600 1009 3664 τὰς
1046 3601 1216 3668 θύρας
1241 3592 1441 3673 αὐτῆς,
1473 3603 1674 3674 δηλαδὴ
1701 3603 1804 3665 τὰς
1832 3605 1946 3656 εἰσ-

355 3689 517 3754 όδους
542 3693 645 3763 τῆς
678 3693 760 3755 εἰς
786 3692 1023 3763 Χριστὸν
1051 3694 1306 3757 πίστεως.

434 3784 651 3854 Ὀνομα
675 3783 732 3838 δὲ
755 3784 847 3838 τοῦ
874 3785 1086 3856 [ἰατρὸς
1125 3789 1152 3840 ὁ
1182 3787 1333 3852 Υἱὸς,
1363 3787 1438 3849 ὡς
1465 3786 1628 3851 αὐτὸς
1657 3786 1945 3856 γνωρίζων

355 3876 452 3929 τὸν
488 3877 728 3949 Πατέρα,
763 3878 860 3932 καὶ
895 3879 963 3932 δι’
990 3879 1159 3934 αὐτοῦ
1203 3879 1627 3949 γνωριζόμενος.
1655 3879 1858 3932 Τούτου
1884 3879 1944 3932 τὸ

362 3969 632 4040 σκήνωμα
704 3969 863 4040 (φησϊ
905 3970 964 4025 δὲ
1019 3970 1117 4044 τὴν
1168 3970 1504 4042 οἰκονομίαν)
1549 3972 1629 4035 είς
1685 3973 1788 4042 γῆν
1833 3974 1945 4034 τοῖς

359 4060 595 4115 πάθεσιν
646 4061 1016 4133 ἃϐεϐήλωσαν·
1053 4068 1110 4118 ὲν
1136 4064 1348 4137 οὐρανῷ
1404 4064 1513 4135 γὰρ
1553 4064 1945 4136 δεδοξασμένος

361 4155 456 4208 καὶ
478 4155 622 4209 κατά
641 4154 732 4209 τὸν
758 4158 951 4229 καιρὸν
979 4157 1085 4211 τῶν
1117 4157 1456 4229 παθημάτων
1479 4158 1715 4230 ἔμεινεν.

440 4266 462 4301 ι
497 4245 675 4302 Εἶπαν
706 4249 765 4302 ὲν
797 4250 861 4320 τῇ
891 4249 1089 4320 καρδίᾳ
1117 4248 1316 4302 αὐτῶν.
1358 4267 1377 4301 ι

432 4340 603 4404 Ποίας
639 4339 697 4393 δὲ
731 4341 958 4413 ἑορτάς;
998 4340 1158 4412 δῆλον
1190 4340 1265 4404 ὡς
1297 4340 1535 4406 ὲκείνας,
1583 4340 1791 4403 αἵτινες
1838 4340 1946 4394 ἀπὸ

361 4434 464 4503 τῆς
498 4432 800 4504 ἐπιδημίας
844 4433 939 4487 τοῦ
977 4433 1234 4504 Σωτῆρος
1273 4432 1593 4502 ἠλπίςοντο,
1618 4427 1730 4487 οἷον
1758 4434 1944 4505 ἀρρω-

363 4525 659 4595 στημάτων
689 4525 1107 4596 ίάσεις,πλάνης
1138 4524 1451 4595 ἀπαλλαγὴ,
1478 4504 1809 4592 θεογνωσίας
1827 4525 1943 4577 είσ-
1981 4504 2023 4559 Ῑ)

364 4614 506 4679 οδος.
531 4609 703 4671 Λῦται
752 4615 860 4686 γὰρ
901 4615 1117 4686 ἀληθῶς
1159 4615 1344 4687 ἑορταὶ
1386 4615 1544 4680 Θεοῦ,
1573 4616 1788 4687 χαίρειν
1820 4616 1946 4669 ἀτε-

364 4701 601 4773 λεύτητα
640 4702 731 4756 τὸν
762 4701 1070 4773 ἄνθρωπον,
1105 4704 1193 4756 καὶ
1231 4703 1625 4774 πανηγυρίζειν
1650 4704 1945 4768 διαπαντὸς

366 4795 730 4866 παρέχουσαι.
783 4795 1000 4858 Ταύτας
1041 4795 1221 4849 τοίνυν
1246 4795 1333 4849 διά
1377 4795 1476 4866 τῆς
1508 4797 1590 4860 εἰς
1628 4797 1790 4850 αὐτὸν
1820 4797 1944 4850 ἐπι-

363 4885 563 4958 ϐουλῆς
591 4886 801 4942 ἀνελεῖν
821 4885 1258 4958 έφαντάσθησαν.

442 5091 461 5123 ι
490 5072 563 5124 Σὺ
587 5069 966 5142 ὲκραταίωσας
990 5070 1047 5122 ὲν
1070 5071 1134 5140 τῇ
1150 5068 1373 5140 δυνάμει
1407 5087 1522 5124 σου.
1575 5089 1593 5121 ι

439 5164 722 5234 Δράκοντα
757 5161 987 5216 καθόλου
1025 5161 1206 5214 πᾶσαν
1257 5161 1642 5231 ἀντικειμένην
1672 5175 1950 5230 προσαγο-

370 5257 519 5329 ρεύει
548 5257 803 5324 δύναμιν·
845 5255 1003 5307 τοῦτο
1053 5253 1174 5324 μὲν,
1209 5252 1283 5315 ὡς
1329 5254 1408 5306 ἱὸν
1441 5251 1785 5323 ἀναιρετικὸν
1809 5251 1952 5320 ἔχου-

370 5367 492 5404 σαψ
516 5349 675 5403 τοῦτο
695 5349 753 5402 δὲ
786 5348 922 5420 πρὸς
953 5347 1260 5417 ἀνάμνησιν
1291 5345 1386 5399 τοῦ
1432 5345 1719 5415 γεγονότος
1752 5346 1810 5397 ὲν
1848 5361 1953 5396 πα-

374 5442 606 5513 ραδείσῳ
630 5442 927 5512 δράματος,
953 5440 1041 5493 ὅτε
1067 5440 1156 5491 τὸν
1189 5437 1312 5507 ὅφιν
1345 5435 1682 5491 ὑπεισελθὼν
1701 5437 1728 5489 ό
1759 5434 1951 5505 ἐχθρὸς

369 5533 626 5603 ἡπάτησε
660 5531 753 5584 τὸν
781 5528 1208 5601 πρωτόπλαστον
1256 5526 1568 5598 ἄνθρωπον.
1602 5523 1822 5577 Τούτων
1851 5523 1952 5586 τὰς

371 5623 619 5693 κεφαλὰς
640 5621 959 5693 συνέτριψεν
992 5621 1021 5673 ὁ
1044 5619 1278 5691 Χριστὸς
1302 5620 1357 5671 ὲν
1385 5617 1461 5689 τῷ
1490 5616 1666 5683 ὕδατι,
1691 5613 1856 5678 αὐτός
1890 5629 1949 5665 τε

442 5807 491 5839 ⁷⁸
526 5801 665 5858 Psal.
692 5816 874 5862 vaIII,
904 5799 985 5854 l5.
1063 5799 1106 5829 ⁷ο
1131 5796 1271 5853 Psal.
1292 5811 1400 5859 Lvi,
1426 5794 1478 5848 ὅ.

2038 880 2202 925 tatem
2250 889 2371 942 qum
2408 873 2539 943 ipsis
2568 872 2766 928 accidit
2817 889 2882 927 ex
2931 874 3202 943 peccatis;
3256 870 3344 926 alii
3397 872 3620 940 quidem

2039 971 2293 1031 tanquam
2318 966 2652 1030 sacerdotes,
2679 967 2769 1021 alii
2805 982 2935 1020 vero
3005 974 3267 1035 tanquam
3319 963 3618 1034 priuetpes,

2038 1067 2104 1107 ex
2121 1054 2388 1122 adjacenti
2412 1057 2593 1125 specie
2618 1058 2851 1127 decepti.

2108 1143 2385 1200 Vens.25.
2425 1166 2443 1197 ‹
2481 1146 2881 1217 Utjumentum
2931 1146 3107 1202 l‘actus
3166 1161 3288 1200 sum
3311 1146 3454 1215 apud
3481 1151 3557 1199 te.
3594 1163 3612 1196 ι

2105 1233 2344 1290 Jumenti
2374 1237 2519 1290 enim
2543 1238 2824 1307 proprium
2856 1247 2939 1293 est
2969 1254 3176 1300 errare,
3207 1247 3260 1292 et
3294 1254 3515 1292 rursum
3548 1237 3618 1291 ab

2038 1340 2227 1379 errore
2261 1324 2376 1379 sive
2405 1326 2553 1398 virga
2581 1329 2696 1382 sive
2735 1328 2891 1383 freno
2956 1329 3223 1385 revocari.
3290 1328 3620 1398 Opportune
3689 1369 3701 1375 -

2037 1425 2220 1470 autem
2258 1417 2423 1484 istud,
2460 1421 2602 1487 apud
2634 1428 2701 1482 te,
2735 1429 2809 1484 et,
2852 1429 3019 1474 tecum
3040 1421 3273 1484 addidit,
3306 1435 3618 1475 sermonem

2037 1508 2367 1564 confirmans
2398 1527 2411 1562 :
2437 1511 2881 1580 quandoquidem
2915 1513 3081 1581 aliqui
3110 1522 3239 1567 sunt
3269 1514 3360 1583 qui
3379 1512 3616 1574 diabolo,

2040 1602 2211 1655 instar
2232 1602 2606 1672 jumentorum
2636 1602 3033 1672 insipientium,
3054 1605 3368 1659 adhaarent:
3399 1605 3465 1657 de
3493 1602 3620 1671 qui-

2038 1693 2142 1748 bus
2169 1693 2370 1749 dicitur
2398 1709 2411 1746 :
2436 1693 2791 1762 Comparutus
2816 1706 2890 1747 est
2923 1694 3184 1763 jumentis
3232 1694 3618 1762 insipientibus.

2039 1794 2087 1838 et
2111 1785 2300 1839 similis
2329 1787 2499 1857 factus
2530 1795 2603 1840 est
2627 1785 2734 1839 illis
2752 1783 2821 1842 ’⁸.
2881 1784 2989 1839 Sed
3023 1787 3298 1856 quomodo
3328 1800 3451 1839 cum
3506 1784 3620 1838 Deo

2042 1891 2257 1947 semper
2283 1891 2404 1932 esse
2429 1877 2622 1947 possit,
2647 1877 2739 1947 qui
2773 1876 3031 1931 affectum
3092 1877 3318 1931 omnino
3344 1884 3621 1944 tempora-

2038 1968 2143 2023 lem
2170 1977 2266 2022 aut
2298 1969 2363 2023 ad
2395 1968 2595 2022 malum
2628 1969 2862 2023 habuit?
2887 1966 3041 2022 Unde
3062 1966 3435 2030 manifestum,
3463 1965 3611 2034 quod

2040 2077 2149 2116 non
2181 2075 2243 2114 ex
2270 2060 2438 2114 animi
2474 2060 2846 2115 destinatione
2876 2059 3142 2129 peccarit,
3175 2058 3271 2113 sed
3329 2073 3395 2112 ex
3459 2058 3622 2112 dece-

2039 2153 2226 2223 ptione
2249 2153 2354 2207 hoc
2384 2168 2574 2221 passus
2605 2152 2711 2218 sit;
2741 2167 2911 2222 quare
2947 2150 3104 2205 freno
3147 2150 3285 2222 legis
3335 2158 3622 2204 revocatus

2040 2244 2184 2298 illico
2211 2244 2425 2297 resiliit.

2113 2331 2380 2387 Vens.?.5.
2412 2351 2429 2383 ι
2465 2333 2605 2399 Quid
2641 2332 2787 2387 enim
2811 2331 2944 2386 mihi
2973 2340 3057 2387 est
3085 2332 3139 2386 in
3169 2330 3346 2386 calo?
3389 2350 3407 2382 ι

2108 2424 2307 2495 Defecit
2328 2409 2424 2478 ἐον
2462 2441 2631 2478 meum
2659 2433 2705 2479 et
2722 2423 2860 2477 ἐανο
2886 2441 3023 2491 mea,
3070 2440 3101 2478 a
3151 2424 3505 2478 Saecularibus
3528 2421 3619 2476 ni-

2040 2517 2239 2571 mirum
2273 2526 2328 2571 et
2359 2516 2618 2571 humanis
2649 2516 2902 2587 negotiis.
2926 2515 3155 2581 Quando
3188 2515 3335 2569 enim
3364 2515 3492 2569 inde
3517 2516 3608 2569 de.

2039 2609 2252 2674 fecerit,
2283 2609 2333 2663 id
2361 2618 2464 2669 est.
2488 2608 2708 2678 quando
2739 2609 2807 2663 ab
2835 2608 2903 2662 iis
2940 2608 3229 2663 recesserit
3250 2617 3413 2676 atque
3437 2621 3621 2661 cessa-

2039 2699 2197 2765 verit,
2231 2705 2361 2753 tunc
2380 2708 2591 2769 partem
2624 2713 2776 2751 suam
2813 2698 3038 2752 habebit
3062 2699 3234 2752 Deum
3280 2697 3334 2750 in
3388 2696 3621 2760 saecula;

2039 2790 2219 2846 cordis
2249 2800 2430 2844 autem
2462 2790 2581 2859 ejus
2613 2789 2884 2859 possessio
2939 2788 2999 2842 lit
3019 2788 3241 2854 eximia,
3272 2787 3347 2841 ita
3405 2796 3463 2842 ut
3526 2802 3624 2855 per

2042 2864 2443 2949 possessionem
2472 2888 2528 2933 et
2558 2879 3017 2934 inhabitationem
3049 2878 3191 2933 Deus
3244 2879 3368 2948 eius
3436 2877 3624 2947 appel-

2042 2970 2204 3024 letur.

2536 3054 2855 3111 PSALMUS
2890 3054 3124 3112 LXXIII.

1965 3169 2009 3226 ο
2113 3147 2278 3203 Vens.
2301 3147 2354 3202 6.
2389 3167 2408 3200 ι
2437 3147 2602 3213 Quasi
2636 3148 2691 3200 in
2722 3146 2857 3201 silva
2878 3146 3177 3217 lignorum.
3214 3164 3233 3197 ι

2112 3237 2346 3293 Secures
2371 3238 2718 3307 blasphemas
2747 3235 3060 3291 Iudaeorum
3077 3234 3292 3305 linguas
3331 3233 3623 3305 intelliges,

2045 3330 2264 3386 easdem
2296 3343 2428 3385 vero
2453 3329 2615 3383 ctiam
2646 3343 2769 3382 esse
2821 3327 3058 3382 securim
3091 3335 3147 3381 et
3176 3326 3379 3380 asciam
3414 3344 3427 3380 :
3455 3336 3511 3379 et
3540 3327 3627 3379 ni-

2047 3422 2123 3476 hil
2160 3421 2265 3475 hoc
2303 3420 2501 3474 mirum
2542 3428 2625 3474 est
2668 3435 2681 3471 :
2719 3418 2848 3473 alibi
2878 3418 3027 3471 enim
3060 3415 3178 3471 illas
3203 3416 3489 3486 appellavit
3514 3416 3627 3486 ειυ-

2046 3510 2195 3567 dium
2238 3506 2659 3565 acutum".Haa
2709 3508 2895 3578 igitur,
2946 3506 3146 3574 inquit,
3194 3506 3517 3560 exciderunt
3572 3511 3631 3560 et

2046 3602 2433 3670 confregerunt
2454 3599 2650 3670 ianuas
2677 3600 2816 3669 ejus,
2837 3597 3045 3652 scilicet
3076 3597 3359 3668 ingressus
3384 3597 3508 3650 fidei
3560 3597 3629 3651 ad

2045 3693 2344 3749 Chrismm.

2117 3782 2322 3837 Nomen
2359 3788 2539 3835 autem
2570 3779 2745 3833 Patris
2769 3786 2853 3833 est
2886 3777 3077 3842 Filius,
3130 3784 3321 3846 utpote
3374 3775 3466 3844 qui
3516 3773 3630 3827 Pa-

2047 3887 2184 3930 trem
2206 3873 2473 3937 notilicet,
2500 3880 2555 3926 et
2580 3887 2676 3942 per
2707 3873 2887 3941 ipsum
2911 3879 3074 3924 notus
3099 3869 3210 3922 ﬁat.
3246 3860 3419 3937 Hujus
3441 3867 3627 3921 taber—

2049 3966 2304 4021 naculum
2335 3965 2436 4036 (ait
2463 3973 2647 4017 autem
2679 3960 3173 4031 dispensationem)
3226 3959 3281 4011 in
3308 3968 3453 4012 terra
3502 3971 3630 4025 pas-

2047 4059 2294 4114 sionibus
2328 4057 2650 4127 polluerunt
2677 4072 2689 4106 :
2726 4053 2782 4107 in
2810 4052 2950 4106 ecelo
2982 4051 3131 4105 enim
3184 4049 3351 4104 etiam
3384 4058 3632 4119 tempore

2048 4150 2318 4224 passionis
2345 4147 2639 4221 gloriosum
2669 4143 2991 4215 permansit.

2121 4241 2283 4298 Vens.
2309 4242 2361 4297 8.
2392 4258 2410 4291 ι
2446 4238 2713 4292 Dixerunt
2743 4237 2796 4291 in
2820 4236 2984 4289 corde
3015 4249 3133 4288 suo.
3174 4252 3194 4284 ι

2120 4334 2323 4402 Quales
2336 4341 2517 4387 autem
2536 4327 2944 4384 solemnitates?
2967 4326 3188 4379 Clarum
3219 4332 3304 4378 est
3326 4322 3468 4393 quod
3486 4321 3626 4387 illas,

2049 4444 2172 4499 quae
2204 4435 2327 4497 post
2360 4424 2654 4479 adventum
2711 4417 3009 4473 Salvatoris
3062 4416 3446 4486 sperabantur,
3478 4413 3630 4468 verbi

2053 4520 2244 4593 gratia,
2276 4515 2649 4572 inﬂrmitatum
2679 4511 3010 4572 curationes,
3045 4506 3247 4563 erroris
3264 4505 3527 4576 depulsio,
3547 4505 3631 4559 di-

2052 4613 2189 4668 vinae
2209 4605 2534 4679 cognitionis
2560 4599 2920 4657 accessiollzc
2938 4599 3205 4670 siquidem
3225 4612 3415 4651 revera
3435 4595 3634 4650 solem;

2054 4704 2252 4757 nitates
2287 4696 2380 4752 Dei
2402 4701 2553 4758 sunt,
2598 4707 2719 4762 quae
2771 4691 3048 4745 hominem
3096 4688 3310 4742 iaciunt
3359 4688 3479 4741 sine
3524 4684 3632 4739 ﬁne

2054 4793 2311 4868 gaudere,
2341 4796 2396 4843 et
2416 4784 2732 4840 continuam
2755 4782 3157 4837 solemnitatem
3198 4779 3497 4833 celebrare.
3523 4778 3633 4831 llas

2054 4889 2237 4954 itaque
2267 4895 2361 4952 per
2386 4875 2619 4933 insidias
2658 4874 2764 4944 ipsi
2814 4880 3049 4928 structas
3095 4886 3127 4925 e
3204 4872 3387 4927 medio
3441 4870 3635 4925 tollere

2052 4976 2383 5049 cogitabant.

2123 5067 2282 5121 Vens.
2317 5062 2403 5116 l5.
2449 5079 2468 5111 ‹
2496 5058 2574 5111 Tu
2596 5054 2932 5111 conﬁrmasti
2970 5054 3028 5108 in
3054 5053 3254 5108 virtute
3289 5061 3401 5107 tua.
3433 5070 3453 5103 ι

2118 5160 2418 5213 Draconem
2449 5147 2747 5205 universim
2770 5160 2990 5200 omnem
3034 5140 3420 5199 adversariam
3442 5141 3634 5211 appel-

2052 5254 2124 5307 lat
2153 5253 2478 5320 potestatem
2510 5237 2749 5310 :partim
2797 5235 3040 5305 quidem,
3077 5251 3145 5288 eo
3170 5234 3316 5303 quod
3354 5247 3630 5287 venenum

2052 5337 2395 5397 mortiferum
2435 5329 2757 5392 contineat;
2806 5324 3002 5395 partim
3043 5338 3175 5378 vero
3213 5324 3267 5377 in
3293 5321 3631 5377 recordatio-

2056 5445 2181 5485 nem
2215 5427 2334 5497 ejus
2358 5422 2503 5493 quod
2528 5421 2579 5474 in
2610 5416 2863 5488 paradiso
2885 5425 3101 5486 gestum
3134 5424 3238 5480 est,
3271 5413 3493 5483 quando
3527 5412 3631 5467 ini-

2056 5520 2232 5576 micus
2262 5522 2574 5586 serpentem
2642 5508 3031 5579 subingressus
3092 5509 3489 5578 protoplastum
3534 5507 3633 5560 ho-

2058 5612 2259 5668 minem
2287 5606 2521 5679 decepit.
2561 5602 2765 5659 llorum
2790 5600 2967 5671 capita
3000 5600 3254 5657 Christus
3291 5599 3548 5657 contrivit
3577 5598 3632 5652 in
