  <div class='ocr_page' id='page_1' title='image "/cluster/home/n/w/nwhite01/storage/ocr_20150623/93/coo.31924054869973/633.png"; bbox 0 0 3950 6446; ppageno 0'>
   <div class='ocr_carea' id='block_1_1' title="bbox 406 311 548 375">
    <p class='ocr_par' dir='ltr' id='par_1_1' title="bbox 406 311 548 375">
     <span class='ocr_line' id='line_1_1' title="bbox 406 311 548 375; baseline -0.042 0"><span class='ocrx_word' id='word_1_1' title='bbox 406 311 548 375; x_wconf 70' lang='lat'><strong>12&quot;}</strong></span> 
     </span>
    </p>
   </div>
   <div class='ocr_carea' id='block_1_2' title="bbox 1593 309 2474 373">
    <p class='ocr_par' dir='ltr' id='par_1_2' title="bbox 1593 309 2474 373">
     <span class='ocr_line' id='line_1_2' title="bbox 1593 309 2474 373; baseline -0.005 0"><span class='ocrx_word' id='word_1_2' title='bbox 1593 310 1954 373; x_wconf 83' lang='lat' dir='ltr'><strong>HESYCHII</strong></span> <span class='ocrx_word' id='word_1_3' title='bbox 2006 309 2474 371; x_wconf 71' lang='lat' dir='ltr'><strong>PRESBYTER]</strong></span> 
     </span>
    </p>
   </div>
   <div class='ocr_carea' id='block_1_3' title="bbox 3523 312 3647 380">
    <p class='ocr_par' dir='ltr' id='par_1_3' title="bbox 3523 312 3647 380">
     <span class='ocr_line' id='line_1_3' title="bbox 3523 312 3647 380; baseline 0.024 -3"><span class='ocrx_word' id='word_1_4' title='bbox 3523 312 3647 380; x_wconf 67' lang='grc'>1244</span> 
     </span>
    </p>
   </div>
   <div class='ocr_carea' id='block_1_4' title="bbox 394 407 1987 494">
    <p class='ocr_par' dir='ltr' id='par_1_4' title="bbox 394 421 1972 492">
     <span class='ocr_line' id='line_1_4' title="bbox 394 421 1972 492; baseline 0 -16"><span class='ocrx_word' id='word_1_5' title='bbox 394 438 555 492; x_wconf 89' lang='lat' dir='ltr'><strong>aqua,</strong></span> <span class='ocrx_word' id='word_1_6' title='bbox 590 436 712 476; x_wconf 88' lang='lat' dir='ltr'><strong>cum</strong></span> <span class='ocrx_word' id='word_1_7' title='bbox 751 422 866 491; x_wconf 89' lang='lat' dir='ltr'><strong>ipse</strong></span> <span class='ocrx_word' id='word_1_8' title='bbox 882 421 1190 491; x_wconf 71' lang='lat' dir='ltr'><strong>baptizatus</strong></span> <span class='ocrx_word' id='word_1_9' title='bbox 1229 421 1351 486; x_wconf 80' lang='lat' dir='ltr'><strong>fuit,</strong></span> <span class='ocrx_word' id='word_1_10' title='bbox 1374 430 1429 474; x_wconf 91' lang='lat' dir='ltr'><strong>et</strong></span> <span class='ocrx_word' id='word_1_11' title='bbox 1453 421 1769 476; x_wconf 88' lang='lat' dir='ltr'><strong>hominibus</strong></span> <span class='ocrx_word' id='word_1_12' title='bbox 1794 423 1972 492; x_wconf 87' lang='lat' dir='ltr'><strong>bapti-</strong></span> 
     </span>
    </p>
   </div>
   <div class='ocr_carea' id='block_1_5' title="bbox 2101 407 3653 494">
    <p class='ocr_par' dir='ltr' id='par_1_5' title="bbox 2101 407 3653 494">
     <span class='ocr_line' id='line_1_5' title="bbox 2101 407 3653 494; baseline 0.004 -24"><span class='ocrx_word' id='word_1_13' title='bbox 2101 420 2421 486; x_wconf 71' lang='grc' dir='ltr'>ιαπτισθεὶς,</span> <span class='ocrx_word' id='word_1_14' title='bbox 2474 417 2569 472; x_wconf 70' lang='grc' dir='ltr'><strong>καὶ</strong></span> <span class='ocrx_word' id='word_1_15' title='bbox 2616 417 2891 490; x_wconf 72' lang='grc' dir='ltr'>παραδοὺς</span> <span class='ocrx_word' id='word_1_16' title='bbox 2959 420 3072 481; x_wconf 87' lang='grc' dir='ltr'>τοῖς</span> <span class='ocrx_word' id='word_1_17' title='bbox 3115 407 3428 490; x_wconf 69' lang='grc' dir='ltr'>ἀνθρώποις</span> <span class='ocrx_word' id='word_1_18' title='bbox 3472 424 3653 494; x_wconf 63' lang='lat' dir='ltr'><strong>ﬁant.</strong></span> 
     </span>
    </p>
   </div>
   <div class='ocr_carea' id='block_1_6' title="bbox 393 512 1979 583">
    <p class='ocr_par' dir='ltr' id='par_1_6' title="bbox 393 512 1979 583">
     <span class='ocr_line' id='line_1_6' title="bbox 393 512 1979 583; baseline -0.001 -16"><span class='ocrx_word' id='word_1_19' title='bbox 393 529 572 568; x_wconf 82' lang='lat' dir='ltr'><strong>smum</strong></span> <span class='ocrx_word' id='word_1_20' title='bbox 598 513 838 568; x_wconf 78' lang='lat' dir='ltr'><strong>tradidit.</strong></span> <span class='ocrx_word' id='word_1_21' title='bbox 865 513 1037 567; x_wconf 83' lang='lat' dir='ltr'><strong>Porro</strong></span> <span class='ocrx_word' id='word_1_22' title='bbox 1071 512 1435 583; x_wconf 85' lang='lat' dir='ltr'><strong>spiritualium</strong></span> <span class='ocrx_word' id='word_1_23' title='bbox 1483 513 1783 567; x_wconf 83' lang='lat' dir='ltr'><strong>draconum</strong></span> <span class='ocrx_word' id='word_1_24' title='bbox 1814 522 1979 582; x_wconf 85' lang='lat' dir='ltr'><strong>caput</strong></span> 
     </span>
    </p>
   </div>
   <div class='ocr_carea' id='block_1_7' title="bbox 393 615 824 673">
    <p class='ocr_par' dir='ltr' id='par_1_7' title="bbox 393 615 824 673">
     <span class='ocr_line' id='line_1_7' title="bbox 393 615 824 673; baseline 0 -16"><span class='ocrx_word' id='word_1_25' title='bbox 393 615 477 659; x_wconf 88' lang='lat' dir='ltr'><strong>cst</strong></span> <span class='ocrx_word' id='word_1_26' title='bbox 518 615 824 673; x_wconf 89' lang='lat' dir='ltr'><strong>peccatum.</strong></span> 
     </span>
    </p>
   </div>
   <div class='ocr_carea' id='block_1_8' title="bbox 469 695 1866 766">
    <p class='ocr_par' dir='ltr' id='par_1_8' title="bbox 469 695 1866 766">
     <span class='ocr_line' id='line_1_8' title="bbox 469 695 1866 766; baseline 0.004 -21"><span class='ocrx_word' id='word_1_27' title='bbox 469 697 626 751; x_wconf 73' lang='lat' dir='ltr'><strong>Vens.</strong></span> <span class='ocrx_word' id='word_1_28' title='bbox 660 696 747 751; x_wconf 80' lang='lat' dir='ltr'><strong>l5.</strong></span> <span class='ocrx_word' id='word_1_29' title='bbox 787 718 805 746; x_wconf 79' lang='grc' dir='ltr'><strong>ι</strong></span> <span class='ocrx_word' id='word_1_30' title='bbox 830 695 909 750; x_wconf 86' lang='lat' dir='ltr'><strong>Tu</strong></span> <span class='ocrx_word' id='word_1_31' title='bbox 945 696 1197 766; x_wconf 91' lang='lat' dir='ltr'><strong>dirupisti</strong></span> <span class='ocrx_word' id='word_1_32' title='bbox 1228 696 1408 753; x_wconf 78' lang='lat' dir='ltr'><strong>fontes</strong></span> <span class='ocrx_word' id='word_1_33' title='bbox 1430 707 1487 752; x_wconf 90' lang='lat' dir='ltr'><strong>et</strong></span> <span class='ocrx_word' id='word_1_34' title='bbox 1515 707 1810 753; x_wconf 85' lang='lat' dir='ltr'><strong>torrentes.</strong></span> <span class='ocrx_word' id='word_1_35' title='bbox 1846 717 1866 750; x_wconf 73' lang='grc' dir='ltr'><strong>ι</strong></span> 
     </span>
    </p>
   </div>
   <div class='ocr_carea' id='block_1_9' title="bbox 465 786 1978 859">
    <p class='ocr_par' dir='ltr' id='par_1_9' title="bbox 465 786 1978 859">
     <span class='ocr_line' id='line_1_9' title="bbox 465 786 1978 859; baseline 0.004 -20"><span class='ocrx_word' id='word_1_36' title='bbox 465 786 937 851; x_wconf 80' lang='lat' dir='ltr'><strong>Quemadmodum</strong></span> <span class='ocrx_word' id='word_1_37' title='bbox 968 789 1114 842; x_wconf 90' lang='lat' dir='ltr'><strong>enim</strong></span> <span class='ocrx_word' id='word_1_38' title='bbox 1140 789 1255 857; x_wconf 91' lang='lat' dir='ltr'><strong>ipse</strong></span> <span class='ocrx_word' id='word_1_39' title='bbox 1287 804 1384 858; x_wconf 91' lang='lat' dir='ltr'><strong>per</strong></span> <span class='ocrx_word' id='word_1_40' title='bbox 1433 787 1694 859; x_wconf 88' lang='lat' dir='ltr'><strong>Spiritum</strong></span> <span class='ocrx_word' id='word_1_41' title='bbox 1729 798 1978 845; x_wconf 90' lang='lat' dir='ltr'><strong>sanctum</strong></span> 
     </span>
    </p>
   </div>
   <div class='ocr_carea' id='block_1_10' title="bbox 396 881 1981 953">
    <p class='ocr_par' dir='ltr' id='par_1_10' title="bbox 396 881 1981 953">
     <span class='ocr_line' id='line_1_10' title="bbox 396 881 1981 953; baseline 0.004 -22"><span class='ocrx_word' id='word_1_42' title='bbox 396 881 599 949; x_wconf 74' lang='lat' dir='ltr'><strong>gratias</strong></span> <span class='ocrx_word' id='word_1_43' title='bbox 629 881 889 943; x_wconf 80' lang='lat' dir='ltr'><strong>infundit,</strong></span> <span class='ocrx_word' id='word_1_44' title='bbox 925 882 999 936; x_wconf 89' lang='lat' dir='ltr'><strong>ita</strong></span> <span class='ocrx_word' id='word_1_45' title='bbox 1030 882 1267 936; x_wconf 79' lang='lat' dir='ltr'><strong>exsiccat</strong></span> <span class='ocrx_word' id='word_1_46' title='bbox 1295 891 1349 936; x_wconf 87' lang='lat' dir='ltr'><strong>et</strong></span> <span class='ocrx_word' id='word_1_47' title='bbox 1386 881 1564 936; x_wconf 83' lang='lat' dir='ltr'><strong>aufert</strong></span> <span class='ocrx_word' id='word_1_48' title='bbox 1584 898 1823 947; x_wconf 83' lang='lat' dir='ltr'><strong>errores,</strong></span> <span class='ocrx_word' id='word_1_49' title='bbox 1841 899 1981 953; x_wconf 88' lang='lat' dir='ltr'><strong>quos</strong></span> 
     </span>
    </p>
   </div>
   <div class='ocr_carea' id='block_1_11' title="bbox 399 973 1979 1045">
    <p class='ocr_par' dir='ltr' id='par_1_11' title="bbox 399 973 1979 1045">
     <span class='ocr_line' id='line_1_11' title="bbox 399 973 1979 1045; baseline 0.002 -19"><span class='ocrx_word' id='word_1_50' title='bbox 399 974 585 1041; x_wconf 90' lang='lat' dir='ltr'><strong>utique</strong></span> <span class='ocrx_word' id='word_1_51' title='bbox 614 974 778 1027; x_wconf 89' lang='lat' dir='ltr'><strong>etiam</strong></span> <span class='ocrx_word' id='word_1_52' title='bbox 805 973 996 1028; x_wconf 84' lang='lat' dir='ltr'><strong>ﬂuvios</strong></span> <span class='ocrx_word' id='word_1_53' title='bbox 1025 974 1223 1027; x_wconf 89' lang='lat' dir='ltr'><strong>Etham</strong></span> <span class='ocrx_word' id='word_1_54' title='bbox 1250 974 1374 1043; x_wconf 89' lang='lat' dir='ltr'><strong>jure</strong></span> <span class='ocrx_word' id='word_1_55' title='bbox 1422 974 1623 1028; x_wconf 91' lang='lat' dir='ltr'><strong>merito</strong></span> <span class='ocrx_word' id='word_1_56' title='bbox 1667 975 1979 1045; x_wconf 87' lang='lat' dir='ltr'><strong>appellavit.</strong></span> 
     </span>
    </p>
   </div>
   <div class='ocr_carea' id='block_1_12' title="bbox 401 1062 1980 1134">
    <p class='ocr_par' dir='ltr' id='par_1_12' title="bbox 401 1062 1980 1134">
     <span class='ocr_line' id='line_1_12' title="bbox 401 1062 1980 1134; baseline 0.003 -20"><span class='ocrx_word' id='word_1_57' title='bbox 401 1062 592 1117; x_wconf 81' lang='lat' dir='ltr'><strong>Etham</strong></span> <span class='ocrx_word' id='word_1_58' title='bbox 638 1064 783 1117; x_wconf 90' lang='lat' dir='ltr'><strong>enim</strong></span> <span class='ocrx_word' id='word_1_59' title='bbox 834 1063 1005 1117; x_wconf 91' lang='lat' dir='ltr'><strong>rubus</strong></span> <span class='ocrx_word' id='word_1_60' title='bbox 1051 1079 1147 1118; x_wconf 91' lang='lat' dir='ltr'><strong>seu</strong></span> <span class='ocrx_word' id='word_1_61' title='bbox 1180 1063 1353 1119; x_wconf 89' lang='lat' dir='ltr'><strong>sentis</strong></span> <span class='ocrx_word' id='word_1_62' title='bbox 1400 1062 1814 1134; x_wconf 81' lang='lat' dir='ltr'><strong>interpretatur,</strong></span> <span class='ocrx_word' id='word_1_63' title='bbox 1877 1064 1980 1119; x_wconf 86' lang='lat' dir='ltr'><strong>ista</strong></span> 
     </span>
    </p>
   </div>
   <div class='ocr_carea' id='block_1_13' title="bbox 400 1155 1981 1226">
    <p class='ocr_par' dir='ltr' id='par_1_13' title="bbox 400 1155 1981 1226">
     <span class='ocr_line' id='line_1_13' title="bbox 400 1155 1981 1226; baseline 0.001 -19"><span class='ocrx_word' id='word_1_64' title='bbox 400 1156 579 1224; x_wconf 81' lang='lat' dir='ltr'><strong>planta</strong></span> <span class='ocrx_word' id='word_1_65' title='bbox 605 1164 788 1210; x_wconf 87' lang='lat' dir='ltr'><strong>autem</strong></span> <span class='ocrx_word' id='word_1_66' title='bbox 814 1155 869 1209; x_wconf 91' lang='lat' dir='ltr'><strong>in</strong></span> <span class='ocrx_word' id='word_1_67' title='bbox 893 1156 1081 1211; x_wconf 89' lang='lat' dir='ltr'><strong>divina</strong></span> <span class='ocrx_word' id='word_1_68' title='bbox 1106 1155 1389 1226; x_wconf 87' lang='lat' dir='ltr'><strong>Scriptura</strong></span> <span class='ocrx_word' id='word_1_69' title='bbox 1407 1163 1633 1226; x_wconf 90' lang='lat' dir='ltr'><strong>propter</strong></span> <span class='ocrx_word' id='word_1_70' title='bbox 1656 1156 1833 1211; x_wconf 88' lang='lat' dir='ltr'><strong>malos</strong></span> <span class='ocrx_word' id='word_1_71' title='bbox 1861 1155 1981 1210; x_wconf 78' lang='lat' dir='ltr'><strong>fru-</strong></span> 
     </span>
    </p>
   </div>
   <div class='ocr_carea' id='block_1_14' title="bbox 400 1248 959 1318">
    <p class='ocr_par' dir='ltr' id='par_1_14' title="bbox 400 1248 959 1318">
     <span class='ocr_line' id='line_1_14' title="bbox 400 1248 959 1318; baseline 0.004 -18"><span class='ocrx_word' id='word_1_72' title='bbox 400 1256 520 1301; x_wconf 90' lang='lat' dir='ltr'><strong>ctus</strong></span> <span class='ocrx_word' id='word_1_73' title='bbox 554 1248 959 1318; x_wconf 84' lang='lat' dir='ltr'><strong>perstringitur.</strong></span> 
     </span>
    </p>
   </div>
   <div class='ocr_carea' id='block_1_15' title="bbox 477 1337 1802 1405">
    <p class='ocr_par' dir='ltr' id='par_1_15' title="bbox 477 1337 1802 1405">
     <span class='ocr_line' id='line_1_15' title="bbox 477 1337 1802 1405; baseline 0.001 -15"><span class='ocrx_word' id='word_1_74' title='bbox 477 1337 637 1393; x_wconf 76' lang='lat' dir='ltr'><strong>Vens.</strong></span> <span class='ocrx_word' id='word_1_75' title='bbox 664 1339 748 1393; x_wconf 79' lang='grc'><strong>16.</strong></span> <span class='ocrx_word' id='word_1_76' title='bbox 780 1359 799 1390; x_wconf 84' lang='grc'><em>‹</em></span> <span class='ocrx_word' id='word_1_77' title='bbox 842 1339 994 1393; x_wconf 86' lang='lat' dir='ltr'><strong>Tuus</strong></span> <span class='ocrx_word' id='word_1_78' title='bbox 1017 1348 1101 1393; x_wconf 89' lang='lat' dir='ltr'><strong>est</strong></span> <span class='ocrx_word' id='word_1_79' title='bbox 1133 1338 1268 1405; x_wconf 91' lang='lat' dir='ltr'><strong>dies,</strong></span> <span class='ocrx_word' id='word_1_80' title='bbox 1314 1347 1370 1393; x_wconf 87' lang='lat' dir='ltr'><strong>et</strong></span> <span class='ocrx_word' id='word_1_81' title='bbox 1394 1348 1485 1393; x_wconf 89' lang='lat' dir='ltr'><strong>tua</strong></span> <span class='ocrx_word' id='word_1_82' title='bbox 1507 1346 1741 1393; x_wconf 82' lang='lat' dir='ltr'><strong>estnox.</strong></span> <span class='ocrx_word' id='word_1_83' title='bbox 1782 1356 1802 1390; x_wconf 74' lang='grc' dir='ltr'><strong>ι</strong></span> 
     </span>
    </p>
   </div>
   <div class='ocr_carea' id='block_1_16' title="bbox 475 1429 1982 1495">
    <p class='ocr_par' dir='ltr' id='par_1_16' title="bbox 475 1429 1982 1495">
     <span class='ocr_line' id='line_1_16' title="bbox 475 1429 1982 1495; baseline -0.001 -11"><span class='ocrx_word' id='word_1_84' title='bbox 475 1429 789 1484; x_wconf 77' lang='lat' dir='ltr'><strong>Creatorem</strong></span> <span class='ocrx_word' id='word_1_85' title='bbox 821 1441 1088 1485; x_wconf 63' lang='lat' dir='ltr'><strong>creaturae</strong></span> <span class='ocrx_word' id='word_1_86' title='bbox 1119 1445 1233 1484; x_wconf 77' lang='lat' dir='ltr'><strong>suae</strong></span> <span class='ocrx_word' id='word_1_87' title='bbox 1294 1445 1593 1484; x_wconf 88' lang='lat' dir='ltr'><strong>memorem</strong></span> <span class='ocrx_word' id='word_1_88' title='bbox 1627 1429 1829 1495; x_wconf 86' lang='lat' dir='ltr'><strong>reddit,</strong></span> <span class='ocrx_word' id='word_1_89' title='bbox 1881 1444 1982 1483; x_wconf 85' lang='lat' dir='ltr'><strong>ne-</strong></span> 
     </span>
    </p>
   </div>
   <div class='ocr_carea' id='block_1_17' title="bbox 404 1518 1980 1590">
    <p class='ocr_par' dir='ltr' id='par_1_17' title="bbox 404 1518 1980 1590">
     <span class='ocr_line' id='line_1_17' title="bbox 404 1518 1980 1590; baseline 0.001 -18"><span class='ocrx_word' id='word_1_90' title='bbox 404 1534 675 1589; x_wconf 86' lang='lat' dir='ltr'><strong>quaquam</strong></span> <span class='ocrx_word' id='word_1_91' title='bbox 699 1520 921 1590; x_wconf 89' lang='lat' dir='ltr'><strong>quidem</strong></span> <span class='ocrx_word' id='word_1_92' title='bbox 947 1520 1068 1589; x_wconf 87' lang='lat' dir='ltr'><strong>ejus</strong></span> <span class='ocrx_word' id='word_1_93' title='bbox 1097 1520 1351 1584; x_wconf 90' lang='lat' dir='ltr'><strong>oblitum,</strong></span> <span class='ocrx_word' id='word_1_94' title='bbox 1383 1520 1476 1574; x_wconf 92' lang='lat' dir='ltr'><strong>sed</strong></span> <span class='ocrx_word' id='word_1_95' title='bbox 1512 1519 1698 1575; x_wconf 85' lang='lat' dir='ltr'><strong>volens</strong></span> <span class='ocrx_word' id='word_1_96' title='bbox 1721 1520 1868 1574; x_wconf 89' lang='lat' dir='ltr'><strong>illam</strong></span> <span class='ocrx_word' id='word_1_97' title='bbox 1923 1518 1980 1574; x_wconf 91' lang='lat' dir='ltr'><strong>in</strong></span> 
     </span>
    </p>
   </div>
   <div class='ocr_carea' id='block_1_18' title="bbox 282 1611 1981 1682">
    <p class='ocr_par' dir='ltr' id='par_1_18' title="bbox 282 1611 1981 1682">
     <span class='ocr_line' id='line_1_18' title="bbox 282 1611 1981 1682; baseline 0.001 -19"><span class='ocrx_word' id='word_1_98' title='bbox 282 1676 288 1682; x_wconf 92' lang='lat'><em>_</em></span> <span class='ocrx_word' id='word_1_99' title='bbox 401 1611 655 1666; x_wconf 89' lang='lat' dir='ltr'><strong>omnibus</strong></span> <span class='ocrx_word' id='word_1_100' title='bbox 677 1611 947 1675; x_wconf 75' lang='lat' dir='ltr'><strong>confiteri,</strong></span> <span class='ocrx_word' id='word_1_101' title='bbox 978 1612 1123 1681; x_wconf 92' lang='lat' dir='ltr'><strong>quod</strong></span> <span class='ocrx_word' id='word_1_102' title='bbox 1149 1611 1269 1681; x_wconf 87' lang='lat' dir='ltr'><strong>ejus</strong></span> <span class='ocrx_word' id='word_1_103' title='bbox 1298 1620 1551 1667; x_wconf 87' lang='lat' dir='ltr'><strong>creatura</strong></span> <span class='ocrx_word' id='word_1_104' title='bbox 1582 1611 1675 1674; x_wconf 78' lang='lat' dir='ltr'><strong>sit,</strong></span> <span class='ocrx_word' id='word_1_105' title='bbox 1711 1625 1835 1665; x_wconf 91' lang='lat' dir='ltr'><strong>cum</strong></span> <span class='ocrx_word' id='word_1_106' title='bbox 1870 1618 1981 1665; x_wconf 89' lang='lat' dir='ltr'><strong>tam</strong></span> 
     </span>
    </p>
   </div>
   <div class='ocr_carea' id='block_1_19' title="bbox 403 1700 1981 1771">
    <p class='ocr_par' dir='ltr' id='par_1_19' title="bbox 403 1700 1981 1771">
     <span class='ocr_line' id='line_1_19' title="bbox 403 1700 1981 1771; baseline 0.001 -18"><span class='ocrx_word' id='word_1_107' title='bbox 403 1701 756 1771; x_wconf 89' lang='lat' dir='ltr'><strong>multiplicem</strong></span> <span class='ocrx_word' id='word_1_108' title='bbox 780 1716 845 1756; x_wconf 90' lang='lat' dir='ltr'><strong>ac</strong></span> <span class='ocrx_word' id='word_1_109' title='bbox 879 1700 1091 1755; x_wconf 87' lang='lat' dir='ltr'><strong>varium</strong></span> <span class='ocrx_word' id='word_1_110' title='bbox 1114 1701 1364 1756; x_wconf 91' lang='lat' dir='ltr'><strong>ordinem</strong></span> <span class='ocrx_word' id='word_1_111' title='bbox 1387 1701 1611 1766; x_wconf 88' lang='lat' dir='ltr'><strong>habeat,</strong></span> <span class='ocrx_word' id='word_1_112' title='bbox 1643 1708 1702 1755; x_wconf 94' lang='lat' dir='ltr'><strong>ut</strong></span> <span class='ocrx_word' id='word_1_113' title='bbox 1723 1700 1840 1755; x_wconf 89' lang='lat' dir='ltr'><strong>dies</strong></span> <span class='ocrx_word' id='word_1_114' title='bbox 1856 1701 1981 1770; x_wconf 89' lang='lat' dir='ltr'><strong>qui-</strong></span> 
     </span>
    </p>
   </div>
   <div class='ocr_carea' id='block_1_20' title="bbox 403 1791 1987 1856">
    <p class='ocr_par' dir='ltr' id='par_1_20' title="bbox 403 1791 1987 1856">
     <span class='ocr_line' id='line_1_20' title="bbox 403 1791 1987 1856; baseline -0.001 -9"><span class='ocrx_word' id='word_1_115' title='bbox 403 1794 527 1847; x_wconf 85' lang='lat' dir='ltr'><strong>dem</strong></span> <span class='ocrx_word' id='word_1_116' title='bbox 558 1793 706 1848; x_wconf 89' lang='lat' dir='ltr'><strong>nocti</strong></span> <span class='ocrx_word' id='word_1_117' title='bbox 738 1794 1015 1856; x_wconf 87' lang='lat' dir='ltr'><strong>succedat,</strong></span> <span class='ocrx_word' id='word_1_118' title='bbox 1042 1793 1216 1848; x_wconf 86' lang='lat' dir='ltr'><strong>aestati</strong></span> <span class='ocrx_word' id='word_1_119' title='bbox 1233 1808 1365 1847; x_wconf 90' lang='lat' dir='ltr'><strong>vero</strong></span> <span class='ocrx_word' id='word_1_120' title='bbox 1391 1808 1488 1847; x_wconf 84' lang='lat' dir='ltr'><strong>ver</strong></span> <span class='ocrx_word' id='word_1_121' title='bbox 1516 1792 1691 1856; x_wconf 87' lang='lat' dir='ltr'><strong>cedat,</strong></span> <span class='ocrx_word' id='word_1_122' title='bbox 1741 1791 1987 1846; x_wconf 89' lang='lat' dir='ltr'><strong>terminis</strong></span> 
     </span>
    </p>
   </div>
   <div class='ocr_carea' id='block_1_21' title="bbox 403 1884 1988 1956">
    <p class='ocr_par' dir='ltr' id='par_1_21' title="bbox 403 1884 1988 1956">
     <span class='ocr_line' id='line_1_21' title="bbox 403 1884 1988 1956; baseline -0.002 -16"><span class='ocrx_word' id='word_1_123' title='bbox 403 1902 623 1956; x_wconf 89' lang='lat' dir='ltr'><strong>quoque</strong></span> <span class='ocrx_word' id='word_1_124' title='bbox 652 1893 794 1940; x_wconf 82' lang='lat' dir='ltr'><strong>terra</strong></span> <span class='ocrx_word' id='word_1_125' title='bbox 813 1886 1312 1950; x_wconf 87' lang='lat' dir='ltr'><strong>circumscribatur,</strong></span> <span class='ocrx_word' id='word_1_126' title='bbox 1351 1885 1481 1940; x_wconf 89' lang='lat' dir='ltr'><strong>licet</strong></span> <span class='ocrx_word' id='word_1_127' title='bbox 1510 1893 1739 1955; x_wconf 85' lang='lat' dir='ltr'><strong>propter</strong></span> <span class='ocrx_word' id='word_1_128' title='bbox 1768 1884 1988 1955; x_wconf 82' lang='lat' dir='ltr'><strong>magni-</strong></span> 
     </span>
    </p>
   </div>
   <div class='ocr_carea' id='block_1_22' title="bbox 405 1975 1988 2045">
    <p class='ocr_par' dir='ltr' id='par_1_22' title="bbox 405 1975 1988 2045">
     <span class='ocr_line' id='line_1_22' title="bbox 405 1975 1988 2045; baseline 0.001 -17"><span class='ocrx_word' id='word_1_129' title='bbox 405 1975 650 2030; x_wconf 90' lang='lat' dir='ltr'><strong>tudinem</strong></span> <span class='ocrx_word' id='word_1_130' title='bbox 691 1975 937 2029; x_wconf 89' lang='lat' dir='ltr'><strong>videatur</strong></span> <span class='ocrx_word' id='word_1_131' title='bbox 976 1975 1263 2030; x_wconf 90' lang='lat' dir='ltr'><strong>immensa.</strong></span> <span class='ocrx_word' id='word_1_132' title='bbox 1296 1975 1539 2041; x_wconf 87' lang='lat' dir='ltr'><strong>Quorum</strong></span> <span class='ocrx_word' id='word_1_133' title='bbox 1561 1975 1988 2045; x_wconf 88' lang='lat' dir='ltr'><strong>unumquodque</strong></span> 
     </span>
    </p>
   </div>
   <div class='ocr_carea' id='block_1_23' title="bbox 384 2067 1984 2138">
    <p class='ocr_par' dir='ltr' id='par_1_23' title="bbox 384 2067 1984 2138">
     <span class='ocr_line' id='line_1_23' title="bbox 384 2067 1984 2138; baseline 0.004 -20"><span class='ocrx_word' id='word_1_134' title='bbox 384 2067 574 2122; x_wconf 65' lang='lat' dir='ltr'><strong>&#39;Ilcum</strong></span> <span class='ocrx_word' id='word_1_135' title='bbox 619 2067 937 2122; x_wconf 81' lang='lat' dir='ltr'><strong>Creatorem</strong></span> <span class='ocrx_word' id='word_1_136' title='bbox 988 2083 1170 2135; x_wconf 90' lang='lat' dir='ltr'><strong>suum,</strong></span> <span class='ocrx_word' id='word_1_137' title='bbox 1238 2069 1333 2138; x_wconf 91' lang='lat' dir='ltr'><strong>qui</strong></span> <span class='ocrx_word' id='word_1_138' title='bbox 1362 2070 1477 2123; x_wconf 52' lang='lat' dir='ltr'><strong>haec</strong></span> <span class='ocrx_word' id='word_1_139' title='bbox 1509 2068 1645 2124; x_wconf 88' lang='lat' dir='ltr'><strong>scite</strong></span> <span class='ocrx_word' id='word_1_140' title='bbox 1691 2068 1984 2138; x_wconf 87' lang='lat' dir='ltr'><strong>disposuit,</strong></span> 
     </span>
    </p>
   </div>
   <div class='ocr_carea' id='block_1_24' title="bbox 406 2157 746 2213">
    <p class='ocr_par' dir='ltr' id='par_1_24' title="bbox 406 2157 746 2213">
     <span class='ocr_line' id='line_1_24' title="bbox 406 2157 746 2213; baseline 0 -2"><span class='ocrx_word' id='word_1_141' title='bbox 406 2157 746 2213; x_wconf 80' lang='lat' dir='ltr'><strong>manifestat.</strong></span> 
     </span>
    </p>
   </div>
   <div class='ocr_carea' id='block_1_25' title="bbox 470 2249 1421 2306">
    <p class='ocr_par' dir='ltr' id='par_1_25' title="bbox 470 2249 1421 2306">
     <span class='ocr_line' id='line_1_25' title="bbox 470 2249 1421 2306; baseline 0.002 -4"><span class='ocrx_word' id='word_1_142' title='bbox 470 2249 630 2305; x_wconf 76' lang='lat' dir='ltr'><strong>Vens.</strong></span> <span class='ocrx_word' id='word_1_143' title='bbox 665 2251 787 2306; x_wconf 84' lang='grc' dir='ltr'><strong>19.ι</strong></span> <span class='ocrx_word' id='word_1_144' title='bbox 831 2249 909 2305; x_wconf 90' lang='lat' dir='ltr'><strong>Ne</strong></span> <span class='ocrx_word' id='word_1_145' title='bbox 948 2251 1130 2306; x_wconf 89' lang='lat' dir='ltr'><strong>tradas</strong></span> <span class='ocrx_word' id='word_1_146' title='bbox 1156 2251 1369 2306; x_wconf 88' lang='lat' dir='ltr'><strong>bestiis.</strong></span> <span class='ocrx_word' id='word_1_147' title='bbox 1401 2271 1421 2304; x_wconf 73' lang='grc' dir='ltr'><strong>ι</strong></span> 
     </span>
    </p>
   </div>
   <div class='ocr_carea' id='block_1_26' title="bbox 473 2341 1988 2413">
    <p class='ocr_par' dir='ltr' id='par_1_26' title="bbox 473 2341 1988 2413">
     <span class='ocr_line' id='line_1_26' title="bbox 473 2341 1988 2413; baseline -0.001 -17"><span class='ocrx_word' id='word_1_148' title='bbox 473 2343 748 2412; x_wconf 75' lang='lat' dir='ltr'><strong>Pauperes</strong></span> <span class='ocrx_word' id='word_1_149' title='bbox 776 2350 935 2397; x_wconf 87' lang='lat' dir='ltr'><strong>vocat</strong></span> <span class='ocrx_word' id='word_1_150' title='bbox 955 2352 1292 2413; x_wconf 87' lang='lat' dir='ltr'><strong>peccatores,</strong></span> <span class='ocrx_word' id='word_1_151' title='bbox 1322 2343 1413 2412; x_wconf 92' lang='lat' dir='ltr'><strong>qui</strong></span> <span class='ocrx_word' id='word_1_152' title='bbox 1448 2342 1629 2397; x_wconf 90' lang='lat' dir='ltr'><strong>nullas</strong></span> <span class='ocrx_word' id='word_1_153' title='bbox 1653 2341 1861 2397; x_wconf 89' lang='lat' dir='ltr'><strong>habent</strong></span> <span class='ocrx_word' id='word_1_154' title='bbox 1899 2341 1988 2396; x_wconf 91' lang='lat' dir='ltr'><strong>di-</strong></span> 
     </span>
    </p>
   </div>
   <div class='ocr_carea' id='block_1_27' title="bbox 404 2431 1985 2504">
    <p class='ocr_par' dir='ltr' id='par_1_27' title="bbox 404 2431 1985 2504">
     <span class='ocr_line' id='line_1_27' title="bbox 404 2431 1985 2504; baseline 0 -19"><span class='ocrx_word' id='word_1_155' title='bbox 404 2432 567 2486; x_wconf 84' lang='lat' dir='ltr'><strong>vitias</strong></span> <span class='ocrx_word' id='word_1_156' title='bbox 603 2432 856 2502; x_wconf 76' lang='lat' dir='ltr'><strong>juStitiae,</strong></span> <span class='ocrx_word' id='word_1_157' title='bbox 893 2433 988 2488; x_wconf 90' lang='lat' dir='ltr'><strong>sed</strong></span> <span class='ocrx_word' id='word_1_158' title='bbox 1013 2448 1233 2487; x_wconf 90' lang='lat' dir='ltr'><strong>omnem</strong></span> <span class='ocrx_word' id='word_1_159' title='bbox 1286 2443 1569 2504; x_wconf 87' lang='lat' dir='ltr'><strong>paternam</strong></span> <span class='ocrx_word' id='word_1_160' title='bbox 1618 2431 1985 2488; x_wconf 87' lang='lat' dir='ltr'><strong>substantiam</strong></span> 
     </span>
    </p>
   </div>
   <div class='ocr_carea' id='block_1_28' title="bbox 405 2524 1987 2595">
    <p class='ocr_par' dir='ltr' id='par_1_28' title="bbox 405 2524 1987 2595">
     <span class='ocr_line' id='line_1_28' title="bbox 405 2524 1987 2595; baseline 0.001 -17"><span class='ocrx_word' id='word_1_161' title='bbox 405 2526 740 2578; x_wconf 85' lang='lat' dir='ltr'><strong>devorarunt</strong></span> <span class='ocrx_word' id='word_1_162' title='bbox 770 2542 784 2579; x_wconf 87' lang='lat'><strong>:</strong></span> <span class='ocrx_word' id='word_1_163' title='bbox 809 2526 1005 2579; x_wconf 91' lang='lat' dir='ltr'><strong>horum</strong></span> <span class='ocrx_word' id='word_1_164' title='bbox 1034 2524 1200 2585; x_wconf 88' lang='lat' dir='ltr'><strong>Deus.</strong></span> <span class='ocrx_word' id='word_1_165' title='bbox 1231 2526 1310 2580; x_wconf 89' lang='lat' dir='ltr'><strong>uti</strong></span> <span class='ocrx_word' id='word_1_166' title='bbox 1357 2541 1456 2595; x_wconf 88' lang='lat' dir='ltr'><strong>par</strong></span> <span class='ocrx_word' id='word_1_167' title='bbox 1474 2534 1576 2589; x_wconf 91' lang='lat' dir='ltr'><strong>est,</strong></span> <span class='ocrx_word' id='word_1_168' title='bbox 1610 2525 1813 2580; x_wconf 91' lang='lat' dir='ltr'><strong>oblitus</strong></span> <span class='ocrx_word' id='word_1_169' title='bbox 1864 2540 1987 2580; x_wconf 90' lang='lat' dir='ltr'><strong>esse</strong></span> 
     </span>
    </p>
   </div>
   <div class='ocr_carea' id='block_1_29' title="bbox 405 2615 1985 2687">
    <p class='ocr_par' dir='ltr' id='par_1_29' title="bbox 405 2615 1985 2687">
     <span class='ocr_line' id='line_1_29' title="bbox 405 2615 1985 2687; baseline 0.002 -20"><span class='ocrx_word' id='word_1_170' title='bbox 405 2623 645 2684; x_wconf 79' lang='lat' dir='ltr'><strong>putatur,</strong></span> <span class='ocrx_word' id='word_1_171' title='bbox 686 2615 816 2669; x_wconf 92' lang='lat' dir='ltr'><strong>dum</strong></span> <span class='ocrx_word' id='word_1_172' title='bbox 840 2615 1256 2686; x_wconf 77' lang='lat' dir='ltr'><strong>longanimitate</strong></span> <span class='ocrx_word' id='word_1_173' title='bbox 1308 2617 1499 2678; x_wconf 88' lang='lat' dir='ltr'><strong>utitur,</strong></span> <span class='ocrx_word' id='word_1_174' title='bbox 1549 2622 1606 2670; x_wconf 89' lang='lat' dir='ltr'><strong>et</strong></span> <span class='ocrx_word' id='word_1_175' title='bbox 1656 2615 1985 2687; x_wconf 90' lang='lat' dir='ltr'><strong>supplicium</strong></span> 
     </span>
    </p>
   </div>
   <div class='ocr_carea' id='block_1_30' title="bbox 404 2705 887 2777">
    <p class='ocr_par' dir='ltr' id='par_1_30' title="bbox 404 2705 887 2777">
     <span class='ocr_line' id='line_1_30' title="bbox 404 2705 887 2777; baseline -0.004 -17"><span class='ocrx_word' id='word_1_176' title='bbox 404 2707 646 2777; x_wconf 90' lang='lat' dir='ltr'><strong>ipsorum</strong></span> <span class='ocrx_word' id='word_1_177' title='bbox 677 2705 887 2761; x_wconf 77' lang='lat' dir='ltr'><strong>differt.</strong></span> 
     </span>
    </p>
   </div>
   <div class='ocr_carea' id='block_1_31' title="bbox 902 2793 1494 2850">
    <p class='ocr_par' dir='ltr' id='par_1_31' title="bbox 902 2793 1494 2850">
     <span class='ocr_line' id='line_1_31' title="bbox 902 2793 1494 2850; baseline -0.002 0"><span class='ocrx_word' id='word_1_178' title='bbox 902 2794 1222 2850; x_wconf 78' lang='lat' dir='ltr'><strong>PSALMUS</strong></span> <span class='ocrx_word' id='word_1_179' title='bbox 1260 2793 1494 2849; x_wconf 79' lang='lat' dir='ltr'><strong>LXXIV.</strong></span> 
     </span>
    </p>
   </div>
   <div class='ocr_carea' id='block_1_32' title="bbox 485 2886 1594 2952">
    <p class='ocr_par' dir='ltr' id='par_1_32' title="bbox 485 2886 1594 2952">
     <span class='ocr_line' id='line_1_32' title="bbox 485 2886 1594 2952; baseline -0.002 -11"><span class='ocrx_word' id='word_1_180' title='bbox 485 2888 641 2944; x_wconf 71' lang='lat' dir='ltr'><strong>Vens.</strong></span> <span class='ocrx_word' id='word_1_181' title='bbox 675 2889 729 2942; x_wconf 75' lang='grc'><strong>2.</strong></span> <span class='ocrx_word' id='word_1_182' title='bbox 756 2907 774 2939; x_wconf 87' lang='grc' dir='ltr'><strong>ι</strong></span> <span class='ocrx_word' id='word_1_183' title='bbox 802 2886 1197 2943; x_wconf 81' lang='lat' dir='ltr'><strong>Conﬁtebimur</strong></span> <span class='ocrx_word' id='word_1_184' title='bbox 1231 2888 1348 2952; x_wconf 89' lang='lat' dir='ltr'><strong>tibi,</strong></span> <span class='ocrx_word' id='word_1_185' title='bbox 1385 2888 1547 2943; x_wconf 89' lang='lat' dir='ltr'><strong>Deus.</strong></span> <span class='ocrx_word' id='word_1_186' title='bbox 1575 2907 1594 2939; x_wconf 78' lang='grc' dir='ltr'><strong>ι</strong></span> 
     </span>
    </p>
   </div>
   <div class='ocr_carea' id='block_1_33' title="bbox 483 2979 1984 3051">
    <p class='ocr_par' dir='ltr' id='par_1_33' title="bbox 483 2979 1984 3051">
     <span class='ocr_line' id='line_1_33' title="bbox 483 2979 1984 3051; baseline 0.003 -19"><span class='ocrx_word' id='word_1_187' title='bbox 483 2980 718 3034; x_wconf 87' lang='lat' dir='ltr'><strong>Adverte</strong></span> <span class='ocrx_word' id='word_1_188' title='bbox 736 2980 901 3046; x_wconf 89' lang='lat' dir='ltr'><strong>clare,</strong></span> <span class='ocrx_word' id='word_1_189' title='bbox 917 2980 1063 3050; x_wconf 92' lang='lat' dir='ltr'><strong>quod</strong></span> <span class='ocrx_word' id='word_1_190' title='bbox 1085 2979 1361 3035; x_wconf 79' lang='lat' dir='ltr'><strong>confessio</strong></span> <span class='ocrx_word' id='word_1_191' title='bbox 1378 2981 1599 3049; x_wconf 89' lang='lat' dir='ltr'><strong>quidem</strong></span> <span class='ocrx_word' id='word_1_192' title='bbox 1622 2980 1984 3051; x_wconf 87' lang='lat' dir='ltr'><strong>plurimorum</strong></span> 
     </span>
    </p>
   </div>
   <div class='ocr_carea' id='block_1_34' title="bbox 2084 508 3656 594">
    <p class='ocr_par' dir='ltr' id='par_1_34' title="bbox 2084 508 3656 594">
     <span class='ocr_line' id='line_1_34' title="bbox 2084 508 3656 594; baseline -0.001 -30"><span class='ocrx_word' id='word_1_193' title='bbox 2084 511 2295 576; x_wconf 78' lang='grc' dir='ltr'>ζεσθαι.</span> <span class='ocrx_word' id='word_1_194' title='bbox 2335 509 2561 581; x_wconf 73' lang='grc' dir='ltr'>Κεφαλὴ</span> <span class='ocrx_word' id='word_1_195' title='bbox 2606 510 2664 563; x_wconf 80' lang='grc' dir='ltr'>δὲ</span> <span class='ocrx_word' id='word_1_196' title='bbox 2690 508 2802 562; x_wconf 82' lang='grc' dir='ltr'><strong>τῶν</strong></span> <span class='ocrx_word' id='word_1_197' title='bbox 2850 510 3058 580; x_wconf 80' lang='grc' dir='ltr'><strong>νοητῶν</strong></span> <span class='ocrx_word' id='word_1_198' title='bbox 3084 510 3403 582; x_wconf 73' lang='grc' dir='ltr'><strong>δρακόντων</strong></span> <span class='ocrx_word' id='word_1_199' title='bbox 3431 517 3465 587; x_wconf 75' lang='grc' dir='ltr'><strong>ἠ</strong></span> <span class='ocrx_word' id='word_1_200' title='bbox 3494 518 3656 594; x_wconf 74' lang='grc' dir='ltr'>ἁμαρ.</span> 
     </span>
    </p>
   </div>
   <div class='ocr_carea' id='block_1_35' title="bbox 2080 619 2194 655">
    <p class='ocr_par' dir='ltr' id='par_1_35' title="bbox 2080 619 2194 655">
     <span class='ocr_line' id='line_1_35' title="bbox 2080 619 2194 655; baseline 0.009 -1"><span class='ocrx_word' id='word_1_201' title='bbox 2080 619 2194 655; x_wconf 91' lang='grc' dir='ltr'>τια.</span> 
     </span>
    </p>
   </div>
   <div class='ocr_carea' id='block_1_36' title="bbox 2160 692 3389 770">
    <p class='ocr_par' dir='ltr' id='par_1_36' title="bbox 2160 692 3389 770">
     <span class='ocr_line' id='line_1_36' title="bbox 2160 692 3389 770; baseline 0.003 -26"><span class='ocrx_word' id='word_1_202' title='bbox 2160 711 2179 744; x_wconf 81' lang='grc' dir='ltr'><strong>ι</strong></span> <span class='ocrx_word' id='word_1_203' title='bbox 2208 694 2278 746; x_wconf 77' lang='grc' dir='ltr'>Σὺ</span> <span class='ocrx_word' id='word_1_204' title='bbox 2302 692 2596 765; x_wconf 72' lang='grc' dir='ltr'>διέῤῥηξας</span> <span class='ocrx_word' id='word_1_205' title='bbox 2631 692 2815 763; x_wconf 73' lang='grc' dir='ltr'>πηγὰς</span> <span class='ocrx_word' id='word_1_206' title='bbox 2841 694 2937 749; x_wconf 76' lang='grc' dir='ltr'><strong>καὶ</strong></span> <span class='ocrx_word' id='word_1_207' title='bbox 2962 698 3328 770; x_wconf 70' lang='grc' dir='ltr'>χειμάρρους.</span> <span class='ocrx_word' id='word_1_208' title='bbox 3371 716 3389 748; x_wconf 76' lang='grc' dir='ltr'><strong>ι</strong></span> 
     </span>
    </p>
   </div>
   <div class='ocr_carea' id='block_1_37' title="bbox 2155 785 3661 858">
    <p class='ocr_par' dir='ltr' id='par_1_37' title="bbox 2155 785 3661 858">
     <span class='ocr_line' id='line_1_37' title="bbox 2155 785 3661 858; baseline -0.003 -19"><span class='ocrx_word' id='word_1_209' title='bbox 2155 786 2370 857; x_wconf 81' lang='grc' dir='ltr'>Ὠσπερ</span> <span class='ocrx_word' id='word_1_210' title='bbox 2408 787 2519 858; x_wconf 74' lang='grc' dir='ltr'><strong>γὰρ</strong></span> <span class='ocrx_word' id='word_1_211' title='bbox 2555 785 2718 848; x_wconf 75' lang='grc' dir='ltr'>αὐτὸς</span> <span class='ocrx_word' id='word_1_212' title='bbox 2774 786 2991 855; x_wconf 75' lang='grc' dir='ltr'><strong>ἐνεργεῖ</strong></span> <span class='ocrx_word' id='word_1_213' title='bbox 3028 787 3117 841; x_wconf 76' lang='grc' dir='ltr'><strong>διὰ</strong></span> <span class='ocrx_word' id='word_1_214' title='bbox 3156 787 3254 840; x_wconf 87' lang='grc' dir='ltr'><strong>τοῦ</strong></span> <span class='ocrx_word' id='word_1_215' title='bbox 3298 787 3460 853; x_wconf 81' lang='grc' dir='ltr'>ἁγίου</span> <span class='ocrx_word' id='word_1_216' title='bbox 3502 792 3661 846; x_wconf 86' lang='grc' dir='ltr'>Πνεύ-</span> 
     </span>
    </p>
   </div>
   <div class='ocr_carea' id='block_1_38' title="bbox 2087 874 3661 951">
    <p class='ocr_par' dir='ltr' id='par_1_38' title="bbox 2087 874 3661 951">
     <span class='ocr_line' id='line_1_38' title="bbox 2087 874 3661 951; baseline 0.005 -20"><span class='ocrx_word' id='word_1_217' title='bbox 2087 894 2257 949; x_wconf 83' lang='grc' dir='ltr'>ματος</span> <span class='ocrx_word' id='word_1_218' title='bbox 2279 878 2346 931; x_wconf 75' lang='grc' dir='ltr'>τὰ</span> <span class='ocrx_word' id='word_1_219' title='bbox 2383 877 2722 948; x_wconf 78' lang='grc' dir='ltr'><strong>χαρίσματα,</strong></span> <span class='ocrx_word' id='word_1_220' title='bbox 2749 874 2894 930; x_wconf 74' lang='grc' dir='ltr'>οὕτω</span> <span class='ocrx_word' id='word_1_221' title='bbox 2933 876 3184 947; x_wconf 73' lang='grc' dir='ltr'><strong>ξηραίνει</strong></span> <span class='ocrx_word' id='word_1_222' title='bbox 3218 878 3318 931; x_wconf 74' lang='grc' dir='ltr'><strong>καὶ</strong></span> <span class='ocrx_word' id='word_1_223' title='bbox 3348 879 3561 951; x_wconf 77' lang='grc' dir='ltr'>ἀναιρεῖ</span> <span class='ocrx_word' id='word_1_224' title='bbox 3597 887 3661 939; x_wconf 72' lang='grc' dir='ltr'>τὰ</span> 
     </span>
    </p>
   </div>
   <div class='ocr_carea' id='block_1_39' title="bbox 2082 967 3664 1040">
    <p class='ocr_par' dir='ltr' id='par_1_39' title="bbox 2082 967 3664 1040">
     <span class='ocr_line' id='line_1_39' title="bbox 2082 967 3664 1040; baseline 0.001 -17"><span class='ocrx_word' id='word_1_225' title='bbox 2082 969 2179 1023; x_wconf 93' lang='grc' dir='ltr'><strong>τοῦ</strong></span> <span class='ocrx_word' id='word_1_226' title='bbox 2200 969 2428 1033; x_wconf 83' lang='grc' dir='ltr'><strong>πλάνου,</strong></span> <span class='ocrx_word' id='word_1_227' title='bbox 2461 968 2606 1038; x_wconf 75' lang='grc' dir='ltr'>ἅπερ</span> <span class='ocrx_word' id='word_1_228' title='bbox 2630 967 2694 1036; x_wconf 76' lang='grc' dir='ltr'>δὴ</span> <span class='ocrx_word' id='word_1_229' title='bbox 2722 968 2817 1021; x_wconf 71' lang='grc' dir='ltr'>καὶ</span> <span class='ocrx_word' id='word_1_230' title='bbox 2846 968 2908 1021; x_wconf 77' lang='grc' dir='ltr'><strong>τὸ</strong></span> <span class='ocrx_word' id='word_1_231' title='bbox 2934 969 3221 1039; x_wconf 83' lang='grc' dir='ltr'>ποταμοὺς</span> <span class='ocrx_word' id='word_1_232' title='bbox 3246 969 3427 1040; x_wconf 71' lang='grc' dir='ltr'>Ἐθὰμ</span> <span class='ocrx_word' id='word_1_233' title='bbox 3454 973 3664 1040; x_wconf 76' lang='grc' dir='ltr'><strong>εἰκότως</strong></span> 
     </span>
    </p>
   </div>
   <div class='ocr_carea' id='block_1_40' title="bbox 2082 1057 3663 1131">
    <p class='ocr_par' dir='ltr' id='par_1_40' title="bbox 2082 1057 3663 1131">
     <span class='ocr_line' id='line_1_40' title="bbox 2082 1057 3663 1131; baseline 0.003 -19"><span class='ocrx_word' id='word_1_234' title='bbox 2082 1060 2555 1131; x_wconf 81' lang='grc' dir='ltr'>προσηγόρευσεν.</span> <span class='ocrx_word' id='word_1_235' title='bbox 2581 1058 2763 1129; x_wconf 72' lang='grc' dir='ltr'>Ἠθίιμ</span> <span class='ocrx_word' id='word_1_236' title='bbox 2781 1058 2891 1130; x_wconf 82' lang='grc' dir='ltr'>γὰρ</span> <span class='ocrx_word' id='word_1_237' title='bbox 2909 1057 3105 1124; x_wconf 79' lang='grc' dir='ltr'>,ϐάτος</span> <span class='ocrx_word' id='word_1_238' title='bbox 3128 1059 3525 1130; x_wconf 68' lang='grc' dir='ltr'><strong>ἑρμηνεύεται.</strong></span> <span class='ocrx_word' id='word_1_239' title='bbox 3549 1062 3663 1118; x_wconf 81' lang='grc' dir='ltr'><strong>Ἐπὶ</strong></span> 
     </span>
    </p>
   </div>
   <div class='ocr_carea' id='block_1_41' title="bbox 2084 1148 3668 1223">
    <p class='ocr_par' dir='ltr' id='par_1_41' title="bbox 2084 1148 3668 1223">
     <span class='ocr_line' id='line_1_41' title="bbox 2084 1148 3668 1223; baseline 0 -17"><span class='ocrx_word' id='word_1_240' title='bbox 2084 1151 2312 1221; x_wconf 79' lang='grc' dir='ltr'>φαύλοις</span> <span class='ocrx_word' id='word_1_241' title='bbox 2352 1151 2411 1204; x_wconf 79' lang='grc' dir='ltr'>δὲ</span> <span class='ocrx_word' id='word_1_242' title='bbox 2449 1149 2608 1204; x_wconf 86' lang='grc' dir='ltr'>τοῦτο</span> <span class='ocrx_word' id='word_1_243' title='bbox 2647 1152 2883 1222; x_wconf 84' lang='grc' dir='ltr'>καρποῖς</span> <span class='ocrx_word' id='word_1_244' title='bbox 2932 1150 3084 1219; x_wconf 65' lang='grc' dir='ltr'>παρὰ</span> <span class='ocrx_word' id='word_1_245' title='bbox 3126 1152 3201 1221; x_wconf 78' lang='grc' dir='ltr'>τῇ</span> <span class='ocrx_word' id='word_1_246' title='bbox 3233 1148 3358 1221; x_wconf 78' lang='grc' dir='ltr'>θείᾳ</span> <span class='ocrx_word' id='word_1_247' title='bbox 3394 1150 3586 1223; x_wconf 77' lang='grc' dir='ltr'>Γραφῇ</span> <span class='ocrx_word' id='word_1_248' title='bbox 3613 1154 3668 1206; x_wconf 76' lang='grc' dir='ltr'>τὸ</span> 
     </span>
    </p>
   </div>
   <div class='ocr_carea' id='block_1_42' title="bbox 2084 1241 2654 1311">
    <p class='ocr_par' dir='ltr' id='par_1_42' title="bbox 2084 1241 2654 1311">
     <span class='ocr_line' id='line_1_42' title="bbox 2084 1241 2654 1311; baseline 0 -15"><span class='ocrx_word' id='word_1_249' title='bbox 2084 1243 2253 1311; x_wconf 81' lang='grc' dir='ltr'>φυτὸν</span> <span class='ocrx_word' id='word_1_250' title='bbox 2282 1241 2654 1297; x_wconf 71' lang='grc' dir='ltr'>διαὸἅλλεται.</span> 
     </span>
    </p>
   </div>
   <div class='ocr_carea' id='block_1_43' title="bbox 2160 1328 3291 1403">
    <p class='ocr_par' dir='ltr' id='par_1_43' title="bbox 2160 1328 3291 1403">
     <span class='ocr_line' id='line_1_43' title="bbox 2160 1328 3291 1403; baseline -0.002 -19"><span class='ocrx_word' id='word_1_251' title='bbox 2160 1349 2179 1384; x_wconf 79' lang='grc' dir='ltr'><strong>ι</strong></span> <span class='ocrx_word' id='word_1_252' title='bbox 2204 1332 2278 1403; x_wconf 85' lang='grc' dir='ltr'><strong>Σή</strong></span> <span class='ocrx_word' id='word_1_253' title='bbox 2299 1333 2447 1384; x_wconf 75' lang='grc' dir='ltr'>ἐστιν</span> <span class='ocrx_word' id='word_1_254' title='bbox 2476 1332 2511 1401; x_wconf 79' lang='grc' dir='ltr'><strong>ἡ</strong></span> <span class='ocrx_word' id='word_1_255' title='bbox 2540 1330 2746 1402; x_wconf 76' lang='grc' dir='ltr'>ἡμέρα,</span> <span class='ocrx_word' id='word_1_256' title='bbox 2770 1329 2837 1400; x_wconf 83' lang='grc' dir='ltr'>σή</span> <span class='ocrx_word' id='word_1_257' title='bbox 2860 1329 3008 1384; x_wconf 74' lang='grc' dir='ltr'>ἐστιν</span> <span class='ocrx_word' id='word_1_258' title='bbox 3051 1331 3086 1400; x_wconf 79' lang='grc' dir='ltr'>ὴ</span> <span class='ocrx_word' id='word_1_259' title='bbox 3118 1328 3242 1396; x_wconf 81' lang='grc' dir='ltr'>νύξ.</span> <span class='ocrx_word' id='word_1_260' title='bbox 3271 1348 3291 1382; x_wconf 76' lang='grc' dir='ltr'><strong>ι</strong></span> 
     </span>
    </p>
   </div>
   <div class='ocr_carea' id='block_1_44' title="bbox 2166 1425 3669 1499">
    <p class='ocr_par' dir='ltr' id='par_1_44' title="bbox 2166 1425 3669 1499">
     <span class='ocr_line' id='line_1_44' title="bbox 2166 1425 3669 1499; baseline -0.007 -16"><span class='ocrx_word' id='word_1_261' title='bbox 2166 1427 2603 1499; x_wconf 84' lang='grc' dir='ltr'>’Δναμιμνήσκει</span> <span class='ocrx_word' id='word_1_262' title='bbox 2645 1427 2741 1498; x_wconf 81' lang='grc' dir='ltr'><strong>τῆς</strong></span> <span class='ocrx_word' id='word_1_263' title='bbox 2771 1425 2965 1481; x_wconf 77' lang='grc' dir='ltr'>ἑαυτοῦ</span> <span class='ocrx_word' id='word_1_264' title='bbox 3005 1425 3382 1497; x_wconf 76' lang='grc' dir='ltr'><strong>δημιουργίας</strong></span> <span class='ocrx_word' id='word_1_265' title='bbox 3420 1427 3512 1480; x_wconf 79' lang='grc' dir='ltr'><strong>τὸν</strong></span> <span class='ocrx_word' id='word_1_266' title='bbox 3566 1430 3669 1484; x_wconf 77' lang='grc' dir='ltr'>κτί.</span> 
     </span>
    </p>
   </div>
   <div class='ocr_carea' id='block_1_45' title="bbox 2086 1517 3668 1590">
    <p class='ocr_par' dir='ltr' id='par_1_45' title="bbox 2086 1517 3668 1590">
     <span class='ocr_line' id='line_1_45' title="bbox 2086 1517 3668 1590; baseline 0 -14"><span class='ocrx_word' id='word_1_267' title='bbox 2086 1537 2277 1586; x_wconf 86' lang='grc' dir='ltr'>σαντα,</span> <span class='ocrx_word' id='word_1_268' title='bbox 2306 1519 2707 1590; x_wconf 84' lang='grc' dir='ltr'>ὲκλελησμένον</span> <span class='ocrx_word' id='word_1_269' title='bbox 2748 1518 2848 1590; x_wconf 81' lang='grc' dir='ltr'>μὲν</span> <span class='ocrx_word' id='word_1_270' title='bbox 2882 1517 3165 1587; x_wconf 79' lang='grc' dir='ltr'><strong>οὐδαμῶς,</strong></span> <span class='ocrx_word' id='word_1_271' title='bbox 3199 1518 3582 1588; x_wconf 79' lang='grc' dir='ltr'><strong>ὁμολογεῖσθαι</strong></span> <span class='ocrx_word' id='word_1_272' title='bbox 3617 1523 3668 1576; x_wconf 72' lang='grc' dir='ltr'>δὲ</span> 
     </span>
    </p>
   </div>
   <div class='ocr_carea' id='block_1_46' title="bbox 2085 1608 3667 1683">
    <p class='ocr_par' dir='ltr' id='par_1_46' title="bbox 2085 1608 3667 1683">
     <span class='ocr_line' id='line_1_46' title="bbox 2085 1608 3667 1683; baseline 0 -16"><span class='ocrx_word' id='word_1_273' title='bbox 2085 1612 2259 1683; x_wconf 75' lang='grc' dir='ltr'>αὐτὴν</span> <span class='ocrx_word' id='word_1_274' title='bbox 2302 1610 2454 1681; x_wconf 76' lang='grc' dir='ltr'>παρὰ</span> <span class='ocrx_word' id='word_1_275' title='bbox 2495 1610 2741 1672; x_wconf 77' lang='grc' dir='ltr'>πάντων,</span> <span class='ocrx_word' id='word_1_276' title='bbox 2793 1609 2870 1673; x_wconf 84' lang='grc' dir='ltr'><strong>ὡς</strong></span> <span class='ocrx_word' id='word_1_277' title='bbox 2917 1608 3084 1663; x_wconf 84' lang='grc' dir='ltr'>αὐτοῦ</span> <span class='ocrx_word' id='word_1_278' title='bbox 3126 1609 3344 1680; x_wconf 85' lang='grc' dir='ltr'>κτίσμα</span> <span class='ocrx_word' id='word_1_279' title='bbox 3402 1613 3667 1681; x_wconf 84' lang='grc' dir='ltr'>τυγχάνει,</span> 
     </span>
    </p>
   </div>
   <div class='ocr_carea' id='block_1_47' title="bbox 2088 1700 3664 1776">
    <p class='ocr_par' dir='ltr' id='par_1_47' title="bbox 2088 1700 3664 1776">
     <span class='ocr_line' id='line_1_47' title="bbox 2088 1700 3664 1776; baseline 0.002 -20"><span class='ocrx_word' id='word_1_280' title='bbox 2088 1700 2438 1775; x_wconf 81' lang='grc' dir='ltr'>βουλόμενος,</span> <span class='ocrx_word' id='word_1_281' title='bbox 2491 1701 2696 1772; x_wconf 85' lang='grc' dir='ltr'>πολλὴν</span> <span class='ocrx_word' id='word_1_282' title='bbox 2750 1700 2896 1754; x_wconf 75' lang='grc' dir='ltr'>οὕτω</span> <span class='ocrx_word' id='word_1_283' title='bbox 2953 1701 3110 1766; x_wconf 78' lang='grc' dir='ltr'>τάξιν</span> <span class='ocrx_word' id='word_1_284' title='bbox 3160 1703 3262 1756; x_wconf 73' lang='grc' dir='ltr'><strong>καὶ</strong></span> <span class='ocrx_word' id='word_1_285' title='bbox 3329 1704 3664 1776; x_wconf 72' lang='grc' dir='ltr'>παντοδαπὴν</span> 
     </span>
    </p>
   </div>
   <div class='ocr_carea' id='block_1_48' title="bbox 2088 1794 3665 1866">
    <p class='ocr_par' dir='ltr' id='par_1_48' title="bbox 2088 1794 3665 1866">
     <span class='ocr_line' id='line_1_48' title="bbox 2088 1794 3665 1866; baseline 0.001 -17"><span class='ocrx_word' id='word_1_286' title='bbox 2088 1796 2342 1866; x_wconf 77' lang='grc' dir='ltr'>ἔχουσαν,</span> <span class='ocrx_word' id='word_1_287' title='bbox 2368 1795 2446 1859; x_wconf 83' lang='grc' dir='ltr'>ὡς</span> <span class='ocrx_word' id='word_1_288' title='bbox 2484 1794 2583 1865; x_wconf 81' lang='grc' dir='ltr'>τὴν</span> <span class='ocrx_word' id='word_1_289' title='bbox 2609 1795 2709 1865; x_wconf 81' lang='grc' dir='ltr'>μὲν</span> <span class='ocrx_word' id='word_1_290' title='bbox 2738 1794 2951 1864; x_wconf 81' lang='grc' dir='ltr'>ἡμέραν</span> <span class='ocrx_word' id='word_1_291' title='bbox 2980 1796 3047 1865; x_wconf 83' lang='grc' dir='ltr'>τῇ</span> <span class='ocrx_word' id='word_1_292' title='bbox 3088 1795 3255 1848; x_wconf 73' lang='grc' dir='ltr'>νυκτὶ</span> <span class='ocrx_word' id='word_1_293' title='bbox 3303 1798 3665 1866; x_wconf 81' lang='grc' dir='ltr'>παραχωρεῖν,</span> 
     </span>
    </p>
   </div>
   <div class='ocr_carea' id='block_1_49' title="bbox 2087 1884 3668 1959">
    <p class='ocr_par' dir='ltr' id='par_1_49' title="bbox 2087 1884 3668 1959">
     <span class='ocr_line' id='line_1_49' title="bbox 2087 1884 3668 1959; baseline 0.001 -18"><span class='ocrx_word' id='word_1_294' title='bbox 2087 1887 2174 1958; x_wconf 82' lang='grc' dir='ltr'>τῷ</span> <span class='ocrx_word' id='word_1_295' title='bbox 2224 1887 2374 1959; x_wconf 85' lang='grc' dir='ltr'>θέρει</span> <span class='ocrx_word' id='word_1_296' title='bbox 2408 1886 2466 1940; x_wconf 76' lang='grc' dir='ltr'>δὲ</span> <span class='ocrx_word' id='word_1_297' title='bbox 2505 1886 2566 1939; x_wconf 82' lang='grc' dir='ltr'>τὸ</span> <span class='ocrx_word' id='word_1_298' title='bbox 2604 1885 2702 1957; x_wconf 74' lang='grc' dir='ltr'>ἔαρ</span> <span class='ocrx_word' id='word_1_299' title='bbox 2729 1884 3149 1952; x_wconf 80' lang='grc' dir='ltr'>ὑπεξίστασθαι,</span> <span class='ocrx_word' id='word_1_300' title='bbox 3170 1887 3325 1958; x_wconf 81' lang='grc' dir='ltr'>ὅροις</span> <span class='ocrx_word' id='word_1_301' title='bbox 3369 1887 3668 1958; x_wconf 76' lang='grc' dir='ltr'>μετρεῖσθαι</span> 
     </span>
    </p>
   </div>
   <div class='ocr_carea' id='block_1_50' title="bbox 2086 1977 3669 2052">
    <p class='ocr_par' dir='ltr' id='par_1_50' title="bbox 2086 1977 3669 2052">
     <span class='ocr_line' id='line_1_50' title="bbox 2086 1977 3669 2052; baseline 0.001 -20"><span class='ocrx_word' id='word_1_302' title='bbox 2086 1981 2187 2052; x_wconf 83' lang='grc' dir='ltr'><strong>τὴν</strong></span> <span class='ocrx_word' id='word_1_303' title='bbox 2234 1983 2361 2049; x_wconf 81' lang='grc' dir='ltr'>γῆν,</span> <span class='ocrx_word' id='word_1_304' title='bbox 2409 1978 2661 2047; x_wconf 82' lang='grc' dir='ltr'>καίτοιγε</span> <span class='ocrx_word' id='word_1_305' title='bbox 2697 1977 2788 2031; x_wconf 81' lang='grc' dir='ltr'>διὰ</span> <span class='ocrx_word' id='word_1_306' title='bbox 2834 1978 2897 2030; x_wconf 83' lang='grc' dir='ltr'>τὸ</span> <span class='ocrx_word' id='word_1_307' title='bbox 2939 1977 3175 2048; x_wconf 84' lang='grc' dir='ltr'>μέγεθος</span> <span class='ocrx_word' id='word_1_308' title='bbox 3230 1978 3505 2033; x_wconf 78' lang='grc' dir='ltr'>δοκοῦσαν</span> <span class='ocrx_word' id='word_1_309' title='bbox 3555 1982 3669 2051; x_wconf 82' lang='grc' dir='ltr'>ἁμέ-</span> 
     </span>
    </p>
   </div>
   <div class='ocr_carea' id='block_1_51' title="bbox 2086 2065 3667 2142">
    <p class='ocr_par' dir='ltr' id='par_1_51' title="bbox 2086 2065 3667 2142">
     <span class='ocr_line' id='line_1_51' title="bbox 2086 2065 3667 2142; baseline 0.001 -19"><span class='ocrx_word' id='word_1_310' title='bbox 2086 2065 2416 2141; x_wconf 49' lang='grc' dir='ltr'>τρητονῖαν</span> <span class='ocrx_word' id='word_1_311' title='bbox 2440 2070 2676 2123; x_wconf 72' lang='grc' dir='ltr'>ἕκαστον</span> <span class='ocrx_word' id='word_1_312' title='bbox 2705 2069 3050 2140; x_wconf 80' lang='grc' dir='ltr'>Δημιουργὸν</span> <span class='ocrx_word' id='word_1_313' title='bbox 3076 2069 3171 2123; x_wconf 75' lang='grc' dir='ltr'><strong>τὸν</strong></span> <span class='ocrx_word' id='word_1_314' title='bbox 3193 2069 3355 2137; x_wconf 80' lang='grc' dir='ltr'>Θεὸν,</span> <span class='ocrx_word' id='word_1_315' title='bbox 3383 2070 3667 2142; x_wconf 75' lang='grc' dir='ltr'>ἐπιστημό-</span> 
     </span>
    </p>
   </div>
   <div class='ocr_carea' id='block_1_52' title="bbox 2086 2156 3150 2226">
    <p class='ocr_par' dir='ltr' id='par_1_52' title="bbox 2086 2156 3150 2226">
     <span class='ocr_line' id='line_1_52' title="bbox 2086 2156 3150 2226; baseline -0.003 -13"><span class='ocrx_word' id='word_1_316' title='bbox 2086 2177 2194 2223; x_wconf 88' lang='grc' dir='ltr'><strong>νως</strong></span> <span class='ocrx_word' id='word_1_317' title='bbox 2225 2159 2364 2212; x_wconf 79' lang='grc' dir='ltr'>αὐτὰ</span> <span class='ocrx_word' id='word_1_318' title='bbox 2404 2157 2822 2226; x_wconf 80' lang='grc' dir='ltr'>διαταξάμενον,</span> <span class='ocrx_word' id='word_1_319' title='bbox 2853 2156 3150 2211; x_wconf 87' lang='grc' dir='ltr'>δείκνυσιν.</span> 
     </span>
    </p>
   </div>
   <div class='ocr_carea' id='block_1_53' title="bbox 2164 2246 3047 2320">
    <p class='ocr_par' dir='ltr' id='par_1_53' title="bbox 2164 2246 3047 2320">
     <span class='ocr_line' id='line_1_53' title="bbox 2164 2246 3047 2320; baseline -0.006 -18"><span class='ocrx_word' id='word_1_320' title='bbox 2164 2269 2184 2302; x_wconf 83' lang='grc' dir='ltr'><strong>ι</strong></span> <span class='ocrx_word' id='word_1_321' title='bbox 2212 2250 2303 2319; x_wconf 82' lang='grc' dir='ltr'><strong>Μὴ</strong></span> <span class='ocrx_word' id='word_1_322' title='bbox 2326 2247 2595 2320; x_wconf 85' lang='grc' dir='ltr'>παραδῷς</span> <span class='ocrx_word' id='word_1_323' title='bbox 2620 2250 2733 2311; x_wconf 88' lang='grc' dir='ltr'>τοῖς</span> <span class='ocrx_word' id='word_1_324' title='bbox 2760 2246 2995 2319; x_wconf 86' lang='grc' dir='ltr'>θηρίοις.</span> <span class='ocrx_word' id='word_1_325' title='bbox 3029 2264 3047 2297; x_wconf 78' lang='grc' dir='ltr'><strong>ι</strong></span> 
     </span>
    </p>
   </div>
   <div class='ocr_carea' id='block_1_54' title="bbox 2159 2338 3670 2411">
    <p class='ocr_par' dir='ltr' id='par_1_54' title="bbox 2159 2338 3670 2411">
     <span class='ocr_line' id='line_1_54' title="bbox 2159 2338 3670 2411; baseline -0.001 -16"><span class='ocrx_word' id='word_1_326' title='bbox 2159 2342 2407 2410; x_wconf 84' lang='grc' dir='ltr'>Πένητας</span> <span class='ocrx_word' id='word_1_327' title='bbox 2469 2340 2598 2403; x_wconf 79' lang='grc' dir='ltr'>τοὺς</span> <span class='ocrx_word' id='word_1_328' title='bbox 2655 2339 3017 2411; x_wconf 76' lang='grc' dir='ltr'>ἁμαρτωλοὺς</span> <span class='ocrx_word' id='word_1_329' title='bbox 3064 2338 3252 2403; x_wconf 83' lang='grc' dir='ltr'>καλεῖ,</span> <span class='ocrx_word' id='word_1_330' title='bbox 3306 2339 3435 2403; x_wconf 81' lang='grc' dir='ltr'>τοὺς</span> <span class='ocrx_word' id='word_1_331' title='bbox 3483 2340 3670 2409; x_wconf 75' lang='grc' dir='ltr'>μηδένα</span> 
     </span>
    </p>
   </div>
   <div class='ocr_carea' id='block_1_55' title="bbox 2088 2428 3666 2502">
    <p class='ocr_par' dir='ltr' id='par_1_55' title="bbox 2088 2428 3666 2502">
     <span class='ocr_line' id='line_1_55' title="bbox 2088 2428 3666 2502; baseline -0.001 -17"><span class='ocrx_word' id='word_1_332' title='bbox 2088 2432 2315 2485; x_wconf 82' lang='grc' dir='ltr'>πλοῦτον</span> <span class='ocrx_word' id='word_1_333' title='bbox 2336 2428 2685 2501; x_wconf 80' lang='grc' dir='ltr'>δικαιοσύνης</span> <span class='ocrx_word' id='word_1_334' title='bbox 2713 2430 2959 2501; x_wconf 75' lang='grc' dir='ltr'>ἔχοντας,</span> <span class='ocrx_word' id='word_1_335' title='bbox 2993 2432 3178 2484; x_wconf 76' lang='grc' dir='ltr'>πᾶσαν</span> <span class='ocrx_word' id='word_1_336' title='bbox 3212 2429 3274 2484; x_wconf 73' lang='grc' dir='ltr'>δὲ</span> <span class='ocrx_word' id='word_1_337' title='bbox 3301 2430 3403 2501; x_wconf 83' lang='grc' dir='ltr'>τὴν</span> <span class='ocrx_word' id='word_1_338' title='bbox 3428 2430 3666 2502; x_wconf 82' lang='grc' dir='ltr'>πατρῴαν</span> 
     </span>
    </p>
   </div>
   <div class='ocr_carea' id='block_1_56' title="bbox 2089 2521 3667 2593">
    <p class='ocr_par' dir='ltr' id='par_1_56' title="bbox 2089 2521 3667 2593">
     <span class='ocr_line' id='line_1_56' title="bbox 2089 2521 3667 2593; baseline -0.001 -15"><span class='ocrx_word' id='word_1_339' title='bbox 2089 2523 2508 2593; x_wconf 71' lang='grc' dir='ltr'>καταφαγόντας</span> <span class='ocrx_word' id='word_1_340' title='bbox 2573 2521 2850 2593; x_wconf 74' lang='grc' dir='ltr'>ὓπαρξιν·</span> <span class='ocrx_word' id='word_1_341' title='bbox 2912 2521 3120 2575; x_wconf 90' lang='grc' dir='ltr'>τούτων</span> <span class='ocrx_word' id='word_1_342' title='bbox 3183 2524 3214 2576; x_wconf 90' lang='grc' dir='ltr'><strong>ό</strong></span> <span class='ocrx_word' id='word_1_343' title='bbox 3271 2521 3406 2587; x_wconf 72' lang='grc' dir='ltr'>Θεὸς</span> <span class='ocrx_word' id='word_1_344' title='bbox 3466 2524 3667 2587; x_wconf 72' lang='grc' dir='ltr'>εἰκότως</span> 
     </span>
    </p>
   </div>
   <div class='ocr_carea' id='block_1_57' title="bbox 2086 2605 3661 2683">
    <p class='ocr_par' dir='ltr' id='par_1_57' title="bbox 2086 2605 3661 2683">
     <span class='ocr_line' id='line_1_57' title="bbox 2086 2605 3661 2683; baseline -0.001 -15"><span class='ocrx_word' id='word_1_345' title='bbox 2086 2613 2445 2683; x_wconf 72' lang='grc' dir='ltr'>ἐπιλελῆσθαι</span> <span class='ocrx_word' id='word_1_346' title='bbox 2496 2612 2779 2683; x_wconf 81' lang='grc' dir='ltr'>νομίζεται</span> <span class='ocrx_word' id='word_1_347' title='bbox 2846 2610 3246 2682; x_wconf 82' lang='grc' dir='ltr'>μακροθυμῶν,</span> <span class='ocrx_word' id='word_1_348' title='bbox 3290 2614 3388 2667; x_wconf 71' lang='grc' dir='ltr'><strong>καὶ</strong></span> <span class='ocrx_word' id='word_1_349' title='bbox 3444 2613 3535 2683; x_wconf 84' lang='grc' dir='ltr'><strong>τὴν</strong></span> <span class='ocrx_word' id='word_1_350' title='bbox 3579 2605 3661 2666; x_wconf 80' lang='grc' dir='ltr'><strong>ἐπ’</strong></span> 
     </span>
    </p>
   </div>
   <div class='ocr_carea' id='block_1_58' title="bbox 2087 2704 2957 2775">
    <p class='ocr_par' dir='ltr' id='par_1_58' title="bbox 2087 2704 2957 2775">
     <span class='ocr_line' id='line_1_58' title="bbox 2087 2704 2957 2775; baseline -0.007 -14"><span class='ocrx_word' id='word_1_351' title='bbox 2087 2707 2271 2769; x_wconf 83' lang='grc' dir='ltr'>αὐτοῖς</span> <span class='ocrx_word' id='word_1_352' title='bbox 2307 2704 2462 2775; x_wconf 82' lang='grc' dir='ltr'>δίκην</span> <span class='ocrx_word' id='word_1_353' title='bbox 2496 2704 2957 2775; x_wconf 81' lang='grc' dir='ltr'>ὑπερτιθέμενος.</span> 
     </span>
    </p>
   </div>
   <div class='ocr_carea' id='block_1_59' title="bbox 2660 2793 3107 2849">
    <p class='ocr_par' dir='ltr' id='par_1_59' title="bbox 2660 2793 3107 2849">
     <span class='ocr_line' id='line_1_59' title="bbox 2660 2793 3107 2849; baseline 0.002 -1"><span class='ocrx_word' id='word_1_354' title='bbox 2660 2794 2959 2848; x_wconf 81' lang='grc' dir='ltr'><strong>ΨΔΛΜΟΣ</strong></span> <span class='ocrx_word' id='word_1_355' title='bbox 2989 2793 3107 2849; x_wconf 73' lang='grc' dir='ltr'><strong>ω’.</strong></span> 
     </span>
    </p>
   </div>
   <div class='ocr_carea' id='block_1_60' title="bbox 2163 2886 3186 2960">
    <p class='ocr_par' dir='ltr' id='par_1_60' title="bbox 2163 2886 3186 2960">
     <span class='ocr_line' id='line_1_60' title="bbox 2163 2886 3186 2960; baseline 0.002 -21"><span class='ocrx_word' id='word_1_356' title='bbox 2163 2904 2184 2939; x_wconf 79' lang='grc' dir='ltr'><strong>ι</strong></span> <span class='ocrx_word' id='word_1_357' title='bbox 2214 2886 2766 2960; x_wconf 82' lang='grc' dir='ltr'>Ἐξομολογησόμεθά</span> <span class='ocrx_word' id='word_1_358' title='bbox 2786 2903 2889 2952; x_wconf 90' lang='grc' dir='ltr'>σοι,</span> <span class='ocrx_word' id='word_1_359' title='bbox 2919 2888 2948 2940; x_wconf 87' lang='grc' dir='ltr'><strong>ὁ</strong></span> <span class='ocrx_word' id='word_1_360' title='bbox 2978 2886 3133 2952; x_wconf 86' lang='grc' dir='ltr'>Θεός.</span> <span class='ocrx_word' id='word_1_361' title='bbox 3168 2906 3186 2941; x_wconf 74' lang='grc' dir='ltr'><strong>ι</strong></span> 
     </span>
    </p>
   </div>
   <div class='ocr_carea' id='block_1_61' title="bbox 2161 2985 3660 3056">
    <p class='ocr_par' dir='ltr' id='par_1_61' title="bbox 2161 2985 3660 3056">
     <span class='ocr_line' id='line_1_61' title="bbox 2161 2985 3660 3056; baseline 0.002 -19"><span class='ocrx_word' id='word_1_362' title='bbox 2161 2986 2409 3056; x_wconf 86' lang='grc' dir='ltr'>Πρόσχες</span> <span class='ocrx_word' id='word_1_363' title='bbox 2434 2987 2642 3054; x_wconf 82' lang='grc' dir='ltr'>σαφῶς,</span> <span class='ocrx_word' id='word_1_364' title='bbox 2664 2987 2747 3040; x_wconf 85' lang='grc' dir='ltr'><strong>ὅτι</strong></span> <span class='ocrx_word' id='word_1_365' title='bbox 2769 2986 2830 3039; x_wconf 78' lang='grc' dir='ltr'>τὸ</span> <span class='ocrx_word' id='word_1_366' title='bbox 2857 2986 2958 3055; x_wconf 82' lang='grc' dir='ltr'><strong>μὲν</strong></span> <span class='ocrx_word' id='word_1_367' title='bbox 2984 2985 3444 3056; x_wconf 73' lang='grc' dir='ltr'>ἐξομολογεῖσθαι</span> <span class='ocrx_word' id='word_1_368' title='bbox 3462 2985 3660 3052; x_wconf 81' lang='grc' dir='ltr'>πολλῶν,</span> 
     </span>
    </p>
   </div>
   <div class='ocr_carea' id='block_1_62' title="bbox 406 3071 1987 3156">
    <p class='ocr_par' dir='ltr' id='par_1_62' title="bbox 406 3071 1983 3135">
     <span class='ocr_line' id='line_1_62' title="bbox 406 3071 1983 3135; baseline 0.002 -10"><span class='ocrx_word' id='word_1_369' title='bbox 406 3072 498 3133; x_wconf 82' lang='lat' dir='ltr'><strong>sit,</strong></span> <span class='ocrx_word' id='word_1_370' title='bbox 531 3071 805 3125; x_wconf 89' lang='lat' dir='ltr'><strong>enarratio</strong></span> <span class='ocrx_word' id='word_1_371' title='bbox 829 3086 958 3126; x_wconf 85' lang='lat' dir='ltr'><strong>vero</strong></span> <span class='ocrx_word' id='word_1_372' title='bbox 987 3071 1319 3125; x_wconf 82' lang='lat' dir='ltr'><strong>mirabilium</strong></span> <span class='ocrx_word' id='word_1_373' title='bbox 1353 3072 1469 3135; x_wconf 85' lang='lat' dir='ltr'><strong>Dei,</strong></span> <span class='ocrx_word' id='word_1_374' title='bbox 1508 3074 1675 3127; x_wconf 92' lang='lat' dir='ltr'><strong>unius</strong></span> <span class='ocrx_word' id='word_1_375' title='bbox 1738 3072 1899 3128; x_wconf 80' lang='lat' dir='ltr'><strong>fuerit</strong></span> <span class='ocrx_word' id='word_1_376' title='bbox 1953 3089 1983 3128; x_wconf 89' lang='lat' dir='ltr'><strong>e</strong></span> 
     </span>
    </p>
   </div>
   <div class='ocr_carea' id='block_1_63' title="bbox 2101 3071 3662 3156">
    <p class='ocr_par' dir='ltr' id='par_1_63' title="bbox 2101 3075 3662 3149">
     <span class='ocr_line' id='line_1_63' title="bbox 2101 3075 3662 3149; baseline 0.001 -21"><span class='ocrx_word' id='word_1_377' title='bbox 2101 3075 2146 3129; x_wconf 75' lang='grc' dir='ltr'><strong>ιδ</strong></span> <span class='ocrx_word' id='word_1_378' title='bbox 2164 3077 2220 3129; x_wconf 82' lang='grc' dir='ltr'>δὲ</span> <span class='ocrx_word' id='word_1_379' title='bbox 2247 3077 2558 3149; x_wconf 86' lang='grc' dir='ltr'>διηγεῖσθαι</span> <span class='ocrx_word' id='word_1_380' title='bbox 2589 3077 2684 3131; x_wconf 88' lang='grc' dir='ltr'><strong>σοῦ</strong></span> <span class='ocrx_word' id='word_1_381' title='bbox 2716 3079 2809 3130; x_wconf 90' lang='grc' dir='ltr'><strong>τοῦ</strong></span> <span class='ocrx_word' id='word_1_382' title='bbox 2845 3077 2983 3132; x_wconf 86' lang='grc' dir='ltr'>Θεοῦ</span> <span class='ocrx_word' id='word_1_383' title='bbox 3030 3079 3099 3132; x_wconf 72' lang='grc' dir='ltr'>τὰ</span> <span class='ocrx_word' id='word_1_384' title='bbox 3131 3078 3444 3149; x_wconf 81' lang='grc' dir='ltr'>θαυμάσια,</span> <span class='ocrx_word' id='word_1_385' title='bbox 3475 3079 3582 3142; x_wconf 73' lang='grc' dir='ltr'>ἑνὸς</span> <span class='ocrx_word' id='word_1_386' title='bbox 3611 3082 3662 3131; x_wconf 80' lang='grc' dir='ltr'>ὲκ</span> 
     </span>
    </p>
   </div>
   <div class='ocr_carea' id='block_1_64' title="bbox 408 3161 1983 3233">
    <p class='ocr_par' dir='ltr' id='par_1_64' title="bbox 408 3161 1983 3233">
     <span class='ocr_line' id='line_1_64' title="bbox 408 3161 1983 3233; baseline 0.003 -20"><span class='ocrx_word' id='word_1_387' title='bbox 408 3161 611 3225; x_wconf 88' lang='lat' dir='ltr'><strong>multis,</strong></span> <span class='ocrx_word' id='word_1_388' title='bbox 639 3161 949 3215; x_wconf 84' lang='lat' dir='ltr'><strong>conﬁtentis</strong></span> <span class='ocrx_word' id='word_1_389' title='bbox 974 3171 1136 3230; x_wconf 90' lang='lat' dir='ltr'><strong>atque</strong></span> <span class='ocrx_word' id='word_1_390' title='bbox 1169 3162 1509 3225; x_wconf 87' lang='lat' dir='ltr'><strong>invocantis;</strong></span> <span class='ocrx_word' id='word_1_391' title='bbox 1568 3177 1739 3230; x_wconf 84' lang='lat' dir='ltr'><strong>quare</strong></span> <span class='ocrx_word' id='word_1_392' title='bbox 1798 3163 1983 3233; x_wconf 86' lang='lat' dir='ltr'><strong>priora</strong></span> 
     </span>
    </p>
   </div>
   <div class='ocr_carea' id='block_1_65' title="bbox 408 3251 1986 3322">
    <p class='ocr_par' dir='ltr' id='par_1_65' title="bbox 408 3251 1986 3322">
     <span class='ocr_line' id='line_1_65' title="bbox 408 3251 1986 3322; baseline 0.003 -20"><span class='ocrx_word' id='word_1_393' title='bbox 408 3251 626 3320; x_wconf 84' lang='lat' dir='ltr'><strong>quidem</strong></span> <span class='ocrx_word' id='word_1_394' title='bbox 658 3251 711 3304; x_wconf 90' lang='lat' dir='ltr'><strong>in</strong></span> <span class='ocrx_word' id='word_1_395' title='bbox 745 3266 972 3321; x_wconf 89' lang='lat' dir='ltr'><strong>persona</strong></span> <span class='ocrx_word' id='word_1_396' title='bbox 1000 3253 1193 3322; x_wconf 91' lang='lat' dir='ltr'><strong>plurali</strong></span> <span class='ocrx_word' id='word_1_397' title='bbox 1226 3253 1431 3322; x_wconf 87' lang='lat' dir='ltr'><strong>posuit.</strong></span> <span class='ocrx_word' id='word_1_398' title='bbox 1465 3252 1858 3308; x_wconf 79' lang='lat' dir='ltr'><strong>Verumtamen</strong></span> <span class='ocrx_word' id='word_1_399' title='bbox 1883 3256 1986 3309; x_wconf 90' lang='lat' dir='ltr'><strong>du-</strong></span> 
     </span>
    </p>
   </div>
   <div class='ocr_carea' id='block_1_66' title="bbox 409 3345 1985 3417">
    <p class='ocr_par' dir='ltr' id='par_1_66' title="bbox 409 3345 1985 3417">
     <span class='ocr_line' id='line_1_66' title="bbox 409 3345 1985 3417; baseline 0.002 -17"><span class='ocrx_word' id='word_1_400' title='bbox 409 3346 604 3416; x_wconf 91' lang='lat' dir='ltr'><strong>plicem</strong></span> <span class='ocrx_word' id='word_1_401' title='bbox 659 3345 825 3402; x_wconf 86' lang='lat' dir='ltr'><strong>etiam</strong></span> <span class='ocrx_word' id='word_1_402' title='bbox 885 3346 1287 3401; x_wconf 70' lang='lat' dir='ltr'><strong>confeSsioncm</strong></span> <span class='ocrx_word' id='word_1_403' title='bbox 1349 3347 1463 3402; x_wconf 86' lang='lat' dir='ltr'><strong>Deo</strong></span> <span class='ocrx_word' id='word_1_404' title='bbox 1502 3347 1762 3407; x_wconf 84' lang='lat' dir='ltr'><strong>oblaturi.</strong></span> <span class='ocrx_word' id='word_1_405' title='bbox 1807 3348 1985 3417; x_wconf 90' lang='lat' dir='ltr'><strong>ipsum</strong></span> 
     </span>
    </p>
   </div>
   <div class='ocr_carea' id='block_1_67' title="bbox 411 3438 1985 3508">
    <p class='ocr_par' dir='ltr' id='par_1_67' title="bbox 411 3438 1985 3508">
     <span class='ocr_line' id='line_1_67' title="bbox 411 3438 1985 3508; baseline 0.003 -17"><span class='ocrx_word' id='word_1_406' title='bbox 411 3440 666 3493; x_wconf 87' lang='lat' dir='ltr'><strong>invocare</strong></span> <span class='ocrx_word' id='word_1_407' title='bbox 699 3439 991 3503; x_wconf 88' lang='lat' dir='ltr'><strong>debemus;</strong></span> <span class='ocrx_word' id='word_1_408' title='bbox 1023 3454 1186 3493; x_wconf 90' lang='lat' dir='ltr'><strong>unam</strong></span> <span class='ocrx_word' id='word_1_409' title='bbox 1240 3439 1458 3508; x_wconf 90' lang='lat' dir='ltr'><strong>quidem</strong></span> <span class='ocrx_word' id='word_1_410' title='bbox 1509 3438 1713 3503; x_wconf 88' lang='lat' dir='ltr'><strong>verbis,</strong></span> <span class='ocrx_word' id='word_1_411' title='bbox 1760 3441 1985 3496; x_wconf 86' lang='lat' dir='ltr'><strong>alteram</strong></span> 
     </span>
    </p>
   </div>
   <div class='ocr_carea' id='block_1_68' title="bbox 410 3532 1989 3601">
    <p class='ocr_par' dir='ltr' id='par_1_68' title="bbox 410 3532 1989 3601">
     <span class='ocr_line' id='line_1_68' title="bbox 410 3532 1989 3601; baseline 0.001 -15"><span class='ocrx_word' id='word_1_412' title='bbox 410 3548 542 3586; x_wconf 85' lang='lat' dir='ltr'><strong>vero</strong></span> <span class='ocrx_word' id='word_1_413' title='bbox 569 3533 829 3601; x_wconf 89' lang='lat' dir='ltr'><strong>operibus</strong></span> <span class='ocrx_word' id='word_1_414' title='bbox 852 3533 1179 3587; x_wconf 79' lang='lat' dir='ltr'><strong>exhibentes</strong></span> <span class='ocrx_word' id='word_1_415' title='bbox 1206 3550 1219 3587; x_wconf 92' lang='lat'>:</span> <span class='ocrx_word' id='word_1_416' title='bbox 1243 3532 1425 3588; x_wconf 89' lang='lat' dir='ltr'><strong>verbis</strong></span> <span class='ocrx_word' id='word_1_417' title='bbox 1448 3533 1668 3601; x_wconf 91' lang='lat' dir='ltr'><strong>quidem</strong></span> <span class='ocrx_word' id='word_1_418' title='bbox 1700 3534 1753 3586; x_wconf 91' lang='lat' dir='ltr'><strong>in</strong></span> <span class='ocrx_word' id='word_1_419' title='bbox 1780 3535 1989 3588; x_wconf 85' lang='lat' dir='ltr'><strong>oratio-</strong></span> 
     </span>
    </p>
   </div>
   <div class='ocr_carea' id='block_1_69' title="bbox 412 3625 1989 3697">
    <p class='ocr_par' dir='ltr' id='par_1_69' title="bbox 412 3625 1989 3697">
     <span class='ocr_line' id='line_1_69' title="bbox 412 3625 1989 3697; baseline 0.003 -19"><span class='ocrx_word' id='word_1_420' title='bbox 412 3641 502 3688; x_wconf 88' lang='lat' dir='ltr'><strong>ne,</strong></span> <span class='ocrx_word' id='word_1_421' title='bbox 557 3626 817 3696; x_wconf 87' lang='lat' dir='ltr'><strong>operibus</strong></span> <span class='ocrx_word' id='word_1_422' title='bbox 871 3642 1003 3681; x_wconf 83' lang='lat' dir='ltr'><strong>vero</strong></span> <span class='ocrx_word' id='word_1_423' title='bbox 1041 3625 1108 3680; x_wconf 89' lang='lat' dir='ltr'><strong>ab</strong></span> <span class='ocrx_word' id='word_1_424' title='bbox 1136 3625 1202 3681; x_wconf 91' lang='lat' dir='ltr'><strong>iis</strong></span> <span class='ocrx_word' id='word_1_425' title='bbox 1242 3626 1588 3688; x_wconf 87' lang='lat' dir='ltr'><strong>recedentes,</strong></span> <span class='ocrx_word' id='word_1_426' title='bbox 1630 3642 1730 3696; x_wconf 90' lang='lat' dir='ltr'><strong>pro</strong></span> <span class='ocrx_word' id='word_1_427' title='bbox 1790 3628 1989 3697; x_wconf 84' lang='lat' dir='ltr'><strong>quibus</strong></span> 
     </span>
    </p>
   </div>
   <div class='ocr_carea' id='block_1_70' title="bbox 412 3716 1988 3785">
    <p class='ocr_par' dir='ltr' id='par_1_70' title="bbox 412 3716 1988 3785">
     <span class='ocr_line' id='line_1_70' title="bbox 412 3716 1988 3785; baseline 0.001 -13"><span class='ocrx_word' id='word_1_428' title='bbox 412 3716 653 3772; x_wconf 82' lang='lat' dir='ltr'><strong>conﬁteri</strong></span> <span class='ocrx_word' id='word_1_429' title='bbox 684 3732 747 3772; x_wconf 91' lang='lat' dir='ltr'><strong>ac</strong></span> <span class='ocrx_word' id='word_1_430' title='bbox 773 3717 1045 3785; x_wconf 62' lang='lat' dir='ltr'><strong>paenitere</strong></span> <span class='ocrx_word' id='word_1_431' title='bbox 1074 3732 1175 3772; x_wconf 90' lang='lat' dir='ltr'><strong>nos</strong></span> <span class='ocrx_word' id='word_1_432' title='bbox 1201 3716 1459 3772; x_wconf 90' lang='lat' dir='ltr'><strong>dicimus.</strong></span> <span class='ocrx_word' id='word_1_433' title='bbox 1515 3716 1606 3772; x_wconf 90' lang='lat' dir='ltr'><strong>Sic</strong></span> <span class='ocrx_word' id='word_1_434' title='bbox 1641 3720 1787 3772; x_wconf 91' lang='lat' dir='ltr'><strong>enim</strong></span> <span class='ocrx_word' id='word_1_435' title='bbox 1843 3718 1988 3774; x_wconf 82' lang='lat' dir='ltr'><strong>Dens</strong></span> 
     </span>
    </p>
   </div>
   <div class='ocr_carea' id='block_1_71' title="bbox 392 3808 1988 3877">
    <p class='ocr_par' dir='ltr' id='par_1_71' title="bbox 392 3808 1988 3877">
     <span class='ocr_line' id='line_1_71' title="bbox 392 3808 1988 3877; baseline 0.003 -16"><span class='ocrx_word' id='word_1_436' title='bbox 392 3814 675 3873; x_wconf 80' lang='lat' dir='ltr'><strong>nostram,</strong></span> <span class='ocrx_word' id='word_1_437' title='bbox 705 3816 895 3877; x_wconf 90' lang='lat' dir='ltr'><strong>utpote</strong></span> <span class='ocrx_word' id='word_1_438' title='bbox 924 3808 1279 3875; x_wconf 87' lang='lat' dir='ltr'><strong>mundorum,</strong></span> <span class='ocrx_word' id='word_1_439' title='bbox 1334 3808 1742 3865; x_wconf 88' lang='lat' dir='ltr'><strong>invocationem</strong></span> <span class='ocrx_word' id='word_1_440' title='bbox 1791 3809 1988 3866; x_wconf 89' lang='lat' dir='ltr'><strong>admit-</strong></span> 
     </span>
    </p>
   </div>
   <div class='ocr_carea' id='block_1_72' title="bbox 413 3900 1989 3974">
    <p class='ocr_par' dir='ltr' id='par_1_72' title="bbox 413 3900 1989 3974">
     <span class='ocr_line' id='line_1_72' title="bbox 413 3900 1989 3974; baseline 0.003 -19"><span class='ocrx_word' id='word_1_441' title='bbox 413 3903 496 3958; x_wconf 89' lang='lat' dir='ltr'><strong>tit.</strong></span> <span class='ocrx_word' id='word_1_442' title='bbox 520 3900 790 3955; x_wconf 69' lang='lat' dir='ltr'><strong>Casterum</strong></span> <span class='ocrx_word' id='word_1_443' title='bbox 825 3911 1011 3957; x_wconf 87' lang='lat' dir='ltr'><strong>monet</strong></span> <span class='ocrx_word' id='word_1_444' title='bbox 1040 3918 1260 3973; x_wconf 89' lang='lat' dir='ltr'><strong>quoque</strong></span> <span class='ocrx_word' id='word_1_445' title='bbox 1299 3911 1360 3958; x_wconf 90' lang='lat' dir='ltr'><strong>ut</strong></span> <span class='ocrx_word' id='word_1_446' title='bbox 1412 3919 1737 3958; x_wconf 89' lang='lat' dir='ltr'><strong>enarremus</strong></span> <span class='ocrx_word' id='word_1_447' title='bbox 1767 3905 1989 3974; x_wconf 86' lang='lat' dir='ltr'><strong>prepria</strong></span> 
     </span>
    </p>
   </div>
   <div class='ocr_carea' id='block_1_73' title="bbox 411 3994 1990 4068">
    <p class='ocr_par' dir='ltr' id='par_1_73' title="bbox 411 3994 1990 4068">
     <span class='ocr_line' id='line_1_73' title="bbox 411 3994 1990 4068; baseline 0.003 -20"><span class='ocrx_word' id='word_1_448' title='bbox 411 3994 702 4056; x_wconf 87' lang='lat' dir='ltr'><strong>mirabilia,</strong></span> <span class='ocrx_word' id='word_1_449' title='bbox 745 4010 867 4064; x_wconf 66' lang='lat' dir='ltr'><strong>quae</strong></span> <span class='ocrx_word' id='word_1_450' title='bbox 926 3995 983 4050; x_wconf 91' lang='lat' dir='ltr'><strong>in</strong></span> <span class='ocrx_word' id='word_1_451' title='bbox 1026 3994 1324 4068; x_wconf 91' lang='lat' dir='ltr'><strong>Scripturis</strong></span> <span class='ocrx_word' id='word_1_452' title='bbox 1382 3997 1647 4054; x_wconf 88' lang='lat' dir='ltr'><strong>divinitus</strong></span> <span class='ocrx_word' id='word_1_453' title='bbox 1707 3998 1990 4066; x_wconf 86' lang='lat' dir='ltr'><strong>inspiratis</strong></span> 
     </span>
    </p>
   </div>
   <div class='ocr_carea' id='block_1_74' title="bbox 411 4083 787 4137">
    <p class='ocr_par' dir='ltr' id='par_1_74' title="bbox 411 4083 787 4137">
     <span class='ocr_line' id='line_1_74' title="bbox 411 4083 787 4137; baseline 0.005 -2"><span class='ocrx_word' id='word_1_454' title='bbox 411 4083 787 4137; x_wconf 84' lang='lat' dir='ltr'><strong>continentur.</strong></span> 
     </span>
    </p>
   </div>
   <div class='ocr_carea' id='block_1_75' title="bbox 483 4172 1596 4245">
    <p class='ocr_par' dir='ltr' id='par_1_75' title="bbox 483 4172 1596 4245">
     <span class='ocr_line' id='line_1_75' title="bbox 483 4172 1596 4245; baseline 0.002 -18"><span class='ocrx_word' id='word_1_455' title='bbox 483 4174 642 4228; x_wconf 75' lang='lat' dir='ltr'><strong>Vens.</strong></span> <span class='ocrx_word' id='word_1_456' title='bbox 681 4175 733 4227; x_wconf 84' lang='lat'><strong>5.</strong></span> <span class='ocrx_word' id='word_1_457' title='bbox 770 4192 787 4224; x_wconf 80' lang='grc' dir='ltr'><strong>ι</strong></span> <span class='ocrx_word' id='word_1_458' title='bbox 817 4172 952 4227; x_wconf 90' lang='lat' dir='ltr'><strong>Cum</strong></span> <span class='ocrx_word' id='word_1_459' title='bbox 986 4188 1252 4244; x_wconf 81' lang='lat' dir='ltr'><strong>accepero</strong></span> <span class='ocrx_word' id='word_1_460' title='bbox 1292 4183 1530 4245; x_wconf 85' lang='lat' dir='ltr'><strong>tempus.</strong></span> <span class='ocrx_word' id='word_1_461' title='bbox 1577 4195 1596 4229; x_wconf 70' lang='grc' dir='ltr'><strong>ι</strong></span> 
     </span>
    </p>
   </div>
   <div class='ocr_carea' id='block_1_76' title="bbox 485 4261 1990 4331">
    <p class='ocr_par' dir='ltr' id='par_1_76' title="bbox 485 4261 1990 4331">
     <span class='ocr_line' id='line_1_76' title="bbox 485 4261 1990 4331; baseline 0.002 -16"><span class='ocrx_word' id='word_1_462' title='bbox 485 4261 725 4331; x_wconf 91' lang='lat' dir='ltr'><strong>Tempus</strong></span> <span class='ocrx_word' id='word_1_463' title='bbox 767 4271 924 4318; x_wconf 84' lang='lat' dir='ltr'><strong>vocat</strong></span> <span class='ocrx_word' id='word_1_464' title='bbox 981 4264 1241 4318; x_wconf 64' lang='lat' dir='ltr'><strong>saeculum</strong></span> <span class='ocrx_word' id='word_1_465' title='bbox 1313 4263 1581 4318; x_wconf 85' lang='lat' dir='ltr'><strong>futurum.</strong></span> <span class='ocrx_word' id='word_1_466' title='bbox 1625 4263 1787 4318; x_wconf 90' lang='lat' dir='ltr'><strong>Nunc</strong></span> <span class='ocrx_word' id='word_1_467' title='bbox 1840 4265 1990 4318; x_wconf 89' lang='lat' dir='ltr'><strong>enim</strong></span> 
     </span>
    </p>
   </div>
   <div class='ocr_carea' id='block_1_77' title="bbox 413 4352 1993 4423">
    <p class='ocr_par' dir='ltr' id='par_1_77' title="bbox 413 4352 1993 4423">
     <span class='ocr_line' id='line_1_77' title="bbox 413 4352 1993 4423; baseline 0.004 -18"><span class='ocrx_word' id='word_1_468' title='bbox 413 4368 522 4406; x_wconf 83' lang='lat' dir='ltr'><strong>non</strong></span> <span class='ocrx_word' id='word_1_469' title='bbox 565 4352 731 4407; x_wconf 85' lang='lat' dir='ltr'><strong>habet</strong></span> <span class='ocrx_word' id='word_1_470' title='bbox 759 4362 974 4423; x_wconf 90' lang='lat' dir='ltr'><strong>tempus</strong></span> <span class='ocrx_word' id='word_1_471' title='bbox 999 4354 1420 4423; x_wconf 86' lang='lat' dir='ltr'><strong>nosjndicandi,</strong></span> <span class='ocrx_word' id='word_1_472' title='bbox 1456 4370 1580 4410; x_wconf 90' lang='lat' dir='ltr'><strong>cum</strong></span> <span class='ocrx_word' id='word_1_473' title='bbox 1603 4355 1757 4408; x_wconf 91' lang='lat' dir='ltr'><strong>multi</strong></span> <span class='ocrx_word' id='word_1_474' title='bbox 1795 4370 1993 4423; x_wconf 89' lang='lat' dir='ltr'><strong>pecca-</strong></span> 
     </span>
    </p>
   </div>
   <div class='ocr_carea' id='block_1_78' title="bbox 2097 3164 3661 3239">
    <p class='ocr_par' dir='ltr' id='par_1_78' title="bbox 2097 3164 3661 3239">
     <span class='ocr_line' id='line_1_78' title="bbox 2097 3164 3661 3239; baseline -0.001 -18"><span class='ocrx_word' id='word_1_475' title='bbox 2097 3167 2307 3221; x_wconf 81' lang='grc' dir='ltr'>πολλῶν</span> <span class='ocrx_word' id='word_1_476' title='bbox 2336 3164 2427 3239; x_wconf 84' lang='grc' dir='ltr'>ἦν,</span> <span class='ocrx_word' id='word_1_477' title='bbox 2462 3167 2963 3238; x_wconf 80' lang='grc' dir='ltr'>ὲξομολογουμένου</span> <span class='ocrx_word' id='word_1_478' title='bbox 2999 3169 3095 3222; x_wconf 68' lang='grc' dir='ltr'>καὶ</span> <span class='ocrx_word' id='word_1_479' title='bbox 3121 3169 3575 3239; x_wconf 76' lang='grc' dir='ltr'>ἐπικαλουμένου·</span> <span class='ocrx_word' id='word_1_480' title='bbox 3597 3167 3661 3221; x_wconf 80' lang='grc' dir='ltr'>διὸ</span> 
     </span>
    </p>
   </div>
   <div class='ocr_carea' id='block_1_79' title="bbox 2093 3262 3661 3339">
    <p class='ocr_par' dir='ltr' id='par_1_79' title="bbox 2093 3262 3661 3339">
     <span class='ocr_line' id='line_1_79' title="bbox 2093 3262 3661 3339; baseline -0.003 -20"><span class='ocrx_word' id='word_1_481' title='bbox 2093 3264 2445 3335; x_wconf 82' lang='grc' dir='ltr'>πληθυντικῷ</span> <span class='ocrx_word' id='word_1_482' title='bbox 2481 3264 2586 3335; x_wconf 84' lang='grc' dir='ltr'>μὲν</span> <span class='ocrx_word' id='word_1_483' title='bbox 2623 3264 2904 3336; x_wconf 85' lang='grc' dir='ltr'>προσώπῳ</span> <span class='ocrx_word' id='word_1_484' title='bbox 2955 3266 3025 3319; x_wconf 78' lang='grc' dir='ltr'><strong>τὰ</strong></span> <span class='ocrx_word' id='word_1_485' title='bbox 3055 3265 3328 3339; x_wconf 82' lang='grc' dir='ltr'>πρότερα.</span> <span class='ocrx_word' id='word_1_486' title='bbox 3363 3265 3504 3336; x_wconf 81' lang='grc' dir='ltr'>Πλὴν</span> <span class='ocrx_word' id='word_1_487' title='bbox 3548 3262 3661 3316; x_wconf 79' lang='grc' dir='ltr'>ἀλλὰ</span> 
     </span>
    </p>
   </div>
   <div class='ocr_carea' id='block_1_80' title="bbox 2093 3356 3659 3429">
    <p class='ocr_par' dir='ltr' id='par_1_80' title="bbox 2093 3356 3659 3429">
     <span class='ocr_line' id='line_1_80' title="bbox 2093 3356 3659 3429; baseline -0.003 -19"><span class='ocrx_word' id='word_1_488' title='bbox 2093 3358 2189 3410; x_wconf 69' lang='grc' dir='ltr'>καὶ</span> <span class='ocrx_word' id='word_1_489' title='bbox 2242 3356 2434 3429; x_wconf 81' lang='grc' dir='ltr'>διπλῆν</span> <span class='ocrx_word' id='word_1_490' title='bbox 2482 3357 2873 3428; x_wconf 77' lang='grc' dir='ltr'>ἐξομολόγησιν</span> <span class='ocrx_word' id='word_1_491' title='bbox 2928 3356 3006 3428; x_wconf 85' lang='grc' dir='ltr'>τῷ</span> <span class='ocrx_word' id='word_1_492' title='bbox 3063 3357 3183 3428; x_wconf 81' lang='grc' dir='ltr'><strong>Θεῷ</strong></span> <span class='ocrx_word' id='word_1_493' title='bbox 3246 3357 3569 3429; x_wconf 76' lang='grc' dir='ltr'>προσφέρειν</span> <span class='ocrx_word' id='word_1_494' title='bbox 3621 3356 3659 3408; x_wconf 91' lang='lat' dir='ltr'><strong>oi</strong></span> 
     </span>
    </p>
   </div>
   <div class='ocr_carea' id='block_1_81' title="bbox 2099 3445 3660 3520">
    <p class='ocr_par' dir='ltr' id='par_1_81' title="bbox 2099 3445 3660 3520">
     <span class='ocr_line' id='line_1_81' title="bbox 2099 3445 3660 3520; baseline -0.002 -20"><span class='ocrx_word' id='word_1_495' title='bbox 2099 3448 2408 3520; x_wconf 80' lang='grc' dir='ltr'>μέλλοντες,</span> <span class='ocrx_word' id='word_1_496' title='bbox 2438 3449 2602 3503; x_wconf 77' lang='grc' dir='ltr'>αὑτὸν</span> <span class='ocrx_word' id='word_1_497' title='bbox 2659 3448 3039 3504; x_wconf 78' lang='grc' dir='ltr'>ἐπικαλεῖσθαι</span> <span class='ocrx_word' id='word_1_498' title='bbox 3090 3447 3398 3520; x_wconf 74' lang='grc' dir='ltr'>χρῄζομενο</span> <span class='ocrx_word' id='word_1_499' title='bbox 3443 3448 3534 3515; x_wconf 82' lang='grc' dir='ltr'>τὴν</span> <span class='ocrx_word' id='word_1_500' title='bbox 3581 3445 3660 3516; x_wconf 77' lang='grc' dir='ltr'>μὲν</span> 
     </span>
    </p>
   </div>
   <div class='ocr_carea' id='block_1_82' title="bbox 2094 3538 3659 3613">
    <p class='ocr_par' dir='ltr' id='par_1_82' title="bbox 2094 3538 3659 3613">
     <span class='ocr_line' id='line_1_82' title="bbox 2094 3538 3659 3613; baseline -0.001 -22"><span class='ocrx_word' id='word_1_501' title='bbox 2094 3541 2207 3604; x_wconf 87' lang='grc' dir='ltr'>τοῖς</span> <span class='ocrx_word' id='word_1_502' title='bbox 2236 3538 2436 3606; x_wconf 83' lang='grc' dir='ltr'>λόγοις,</span> <span class='ocrx_word' id='word_1_503' title='bbox 2470 3540 2571 3610; x_wconf 81' lang='grc' dir='ltr'><strong>τὴν</strong></span> <span class='ocrx_word' id='word_1_504' title='bbox 2604 3540 2664 3594; x_wconf 82' lang='grc' dir='ltr'>δὲ</span> <span class='ocrx_word' id='word_1_505' title='bbox 2696 3543 2811 3603; x_wconf 85' lang='grc' dir='ltr'>τοῖς</span> <span class='ocrx_word' id='word_1_506' title='bbox 2840 3540 3045 3612; x_wconf 77' lang='grc' dir='ltr'>ἔργοις·</span> <span class='ocrx_word' id='word_1_507' title='bbox 3086 3540 3272 3610; x_wconf 91' lang='grc' dir='ltr'>λόγοις</span> <span class='ocrx_word' id='word_1_508' title='bbox 3312 3542 3409 3613; x_wconf 84' lang='grc' dir='ltr'>μὲν</span> <span class='ocrx_word' id='word_1_509' title='bbox 3434 3544 3489 3595; x_wconf 85' lang='grc' dir='ltr'>ὲν</span> <span class='ocrx_word' id='word_1_510' title='bbox 3518 3553 3659 3609; x_wconf 76' lang='grc' dir='ltr'>προσο</span> 
     </span>
    </p>
   </div>
   <div class='ocr_carea' id='block_1_83' title="bbox 2098 3624 3659 3703">
    <p class='ocr_par' dir='ltr' id='par_1_83' title="bbox 2098 3624 3659 3703">
     <span class='ocr_line' id='line_1_83' title="bbox 2098 3624 3659 3703; baseline -0.014 -2"><span class='ocrx_word' id='word_1_511' title='bbox 2098 3632 2258 3700; x_wconf 72' lang='grc' dir='ltr'><strong>ευκῇν</strong></span> <span class='ocrx_word' id='word_1_512' title='bbox 2283 3628 2470 3701; x_wconf 74' lang='grc' dir='ltr'>ἔργοις</span> <span class='ocrx_word' id='word_1_513' title='bbox 2510 3631 2568 3684; x_wconf 85' lang='grc' dir='ltr'>δὲ</span> <span class='ocrx_word' id='word_1_514' title='bbox 2611 3631 3022 3703; x_wconf 79' lang='grc' dir='ltr'>ἀναχωροῦντες</span> <span class='ocrx_word' id='word_1_515' title='bbox 3079 3633 3309 3685; x_wconf 71' lang='grc' dir='ltr'>ἐκείνων</span> <span class='ocrx_word' id='word_1_516' title='bbox 3358 3633 3438 3700; x_wconf 80' lang='grc' dir='ltr'><strong>ἐφ’</strong></span> <span class='ocrx_word' id='word_1_517' title='bbox 3467 3624 3541 3693; x_wconf 73' lang='grc' dir='ltr'>οἷς</span> <span class='ocrx_word' id='word_1_518' title='bbox 3587 3626 3659 3690; x_wconf 80' lang='grc' dir='ltr'><strong>ὲξ-</strong></span> 
     </span>
    </p>
   </div>
   <div class='ocr_carea' id='block_1_84' title="bbox 2095 3718 3660 3796">
    <p class='ocr_par' dir='ltr' id='par_1_84' title="bbox 2095 3718 3660 3796">
     <span class='ocr_line' id='line_1_84' title="bbox 2095 3718 3660 3796; baseline -0.001 -20"><span class='ocrx_word' id='word_1_519' title='bbox 2095 3722 2478 3794; x_wconf 84' lang='grc' dir='ltr'>ομολογεῖσθαι</span> <span class='ocrx_word' id='word_1_520' title='bbox 2513 3726 2616 3778; x_wconf 73' lang='grc' dir='ltr'>καὶ</span> <span class='ocrx_word' id='word_1_521' title='bbox 2654 3725 3082 3795; x_wconf 83' lang='grc' dir='ltr'>μεταμελεῖσθαι</span> <span class='ocrx_word' id='word_1_522' title='bbox 3099 3725 3360 3796; x_wconf 86' lang='grc' dir='ltr'>λέγομεν.</span> <span class='ocrx_word' id='word_1_523' title='bbox 3391 3722 3540 3778; x_wconf 82' lang='grc' dir='ltr'>Οῦτω</span> <span class='ocrx_word' id='word_1_524' title='bbox 3571 3718 3660 3786; x_wconf 78' lang='grc' dir='ltr'>γὰρ</span> 
     </span>
    </p>
   </div>
   <div class='ocr_carea' id='block_1_85' title="bbox 2095 3813 3656 3893">
    <p class='ocr_par' dir='ltr' id='par_1_85' title="bbox 2095 3813 3656 3893">
     <span class='ocr_line' id='line_1_85' title="bbox 2095 3813 3656 3893; baseline -0.003 -24"><span class='ocrx_word' id='word_1_525' title='bbox 2095 3816 2253 3887; x_wconf 81' lang='grc' dir='ltr'>ήμῶν</span> <span class='ocrx_word' id='word_1_526' title='bbox 2270 3817 2298 3869; x_wconf 90' lang='grc' dir='ltr'><strong>ό</strong></span> <span class='ocrx_word' id='word_1_527' title='bbox 2313 3815 2469 3881; x_wconf 79' lang='grc' dir='ltr'>Θεὸς,</span> <span class='ocrx_word' id='word_1_528' title='bbox 2483 3816 2557 3880; x_wconf 86' lang='grc' dir='ltr'>ὡς</span> <span class='ocrx_word' id='word_1_529' title='bbox 2584 3816 2994 3887; x_wconf 85' lang='grc' dir='ltr'>καθαρθέντων,</span> <span class='ocrx_word' id='word_1_530' title='bbox 3015 3816 3114 3887; x_wconf 84' lang='grc' dir='ltr'>τὴν</span> <span class='ocrx_word' id='word_1_531' title='bbox 3148 3817 3439 3886; x_wconf 72' lang='grc' dir='ltr'>ἐπίκλησιν</span> <span class='ocrx_word' id='word_1_532' title='bbox 3455 3813 3656 3893; x_wconf 83' lang='grc' dir='ltr'>δέχεται.</span> 
     </span>
    </p>
   </div>
   <div class='ocr_carea' id='block_1_86' title="bbox 2108 3904 3658 3978">
    <p class='ocr_par' dir='ltr' id='par_1_86' title="bbox 2108 3904 3658 3978">
     <span class='ocr_line' id='line_1_86' title="bbox 2108 3904 3658 3978; baseline -0.004 -18"><span class='ocrx_word' id='word_1_533' title='bbox 2108 3907 2426 3978; x_wconf 88' lang='grc' dir='ltr'>Ἐπιτρέπει</span> <span class='ocrx_word' id='word_1_534' title='bbox 2450 3907 2506 3960; x_wconf 84' lang='grc' dir='ltr'>δὲ</span> <span class='ocrx_word' id='word_1_535' title='bbox 2533 3908 2630 3962; x_wconf 74' lang='grc' dir='ltr'>καὶ</span> <span class='ocrx_word' id='word_1_536' title='bbox 2657 3907 2967 3977; x_wconf 85' lang='grc' dir='ltr'>διηγεῖσθαι</span> <span class='ocrx_word' id='word_1_537' title='bbox 2991 3910 3061 3962; x_wconf 74' lang='grc' dir='ltr'>τὰ</span> <span class='ocrx_word' id='word_1_538' title='bbox 3074 3909 3255 3962; x_wconf 77' lang='grc' dir='ltr'>οἰκεῖα</span> <span class='ocrx_word' id='word_1_539' title='bbox 3270 3907 3556 3978; x_wconf 85' lang='grc' dir='ltr'>θαυμάσια,</span> <span class='ocrx_word' id='word_1_540' title='bbox 3578 3904 3658 3956; x_wconf 82' lang='grc' dir='ltr'>ὃσα</span> 
     </span>
    </p>
   </div>
   <div class='ocr_carea' id='block_1_87' title="bbox 2095 3996 3406 4072">
    <p class='ocr_par' dir='ltr' id='par_1_87' title="bbox 2095 3996 3406 4072">
     <span class='ocr_line' id='line_1_87' title="bbox 2095 3996 3406 4072; baseline 0.004 -23"><span class='ocrx_word' id='word_1_541' title='bbox 2095 4000 2216 4061; x_wconf 88' lang='grc' dir='ltr'>ταῖς</span> <span class='ocrx_word' id='word_1_542' title='bbox 2246 3998 2491 4070; x_wconf 77' lang='grc' dir='ltr'>Γραφαῖς</span> <span class='ocrx_word' id='word_1_543' title='bbox 2518 4001 2637 4062; x_wconf 88' lang='grc' dir='ltr'>ταῖς</span> <span class='ocrx_word' id='word_1_544' title='bbox 2666 3996 3051 4064; x_wconf 85' lang='grc' dir='ltr'>θεοπνεύστοις</span> <span class='ocrx_word' id='word_1_545' title='bbox 3083 3999 3406 4072; x_wconf 74' lang='grc' dir='ltr'>ἐμφέρεται.</span> 
     </span>
    </p>
   </div>
   <div class='ocr_carea' id='block_1_88' title="bbox 2173 4089 2885 4162">
    <p class='ocr_par' dir='ltr' id='par_1_88' title="bbox 2173 4089 2885 4162">
     <span class='ocr_line' id='line_1_88' title="bbox 2173 4089 2885 4162; baseline 0.001 -21"><span class='ocrx_word' id='word_1_546' title='bbox 2173 4108 2191 4141; x_wconf 83' lang='grc' dir='ltr'><strong>ι</strong></span> <span class='ocrx_word' id='word_1_547' title='bbox 2237 4091 2405 4144; x_wconf 86' lang='grc' dir='ltr'>Ὅταν</span> <span class='ocrx_word' id='word_1_548' title='bbox 2427 4089 2582 4142; x_wconf 77' lang='grc' dir='ltr'>λάϐω</span> <span class='ocrx_word' id='word_1_549' title='bbox 2612 4091 2828 4162; x_wconf 75' lang='grc' dir='ltr'>καιρόν.</span> <span class='ocrx_word' id='word_1_550' title='bbox 2867 4109 2885 4142; x_wconf 72' lang='grc' dir='ltr'><strong>ι</strong></span> 
     </span>
    </p>
   </div>
   <div class='ocr_carea' id='block_1_89' title="bbox 2169 4171 3655 4252">
    <p class='ocr_par' dir='ltr' id='par_1_89' title="bbox 2169 4171 3655 4252">
     <span class='ocr_line' id='line_1_89' title="bbox 2169 4171 3655 4252; baseline -0.005 -20"><span class='ocrx_word' id='word_1_551' title='bbox 2169 4180 2273 4232; x_wconf 87' lang='grc' dir='ltr'>Τὸν</span> <span class='ocrx_word' id='word_1_552' title='bbox 2310 4182 2503 4252; x_wconf 66' lang='grc' dir='ltr'>καιρὸν</span> <span class='ocrx_word' id='word_1_553' title='bbox 2547 4182 2700 4249; x_wconf 87' lang='grc' dir='ltr'>λέγει</span> <span class='ocrx_word' id='word_1_554' title='bbox 2750 4181 2842 4236; x_wconf 81' lang='grc' dir='ltr'><strong>τὸν</strong></span> <span class='ocrx_word' id='word_1_555' title='bbox 2889 4180 3066 4235; x_wconf 77' lang='grc' dir='ltr'>αἰῶνα</span> <span class='ocrx_word' id='word_1_556' title='bbox 3114 4180 3206 4234; x_wconf 78' lang='grc' dir='ltr'><strong>τὸν</strong></span> <span class='ocrx_word' id='word_1_557' title='bbox 3256 4179 3533 4251; x_wconf 83' lang='grc' dir='ltr'>μέλλοντα.</span> <span class='ocrx_word' id='word_1_558' title='bbox 3562 4171 3655 4228; x_wconf 79' lang='grc' dir='ltr'>Νῦν</span> 
     </span>
    </p>
   </div>
   <div class='ocr_carea' id='block_1_90' title="bbox 2098 4267 3654 4345">
    <p class='ocr_par' dir='ltr' id='par_1_90' title="bbox 2098 4267 3654 4345">
     <span class='ocr_line' id='line_1_90' title="bbox 2098 4267 3654 4345; baseline -0.004 -21"><span class='ocrx_word' id='word_1_559' title='bbox 2098 4271 2207 4340; x_wconf 78' lang='grc' dir='ltr'><strong>γὰρ</strong></span> <span class='ocrx_word' id='word_1_560' title='bbox 2245 4273 2346 4325; x_wconf 82' lang='grc' dir='ltr'><strong>οὐκ</strong></span> <span class='ocrx_word' id='word_1_561' title='bbox 2390 4271 2505 4342; x_wconf 73' lang='grc' dir='ltr'>ἔχει</span> <span class='ocrx_word' id='word_1_562' title='bbox 2556 4273 2750 4343; x_wconf 82' lang='grc' dir='ltr'>καιρὸν</span> <span class='ocrx_word' id='word_1_563' title='bbox 2783 4272 2939 4344; x_wconf 84' lang='grc' dir='ltr'>ἡμῶν</span> <span class='ocrx_word' id='word_1_564' title='bbox 2987 4275 3020 4344; x_wconf 83' lang='grc' dir='ltr'>ἠ</span> <span class='ocrx_word' id='word_1_565' title='bbox 3068 4273 3288 4345; x_wconf 86' lang='grc' dir='ltr'>κρίσις,</span> <span class='ocrx_word' id='word_1_566' title='bbox 3340 4270 3540 4325; x_wconf 83' lang='grc' dir='ltr'>πολλῶν</span> <span class='ocrx_word' id='word_1_567' title='bbox 3574 4267 3654 4338; x_wconf 79' lang='grc' dir='ltr'>μὲν</span> 
     </span>
    </p>
   </div>
   <div class='ocr_carea' id='block_1_91' title="bbox 2099 4360 3651 4436">
    <p class='ocr_par' dir='ltr' id='par_1_91' title="bbox 2099 4360 3651 4436">
     <span class='ocr_line' id='line_1_91' title="bbox 2099 4360 3651 4436; baseline 0.003 -19"><span class='ocrx_word' id='word_1_568' title='bbox 2099 4363 2463 4434; x_wconf 82' lang='grc' dir='ltr'>ἁμαρτωλῶν,</span> <span class='ocrx_word' id='word_1_569' title='bbox 2494 4364 2707 4419; x_wconf 86' lang='grc' dir='ltr'>πολλῶν</span> <span class='ocrx_word' id='word_1_570' title='bbox 2736 4366 2792 4419; x_wconf 81' lang='grc' dir='ltr'>δὲ</span> <span class='ocrx_word' id='word_1_571' title='bbox 2821 4365 3048 4420; x_wconf 79' lang='grc' dir='ltr'>δικαίων</span> <span class='ocrx_word' id='word_1_572' title='bbox 3082 4364 3562 4436; x_wconf 76' lang='grc' dir='ltr'>μεταϐαλλομένων</span> <span class='ocrx_word' id='word_1_573' title='bbox 3588 4360 3651 4421; x_wconf 71' lang='grc' dir='ltr'><strong>εἰς</strong></span> 
     </span>
    </p>
   </div>
   <div class='ocr_carea' id='block_1_92' title="bbox 413 4442 2355 4525">
    <p class='ocr_par' dir='ltr' id='par_1_92' title="bbox 413 4442 2355 4525">
     <span class='ocr_line' id='line_1_92' title="bbox 413 4442 2355 4525; baseline 0.002 -28"><span class='ocrx_word' id='word_1_574' title='bbox 413 4452 562 4497; x_wconf 87' lang='lat' dir='ltr'><strong>tores</strong></span> <span class='ocrx_word' id='word_1_575' title='bbox 592 4451 647 4497; x_wconf 91' lang='lat' dir='ltr'><strong>et</strong></span> <span class='ocrx_word' id='word_1_576' title='bbox 664 4443 816 4497; x_wconf 87' lang='lat' dir='ltr'><strong>multi</strong></span> <span class='ocrx_word' id='word_1_577' title='bbox 850 4442 1124 4512; x_wconf 82' lang='lat' dir='ltr'><strong>itemjusti</strong></span> <span class='ocrx_word' id='word_1_578' title='bbox 1148 4443 1200 4497; x_wconf 91' lang='lat' dir='ltr'><strong>in</strong></span> <span class='ocrx_word' id='word_1_579' title='bbox 1225 4443 1547 4498; x_wconf 87' lang='lat' dir='ltr'><strong>alterutrum</strong></span> <span class='ocrx_word' id='word_1_580' title='bbox 1580 4448 1993 4497; x_wconf 83' lang='lat' dir='ltr'><strong>convertantur.</strong></span> <span class='ocrx_word' id='word_1_581' title='bbox 2029 4445 2072 4500; x_wconf 93' lang='lat' dir='ltr'><strong>D</strong></span> <span class='ocrx_word' id='word_1_582' title='bbox 2104 4454 2355 4525; x_wconf 79' lang='grc' dir='ltr'>θάτερον,</span> 
     </span>
    </p>
   </div>
   <div class='ocr_carea' id='block_1_93' title="bbox 486 4532 1745 4604">
    <p class='ocr_par' dir='ltr' id='par_1_93' title="bbox 486 4532 1745 4604">
     <span class='ocr_line' id='line_1_93' title="bbox 486 4532 1745 4604; baseline -0.003 -17"><span class='ocrx_word' id='word_1_583' title='bbox 486 4532 647 4589; x_wconf 77' lang='lat' dir='ltr'><strong>Vens.</strong></span> <span class='ocrx_word' id='word_1_584' title='bbox 680 4534 732 4587; x_wconf 90' lang='lat'><strong>7.</strong></span> <span class='ocrx_word' id='word_1_585' title='bbox 773 4552 791 4584; x_wconf 84' lang='grc' dir='ltr'><strong>ι</strong></span> <span class='ocrx_word' id='word_1_586' title='bbox 824 4532 1094 4600; x_wconf 87' lang='lat' dir='ltr'><strong>Quoniam</strong></span> <span class='ocrx_word' id='word_1_587' title='bbox 1121 4549 1302 4604; x_wconf 88' lang='lat' dir='ltr'><strong>neque</strong></span> <span class='ocrx_word' id='word_1_588' title='bbox 1323 4533 1391 4588; x_wconf 90' lang='lat' dir='ltr'><strong>ab</strong></span> <span class='ocrx_word' id='word_1_589' title='bbox 1420 4532 1685 4588; x_wconf 74' lang='lat' dir='ltr'><strong>exitibus.</strong></span> <span class='ocrx_word' id='word_1_590' title='bbox 1727 4551 1745 4583; x_wconf 76' lang='grc' dir='ltr'><strong>ι</strong></span> 
     </span>
    </p>
   </div>
   <div class='ocr_carea' id='block_1_94' title="bbox 487 4622 1993 4696">
    <p class='ocr_par' dir='ltr' id='par_1_94' title="bbox 487 4622 1993 4696">
     <span class='ocr_line' id='line_1_94' title="bbox 487 4622 1993 4696; baseline -0.003 -15"><span class='ocrx_word' id='word_1_591' title='bbox 487 4626 621 4687; x_wconf 87' lang='lat' dir='ltr'><strong>Hoc.</strong></span> <span class='ocrx_word' id='word_1_592' title='bbox 652 4625 847 4696; x_wconf 89' lang='lat' dir='ltr'><strong>inquit,</strong></span> <span class='ocrx_word' id='word_1_593' title='bbox 883 4634 968 4681; x_wconf 89' lang='lat' dir='ltr'><strong>est</strong></span> <span class='ocrx_word' id='word_1_594' title='bbox 1004 4641 1073 4681; x_wconf 82' lang='lat' dir='ltr'><strong>ex</strong></span> <span class='ocrx_word' id='word_1_595' title='bbox 1108 4626 1432 4695; x_wconf 88' lang='lat' dir='ltr'><strong>probatione</strong></span> <span class='ocrx_word' id='word_1_596' title='bbox 1453 4633 1615 4693; x_wconf 89' lang='lat' dir='ltr'><strong>atque</strong></span> <span class='ocrx_word' id='word_1_597' title='bbox 1651 4623 1867 4694; x_wconf 88' lang='lat' dir='ltr'><strong>judicio</strong></span> <span class='ocrx_word' id='word_1_598' title='bbox 1896 4622 1993 4678; x_wconf 89' lang='lat' dir='ltr'><strong>Dei</strong></span> 
     </span>
    </p>
   </div>
   <div class='ocr_carea' id='block_1_95' title="bbox 414 4715 1991 4786">
    <p class='ocr_par' dir='ltr' id='par_1_95' title="bbox 414 4715 1991 4786">
     <span class='ocr_line' id='line_1_95' title="bbox 414 4715 1991 4786; baseline 0 -16"><span class='ocrx_word' id='word_1_599' title='bbox 414 4716 710 4772; x_wconf 72' lang='lat' dir='ltr'><strong>cxaltantis</strong></span> <span class='ocrx_word' id='word_1_600' title='bbox 767 4726 824 4772; x_wconf 90' lang='lat' dir='ltr'><strong>et</strong></span> <span class='ocrx_word' id='word_1_601' title='bbox 879 4717 1219 4772; x_wconf 85' lang='lat' dir='ltr'><strong>humiliantis</strong></span> <span class='ocrx_word' id='word_1_602' title='bbox 1283 4731 1668 4786; x_wconf 85' lang='lat' dir='ltr'><strong>quemcunque</strong></span> <span class='ocrx_word' id='word_1_603' title='bbox 1724 4715 1991 4770; x_wconf 89' lang='lat' dir='ltr'><strong>voluerit:</strong></span> 
     </span>
    </p>
   </div>
   <div class='ocr_carea' id='block_1_96' title="bbox 418 4809 1995 4881">
    <p class='ocr_par' dir='ltr' id='par_1_96' title="bbox 418 4809 1995 4881">
     <span class='ocr_line' id='line_1_96' title="bbox 418 4809 1995 4881; baseline -0.001 -17"><span class='ocrx_word' id='word_1_604' title='bbox 418 4810 674 4864; x_wconf 78' lang='lat' dir='ltr'><strong>Dominus</strong></span> <span class='ocrx_word' id='word_1_605' title='bbox 708 4812 856 4865; x_wconf 90' lang='lat' dir='ltr'><strong>enim</strong></span> <span class='ocrx_word' id='word_1_606' title='bbox 886 4826 1173 4880; x_wconf 80' lang='lat' dir='ltr'><strong>pauperem</strong></span> <span class='ocrx_word' id='word_1_607' title='bbox 1208 4811 1336 4881; x_wconf 81' lang='lat' dir='ltr'><strong>facit</strong></span> <span class='ocrx_word' id='word_1_608' title='bbox 1369 4818 1417 4863; x_wconf 81' lang='lat' dir='ltr'><strong>et</strong></span> <span class='ocrx_word' id='word_1_609' title='bbox 1452 4809 1608 4874; x_wconf 80' lang='lat' dir='ltr'><strong>ditat,</strong></span> <span class='ocrx_word' id='word_1_610' title='bbox 1667 4809 1914 4863; x_wconf 64' lang='lat' dir='ltr'><strong>humilia!</strong></span> <span class='ocrx_word' id='word_1_611' title='bbox 1946 4817 1995 4863; x_wconf 74' lang='lat' dir='ltr'><strong>et</strong></span> 
     </span>
    </p>
   </div>
   <div class='ocr_carea' id='block_1_97' title="bbox 418 4900 1995 4971">
    <p class='ocr_par' dir='ltr' id='par_1_97' title="bbox 418 4900 1995 4971">
     <span class='ocr_line' id='line_1_97' title="bbox 418 4900 1995 4971; baseline 0 -16"><span class='ocrx_word' id='word_1_612' title='bbox 418 4902 620 4956; x_wconf 72' lang='lat' dir='ltr'><strong>exultat</strong></span> <span class='ocrx_word' id='word_1_613' title='bbox 657 4903 740 4968; x_wconf 74' lang='grc' dir='ltr'><strong>⁸ος</strong></span> <span class='ocrx_word' id='word_1_614' title='bbox 779 4919 889 4956; x_wconf 90' lang='lat' dir='ltr'><strong>non</strong></span> <span class='ocrx_word' id='word_1_615' title='bbox 930 4910 1115 4956; x_wconf 90' lang='lat' dir='ltr'><strong>tamen</strong></span> <span class='ocrx_word' id='word_1_616' title='bbox 1172 4902 1377 4971; x_wconf 86' lang='lat' dir='ltr'><strong>absque</strong></span> <span class='ocrx_word' id='word_1_617' title='bbox 1410 4900 1623 4955; x_wconf 89' lang='lat' dir='ltr'><strong>ratione</strong></span> <span class='ocrx_word' id='word_1_618' title='bbox 1664 4919 1678 4953; x_wconf 85' lang='lat'><strong>:</strong></span> <span class='ocrx_word' id='word_1_619' title='bbox 1717 4900 1812 4956; x_wconf 92' lang='lat' dir='ltr'><strong>sed</strong></span> <span class='ocrx_word' id='word_1_620' title='bbox 1846 4900 1995 4955; x_wconf 79' lang='lat' dir='ltr'><strong>‘illos</strong></span> 
     </span>
    </p>
   </div>
   <div class='ocr_carea' id='block_1_98' title="bbox 420 4996 1993 5065">
    <p class='ocr_par' dir='ltr' id='par_1_98' title="bbox 420 4996 1993 5065">
     <span class='ocr_line' id='line_1_98' title="bbox 420 4996 1993 5065; baseline 0.001 -17"><span class='ocrx_word' id='word_1_621' title='bbox 420 4997 643 5062; x_wconf 78' lang='lat' dir='ltr'><strong>quidem</strong></span> <span class='ocrx_word' id='word_1_622' title='bbox 690 5013 789 5065; x_wconf 90' lang='lat' dir='ltr'><strong>pcr</strong></span> <span class='ocrx_word' id='word_1_623' title='bbox 842 4996 1080 5063; x_wconf 68' lang='lat' dir='ltr'><strong>divitias,</strong></span> <span class='ocrx_word' id='word_1_624' title='bbox 1146 4996 1271 5052; x_wconf 85' lang='lat' dir='ltr'><strong>illus</strong></span> <span class='ocrx_word' id='word_1_625' title='bbox 1309 5011 1439 5051; x_wconf 84' lang='lat' dir='ltr'><strong>vero</strong></span> <span class='ocrx_word' id='word_1_626' title='bbox 1473 5011 1572 5065; x_wconf 91' lang='lat' dir='ltr'><strong>per</strong></span> <span class='ocrx_word' id='word_1_627' title='bbox 1617 5003 1993 5065; x_wconf 86' lang='lat' dir='ltr'><strong>paupertatem</strong></span> 
     </span>
    </p>
   </div>
   <div class='ocr_carea' id='block_1_99' title="bbox 419 5088 723 5158">
    <p class='ocr_par' dir='ltr' id='par_1_99' title="bbox 419 5088 723 5158">
     <span class='ocr_line' id='line_1_99' title="bbox 419 5088 723 5158; baseline 0.003 -17"><span class='ocrx_word' id='word_1_628' title='bbox 419 5088 723 5158; x_wconf 86' lang='lat' dir='ltr'><strong>probantis.</strong></span> 
     </span>
    </p>
   </div>
   <div class='ocr_carea' id='block_1_100' title="bbox 917 5177 1500 5234">
    <p class='ocr_par' dir='ltr' id='par_1_100' title="bbox 917 5177 1500 5234">
     <span class='ocr_line' id='line_1_100' title="bbox 917 5177 1500 5234; baseline -0.003 0"><span class='ocrx_word' id='word_1_629' title='bbox 917 5177 1229 5234; x_wconf 76' lang='lat' dir='ltr'><strong>PSALMUS</strong></span> <span class='ocrx_word' id='word_1_630' title='bbox 1268 5177 1476 5232; x_wconf 76' lang='lat' dir='ltr'><strong>LXXV]</strong></span> <span class='ocrx_word' id='word_1_631' title='bbox 1489 5221 1500 5232; x_wconf 94' lang='lat'><strong>.</strong></span> 
     </span>
    </p>
   </div>
   <div class='ocr_carea' id='block_1_101' title="bbox 493 5270 1991 5340">
    <p class='ocr_par' dir='ltr' id='par_1_101' title="bbox 493 5270 1991 5340">
     <span class='ocr_line' id='line_1_101' title="bbox 493 5270 1991 5340; baseline 0.001 -19"><span class='ocrx_word' id='word_1_632' title='bbox 493 5270 657 5326; x_wconf 72' lang='lat' dir='ltr'><strong>Vens.</strong></span> <span class='ocrx_word' id='word_1_633' title='bbox 701 5273 755 5326; x_wconf 83' lang='lat'><strong>5.</strong></span> <span class='ocrx_word' id='word_1_634' title='bbox 803 5292 822 5324; x_wconf 76' lang='grc' dir='ltr'><strong>ι</strong></span> <span class='ocrx_word' id='word_1_635' title='bbox 861 5271 1314 5340; x_wconf 77' lang='lat' dir='ltr'><strong>Anticipaverunt</strong></span> <span class='ocrx_word' id='word_1_636' title='bbox 1352 5270 1567 5340; x_wconf 78' lang='lat' dir='ltr'><strong>vigilias</strong></span> <span class='ocrx_word' id='word_1_637' title='bbox 1623 5270 1767 5325; x_wconf 92' lang='lat' dir='ltr'><strong>oculi</strong></span> <span class='ocrx_word' id='word_1_638' title='bbox 1796 5272 1927 5325; x_wconf 81' lang='lat' dir='ltr'><strong>mei.</strong></span> <span class='ocrx_word' id='word_1_639' title='bbox 1974 5289 1991 5323; x_wconf 76' lang='grc' dir='ltr'><strong>ι</strong></span> 
     </span>
    </p>
   </div>
   <div class='ocr_carea' id='block_1_102' title="bbox 493 5363 1997 5434">
    <p class='ocr_par' dir='ltr' id='par_1_102' title="bbox 493 5363 1997 5434">
     <span class='ocr_line' id='line_1_102' title="bbox 493 5363 1997 5434; baseline 0.001 -17"><span class='ocrx_word' id='word_1_640' title='bbox 493 5363 771 5433; x_wconf 88' lang='lat' dir='ltr'><strong>Optimum</strong></span> <span class='ocrx_word' id='word_1_641' title='bbox 804 5365 868 5419; x_wconf 88' lang='lat' dir='ltr'><strong>ad</strong></span> <span class='ocrx_word' id='word_1_642' title='bbox 910 5364 1390 5434; x_wconf 86' lang='lat' dir='ltr'><strong>contemplandum</strong></span> <span class='ocrx_word' id='word_1_643' title='bbox 1435 5373 1649 5433; x_wconf 88' lang='lat' dir='ltr'><strong>tempus</strong></span> <span class='ocrx_word' id='word_1_644' title='bbox 1679 5372 1764 5419; x_wconf 89' lang='lat' dir='ltr'><strong>est</strong></span> <span class='ocrx_word' id='word_1_645' title='bbox 1798 5364 1997 5426; x_wconf 84' lang='lat' dir='ltr'><strong>noctis,</strong></span> 
     </span>
    </p>
   </div>
   <div class='ocr_carea' id='block_1_103' title="bbox 424 5453 1999 5524">
    <p class='ocr_par' dir='ltr' id='par_1_103' title="bbox 424 5453 1999 5524">
     <span class='ocr_line' id='line_1_103' title="bbox 424 5453 1999 5524; baseline 0.003 -19"><span class='ocrx_word' id='word_1_646' title='bbox 424 5467 547 5506; x_wconf 85' lang='lat' dir='ltr'><strong>cum</strong></span> <span class='ocrx_word' id='word_1_647' title='bbox 582 5470 690 5510; x_wconf 90' lang='lat' dir='ltr'><strong>non</strong></span> <span class='ocrx_word' id='word_1_648' title='bbox 733 5454 801 5509; x_wconf 85' lang='lat' dir='ltr'><strong>ad</strong></span> <span class='ocrx_word' id='word_1_649' title='bbox 860 5454 961 5509; x_wconf 89' lang='lat' dir='ltr'><strong>alia</strong></span> <span class='ocrx_word' id='word_1_650' title='bbox 993 5454 1251 5510; x_wconf 83' lang='lat' dir='ltr'><strong>distrahit</strong></span> <span class='ocrx_word' id='word_1_651' title='bbox 1305 5469 1483 5524; x_wconf 89' lang='lat' dir='ltr'><strong>neque</strong></span> <span class='ocrx_word' id='word_1_652' title='bbox 1525 5453 1762 5517; x_wconf 87' lang='lat' dir='ltr'><strong>auditus,</strong></span> <span class='ocrx_word' id='word_1_653' title='bbox 1819 5469 1999 5524; x_wconf 87' lang='lat' dir='ltr'><strong>neque</strong></span> 
     </span>
    </p>
   </div>
   <div class='ocr_carea' id='block_1_104' title="bbox 427 5544 1995 5619">
    <p class='ocr_par' dir='ltr' id='par_1_104' title="bbox 427 5544 1995 5619">
     <span class='ocr_line' id='line_1_104' title="bbox 427 5544 1995 5619; baseline 0.001 -20"><span class='ocrx_word' id='word_1_654' title='bbox 427 5544 604 5613; x_wconf 80' lang='lat' dir='ltr'><strong>visus,</strong></span> <span class='ocrx_word' id='word_1_655' title='bbox 636 5547 879 5619; x_wconf 48' lang='lat' dir='ltr'><strong>quorum</strong></span> <span class='ocrx_word' id='word_1_656' title='bbox 938 5547 1257 5602; x_wconf 89' lang='lat' dir='ltr'><strong>alterutrum</strong></span> <span class='ocrx_word' id='word_1_657' title='bbox 1312 5554 1554 5603; x_wconf 85' lang='lat' dir='ltr'><strong>mentem</strong></span> <span class='ocrx_word' id='word_1_658' title='bbox 1580 5546 1644 5601; x_wconf 91' lang='lat' dir='ltr'><strong>ad</strong></span> <span class='ocrx_word' id='word_1_659' title='bbox 1699 5561 1757 5603; x_wconf 85' lang='lat' dir='ltr'><strong>se</strong></span> <span class='ocrx_word' id='word_1_660' title='bbox 1808 5546 1995 5609; x_wconf 91' lang='lat' dir='ltr'><strong>allicit,</strong></span> 
     </span>
    </p>
   </div>
   <div class='ocr_carea' id='block_1_105' title="bbox 426 5722 1031 5796">
    <p class='ocr_par' dir='ltr' id='par_1_105' title="bbox 426 5722 1031 5796">
     <span class='ocr_line' id='line_1_105' title="bbox 426 5722 1031 5796; baseline 0 -21"><span class='ocrx_word' id='word_1_661' title='bbox 426 5792 431 5796; x_wconf 26' lang='grc' dir='ltr'><strong><em>π</em></strong></span> <span class='ocrx_word' id='word_1_662' title='bbox 501 5723 546 5754; x_wconf 74' lang='grc'><strong>⁸⁸</strong></span> <span class='ocrx_word' id='word_1_663' title='bbox 583 5722 598 5775; x_wconf 97' lang='lat' dir='ltr'><strong>I</strong></span> <span class='ocrx_word' id='word_1_664' title='bbox 634 5723 765 5793; x_wconf 72' lang='lat' dir='ltr'><strong>Reg.</strong></span> <span class='ocrx_word' id='word_1_665' title='bbox 795 5739 948 5788; x_wconf 65' lang='grc' dir='ltr'>χχιιι,</span> <span class='ocrx_word' id='word_1_666' title='bbox 984 5726 1031 5776; x_wconf 90' lang='grc'><strong>7.</strong></span> 
     </span>
    </p>
   </div>
   <div class='ocr_carea' id='block_1_106' title="bbox 2173 4545 2960 4613">
    <p class='ocr_par' dir='ltr' id='par_1_106' title="bbox 2173 4545 2960 4613">
     <span class='ocr_line' id='line_1_106' title="bbox 2173 4545 2960 4613; baseline 0.001 -15"><span class='ocrx_word' id='word_1_667' title='bbox 2173 4567 2191 4598; x_wconf 85' lang='grc' dir='ltr'><strong>ι</strong></span> <span class='ocrx_word' id='word_1_668' title='bbox 2225 4547 2345 4599; x_wconf 87' lang='grc' dir='ltr'>Ὅτι</span> <span class='ocrx_word' id='word_1_669' title='bbox 2379 4545 2501 4600; x_wconf 80' lang='grc' dir='ltr'>οὔτε</span> <span class='ocrx_word' id='word_1_670' title='bbox 2535 4547 2644 4602; x_wconf 81' lang='grc' dir='ltr'><strong>ἀπὸ</strong></span> <span class='ocrx_word' id='word_1_671' title='bbox 2674 4547 2893 4613; x_wconf 77' lang='grc' dir='ltr'>ἐξόδων.</span> <span class='ocrx_word' id='word_1_672' title='bbox 2940 4566 2960 4599; x_wconf 75' lang='grc' dir='ltr'><strong>ι</strong></span> 
     </span>
    </p>
   </div>
   <div class='ocr_carea' id='block_1_107' title="bbox 2179 4634 3651 4709">
    <p class='ocr_par' dir='ltr' id='par_1_107' title="bbox 2179 4634 3651 4709">
     <span class='ocr_line' id='line_1_107' title="bbox 2179 4634 3651 4709; baseline 0.001 -19"><span class='ocrx_word' id='word_1_673' title='bbox 2179 4636 2277 4691; x_wconf 79' lang='grc' dir='ltr'>Ἐκ</span> <span class='ocrx_word' id='word_1_674' title='bbox 2319 4638 2419 4708; x_wconf 84' lang='grc' dir='ltr'><strong>τῆς</strong></span> <span class='ocrx_word' id='word_1_675' title='bbox 2450 4639 2544 4692; x_wconf 91' lang='grc' dir='ltr'><strong>τοῦ</strong></span> <span class='ocrx_word' id='word_1_676' title='bbox 2576 4639 2736 4705; x_wconf 90' lang='grc' dir='ltr'>Θεοῦ,</span> <span class='ocrx_word' id='word_1_677' title='bbox 2770 4640 2930 4709; x_wconf 73' lang='grc' dir='ltr'>φησὶ,</span> <span class='ocrx_word' id='word_1_678' title='bbox 2960 4638 3292 4709; x_wconf 83' lang='grc' dir='ltr'>δοκιμασίας</span> <span class='ocrx_word' id='word_1_679' title='bbox 3325 4638 3419 4692; x_wconf 78' lang='grc' dir='ltr'><strong>καὶ</strong></span> <span class='ocrx_word' id='word_1_680' title='bbox 3448 4634 3651 4707; x_wconf 80' lang='grc' dir='ltr'>κρίσεως</span> 
     </span>
    </p>
   </div>
   <div class='ocr_carea' id='block_1_108' title="bbox 2096 4722 3649 4801">
    <p class='ocr_par' dir='ltr' id='par_1_108' title="bbox 2096 4722 3649 4801">
     <span class='ocr_line' id='line_1_108' title="bbox 2096 4722 3649 4801; baseline -0.002 -18"><span class='ocrx_word' id='word_1_681' title='bbox 2096 4728 2358 4800; x_wconf 73' lang='grc' dir='ltr'>ύψοῦντος</span> <span class='ocrx_word' id='word_1_682' title='bbox 2401 4730 2496 4784; x_wconf 76' lang='grc' dir='ltr'>καὶ</span> <span class='ocrx_word' id='word_1_683' title='bbox 2545 4731 2934 4796; x_wconf 87' lang='grc' dir='ltr'>ταπεινοῦντος</span> <span class='ocrx_word' id='word_1_684' title='bbox 2953 4731 3013 4786; x_wconf 82' lang='grc' dir='ltr'>ὃν</span> <span class='ocrx_word' id='word_1_685' title='bbox 3030 4730 3279 4801; x_wconf 84' lang='grc' dir='ltr'>βούλεται</span> <span class='ocrx_word' id='word_1_686' title='bbox 3300 4748 3314 4763; x_wconf 89' lang='grc'><strong>·</strong></span> <span class='ocrx_word' id='word_1_687' title='bbox 3340 4731 3542 4797; x_wconf 81' lang='grc' dir='ltr'>Κύριος</span> <span class='ocrx_word' id='word_1_688' title='bbox 3561 4722 3649 4791; x_wconf 82' lang='grc' dir='ltr'><strong>γὰρ</strong></span> 
     </span>
    </p>
   </div>
   <div class='ocr_carea' id='block_1_109' title="bbox 2096 4805 3647 4888">
    <p class='ocr_par' dir='ltr' id='par_1_109' title="bbox 2096 4805 3647 4888">
     <span class='ocr_line' id='line_1_109' title="bbox 2096 4805 3647 4888; baseline -0.005 -15"><span class='ocrx_word' id='word_1_689' title='bbox 2096 4817 2367 4888; x_wconf 75' lang='grc' dir='ltr'>πτωχίζει</span> <span class='ocrx_word' id='word_1_690' title='bbox 2419 4818 2521 4873; x_wconf 72' lang='grc' dir='ltr'><strong>καί</strong></span> <span class='ocrx_word' id='word_1_691' title='bbox 2574 4818 2911 4885; x_wconf 76' lang='grc' dir='ltr'>πλουτίζει,</span> <span class='ocrx_word' id='word_1_692' title='bbox 2967 4818 3241 4874; x_wconf 76' lang='grc' dir='ltr'>ταπεινοῖ</span> <span class='ocrx_word' id='word_1_693' title='bbox 3278 4818 3377 4873; x_wconf 75' lang='grc' dir='ltr'><strong>καί</strong></span> <span class='ocrx_word' id='word_1_694' title='bbox 3431 4805 3647 4879; x_wconf 69' lang='grc' dir='ltr'>ἀνυψοῖι</span> 
     </span>
    </p>
   </div>
   <div class='ocr_carea' id='block_1_110' title="bbox 2101 4894 3648 4986">
    <p class='ocr_par' dir='ltr' id='par_1_110' title="bbox 2101 4894 3648 4986">
     <span class='ocr_line' id='line_1_110' title="bbox 2101 4894 3648 4986; baseline -0.008 -18"><span class='ocrx_word' id='word_1_695' title='bbox 2101 4916 2164 4970; x_wconf 85' lang='grc' dir='ltr'><strong>ού</strong></span> <span class='ocrx_word' id='word_1_696' title='bbox 2193 4914 2297 4986; x_wconf 81' lang='grc' dir='ltr'>μὴν</span> <span class='ocrx_word' id='word_1_697' title='bbox 2325 4913 2534 4981; x_wconf 81' lang='grc' dir='ltr'>ἀλόγως</span> <span class='ocrx_word' id='word_1_698' title='bbox 2563 4929 2577 4945; x_wconf 76' lang='grc' dir='ltr'><strong>ο</strong></span> <span class='ocrx_word' id='word_1_699' title='bbox 2611 4911 2748 4964; x_wconf 77' lang='grc' dir='ltr'>ἀλλὰ</span> <span class='ocrx_word' id='word_1_700' title='bbox 2776 4912 2903 4974; x_wconf 79' lang='grc' dir='ltr'>τοὺς</span> <span class='ocrx_word' id='word_1_701' title='bbox 2934 4910 3034 4982; x_wconf 85' lang='grc' dir='ltr'><strong>μὲν</strong></span> <span class='ocrx_word' id='word_1_702' title='bbox 3066 4910 3156 4963; x_wconf 76' lang='grc' dir='ltr'>διὰ</span> <span class='ocrx_word' id='word_1_703' title='bbox 3190 4907 3439 4970; x_wconf 87' lang='grc' dir='ltr'>πλούτου,</span> <span class='ocrx_word' id='word_1_704' title='bbox 3469 4901 3582 4962; x_wconf 79' lang='grc' dir='ltr'>τοὺς</span> <span class='ocrx_word' id='word_1_705' title='bbox 3603 4894 3648 4946; x_wconf 77' lang='grc' dir='ltr'><strong>δὲ</strong></span> 
     </span>
    </p>
   </div>
   <div class='ocr_carea' id='block_1_111' title="bbox 2105 5004 2853 5074">
    <p class='ocr_par' dir='ltr' id='par_1_111' title="bbox 2105 5004 2853 5074">
     <span class='ocr_line' id='line_1_111' title="bbox 2105 5004 2853 5074; baseline -0.008 -14"><span class='ocrx_word' id='word_1_706' title='bbox 2105 5006 2193 5060; x_wconf 83' lang='grc' dir='ltr'><strong>διὰ</strong></span> <span class='ocrx_word' id='word_1_707' title='bbox 2226 5006 2418 5061; x_wconf 87' lang='grc' dir='ltr'>πενίαν</span> <span class='ocrx_word' id='word_1_708' title='bbox 2442 5004 2853 5074; x_wconf 80' lang='grc' dir='ltr'>δοκιμάζοντος.</span> 
     </span>
    </p>
   </div>
   <div class='ocr_carea' id='block_1_112' title="bbox 2646 5175 3123 5244">
    <p class='ocr_par' dir='ltr' id='par_1_112' title="bbox 2646 5175 3123 5244">
     <span class='ocr_line' id='line_1_112' title="bbox 2646 5175 3123 5244; baseline -0.002 -14"><span class='ocrx_word' id='word_1_709' title='bbox 2646 5177 2937 5231; x_wconf 60' lang='lat' dir='ltr'><strong>manu»):</strong></span> <span class='ocrx_word' id='word_1_710' title='bbox 2986 5175 3123 5244; x_wconf 72' lang='grc' dir='ltr'><strong>θεῖ’.</strong></span> 
     </span>
    </p>
   </div>
   <div class='ocr_carea' id='block_1_113' title="bbox 2183 5262 3609 5341">
    <p class='ocr_par' dir='ltr' id='par_1_113' title="bbox 2183 5262 3609 5341">
     <span class='ocr_line' id='line_1_113' title="bbox 2183 5262 3609 5341; baseline -0.009 -18"><span class='ocrx_word' id='word_1_711' title='bbox 2183 5291 2199 5321; x_wconf 83' lang='grc' dir='ltr'><strong>ι</strong></span> <span class='ocrx_word' id='word_1_712' title='bbox 2237 5264 2719 5341; x_wconf 75' lang='grc' dir='ltr'>Προκατελάϐοντο</span> <span class='ocrx_word' id='word_1_713' title='bbox 2759 5269 3007 5338; x_wconf 75' lang='grc' dir='ltr'>φυλακὰς</span> <span class='ocrx_word' id='word_1_714' title='bbox 3051 5270 3100 5322; x_wconf 76' lang='grc' dir='ltr'><strong>οἱ</strong></span> <span class='ocrx_word' id='word_1_715' title='bbox 3144 5262 3414 5337; x_wconf 71' lang='grc' dir='ltr'>ὀφθαλμοί</span> <span class='ocrx_word' id='word_1_716' title='bbox 3451 5274 3562 5329; x_wconf 79' lang='grc' dir='ltr'>μου.</span> <span class='ocrx_word' id='word_1_717' title='bbox 3593 5270 3609 5302; x_wconf 74' lang='grc' dir='ltr'><strong>ι</strong></span> 
     </span>
    </p>
   </div>
   <div class='ocr_carea' id='block_1_114' title="bbox 2176 5343 3644 5442">
    <p class='ocr_par' dir='ltr' id='par_1_114' title="bbox 2176 5343 3644 5442">
     <span class='ocr_line' id='line_1_114' title="bbox 2176 5343 3644 5442; baseline 0.011 -28"><span class='ocrx_word' id='word_1_718' title='bbox 2176 5364 2434 5432; x_wconf 73' lang='grc' dir='ltr'>’Ἄριστος</span> <span class='ocrx_word' id='word_1_719' title='bbox 2492 5365 2570 5424; x_wconf 88' lang='grc' dir='ltr'>εἰς</span> <span class='ocrx_word' id='word_1_720' title='bbox 2615 5362 2848 5434; x_wconf 77' lang='grc' dir='ltr'>θεωρίαν</span> <span class='ocrx_word' id='word_1_721' title='bbox 2886 5363 2914 5413; x_wconf 90' lang='grc' dir='ltr'>ὁ</span> <span class='ocrx_word' id='word_1_722' title='bbox 2954 5362 3053 5431; x_wconf 77' lang='grc' dir='ltr'>τῆς</span> <span class='ocrx_word' id='word_1_723' title='bbox 3090 5358 3281 5422; x_wconf 68' lang='grc' dir='ltr'>νυκτὸς</span> <span class='ocrx_word' id='word_1_724' title='bbox 3314 5352 3490 5425; x_wconf 58' lang='grc' dir='ltr'><strong>καιρὸς</strong></span> <span class='ocrx_word' id='word_1_725' title='bbox 3516 5386 3530 5411; x_wconf 73' lang='grc' dir='ltr'><strong>ν</strong></span> <span class='ocrx_word' id='word_1_726' title='bbox 3560 5343 3644 5442; x_wconf 46' lang='lat' dir='ltr'><strong>vix</strong></span> 
     </span>
    </p>
   </div>
   <div class='ocr_carea' id='block_1_115' title="bbox 2102 5440 3644 5532">
    <p class='ocr_par' dir='ltr' id='par_1_115' title="bbox 2102 5440 3644 5532">
     <span class='ocr_line' id='line_1_115' title="bbox 2102 5440 3644 5532; baseline -0.012 -25"><span class='ocrx_word' id='word_1_727' title='bbox 2102 5452 2445 5522; x_wconf 79' lang='grc' dir='ltr'>ἀφελκούσης</span> <span class='ocrx_word' id='word_1_728' title='bbox 2481 5453 2617 5523; x_wconf 80' lang='grc' dir='ltr'>πρὸς</span> <span class='ocrx_word' id='word_1_729' title='bbox 2657 5453 2824 5522; x_wconf 75' lang='grc' dir='ltr'>ἕτερα</span> <span class='ocrx_word' id='word_1_730' title='bbox 2857 5452 2983 5507; x_wconf 76' lang='grc' dir='ltr'>οὔτε</span> <span class='ocrx_word' id='word_1_731' title='bbox 3028 5453 3127 5522; x_wconf 85' lang='grc' dir='ltr'>τῆς</span> <span class='ocrx_word' id='word_1_732' title='bbox 3167 5450 3372 5521; x_wconf 81' lang='grc' dir='ltr'>ἀκοῆς,</span> <span class='ocrx_word' id='word_1_733' title='bbox 3418 5440 3533 5532; x_wconf 82' lang='grc' dir='ltr'>οὕτε</span> <span class='ocrx_word' id='word_1_734' title='bbox 3560 5440 3644 5532; x_wconf 50' lang='grc' dir='ltr'><strong>τῇς</strong></span> 
     </span>
    </p>
   </div>
   <div class='ocr_carea' id='block_1_116' title="bbox 2103 5531 3640 5617">
    <p class='ocr_par' dir='ltr' id='par_1_116' title="bbox 2103 5531 3640 5617">
     <span class='ocr_line' id='line_1_116' title="bbox 2103 5531 3640 5617; baseline -0.005 -19"><span class='ocrx_word' id='word_1_735' title='bbox 2103 5546 2299 5614; x_wconf 55' lang='grc' dir='ltr'>ὅψεως,</span> <span class='ocrx_word' id='word_1_736' title='bbox 2335 5537 2409 5598; x_wconf 81' lang='grc' dir='ltr'>ὧν</span> <span class='ocrx_word' id='word_1_737' title='bbox 2433 5545 2673 5617; x_wconf 77' lang='grc' dir='ltr'>ἑκάτερα</span> <span class='ocrx_word' id='word_1_738' title='bbox 2697 5545 2785 5599; x_wconf 74' lang='grc' dir='ltr'><strong>τὸν</strong></span> <span class='ocrx_word' id='word_1_739' title='bbox 2821 5546 2947 5600; x_wconf 86' lang='grc' dir='ltr'>νοῦν</span> <span class='ocrx_word' id='word_1_740' title='bbox 2981 5547 3061 5609; x_wconf 82' lang='grc' dir='ltr'>εἰς</span> <span class='ocrx_word' id='word_1_741' title='bbox 3088 5543 3258 5615; x_wconf 78' lang='grc' dir='ltr'>αὐτὴν</span> <span class='ocrx_word' id='word_1_742' title='bbox 3287 5531 3534 5613; x_wconf 68' lang='grc' dir='ltr'>περισπᾷ»</span> <span class='ocrx_word' id='word_1_743' title='bbox 3558 5531 3640 5591; x_wconf 82' lang='grc' dir='ltr'><strong>της</strong></span> 
     </span>
    </p>
   </div>
  </div>
