3950 6466
368 319 501 383 1245
1500 332 1923 394 FRAGMENT.

2030 337 2087 397 Ν
2131 338 2486 405 PSALMOS.
3480 342 3613 408 1246

359 440 596 528 θεωρίας
659 440 973 510 ἀφέλκουσα
997 459 1010 474 ·
1054 444 1112 498 ὲν
1135 445 1310 518 ταύτῃ
1357 447 1541 504 τοίνυν
1572 451 1923 521 ὴδολέσχησε,

2035 468 2156 508 eam
2186 455 2511 510 abstrahens
2559 469 2590 507 a
2644 455 3138 526 contemplatione:
3203 457 3256 512 in
3288 458 3391 513 hac
3446 458 3612 528 igitur

364 526 497 597 περὶ
531 528 628 591 τὰς
664 529 1007 601 θεωρητικὰς
1037 535 1283 605 κινήσεις
1304 537 1727 608 ἀσχολούμενος.
1765 540 1923 594 Τοῦτι

2039 546 2400 612 exercitabar,
2434 547 2629 602 anxius
2659 547 2805 601 circa
2835 549 3289 618 contemplativas
3318 551 3605 603 motiones.

358 617 468 709 γαρ
515 617 836 709 ἀδολεσχίαν
868 623 963 676 ἐπὶ
1009 624 1104 678 τοῦ
1129 627 1401 698 παρόντος
1443 630 1698 700 είρῆσθαι
1733 633 1923 704 προλα·

2038 634 2151 691 Hoc
2178 638 2323 691 enim
2349 638 2404 691 in
2425 638 2840 706 prmsentiarum
2870 639 3318 695 exercitationem
3349 639 3609 709 appellari

357 706 547 771 δόντες
586 708 896 782 ἐδείξαμεν.
938 714 1207 769 Ἐσκαλλε
1251 716 1308 770 δὲ
1344 717 1441 771 νῦν
1479 720 1647 773 αὐτοῦ
1674 721 1736 774 τὸ
1769 722 1936 774 πνεῦ-

359 815 474 866 μα·
523 801 841 868 τουτέστιν,
921 806 1345 878 ἐδυσχεραίνεν,
1393 810 1548 864 οὔπω
1607 813 1934 866 καταλαϐεῖν

358 888 719 958 περὶτούτων
747 892 1069 962 δυνάμενον.
1125 896 1182 950 Ὀ
1223 897 1414 968 παρὼν
1446 899 1588 969 βίος,
1618 902 1685 953 δι’
1711 903 1934 969 ἄγνοιαν

353 980 477 1044 νὺξ,
509 981 569 1034 ὲν
606 976 681 1050 ᾧ,
707 983 897 1053 φησὶν,
934 987 1033 1056 ούχ
1065 986 1219 1058 ὕπνῳ
1259 990 1557 1060 παρέδωκα
1589 994 1709 1045 κατ’
1738 993 1934 1056 ἄλλους

350 1072 512 1136 τινὰς
563 1075 800 1143 ἐμαυτὸν
839 1076 933 1146 (Ol
960 1076 1070 1146 γὰρ
1102 1080 1519 1148 καθεύδοντες,
1539 1084 1762 1148 νυκτὸς
1789 1090 1932 1140 καθ-

349 1161 605 1217 εύδουσι
627 1181 639 1193 ·
671 1166 770 1219 καὶ
805 1169 860 1220 οἱ
894 1169 1339 1237 μεθυσκόμενοι
1360 1210 1374 1236 ,
1416 1174 1640 1240 νυκτὸς
1667 1177 1932 1243 μεθύου-

347 1252 479 1323 σιν)
501 1270 515 1283 ο
553 1255 738 1324 νήφων
771 1256 827 1307 δὲ
861 1257 1002 1327 μετὰ
1029 1256 1122 1310 τοῦ
1154 1259 1320 1328 νόμου
1354 1262 1619 1332 περὶτῶν
1642 1266 1932 1333 πρακτέων

346 1340 695 1413 διελεγόμην.
746 1344 1065 1417 Πρόσκαιρα
1094 1347 1203 1419 γὰρ
1240 1344 1381 1404 εἶναι
1425 1352 1492 1404 τὰ
1533 1353 1776 1423 παρόντα
1823 1372 1924 1424 μα-

346 1431 482 1497 θὼν,
529 1433 626 1486 καὶ
661 1434 811 1498 τέλος
861 1436 1023 1503 ἕξειν,
1063 1440 1368 1493 κατέλαϐον
1411 1442 1479 1495 τὰ
1522 1445 1931 1515 περιεστηκότα

345 1524 523 1581 δεινά.
559 1528 887 1599 Γεωργικῶς
917 1530 974 1583 δὲ
999 1531 1059 1584 τὸ
1091 1533 1224 1603 ἐμὸν
1254 1534 1549 1588 ὲσκάλευον
1578 1538 1819 1608 πνεῦμα,
1842 1538 1927 1592 ἴνα

345 1614 585 1692 σπείρας
614 1618 671 1669 ἐν
696 1617 848 1686 αὑτῷ
879 1618 1082 1690 θερίσω
1107 1621 1254 1694 ζωὴν
1281 1622 1521 1679 αίώνιον.
1566 1626 1624 1679 Ὀ
1660 1629 1927 1696 σπείρων

342 1707 459 1776 γὰρ
500 1709 588 1773 είς
634 1709 700 1762 τὸ
747 1711 1004 1781 πνεῦμα,
1049 1714 1119 1768 ἐκ
1164 1716 1273 1770 τοῦ
1318 1719 1658 1788 πνεύματος
1703 1723 1925 1790 θερίσει

341 1793 502 1863 ζωὴν
559 1797 821 1854 αἰώνιον.
889 1802 1172 1875 Ἀνωτέρω
1230 1806 1332 1876 μὲν
1367 1804 1460 1861 οὖν
1506 1810 1724 1882 πνεῦμα
1765 1788 1923 1882 έλεγε
1953 1788 1997 1844 Β

339 1886 444 1953 τὴν
469 1888 649 1959 ψυχήν
669 1906 683 1919 ’
715 1892 954 1947 ἐνταῦθα
983 1894 1041 1948 δὲ
1072 1897 1134 1949 τὸ
1165 1898 1386 1966 πνεῦμα
1418 1900 1512 1953 τοῦ
1539 1902 1830 1970 ἀνθρώπου
1865 1905 1926 1958 τὺ

340 1978 402 2030 έν
432 1979 603 2050 αὐτῷ,
643 1983 766 2051 μεθ’
802 1977 864 2038 οὗ
910 1988 943 2056 ὴ
976 1988 1123 2058 ψυχὴ
1163 1991 1381 2045 σκάλλει
1412 2010 1471 2045 τε
1506 1996 1605 2048 καὶ
1624 1996 1922 2067 ἀδολεσχεί·

339 2069 402 2120 οὐ
458 2070 566 2141 γὰρ
612 2071 788 2141 δήπου
828 2074 891 2128 τὸ
933 2076 1093 2146 σῶμα
1135 2080 1274 2149 μετὰ
1305 2082 1406 2154 τῆς
1456 2083 1656 2155 ψυχῆς.
1708 2087 1773 2140 Ἦ
1831 2088 1925 2142 οὖν

342 2161 553 2228 κυρίως
589 2163 878 2235 ἀνθρώπου
913 2169 1059 2241 ψυχὴ
1095 2172 1379 2244 ἀδολεσχείί
1406 2176 1548 2246 μετὰ
1571 2179 1665 2231 τοῦ
1690 2180 1804 2247 νοῦ,
1830 2180 1925 2233 καὶ

345 2251 567 2306 σκάλλει
597 2254 657 2308 τὸ
692 2256 911 2327 πνεῦμα
937 2260 1375 2331 συνεζευγμένον
1412 2264 1490 2335 τῷ
1530 2266 1625 2337 νῷ.
1658 2270 1925 2336 Προσεύ-

343 2344 520 2412 ξομαι
568 2346 677 2419 γὰρ
721 2348 803 2415 τῷ
841 2351 1163 2422 πνεύματι,
1211 2357 1625 2427 προσεύξομαι
1691 2361 1792 2414 καὶ
1843 2361 1925 2430 τῷ

343 2437 459 2489 νοτ.

417 2547 440 2580 ¢
465 2529 616 2601 Αὕτη
650 2533 682 2603 ή
716 2532 1007 2596 ἀλλοίωσις
1030 2536 1130 2605 τῆς
1155 2537 1337 2603 δεξιᾶς
1359 2539 1454 2593 τοῦ
1499 2541 1780 2611 Ὑψίστου.
1806 2562 1825 2595 ι

436 2623 499 2675 Ἠ
536 2622 688 2690 δεξιὰ
740 2625 795 2679 δὲ
842 2627 935 2679 τοῦ
987 2629 1201 2699 Πατρὸς
1234 2631 1262 2682 ὁ
1292 2633 1602 2704 Μονογενὴς
1642 2634 1919 2706 ἄντικρυς,

338 2713 530 2786 ὥσπερ
559 2719 638 2780 εἰς
671 2718 732 2771 τὸ
757 2723 1008 2790 κρεῖττον
1037 2724 1188 2793 ἡμᾶς
1218 2724 1547 2793 ἡλλοίωσεν.

417 2826 437 2858 ι
480 2808 793 2881 Ἐμνήσθην
822 2812 932 2866 τῶν
963 2813 1138 2885 ἔργων
1173 2816 1404 2887 Κυρίου.
1438 2836 1456 2869 ι

411 2901 706 2972 Θαυμάσια
755 2904 848 2957 τοῦ
900 2905 1038 2959 Θεοῦ
1085 2906 1186 2977 μὲν
1217 2908 1390 2961 πολλὰ
1431 2909 1562 2980 περὶ
1601 2910 1700 2980 τὴν
1746 2911 1923 2965 κτίσιν

336 2993 438 3048 καὶ
462 2995 660 3065 ἕτερα·
688 2996 971 3068 ἐξαίρετον
996 2999 1073 3065 δὲ,
1105 3001 1207 3065 ὅτι,
1225 3000 1354 3071 χοῦν
1381 3001 1584 3066 λαϐὼν,
1610 3002 1747 3066 ζῶον
1772 3003 1923 3056 ἔθετο

2036 727 2289 796 superius
2316 729 2678 781 ostendimus.
2735 729 2890 784 Nunc
2916 739 3099 783 autem
3148 732 3398 798 spiritum
3449 745 3609 785 suum

2035 820 2319 887 scopebat.
2348 834 2443 873 seu
2478 820 2781 874 sarriebat:
2808 820 2859 875 id
2893 830 2996 888 est,
3036 837 3180 893 aegre.
3208 823 3437 885 ferebat,
3466 820 3609 890 quod

2032 910 2408 965 necdumheec
2453 911 2749 981 concipere
2780 912 3006 967 valeret.
3049 914 3297 968 Pra‘sens
3333 914 3448 966 hare
3497 911 3606 965 vita

2032 1011 2257 1070 propter
2296 1003 2660 1071 ignorantiam
2692 1018 2799 1058 nox
2827 1012 2930 1069 est,
2961 1004 3014 1058 in
3057 1020 3186 1073 qua,
3239 1005 3436 1074 inquit,
3469 1018 3603 1065 non,

2033 1098 2093 1142 ut
2124 1090 2289 1159 aliqui
2329 1092 2438 1156 alii,
2473 1107 2668 1146 somno
2719 1109 2807 1149 me
2868 1096 3065 1149 tradidi
3133 1094 3256 1163 (Qui
3309 1096 3447 1148 enim
3482 1100 3607 1147 dor-

2032 1183 2221 1242 miunt,
2251 1192 2396 1235 nocte
2425 1184 2728 1249 dormiunt;
2759 1194 2807 1239 et
2839 1187 2930 1256 qui
2959 1188 3090 1240 ebrii
3117 1196 3258 1251 sunt,
3293 1195 3442 1239 nocte
3477 1185 3619 1237 ebrii.

2030 1270 2273 1338 sunt“);
2308 1272 2405 1325 sed
2460 1273 2680 1327 sobrius
2732 1289 2856 1330 cum
2904 1276 3023 1346 lege
3052 1277 3120 1331 de
3169 1278 3332 1331 rebus
3382 1273 3607 1346 agendis

2030 1360 2389 1416 disserebam.
2423 1362 2557 1416 Cum
2598 1363 2742 1418 enim
2783 1366 3073 1434 praesentia
3098 1366 3429 1421 didicissem
3482 1379 3606 1418 esse

2031 1455 2357 1524 temporaria
2384 1463 2439 1509 et
2465 1454 2628 1509 linem
2686 1456 2960 1523 habitura,
3006 1457 3261 1512 instantia
3293 1457 3434 1510 mala
3482 1472 3607 1509 sus-

2029 1546 2170 1616 cepi.
2192 1547 2276 1600 Ad
2310 1547 2532 1602 modum
2558 1557 2741 1601 autem
2775 1547 3117 1618 agricultura:
3148 1548 3396 1617 Spiritum
3423 1562 3605 1599 meum

2030 1639 2347 1704 sarrieham,
2371 1648 2432 1693 ut
2467 1639 2522 1692 iu
2551 1655 2618 1694 eo
2652 1639 2930 1692 seminans
2960 1646 3224 1691 melerem
3254 1638 3418 1689 vitam
3447 1644 3606 1689 acter-

2032 1746 2182 1786 nam.
2213 1730 2347 1785 Nam
2378 1732 2469 1801 qui
2502 1733 2729 1785 seminat
2775 1731 2829 1783 in
2866 1730 3078 1799 spiritu,
3110 1728 3173 1782 de
3221 1729 3409 1797 spiritu
3452 1735 3606 1780 metet

2028 1823 2193 1875 vitam
2259 1831 2516 1875 (uernam
2540 1822 2605 1875 ⁸².
2679 1820 2947 1889 Superius
3017 1819 3284 1889 siquidem
3356 1817 3605 1886 spiritum

2028 1912 2244 1968 vocavit
2276 1913 2514 1967 animam
2541 1930 2556 1979 ;
2590 1913 2680 1967 hic
2711 1921 2892 1966 autem
2921 1912 3171 1981 spiritum
3233 1910 3472 1964 hominis
3513 1909 3605 1977 qui

2027 2006 2082 2058 in
2119 2005 2237 2073 ipso
2269 2012 2372 2067 est,
2405 2018 2669 2067 cum'quo
2698 2003 2878 2057 anima
2923 2002 3099 2070 scopit
3122 2017 3218 2054 seu
3270 2000 3405 2053 fodit
3448 2007 3504 2053 et
3546 2014 3607 2052 se

2025 2104 2245 2151 exercet
2286 2096 2416 2167 (non
2453 2096 2597 2151 enim
2654 2110 2854 2165 corpus
2894 2109 3017 2150 cum
3049 2094 3229 2147 anima
3281 2094 3385 2145 hoc
3430 2087 3607 2160 facit).

2026 2187 2251 2257 Proprie
2306 2187 2470 2258 igitur
2538 2188 2722 2242 anima
2774 2186 3011 2239 hominis
3078 2192 3298 2241 exercet
3366 2196 3423 2236 sc
3479 2197 3605 2235 cum

2026 2289 2228 2345 mente,
2254 2288 2309 2333 et
2333 2278 2763 2349 sarritspiritum
2793 2277 2962 2331 menti
2999 2276 3376 2345 coniunctum.
3432 2272 3607 2328 Orabo

2025 2372 2173 2426 enim
2208 2371 2422 2439 spiritu,
2465 2370 2626 2424 orabo
2653 2380 2703 2424 et
2731 2379 2901 2424 mente
2914 2367 2982 2425 ⁸³.

2093 2546 2261 2601 Vens.
2297 2546 2384 2601 ll.
2428 2565 2447 2597 ι
2482 2545 2607 2601 [irec
2637 2545 2869 2599 mutatio
2899 2544 3139 2598 dextera
3156 2540 3392 2598 Excelsi.
3429 2558 3449 2590 ι

2094 2638 2329 2692 Dextera
2367 2650 2549 2691 autem
2609 2635 2782 2690 Patris
2818 2644 2903 2689 est
2934 2633 3278 2703 Unigenitus,
3324 2631 3415 2702 qui
3446 2629 3601 2703 quasi

2025 2744 2058 2785 e
2096 2730 2317 2784 diverso
2340 2744 2444 2783 nos
2478 2728 2533 2782 in
2562 2728 2761 2782 melius
2793 2726 3122 2780 immutavit.

2094 2821 2257 2876 Vens.
2298 2822 2383 2875 12.
2418 2841 2436 2871 ι
2471 2820 2678 2875 Memor
2700 2819 2777 2873 fui
2809 2835 3039 2888 operum
3065 2816 3299 2871 Domini.
3342 2834 3360 2867 ι

2098 2912 2260 2967 Multa
2290 2913 2509 2983 quidem
2537 2920 2593 2965 et
2624 2912 2771 2965 varia
2823 2909 2918 2964 Dei
2956 2909 3225 2963 mirabilia
3256 2908 3404 2961 circa
3450 2921 3605 2960 crea-

2027 3004 2228 3058 tionem
2259 3002 2613 3065 acciderunt;
2645 3001 2738 3055 sed
2780 3002 2886 3054 hoc
2912 3000 3194 3065 eximium,
3228 2997 3603 3067 quod,pulve—

334 3084 578 3153 λογικὸν,
602 3087 697 3140 καὶ¹
733 3083 944 3142 οἰκείαν
975 3092 1160 3145 είκόνα
1207 3093 1531 3163 κατέστησε.
1570 3095 1757 3149 Ταῦτα
1789 3097 1919 3167 περὶ

2030 3111 2138 3149 rem
2186 3093 2483 3163 accipiens,
2543 3092 2748 3145 animal
2822 3090 3085 3145 rationale
3150 3090 3481 3152 condiderit,
3547 3096 3604 3143 et

333 3179 487 3249 ἡμᾶς
534 3180 632 3233 ἀπ’
680 3182 856 3252 ἀρχῆς
895 3182 990 3236 τοῦ
1031 3183 1168 3238 Θεοῦ
1223 3184 1524 3256 θαυμάσια,
1574 3187 1719 3259 ἅπερ
1760 3188 1917 3258 ἡμῶν

330 3271 497 3342 χάριν
533 3272 831 3343 εἰργάσατο
853 3290 866 3304 ο
905 3275 1161 3343 φαίνεται
1192 3277 1301 3349 γὰρ
1353 3280 1682 3349 παράδεισον
1717 3282 1918 3349 φυτεύ-

335 3353 621 3427 σας,ἐῐτα
667 3364 833 3418 πάλιν
870 3366 1225 3431 ἀποκλείσας,
1275 3368 1662 3440 κατακλυσμὸν
1709 3373 1917 3440 ἐπαγα-

333 3455 473 3525 γὼν,
507 3456 577 3509 δι’
606 3452 668 3511 οὗ
692 3458 787 3511 καὶ
816 3462 1164 3531 τιμωρεῖται,
1202 3461 1296 3513 καὶ
1334 3461 1520 3527 σώζει,
1557 3463 1618 3516 τὸ
1643 3464 1917 3535 ἡμέτερον

329 3547 567 3618 φύραμα
592 3548 830 3620 συγχέας
853 3550 962 3603 τῶν
1001 3553 1485 3622 πυργοποιούντων
1513 3554 1610 3617 τὰς
1641 3555 1913 3624 γλώσσας.

344 3641 508 3694 Ἀλλὰ
544 3645 642 3695 καὶ
682 3641 750 3695 δι’
781 3642 930 3713 ἡμᾶς
966 3644 1353 3719 φαίνεται,ὲπ¹ι
1374 3645 1451 3715 τῷ
1489 3646 1705 3716 φυσικῷ
1736 3648 1913 3718 νόμῳ,

329 3734 502 3803 νόμον
534 3733 778 3804 γραπτὸν
817 3734 1014 3804 εὑρὼν,
1053 3737 1147 3788 ἐπὶ
1196 3737 1372 3807 τούτῳ
1414 3736 1513 3807 τὴν
1553 3741 1911 3809 προφητείαν.

341 3825 786 3895 Ἐπιτηδεύματα
830 3826 940 3896 γὰρ
975 3825 1150 3880 ταῦτα
1202 3827 1295 3880 τοῦ
1340 3828 1516 3892 Θεοῦ,
1576 3828 1748 3882 σῶσαι
1808 3848 1914 3902 μη-

326 3911 650 3986 χανωμένου
683 3916 742 3969 τὸ
782 3917 939 3985 γένος
969 3918 1030 3971 τὸ
1063 3918 1336 3989 ἡμέτερον
1356 3934 1370 3949 ·
1416 3920 1477 3973 ἐν
1509 3913 1593 3984 οἷς
1640 3922 1669 3973 ὁ
1705 3924 1915 3993 προφή-

328 4024 433 4077 της
458 4008 756 4080 ἀδολεσχεῖ,
786 4010 843 4062 ὲν
866 4010 1078 4073 τούτοις
1107 4010 1304 4081 ζητῶν,
1332 4012 1425 4064 ἐπὶ
1459 4012 1595 4066 πολὺ
1636 4015 1730 4066 καὶ
1763 4013 1913 4082 λογι-

328 4098 594 4167 ζόμενος,
640 4099 694 4151 τί
725 4099 889 4164 σώζει
946 4099 1055 4153 τῶν
1105 4080 1414 4171 εἰρημένων
1452 4101 1544 4155 τὸν
1601 4080 1945 4174 ἄνθρωπον.’

331 4187 566 4260 Ἕτερον
613 4189 672 4244 δὲ
716 4193 869 4263 παρὰ
896 4190 1073 4244 ταῦτα
1123 4191 1322 4265 εὑρὼν,
1381 4193 1586 4256 εὐθέως
1628 4195 1787 4248 τοῦτο
1810 4199 1912 4250 ἐπ-

329 4284 564 4351 ἤγαγεν·

409 4394 429 4427 ι
470 4375 567 4439 Τίς
608 4374 782 4445 μέγας
803 4374 877 4438 ὡς
904 4377 931 4427 ὁ
961 4375 1094 4438 θεὸς
1116 4374 1298 4446 ἡμῶν;
1333 4394 1351 4425 ι

2025 3185 2302 3255 propriam
2368 3183 2660 3254 imaginem
2724 3182 3096 3237 constituerit.
3154 3180 3280 3234 H1130
3353 3190 3482 3235 sunt
3535 3179 3605 3233 ab

2024 3278 2181 3332 initio
2226 3276 2323 3330 Dei
2374 3275 2519 3329 circa
2558 3290 2659 3329 nos
2705 3274 3004 3338 mirabilia,
3058 3289 3178 3343 qua:
3211 3273 3389 3327 nostri
3436 3286 3603 3326 causa

2026 3379 2290 3442 Operatus
2332 3367 2472 3422 fuit:
2499 3375 2729 3436 apparet
2764 3366 2909 3419 enim
2939 3367 3253 3435 paradisum
3303 3366 3601 3434 plantasse,

2023 3461 2220 3517 deinde
2250 3459 2449 3513 iterum
2478 3457 2836 3522 destruxisse,
2867 3458 3135 3513 diluvium
3176 3456 3464 3515 inducens.
3504 3472 3604 3527 per

2021 3551 2170 3623 quod
2198 3564 2433 3605 massam
2490 3558 2732 3602 nostram
2772 3557 2827 3602 et
2863 3550 3021 3618 punit
3042 3556 3099 3601 et
3125 3556 3321 3610 servat,
3365 3548 3600 3603 confun-

2023 3644 2159 3699 dens
2182 3643 2395 3712 linguas
2422 3639 2746 3693 turrilicum.
2777 3636 3045 3692 Ceterum
3072 3647 3295 3708 propter
3327 3654 3429 3692 nos
3462 3654 3600 3708 quo-

2022 3750 2129 3806 que
2187 3733 2425 3795 videtur,
2477 3738 2677 3800 praeter
2730 3730 2906 3800 legem
2955 3730 3287 3793 naturalem,
3337 3730 3599 3799 scriptam

2022 3823 2198 3893 legem
2228 3820 2605 3884 adinvenisse,
2633 3828 2687 3871 et
2716 3827 2838 3888 post
2878 3818 3039 3881 hanc,
3074 3819 3439 3889 prophetiam.
3474 3818 3603 3875 Haec

2022 3912 2170 3969 enim
2198 3917 2326 3965 sunt
2346 3924 2510 3979 opera
2539 3907 2655 3972 Dei,
2690 3922 2862 3977 genus
2898 3917 3149 3961 nostrum
3194 3923 3413 3962 servare
3454 3919 3601 3963 sata-

2021 4003 2231 4073 gentis:
2256 4001 2311 4054 in
2352 3991 2551 4070 quibus
2576 4002 2843 4071 propheta
2876 4002 3233 4067 exercitatur,
3286 4018 3385 4056 seu
3421 4003 3601 4056 medi-

2022 4101 2187 4157 tatur,
2219 4092 2336 4147 ἥατο
2360 4091 2642 4161 inquirens
2670 4100 2726 4145 et
2754 4092 3084 4162 recogitans,
3118 4092 3249 4162 quid
3307 4109 3374 4146 ex
3404 4092 3602 4162 praedi-

2021 4186 2128 4242 ctis
2158 4184 2432 4239 hominem
2461 4191 2664 4238 servet.
2687 4184 2822 4239 Cum
2852 4192 3034 4238 autem
3058 4196 3258 4254 praeter
3309 4185 3428 4240 inec
3455 4184 3601 4239 aliud

2017 4278 2223 4349 aliquid
2257 4277 2571 4347 reperisset,
2591 4276 2773 4331 statim
2806 4275 2938 4331 illud
2967 4277 3251 4345 subjunxit
3277 4295 3290 4330 :

2086 4370 2252 4426 Vens.
2283 4371 2370 4425 14.
2399 4389 2418 4421 ι
2448 4369 2584 4434 Quis
2621 4384 2853 4438 magnus
2886 4369 3029 4423 sicut
3057 4367 3199 4423 Dens
3222 4369 3448 4424 noster?
3475 4387 3493 4419 ι

399 4467 477 4520 Ού
517 4467 828 4538 συγκρίνων
867 4466 1013 4535 λέγει
1060 4466 1375 4538 (σύγκρισιν
1404 4467 1514 4540 γὰρ
1557 4470 1584 4520 ὁ
1611 4470 1909 4538 ἀπειρομε-

2085 4462 2206 4519 Νοη
2239 4462 2608 4532 comparando
2636 4461 2755 4517 haec
2785 4461 2916 4516 dicit
2939 4460 3232 4531 (siquidem
3278 4461 3324 4515 is
3347 4462 3438 4530 qui
3476 4461 3601 4515 inli-

328 4556 500 4627 γέθης
545 4558 645 4611 ούκ
700 4556 1058 4629 ἐπιδέχεται),
1116 4558 1302 4629 ὑμνῶν
1332 4559 1387 4612 δὲ
1444 4561 1538 4613 καὶ
1578 4560 1912 4629 θαυμάζωνο

2014 4555 2145 4609 nitas
2171 4551 2563 4623 magnitudinis
2592 4560 2676 4606 est
2692 4551 3163 4621 comparationem
3183 4566 3293 4605 non
3317 4551 3599 4620 admittit),

328 4648 521 4719 ἐπειδὴ
564 4648 739 4719 μέγας
783 4649 885 4720 μὲν
930 4649 1099 4713 ὅντως
1133 4654 1228 4703 καὶ
1275 4651 1376 4723 τὴν
1424 4653 1610 4721 ἰσχὺν,
1656 4653 1830 4722 μέγας
1861 4653 1918 4706 δὲ

2030 4644 2113 4700 sed
2173 4644 2485 4709 laudando,
2550 4651 2608 4698 et
2659 4642 3027 4699 admirando:
3091 4642 3351 4712 quoniam
3410 4656 3602 4696 revera

331 4742 431 4795 καὶ
486 4741 585 4812 τὴν
649 4741 1100 4811 συγκατάὸασιν,
1163 4741 1339 4812 μέγας
1405 4742 1498 4796 διὰ
1551 4744 1915 4809 δυναστείαν,

2016 4750 2247 4805 magnus
2266 4733 2493 4805 quidem
2519 4740 2606 4787 est
2634 4747 2733 4801 per
2763 4730 3164 4795 fortitudinem,
3211 4747 3443 4798 magnus
3471 4748 3600 4788 vero

332 4829 509 4898 μέγας
558 4827 646 4884 διὰ
687 4830 788 4899 τὴν
826 4828 1274 4900 φιλανθρωπίαν,
1313 4829 1389 4894 ὡς
1423 4830 1664 4885 δείκνυσι
1709 4832 1779 4886 τὰ
1823 4834 1922 4886 ἐπ-

2030 4827 2180 4882 atiam
2204 4840 2302 4895 per
2334 4823 2885 4887 condescensionem,
2910 4838 3138 4892 magnus
3168 4837 3265 4893 per
3293 4822 3603 4894 benignita-

331 4920 606 4991 αγόμενα.

408 5032 426 5064 ι
475 5013 782 5083 Ὠδήγησας
806 5012 883 5074 ὡς
917 5014 1171 5084 πρόϐατα
1198 5015 1290 5068 τὸν
1320 5015 1469 5069 λαόν.
1510 5035 1528 5066 ›

403 5111 480 5164 Οὐ
520 5109 699 5180 μάτην
726 5109 963 5163 ἐνταῦθα
991 5112 1058 5181 τῇ
1086 5113 1258 5165 εἰκόνι
1285 5111 1394 5164 τῶν
1431 5113 1720 5181 προϐάτων
1754 5113 1913 5182 ὲχρήσ

331 5219 498 5258 σατο’
532 5202 649 5257 ἀλλ’
691 5203 879 5273 ἐπειδὴ
922 5201 1103 5273 ῥάϐδῳ
1145 5203 1319 5255 ταῦτα
1353 5204 1458 5257 ὑπὸ
1492 5203 1599 5256 τῶν
1631 5203 1910 5273 ποιμένων

328 5292 638 5358 εὐθύνεται,
665 5292 855 5363 ὥσπερ
879 5293 975 5345 καὶ
1008 5293 1167 5363 ἡμεῖς
1203 5292 1279 5363 τῷ
1327 5293 1550 5364 σταυρῷ
1587 5293 1740 5364 παρὰ
1768 5294 1911 5363 Χρι·

330 5384 458 5439 στοῦ
488 5385 910 5454 ποιμαινόμεθα.
962 5384 1124 5438 Ὅθεν
1159 5386 1252 5437 καί
1281 5383 1375 5438 τοῦ
1420 5385 1687 5448 Μωσέως,
1733 5384 1814 5437 ἔτι
1852 5385 1909 5438 δὲ

331 5477 424 5530 καὶ
469 5477 564 5528 τοῦ
631 5475 844 5546 Ἀαρὼν
891 5476 1322 5548 ἐμνημόνευσεν,
1353 5477 1550 5536 οἵτινες
1585 5476 1757 5528 τύπον
1806 5475 1903 5528 τοῦ

2020 4928 2162 4984 tem;
2195 4919 2338 4973 sicut
2354 4917 2638 4985 sequentia
2661 4916 2965 4970 declarant.

2091 5011 2253 5065 Vens.
2285 5010 2369 5063 ll.
2416 5029 2435 5061 ι
2475 5008 2757 5063 Deduxisti
2787 5008 2928 5064 sicut
2950 5024 3082 5064 oves
3112 5010 3393 5079 populum.
3435 5027 3452 5060 ι

2100 5096 2218 5152 Non
2250 5107 2453 5151 temere
2477 5096 2565 5151 hic
2598 5111 2729 5150 usus
2760 5104 2843 5149 est
2865 5095 3037 5166 figura
3079 5097 3262 5150 ovium
3283 5135 3297 5160 ,
3346 5095 3440 5149 sed
3472 5095 3597 5165 quia

2019 5193 2137 5247 istae
2169 5207 2197 5245 a
2224 5190 2538 5261 pastoribus
2576 5189 2723 5259 virga
2747 5189 3080 5260 diriguntur,
3112 5189 3257 5244 sicut
3300 5188 3465 5243 etiam
3493 5204 3596 5244 nos

2019 5301 2181 5341 cruce
2209 5301 2239 5337 a
2262 5282 2483 5339 Christo
2514 5283 2809 5352 pascimur.
2842 5282 3000 5337 Unde
3039 5282 3204 5336 etiam
3230 5281 3412 5336 adhuc
3445 5280 3593 5351 Moy-

2018 5381 2113 5442 sis,
2142 5378 2272 5448 quin
2307 5386 2363 5433 et
2400 5377 2629 5432 Aaronis
2678 5375 3015 5431 mentionem
3044 5372 3210 5438 ‘fecit,
3271 5374 3363 5443 qui
3413 5372 3594 5429 crucis

2015 5472 2240 5539 ﬁguram
2294 5470 2582 5543 gestabant
2628 5469 2868 5540 virgam,
2927 5478 3009 5524 tot
3060 5467 3450 5523 miraculorum
3528 5465 3584 5520 in

332 5568 567 5641 σταυροῦ
601 5568 796 5650 ῥάξδον
826 5569 1100 5641 ἐκόμιζον,
1127 5570 1235 5623 τῶν
1269 5570 1326 5623 ὲν
1350 5568 1611 5640 Αἰγύπτῳ
1645 5569 1904 5624 καὶκατὰ

2030 5563 2245 5636 Egypto
2276 5572 2332 5619 et
2383 5564 2436 5619 iu
2477 5564 2698 5619 deserto
2723 5561 3064 5633 genitricem.
3113 5557 3586 5628 Quemadmodum

407 5779 894 5841 "lThcss.v.'l.
972 5782 1015 5812 κ’
1046 5753 1219 5837 Galat.
1248 5797 1319 5846 νι,
1349 5781 1399 5835 8.
1476 5781 1521 5813 θ’
1552 5782 1597 5836 n
1635 5781 1761 5837 Cor.
1792 5780 2012 5847 nimis.
