3950 6404
404 305 541 371 1247

1597 306 1963 366 ΗΕΞΥΩΗΙΙ
2006 307 2478 368 PRESBYTERI

3508 313 3626 382 19.48

400 418 545 474 enim
582 413 657 470 illi
682 412 831 483 virga
862 410 1208 467 inimicorum
1240 411 1295 463 in
1351 408 1572 463 lsraclis
1620 409 1972 477 beneﬁcium,

2085 414 2177 484 τὴν
2232 412 2438 484 ἔρημον
2501 412 2789 483 ἐγκύμονα
2836 412 3154 491 θαυμάτων.
3222 416 3477 492 Καθάπερ
3531 428 3630 499 γὰρ

403 527 485 567 sic
520 511 687 563 etiam
718 506 972 560 Christus
1003 518 1168 558 cruce
1223 511 1411 557 contra
1457 501 1735 557 daemones
1764 501 1832 556 ad
1882 516 1983 556 no-

404 610 572 655 stram
595 596 1013 653 conversionem
1043 609 1177 649 usus
1197 601 1299 647 est.

881 873 1199 931 PSALMUS
1236 874 1498 930 LXXVII.

479 961 640 1019 Vens.
673 964 727 1018 5.
773 983 791 1016 ι
820 965 892 1019 Ει
916 965 1199 1019 suscitavit
1220 966 1594 1020 testimonium
1641 965 1697 1021 in
1728 964 1919 1022 Iacob.
1959 985 1980 1018 ›

476 1053 872 1109 Testimonium
897 1054 1228 1124 appellatum
1251 1054 1355 1110 fuit
1387 1056 1800 1110 tabernaculum
1832 1056 1986 1111 testi-

406 1143 601 1208 monii,
634 1142 690 1196 in
723 1157 833 1213 quo
860 1142 1101 1212 reposita
1145 1151 1262 1197 erat
1302 1159 1428 1200 arca
1464 1147 1797 1210 testamenti,
1831 1155 1887 1201 et
1928 1146 1985 1201 in

406 1248 531 1288 arca
559 1234 666 1300 lex,
705 1243 761 1289 et
784 1235 1102 1300 Cherubim,
1133 1245 1189 1290 et
1213 1237 1675 1307 propitiatorium,
1704 1249 1761 1294 et
1784 1240 1986 1295 cande-

406 1323 577 1390 labra,
610 1332 665 1379 et
695 1338 903 1391 mensa,
927 1334 983 1380 et
1012 1327 1313 1397 propositio
1336 1343 1562 1398 panum.

477 1419 645 1473 Vens.
675 1419 730 1473 6.
765 1437 784 1471 ι
820 1419 891 1475 Ut
920 1430 1212 1491 cognoscat
1240 1423 1524 1491 generatio
1544 1423 1732 1477 altera.
1768 1441 1789 1475 ι

480 1505 808 1577 Videsquod
832 1509 900 1563 de
922 1509 1176 1579 gentibus
1225 1509 1663 1565 dicatznondum
1713 1510 1859 1566 enim
1899 1510 1986 1566 ha:

407 1606 550 1653 nata:
579 1582 742 1653 erant
770 1598 838 1653 ad
869 1599 1150 1669 pietatem,
1192 1600 1460 1669 siquidem
1494 1616 1592 1670 per
1646 1602 1980 1672 baptismum

407 1697 564 1743 erant
588 1690 944 1759 generandae;
987 1689 1132 1744 unde
1166 1690 1364 1744 merito
1391 1691 1716 1746 dicebantur
1755 1692 1859 1761 ﬁlii
1891 1695 1984 1763 qui

409 1791 708 1856 nascentur.
741 1780 866 1837 Haec
889 1797 1017 1838 vera
1042 1783 1137 1839 Dei
1172 1783 1363 1838 notitia
1377 1793 1483 1850 est,
1514 1784 1648 1839 alios
1665 1785 1831 1839 etiam
1857 1801 1983 1856 par-

408 1872 603 1941 ticipes
637 1854 819 1926 facere
849 1871 1177 1943 cognitionis
1203 1912 1218 1938 ,
1241 1881 1297 1927 et
1345 1872 1486 1927 ﬁlios
1514 1872 1730 1930 edicere
1754 1854 1984 1944 perido-

406 1961 642 2016 ctrinam
670 1962 1048 2017 mandatorum
1072 1978 1087 2017 :
1114 1963 1258 2032 quod
1296 1962 1589 2019 manifesto
1612 1964 1859 2020 fecerunt
1888 1966 1982 2036 qui

407 2052 463 2106 in
515 2051 793 2108 Christum
851 2053 1220 2109 crediderunt.
1272 2054 1487 2109 Nemini
1540 2055 1687 2109 enim
1736 2055 1981 2110 divinam

404 2145 775 2215 cognitionem
836 2145 1190 2213 invidebant,
1249 2162 1426 2215 neque
1483 2156 1544 2201 ut
1610 2147 1982 2218 praecedentes

402 2236 700 2291 credebant
758 2237 879 2292 aliis
902 2237 1183 2293 introitum
1237 2237 1526 2293 occludere
1559 2240 1844 2307 volentes;
1883 2240 1980 2296 sed

404 2327 690 2383 hortantur
719 2336 778 2383 ut
804 2328 860 2383 in
894 2328 1062 2385 Deum
1089 2344 1241 2400 spem
1272 2330 1533 2385 habeant.

472 2504 638 2563 Vens.
664 2508 719 2562 7.
756 2527 775 2561 ι
816 2508 887 2564 Ut
913 2520 1117 2580 ponant
1158 2510 1214 2564 in
1240 2509 1350 2566 Deo
1374 2524 1549 2580 spem.

476 2597 603 2653 Haac
647 2601 905 2655 omnibus
934 2601 1250 2656 domesticis
1282 2611 1339 2657 et
1376 2601 1617 2656 externis
1663 2602 1719 2656 in
1750 2603 1979 2659 ecclesia

400 2693 789 2762 praedicantur,
832 2694 887 2747 in
918 2710 1025 2764 qua
1069 2695 1265 2750 Paulus
1294 2696 1361 2750 ad
1418 2696 1707 2751 universos
1741 2696 1977 2750 clamat:

404 2783 581 2837 Filioli
638 2785 761 2850 mei,
792 2801 918 2854 quos
975 2785 1168 2840 iterum
1211 2787 1473 2853 parturio,
1525 2786 1687 2841 donec
1725 2788 1979 2857 formetur

400 2872 638 2929 Christus
669 2880 724 2926 in
759 2876 899 2928 vobis
912 2872 975 2929 “.

474 2963 640 3019 Vens.
674 2964 727 3022 8.
765 2984 784 3017 ι
820 2964 887 3021 Et
924 2981 1033 3021 non
1062 2975 1149 3021 est
1181 2966 1419 3023 creditus
1443 2982 1566 3022 cum
1604 2967 1714 3023 Deo
1751 2969 1977 3040 spiritus

400 3057 543 3127 ejus.
588 3076 606 3108 ι

469 3148 605 3202 Nam
641 3147 867 3202 omnino
899 3147 1012 3202 sola
1034 3148 1218 3221 lingua
1249 3149 1410 3205 [idem
1430 3152 1846 3220 annuntiarunt,
1864 3168 1975 3209 non

399 3247 581 3295 autem
604 3248 718 3294 toto
746 3240 911 3294 corde
937 3247 994 3294 et
1018 3241 1221 3295 mundo
1252 3241 1465 3312 spiritu.

470 3416 636 3475 Vens.
675 3418 765 3474 15.
805 3438 823 3471 ι
852 3418 1063 3488 Dirupit
1089 3421 1373 3489 petramin
1397 3435 1604 3476 eremo.
1648 3440 1668 3473 ι

471 3508 744 3566 Fortassis
778 3511 942 3581 aliqui
974 3519 1171 3581 putant
1212 3511 1530 3581 prophetam
1568 3512 1710 3567 idem
1758 3512 1971 3585 signum

400 3601 485 3657 bis
515 3601 865 3671 exposuisse:
903 3618 1095 3657 verum
1142 3618 1251 3657 non
1308 3604 1380 3658 ita
1425 3620 1484 3660 se
1516 3621 1605 3660 res
1639 3607 1822 3673 habet,
1877 3608 1973 3664 sed

398 3694 641 3749 secundo
668 3694 802 3763 ipsis
830 3692 1042 3766 Moyses
1060 3709 1256 3764 aquam
1279 3696 1345 3749 de
1377 3704 1532 3765 petra
1556 3696 1773 3766 eduxit;
1802 3700 1972 3755 semel

396 3786 616 3857 quidem
671 3787 727 3841 in
792 3788 1011 3842 deserto
1060 3786 1300 3852 Choreb,
1358 3789 1530 3844 altera
1569 3806 1700 3846 vero
1744 3792 1863 3847 vice
1912 3795 1970 3848 in

296 3884 299 3887 “
393 3880 570 3934 Cades
590 3920 605 3945 ,
639 3879 726 3934 ubi
751 3878 919 3934 Maria
949 3888 1072 3950 post
1093 3880 1300 3935 obitum
1333 3882 1542 3953 sepulta
1573 3882 1694 3937 fuit.
1730 3884 1970 3955 Utraque

394 3987 527 4026 vero
555 3971 623 4025 ad
667 3971 974 4027 satietatem
1023 3972 1168 4036 data,
1207 3974 1281 4029 ita
1311 3982 1373 4029 ut
1432 3975 1486 4029 in
1544 3975 1737 4047 abysso
1796 3979 1968 4034 multa

392 4063 623 4128 dicatur,
651 4064 1091 4133 quandoquidem
1123 4080 1231 4120 non
1254 4066 1347 4120 uni
1370 4062 1686 4133 ﬂuvio,'sed
1714 4069 1967 4140 plurimis

391 4168 546 4223 aquae
608 4154 1020 4224 suppeditanda:
1070 4155 1390 4214 suﬂiciebat.
1465 4158 1593 4213 Haec
1649 4159 1798 4213 enim
1850 4170 1966 4216 erat

390 4244 752 4310 conﬁrmatio,
784 4246 929 4314 quod
978 4248 1279 4303 secundum
1331 4249 1639 4314 veritatem,
1700 4265 1809 4317 npn
1867 4268 1967 4321 per

390 4334 836 4404 imaginationem
902 4337 1005 4392 ista
1059 4338 1318 4395 miracula
1361 4339 1491 4410 ipsis
1552 4341 1934 4411 contigissent.

2084 506 2281 559 ἐκεῖνοι
2320 508 2387 577 τῇ
2436 506 2619 577 ῥάϐδῳ
2651 505 2761 559 τῶν
2800 506 3014 577 ἐχθρῶν
3050 510 3132 571 είς
3169 508 3269 580 τὴν
3294 510 3385 564 τοῦ
3438 513 3631 589 Ἰσραὴλ

2084 596 2423 667 εὐεργεσίαν,
2470 596 2614 652 οὕτω
2668 598 2763 652 καὶ
2811 600 2839 651 6
2873 598 3112 668 Χριστὸς
3154 600 3233 671 τῷ
3275 605 3482 676 σταυρῷ
3511 615 3634 666 κατά

2083 687 2192 740 τῶν
2236 688 2508 759 δαιμόνων
2593 688 2935 762 ἐπιστροφῆς
3005 690 3172 746 ἕνεκα
3241 694 3342 762 τῆς
3385 695 3633 771 ἡμετέρας

2085 781 2372 852 κέχρηται.

2640 874 2937 928 ΨΑΛΜΟΣ
2985 873 3108 927 ΟΖ’.

2162 982 2180 1015 ι
2213 964 2325 1018 Καὶ
2347 964 2617 1034 ἀνέστησε
2650 966 2958 1035 μαρτύριον
2996 965 3055 1016 ἐν
3098 963 3313 1018 Ἰακώὸ.
3357 984 3375 1015 ι

2153 1056 2470 1126 Μαρτύριον
2510 1055 2755 1109 ἐκαλεῖτο
2795 1056 2830 1125 ἡ
2883 1054 3057 1126 σκηνὴ
3095 1054 3189 1107 τοῦ
3232 1056 3523 1127 μαρτυρίου
3548 1100 3561 1125 ,
3588 1060 3642 1113 ἐν

2085 1138 2119 1218 ᾖ
2149 1144 2409 1197 ἀπέκειτο
2438 1146 2471 1214 ή
2491 1144 2723 1207 κιϐωτὸς
2746 1144 2847 1213 τῆς
2868 1143 3154 1216 διαθήκης,
3180 1146 3274 1199 καὶ
3304 1147 3334 1198 6
3367 1146 3422 1199 ἐν
3441 1148 3637 1221 κιϐωτῷ

2085 1233 2267 1303 νόμος,
2312 1234 2382 1289 τά
2423 1251 2481 1288 τε
2523 1234 2828 1306 Χερουϐὶμ,
2877 1236 2973 1289 καὶ
3013 1234 3076 1289 τὸ
3124 1236 3455 1309 ἱλαστήριον,
3482 1239 3569 1294 καὶ
3607 1246 3636 1313 ἡ

2085 1326 2295 1398 λυχνία,
2324 1328 2421 1381 καὶ⁵
2453 1328 2488 1393 ή
2521 1326 2790 1397 τράπεζα,
2822 1329 2915 1381 καὶ
2946 1330 2981 1399 ἡ
3015 1330 3275 1400 πρόθεσις
3298 1330 3403 1384 τῶν
3456 1332 3636 1403 ἄρτων.

2162 1435 2182 1469 ι
2221 1419 2411 1483 Ὅπως
2440 1419 2507 1473 ἂν
2537 1418 2652 1490 γνῷ
2673 1417 2840 1487 γενεὰ
2869 1419 3053 1489 ἐτέρα.
3092 1438 3112 1472 ι

2157 1507 2392 1580 Θεωρεῖς
2407 1509 2490 1563 ὅτι
2506 1526 2571 1562 πε
2581 1511 2634 1580 pi.
2654 1509 2762 1563 τῶν
2786 1509 2957 1562 ἐθνῶν
2981 1509 3151 1578 λέγει·
3183 1509 3341 1563 οθπω
3363 1510 3467 1581 γὰρ
3485 1509 3639 1564 ταῦτα

2085 1598 2348 1669 τεχθέντα
2391 1600 2639 1671 ὑπῆρχεν
2694 1602 2772 1663 είς
2810 1601 3094 1655 εὐσέϐειαν
3118 1618 3134 1632 ·
3189 1600 3387 1672 ἔμελλε
3428 1602 3529 1670 γὰρ
3565 1602 3643 1660 διὰ

2092 1690 2469 1761 βαπτίσματος
2534 1690 2853 1745 τίκτεσθαιο
2900 1690 3023 1745 ὅθεν
3076 1692 3193 1745 υἱοὶ
3235 1691 3642 1760 τεχθησόμενοι

2088 1780 2313 1845 δικαίως
2358 1779 2628 1851 ἐλέγοντο.
2679 1780 2851 1835 Τοῦτο
2926 1780 3128 1849 γνῶσις
3163 1779 3382 1852 ἀληθῶς
3423 1779 3570 1845 Θεοῦ,
3593 1779 3641 1832 τδ

2088 1870 2415 1942 μεταδοῦναι
2457 1873 2552 1925 καὶ
2595 1872 2775 1935 ἄλλοις
2810 1873 2913 1943 τῆς
2955 1871 3214 1941 γνώσεως
3241 1910 3257 1934 ,
3289 1869 3381 1925 καὶ
3418 1870 3558 1931 υἱοὺς
3584 1874 3640 1941 τῇ

2088 1964 2356 2036 μαθητείᾳ
2383 1963 2493 2017 τῶν
2525 1964 2754 2019 ἐντολῶν
2778 1964 3147 2035 ἐργάσασθαι’
3187 1965 3326 2034 ὅπερ
3355 1962 3535 2031 σαφῶς
3554 1979 3641 2016 πε-

2085 2059 2377 2128 ποιήκασιν
2412 2057 2463 2110 οἱ
2516 2058 2595 2120 είς
2628 2057 2863 2129 Χριστὸν
2900 2057 3314 2120 πιστεύσαντες.
3341 2055 3522 2111 Οὑδενὶ
3547 2057 3641 2129 γὰρ

2081 2148 2182 2219 τῆς
2232 2148 2563 2217 θεογνωσίας
2615 2147 2927 2219 ἐὸάσκηναν
2959 2188 2977 2214 ,
3040 2149 3163 2201 οὐδὲ
3219 2148 3297 2212 ὡς
3356 2149 3406 2202 οί
3463 2149 3641 2217 προλα-

2082 2238 2267 2302 ϐόντες
2300 2238 2650 2306 ἐπίστευσαν,
2685 2240 3010 2294 ἀποκλεῖσαι
3040 2242 3154 2304 τοῖς
3200 2238 3384 2302 ἄλλοις
3411 2238 3505 2311 τὴν
3538 2239 3641 2294 είσ-

2081 2330 2199 2384 οδον
2231 2330 2548 2400 βουλόμενοι
2566 2331 2731 2385 ’ἀλλὰ
2762 2330 3153 2403 παρεγγυῶσιν
3185 2330 3281 2384 ἐπὶ
3307 2330 3397 2385 τὸν
3415 2331 3541 2385 Θεὸν
3553 2331 3641 2402 τήν

2081 2420 2273 2473 ἐλπίδα
2301 2419 2467 2490 ἐχειν.

2155 2532 2174 2565 ι
2209 2513 2327 2565 Ἵνα
2359 2512 2561 2566 θῶνται
2591 2513 2684 2566 ἐπὶ
2715 2512 2809 2567 τὸν
2832 2512 2968 2567 Θεὸν
2995 2514 3094 2586 τὴν
3121 2513 3340 2571 ἐλπίδα.
3384 2533 3402 2567 ι

2151 2605 2337 2659 Ταῦτα
2396 2608 2531 2660 πᾶσι
2566 2610 2677 2670 τοῖς
2744 2608 2970 2671 οίκείοις
3025 2609 3121 2662 καὶ
3182 2611 3301 2673 τοῖς
3365 2608 3638 2681 ἀλλοτρίοις

2080 2697 2175 2750 ἐπὶ
2202 2698 2499 2769 ἐκκλησίας
2532 2698 2863 2769 κηρύττεται
2884 2739 2899 2763 ,
2937 2702 2996 2753 ἐν
3028 2694 3063 2774 ᾖ
3101 2700 3319 2766 Παῦλος
3363 2702 3493 2755 πᾶσι
3516 2700 3635 2772 βοᾷ’

2085 2788 2294 2843 Τεκνία
2314 2805 2456 2857 μου,
2492 2787 2600 2854 οὓς
2626 2787 2812 2844 πάλιν
2843 2788 3034 2844 ὠδίνω
3057 2788 3238 2860 ἄχρις
3276 2785 3350 2847 οὗ
3372 2787 3635 2861 μορφωθῇ

2079 2880 2332 2947 Χριστὸς
2354 2879 2424 2933 ἐν
2452 2879 2615 2949 ὑμῖν.

2155 2993 2174 3026 ι
2206 2975 2315 3028 Καὶ
2356 2977 2456 3028 οὑκ
2507 2974 2786 3047 ἐπιστώθη
2850 2975 2989 3048 μετὰ
3034 2976 3130 3030 τοῦ
3155 2976 3296 3031 Θεοῦ
3337 2977 3397 3032 τὸ
3442 2975 3635 3047 πνεῦμα

2004 3088 2046 3146 C
2079 3066 2269 3136 αὐτῆς.
2306 3084 2326 3116 ι

2153 3156 2375 3231 Γλώττῃ
2412 3158 2521 3230 γὰρ
2568 3159 2786 3225 πάντως
2849 3160 2986 3232 μόνῃ
3027 3161 3128 3232 τὴν
3175 3160 3362 3215 πίστιν
3397 3159 3634 3233 ἐπηγγεί-

2080 3250 2262 3316 λαντο,
2308 3250 2430 3321 οὐχὶ
2474 3250 2532 3305 δὲ
2580 3251 2677 3325 ὅλῃ
2724 3253 2925 3325 καρδίᾳ
2975 3253 3068 3307 καὶ
3109 3252 3345 3325 καθαρῷ
3386 3251 3461 3324 τῷ
3492 3250 3634 3306 πνεύ-

2082 3361 2235 3415 ματι.

2155 3457 2174 3490 ι
2211 3438 2471 3511 Διέρρηξε
2507 3438 2714 3509 πέτραν
2750 3439 2811 3491 ἐν
2839 3439 3053 3511 ἐρήμῳ.
3097 3457 3118 3491 ι

2147 3529 2301 3600 Τάχα
2328 3529 2430 3585 πού
2459 3547 2605 3594 τινες
2643 3530 2895 3584 δοκοῦσιν
2933 3533 3016 3585 ὅτι
3056 3531 3141 3596 δὶς
3188 3530 3324 3583 αὐτὸ
3349 3530 3409 3584 τὸ
3435 3529 3634 3599 σημεῖον

2074 3622 2103 3675 6
2125 3623 2412 3694 προφήτης
2443 3622 2692 3689 ἐξέθετο·
2734 3622 2847 3693 ἔχει
2880 3622 2937 3675 δέ
2981 3623 3082 3693 οὐχ
3123 3620 3322 3687 οὕτως,
3354 3621 3487 3674 ἀλλὰ
3525 3618 3632 3671 δεύ-

2074 3732 2230 3785 τερον
2272 3716 2455 3779 αὐτοῖς
2498 3714 2643 3785 ὕδωρ
2680 3715 2745 3768 ἐκ
2780 3715 2985 3785 πέτρας
3032 3716 3061 3768 6
3093 3714 3305 3785 Μωσῆς
3352 3712 3629 3783 ἐξήγαγεν*

2074 3805 2223 3870 ἅπαξ
2279 3806 2379 3877 μὲν
2410 3807 2470 3860 ἐν
2493 3808 2559 3876 τῇ
2600 3807 2790 3875 ἐρήμῳ
2842 3804 3078 3875 Χωρὴὸ,
3108 3804 3167 3856 τὸ
3217 3803 3467 3875 δεύτερον
3495 3802 3549 3855 δέ
3583 3802 3634 3853 ἐν

2073 3894 2258 3964 Κάδης
2279 3935 2297 3964 ,
2327 3893 2454 3948 ἔνθα
2500 3893 2735 3965 Μαριὰμ
2770 3895 2943 3965 ἐτάφη
2974 3894 3366 3963 τελευτήσασα.
3398 3894 3487 3953 Et;
3513 3890 3632 3960 πλη-

2071 3986 2275 4056 σμονὴν
2316 3985 2375 4038 δέ
2419 3985 2703 4057 ἑκάτερον,
2749 3985 2891 4039 ὥστε
2936 3986 2999 4039 τὸ
3037 3987 3097 4039 ἐν
3144 3985 3370 4056 ἀϐύσσῳ
3400 3983 3630 4052 λέγεσθαι

2067 4077 2262 4148 πολλῇ,
2300 4078 2488 4150 ἐπειδὴ
2537 4080 2639 4132 οὐκ
2687 4081 2745 4132 ἐν
2790 4078 3044 4149 ποταμῷ,
3075 4077 3189 4131 ἀλλ’
3233 4081 3291 4132 ἐν
3322 4076 3529 4139 πολλοῖς
3556 4074 3630 4127 διὰ

2065 4169 2127 4223 τὸ
2156 4168 2360 4239 πλῆθος
2382 4166 2450 4243 ἦν
2484 4170 2667 4225 ἱκανὸν
2695 4170 2757 4224 τὸ
2787 4170 2932 4241 ὔδωρ
2985 4170 3458 4241 παραϐάλλεσθαι.
3480 4169 3630 4223 Τοῦτο

2065 4259 2175 4330 γὰρ
2198 4255 2267 4330 ἦν
2298 4258 2572 4327 σύστασις,
2604 4261 2686 4314 ὅτι
2713 4261 2849 4329 πρὸς
2868 4259 3152 4330 ἀλήθειαν,
3179 4263 3305 4331 οὐχὶ
3341 4260 3429 4315 διὰ
3451 4274 3629 4329 φαντα-

2067 4350 2188 4404 σίαν
2223 4350 2410 4414 αὐτοῖς
2438 4351 2679 4420 ἐγεγόνει
2715 4354 2781 4405 τὰ
2822 4351 3096 4422 θαύματα.
3126 4352 3316 4423 Δεινὴν
3344 4353 3401 4405 δέ
3415 4365 3627 4418 κατηγο-

388 4422 656 4481 Acerbam
688 4434 868 4480 autem
934 4427 1363 4498 increpationem
1414 4429 1600 4499 populi
1655 4429 1963 4487 Judzeorum

2085 4442 2194 4496 aiav
2220 4441 2314 4496 τοῦ
2344 4442 2474 4497 λαοῦ
2498 4443 2606 4497 τῶν
2649 4443 2918 4497 Ἰουδαίων
2939 4444 3153 4508 ἐξέθετο
3172 4461 3185 4477 ο
3213 4422 3321 4507 ὅτι,
3346 4439 3626 4510 τηλικαῦτα

389 4516 667 4586 exposuit;
692 4532 757 4572 eo
778 4519 944 4588 quod,
975 4534 1102 4574 cum
1130 4529 1278 4575 tanta
1305 4521 1565 4576 miracula
1599 4523 1958 4593 accepissent,
1990 4584 1993 4585 ν

388 4616 443 4662 et
474 4622 506 4661 a
546 4607 793 4677 pristinis
834 4611 1077 4678 peccatis
1129 4610 1407 4666 abstinere
1463 4611 1800 4681 debuissent,
1858 4615 1963 4670 alia

386 4692 623 4763 desuper
662 4694 783 4750 istis
817 4697 1141 4766 adjecerint,
1167 4712 1275 4753 non
1304 4697 1961 4771 simpliciter‘peccantes,

386 4784 483 4839 sed
511 4785 634 4854 ipsi,
669 4785 723 4841 id
740 4796 844 4853 est,
869 4797 1060 4846 contra
1095 4790 1273 4860 ipsum
1299 4790 1699 4862 delinquentes,
1732 4796 1824 4865 qui
1847 4797 1964 4852 haec

383 4874 537 4947 signa
565 4877 890 4946 praebuerat.

454 4964 620 5022 Vens.
650 4969 741 5025 2|.
780 4989 799 5023 ι
842 4970 910 5026 Ει
938 4971 1017 5027 ira
1051 4973 1302 5029 ascendit
1333 4973 1387 5029 in
1418 4972 1602 5031 Israel.
1645 4997 1664 5030 ι

457 5056 799 5115 Irascebatur
854 5062 1001 5117 enim
1052 5063 1183 5134 ipsis
1227 5065 1513 5128 Dominus,
1568 5070 1695 5137 quia
1745 5071 1962 5126 videbat

382 5146 505 5204 illos
527 5164 869 5221 nequaquam
900 5153 1118 5209 ﬁdelem
1168 5170 1296 5227 erga
1339 5173 1398 5213 se
1433 5158 1674 5213 animum
1736 5161 1956 5227 habere,

380 5238 478 5293 sed
499 5254 715 5311 semper
747 5243 964 5312 quidem
991 5244 1132 5301 datis
1166 5248 1486 5303 muneribus
1532 5250 1789 5322 ingratos,
1847 5268 1956 5306 non

380 5329 521 5385 datis
546 5347 678 5386 vero
708 5332 1022 5390 incredulos
1070 5337 1354 5393 exsistere.
1404 5339 1612 5395 Idcirco
1651 5341 1802 5405 dicit,
1848 5343 1959 5396 Nec

378 5435 715 5489 speraverant
739 5426 793 5478 in
810 5427 1038 5480 salutari
1055 5428 1191 5496 ejus,
1224 5430 1502 5486 Christum
1543 5432 1761 5487 dicens:
1792 5450 1955 5504 quem

380 5513 620 5568 salutare
659 5531 815 5572 suum
870 5518 1089 5589 plurimi
1135 5523 1415 5594 prophetae
1456 5522 1840 5595 nominarunt;
1901 5539 1956 5585 et

451 5691 497 5722 “
527 5690 702 5745 Galat.
737 5711 812 5760 tv,
841 5699 921 5751 l9.

2067 4534 2347 4605 δεχόμενοι
2376 4533 2654 4606 θαύματα,
2683 4534 2803 4589 δέον
2824 4536 2934 4589 τῶν
2955 4535 3201 4605 ἀρχαίων
3223 4533 3625 4606 ἁμαρτημάτων

2069 4627 2392 4697 ἀπέχεσθαι,
2426 4627 2590 4699 ἐτερα
2619 4628 2829 4700 ὁμοίως
2876 4629 2963 4681 ἐπ’
3002 4628 3235 4691 ἐκείνοις
3273 4625 3624 4701 προσέθηκαν,

2067 4719 2167 4789 οὐχ
2212 4719 2403 4784 ἁπλῶς
2458 4721 2889 4792 ἁμαρτάνοντες,
2957 4721 3073 4776 ἀλλ’
3118 4718 3297 4785 αὐτῷ,
3345 4717 3622 4775 τουτέστιν,

2068 4810 2149 4871 είς
2195 4809 2357 4863 αὐτὸν
2414 4810 2897 4883 πλημμελοῦντες,
2960 4810 3055 4865 τὸν
3121 4810 3192 4864 τὰ
3242 4811 3443 4880 σημεῖα
3495 4819 3624 4874 παρ·

2066 4900 2283 4970 έχοντα.

2140 5009 2159 5041 ι
2190 4991 2299 5044 Καὶ
2325 4991 2463 5062 ὀργὴ
2490 4991 2659 5062 ἀνέϐη
2691 4992 2783 5045 ἐπὶ
2816 4992 2909 5045 τὸν
2948 4989 3184 5063 Ἰσραήλ.
3222 5012 3240 5043 ι

2146 5083 2403 5153 Ὠργίσθη
2429 5083 2539 5153 γὰρ
2560 5085 2680 5137 κατ’
2704 5084 2883 5137 αὐτῶν
2905 5087 2933 5138 6
2953 5086 3250 5156 Δεσπότης,
3282 5082 3463 5152 ἐπειδὴ
3488 5079 3619 5149 ἐώρα

2060 5173 2255 5235 αὐτοὺς
2296 5171 2554 5225 οὐδέποτε
2609 5174 2809 5244 πιστὴν
2854 5174 3074 5244 ἔχοντας
3137 5175 3265 5245 περὶ
3323 5173 3480 5225 αὐτὸν
3531 5169 3620 5237 τὴν

2065 5263 2314 5334 γνώμην,
2360 5262 2473 5317 ἀλλ’
2503 5265 2588 5317 ἀεὶ
2626 5266 2725 5335 μὲν
2759 5268 2871 5328 τοῖς
2911 5264 3142 5319 δοθεῖσιν
3181 5262 3614 5335 ἀχαριστοῦντας,

2066 5353 2194 5422 περὶ
2241 5353 2300 5406 δέ
2354 5354 2427 5424 μὴ
2488 5354 2748 5409 δοθέντων
2792 5356 3254 5426 ἀμφιϐάλλοντας.
3287 5357 3377 5409 Διό
3429 5366 3614 5421 φησιν’

2067 5442 2221 5497 Οὐδὲ
2260 5443 2533 5511 ἤλπισαν
2567 5446 2665 5500 ἐπὶ
2695 5448 2762 5501 τὸ
2817 5448 3119 5515 Σωτήρων
3145 5446 3350 5512 αὑτοῦ,
3372 5444 3459 5498 τὸν
3493 5442 3616 5512 Χρι⁴

2065 5534 2187 5587 στὸν
2215 5533 2387 5603 λέγων
2410 5552 2421 5567 ·
2456 5536 2624 5609 ὅνπερ
2658 5538 2931 5609 Σωτήριον
2963 5539 3127 5593 αὐτοῦ
3166 5537 3348 5611 πολζρὶ
3390 5534 3483 5607 μέν
3514 5529 3613 5583 τῶν
