3950 6408
322 449 459 514 Ῑὲἱςθ

1382 456 1389 463 ·
1464 437 1933 500 FRAGMENTA
1973 433 2055 494 IN
2091 430 2447 493 PSALMOS.

3450 417 3588 483 1250

320 559 623 634 προφητῶν
650 600 663 624 ,
706 556 893 626 σαφῶς
941 554 999 608 δὲ
1044 554 1139 607 καὶ
1181 550 1438 622 Συμεὼν,
1476 547 1659 603 λαϐὼν
1696 549 1753 599 ἐν
1792 547 1910 607 ταῖς
1941 554 1956 605 Λ

2071 551 2215 597 serte
2255 540 2513 611 S‘ymeon,
2564 536 2783 607 quando
2828 534 3005 605 ipsum
3046 533 3101 586 in
3147 529 3304 585 ulnas
3354 530 3592 599 excepit.

321 652 613 722 ἀγκάλαις,
642 647 914 716 ὠνόμασε.

399 760 421 795 ι
455 741 569 795 Καὶ
602 737 914 793 ἐνετείλατο
938 734 1195 804 νεφέλαις
1220 728 1590 803 ὑπεράνωθεν.
1621 746 1641 779 ι

397 832 644 903 Νεφέλας
680 827 1034 901 ὑπεράνωθεν
1066 826 1166 890 τὰς
1193 826 1253 878 ὲν
1282 820 1473 893 ὑψηλῷ
1501 820 1680 887 λέγει·
1716 818 1911 886 διόπερ

325 924 499 984 αὑτὰς
546 921 643 975 καὶ
678 917 852 989 θύρας
900 913 1154 985 οὐρανοῦ,
1194 912 1272 976 ὡς
1329 907 1790 982 προὸεὸλημένας
1817 904 1912 959 τοῦ

326 1010 558 1085 οὐρανοῦ
590 1009 1060 1082 προσηγόρευσεν.
1090 1004 1212 1058 Εἰσὶ
1240 1004 1348 1075 γάρ
1375 1019 1523 1065 τινες
1543 1000 1653 1053 τῶν
1674 997 1915 1067 νεφελῶν

327 1104 626 1175 περίγειοι,
673 1102 817 1156 ὥστε
872 1099 972 1153 κα)⁸
1028 1098 1137 1152 τῶν
1187 1095 1333 1168 ὀρῶν
1382 1094 1552 1157 αὐτὰς
1597 1090 1918 1161 κατωτέρας

330 1193 710 1266 εὑρίσκεσθαι.

414 1305 433 1339 ι
462 1285 574 1338 Καὶ
605 1280 828 1353 ἔϐρεξεν
856 1280 940 1333 ἐπ’
973 1278 1173 1341 αὐτοὺς
1195 1277 1330 1331 ὡσεὶ
1357 1273 1488 1346 χοῦν
1514 1272 1746 1343 σάρκας.
1791 1290 1809 1321 ι

408 1467 621 1523 Οὐκοῦν
652 1465 749 1520 καὶ
780 1463 939 1517 τοῦτο
981 1461 1117 1515 πολὺ
1147 1459 1348 1530 πλῆθος
1384 1456 1577 1527 νόησον
1605 1451 1736 1507 λαοῦ
1760 1469 1774 1483 ·
1803 1466 1929 1504 τοσ-

335 1562 501 1617 ούτου
562 1560 662 1631 μὲν
693 1558 785 1611 τὸν
814 1554 1072 1627 ἀριθμὸν,
1109 1552 1254 1606 οὓτω
1286 1550 1344 1603 δὲ
1388 1546 1811 1617 γαστριμάργου
1833 1559 1928 1597 κο-

342 1652 662 1725 ρεσθέντοςο
712 1648 775 1702 οὐ
815 1645 954 1717 πρὸς
988 1645 1203 1717 ἡμέραν
1247 1643 1399 1712 μίαν,
1446 1635 1587 1691 ἀλλὰ
1611 1635 1749 1705 πρὸς
1778 1633 1930 1703 τριά-

339 1724 533 1808 κοντα,
584 1742 660 1806 ὡς
699 1740 910 1811 δυνήσῃ
944 1738 1139 1808 μαθεῖν
1177 1730 1276 1805 τὴν
1313 1731 1496 1804 βίϐλον
1526 1727 1637 1782 τῶν
1652 1724 1933 1798 ’Δριθμῶν

344 1834 773 1909 μετερχόμενος.

2084 718 2242 774 Vens.
2273 719 2364 779 ‘25.
2396 736 2416 770 ι
2449 716 2516 770 Ει
2551 715 2829 770 mandavit
2860 712 3102 766 nubibus
3132 710 3387 778 desuper.
3422 725 3442 757 ι

2081 809 2263 864 Nubes
2330 808 2566 876 desuper
2615 804 2870 874 intelligit
2923 816 3017 856 eas
3067 815 3188 869 qua:
3256 799 3311 851 in
3363 794 3586 850 excelso

2012 900 2286 955 exsistunt
2313 916 2328 954 :
2361 912 2529 968 quare
2555 896 2700 965 ipsas
2728 894 2889 948 etiam
2918 890 3040 946 creli
3095 891 3291 958 januas
3338 886 3592 956 appellat,

2015 1001 2271 1059 tanquam
2323 989 2461 1044 ccelo
2517 998 2842 1057 praztensas.
2900 980 3184 1052 Siquidem
3239 985 3374 1033 sunt
3431 976 3595 1031 etiam

2017 1081 2211 1151 aliquae
2235 1080 2410 1134 nubes
2438 1088 2597 1134 terra:
2619 1078 2834 1141 vicinae,
2877 1075 2953 1130 ita
2985 1080 3046 1126 ut
3108 1071 3269 1125 etiam
3320 1067 3599 1122 montibus

2022 1172 2312 1227 inferiores
2332 1170 2708 1225 inveniantur.

2089 1260 2260 1315 Vens.
2302 1260 2395 1314 27.
2427 1259 2558 1349 «'Et
2607 1258 2744 1329 pluit
2773 1272 2942 1328 super
2982 1270 3078 1311 eos
3131 1252 3273 1308 sicut
3319 1249 3599 1320 pulverem

2023 1368 2237 1409 carnes.
2276 1371 2295 1404 ι

2094 1441 2266 1513 Igitur
2296 1440 2574 1509 copiosam
2606 1452 2825 1507 quoque
2854 1437 2995 1491 hanc
3035 1431 3439 1489 multitudinem
3472 1443 3606 1484 con-

2027 1534 2246 1600 sidera;
2279 1532 2425 1602 quod
2476 1546 2603 1585 cum
2641 1538 2792 1583 tanto
2840 1535 2987 1582 esset
3044 1537 3297 1588 numero,
3363 1521 3607 1589 adeoque

2026 1625 2208 1681 ventri
2235 1623 2443 1689 dedita,
2479 1621 2650 1676 fuerit
2675 1629 2856 1674 tamen
2891 1625 3166 1682 saturata;
3212 1614 3376 1683 idque
3404 1626 3514 1665 non
3538 1610 3607 1663 ad

2033 1730 2207 1770 unum
2231 1714 2380 1769 diem
2414 1712 2674 1781 aliquem,
2727 1710 2822 1765 sed
2852 1709 2920 1764 ad
2966 1708 3211 1779 triginta,
3269 1704 3350 1759 uti
3403 1701 3610 1771 poteris

2034 1820 2369 1878 cognoscere
2392 1804 2592 1859 librum
2625 1803 2992 1857 Numerorum
3029 1794 3421 1869 pervolvendo.

426 1949 447 1982 i
485 1882 628 1982 ἷέτῗ
806 1923 1063 1995 βρώσεως
1114 1915 1283 1986 οὔσης
1328 1914 1387 1967 ὲν
1438 1910 1517 1983 τῷ
1564 1908 1794 1978 στόματι
1840 1904 1936 1957 αὺ-

2108 1897 2272 1952 Vsns.
2301 1896 2391 1951 50.
2426 1914 2445 1948 ι
2491 1894 2686 1950 Adhuc
2716 1908 2843 1948 esca
2865 1905 3055 1947 eorum
3102 1895 3224 1944 erat
3253 1887 3310 1940 in
3340 1899 3434 1939 ore
3467 1882 3615 1953 ipso-

341 2040 477 2075 των.
523 2039 540 2071 1
798 2066 801 2069 ,

420 2111 528 2165 Καὶ
558 2106 899 2179 συμποδίσας
936 2103 997 2157 οὐ
1019 2101 1146 2163 τοὺς
1183 2093 1478 2157 ἐκλεκτοὺς
1506 2093 1564 2146 ὲν
1596 2089 1819 2162 ἀρεταῖς
1844 2086 1932 2139 λο-

345 2205 543 2275 γάδας,
566 2201 700 2256 ἀλλά
727 2200 854 2263 τοὺς
894 2198 952 2250 ὲν
982 2195 1187 2265 κακίαι
1224 2189 1332 2244 εἰσὶ
1368 2186 1480 2258 γάρ
1505 2200 1652 2247 τινες
1687 2183 1745 2237 ὲν
1769 2195 1936 2249 πονη-

350 2300 447 2371 ρίᾳ
468 2295 763 2367 ἐξαίρετοι.

431 2362 450 2443 ξ
508 2362 622 2443 Kal.
682 2385 983 2457 ἠγάπησαν
1055 2376 1220 2433 αὐτὸν
1277 2376 1337 2429 ὲν
1391 2370 1470 2442 τῷ
1544 2368 1772 2439 στόματι
1836 2362 1936 2416 αὐ-

351 2499 487 2536 των.
531 2497 551 2532 )

426 2569 652 2632 Τούτοις
684 2567 850 2636 ὅμοια
868 2561 963 2616 καὶ
998 2558 1227 2620 Ἡσαΐας
1272 2554 1401 2616 τοὺς
1450 2547 1738 2611 Ἰουδαίους
1775 2542 1942 2615 ἐμέμ-

354 2666 500 2736 ψατο
523 2680 539 2695 ·
580 2663 644 2714 '0
665 2635 817 2723 λαός
858 2651 1036 2719 οὗτος
1083 2650 1210 2727 τοῖς
1241 2645 1477 2718 χείλεσι
1492 2659 1570 2714 με
1595 2637 1735 2710 τιμᾷ
1757 2677 1773 2703 ,
1802 2637 1841 2705 ἡ
1875 2635 1943 2689 δὲ

358 2727 574 2826 ἑιαρδία
617 2750 816 2807 αὐτῶν
860 2746 1061 2816 πόρῤω
1101 2741 1316 2808 ἀπέχει
1366 2738 1468 2792 ἀπ’
1514 2732 1683 2804 ἐμοῦ.
1728 2729 1852 2793 Πῶς
1886 2727 1944 2781 δὲ

358 2821 522 2901 codro
576 2843 889 2912 ὲλέγχεταις
923 2835 1161 2896 Πολλοὺς
1217 2831 1328 2902 γὰρ
1374 2828 1473 2882 καὶ
1528 2824 1624 2879 νῦν
1683 2823 1821 2907 μόνῃ
1874 2821 1943 2891 τῇ

360 2894 915 3007 γλῶσσῃήθεοκσεϐείς
972 2894 1327 2995 εὑρίσκομεν,
1369 2918 1534 2980 ὅταν,
1596 2912 1671 2976 ὥς
1713 2894 1878 2981 φησιν
1921 2909 1949 2962 6

364 2997 699 3099 προφήτης,
759 3021 818 3075 ὲν
871 3019 939 3088 τῇ
999 3013 1236 3085 διαθήκῃ
1291 3006 1460 3062 αὐτοῦ
1519 3003 1596 3077 μὴ
1660 2997 1948 3056 πιστωθῶ-

368 3139 477 3175 σιν.

452 3232 471 3265 ‹
504 3212 619 3265 Οὐκ
638 3204 993 3278 ἐμνήσθησαν
1014 3199 1115 3268 τῆς
1144 3193 1327 3267 χειρὸς
1352 3188 1544 3245 αὐτοῦ.
1589 3206 1607 3239 ι

442 3307 617 3375 Χεῖρα
644 3300 806 3356 πάλιν
838 3295 997 3361 Θεοῦ,
1044 3288 1245 3361 δηλαδὴ
1282 3283 1378 3340 τοῦ
1416 3281 1656 3351 Πατρὸς,
1692 3278 1784 3333 τὸν
1822 3279 1956 3348 Χρι-

374 3398 500 3454 στὸν
532 3365 758 3456 εἰκότως
791 3389 946 3444 καλεῖ
968 3403 983 3418 ο
1025 3381 1213 3451 ἐπειδὴ
1239 3421 1255 3446 ,
1279 3376 1357 3431 Δι’
1387 3373 1574 3429 αὑτοῦ
1613 3370 1809 3425 πάντα
1828 3365 1957 3437 ἐγέ-

375 3507 535 3557 νετο,
561 3486 663 3541 καὶ
690 3481 875 3554 χωρὶς
901 3474 1090 3532 αὑτοῦ
1117 3473 1354 3543 ἐγένετο
1385 3465 1529 3521 οὐδὲ
1554 3463 1625 3517 ἓν
1644 3479 1656 3490 ·
1692 3461 1834 3514 ὥστε
1863 3459 1961 3513 καὶ

377 3550 567 3655 ἓτερον
626 3550 915 3648 προφήτην
971 3570 1190 3636 λέγειν·
1268 3562 1331 3616 Ἡ
1360 3558 1472 3629 γὰρ
1546 3554 1676 3624 χεὶρ
1737 3550 1959 3619 Κυρίου

379 3676 632 3741 ἐποίησε
691 3667 880 3723 ταῦτα
929 3661 1148 3716 πάντα.
1187 3652 1396 3707 Τούτου
1440 3646 1620 3700 τοίνυν
1657 3644 1758 3697 οὐκ
1796 3642 1963 3713 ὲμνή-

382 3731 591 3839 σθησαν
658 3763 810 3822 ὅστις
861 3755 1059 3815 αὐτοὺς
1108 3743 1454 3817 ὲλυτρώσατο
1503 3740 1568 3791 ὲκ
1611 3734 1794 3807 χειρὸς
1849 3731 1964 3785 θλί-

382 3823 592 3925 ϐονιτος,
622 3855 771 3923 λέγει
806 3850 864 3904 δὲ
906 3845 998 3901 τοῦ
1049 3839 1272 3911 Φαραὼ,
1314 3833 1456 3890 κατὰ
1485 3830 1584 3902 τὴν
1622 3826 1835 3899 ἡμέραν
1864 3823 1965 3894 τῆς

385 3951 589 4019 ἐξόδου.

468 4062 492 4096 1
536 4033 866 4105 Ἀποστολὴν
894 4030 962 4085 δι’
993 4023 1241 4096 ἀγγέλων
1269 4015 1543 4089 πονηρῶν.
1588 4032 1606 4065 i

466 4137 539 4192 oo
564 4132 662 4203 τὴν
694 4096 856 4198 φύσιν
900 4117 1174 4191 πονηρῶν,
1206 4113 1299 4166 τὸν
1329 4110 1389 4163 δὲ
1431 4104 1632 4160 σκοπόν
1661 4118 1676 4134 ο
1712 4099 1834 4154 οὐδὲ
1861 4096 1969 4169 γὰρ

385 4194 658 4287 τοιούτοις
701 4194 957 4288 ἀγγέλοις
998 4212 1026 4264 ὁ
1056 4209 1192 4271 Θεὸς
1229 4206 1316 4267 εἰς
1346 4199 1626 4255 διακονίαν
1663 4194 1968 4266 κέχρηται·

388 4321 531 4376 ἀλλὰ
560 4283 832 4384 πονηρους
890 4301 1368 4378 προσηγόρευσεν,
1409 4289 1600 4361 ἐπειδὴ
1643 4289 1842 4348 πόνους
1879 4283 1975 4338 καὶ

394 4409 669 4470 κακώσεις
687 4373 1065 4458 ⁸κελευθένειτες
1088 4392 1376 4459 ἐπέφερον·
1396 4384 1471 4447 ὡς
1498 4383 1593 4435 καὶ
1615 4376 1863 4447 πονηρὰν
1879 4373 1975 4443 τὴν

388 4511 428 4578 ἡ
441 4508 504 4576 μέ
513 4520 609 4575 ραν
626 4467 726 4567 ττῆς
742 4495 998 4566 κρίσεως,
1014 4488 1089 4550 ὡς
1106 4480 1361 4551 ἀναγκῶν
1379 4477 1475 4530 καὶ
1487 4474 1664 4527 πόνων
1677 4467 1789 4533 τοῖς
1808 4469 1978 4537 ἁμαρ-

394 4559 587 4657 τωλοῖς
605 4559 903 4660 γέμουσαν,
936 4580 1096 4642 αὐτὸς
1112 4570 1266 4637 οὗτος
1297 4573 1326 4624 ό
1354 4563 1663 4637 Ψαλμῳδὸς
1686 4559 1976 4660 ὀνομάζεις
2009 4590 2055 4644 D

669 4646 845 4741 οὕτως
868 4646 1206 4739 ’,Μακάριος
1223 4668 1254 4719 ό
1264 4657 1492 4719 συνιών
1508 4657 1608 4710 ἐπὶ
1626 4651 1865 4721 πτωχὸν
1879 4646 1979 4702 καὶ

398 4741 651 4845 λέγηται
669 4772 739 4825 ἐν
754 4766 947 4838 ἡμέρῃ
959 4756 1193 4828 πονηρᾷ
1205 4756 1460 4824 ῥύσεται
1475 4745 1663 4803 αὑτὸν
1684 4745 1716 4796 ό
1741 4741 1974 4845 Κύριος.

402 4832 581 4941 lieni
602 4832 698 4921 καὶ
720 4832 852 4933 περὶ
866 4832 995 4919 τοὺς
1017 4846 1447 4918 παιδευομένους
1470 4843 1497 4894 6
1516 4840 1649 4900 Θεὸς
1671 4832 1980 4938 φιλανθρω-

403 4921 808 5035 πίᾳ-κέχρηταί
827 4993 842 5019 ,
871 4948 979 5005 ἀπὸ
1004 4944 1112 4999 τῶν
1149 4936 1447 4997 ἐλαττόνων
1477 4929 1801 5035 ἀρχόμενος,
1838 4921 1983 5035 ὥστε

404 5010 877 5123 ξῷτφρξᾷῗσόέντάς
907 5036 1165 5110 κερδᾶναι
1197 5028 1267 5084 τὰ
1301 5023 1547 5097 μείζονα.
1578 5017 1679 5071 Διὰ
1708 5013 1866 5067 τοῦτο
1881 5010 1982 5123 ητα

403 5101 588 5215 κτήνει.
607 5101 873 5210 πρότερα*
898 5101 1007 5184 τῶν
1031 5121 1346 5194 Αἰγυπτίων
1375 5112 1722 5169 συνέκλεισεν
1757 5107 1838 5167 εις
1881 5101 1982 5155 θά-

1268 5212 1277 5215 _
1401 5210 1412 5215 _
1482 5207 1494 5215 _
1576 5203 1598 5215 _
1710 5200 1723 5215 ,
1788 5214 1799 5215 7
1836 5192 1962 5215 ω’,

646 5192 1011 5296 ἀναισθήτους
1059 5192 1121 5283 δέ
1155 5212 1354 5284 εὑρὼν,
1398 5203 1629 5296 ἐπέταξε
1668 5200 1750 5296 τὰΔ
1778 5192 1987 5296 πρωτό-

409 5346 563 5389 τοκα,
611 5325 753 5381 ὥστε
799 5317 900 5372 οὐκ
936 5314 1002 5368 ἂν
1049 5309 1146 5380 τὴν
1168 5304 1277 5359 τῶν
1326 5295 1688 5372 πρωτοτόκων
1733 5287 1986 5358 ἐπήγαγε

412 5376 839 5490 ἐὶτῷ
887 5376 1240 5471 θανάτῳ-τῶν
1266 5388 1484 5460 κτηνῶν
1528 5376 1995 5453 σωφρονισθέντες

411 5509 709 5580 ἁνένηψαν.

495 5624 514 5656 ι
554 5569 661 5655 Ιῖαὶ
691 5593 978 5661 ὡδήγησεν
1010 5579 1212 5642 αὐτοὺς
1240 5576 1326 5629 ἐπ’
1359 5569 1557 5626 ἐλπίδι.
1592 5585 1621 5616 »η

488 5650 719 5752 ’.Ιίλῖιτίδι⁹
746 5650 911 5754 ποίας
945 5677 1055 5749 Τῆς
1086 5670 1225 5745 πρὸς
1259 5667 1388 5730 τοὺς
1418 5660 1663 5730 πατέρας
1703 5650 2005 5725 γενομένης

492 5893 611 5930 ⁸⁵ι³⁶
648 5892 748 5944 lsa.
781 5897 931 5951 χχιι,
964 5879 1050 5935 15.
1127 5874 1174 5909 ³⁷
1196 5871 1351 5929 Joan.
1384 5883 1423 5933 ι,
1453 5864 1504 5919 '5-

2035 2005 2181 2044 rum.
2229 2007 2249 2041 ι

2104 2083 2174 2138 Ει
2198 2078 2534 2150 compedivit
2573 2092 2683 2131 non
2715 2076 2770 2130 in
2811 2072 3110 2129 virtutibus
3148 2070 3380 2127 eximios
3408 2083 3474 2123 ac
3526 2081 3614 2121 se-

2036 2173 2233 2239 lectos,
2270 2170 2367 2226 sed
2406 2170 2461 2223 in
2481 2167 2725 2223 malitia:
2762 2163 3032 2233 siquidem
3056 2170 3188 2217 sunt
3223 2160 3393 2230 aliqui
3421 2158 3619 2229 nequi-

2041 2262 2116 2315 tia
2145 2258 2549 2331 praecellentes.

2116 2351 2273 2407 Vens.
2305 2349 2394 2406 56.
2431 2366 2450 2400 ι
2483 2346 2548 2401 Ει
2577 2346 2891 2402 dilexerunt
2928 2356 3055 2397 eum
3089 2341 3142 2394 in
3179 2353 3274 2393 ore
3303 2352 3424 2393 suo.
3455 2354 3475 2388 ι

2114 2536 2278 2593 Hisce
2304 2533 2503 2591 similia
2531 2532 2698 2589 etiam
2722 2528 2892 2585 Isaias
2928 2525 3130 2582 Judmis
3174 2523 3406 2592 obiecit:
3439 2520 3624 2591 Popu-

2046 2632 2126 2687 lus
2158 2631 2255 2683 iste
2286 2627 2443 2680 labiis
2474 2640 2554 2679 me
2601 2624 2847 2686 honorat,
2881 2635 2969 2673 car
3013 2626 3194 2671 autem
3244 2631 3423 2668 eorum
3476 2612 3626 2683 longe

2045 2723 2186 2776 abest
2212 2736 2243 2773 a
2277 2734 2360 2772 me
2376 2717 2520 2769 ’3'“.
2551 2712 2837 2780 Quomodo
2897 2718 3079 2763 autem
3148 2707 3255 2761 hoc
3304 2704 3628 2774 exprobrat?

2047 2812 2185 2878 Quia
2246 2808 2455 2863 scilicet
2495 2804 2796 2860 etiamnum
2848 2798 3115 2870 plurimos
3166 2793 3477 2863 reperimus
3535 2789 3631 2860 qui

2049 2904 2165 2960 sola
2197 2902 2379 2972 lingua
2403 2897 2481 2968 pii
2517 2897 2650 2961 sint,
2682 2908 2829 2957 cum,
2861 2900 2922 2946 ut
2955 2890 3031 2945 ait
3067 2887 3355 2960 propheta,
3376 2886 3432 2939 in
3460 2891 3629 2940 testa-

2050 3001 2241 3051 mento
2274 2993 2397 3063 ejus
2419 3005 2531 3045 non
2556 2988 2668 3043 sint
2700 2984 2951 3041 stabiliti.

2125 3175 2290 3230 Vens.
2327 3173 2418 3228 49..
2459 3190 2477 3223 ι
2513 3168 2631 3224 Non
2692 3175 2822 3222 sunt
2861 3159 3130 3218 recordati
3189 3172 3384 3212 manus
3427 3155 3568 3226 ejus.
3606 3171 3626 3204 ι

1980 3254 2025 3313 C
2127 3267 2346 3322 Manum
2398 3264 2599 3317 iterum
2647 3259 2742 3313 Dei
2762 3276 2784 3323 ‘,
2841 3255 3050 3311 scilicet
3105 3248 3314 3312 Patris,
3357 3246 3633 3300 Christum

2059 3361 2256 3417 merito
2276 3363 2437 3414 vocat
2469 3373 2482 3409 :
2515 3353 2668 3424 quia,
2700 3350 2896 3404 Omnia
2930 3362 3023 3415 per
3050 3345 3222 3413 ipsum
3245 3342 3384 3410 facta
3414 3345 3553 3396 sunt.
3587 3343 3636 3389 et

2058 3454 2171 3507 sine
2201 3452 2314 3520 ipso
2344 3449 2544 3518 factum
2570 3452 2647 3498 est
2672 3441 2804 3496 nihil
2817 3441 2886 3504 '7;
2931 3440 3003 3490 ita
3026 3444 3089 3489 ut
3126 3431 3290 3488 etiam
3341 3429 3480 3483 alius
3512 3442 3636 3496 pro—

2063 3518 2231 3612 pheta
2252 3541 2430 3594 dicat:
2465 3533 2659 3589 Manus
2686 3531 2823 3585 enim
2872 3524 3086 3580 Domini
3119 3523 3237 3593 fecit
3278 3520 3387 3573 hwc
3434 3518 3635 3571 omnia.

2062 3610 2230 3700 igitur
2254 3643 2365 3682 non
2393 3632 2522 3681 sunt
2551 3618 2820 3677 recordati
2845 3617 2966 3688 ejus
2995 3615 3087 3684 qui
3128 3614 3277 3683 ipsos
3306 3610 3638 3663 liberaverat

2064 3698 2133 3778 de
2162 3735 2330 3775 manu
2354 3713 2689 3778 tribulantis,
2733 3710 2864 3766 dicit
2922 3716 3106 3762 autem
3154 3704 3524 3765 Pharaonem,
3582 3698 3635 3751 in

2065 3815 2154 3872 die
2179 3807 2531 3880 egressionis.

2142 3986 2302 4042 Vens.
2344 3983 2432 4037 49.
2465 3999 2485 4032 ι
2531 3976 2901 4032 lmmissiones
2923 3988 3017 4042 per
3041 3968 3259 4040 angelos
3283 3964 3475 4020 malos.
3512 3980 3534 4014 ι

2139 4081 2259 4136 Non
2289 4085 2486 4133 natura
2510 4071 2661 4136 mali,
2693 4063 3147 4123 sedintentione:
3178 4074 3307 4113 nam
3334 4052 3644 4111 istiusmodi

2074 4173 2283 4247 angelis
2307 4171 2454 4224 Deus
2496 4175 2836 4233 nequaquam
2877 4171 3013 4211 usus
3053 4153 3245 4208 fuisset
3301 4149 3367 4203 ad
3400 4146 3647 4202 ministe-

2073 4238 2217 4323 riuvm
2242 4261 2373 4318 :sed
2399 4272 2595 4329 pravos
2615 4249 2927 4323 appellavit,
2962 4246 3090 4317 quia
3121 4244 3336 4298 labores
3364 4249 3421 4295 et
3477 4238 3648 4292 mole—

2081 4359 2218 4413 stias
2254 4352 2395 4426 jussi
2423 4348 2766 4412 inferebant;
2826 4341 2905 4395 uti
2958 4348 3014 4393 et
3038 4337 3240 4392 malum
3260 4330 3451 4404 iudicii
3483 4330 3648 4392 diem,

2081 4420 2285 4523 quippe
2343 4440 2725 4516 peccatoribus
2786 4435 3049 4489 refertum
3107 4426 3266 4483 malis
3294 4432 3350 4479 et
3398 4420 3647 4486 miseriis,

2081 4513 2234 4598 idem
2284 4513 2373 4591 hic
2400 4532 2687 4589 Psalmista
2735 4520 3210 4595 nuncupavitzait
3229 4517 3419 4573 enim:
3459 4513 3654 4568 Beatus

2084 4635 2173 4707 qui
2198 4629 2443 4699 intelligit
2468 4641 2627 4694 super
2655 4635 2870 4692 egenum
2908 4626 2955 4670 et
2987 4625 3289 4683 pauperem,
3326 4608 3383 4659 in
3405 4606 3490 4657 die
3510 4602 3653 4656 mala

2086 4696 2328 4782 liberabit
2363 4696 2484 4775 eum
2506 4716 2784 4770 Dominus.
2818 4707 2983 4763 Multa
3005 4704 3168 4760 etiam
3196 4701 3342 4779 circa
3371 4696 3659 4765 castigatos

2086 4813 2468 4875 benevolentia
2505 4824 2641 4864 usus
2673 4813 2758 4860 est
2787 4802 2949 4864 Deus,
2985 4814 3015 4852 a
3039 4792 3345 4850 minoribus
3372 4790 3657 4849 inchoatis,

2089 4922 2151 4968 ut
2195 4906 2472 4966 emendati
2532 4902 2739 4971 majora
2790 4894 3107 4950 evaderent.
3173 4886 3382 4942 idcirco
3425 4881 3661 4951 primum

2086 5007 2336 5078 jumenta
2365 4994 2744 5068 {Egyptiorum
2772 4989 2826 5043 in
2861 4993 3040 5041 morte
3079 4978 3381 5042 conclusit;
3413 4972 3508 5028 sed
3538 4985 3662 5025 cum

2090 5062 2441 5152 insensibiles
2520 5082 2833 5154 reperiret,
2916 5074 3191 5145 percussit
3265 5062 3660 5139 primogenita,

2091 5196 2435 5258 nequaquam
2477 5172 2969 5249 primogenitorum
3016 5166 3235 5235 plagam
3286 5158 3563 5218 illaturus,
3619 5150 3665 5205 si

2093 5248 2269 5338 morte
2290 5248 2551 5347 pecorum
2576 5268 2643 5324 ad
2675 5267 2886 5334 frugem
2913 5257 3130 5314 adducti
3159 5248 3536 5322 resipuissent.

2176 5553 2341 5607 Vsns.
2370 5548 2459 5602 55.
2488 5562 2508 5596 ι
2556 5541 2623 5595 Et
2647 5533 2870 5594 deduxit
2899 5545 2995 5587 eos
3019 5527 3077 5583 in
3108 5540 3225 5597 spe.
3261 5542 3278 5574 ι

2384 5638 2523 5710 spe?
2584 5629 2934 5689 Manifestum
2987 5620 3132 5692 quod
3185 5606 3564 5688 promissionis
3608 5603 3677 5659 ad
