3950 6414
265 426 408 492 1Ξ53

827 541 1122 595 ΨΑΛΜΟΣ
1165 540 1297 595 OII'.

340 632 570 687 Ἔθεντο
614 631 974 703 Ἰερουσαλὴμ
1001 634 1079 696 είς
1112 629 1585 702 ὀπωροφυλὰκιον.
1633 646 1650 678 ι

337 804 501 868 Τίνος
521 804 681 875 χάριν
711 807 792 867 είς
810 805 1262 876 όπωροφυλάκιον
1285 802 1536 873 ;⁹Επειδὴ
1560 803 1619 856 τὸ
1642 801 1862 873 πνεῦμα

259 897 360 951 τοῦ
388 897 554 968 νόμου
587 898 682 951 καὶ
733 898 844 951 τῶν
899 898 1199 970 προφητῶν
1225 894 1501 960 λαϐόντες,
1534 897 1700 967 μόνην
1732 914 1864 950 κατ-

264 987 457 1041 έλιπον
484 988 670 1051 αὐτοῖς
691 987 985 1057 φυλάττειν
1003 989 1104 1058 τὴν
1134 987 1361 1061 ὀπώραν
1383 987 1477 1039 τοῦ
1508 988 1857 1058 γράμματος.

262 1081 441 1133 Τοῦτο
481 1079 539 1134 δὲ
581 1075 652 1152 ἦν
696 1081 801 1134 οὐκ
836 1080 897 1145 ἐξ
950 1080 1277 1152 ἀνθρώπων,
1330 1078 1451 1134 ἀλλ’
1491 1082 1557 1133 ἐκ
1595 1079 1691 1132 τοῦ
1725 1077 1861 1132 Θεοῦ

264 1172 604 1243 βουλομένου
652 1172 808 1243 παρὰ
842 1175 954 1236 τοῖς
1003 1174 1221 1244 ἐχθροῖς
1266 1173 1367 1235 τὰς
1406 1170 1719 1236 ἀποδείξεις
1762 1171 1863 1240 τῆς

263 1266 507 1330 πίστεως
545 1267 644 1337 τῆς
702 1264 982 1336 ἡμετέρας
1048 1266 1344 1331 σώζεσθαι.
1415 1263 1640 1335 Ὀπώρα
1686 1264 1744 1317 δὲ
1800 1263 1863 1315 τὸ

262 1357 525 1428 γράμμα,
571 1357 648 1421 ὠς
685 1356 760 1428 μὴ
808 1358 1043 1427 γνησίαν
1091 1357 1319 1429 τροφὴν,
1351 1359 1488 1412 ἀλλὰ
1525 1356 1861 1427 πρόσκαιρον

261 1447 414 1517 ἕχον,
432 1450 659 1512 εἰκότως
689 1448 1151 1518 προσηγόρευται.

346 1558 365 1591 ι
423 1540 677 1610 Ἑξέχεαν
709 1540 772 1592 τὸ
804 1534 950 1610 αἷμα
974 1540 1175 1593 αὐτῶν.
1216 1557 1235 1589 ι

339 1625 495 1701 Αἷμα
533 1631 715 1686 αὐτῶν
759 1632 829 1685 τὰ
869 1631 1079 1702 ψυχικα
1127 1631 1603 1703 πλημμελήματα,
1657 1627 1734 1684 ὧν
1782 1630 1863 1693 εἰς

261 1717 412 1792 ατμα
440 1724 473 1792 ή
500 1723 782 1793 ἐκδίκησις
810 1721 1021 1790 γίνεται
1049 1738 1063 1752 ·
1093 1720 1267 1775 ταῦτα
1296 1722 1373 1785 ὼς
1416 1720 1563 1793 ὕδωρ
1601 1718 1856 1791 ἐξεχύθη,

261 1811 411 1865 ὥστε
471 1813 671 1883 μηκέτι
732 1812 1129 1883 ἀναληφθῆναι,
1185 1810 1374 1882 ὥσπερ
1426 1810 1550 1863 οὐδὲ
1601 1810 1660 1862 τὸ
1710 1808 1858 1880 ὕδωρ

1448 424 1907 483 FRAGMENTA
1952 425 2030 482 IN
2075 425 2431 485 I’SALMOS.

3404 426 3541 496 1254

2436 534 2758 591 PSALMUS
2799 535 3079 592 LXXVIII.

2040 623 2201 679 Vens.
2235 624 2286 678 l.
2321 644 2337 675 ι
2378 626 2684 680 Posuerunt
2709 625 3007 681 Jerusalem
3040 628 3093 681 in
3143 642 3426 697 pomorum
3449 646 3541 683 eu-

1964 716 2220 770 stodiam.
2251 736 2270 767 ι

2036 808 2215 872 Quare
2247 808 2302 861 in
2326 823 2612 878 pomorum
2637 808 2983 863 custodiam?
3028 808 3162 875 Quia
3197 825 3321 865 cum
3380 815 3541 881 spiri—

1964 906 2078 952 tum
2102 899 2238 969 legis
2281 915 2345 953 ac
2373 900 2763 969 prophetarum
2821 900 3193 965 sustulissent,
3226 904 3399 956 solum
3449 904 3540 956 lit-

1963 996 2095 1045 tera:
2125 1006 2347 1060 pomum
2374 992 2508 1061 ipsis
2538 994 2959 1048 custodiendum
3016 993 3371 1063 reliquerunt.
3428 994 3543 1050 Hoc

1961 1091 2144 1136 autem
2177 1097 2288 1135 non
2319 1091 2435 1136 erat
2456 1098 2521 1137 ex
2546 1083 2881 1149 hominibus,
2918 1083 3013 1138 sed
3038 1098 3104 1137 ex
3157 1083 3267 1139 Deo
3320 1085 3541 1140 volente

1960 1172 2030 1227 ab
2064 1172 2302 1227 inimicis
2333 1184 2650 1244 argumenta
2668 1174 2792 1229 fidei
2818 1184 3018 1229 nostra:
3053 1175 3276 1231 servari.
3311 1174 3537 1230 Pomum

1961 1273 2146 1319 autem
2182 1266 2361 1320 littera
2410 1268 2610 1321 merito
2635 1268 2961 1336 appellatur,
2992 1282 3059 1323 eo
3111 1269 3257 1338 quod
3312 1269 3539 1323 minime

1961 1355 2217 1423 solidum,
2240 1357 2338 1412 sed
2366 1370 2779 1427 temporaueum
2827 1360 3094 1413 duntaxat
3145 1361 3328 1415 cibum
3358 1359 3535 1415 conti-

1961 1455 2136 1501 neret.
3038 1434 3043 1437 -

2033 1536 2197 1592 Vens.
2230 1539 2284 1593 5.
2328 1557 2347 1589 ι
2384 1535 2714 1592 Eﬂ‘uderunt
2780 1540 3102 1609 sanguinem
3124 1554 3333 1594 eorum.
3371 1561 3390 1593 ι

2035 1627 2269 1699 Sanguis
2315 1644 2507 1683 eorum
2554 1638 2684 1683 sunt
2721 1629 2919 1683 animm
2942 1629 3160 1694 delicta,
3206 1647 3435 1699 quorum
3482 1633 3537 1685 in

1961 1721 2228 1791 sanguine
2251 1720 2313 1773 ﬁt
2337 1719 2514 1779 ultio:
2568 1720 2686 1773 ha'c
2721 1728 2975 1789 tanquam
3006 1735 3159 1789 aqua~
3187 1722 3357 1776 elIusa
3388 1732 3536 1786 sunt,

1963 1821 2021 1866 ut
2049 1813 2252 1865 resumi
2276 1811 2512 1879 amplius
2544 1825 2652 1864 non
2691 1811 2924 1880 possint,
2950 1811 3093 1866 sicut
3118 1828 3217 1867 nec
3249 1828 3387 1882 aqua
3414 1823 3537 1884 post

268 1903 415 1973 μετὰ
448 1903 546 1973 τήν
592 1901 815 1972 ἔκχυσιν
863 1902 1113 1957 δύναται.
1158 1905 1376 1966 Kr}me
1415 1900 1811 1971 Ἰερουσαλήμ
1838 1915 1853 1931 ⁸

1968 1902 2307 1957 eﬂusionem.
2341 1900 2407 1955 In
2451 1902 2675 1954 circuitu
2704 1899 3050 1965 Jerusalem;
3115 1901 3168 1956 id
3216 1912 3320 1969 est,
3373 1916 3537 1972 super

261 1991 571 2056 τουτέστιν,
622 1992 709 2043 ἐπ’
751 1989 948 2062 αὐτὴν,
1003 1992 1243 2054 καὶτοὺς
1279 1990 1343 2055 ἐξ
1388 1990 1580 2062 αὐτῆς.
1625 1991 1698 2044 Τὸ
1744 1993 1853 2062 γὰρ

267 2074 418 2150 αἷμα
469 2078 650 2133 αὐτῶν
681 2078 769 2131 ἐπ’
794 2080 1019 2143 αὐτοὺς,
1066 2080 1162 2133 καὶ
1202 2080 1295 2133 ἐπὶ
1334 2080 1404 2133 τὰ
1442 2081 1609 2133 τέκνα
1649 2081 1851 2146 αὐτῶν,

267 2172 347 2233 ὡς
378 2171 534 2225 αὐτοὶ
564 2171 657 2224 τὸν
697 2172 932 2242 Χριστὸν
973 2170 1440 2240 συκοφαντοῦντες
1483 2171 1698 2240 ἔλεγον.
1742 2170 1855 2224 Καὶ

268 2264 386 2316 οὐκ
418 2259 497 2333 ἦν
519 2265 553 2316 ὁ
603 2263 867 2317 θάπτων.
897 2263 998 2317 Διά
1026 2264 1111 2330 τί;
1170 2262 1388 2334 Ἐπειδὴ
1432 2265 1586 2317 αὐτοὶ
1629 2262 1749 2334 μὲν,
1780 2262 1855 2327 ὡς

272 2356 484 2424 νεκροὶ,
521 2354 751 2408 θάπτειν
781 2354 1046 2425 ἀλλήλους
1065 2355 1163 2408 οὐκ
1183 2356 1367 2425 ἴσχυον
1389 2371 1402 2384 ·
1428 2356 1462 2425 ή
1479 2354 1778 2425 Ἐκκλησία
1800 2353 1857 2406 δέ

271 2445 500 2499 θάπτειν
528 2446 727 2508 αὐτοὺς
742 2446 843 2499 οὐκ
864 2447 1172 2508 ἐπίσταται,
1211 2444 1512 2510 τουτέστιν,
1535 2446 1596 2497 οὐ
1628 2445 1856 2499 συσκιά-

277 2538 384 2602 ζειν
404 2537 586 2590 αὐτῶν
601 2538 668 2590 τὰ
687 2538 1082 2608 ἁμαρτήματα.
1111 2538 1176 2590 Τί
1209 2537 1265 2590 δέ
1300 2537 1360 2590 τὸ
1389 2537 1630 2603 κωλύον;
1666 2539 1729 2593 'H
1758 2537 1852 2592 τοῦ

272 2627 514 2699 Χριστοῦ
546 2628 821 2697 ἀπόφασις
856 2630 890 2699 ή
912 2629 1148 2696 λέγουσα
1166 2644 1181 2661 ·
1225 2630 1411 2698 ’Ἄφες
1434 2629 1577 2694 τοὺς
1603 2630 1858 2699 νεκροὺς

272 2718 525 2773 θάπτειν
562 2719 707 2785 τοὺς
744 2718 979 2773 ἑαυτῶν
1024 2720 1299 2787 νεκρούς.
1338 2720 1439 2773 Διὰ
1491 2721 1579 2786 τί;
1641 2720 1857 2791 Ἐπειδὴ

272 2810 640 2881 ἁμαρτωλοὺς
716 2810 1032 2875 συσκιάζειν
1084 2810 1455 2881 πειρώμενοι,
1516 2811 1859 2882 γυμνοτέρας

272 2904 485 2967 intestini
514 2903 610 2967 τὰς
636 2902 888 2974 πράξεις,
926 2904 1020 2957 καὶ
1045 2904 1211 2956 πᾶσιν
1242 2903 1646 2967 ἐπονειδίστους
1678 2905 1854 2975 ἐργά-

274 3010 488 3057 ςονται.

362 3105 381 3138 ι
413 3085 505 3156 Μὴ
545 3084 790 3157 μνησθῇς
812 3084 972 3157 ήμῶν
1003 3085 1245 3199 ἀνομιιῖἐν
1276 3083 1539 3157 ἀρχαίων.
1583 3102 1604 3136 ι

1955 1995 2157 2064 ipsam,
2194 2001 2251 2047 et
2278 2007 2375 2047 eos
2400 1992 2492 2062 qui
2519 2007 2585 2046 ex
2620 2007 2683 2046 ea
2704 2001 2851 2047 sunt.
2879 1991 3111 2062 Sanguis
3135 1994 3280 2048 enim
3321 1994 3536 2047 illorum

1954 2099 2121 2153 super
2158 2083 2328 2152 ipsos,
2361 2091 2417 2136 et
2445 2097 2613 2151 super
2635 2081 2778 2136 ﬁlios
2833 2082 3075 2151 ipsorum
3095 2083 3181 2148 ⁹³;
3234 2083 3376 2137 sicut
3434 2084 3534 2152 ipsi

1953 2175 2177 2230 Christo
2234 2173 2624 2228 maledicentes
2652 2172 2914 2227 dicebant
2947 2190 2959 2224 :
3000 2170 3069 2225 Et
3101 2188 3203 2226 non
3258 2181 3380 2226 erat
3443 2173 3535 2243 qui

1953 2265 2217 2333 sepeliret.
2250 2263 2353 2330 Qui
2394 2263 2511 2319 sic?
2537 2263 2665 2333 quia
2694 2261 2951 2317 nimirum
2996 2262 3121 2333 ipsi,
3164 2270 3353 2333 utpote
3386 2277 3534 2317 mor-

1959 2358 2059 2422 tui,
2095 2372 2151 2411 se
2166 2365 2357 2411 mutuo
2385 2355 2619 2426 sepelire
2658 2354 2884 2409 minime
2946 2355 3233 2409 valebant:
3289 2353 3532 2409 Ecclesia

1955 2458 2140 2504 autem
2168 2450 2348 2505 nescit
2374 2450 2523 2518 ipsos
2544 2446 2797 2516 sepelire,
2842 2447 2895 2502 id
2935 2457 3036 2512 est,
3073 2462 3264 2502 eorum
3308 2455 3531 2516 peccata

1956 2551 2266 2613 contegere.
2294 2542 2436 2608 Quid
2463 2556 2625 2610 porro
2668 2542 2963 2610 prohibet?
3009 2541 3209 2596 Christi
3270 2541 3530 2595 nimirum

1959 2636 2233 2691 sententia
2255 2636 2523 2690 dicentis:
2556 2635 2781 2690 Dimitte
2808 2643 3039 2688 mortuos
3066 2634 3283 2704 sepelire
3302 2645 3532 2687 mortuos

1958 2730 2160 2783 suos“.
2214 2727 2360 2794 Quid
2380 2727 2497 2783 ita?
2548 2728 2688 2794 Quia
2732 2727 2828 2796 qui
2882 2735 3199 2797 peccatores
3247 2734 3532 2796 protegere

1959 2828 2249 2887 conantur,
2309 2822 2554 2890 ipsorum
2608 2820 2856 2875 actiones
2903 2818 3075 2891 magis
3128 2818 3427 2881 denudant,
3477 2826 3533 2870 ct

1957 2913 2212 2970 omnibus
2249 2913 2650 2969 abominabiles
2685 2912 2944 2968 reddunt.

2033 3119 2201 3175 Vens.
2233 3119 2285 3174 8.
2328 3137 2348 3171 ι
2383 3116 2463 3173 Ne
2488 3117 2805 3175 memineris
2835 3116 3184 3189 iniquitatum
3221 3125 3532 3172 nostrarum

1995 3213 2326 3284 utiquartun.
2360 3230 2382 3264 ι

345 3287 521 3341 Πόθεν
569 3286 679 3357 γὰρ
728 3284 964 3355 ἀρκέσαι
1009 3284 1143 3356 πρὸς
1190 3284 1393 3356 ἀρχαῖα
1431 3283 1579 3338 κακὰ
1620 3283 1715 3339 καὶ
1758 3283 1852 3337 νέα

1968 3229 2326 3284 antiquarum.
2360 3230 2382 3264 ι

2030 3306 2186 3362 Unde
2216 3305 2362 3360 enim
2421 3304 2489 3359 ad
2537 3303 2759 3373 antiqua
2810 3310 2867 3357 et
2916 3316 3057 3355 nova
3110 3301 3250 3355 mala
3287 3299 3537 3355 suﬂicerc

270 3377 726 3450 δυνηθησόμεθα;
777 3377 939 3440 Ἰσως
971 3376 1026 3428 δὲ
1075 3377 1105 3428 ό
1150 3377 1437 3448 προφήτης
1493 3375 1727 3445 ἀνομίας
1759 3376 1860 3446 ἁρ-

280 3470 440 3541 (αίας
474 3469 571 3532 τὰς
601 3471 660 3521 ἐν
687 3471 756 3541 τῇ
803 3469 997 3539 ἐρήμῳ
1045 3467 1235 3534 λέγει,
1289 3466 1479 3537 ἐπειδὴ
1524 3466 1729 3530 πολλὰς
1773 3466 1860 3518 ἐπ’

272 3563 472 3625 αὐταῖς
513 3563 540 3614 ὁ
569 3560 701 3623 Θεὸς
733 3561 966 3623 ἀπειλὰς
1007 3560 1101 3612 καὶ
1126 3559 1414 3628 διαφόρους
1454 3558 1605 3611 ἐθετο
1629 3574 1643 3588 ·
1670 3557 1860 3627 διόπερ

271 3653 459 3707 αὐτῶν
496 3652 810 3705 εὐλαϐεῖται
837 3652 936 3720 τὴν
986 3650 1314 3720 ἀνάμνησιν.
1348 3648 1517 3700 Οὐδὲν
1546 3646 1687 3700 οὕτω
1715 3664 1863 3699 πτω-

276 3746 374 3816 χὸν
406 3742 812 3815 τὸνᾶνθρωπον
837 3742 914 3803 ὡς
939 3741 997 3792 αἱ
1030 3740 1296 3810 ἁμαρτίαι
1335 3737 1576 3790 δείκνυσι
1600 3755 1614 3769 ·
1647 3737 1860 3807 πτωχό-

273 3850 440 3906 τερος
486 3832 543 3886 δέ
576 3832 971 3904 προστεθείσης
1020 3830 1274 3893 ἀσεϐείας
1310 3830 1379 3900 τῇ
1429 3826 1676 3900 ἁμαρτίᾳ
1713 3828 1862 3896 γίνε-

274 3944 395 3982 ται.
422 3925 621 3995 Διόπερ
642 3924 823 3987 αὐτοῖς
846 3922 1077 3992 ταχῦναι
1103 3924 1230 3985 τοὺς
1256 3921 1575 3991 οἰκτιρμοὺς
1607 3919 1701 3972 τοῦ
1725 3919 1860 3972 Θεοῦ

273 4018 762 4092 ἐπρεσϐεύσαντο,
826 4018 1024 4086 μήπως
1078 4017 1144 4086 τῇ
1214 4013 1552 4086 σφοδροτέρᾳ
1612 4013 1862 4085 πτωχεία

273 4110 726 4180 ἀποῃωσθέντες
770 4108 1111 4162 ἀπόλωνται·
1168 4106 1340 4170 οὕτως
1376 4102 1470 4160 οὖν
1500 4105 1722 4176 χάρισαι
1763 4105 1860 4178 τὴν

275 4204 381 4276 σὴν
411 4203 690 4274 βοήθειαν.
849 4182 867 4197 θ

360 4317 378 4348 ι
416 4295 691 4367 Βοήθησον
717 4295 872 4364 ἡμῖν,
903 4295 932 4346 ό
959 4291 1091 4355 Θεὸς
1125 4292 1153 4343 ό
1179 4291 1391 4361 Σωτήρ.
1431 4308 1450 4339 ι

282 4420 289 4425 -
352 4388 541 4443 Ταῦτα
565 4387 699 4458 πρὸς
715 4386 805 4439 τὸν
833 4384 1067 4457 Χριστὸν
1088 4400 1194 4454 πρε
1206 4381 1476 4435 σϐεύεται·
1495 4377 1656 4442 αὐτὸς
1670 4378 1778 4450 γὰρ
1794 4379 1856 4431 οὑ

276 4483 445 4555 μόνον
473 4481 626 4546 Θεὸς,
649 4478 784 4532 ἀλλὰ
805 4481 902 4531 καὶ
943 4476 1133 4548 Σωτὴρ
1155 4474 1414 4545 ἄντικρυς
1432 4473 1819 4543 ἐπωνόμασται
1840 4487 1855 4502 ·

1959 3398 2295 3470 poterimus?
2319 3396 2591 3452 Fortassis
2624 3411 2755 3450 vero
2790 3395 3053 3464 propheta
3089 3402 3304 3448 veteres
3334 3392 3537 3462 iniqui-

1961 3496 2102 3543 tates
2131 3496 2290 3543 vocat
2311 3486 2430 3541 illas
2460 3501 2582 3556 quae
2611 3486 2665 3539 in
2694 3485 2912 3539 deserto
2964 3483 3332 3554 contigerunt,
3396 3497 3536 3552 quo-

1960 3580 2109 3634 niam
2162 3580 2429 3650 plurimas
2480 3579 2617 3648 ipsis
2676 3578 2819 3632 Deus
2866 3592 3067 3647 easque
3126 3576 3304 3631 varias
3356 3576 3538 3631 minas

1960 3672 2280 3735 intentavit;
2313 3686 2481 3741 quare
2499 3671 2609 3739 jam
2641 3686 2826 3724 earum
2858 3669 2945 3738 pie
2971 3668 3161 3723 recolit
3193 3667 3531 3722 memoriam.

1960 3760 2108 3815 Nihil
2171 3761 2452 3815 hominem
2501 3760 2641 3815 adeo
2711 3773 3010 3829 pauperem
3074 3757 3314 3813 declarat
3370 3767 3535 3826 atque

1962 3860 2223 3923 peccata:
2280 3867 2440 3921 porro
2495 3850 2786 3921 pauperior
2830 3850 2907 3915 iit,
2966 3864 3090 3903 cum
3128 3848 3196 3903 ad
3250 3859 3531 3917 peccatum

1962 3945 2213 4014 impietas
2236 3944 2571 4014 adiungitur.
2588 3944 2932 4013 Quapropter
2966 3950 3248 4011 rogarunt,
3286 3947 3347 3992 ut
3366 3938 3533 3993 mise-

1962 4034 2208 4089 rationes
2262 4034 2355 4088 Dei
2400 4034 2534 4104 ipsis
2586 4033 3043 4097 accelerarentur,
3097 4045 3168 4085 ne
3198 4044 3313 4099 prae
3363 4028 3531 4083 nimia

1962 4133 2201 4196 egestate
2254 4125 2609 4194 desperantes
2664 4134 2940 4194 pereant:
2993 4122 3073 4178 sic
3129 4121 3292 4194 igitur
3348 4121 3530 4192 praebe

1960 4216 2220 4269 auxilium
2254 4224 2430 4270 tuum.

2033 4307 2196 4362 Vens.
2225 4308 2280 4362 9.
2319 4326 2339 4359 ι
2368 4307 2578 4377 Adjuva
2600 4322 2725 4376 nos,
2758 4307 2900 4362 Deus
2930 4306 3202 4361 salutaris.
3229 4324 3247 4356 ι

2032 4398 2161 4454 Ilaec
2188 4400 2257 4455 ad
2312 4400 2589 4455 Christum
2623 4408 2782 4454 orat:
2819 4399 2936 4468 ipse
2984 4398 3132 4453 enim
3185 4413 3297 4452 non
3355 4397 3530 4451 solum

1960 4488 2128 4553 Deus,
2155 4505 2346 4545 verum
2370 4489 2533 4544 etiam
2569 4490 2817 4545 Salvator
2842 4506 2939 4560 per
2959 4489 3333 4544 excellentiam
3355 4488 3531 4543 nomi-

276 4580 448 4643 αὐτὸς
484 4582 580 4631 καὶ
619 4575 746 4640 δόξα
775 4573 871 4627 τοῦ
913 4562 1176 4643 όνόματος
1227 4569 1322 4624 τοῦ
1344 4569 1500 4630 Θεοῦ,
1530 4566 1732 4637 δηλαδὴ
1763 4565 1857 4619 τοῦ

1968 4586 2161 4632 natur:
2212 4580 2328 4648 ipse
2378 4580 2545 4634 etiam
2611 4580 2779 4650 gloria
2831 4580 3069 4634 nominis
3136 4578 3255 4642 Dei,
3323 4579 3530 4632 scilicet

277 4674 515 4744 Πατρός·
548 4670 669 4724 ὃθεν
698 4668 860 4723 αὐτὸν
882 4668 977 4720 καὶ
993 4669 1021 4717 ὁ
1051 4664 1259 4727 Παῦλος
1284 4662 1626 4730 ἀπαύγασμα
1653 4660 1752 4729 τῆς
1771 4657 1860 4710 δό-

277 4768 378 4837 ξης
405 4766 504 4818 τοῦ
533 4763 743 4835 [ἰατρὸς
773 4759 1206 4831 προσηγόρευσε.
1239 4754 1349 4807 Καὶ
1369 4752 1515 4815 τινος
1547 4750 1739 4820 χάριν;
1763 4747 1861 4805 Διά

272 4864 340 4915 τὸ
363 4861 536 4928 ὄνομα
555 4898 571 4923 ,
606 4856 775 4927 φησὶ,
808 4852 905 4907 τοῦ
935 4850 1104 4913 Θεοῦ,
1153 4846 1355 4919 δηλαδὴ
1385 4842 1621 4916 Χριστοῦ
1641 4882 1655 4906 ,
1687 4841 1746 4903 ὃς
1774 4839 1861 4892 διὶ

276 4955 444 5008 τοῦτο
495 4950 809 5021 ἱλαστήριον
862 4945 1158 5014 κέκληται·
1206 4935 1359 5001 οὗτος
1410 4939 1534 4996 ταῖς
1573 4934 1683 4986 τῶν
1727 4932 1860 4985 ἰου-

279 5047 448 5101 δαίων
479 5041 780 5115 ἁμαρτίαις
809 5036 1036 5107 ἱλασμὸν
1062 5031 1377 5104 impleam,
1407 5028 1570 5100 ἡνίκα
1594 5021 1853 5093 σταυρού-

283 5156 446 5213 μενος
478 5135 616 5206 πρὸς
642 5133 733 5186 τὸν
760 5129 977 5199 Πατέρα
1005 5125 1155 5193 ἔλεγε
1174 5140 1190 5155 ο
1208 5121 1423 5213 Πάτερ,
1452 5117 1601 5188 ἄφες
1625 5116 1852 5213 αότοῖςν

278 5207 495 5297 οὐγὰρ
520 5228 696 5281 lauat
727 5223 785 5276 τί
811 5219 1077 5274 ποιοῦσι.
1112 5214 1270 5277 Τίνος
1295 5212 1455 5283 χάριν
1489 5207 1738 5279 γνωστὴν
1765 5224 1858 5275 γε-

278 5324 474 5379 νέσθαι
504 5320 606 5390 τὴν
632 5315 914 5385 ἐκδίκησιν
947 5313 1061 5375 τοῖς
1099 5309 1274 5363 ἐθνεσι
1311 5304 1596 5376 βούλεται;
1634 5303 1856 5371 Ἐπειδὴ

279 5417 428 5472 κατὰ
469 5414 743 5481 δαιμόνων
786 5405 1000 5477 ἔμελλε,
1050 5401 1159 5455 τῶν
1203 5403 1264 5454 τὸ
1312 5395 1452 5469 αἷμα
1495 5394 1718 5467 (δηλαδὴ
1759 5393 1858 5457 τὰς

278 5508 484 5581 ψυχὰς)
507 5506 615 5559 τῶν
638 5502 844 5558 δούλων
873 5499 970 5552 τοῦ
997 5496 1135 5550 Θεοῦ
1163 5495 1321 5566 (φησὶ
1340 5491 1398 5545 δὲ
1423 5490 1533 5543 τῶν
1572 5486 1858 5581 Ἰουδαίων)

282 5578 502 5668 διαίτῆς
540 5585 1408 5663 είδωλολατρείας,λυμηναμένων
1452 5580 1728 5650 γενέσθαι.
1765 5578 1861 5641 Τις

283 5693 341 5747 δὲ
371 5687 441 5762 ἦν
462 5688 741 5752 ἐκδίκησις
765 5702 780 5751 ;
814 5680 877 5737 Ἥ
907 5681 1016 5735 τῶν
1045 5679 1277 5733 εἰδώλων
1295 5672 1672 5745 καταστροφὴ,
1701 5673 1730 5724 ό
1753 5669 1863 5723 τῶν

285 5777 610 5837 διαδολικῶν
636 5776 780 5830 ναῶν
808 5770 1162 5844 ἐμπρησμὸς.

1965 4669 2174 4724 Patris:
2240 4669 2383 4723 unde
2444 4670 2609 4723 etiam
2666 4670 2867 4724 Paulus
2946 4671 3123 4739 ipsum
3183 4668 3528 4739 splendorem

1959 4760 2143 4830 gloria:
2177 4759 2348 4812 Patris
2380 4759 2793 4829 nuncupavit".
2836 4761 2903 4813 ιῖι
2958 4759 3117 4829 cuius
3150 4759 3361 4830 gratia?
3394 4759 3531 4814 Pro-

1957 4859 2081 4920 pter
2106 4864 2329 4916 nomen,
2361 4849 2558 4924 inquit,
2585 4851 2699 4916 Dei,
2721 4850 2931 4905 scilicet
2961 4849 3184 4914 Christi,
3209 4851 3300 4918 qui
3325 4849 3529 4904 idcirco

1958 4941 2277 5010 propitiatio
2302 4951 2560 4994 vocatur:
2603 4940 2692 4994 hic
2718 4938 2957 5009 peccatis
2985 4937 3297 4993 Iudaeorum
3346 4940 3531 5009 propi-

1962 5032 2245 5087 tiationem
2300 5033 2564 5103 elargitus
2617 5039 2718 5096 est,
2766 5031 2986 5100 quando
3038 5030 3190 5086 cruci
3245 5031 3435 5086 afﬁxus
3465 5035 3531 5085 ad

1960 5119 2176 5176 Patrem
2214 5121 2379 5176 dixit:
2416 5123 2596 5186 Pater,
2628 5121 2833 5174 dimitte
2858 5120 3004 5183 illis;
3057 5137 3157 5173 non
3181 5123 3317 5174 enim
3358 5124 3528 5175 sciunt

1963 5217 2090 5287 quid
2118 5215 2399 5286 faciunt".
2458 5214 2629 5279 Quam
2665 5214 2734 5267 ob
2773 5227 2994 5266 causam
3044 5212 3157 5266 vult
3195 5220 3379 5266 notam
3410 5212 3528 5267 fieri

1965 5307 2219 5378 gentibus
2263 5306 2565 5361 ultionem?
2603 5303 2740 5370 Quia
2783 5314 2971 5358 contra
3020 5304 3294 5359 daemones
3348 5303 3529 5360 futura

1965 5407 2102 5463 erat,
2139 5397 2231 5466 qui
2259 5398 2580 5467 sanguinem
2613 5395 2843 5464 (scilicet
2866 5395 3099 5459 animas)
3127 5409 3412 5449 servorum
3437 5395 3530 5450 Dei

1962 5487 2117 5561 (dicit
2147 5496 2329 5541 autem
2355 5484 2692 5544 Judaeoruml
2723 5499 2821 5555 per
2864 5482 3225 5537 idololatrian)
3265 5496 3529 5551 corrupe-

1960 5588 2103 5634 rant.
2136 5579 2398 5645 Quaenam
2425 5587 2608 5631 autem
2643 5585 2762 5631 erat
2798 5577 2900 5630 ista
2936 5575 3312 5645 ultio?Utique
3359 5573 3531 5629 idolo-

1960 5684 2081 5723 rum
2116 5667 2351 5731 eversio,
2408 5666 2803 5721 diabolicorum
2838 5663 3167 5733 templorum
3222 5660 3529 5716 succensio.

361 5869 411 5903 ”
439 5867 605 5923 Matth
662 5841 946 5927 xxvn,95.
984 5841 992 5843 ν
1020 5860 1065 5892 ⁸⁵
1095 5857 1288 5913 Matth.
1322 5870 1444 5922 vm,
1474 5852 1566 5908 22.
1620 5850 1689 5913 3'
1714 5846 1881 5905 Hebr.
1918 5860 1958 5914 ι,
1987 5844 2041 5901 3.
2117 5845 2163 5876 ⁸⁸
2193 5841 2325 5897 Luc.
2355 5858 2510 5910 xxiii,
2544 5841 2633 5897 54.
