1975 3207
207 204 275 236 1ἓῑ>5

239 303 299 330 Νοη
314 303 368 337 jam
383 301 488 328 vicinos
504 300 628 327 homines
640 299 800 334 appellavit:
818 307 906 335 neque
921 300 994 326 enim

206 349 272 384 ipsis
297 347 452 383 septuplum
478 346 591 373 retribui
622 344 798 380 postulaSSct,
827 353 889 372 cum
913 345 996 372 sciret

206 395 265 421 haec
279 394 399 429 judicem
419 400 474 419 non
504 391 698 419 admissurum.
720 390 768 418 Vel
801 392 937 426 quomodo
962 391 994 417 ad

206 439 295 473 ipsum
308 438 464 473 psallisset:
480 436 548 468 Quia
565 441 591 462 tu
604 436 695 462 reddes
706 436 845 471 unicuique
854 436 996 463 secundum

205 492 285 517 opera
297 483 374 509 sua"
387 481 398 508 ?
412 481 513 515 Utique
529 487 593 515 ergo
612 480 646 506 de
664 480 834 507 dwntonibus
863 479 943 506 dicit:
963 478 995 505 lli

206 529 278 555 enim
290 527 446 561 septuplum
462 525 560 552 merito
578 524 725 559 recipiunt,
737 529 831 559 utpote
842 531 904 551 cum
917 524 996 551 nobis

205 578 302 600 natura
315 572 518 607 praestantiores
533 571 708 602 exsistcntes.
730 578 745 597 e
762 570 832 598 emlo
859 569 995 597 deturbati

204 618 271 650 sint,
285 623 311 644 et
326 625 360 644 ne
375 617 415 645 sic
436 617 546 651 quidem
573 616 703 643 meliores
727 615 836 643 euecti:
862 616 996 650 siquidem

207 669 306 690 terram
322 662 574 690 machinationibus
586 662 644 689 suis
657 662 831 696 perturbant,
852 666 879 688 et
893 669 929 688 ne
946 661 997 688 soli

205 713 331 744 peccent,
343 716 394 735 nos
406 716 516 743 quoque
527 708 560 735 ad
570 708 739 742 peccandum
757 707 902 739 inducunt,
916 711 997 742 atque

206 753 321 787 insuper
335 752 431 785 Deum,
449 753 514 780 dum
530 753 619 787 imago
643 752 703 786 ejus
720 752 835 785 corruit,
864 752 997 787 quodam—

206 798 289 825 modo
304 798 451 825 lacessunt.
467 798 628 825 Universam
639 798 706 825 dicit
721 798 930 824 humanitatem.
942 797 997 825 Nos

206 844 280 870 enim
293 851 411 878 superne
427 844 541 879 dejectis
551 844 719 871 daemonibus
734 852 887 879 opponens,
910 852 997 879 popu-

207 890 264 917 lum
281 889 327 916 Dei
340 894 367 917 et
385 898 464 917 ovem
488 898 595 925 pascua:
615 890 675 924 ejus
699 891 839 917 hominem
867 891 994 925 appellat.

799 203 978 233 HESYCHII
1001 204 1240 234 'PRESBYTERI

240 259 324 286 Vens.
344 257 386 284 12.
413 265 422 281 ι
442 255 536 283 Redde
559 254 657 281 vicinis
677 254 779 281 nostris
800 255 966 290 septuplum.
984 264 992 280 ι
1011 261 1033 287 Α

1085 265 1094 282 ι
1118 255 1229 287 ’Δπόδος
1245 256 1301 287 τοῖς
1318 255 1436 289 γείτοσιν
1454 255 1532 290 ἡμῶν
1548 256 1766 285 ἑπταπλασίονα.
1789 268 1798 284 ι

1081 301 1147 327 Οὐδὲ
1163 301 1210 327 νῦν
1227 301 1352 335 γείτονας
1368 302 1531 337 ἀνθρώπους
1547 304 1790 339 προσηγόρευσεν·
1805 307 1835 332 οὐ

1045 347 1101 382 γὰρ
1116 347 1149 374 ἂν
1162 348 1255 379 αὐτοῖς
1279 348 1483 375 ἑπταπλασίονα
1503 349 1670 384 γεγενῆσθαι
1686 350 1836 385 ἐπηύξατο,

1045 393 1123 425 εἰδὼς
1144 394 1247 420 τούτων
1267 394 1313 420 τὸν
1334 395 1431 430 κριτὴν
1452 396 1502 422 οὐκ
1525 396 1700 431 ἀνεχόμενον.
1725 398 1762 423 Ἢ
1779 397 1838 429 πῶς

1046 437 1112 473 πρὸς
1128 438 1209 465 αὐτὸν
1225 438 1355 473 ἔψαλλεν·
1381 440 1446 466 Ὅτι
1465 440 1506 467 σὺ
1529 441 1698 475 ἀποδώσεις
1717 442 1839 476 ἑκάστῳ

1046 483 1121 510 κατὰ
1138 485 1174 511 τὰ
1193 484 1265 518 ἔργα
1283 485 1377 512 αὑτοῦ
1390 493 1399 517 ;
1415 486 1488 521 Ἀρα
1501 487 1590 513 τοίνυν
1612 488 1677 522 περὶ
1699 489 1839 524 δαιμόνων

1045 528 1135 562 λέγει·
1151 526 1224 556 οὗτοι
1241 531 1295 566 γὰρ
1309 531 1513 558 ἑπταπλασίονα
1540 532 1654 564 δικαίως
1671 534 1839 569 ἀπολαμϐά-

1046 583 1147 607 νουσιν,
1167 574 1205 607 ὡς
1216 576 1370 611 κρείττονος
1388 577 1436 612 μὲν
1454 577 1471 613 ἢ
1498 579 1559 605 καθ’
1573 580 1647 614 ἡμᾶς
1661 580 1840 615 ὑπάρχοντας

1047 619 1164 653 φύσεως,
1188 620 1311 656 ῥιφέντες
1332 622 1360 648 δὲ
1380 623 1409 655 ἐξ
1433 623 1560 659 οὐρανοῦ,
1585 625 1634 652 καὶ
1660 625 1729 660 μηδὲ
1751 626 1842 657 οὕτως

1046 666 1190 699 γεγονότες
1208 668 1437 703 σωφρονέστεροι·
1461 669 1530 697 ἀλλὰ
1552 670 1603 706 τὴν
1629 671 1680 706 γῆν
1702 672 1754 706 μὲν
1777 674 1843 704 ταῖς

1047 713 1179 745 ἐπινοίαις
1193 714 1392 749 ταράσσοντες,
1413 715 1450 750 μὴ
1474 717 1550 751 μόνοι
1572 717 1600 744 δὲ
1619 717 1841 753 ἁμαρτάνοντες,

1047 758 1116 784 ἀλλὰ
1138 759 1185 784 καὶ
1209 760 1282 794 ἡμᾶς
1311 760 1479 795 ἁμαρτάνειν
1511 762 1666 797 ἐνάγοντες,
1693 764 1742 791 καὶ
1768 765 1844 800 πρὸς

1046 803 1152 835 τούτοις
1169 803 1213 830 τὸν
1230 805 1313 838 Θεὸν,
1331 806 1369 837 ὼς
1389 806 1440 842 τῆς
1457 808 1541 834 αὐτοῦ
1566 809 1784 845 παραπεσούσης
1800 811 1844 837 εί-

1047 848 1331 882 κόνο;,ὸνειδίζοντες.
1346 852 1438 879 Πᾶσαν
1457 853 1532 887 λέγει
1552 854 1602 889 τὴν
1625 855 1843 890 ὰνθρωπότητα.

1054 894 1233 922 ’Δντιτάττων
1252 896 1307 931 γὰρ
1324 897 1398 932 ἡμᾶς
1420 897 1489 932 πρὸς
1505 899 1568 929 τοὺς
1589 899 1694 926 ἄνωθεν
1715 909 1844 935 καταρα-

207 935 242 961 Ει
255 942 304 961 cur
321 941 429 968 pascua:
440 935 499 969 ejus
515 935 599 961 oves?
612 934 680 966 Quia
698 934 828 961 nimirum
840 942 890 961 nos
903 934 994 962 ﬁdeles

1052 939 1162 974 μεθέντας
1183 941 1325 976 δαίμονας,
1347 943 1411 970 λαὸν
1432 943 1500 970 Θεοῦ
1522 944 1569 971 καὶ
1587 945 1723 980 πρόϐατον
1751 934 1844 981 νομῆς

207 979 267 1015 ipso
282 981 430 1015 pascimur.
447 980 512 1007 dum
524 984 694 1007 sacramenta
707 980 851 1007 sumimus.

450 1134 608 1163 PSALMUS
628 1135 747 1163 LXXIX.

244 1181 322 1208 Vens.
339 1180 365 1207 2.
389 1190 397 1205 ι
418 1180 467 1213 Qui
487 1181 558 1216 regis
571 1181 660 1212 Israel,
678 1181 812 1207 intende.)

244 1227 338 1254 Pastor
369 1228 413 1254 hic
441 1227 548 1254 Israelis
572 1235 626 1253 non
645 1227 713 1254 alius
726 1232 767 1253 est
796 1234 876 1261 quam
902 1226 924 1252 is
949 1226 993 1260 qui

207 1273 289 1300 dicit:
315 1274 371 1308 Ego
397 1282 456 1299 sum
484 1278 574 1307 pastor
597 1273 719 1306 bonus”,
742 1281 855 1307 pascens
881 1280 928 1299 eos
948 1272 994 1306 qui

207 1324 328 1345 tnenlcm
350 1319 450 1346 habent
468 1319 552 1346 Deum
575 1320 724 1346 videntem.

244 1364 323 1391 Vens.
345 1365 371 1390 5.
391 1373 400 1389 ‹
420 1364 512 1390 Excita
526 1365 675 1399 potentiam
694 1370 775 1396 tuam,
788 1370 814 1391 et
829 1365 900 1391 veni.
922 1374 931 1389 ι

245 1409 379 1443 Propheta
394 1409 468 1435 hunc
484 1416 639 1436 sermonem
657 1410 684 1436 in
712 1418 856 1445 progressu
878 1410 994 1437 reddidit

207 1454 441 1486 manifestiorent,
470 1454 613 1480 declarans
636 1455 773 1488 quomodo
797 1460 824 1482 et
849 1464 929 1489 quam
960 1456 993 1482 ob

208 1508 317 1527 causam
337 1504 468 1526 venturus
480 1505 552 1526 esset
566 1500 705 1527 Christus:
730 1509 778 1527 nos
806 1501 878 1527 enim
899 1510 994 1528 smnus

208 1553 290 1572 causa
320 1545 454 1572 adventus
477 1546 553 1579 ejus,
582 1551 609 1572 ut
635 1554 684 1572 nos
712 1552 884 1573 converteret
911 1553 993 1582 atque

208 1590 378 1616 emendaret.
403 1589 498 1616 Modus
519 1595 610 1616 autem
635 1591 812 1624 apparitionis
832 1591 993 1618 manifestus

208 1640 261 1666 est,
282 1640 311 1662 ut
325 1635 392 1662 facie
408 1636 442 1662 ad
457 1635 551 1662 faciem
565 1636 652 1670 ipsum
669 1636 819 1669 videmnus,
835 1645 888 1664 non
918 1637 995 1664 aliter

209 1681 303 1714 utique
320 1681 452 1712 salvandi,
471 1680 524 1706 nisi
539 1680 608 1707 hanc
620 1681 717 1708 faciem
738 1682 818 1709 nobis
835 1682 994 1709 manifesta-

209 1726 287 1752 verit.

244 1782 326 1810 Vens.
345 1784 369 1810 7.
385 1794 393 1809 ι
413 1784 530 1811 Posuisti
551 1792 600 1811 nos
614 1785 640 1811 in
655 1785 898 1813 contradictionem
926 1786 993 1813 vici-

207 1830 260 1856 nis.
282 1840 290 1854 ι

243 1874 337 1901 Eidem
369 1875 471 1902 insistit
493 1878 654 1911 precationi,
679 1882 708 1904 ut
737 1878 864 1905 ostendat
892 1883 993 1912 quanta

208 1921 267 1955 ejus
285 1921 318 1947 sit
332 1922 499 1955 necessitas;
515 1923 650 1958 simulque
666 1932 715 1951 nos
732 1925 847 1957 erudiat,
874 1933 908 1951 ne
933 1926 994 1951 ani-

210 1976 282 1994 mum
302 1969 531 2003 despondeamus,
554 1972 662 2004 quando
684 1980 738 1998 non
755 1972 949 2006 consequimur
969 1972 994 1998 id

207 2014 279 2047 quod
295 2015 428 2047 petimus;
454 2015 501 2042 sed
530 2024 752 2050 perseveremus;
785 2018 897 2044 omnino
921 2017 994 2044 enim

207 2061 403 2088 obtinebimus.

242 2117 323 2144 Vens.
343 2118 385 2144 15.
405 2126 414 2143 ‹
430 2118 501 2146 Deus
512 2119 845 2153 virtutum;convertere.
870 2131 879 2146 ι

243 2161 469 2196 Quandoquidem
482 2165 555 2192 enim
571 2174 659 2201 neque
676 2167 718 2194 lex
744 2175 833 2202 neque
855 2169 995 2203 propheta:

206 2207 335 2234 Israelem
349 2211 543 2244 converterint,
565 2212 719 2240 necessario
740 2214 889 2248 ipsummct
915 2216 993 2243 Chri-

206 2259 277 2281 stunt
296 2260 373 2290 rogat
389 2259 418 2281 Ut
431 2263 615 2285 convertatur.

243 2321 252 2337 ι
270 2312 354 2339 Visita
371 2313 478 2340 vineam
492 2314 581 2342 istatn.
602 2325 611 2341 ›

239 2357 463 2392 Quandoquidem
498 2359 654 2389 Judaaorum
693 2362 862 2399 Synagogam
904 2366 990 2394 vinea:

204 2410 422 2437 comparaverat,
440 2407 596 2435 necessario
604 2408 685 2435 etiam
698 2410 814 2444 partitur
826 2412 989 2445 orationem,

204 2449 368 2484 quandoque
383 2451 492 2485 quidem
511 2451 698 2488 adimaginem
719 2454 851 2487 referens,
868 2457 991 2490 quando-

203 2502 257 2528 que
271 2503 336 2522 vero
360 2495 392 2521 ad
409 2495 469 2523 illos
482 2502 595 2531 propter
623 2506 691 2533 quos
723 2499 867 2535 imaginem
884 2510 990 2530 assum-

204 2539 270 2573 psit.
282 2539 438 2567 .Iudmorum
454 2541 535 2576 igitur
550 2542 639 2575 vinea,
664 2544 689 2571 id
704 2550 745 2572 cst
760 2545 910 2582 Synagoga,
935 2549 991 2583 igni

204 2592 336 2612 succensa
356 2585 419 2620 fuit,
443 2587 489 2614 illo
510 2595 610 2623 nempe
627 2589 660 2617 de
684 2599 738 2625 quo
758 2592 883 2621 Christus
908 2595 988 2623 dixit:

208 2630 365 2664 Ignemvem’
381 2634 484 2661 mittere
502 2635 529 2662 in
544 2640 662 2664 terram:
684 2643 707 2665 et
724 2641 786 2674 quid
801 2641 867 2674 volo,
899 2643 949 2669 nisi
963 2648 990 2670 ut

204 2679 407 2706 accendatur"?
417 2680 520 2708 Idcirco
531 2682 600 2717 ignis
612 2684 740 2719 injectus,
760 2692 786 2714 et
800 2688 913 2716 sulIossa
927 2695 968 2716 est
982 2698 988 2722 ;

204 2727 233 2749 ut
245 2731 294 2758 per
309 2725 501 2753 sntiossionem
517 2727 690 2764 detegeretur
705 2731 731 2757 in
754 2732 797 2759 illa
814 2732 901 2760 latens
927 2735 991 2761 fun-

205 2769 375 2802 damenlum,
391 2772 425 2799 de
439 2780 494 2807 quo
518 2773 602 2801 Isaias
622 2776 673 2802 ait:
695 2777 760 2804 lirce
776 2787 821 2812 ego
845 2780 989 2807 inmittam

205 2810 232 2836 in
260 2813 432 2847 fundamenta
461 2815 525 2844 Sion
549 2818 664 2853 lapidem
689 2823 842 2855 pretiosum,
867 2824 987 2859 electum,

241 2908 263 2925 9"
275 2909 344 2938 PsnI.
361 2919 414 2944 LVI,
437 2914 476 2940 15.
515 2916 537 2931 9“
553 2916 629 2945 Joan.
651 2927 675 2951 Χ,
692 2920 730 2948 Η.
770 2923 791 2937 9⁵³
811 2922 872 2949 Luc.
890 2932 935 2952 xtl.
951 2924 994 2952 49.

1049 986 1131 1012 αὑτοῦ
1145 988 1346 1023 προσαγορεύει
1364 989 1410 1015 τὸν
1433 989 1587 1026 ἄνθρωπον.
1605 991 1660 1017 Καὶ
1671 992 1745 1023 τινος
1757 992 1845 1027 χάριν

1050 1032 1134 1067 νομῆς
1153 1033 1236 1060 αὐτοῦ
1253 1034 1396 1069 πρόϐατας
1414 1036 1524 1071 Ἐπειδὴ
1546 1037 1627 1063 αὑτὸν
1643 1038 1669 1063 οι
1691 1038 1786 1064 πιστοὶ
1808 1040 1842 1073 τῇ

1050 1078 1199 1114 μεταλήψει
1216 1079 1270 1106 τῶν
1286 1081 1444 1116 μυστηρίων
1457 1082 1605 1117 νεμόμεθα.

1326 1139 1471 1166 ΨΑΛΜΟΣ
1495 1141 1557 1168 ΟΘ’.

1087 1192 1094 1206 ι
1124 1183 1152 1209 '0
1167 1184 1317 1218 ποιμαίνων
1328 1185 1372 1210 τὸν
1391 1186 1508 1221 Ἰσραὴλ,
1529 1188 1660 1223 πρόσχες.
1681 1198 1690 1214 ι

1090 1229 1119 1254 Ὀ
1133 1229 1234 1265 ποιμὴν
1248 1227 1326 1261 οὗτος
1337 1231 1383 1257 τοῦ
1410 1231 1518 1267 Ἰσραὴλ
1538 1233 1589 1259 οὐκ
1604 1233 1684 1265 ἄλλος
1700 1234 1778 1261 ἐστὶν
1791 1233 1841 1261 τοῦ

1049 1275 1169 1306 εἰπόντος
1180 1283 1187 1289 '
1208 1276 1277 1309 Ἐγώ
1301 1278 1357 1310 εἰμι
1373 1278 1389 1303 ὁ
1407 1278 1521 1312 ποιμὴν
1535 1280 1551 1305 ό
1566 1280 1671 1313 καλὸς,
1697 1281 1711 1307 ὁ
1722 1281 1841 1316 ποιμαί-

1048 1328 1100 1345 νων
1113 1320 1175 1350 τοὺς
1190 1320 1301 1355 ἔχοντας
1314 1321 1375 1347 νοῦν
1390 1322 1525 1356 βλέποντα
1539 1323 1585 1350 τὸν
1598 1324 1673 1350 Θεόν.

1086 1374 1095 1390 ι
1120 1365 1271 1401 Ἐξὲγειρον
1283 1367 1331 1401 τὴν
1351 1367 1511 1395 δυναστείαν
1532 1377 1589 1402 σου,
1607 1370 1655 1396 καὶ
1670 1369 1744 1397 ἐλθέ.
1762 1381 1773 1398 ι

1083 1411 1183 1438 Τοῦτον
1201 1412 1246 1438 τὸν
1266 1412 1344 1446 λόγον
1364 1414 1468 1448 προῖὼν
1488 1416 1502 1440 ό
1523 1416 1666 1451 προφήτης
1684 1417 1839 1454 διεσάφησε

1048 1456 1150 1489 πλεῖον,
1167 1458 1253 1493 δηλῶν
1265 1459 1322 1491 πῶς
1336 1461 1383 1486 καὶ
1402 1460 1444 1487 διὰ
1460 1461 1486 1487 τί
1502 1462 1592 1496 μέλλει
1605 1464 1811 1498 παραγίνεσθαι
1824 1465 1839 1492 ὃ

1047 1503 1174 1537 Χριστός.
1206 1505 1301 1538 Ἡμεῖς
1322 1506 1375 1541 γὰρ
1401 1507 1476 1533 αἰτία
1502 1509 1587 1542 ἐσμὲν
1607 1509 1654 1543 τῆς
1683 1510 1839 1546 παρουσίας

1047 1549 1140 1580 αὐτοῦ,
1160 1549 1202 1575 ἵνα
1213 1551 1422 1594 ἐπιστρέψῖγκαὶ
1437 1553 1572 1590 διορθώσῃ
1591 1555 1674 1589 ἡμᾶς.
1695 1555 1723 1582 Ὁ
1735 1555 1765 1583 δὶ
1776 1558 1839 1592 τρό-

1048 1605 1098 1627 πος
1113 1596 1161 1631 τῆς
1172 1598 1325 1633 παρουσίας
1338 1599 1416 1634 δῆλός
1434 1601 1519 1632 ἐστιν,
1541 1601 1584 1627 ἵνα
1598 1602 1743 1637 βλέπωμεν
1754 1603 1837 1631 αὐτὸν

1049 1642 1192 1676 πρόσωπον
1215 1644 1282 1679 πρὸς
1301 1645 1459 1679 πρόσωπον,
1482 1647 1532 1673 οὐκ
1553 1648 1641 1680 ἄλλως
1660 1649 1766 1686 δηλαδὴ
1783 1657 1837 1677 σω-

1048 1686 1148 1720 θέντες,
1168 1688 1191 1714 εί
1215 1689 1251 1724 μή
1268 1698 1320 1725 περ
1331 1691 1409 1716 τοῦτο
1422 1692 1488 1727 ἡμῖν
1508 1692 1538 1718 τὸ
1568 1693 1716 1728 πρόσωπον
1737 1695 1836 1732 ἐνεφα-

1046 1733 1143 1764 νίζετο.

1085 1799 1093 1814 ι
1115 1791 1194 1817 ’ἙΘου
1207 1792 1281 1826 ἡμᾶς
1293 1793 1332 1823 είς
1346 1794 1500 1827 ἀντιλογίαν
1511 1796 1567 1826 τοῖς
1578 1796 1708 1830 γείτοσιν.
1724 1807 1735 1823 ι

1085 1886 1140 1920 Τῆς
1156 1888 1240 1922 αὐτῆς
1261 1888 1352 1923 ἔχεται
1371 1891 1529 1926 πρεσϐείας,
1546 1893 1589 1920 ἵνα
1604 1894 1687 1921 πόσον
1707 1895 1796 1931 αὐτῆς
1808 1897 1838 1924 τὺ

1045 1932 1192 1965 ἀναγκαῖον
1212 1934 1362 1970 ἐνδείξηται
1374 1944 1381 1952 ·
1398 1937 1465 1972 ὁμοῦ
1483 1938 1512 1964 δὲ
1534 1939 1581 1965 καὶ
1593 1941 1667 1975 ἡμᾶς
1687 1941 1836 1976 παιδεύων,

1047 1978 1084 2012 μὴ
1106 1978 1246 2014 ὀλιγωρεῖν
1266 1982 1454 2017 ἁποτυχόντας
1471 1984 1552 2020 εὐχῆς
1566 1994 1572 2000 ν
1594 1986 1652 2012 ἀλλ’
1671 1987 1835 2022 ἐπιμένειν·

1046 2025 1154 2057 πάντως
1168 2026 1221 2062 γὰρ
1238 2027 1279 2053 ὅτι
1291 2028 1453 2063 τευξόμεθα.

1083 2135 1092 2151 ι
1113 2127 1141 2152 '0
1154 2127 1219 2159 Θεὸς
1234 2128 1289 2154 τῶν
1300 2129 1449 2164 δυνάμεων,
1465 2133 1639 2169 ἐπίστρεψον.
1654 2146 1663 2162 ι

1087 2171 1196 2207 Ἐπειδὴ
1208 2173 1262 2209 γὰρ
1274 2174 1336 2201 οὔτε
1351 2177 1458 2221 ὁλνόμος
1470 2179 1516 2205 τὺν
1535 2179 1642 2217 Ἰσραὴλ
1652 2181 1715 2209 οὔτε
1729 2185 1838 2221 προφῆ-

1044 2226 1087 2243 ται
1104 2218 1289 2254 ἐπέστρεψαν,
1303 2218 1461 2256 ἀικαγὶιαιως
1473 2225 1553 2252 αὐτὸν
1563 2227 1729 2263 ἐπιστρέψαι
1746 2218 1838 2267 παρατ

1046 2262 1124 2289 καλεῖ
1139 2264 1184 2290 τὸν
1199 2266 1326 2300 Χριστόν.

1084 2331 1093 2347 ι
1109 2323 1162 2349 Καὶ
1176 2324 1325 2360 ἐπίσκεψαι
1339 2327 1389 2362 τὴν
1405 2327 1527 2362 ἄμπελον
1543 2330 1656 2366 ταύτην.
1682 2342 1692 2358 ι

1086 2367 1195 2404 Ἐπειδὴ
1219 2371 1335 2406 ἀμπέλῳ
1357 2373 1405 2407 τὴν
1429 2375 1483 2401 τῶν
1507 2375 1643 2405 Ἰουδαίων
1669 2379 1838 2416 Συναγωγὴν

1046 2414 1213 2461 συνεκρίνεν,
1231 2417 1390 2451 ἀναγκαίως
1407 2422 1454 2447 καὶ
1475 2423 1584 2458 μερίζει
1597 2425 1642 2452 τὸν
1663 2425 1754 2461 λόγον,
1771 2414 1838 2455 ποτὲ

1047 2460 1097 2494 μὲν
1112 2461 1180 2495 πρὸς
1194 2462 1243 2497 τὴν
1261 2464 1363 2497 εἰκόνα,
1381 2467 1446 2493 τοτὲ
1464 2467 1493 2494 δὲ
1513 2469 1582 2504 πρὸς
1595 2471 1709 2504 τούτους
1738 2474 1783 2508 ἐφ’
1796 2472 1838 2506 οἷς

1046 2507 1093 2540 τὴν
1117 2508 1210 2534 εἰκόνα
1248 2511 1414 2545 παρέλαϐεν.
1449 2513 1629 2553 Ἐνεπυρίσθη
1656 2519 1748 2547 τοίνυν
1761 2507 1838 2559 inopi.

1046 2552 1062 2586 ἠ
1085 2552 1139 2579 τῶν
1168 2554 1305 2582 Ἰουδαίων
1325 2556 1464 2592 ἄμπελος,
1492 2562 1633 2589 τουτέστιν
1654 2565 1670 2599 ἡ
1697 2565 1753 2592 τῶν
1770 2552 1838 2594 ’1ου-

1046 2597 1127 2625 δαίων
1155 2600 1316 2637 Συναγωγή,
1342 2604 1438 2638 ἐκείνῳ
1461 2607 1489 2633 δὲ
1517 2609 1582 2644 περὶ⁴
1609 2606 1640 2636 οὗ
1665 2597 1690 2637 Ἶό
1716 2613 1837 2648 Χριστὸς

1046 2644 1121 2691 ἔλεγε
1134 2653 1142 2661 ·
1173 2646 1235 2680 Πῦρ
1266 2646 1362 2683 ἦλοον
1379 2651 1490 2682 βαλεῖν
1509 2655 1553 2687 εἰς
1567 2655 1625 2689 τὴν
1647 2657 1723 2691 τῆν’
1808 2644 1838 2687 τί

1045 2689 1130 2740 θέλω,
1149 2693 1174 2718 εὶ
1192 2692 1250 2726 ἤδη
1273 2694 1393 2730 ἀνήφθη
1403 2705 1412 2729 ;
1433 2698 1534 2725 Τούτου
1549 2700 1578 2727 δὲ
1588 2689 1667 2738 χάριν
1678 2689 1789 2741 -ὲϐλήθη
1807 2707 1837 2733 τὺ

1044 2735 1098 2770 πῦρ
1110 2757 1117 2768 ,
1134 2738 1182 2763 καὶ
1201 2739 1342 2776 ἁνεσκάφη
1357 2761 1364 2773 ,
1389 2742 1432 2769 ἵνα
1453 2744 1661 2783 ἁνασκαφείσης
1681 2750 1768 2786 αὐτῆς
1782 2735 1837 2787 ἶγυ..

1046 2782 1138 2833 μνωοῇ
1161 2785 1175 2809 ὀ
1193 2785 1221 2810 ἐν
1243 2786 1310 2821 αὐτῇ
1329 2790 1522 2825 κεκρυμμένος
1546 2782 1690 2828 θεμέλιος,
1714 2782 1836 2833 πε“ρ“ιόὖ

1053 2828 1166 2861 Ἠσαίας
1184 2830 1285 2865 ἔλεγεν·
1304 2833 1376 2860 Ἰδοὺ
1389 2835 1446 2869 ἐγὼ
1456 2837 1594 2871 έμϐἀλλω
1608 2842 1652 2875 είς
1667 2843 1701 2870 τὰ
1716 2828 1835 2878 θελλέλιά
