3950 6404
390 325 529 390 1263

1574 322 1934 384 HESYCHII
1994 319 2471 383 PRESBYTERI

3534 322 3675 388 128!

387 436 501 507 ejus
538 436 591 490 iu
629 435 902 496 saeculum.
953 436 1062 507 Ego
1113 452 1199 491 ero
1235 437 1280 490 ei
1329 437 1382 490 in
1435 433 1674 503 Patrem,
1721 438 1830 508 ipse
1873 439 1959 492 erit

2080 419 2402 499 βασιλείαν
2427 433 2638 489 αὑτοῦ·
2673 433 2769 490 καὶ
2798 436 3186 509 οἰκοδομήσει
3215 432 3390 496 οἷκον
3427 443 3513 510 τῷ
3539 444 3677 498 ὀνό-

387 529 516 583 mt'hi
543 527 596 582 in
619 527 790 596 ﬁlium
811 529 873 582 ".

459 796 623 852 Vens.
653 797 739 852 10.
779 816 798 848 ι
843 795 926 850 Tu
959 794 1260 849 dominaris
1291 793 1546 864 potestati
1570 802 1754 848 maris.
1796 812 1814 844 ι

458 888 670 944 Veritas
705 899 813 954 tua,
856 889 1058 959 inquit,
1103 896 1189 942 est
1265 888 1408 958 apud
1455 887 1576 942 illos
1605 888 1699 956 qui
1751 897 1803 941 te
1851 901 1968 942 am-

387 981 584 1045 biunt;
617 995 718 1035 nos
746 988 928 1034 autem
951 979 1042 1050 qui
1065 978 1298 1050 procula
1319 987 1370 1033 te
1393 978 1674 1044 absumus,
1702 994 1768 1033 ex
1786 977 1969 1049 provi-

387 1075 572 1129 dentia
608 1073 752 1130 circa
793 1084 996 1129 terram
1026 1083 1083 1129 et
1121 1089 1274 1130 mare
1318 1073 1777 1146 magniﬁcentiam
1819 1085 1967 1131 tuam

388 1174 698 1233 cernentes,
737 1168 1094 1234 conﬁtemur,
1135 1167 1262 1236 quia
1301 1175 1500 1238 potens
1546 1183 1626 1232 es,
1669 1177 1726 1224 et
1765 1169 1970 1223 veritas

390 1266 477 1312 tua
497 1259 553 1312 in
575 1259 806 1313 circuitu
832 1267 943 1314 tuo.
969 1256 1204 1312 Tantum
1222 1258 1369 1312 enim
1389 1273 1538 1313 mare
1569 1258 1808 1330 mitigas,
1830 1259 1967 1313 ostia

386 1359 442 1404 et
471 1349 650 1404 littora
686 1349 759 1404 illi
790 1349 1231 1420 circumponens,
1265 1357 1320 1403 et
1363 1359 1422 1405 ut
1450 1352 1680 1407 Domino
1721 1353 1969 1408 serviens

388 1443 732 1497 incurvatum
751 1441 951 1507 fremit,
971 1444 1092 1496 etin
1108 1443 1404 1515 semetipso
1425 1445 1804 1511 conturbatur,
1823 1447 1968 1514 quod

388 1550 496 1589 non
535 1543 701 1588 totam
733 1545 932 1590 terram
965 1535 1215 1591 inundet.

461 1715 622 1768 Vsus.
646 1714 731 1771 16.
756 1735 774 1766 ι
803 1715 999 1770 Beatus
1015 1717 1249 1787 populus
1271 1718 1363 1788 qui
1388 1718 1492 1773 scit
1510 1717 1912 1789 jubilationem.
1943 1737 1962 1770 ι

2064 528 2211 596 par!
2224 545 2367 597 μου,
2397 527 2495 580 καὶ
2521 527 2845 596 ἀνορθώσω
2868 528 2984 598 τὴν
3011 530 3346 595 ,ϐασιλείαν
3369 535 3570 590 αὐτοῦ
3587 539 3678 602 εις

2069 620 2177 673 τὸν
2213 618 2422 674 αίῶνα.
2457 619 2608 689 Ἐγὼ
2654 619 2872 690 ἔσομαι
2915 621 3078 689 αὐτῷ
3117 625 3207 691 είς
3251 624 3487 694 Πατέρα
3516 666 3532 693 ,
3572 631 3673 683 καὶ

2067 712 2252 777 αὐτὸς
2279 712 2453 764 ἔσται
2470 727 2573 780 μοι
2598 713 2686 778 εις
2723 713 2882 767 υίόν.

2149 823 2168 857 ι
2207 805 2278 858 Σὺ
2309 805 2598 870 δεσπόζεις
2625 805 2723 859 τοῦ
2756 806 2995 888 κράτους
3017 808 3120 878 τῆς
3151 807 3458 884 θαλάσσης.
3506 832 3525 864 ι

2151 894 2215 947 Ἦ
2265 894 2499 966 ἀλήθειά
2549 913 2665 960 σου,
2720 895 2882 964 φησὶ,
2923 897 3076 967 παρὰ
3117 900 3229 963 τοῖς
3265 901 3538 956 κυκλοῦσί
3590 919 3672 956 σε’

2068 987 2310 1057 ἡμεῖς-δὲ
2335 988 2556 1058 μακράν
2586 1004 2680 1040 σου
2699 990 3086 1058 τυγχάνοντες,
3113 991 3213 1063 τὴν
3244 994 3346 1065 σὴν
3369 995 3676 1068 μεγαλουρ-

2068 1080 2194 1150 γίαν
2229 1081 2338 1135 ἀπὸ
2365 1083 2468 1152 τῆς
2501 1081 2646 1134 κατὰ
2691 1080 2797 1152 γῆν
2831 1099 2890 1135 τε
2938 1083 3036 1137 καὶ
3088 1083 3363 1140 θάλατταν
3409 1090 3676 1160 προνοίας

2069 1173 2326 1244 ὁρῶντες,
2356 1174 2754 1245 ὁμολογοῦμεν,
2789 1177 2874 1230 ὅτι
2901 1175 3127 1243 δυνατὸς
3144 1173 3217 1247 εἶ,
3249 1181 3346 1235 καὶ
3375 1183 3410 1252 ἠ
3436 1183 3676 1254 ἀλήθειά

2071 1282 2165 1319 σου
2223 1265 2411 1338 κύκλῳ
2447 1283 2563 1320 σου.
2591 1268 3030 1339 Καταπραΰνεις
3063 1271 3171 1342 γὰρ
3202 1274 3476 1345 τοσαύτην
3504 1272 3676 1330 οὖσαν

2066 1358 2167 1430 τὴν
2199 1358 2489 1424 θάλατταν,
2516 1360 2762 1432 περιθεὶς
2789 1362 2928 1434 αὐτῇ
2965 1362 3139 1427 πύλας
3163 1365 3260 1417 καὶ
3292 1367 3440 1437 ὅρια,
3467 1370 3566 1421 καὶ
3596 1371 3673 1434 ὡς

2067 1452 2313 1524 Δεσπότῃ
2360 1453 2691 1509 δουλεύουσα
2739 1459 3087 1530 κυρτουμένη
3130 1461 3388 1531 πτήσσει,
3440 1465 3540 1517 καὶ
3590 1467 3673 1527 είς

2069 1546 2270 1617 ἐαυτὴν
2303 1547 2736 1619 καταράσσεται,
2775 1550 2913 1622 πρὸς
2949 1551 3010 1604 τὸ
3042 1551 3119 1622 μὴ
3143 1555 3334 1609 πᾶσαν
3364 1557 3671 1611 ἐπικλῦσαι

2067 1640 2168 1706 τὴν
2189 1639 2315 1711 γῆν.

2144 1747 2164 1781 ι
2201 1730 2493 1802 Μακάριος
2519 1733 2548 1785 ὁ
2574 1731 2702 1797 λαδς
2727 1734 2758 1787 ὁ
2785 1734 3076 1803 γινώσκων
3107 1737 3448 1811 άλαλαγμόν.
3495 1760 3515 1794 ι

459 1809 691 1862 Sanctos
735 1809 854 1877 ejus
891 1809 1168 1879 apostolos
1215 1812 1403 1864 beatos
1450 1811 1788 1880 pronuntiat,
1839 1812 1959 1881 quia

2141 1821 2281 1885 Τοὺς
2307 1823 2502 1891 ἁγίους
2557 1824 2726 1879 αὐτοῦ
2753 1802 3096 1893 ἀποστόλους
3121 1802 3444 1902 μακαρίζει,
3486 1833 3570 1887 ὅτι
3605 1834 3675 1908 δὴ

390 1901 645 1956 nimirum
695 1901 749 1954 in
765 1902 986 1955 nomine
1012 1917 1077 1955 ac
1104 1902 1304 1958 virtute
1332 1903 1501 1974 ipsius
1521 1903 1770 1958 fecerunt
1799 1905 1964 1958 mira-

393 1993 516 2050 bilia
546 2009 885 2064 quzecnnqne
917 1992 1185 2048 fecerunt.

461 2086 624 2141 Vens.
655 2086 745 2141 20.
779 2105 797 2138 ι
833 2085 1222 2142 Tuuclocutus
1238 2102 1296 2142 es
1319 2088 1370 2141 in
1396 2088 1606 2143 visione
1629 2088 1752 2143 ﬁliis
1775 2087 1901 2143 tuis.
1941 2106 1976 2140 »ν

459 2178 691 2244 Quando
719 2178 864 2233 Deus
888 2181 1160 2235 exsistcns
1194 2178 1428 2236 Verbum
1464 2191 1625 2236 natus
1645 2191 1730 2237 est
1756 2183 1824 2238 de
1843 2198 1964 2236 mu-

391 2273 541 2337 liere,
583 2281 640 2326 et
688 2273 953 2342 processit
1000 2274 1186 2338 homo,
1218 2289 1448 2329 manens
1503 2275 1581 2329 uti
1621 2285 1740 2330 erat
1772 2275 1913 2331 Deus
1948 2294 1961 2342 ;

362 2376 521 2446 'tunc
567 2364 881 2419 unctionem
923 2375 1146 2436 propter
1193 2375 1244 2420 te
1288 2367 1598 2438 accipiens,
1648 2367 1966 2422 nominatus

389 2469 470 2513 est
496 2458 768 2513 Christus.
803 2457 941 2513 Cum
971 2460 1119 2513 enim
1166 2458 1400 2514 Verbum
1432 2469 1578 2516 esset
1602 2459 1764 2526 Deus,
1793 2469 1848 2516 et
1875 2477 1965 2515 rex

390 2558 516 2606 ante
547 2549 744 2604 saecula
773 2549 1085 2616 exsisteret,
1126 2559 1314 2606 nostra
1344 2551 1445 2605 sibi
1479 2552 1874 2622 appropriavit,
1907 2561 1967 2606 nt

388 2652 442 2695 et
474 2657 572 2695 nos
597 2656 660 2694 ea
693 2656 814 2711 quae
843 2642 1016 2712 ipsius
1045 2641 1650 2712 sunt-adipisceremur.

459 2732 624 2786 Vens.
650 2733 740 2787 27.
785 2751 803 2784 ι
829 2732 1234 2803 lpseinvocabit
1262 2748 1371 2799 me,
1394 2733 1552 2788 Pater
1582 2751 1736 2791 meus
1752 2751 1814 2791 es
1836 2744 1912 2790 tu.
1942 2755 1960 2787 ι

459 2824 670 2879 Rursus
700 2826 792 2880 hic
822 2839 920 2896 per
947 2819 1410 2895 dispensationem
1451 2826 1765 2883 incarnatus
1794 2828 1966 2885 Deum

388 2930 548 2969 suum
623 2913 838 2970 Patrem
897 2914 1154 2986 appellat,
1177 2913 1417 2969 dicens:
1448 2914 1591 2969 Vada
1629 2917 1700 2969 ad
1745 2915 1966 2970 Patrem

389 3024 563 3063 meum
587 3017 636 3062 et
677 3007 892 3063 Patrem
927 3018 1182 3074 uestrum,
1211 3016 1267 3061 et
1299 3006 1476 3062 Deum
1508 3025 1682 3062 meum
1713 3017 1761 3063 et
1798 3008 1965 3063 Deum

387 3103 699 3157 vestrum".
729 3099 1000 3170 Propheta
1042 3101 1189 3156 enim
1219 3100 1290 3156 de
1333 3101 1455 3171 ipso
1497 3102 1803 3156 vaticinans
1849 3103 1962 3156 ait:

389 3195 625 3250 Puerum
666 3193 760 3264 qui
803 3201 966 3248 natus
995 3202 1080 3249 est
1119 3208 1238 3248 esse
1276 3193 1448 3249 Deum
1482 3193 1699 3260 fortem,
1747 3193 1962 3249 Patrem

389 3286 558 3342 futuri
595 3283 779 3340 saeculi
811 3284 875 3341 ⁸³.

456 3376 621 3432 Vens.
653 3377 742 3431 54.
783 3393 804 3428 ι
835 3375 1023 3445 Neque
1049 3376 1259 3431 nocebo
1294 3376 1349 3430 in
1379 3376 1611 3432 veritate
1637 3390 1782 3432 mea.
1823 3393 1842 3427 ι

458 3467 633 3524 Semel
675 3476 834 3524 vocat
876 3467 1084 3524 decreti
1130 3467 1537 3536 certitudinem,
1582 3477 1642 3523 ut
1664 3469 1809 3539 quod
1853 3482 1965 3522 non

386 3558 638 3615 admittat
664 3558 1044 3614 mutationem.
1088 3558 1222 3614 Illud
1249 3567 1468 3614 autem:
1491 3558 1683 3613 ἰαιναυὶ
1703 3561 1760 3613 in
1782 3568 1968 3613 sancto

386 3665 501 3704 meo
529 3691 545 3716 ,
577 3649 632 3704 id
683 3658 792 3712 est,
830 3649 1012 3720 juravi
1059 3663 1158 3719 per
1198 3649 1546 3717 sanctitatem
1581 3662 1786 3703 meam.
1827 3646 1963 3702 Cum

385 3745 534 3797 enim
564 3757 673 3797 non
703 3742 931 3796 haberet
975 3755 1074 3812 per
1100 3740 1232 3810 quid
1267 3740 1446 3812 majus
1475 3741 1685 3813 iurare,
1715 3755 1815 3811 per
1839 3755 1966 3795 san-

383 3835 629 3890 ctitatem
653 3849 807 3888 suam
830 3833 1056 3903 juravit.

483 3925 646 3980 Vens.
700 3923 790 3978 40.
857 3942 876 3975 ι
905 3922 1216 3979 Profanasti
1277 3924 1334 3979 in
1389 3933 1532 3980 terra
1593 3924 1959 3980 sanctuarium

381 4027 559 4072 tuum.
580 4035 616 4068 -δ
871 4053 887 4060 ς
1901 4021 1904 4024 ’

437 4107 622 4164 ’0ωηί
663 4107 962 4165 securitate
995 4109 1175 4180 ipsum
1205 4110 1451 4180 spoliasti
1483 4129 1499 4165 :
1534 4125 1662 4166 nam
1688 4110 1964 4169 mamilius

381 4199 662 4256 civitatum
688 4198 894 4269 quibus
932 4199 1242 4258 conﬁdebat
1271 4202 1502 4270 eversis,
1525 4201 1780 4260 ﬁduciam
1801 4204 1964 4260 amit-

389 4301 534 4354 tens,
569 4290 624 4344 in
641 4289 1170 4359 .pusiilanimitatem
1193 4291 1406 4350 incidit.

2069 1913 2146 1984 τῷ
2172 1914 2401 1986 ὀνόματι
2431 1915 2596 1972 αὑτοῦ
2628 1917 2722 1971 καὶ
2750 1921 2817 1991 τῇ
2849 1919 3080 1993 δυνάμει
3113 1923 3281 1976 αὑτοῦ
3310 1925 3538 1981 ἐποίουν
3565 1927 3672 1982 ὅσα

2071 2005 2290 2059 ἐποίουν
2320 2007 2623 2079 παράδοξα.

2144 2115 2164 2150 ι
2193 2099 2331 2153 Τότε
2356 2099 2628 2172 ἐλάλησας
2661 2102 2720 2155 ἐν
2757 2102 2946 2172 ὁράσει
2966 2105 3081 2168 τοῖς
3110 2105 3248 2170 υίοτς
3277 2124 3392 2161 σου.
3427 2127 3445 2160 ι

2143 2189 2273 2245 Ὅτε
2322 2191 2458 2256 Θεὸς
2503 2191 2580 2247 ὢν
2627 2195 2656 2247 ὁ
2682 2194 2856 2264 Λόγος
2895 2195 3164 2269 ἐγεννήθη
3201 2197 3344 2252 κατὰ
3388 2201 3577 2270 σάρκα
3607 2201 3675 2258 ἐκ

2068 2283 2347 2352 γυναικὸς,
2403 2284 2498 2338 καὶ
2555 2287 2829 2358 προῆλθεν
2892 2287 3205 2359 ἄνθρωπος,
3248 2291 3429 2361 μένων
3479 2293 3558 2357 ὡς
3603 2290 3675 2365 ἦν

2067 2376 2220 2440 Θεός·
2251 2376 2373 2429 τότε
2403 2375 2505 2448 τὴν
2539 2376 2721 2447 κρίσιν
2761 2379 2849 2432 διὰ
2879 2379 2942 2432 σὲ
2971 2377 3176 2445 λαϐὼν,
3202 2380 3501 2453 ὠνομάσθη
3531 2383 3575 2436 Χ
3585 2401 3674 2455 ρι-

2069 2468 2215 2530 στός.
2239 2467 2372 2531 Θεὸς
2399 2467 2510 2539 γὰρ
2536 2466 2866 2537 ὣνὸΛόγος,
2899 2471 2993 2524 καὶ
3024 2471 3284 2541 βασιλεὺς
3307 2473 3416 2546 πρὸ
3446 2474 3673 2529 αἰώνων

2069 2558 2353 2631 ὑπάρχων,
2413 2560 2786 2632 ίδιοποιήσατο
2819 2563 2890 2616 τά
2921 2564 3190 2636 ἡμέτερα,
3226 2565 3314 2620 ἵνα
3352 2567 3448 2621 καὶ
3499 2569 3672 2639 ἡμεῖς

2067 2651 2135 2707 τὰ
2167 2651 2334 2706 αὐτοῦ
2359 2653 2774 2725 πλουτήσωμεν.

2143 2763 2163 2797 ι
2202 2745 2374 2809 Αὐτὸς
2400 2746 2790 2801 ἐπικαλέσεταί
2826 2743 2918 2819 με,
2952 2749 3144 2822 Πατήρ
3186 2768 3289 2822 μου
3318 2747 3370 2805 εἷ
3400 2752 3488 2807 σύ.
3530 2772 3550 2806 ι

2143 2835 2310 2890 Πάλιν
2339 2838 2575 2891 ἐνταῦθα
2597 2840 2965 2910 οἰκονομικῶς
3002 2844 3031 2894 ὁ
3060 2845 3491 2915 σεσαρκωμένος
3529 2847 3668 2902 Θεὸν

2067 2928 2264 2982 ἐαυτοῦ
2303 2929 2398 2982 τὸν
2438 2930 2660 3001 Πατέρα
2693 2930 2872 2994 καλεῖ,
2898 2931 3093 2997 λέγων’
3131 2936 3464 3006 Πορεύομαι
3512 2941 3667 3007 πρὸς

2067 3021 2175 3072 τόν
2200 3019 2433 3088 Πατέρα
2451 3038 2572 3091 μου
2607 3022 2705 3076 καὶ
2747 3023 2978 3091 Πατέρα
3008 3023 3198 3094 ὑμῶν,
3239 3026 3339 3080 καί
3371 3029 3526 3083 Θεόν
3547 3048 3664 3096 μου

1991 3145 2033 3202 C
2067 3112 2168 3167 καὶ
2195 3113 2345 3166 Θεὸν
2369 3112 2560 3181 ὑμῶν.
2604 3113 2666 3167 '0
2688 3114 2797 3184 γὰρ
2830 3117 3123 3188 προφήτης
3141 3118 3277 3191 φησὶ
3305 3121 3439 3192 περὶ
3471 3121 3660 3184 αὑτοῦ.

2067 3204 2282 3258 παιδίον
2303 3203 2643 3274 γεννώμενον
2670 3209 3052 3280 προφητεύων,
3076 3211 3211 3266 Θεὸν
3232 3213 3454 3286 ἰσχυρὸν
3474 3215 3663 3284 ἔλεγεν

2065 3295 2252 3362 αὑτὸν,
2279 3297 2502 3368 Πατέρα
2524 3298 2618 3351 τοῦ
2655 3299 2942 3370 μέλλοντος
2975 3302 3193 3367 αἰῶνος.

2139 3407 2158 3440 ι
2202 3388 2337 3442 eoat
2369 3389 2445 3461 μὴ
2471 3390 2716 3462 ἀδικήσω
2740 3393 2798 3445 ἐν
2826 3395 2892 3464 τῇ
2927 3393 3162 3467 ἀληθείᾳ
3205 3414 3331 3468 μου.
3371 3418 3390 3450 ι

2136 3479 2339 3545 Ἀπαξ
2389 3481 2551 3535 καλεῖ
2584 3485 2644 3536 τὸ
2667 3483 2888 3554 βέϐαιον
2910 3485 3012 3557 τῆς
3054 3487 3410 3559 ἀποφάσεως,
3470 3493 3549 3557 ὡς
3597 3495 3658 3547 οὐ

2065 3573 2365 3645 δεχομένης
2392 3578 2778 3648 παρατροπήν.
2819 3578 2894 3632 Τὸ
2913 3578 2970 3632 δέ
2996 3597 3012 3613 ·
3036 3581 3272 3651 Ὧμοσα
3305 3584 3376 3637 ἐν
3399 3583 3483 3650 τῷ
3514 3587 3659 3656 ἁγίῳ

2061 3682 2204 3734 μου,
2248 3665 2374 3719 ἀντὶ
2403 3665 2522 3733 τοῦ,
2563 3667 2780 3738 Ὤμοσα
2835 3670 2980 3725 κατὰ
3027 3671 3127 3743 τῆς
3177 3673 3495 3747 ἁγιωσύνης
3528 3695 3655 3748 μου.

2081 3757 2301 3828 Ἐπειδὴ
2341 3757 2450 3829 γὰρ
2493 3759 2596 3812 οὐκ
2645 3755 2760 3830 εἶχε
2785 3761 2929 3816 κατὰ
2967 3763 3215 3833 μείζονος
3249 3768 3472 3837 ὀμόσαι,
3514 3771 3659 3824 κατὰ

2065 3849 2167 3918 τῆς
2193 3848 2512 3920 ἁγιωσύνης
2538 3847 2724 3920 ὤμοσε
2753 3852 2854 3923 τῆς
2877 3852 3067 3910 αὐτοῦ.

2145 3953 2164 3987 ι
2210 3937 2589 4010 Ἐϐεόήλωσας
2617 3940 2701 4004 είς
2733 3940 2837 4012 τὴν
2871 3941 2978 4014 γῆν
3013 3943 3076 3998 τὸ
3113 3944 3364 4018 ἁγίασμα
3405 3947 3601 4004 αὐτοῦ.
3630 3967 3650 4001 ι

2138 4115 2329 4191 Πάσης
2362 4118 2524 4173 «om
2561 4119 2870 4190 ἀσφαλείας
2903 4123 3254 4195 enitimur
3295 4128 3383 4198 étp‘
3405 4125 3493 4194 οἷς
3543 4131 3656 4204 γάρ

2065 4205 2288 4279 ἐθάρρει
2335 4209 2446 4263 τῶν
2494 4209 2704 4266 πόλεων
2743 4213 3074 4286 περιϐόλοις,
3144 4221 3501 4292 παυσάμενος
3559 4223 3655 4277 τοῦ

2066 4297 2312 4370 Θαρῤεϊν,
2333 4301 2428 4353 ἐπὶ
2470 4301 2673 4356 δειλίαν
2693 4304 3074 4363 ἐκπέπτωκεν.

435 4380 712 4474 ili-333.47.
744 4399 763 4433 ι
793 4381 1103 4474 ίίείιιιοειυο,
1131 4383 1376 4453 Domine,
1402 4388 1605 4445 avertis
1623 4388 1677 4444 in
1696 4387 1861 4444 ﬁnem
1884 4388 1908 4441 ?
1936 4405 1955 4439 ι

2143 4411 2161 4445 ι
2199 4392 2347 4457 Ἕως
2379 4393 2529 4460 πότε,
2561 4395 2755 4466 Κύριε,
2779 4398 3104 4473 ἀποστρέφῃ
3132 4402 3213 4466 είς
3241 4403 3425 4474 τέλοςς
3467 4424 3486 4459 ι

451 4471 744 4538 Memento,
799 4472 1058 4544 inquiunt
1107 4477 1201 4547 qui
1274 4478 1392 4535 haec
1435 4481 1644 4547 dicut,
1695 4479 1958 4550 quoniam

377 4574 570 4621 natura
599 4565 894 4622 mutabiles
934 4584 1146 4638 sumus,
1173 4587 1301 4628 cum
1325 4573 1504 4630 simus
1528 4574 1711 4629 libero
1743 4569 1957 4642 praediti

374 4655 621 4723 arbitrio,
673 4670 748 4712 ne
785 4657 854 4711 ad
913 4658 1251 4730 impietatem
1307 4665 1701 4720 exorbitemus.
1773 4661 1957 4717 Possis

373 4748 540 4803 etiam
575 4747 760 4804 dicere
808 4758 1082 4818 naturam,
1139 4769 1368 4826 eamque
1413 4755 1598 4819 talem,
1651 4753 1954 4809 sewndum

371 4855 534 4909 quam
559 4839 689 4910 quis
720 4843 1130 4914 possitaliquid
1159 4847 1432 4902 molestiae»
1444 4845 1740 4902 sustinere.

907 4933 1230 4994 PSALMUS
1276 4937 1388 4994 XC.

438 5023 603 5080 Vsus.
632 5025 688 5081 2.
720 5046 740 5080 ι
776 5028 921 5084 Deus
947 5044 1139 5097 meus,
1161 5030 1396 5100 sperabo
1421 5029 1477 5083 in
1507 5042 1651 5084 eum.
1681 5046 1701 5081 ι

465 5116 627 5174 Vides
669 5129 932 5191 quantam
981 5122 1182 5177 habeat
1218 5123 1379 5194 apud
1424 5121 1599 5176 Deum
1649 5120 1947 5177 ﬁduciam?

366 5210 565 5266 Totum
616 5213 764 5266 enim
812 5211 1166 5283 semetipsum
1229 5209 1636 5282 quodammodo
1695 5210 1797 5281 ipsi
1844 5212 1944 5267 de-

363 5303 640 5369 dicaus,in
660 5317 738 5358 eo
763 5307 981 5358 omnem
1009 5302 1203 5359 salutis
1230 5317 1383 5373 spem
1408 5303 1592 5358 habet.
1623 5302 1729 5358 Ter
1749 5303 1943 5358 beatus

361 5403 547 5449 autem
597 5394 847 5464 quisquis
883 5403 969 5448 est
1019 5393 1327 5449 istiusmodi
1357 5411 1371 5461 ;
1401 5404 1458 5449 et
1503 5395 1653 5450 omni
1679 5394 1941 5451 felicitate

361 5483 554 5552 plenus
575 5485 698 5539 erit.
713 5484 873 5539 Canit
893 5484 1060 5555 igitur
1081 5484 1273 5540 beatus
1295 5484 1484 5550 David,
1513 5495 1570 5541 et
1595 5486 1698 5542 ait:
1719 5487 1940 5541 Domine

364 5571 504 5628 Deus
528 5574 802 5642 virtutum,
831 5575 1015 5630 beatus
1048 5578 1201 5630 homo
1225 5577 1313 5646 qui
1339 5587 1521 5645 sperat
1553 5579 1609 5632 in
1629 5589 1678 5633 te
1698 5579 1765 5634 “.

2136 4485 2444 4557 Μνήσθητι,
2481 4489 2651 4557 φασὶν
2692 4489 2750 4542 oi
2788 4491 2965 4545 ταῦτα
2989 4494 3260 4562 λέγοντες,
3292 4499 3377 4552 ὅτι
3419 4500 3652 4572 τρεπτοὶ

2063 4577 2163 4647 τὴν
2189 4577 2350 4646 φύσιν
2390 4579 2736 4651 ὑπάρχομεν,
2763 4581 2918 4646 haec
2947 4584 3310 4654 αὐτεξούσιοι,
3344 4590 3544 4661 μήπως
3571 4594 3656 4657 εἰς

2062 4665 2324 4720 ἀσέϐειαν
2349 4667 2737 4740 ἐξοκείλωμεν.
2780 4673 2979 4741 Αέγοις
3020 4675 3066 4728 δ’
3090 4675 3158 4731 ἂν
3196 4678 3523 4747 ὑπόστασιν,
3557 4683 3654 4737 καὶ

2062 4755 2162 4828 τὴν
2208 4757 2332 4811 καθ’
2365 4759 2432 4828 ἡν
2483 4760 2784 4833 ύποστῆναί
2825 4781 2914 4828 τις
2951 4763 3178 4822 δύναταί
3229 4786 3281 4823 τι
3315 4771 3428 4826 τῶν
3458 4773 3655 4829 ἐπιπύ-

2061 4865 2188 4904 νων.

2649 4951 2944 5009 ΨΛΛΜΟΣ
2978 4959 3052 5022 ιιι.
3120 4972 3124 4976 -

2132 5056 2151 5088 ι
2203 5036 2261 5090 Ὀ
2298 5037 2430 5102 Θεός
2456 5056 2582 5111 μου,
2609 5040 2814 5108 ἐλπίζω
2851 5045 2938 5099 ἐπ’
2967 5045 3150 5101 αύτπόν.
3193 5066 3214 5101 ι

2137 5127 2459 5222 ’ρρᾷςμὸσην
2482 5130 2598 5202 ἔχει
2624 5136 2944 5207 παρρησίαν
2964 5138 3119 5211 παρὰ
3139 5138 3278 5195 Θεοῦ
3297 5157 3314 5209 ;
3345 5143 3512 5199 Ὅλον
3535 5148 3648 5222 γάρ

2049 5217 2246 5272 ἑαυτὸν
2292 5219 2486 5291 ὥσπερ
2515 5222 2739 5288 ἀναθεὶς
2775 5225 2948 5298 αὐτῷ,
3001 5230 3092 5282 ἐπ’
3121 5229 3273 5303 αὐτῷ
3312 5235 3498 5291 πᾶσαν
3531 5217 3648 5308 ἔχει

2047 5309 2146 5364 τοῦ
2172 5311 2454 5376 σώζεσθαι
2487 5314 2588 5387 τὴν
2616 5317 2834 5374 ἐλπίδα.
2866 5321 3290 5397 Τρισμακάριος
3315 5326 3373 5382 δὲ
3410 5330 3437 5382 δ
3462 5332 3646 5384 τοιοῦ-

2048 5420 2158 5464 τος·
2177 5403 2274 5457 καὶ
2301 5405 2521 5478 ἁπάσης
2545 5409 2848 5481 εὐημερίας
2865 5413 3018 5469 ἔσται
3037 5417 3256 5488 μεστός.
3275 5419 3490 5475 Ψάλλει
3511 5424 3644 5492 γοῦν

2047 5497 2098 5587 ὁ.
2127 5497 2404 5568 μακάριος
2453 5501 2642 5569 Δασὶδ,
2686 5505 2780 5558 καί
2817 5524 2952 5580 φησι
2977 5522 2994 5540 ο
3026 5509 3227 5580 Κύρὶε,
3282 5516 3316 5568 ό
3342 5515 3490 5580 Θεὸς
3521 5516 3640 5570 τῶν

2045 5587 2381 5660 δυνάμεων,
2407 5593 2708 5663 μακάριος
2737 5597 3051 5671 ἅνθρωπος
3069 5605 3102 5658 ό
3121 5603 3380 5668 ἐλπίζων
3409 5607 3509 5663 ἐπὶ
3540 5609 3633 5664 σέ.

437 5749 477 5778 ⁸⁸
513 5746 558 5800 ιι
589 5749 718 5822 Reg.
751 5766 848 5814 vn,
886 5750 972 5802 1'2.
1051 5755 1093 5783 ¹²
1126 5750 1283 5808 Joan.
1319 5772 1406 5823 xx,
1447 5758 1535 5813 l7.
1619 5760 1661 5791 ¹³
1700 5757 1807 5814 Isa.
1861 5775 1936 5826 ιχ,
1978 5759 2032 5814 6.
2114 5762 2154 5794 ιδ
2195 5761 2337 5820 Psal.
2367 5780 2588 5836 unm,
2625 5769 2714 5826 l3.
