3950 6416
398 519 420 556 ί
449 501 645 571 Ὂπλῳ
684 499 969 554 κυκλώσει·
990 518 1048 554 σε
1073 500 1109 572 ἡ
1129 498 1355 570 ἀλήθεια
1387 499 1576 554 αὐτοῦ.
1602 517 1623 551 ι

404 593 464 647 '0
502 592 681 647 πάντα
707 593 971 662 γενναίως
1002 592 1377 663 φέρωνιαύτὰ,
1409 591 1479 644 τὰ
1509 592 1652 648 αὐτὰ
1683 591 1762 663 τῷ
1789 592 1909 647 Ἰὼϐ

318 684 489 756 λέγει’
522 684 593 739 Et
623 686 699 741 τὰ
731 685 924 756 ἀγαθὰ
955 684 1286 755 ἐδεξάμεθα
1325 685 1395 739 ἐκ
1434 685 1631 755 χειρὸς
1663 684 1908 754 Κυρίου,

315 779 391 833 τὰ
421 779 581 832 κακὰ
634 777 751 846 οὐχ
788 777 1160 846 ὑποίσομεν;
1212 776 1309 842 Ὡς
1356 776 1438 842 τῷ
1476 776 1672 845 Κυρίῳ
1696 774 1911 840 ἔδοξεν

314 872 512 939 οὕτως
543 870 645 926 καὶ
683 870 949 941 ἐγένετο.
995 870 1055 923 Ὀ
1081 867 1178 925 οὖν
1223 872 1283 924 ὲν
1312 870 1592 932 τοσούτοις
1622 866 1909 940 κατορθώ-

321 983 491 1037 μασιν
541 964 808 1037 εὑρεθεὶς,
856 964 981 1018 οὐδὲ
1028 964 1119 1017 τὸν
1156 959 1775 1034 μετασχηματιζόμενον
1829 960 1910 1023 είς

316 1056 558 1127 ἄγγελον
609 1056 788 1127 φωτὸς
835 1055 1085 1111 διάδολον
1127 1054 1401 1124 φοϐεῖται.
1452 1053 1583 1107 ὄντα
1629 1050 1910 1122 δαιμόνιον

319 1146 729 1221 μεσημϐρινὸν,
776 1147 873 1200 καὶ
920 1147 1161 1215 ἀκμαῖον
1206 1144 1325 1215 φῶς
1362 1142 1775 1213 ἐπαγγέλλεται
1821 1142 1912 1196 διά

314 1239 644 1308 φιλοσοφίας
669 1237 768 1293 καὶ
821 1236 985 1309 κενῆς
1019 1236 1257 1306 ἀπάτης.
1291 1235 1434 1290 Αὐτὸ
1455 1235 1615 1289 τοῦτο
1642 1233 1763 1288 ὅλον
1794 1234 1911 1288 ἐστὶ

314 1331 598 1403 δαιμόνιον
648 1328 1051 1402 μεσημϐρινόν.
1105 1328 1221 1382 Οὐκ
1250 1327 1413 1392 αὐτὸς
1454 1327 1511 1381 δὲ
1559 1327 1744 1397 μόνος,
1773 1325 1911 1380 ἀλλὰ

314 1424 420 1477 καὶ
455 1423 506 1477 οἱ
534 1422 774 1477 διάκονοι
817 1419 1006 1486 αὐτοῦ,
1041 1418 1652 1491 μετασχηματιζόμενοι
1680 1419 1764 1481 είς
1792 1416 1911 1470 δια-

316 1514 513 1578 κόνους
559 1511 931 1584 δικαιοσύνης,
993 1512 1252 1583 δαιμόνια
1320 1508 1676 1582 μεσημϐρινά
1746 1509 1906 1562 εἰσιν.

327 1606 478 1659 Ἀλλ’
515 1607 566 1658 εί
606 1605 705 1659 καὶ
752 1605 1133 1676 προσποιεῖται
1172 1602 1380 1658 τούτων
1410 1603 1643 1666 ἕκαστος
1690 1618 1909 1673 μεσημέ

315 1698 505 1770 δρινδς
541 1694 701 1764 εἶναι,
728 1697 789 1752 οὗ
815 1697 1136 1768 διαμένουσι
1163 1695 1400 1751 τοιοῦτοι
1426 1690 1532 1750 οἷοι
1568 1691 1711 1777 εἶναι
1745 1708 1909 1767 προσ-

316 1791 628 1857 ποιοῦνται,
677 1789 1120 1861 σσεσθησομένου
1168 1788 1265 1843 τοῦ
1304 1789 1485 1859 φωτὸς
1528 1789 1638 1843 τῶν
1665 1788 1903 1853 άσεὸῶν,

1441 383 1906 447 FRAGMENTA
1955 385 2041 446 IN
2081 387 2441 450 PSALMOS.

3462 382 3596 451 1‘sz

1941 503 1986 557 Α
2080 503 2243 559 Vens.
2280 505 2332 559 5.
2366 523 2385 556 ι
2415 504 2582 560 Scuto
2610 503 2973 561 circumdabit
2999 512 3051 559 te
3087 502 3290 560 veritas
3316 501 3454 574 ejus.
3496 519 3515 553 ι

2082 598 2187 664 Qui
2230 597 2321 652 illa
2362 597 2547 652 omnia
2596 612 2863 669 generose
2917 597 3176 662 sustinet,
3225 595 3418 650 eadem
3466 609 3594 648 cum

2010 692 2151 747 Jobo
2198 691 2365 748 dicit:
2399 690 2459 746 Si
2497 690 2631 744 bona
2666 690 2988 758 suscepimus
3025 688 3088 743 de
3136 703 3301 741 manu
3359 685 3595 749 Domini,

2012 781 2159 835 mala
2205 797 2301 834 cur
2338 796 2441 835 non
2482 779 2894 834 sustinebimus?
2921 778 3071 835 Sicut
3116 778 3337 833 Domino
3369 777 3596 847 placuit,

2011 874 2087 926 ita
2122 873 2318 942 factum
2353 882 2431 926 est
2455 872 2595 926 ¹³·¹⁶.’
2615 870 2718 938 Qui
2744 872 2908 944 igitur
2936 873 2992 927 in
3023 872 3190 927 tantis
3222 873 3409 944 probis
3439 872 3601 927 factis

2014 966 2271 1020 iuventus
2310 965 2496 1030 fuerit,
2535 980 2716 1035 neque
2762 965 3039 1020 diabolum
3073 966 3129 1019 in
3170 966 3426 1037 angetum
3458 965 3600 1022 locis

2012 1056 2462 1113 transformatum
2505 1058 2721 1124 metuit,
2768 1073 2891 1114 cum
2939 1057 3017 1113 sit
3059 1058 3391 1114 dmonium
3433 1058 3599 1113 meri-

2010 1150 2261 1213 dianum,
2293 1157 2350 1204 et
2382 1150 2600 1205 fervens
2639 1149 2730 1204 lux
2773 1150 3131 1206 annuntielur
3153 1160 3381 1221 propter
3416 1149 3597 1221 philo-

2012 1241 2263 1312 sOphiam
2311 1248 2370 1298 et
2439 1241 2656 1296 inanem
2717 1240 3009 1297 fallaciam.
3073 1239 3153 1295 I‘d'
3187 1241 3367 1311 ipsum
3420 1248 3596 1296 totum

2012 1342 2098 1389 est
2124 1332 2457 1390 daemonium
2488 1331 2877 1387 meridianum.
2909 1329 3029 1388 Non
3056 1332 3206 1390 solus
3231 1341 3421 1388 autem
3455 1332 3595 1402 ipse,

2011 1438 2204 1480 verum
2232 1422 2398 1477 etiam
2425 1422 2662 1478 ministri
2695 1422 2834 1492 ejus,
2860 1423 2957 1494 qui
2989 1423 3357 1479 transformati
3386 1432 3515 1479 sunt
3542 1422 3595 1477 in

2012 1517 2296 1574 ministros
2329 1516 2578 1588 justitiaz,
2611 1516 2881 1573 daemonia
2915 1504 3214 1574 meridiana
3240 1525 3388 1571 sunt.
3418 1515 3597 1572 Caete-

2012 1623 2159 1677 rum,
2199 1610 2305 1667 etsi
2356 1610 2590 1681 quilibet
2636 1610 2836 1665 borum
2882 1609 3105 1666 simulet
3140 1624 3199 1664 se
3230 1607 3595 1665 meridianum

2011 1720 2153 1770 esse,
2178 1720 2294 1760 non
2324 1712 2553 1759 manent
2587 1712 2769 1759 tamen
2801 1703 2937 1758 tales
2968 1703 3158 1774 quales
3184 1717 3243 1757 se
3271 1717 3392 1758 esse
3423 1702 3597 1757 simu—

2009 1799 2142 1863 lant,
2176 1798 2382 1853 lumine
2427 1797 2720 1867 impiorum
2750 1796 3063 1861 exstincto;
3098 1796 3319 1866 quando
3340 1794 3599 1850 Christus

312 1886 453 1941 ὅταν
506 1886 536 1938 ὀ
590 1882 826 1956 Χριστὸς
864 1881 1037 1937 ἐλθὼν
1068 1924 1082 1949 ,
1136 1881 1374 1952 Φωτισῃ
1423 1880 1499 1935 τὰ
1526 1879 1763 1951 κρυπτὰ
1796 1881 1906 1936 τοῦ

2020 1887 2312 1953 advenerit,
2347 1889 2438 1959 qui
2469 1888 2789 1942 iliuminahit
2815 1888 3125 1942 abscondita
3153 1888 3514 1954 tenebrarum,
3543 1896 3594 1941 et

313 1978 605 2045 σκότους,
647 1975 745 2031 καὶ
805 1975 915 2045 τὰς
969 1975 1210 2043 ,ϐουλὰς
1256 1973 1378 2030 τῶν
1423 1972 1685 2045 καρδιῶν
1725 1991 1908 2045 φανε-

304 2070 517 2140 ρώση..

398 2182 418 2215 ι
452 2163 710 2218 Πεσεῖται
732 2163 798 2217 ὲκ
826 2160 921 2218 τοῦ
947 2162 1163 2226 κλίτους
1191 2180 1287 2217 σου
1321 2164 1517 2234 χιλιάς.
1560 2181 1578 2214 ι

396 2257 481 2309 Δί’
498 2256 763 2326 μυριάδες
785 2255 860 2320 ὡς
889 2254 956 2309 ἂν
977 2254 1390 2328 κραταιοτέροις
1422 2256 1516 2309 καὶ
1535 2256 1908 2327 ἰσχυροτέροις

316 2351 437 2413 ⁸ὀἷς
467 2347 665 2414 δεξιοῖς
702 2346 1089 2401 ἐπεϐούλευον.
1120 2346 1285 2401 ’Δλλὰ
1316 2349 1412 2403 καὶ
1434 2347 1651 2413 πλείους
1680 2348 1820 2402 εἰσὶν
1856 2349 1908 2402 oi

314 2442 411 2499 διὰ
444 2440 554 2495 τῶν
580 2439 889 2496 δοκούντων
917 2435 1058 2494 εἶναι
1088 2440 1283 2508 δεξιῶν
1312 2440 1629 2506 πίπτοντες,
1675 2439 1825 2512 ἥπερ
1858 2443 1907 2494 οῑ

319 2532 620 2607 προφανῶς
679 2532 1113 2605 ἁμαρτάνοντες.
1175 2531 1537 2605 Δικαιώματα
1612 2533 1724 2606 γάρ
1785 2551 1908 2588 τινα

317 2627 756 2701 προσαλλόμενοι
804 2625 1224 2701 περιπείρονται
1295 2626 1602 2701 ἁμαρτίαις
1650 2627 1761 2681 τῶν
1810 2628 1909 2682 άν-

315 2718 559 2790 ορώπων
583 2722 633 2774 oi
667 2719 914 2784 πλείους.

888 2811 1179 2868 statuo:
1226 2817 1342 2883 tz'.

396 2923 417 2959 ι
456 2906 702 2960 Ἐσωσεν
722 2904 872 2975 αὐτῷ
899 2907 933 2977 ἡ
958 2903 1108 2970 δεξιὰ
1137 2904 1325 2960 αὐτοῦ.
1360 2925 1380 2958 ι

392 3001 505 3054 Καὶ
538 3001 592 3054 τί
640 2998 801 3054 τοῦτο
825 3000 1141 3070 θαυμαστὸν
1189 2999 1337 3071 ἔχειξ
1388 2999 1515 3054 ἐπεὶ
1558 3000 1776 3064 πάντως
1822 2999 1911 3054 διὰ

318 3094 525 3157 κακίας
553 3091 866 3163 ὑπερϐολὴν
907 3090 1312 3162 ἀπαγορευθεὶς
1356 3091 1608 3162 ὑπῆρχεν
1640 3094 1668 3145 ὁ
1694 3090 1909 3160 ἄνθρω-

2010 1980 2366 2049 manifestabit
2397 1979 2621 2033 consilia
2649 1981 2890 2035 cordium
2920 1981 2986 2034 ".

2080 2162 2245 2217 Vsus.
2278 2163 2333 2216 7.
2373 2179 2392 2213 ι
2419 2160 2632 2217 Cadent
2660 2177 2690 2216 a
2718 2163 2888 2217 latere
2921 2171 3018 2218 tuo
3042 2162 3212 2217 mille.
3257 2181 3276 2214 ι

2078 2255 2273 2311 Decem
2319 2253 2485 2309 millia
2526 2254 2735 2309 dextris
2766 2261 3026 2324 tanquam
3075 2251 3485 2325 potentioribus
3527 2267 3593 2308 ac

2008 2346 2328 2403 fortioribus
2356 2345 2613 2402 insidiata
2643 2354 2792 2402 sunt.
2836 2345 3222 2402 Verumtamen
3249 2345 3437 2416 plures
3465 2352 3602 2401 sunt

2007 2442 2100 2512 qui
2126 2441 2328 2498 cadant
2355 2455 2422 2497 eo
2447 2440 2593 2511 quod
2621 2456 2651 2495 a
2681 2440 2889 2496 dextris
2920 2452 3042 2496 esse
3084 2440 3393 2506 videantur,
3427 2454 3594 2509 quam

2007 2534 2100 2605 qui
2128 2532 2420 2588 manifeste
2450 2540 2702 2604 peccant.
2746 2531 2968 2587 Plurimi
3005 2531 3149 2587 enim
3179 2531 3436 2587 homines
3461 2530 3594 2585 dum

2005 2627 2243 2698 justitias
2281 2625 2493 2696 aliquas
2549 2641 2663 2696 pra:
2717 2639 2776 2680 se
2819 2624 3024 2692 ferunt,
3084 2622 3320 2695 peccatis
3374 2622 3594 2678 transit-.-

2009 2725 2233 2789 guutur.

2494 2804 2817 2863 PSALMUS
2868 2805 3074 2861 XCVII.

2082 2896 2245 2955 Vsus.
2283 2898 2332 2951 I.
2374 2917 2392 2950 ι
2419 2897 2661 2954 Salvavit
2691 2898 2795 2953 sibi
2831 2898 3053 2954 dextera
3078 2900 3218 2969 ejus.
3262 2918 3281 2951 ι

2081 2993 2290 3063 Ecquid
2312 2993 2416 3049 boc
2438 2990 2564 3048 miri
2595 2991 2845 3049 continet
2868 2993 2891 3045 ?
2912 2992 3350 3062 quandoquidem
3378 3000 3600 3062 propter

2010 3098 2297 3141 excessum
2341 3084 2562 3141 malitia).
2600 3082 2827 3139 omnino
2871 3084 3107 3153 rcjectus
3159 3084 3326 3136 fuerit
3374 3083 3541 3138 homo
3576 3100 3594 3149 ;

318 3200 444 3247 πος·
501 3182 585 3236 διὸ
642 3184 742 3254 τῆς
788 3181 885 3236 τοῦ
937 3180 1075 3235 Θεοῦ
1126 3180 1311 3245 δεξιᾶς
1365 3182 1461 3235 καὶ
1502 3180 1596 3234 τοῦ
1627 3181 1909 3254 βραχίονος

2020 3184 2347 3248 quapropter
2376 3176 2473 3231 Dei
2494 3175 2717 3232 dextera
2746 3175 3106 3247 ejusdemque
3137 3176 3363 3230 brachio
3402 3191 3601 3230 neces.

317 3275 637 3342 ἀναγκαίως
690 3273 901 3345 ἐδέησε,
936 3272 1154 3344 ’δηλαδὴ
1207 3271 1304 3327 τοῦ
1345 3273 1684 3343 Μονογενοῦς
1717 3272 1907 3328 αὐτοῦ·

319 3367 490 3423 αὐτὸν
519 3364 629 3436 γὰρ
683 3363 1087 3435 χαρακτηρίζει
1134 3362 1245 3417 τῶν
1284 3364 1595 3435 εἰρημένων
1622 3362 1917 3435 ἑκάτερον.-

323 3458 465 3529 napi.
496 3451 557 3511 οὗ
587 3455 684 3509 καὶ
723 3456 956 3518 Ἡσαΐας
999 3453 1189 3524 φησίν·
1226 3453 1324 3521 Ὠς
1351 3453 1581 3524 ποιμὴν
1607 3454 1910 3524 ποιμαίνει

320 3552 389 3605 τὸ
421 3552 702 3621 ποίμνιιού
732 3547 943 3615 αὐτοῦ,
976 3545 1076 3600 καὶ
1100 3548 1134 3602 ό
1151 3546 1428 3617 βραχίων
1442 3545 1631 3600 αὐτοῦ
1652 3544 1910 3608 συνάξει

319 3644 534 3712 ἄρνας.
585 3645 684 3695 Ὃν
711 3643 773 3696 οὐ
805 3642 985 3711 μάτην
1011 3642 1040 3693 ὁ
1060 3638 1371 3710 Ψαλμῳδὸς
1403 3638 1500 3691 νῦν
1526 3637 1911 3708 προσηγόρευ-

322 3752 416 3788 σεν
448 3734 625 3803 ἅγιον,
656 3732 774 3788 ἀλλ’
795 3733 854 3786 ὲν
893 3732 999 3803 ἰδίᾳ
1022 3732 1195 3796 δεῖξαι
1227 3729 1418 3783 τοῦτον
1449 3727 1750 3781 ὑποστάσει
1783 3727 1910 3797 βου-

320 3825 576 3896 λόμενος.
624 3826 798 3889 Αὐτὸς
869 3824 1053 3878 τοίνυν
1110 3824 1173 3876 τὸ
1235 3823 1465 3892 πλάσμα
1514 3821 1577 3874 τὸ
1629 3820 1912 3883 ἀπολωλὸς

320 3919 553 3974 ἔσωσεν.
599 3917 736 3972 Οὐδὲ
772 3917 882 3989 γὰρ
905 3912 1037 3989 ἦλθε
1083 3917 1267 3986 κρῖναι
1298 3913 1529 3986 κόσμον,
1559 3914 1699 3969 ἀλλὰ
1732 3912 1910 3968 σῶσαι

322 4012 420 4067 τὸν
448 4010 678 4081 κόσμον.

402 4122 422 4156 ι
473 4101 751 4174 Ἐμνήσθη
774 4102 869 4156 τοῦ
892 4101 1076 4166 ἐλέους
1099 4099 1265 4155 αὑτοῦ
1295 4099 1374 4172 τῷ
1414 4097 1630 4153 Ἰακὼϐ.
1670 4117 1692 4152 ι

410 4278 551 4333 Ἀνθ⁹
580 4280 703 4335 ὅτου
748 4279 839 4332 τὸν
884 4276 1078 4332 Ἰακὼϐ
1113 4276 1309 4342 εἰπὼν,
1341 4278 1441 4331 οὐκ
1471 4275 1741 4347 ἠρκέσθη,
1773 4276 1916 4331 ἀλλὰ

325 4373 426 4428 καὶ
454 4374 553 4445 τὴν
583 4370 680 4428 τοῦ
717 4371 938 4442 Ἰσραὴλ
969 4371 1149 4425 οἰκίαν
1174 4370 1537 4443 προσέθηκεν,
1572 4369 1661 4422 ἵνα
1696 4369 1913 4432 πάντως

323 4465 544 4539 δηλώσῃ
570 4466 645 4530 ὡς
674 4462 887 4536 πράξας
920 4464 992 4518 τὰ
1019 4463 1114 4518 νῦν
1144 4463 1618 4536 προφητευόμενα,
1652 4456 1811 4528 οὗτος
1841 4459 1910 4535 ἦν

2013 3270 2158 3326 sario
2187 3269 2438 3341 indiguit,
2467 3269 2675 3327 scilicet
2701 3268 2998 3340 Unigenito
3048 3270 3169 3340 ejus
3196 3285 3209 3323 ;
3244 3269 3423 3340 ipsum
3452 3268 3599 3323 enim

2013 3373 2244 3434 utraque
2292 3364 2659 3436 appellatione
2709 3364 2979 3435 designat,
3005 3364 3073 3419 de
3099 3378 3209 3434 quo
3241 3363 3407 3418 etiam
3435 3361 3604 3421 Isaias

2014 3456 2127 3511 ait:
2159 3455 2306 3511 Sicut
2347 3466 2529 3524 pastor
2559 3458 2728 3527 pascit
2764 3472 2972 3527 gregem
3017 3471 3194 3517 suum,
3236 3463 3286 3507 et
3325 3454 3601 3512 brachium

2012 3550 2127 3620 ejus
2158 3550 2489 3621 congregabit
2519 3566 2680 3621 agnos
2701 3550 2765 3602 ¹⁸.
2792 3547 2967 3615 Quem
2996 3562 3106 3601 non
3130 3546 3330 3602 frustra
3349 3546 3597 3601 Psalmo-

2013 3648 2117 3703 dus
2145 3647 2306 3702 modo
2323 3654 2572 3701 sanctum
2604 3643 2916 3716 appellavit,
2940 3641 3066 3713 quia
3091 3642 3148 3697 in
3179 3642 3400 3713 pr0pria
3421 3642 3599 3712 ipsum

2016 3735 2291 3808 hypostasi
2320 3736 2583 3790 exhibere
2631 3735 2868 3790 volebat.
2920 3734 3040 3804 Ipse
3084 3734 3254 3804 ipitur
3277 3733 3606 3807 ﬁgmentum-

2014 3828 2290 3900 perditum
2319 3825 2579 3882 servavit.
2610 3825 2731 3881 Non
2769 3826 2913 3880 enim
2954 3827 3105 3880 venit
3132 3824 3416 3895 utjudicct
3439 3840 3607 3882 mun-.

2015 3922 2167 3985 dum,
2200 3920 2295 3975 scd
2326 3929 2382 3974 ut
2419 3918 2680 3974 salvilicet
2712 3918 2975 3973 mundum
3006 3918 3068 3969 ".

2085 4097 2252 4153 Vens.
2303 4096 2357 4150 5.
2419 4092 2675 4149 «Memor
2720 4092 2822 4149 luit
2881 4092 3269 4149 misericordiae
3330 4108 3444 4150 sum
3505 4095 3602 4151 Ja-

2017 4193 2137 4246 cob.
2171 4211 2191 4243 »
2383 4255 2385 4259 η

2087 4284 2428 4355 Quapmpter
2445 4298 2572 4338 cum
2601 4281 2768 4338 Jacob
2789 4280 3041 4348 dixisset,
3067 4296 3179 4337 non
3212 4283 3346 4340 satis
3377 4283 3453 4337 illi
3475 4283 3604 4349 fuit,

2018 4380 2112 4435 sed
2144 4380 2306 4434 etiam
2350 4378 2572 4433 domum
2622 4375 2788 4431 Israel
2815 4375 3087 4447 adjunxit,
3136 4384 3197 4432 ut
3248 4379 3477 4433 omnino
3509 4377 3605 4434 de-

2018 4472 2248 4528 clararet
2280 4471 2430 4525 illum
2460 4470 2552 4540 qui
2584 4485 2646 4525 ea
2677 4484 2799 4538 quae
2821 4469 2983 4525 modo
3017 4469 3274 4540 praedicta
3303 4477 3434 4524 sunt
3461 4468 3610 4524 fece-

327 4562 358 4614 δ
407 4558 497 4611 τὸν
539 4555 734 4611 Ἰακὼϐ
765 4556 862 4611 καὶ
909 4556 1001 4609 τὸν
1041 4554 1262 4625 Ἰσραὴλ
1304 4553 1690 4624 ἐπονομάσας·
1721 4552 1911 4625 διόπερ

2023 4571 2124 4627 rat,
2153 4562 2407 4618 eumdem
2437 4577 2561 4618 esse
2590 4561 2684 4632 qui
2709 4560 2881 4617 Jacob
2915 4577 3135 4631 quoque
3163 4559 3329 4616 Israel
3355 4561 3610 4616 nomina—

331 4651 427 4705 καὶ
461 4649 578 4720 μετ’
628 4646 793 4702 αὑτοῦ
835 4647 1086 4701 ὲπάλαιε·
1113 4644 1473 4717 προτυπῶσαι
1507 4644 1570 4697 τὸ
1610 4643 1918 4716 μυστήριον

332 4740 618 4812 βουληθεὶς
639 4740 739 4811 τῆς
771 4738 1123 4812 σαρκώσεωςο
1169 4736 1371 4808 σαρκὸς
1405 4736 1514 4807 γὰρ
1562 4735 1624 4789 τὸ
1662 4735 1918 4790 παλαίειν

332 4834 430 4890 καὶ
459 4830 893 4904 περιπλέκεσθαι
923 4830 1074 4884 ῐδιον.
1120 4827 1399 4900 Ἐμνήσθη
1427 4828 1614 4883 τοίνυν
1636 4825 1745 4881 τῶν
1776 4827 1916 4899 πρὸς

331 4924 426 4979 τὸν
463 4921 658 4978 Ἰακὼό
679 4922 776 4977 καὶ
817 4922 911 4976 τὸν
956 4920 1174 4993 Ἰσραὴλ
1201 4917 1657 4990 ὲπαγγελμάτων,
1689 4921 1787 4973 καὶ
1818 4920 1920 4991 χά-

335 5035 449 5091 ριτι
502 5017 799 5088 μυστήριον
834 5018 902 5086 τῇ
960 5013 1097 5084 πρὸς
1152 5014 1362 5066 ἐκεῖνον
1411 5011 1755 5083 ἐπλήρωσεν.
1788 5012 1915 5076 Τοῖς

337 5112 441 5184 μὲν
473 5110 585 5181 γάρ
619 5108 893 5172 Ἰουδαίοις
914 5106 991 5171 ὡς
1035 5105 1284 5168 Ἰουδαῖος
1300 5104 1667 5176 ἐπεδήμησεν
1691 5104 1918 5158 ἐκείνων

333 5206 395 5260 δὲ
422 5206 552 5270 τοὺς
586 5202 900 5274 ὀφθαλμοὺς
938 5198 1226 5272 μυσάντων
1253 5196 1609 5269 (ἐκάμμυσαν
1644 5195 1778 5267 γὰρ,
1813 5214 1921 5268 φη-

339 5299 427 5353 σιν
463 5299 494 5352 δ
529 5296 777 5362 Ἡσαΐας,
809 5295 935 5358 τοὺς
987 5291 1306 5362 ὀφθαλμοὺς
1335 5289 1518 5343 αὐτῶν
1552 5289 1638 5342 ἵνα
1669 5289 1747 5360 μὴ
1793 5288 1919 5343 ἴδω-

339 5390 472 5460 σιν),
507 5389 624 5444 ἀντ’
661 5387 889 5443 ἐκείνων
918 5386 991 5440 τὰ
1038 5383 1261 5453 πέρατα
1311 5381 1422 5450 τῆς
1463 5380 1579 5451 τῆς
1610 5380 1811 5452 (πάντα
1831 5382 1927 5453 δη-

341 5482 477 5554 λαδὴ
507 5479 577 5533 τὰ
630 5478 787 5550 ἔθνη)
816 5477 1147 5535 ἐθεάσαντο
1175 5476 1284 5529 τοῦ
1323 5474 1471 5529 θεοῦ
1508 5475 1571 5528 τὸ
1601 5473 1920 5544 σωτήριον,

341 5574 527 5628 καίτοι
551 5571 625 5644 μὴ
648 5571 915 5643 βλέποντα
953 5570 1014 5624 τὸ
1036 5569 1323 5641 πρότερον.

425 5683 446 5717 ι
504 5663 833 5729 ’Δλαλάξατε
850 5661 930 5734 τῷ
946 5660 1089 5733 Θεῷ,
1112 5662 1261 5715 πᾶσα
1285 5660 1318 5732 ἡ
1341 5662 1430 5732 γῆ.
1464 5679 1495 5711 ι.

404 5866 522 5903 ί³⁶¹⁶
559 5865 660 5925 Job
700 5882 740 5935 ι,
773 5867 878 5935 ‘ZI;
918 5883 980 5937 ιι,
1012 5867 1094 5924 I0.
1177 5865 1217 5897 "
1258 5862 1470 5919 Coloss.
1502 5877 1565 5928 ιι,
1606 5858 1668 5925 8;
1726 5858 1903 5916 lCor.

2053 5858 2103 5913 5.
2186 5856 2229 5890 "
2262 5857 2365 5913 Isa.
2393 5874 2476 5925 ιιι,
2510 5855 2594 5911 II.

2021 4665 2176 4712 verat
2208 4672 2223 4723 ;
2260 4671 2326 4711 eo
2351 4656 2496 4726 quod
2519 4670 2645 4710 cum
2679 4654 2797 4724 ipso
2839 4655 3076 4709 luctatus
3104 4652 3298 4708 fuisset
3327 4672 3354 4721 ;
3375 4669 3473 4724 per
3501 4655 3610 4713 hoc

2020 4749 2210 4804 volens
2235 4746 2586 4819 pradigurare
2618 4746 2938 4819 mysterium
2960 4746 3355 4805 incarnationis
3380 4764 3417 4813 ;,
3434 4747 3611 4816 siqui-

2020 4842 2146 4897 dem
2190 4839 2371 4895 carnis
2418 4838 2700 4910 proprium
2748 4848 2833 4895 est
2878 4838 3076 4897 luctari
3106 4848 3163 4897 et.
3205 4839 3605 4909 circumplecti.

2023 4936 2229 4991 Memor
2258 4932 2421 5005 igitur
2450 4931 2551 4986 fuit
2590 4930 3018 5002 promissionum
3050 4933 3116 4988 ad
3144 4930 3315 4988 Iacob
3346 4942 3401 4988 et
3444 4933 3611 4988 Israel

2020 5030 2317 5090 factarum,
2338 5024 2478 5080 etin
2502 5023 2623 5094 ejus
2661 5022 2889 5095 gratiam
2951 5025 3272 5096 mysterium
3339 5023 3610 5092 implevit.

2022 5118 2102 5174 Ad
2152 5116 2370 5171 indutos
2406 5113 2674 5184 siquidem
2717 5122 2976 5182 tanquam
3048 5114 3271 5170 Iudaeus
3346 5114 3608 5177 advenit;

2025 5207 2160 5280 ipsis
2187 5214 2368 5262 autem
2390 5205 2578 5261 oculos
2607 5206 3021 5263 occludentibus
3055 5206 3409 5278 (clauserunt
3444 5207 3615 5268 enim,

2028 5300 2206 5370 inquit
2225 5298 2413 5363 Isaias,
2439 5298 2627 5353 oculos
2652 5314 2781 5353 suos
2804 5313 2873 5352 ne
2907 5298 3175 5368 viderent)
3198 5314 3298 5369 pro
3329 5298 3458 5368 ipsis
3487 5298 3617 5367 ﬁnes

2030 5400 2185 5444 terra:
2208 5389 2435 5460 (scilicet
2459 5404 2653 5443 omnes
2702 5390 2914 5458 gentes)
2946 5388 3188 5442 viderunt
3220 5389 3463 5443 salutare
3494 5386 3618 5455 Dei,

2031 5481 2161 5536 licet
2187 5488 2349 5534 antea
2381 5496 2489 5533 non
2517 5479 2783 5535 viderent.

2105 5658 2273 5714 Vens.
2304 5659 2357 5714 4.
2391 5679 2408 5710 ι
2435 5658 2674 5715 Jubilate
2712 5660 2821 5715 Deo
2841 5700 2857 5725 ,
2892 5659 3069 5715 omnis
3099 5668 3265 5715 terra.
3294 5677 3317 5715 ι

2698 5857 2738 5888 ιθ
2764 5853 2921 5912 Joan.
2958 5872 3043 5921 ιιι,
3073 5854 3160 5911 I7.
