3950 6410
277 376 420 447 1253

1418 385 1888 447 FRAGMENTA
1930 389 1953 447 Ι
1965 389 2014 451 Ν
2052 393 2416 460 PSALMOS.

3423 399 3562 469 1276

354 518 377 552 ι
433 496 545 553 Καὶ
587 496 661 554 τὰ
702 494 840 554 ὀστᾶ
893 515 996 571 μου
1044 497 1179 554 ὡσεὶ.
1243 499 1477 572 φρύγιον
1523 503 1866 577 ωνεφρὺγη-

2040 511 2205 568 Vens.
2247 513 2302 570 4.
2370 532 2389 566 ι
2432 514 2503 570 Ει
2548 529 2678 572 ossa
2730 528 2857 573 mea
2900 513 3049 573 sicut
3091 514 3355 572 cremimn
3397 498 3561 576 arue-

273 609 406 648 σαν.
451 612 470 645 ι

332 686 415 753 ,τί
439 688 558 740 ἐστι
581 684 857 756 φρύγιον,
879 686 907 740 0
935 685 1236 760 Σύμμαχος
1269 687 1560 759 ἐδήλωσεν·
1593 688 1864 751 ἐκδέδωκε

273 779 413 852 γὰρ,
449 777 794 849 ἀπόκαυμα.
819 778 1032 851 Ὠσπερ
1063 780 1244 833 τοίνυν
1287 781 1349 834 τὸ
1392 779 1729 845 ἀποκαυθὲν,
1762 781 1859 834 ἐὰν

277 870 358 943 μὴ
387 871 530 944 τύχῃ
564 871 658 925 τοῦ
682 869 892 943 ταχέως
917 871 1256 938 σϐεννύντος,
1279 872 1517 936 εὐκόλως
1537 872 1865 945 θρύπτεταν

271 963 454 1028 οὕτως
507 963 656 1034 ψυχὴ
703 966 818 1027 τοῖς
873 963 1150 1034 βιωτικοῖς
1200 962 1574 1034 συγκαιομένη
1609 963 1864 1030 πάθεσιν,

274 1055 375 1109 ἐὰν
408 1054 484 1126 μὴ
514 1053 608 1107 τὸν
632 1053 767 1107 Θεδν
799 1052 1188 1125 φιλανθρωπίᾳ
1220 1053 1518 1108 σϐεννύντα
1543 1054 1645 1125 τὴν
1672 1053 1870 1108 ἐκκαυ-

276 1162 366 1199 σιν
391 1145 685 1215 κτήσηται,
732 1144 974 1207 εὐκόλως
1000 1143 1377 1214 διαφθείρεται
1401 1160 1417 1176 ·
1468 1144 1564 1199 καὶ
1595 1144 1682 1200 διὰ
1708 1145 1868 1199 τοῦτο

271 1238 414 1309 ταχὺ
457 1236 881 1306 είσακουσθῆναι
926 1235 1294 1307 προσηύξατο.
1348 1237 1550 1308 Ἀρτος
1594 1234 1652 1289 δὲ
1705 1235 1868 1306 ἡμῶν

268 1323 379 1394 τῆς
417 1324 623 1395 ψυχῆς,
662 1326 693 1378 0
729 1323 827 1378 τοῦ
868 1323 1006 1379 Θεοῦ
1040 1324 1220 1395 λόγος.
1275 1326 1489 1396 ’Ὠσπερ
1532 1326 1644 1399 γὰρ
1691 1328 1721 1381 0
1758 1327 1868 1380 ἀπὸ

269 1418 383 1487 γῆς
414 1418 579 1491 ἄρτος
603 1417 666 1473 τὸ
692 1417 855 1490 σῶμα
876 1419 1092 1491 τρέφει,
1131 1417 1307 1484 οὕτως
1337 1421 1366 1475 0
1405 1419 1466 1487 ἐξ
1494 1419 1728 1492 οὐρανοῦ
1774 1419 1865 1473 λό-

270 1523 376 1578 γος
422 1508 523 1578 τὴν
573 1507 765 1562 οὐσίαν
821 1509 923 1580 τῆς
975 1508 1176 1579 ψυχῆς.
1227 1510 1340 1563 Καὶ
1382 1510 1592 1564 τούτων
1625 1509 1792 1585 χᾲριν
1835 1509 1865 1563 0

272 1599 520 1670 Χριστὸς
558 1600 658 1667 τὴν
694 1600 1006 1672 προσευχὴν
1048 1601 1381 1673 παραδιδοὺς
1406 1600 1563 1672 ἔλεγε
1594 1604 1706 1667 τοῖς
1738 1603 1868 1657 ἀπο-

274 1693 508 1757 στόλοιςο
574 1691 690 1746 Τὸν
747 1691 932 1761 ἄρτον
985 1692 1161 1762 ἡμῶν
1225 1693 1337 1749 τὸν
1391 1694 1711 1750 ἐπιούσιον
1758 1693 1868 1761 δὸς

273 1783 427 1854 ἡμῖν
451 1782 743 1853 σήμερον.
770 1784 867 1847 Ὃς
902 1783 970 1839 ἂν
993 1785 1175 1838 τοίνυν
1214 1783 1404 1838 τοῦτον
1444 1787 1641 1856 φαγεῖν
1670 1784 1865 1840 ἐπιλά-

1969 612 2118 658 runt.
2152 623 2170 656 ι

2040 695 2184 762 Quid
2214 698 2285 753 sit
2317 699 2570 754 cremium
2602 697 2967 771 Symmachus
3011 698 3311 756 declaravit
3343 717 3359 756 :
3388 715 3559 771 expo-

1967 789 2080 847 suit
2107 789 2254 845 enim
2284 791 2606 848 incendium.
2636 791 3112 867 Quemadmodum
3139 792 3307 865 igitur
3335 794 3387 850 id
3414 794 3561 865 quod
3632 827 3636 831 ί

1966 895 2259 937 accensum
2292 891 2397 951 est,
2420 884 2524 941 nisi
2549 884 2694 940 illico
2721 884 3121 958 exstinguatur,
3141 885 3562 942 iacileabsumi-

1970 981 2096 1041 tur;
2127 975 2201 1030 ita
2233 976 2398 1032 etiam
2429 977 2612 1033 anima
2645 978 3005 1035 saecularibus
3049 978 3437 1036 aﬂectionibus
3464 995 3560 1037 ae-

1966 1081 2154 1134 eensa,
2190 1068 2293 1124 nisi
2342 1069 2515 1126 Deum
2560 1070 2799 1127 incendii
2833 1072 2916 1127 sui
2945 1073 3438 1130 clementissimum
3472 1091 3565 1131 re-

1968 1157 2291 1214 stinctorem
2318 1170 2479 1216 nacta
2508 1161 2701 1228 fuerit,
2729 1162 2987 1219 facillime
3032 1167 3405 1237 corrumpitur
3432 1185 3448 1222 :
3474 1175 3561 1223 at-

1967 1264 2074 1319 que
2094 1248 2299 1305 idcirco
2317 1251 2578 1308 velociter
2593 1253 2841 1309 exaudiri
2863 1255 3180 1325 postulavit.
3203 1255 3370 1313 Panis
3394 1272 3560 1329 porro

1967 1341 2164 1398 animae
2186 1352 2388 1399 nostrae
2410 1340 2495 1400 e'st
2515 1345 2740 1400 verbum
2767 1345 2881 1401 Dei.
2914 1347 3384 1414 Quemadmodum
3409 1351 3557 1406 enim

1968 1443 2223 1491 terrenus
2248 1435 2409 1506 panis
2440 1451 2641 1508 corpus
2666 1436 2781 1504 alit,
2806 1438 2879 1493 ita
2903 1439 3138 1495 Verbum
3169 1441 3391 1498 caeleste
3426 1442 3559 1498 sub-

1967 1527 2226 1583 stantiam
2256 1528 2474 1584 animae.
2499 1530 2681 1600 Atque
2710 1530 2809 1585 has
2833 1531 2902 1587 ob
2933 1547 3127 1587 causas
3157 1531 3409 1589 Christus
3427 1550 3560 1605 apo-

1967 1617 2124 1674 stolis
2153 1618 2374 1673 tradens
2407 1617 2600 1673 orandi
2632 1617 2864 1674 formam
2893 1618 3064 1674 dixit:
3091 1617 3294 1674 Panem
3321 1629 3561 1674 nostrum

1969 1709 2336 1780 quotidianum
2375 1710 2445 1763 da
2476 1709 2623 1764 nobis
2652 1709 2890 1764 hodie”.
2922 1709 3184 1780 Quisquis
3216 1711 3381 1783 igitur
3415 1711 3562 1766 hunc

1967 1798 2319 1863 manducare,
2356 1798 2414 1854 id
2442 1806 2526 1855 est
2557 1798 2799 1869 operari,
2832 1798 3036 1855 oblitus
3058 1798 3229 1855 fuerit
3258 1799 3563 1871 (spiritalis

274 1874 465 1948 θηται,
497 1877 777 1930 τουτέστιν
804 1876 1151 1949 ἐργάσασθαι
1189 1877 1305 1949 (τοῦ
1331 1877 1440 1952 γὰρ
1465 1878 1663 1949 νοητοῦ
1690 1878 1862 1948 ἄρτου

1979 1888 2126 1957 panis
2160 1872 2512 1943 manducatio
2559 1897 2645 1943 est
2692 1890 2960 1960 operatio,
2992 1889 3075 1946 uti
3123 1890 3388 1962 apostolis
3440 1890 3561 1962 ipse

272 1974 311 2046 ἡ
341 1972 547 2045 βρῶσις
576 1971 815 2042 ἐργασία
851 1971 1193 2041 καθέστηκε·
1227 1971 1380 2042 δηλοῖ
1397 1971 1463 2025 ’δὲ
1484 1971 1658 2036 οὕτως
1686 1969 1863 2026 εἰπὼν

270 2069 392 2129 τοῖς
418 2063 740 2128 ἀποστόλοις
763 2065 790 2116 0
809 2062 1018 2134 Κύριος
1034 2078 1047 2092 ’
1094 2061 1446 2132 Ἐργάζεσθε
1468 2062 1554 2133 μὴ
1572 2062 1688 2133 τὴν
1704 2059 1862 2132 ,βρῶ-

271 2172 387 2212 σιν
429 2155 547 2224 τὴν
574 2153 1033 2224 ἀπολλυμένην,
1081 2152 1245 2209 ἀλλὰ
1280 2154 1398 2222 τὴν
1428 2156 1748 2225 μένουσαν
1772 2157 1863 2222 εἰς

272 2248 435 2319 ζωὴν
457 2246 745 2318 αἰώνιον),
775 2244 973 2300 τούτου
1006 2247 1040 2316 ἡ
1081 2245 1281 2318 καρδία
1304 2246 1461 2318 δίκην
1493 2245 1689 2318 χόρτου
1720 2246 1864 2319 πλη-

272 2343 439 2412 γεῖσα
492 2338 832 2411 ξηραίνεται.
871 2336 961 2401 Ὧς
1014 2336 1073 2392 δὲ
1123 2338 1152 2391 0
1186 2336 1389 2408 χόρτος
1424 2336 1722 2408 πλήττεται
1767 2338 1864 2393 καὶ

275 2432 617 2513 ξηραίνεται,
645 2432 773 2487 ὅταν
802 2429 958 2496 ὁετδς
983 2430 1072 2485 ἐπ’
1099 2428 1262 2485 αὑτὸν
1294 2430 1533 2504 σπανίσῃ
1552 2447 1569 2463 ·
1593 2430 1737 2486 οὕτω
1770 2430 1866 2485 καὶ

275 2529 314 2597 ἡ
335 2526 558 2598 καρδία,
591 2526 721 2579 ὅταν
751 2522 959 2579 ἔνδειαν
982 2522 1190 2595 νοσήσῃ
1216 2520 1309 2576 τοῦ
1351 2521 1496 2577 θείου
1526 2521 1710 2592 λόγου,
1740 2523 1865 2577 τότε

273 2618 576 2690 πλήττεται
623 2615 721 2671 καὶ
753 2614 1072 2689 ξηραίνεται
1094 2656 1111 2685 ,
1143 2614 1307 2680 ἄνθος
1333 2615 1536 2687 ἀρετῆς
1564 2614 1866 2689 βλαστῆσαι

272 2710 380 2767 οὐκ
413 2709 700 2780 ἰσχύουσα.

354 2819 381 2855 ι
430 2801 565 2855 ’Δπὺ
594 2799 783 2871 φωνῆς
811 2799 907 2854 τοῦ
936 2798 1247 2872 στεναγμοῦ
1284 2817 1388 2871 μου
1409 2798 1702 2872 ἐκολλήθη.
1734 2817 1755 2852 ι

348 2894 662 2960 Τουτέστιν,
714 2892 884 2964 ἐτάκη
932 2893 1083 2949 πᾶσα
1126 2892 1332 2964 πιμελὴ
1373 2893 1467 2947 καὶ
1509 2892 1734 2964 εὐθηνία
1764 2893 1862 2947 τοῦ

273 2985 554 3058 σώματος.
602 2988 670 3038 '0
716 2985 827 3057 γὰρ
861 2983 1067 3057 ἀληθὴς
1116 2985 1441 3055 στεναγμὸς,
1472 2984 1530 3050 ὃς
1557 2985 1654 3041 καὶ
1680 2985 1866 3057 φωνὴν

272 3079 393 3151 εχει
431 3077 807 3149 ἀκουομένην,
848 3078 1008 3150 τήκει
1047 3076 1110 3131 τὸ
1150 3075 1334 3147 σῶμα,
1372 3078 1469 3132 κοιλ⁵
1510 3078 1615 3149 τῆς
1661 3079 1867 3151 σαρκὸς

272 3167 578 3240 ἐργάζεται
613 3167 917 3237 νέκρωσιν·
964 3166 1153 3238 ἐπειδὴ
1192 3167 1317 3220 ὅσον
1357 3169 1385 3222 0
1429 3167 1534 3232 ἔξω
1576 3166 1860 3240 ἄνθρωπος

271 3260 672 3333 διαφθείρεται,
699 3257 958 3312 τοσοῦτον
985 3258 1013 3311 0
1038 3257 1148 3313 ἔσω
1175 3256 1607 3324 ἀνακαινίζεται.

353 3373 375 3407 ι
427 3352 732 3425 Ὡμοιώθην
766 3351 1031 3407 πελεκᾶνι
1061 3351 1341 3425 ὲρημικῷ.
1379 3370 1400 3406 ι

345 3538 674 3610 Θαυμαστὸν
720 3539 852 3609 ἡμῖν
882 3538 1099 3610 καρπὸν
1133 3537 1235 3609 τῆς
1278 3538 1589 3609 ἀγρυπνίας
1622 3538 1827 3605 ἔδειξεν
1847 3556 1863 3572 ο

273 3634 426 3686 ποιεῖ
462 3631 574 3704 γὰρ
600 3632 753 3703 ἡμᾶς
782 3631 859 3696 ὡς
906 3630 1192 3703 στρουθίον
1237 3629 1481 3702 μονάζον
1501 3630 1597 3685 ἐπὶ
1620 3630 1864 3703 δώματιο

272 3727 418 3798 ὅπερ
456 3723 599 3780 εἶναι
647 3723 746 3796 μὲν
788 3723 939 3778 δοκεῖ
974 3741 1120 3778 τιαιν
1157 3723 1662 3794 εὐκαταφρόνητον,
1710 3723 1866 3777 πολι-

273 3817 432 3873 τείαν
454 3817 509 3870 δὲ
531 3817 680 3886 ὅμως
708 3814 974 3886 ὲκλεκτὴν
1003 3815 1100 3869 καὶ
1153 3815 1432 3887 μακαρίαν
1451 3813 1741 3887 κέκτηται.
1789 3815 1864 3869 Οὐ

272 3908 488 3981 τροφῆς
517 3907 649 3979 γὰρ,
680 3907 782 3961 οὐκ
809 3906 1143 3978 ἐσθημάτων
1158 3906 1435 3980 φροντίζει
1454 3906 1483 3960 0
1507 3905 1767 3976 μονάζωνι
1791 3905 1868 3971 ὡς

277 4003 563 4075 στρουθίον
587 4043 601 4064 ,
637 4002 737 4056 οὐκ
771 4000 1069 4075 ἐπιϐουλὴν
1106 4001 1357 4056 δέδοικε·Δ
1390 4003 1644 4055 κατοικεῖ
1670 4000 1780 4073 γὰρ
1810 4002 1867 4054 ἒν

273 4097 510 4166 δώματι,
541 4095 639 4149 καλ¹
669 4094 781 4148 τῶν
813 4094 1279 4149 ἐπιϐουλευόντων
1316 4092 1466 4149 ἐστὶν
1511 4092 1862 4165 ὑψηλότερος.

272 4187 517 4258 Νοήσεις
544 4186 601 4240 δὲ
624 4186 846 4249 πάντως
871 4187 1048 4240 ἐκεῖνο
1078 4184 1141 4239 τὸ
1171 4184 1328 4257 δῶμα
1351 4185 1450 4239 καὶ
1476 4179 1867 4256 τῷΨαλμῳδῷ

273 4278 535 4350 ληισθα
554 4317 573 4347 ,
604 4280 747 4352 ὅπερ
780 4281 809 4334 0
839 4278 1044 4350 Κύριος
1066 4278 1199 4348 περὶ
1223 4278 1536 4343 συντελείας
1573 4277 1868 4350 διηγούμε-

272 4390 371 4438 νος
409 4371 622 4448 ἔφρασε
645 4388 660 4404 ·
689 4372 823 4447 φησὶ
850 4372 962 4445 γάρ
993 4388 1009 4404 ’
1063 4371 1129 4426 '0
1161 4371 1273 4427 ἐπὶν
1298 4371 1406 4427 τοῦ
1457 4369 1750 4441 δώματος,
1779 4368 1865 4439 μὴ

276 4465 683 4524 καταϐαινέτω
705 4458 841 4537 ἆραι
871 4464 941 4520 τὸ
978 4464 1215 4536 ἱμάτιον
1241 4463 1450 4519 αὐτοῦ.

360 4644 567 4717 «Ὅλην
588 4645 691 4716 τὴν
719 4642 934 4717 ἡμέραν
973 4639 1250 4705 ὠνείδιζόν
1286 4657 1378 4713 με.
1410 4657 1431 4692 ι

351 4737 672 4810 Τουτέστιν,
697 4739 748 4790 οί
774 4730 1062 4798 δοκοῦντες
1097 4733 1244 4801 φίλοι
1270 4731 1497 4804 χείρονα
1514 4729 1628 4785 τῶν
1652 4728 1867 4801 ἐχθρῶν

274 4830 604 4900 διέπραττον
624 4848 637 4862 ο
669 4829 799 4892 τοὺς
821 4828 931 4900 γὰρ
963 4827 1222 4890 ἐπαίνους
1259 4825 1340 4889 είς
1358 4825 1559 4896 ὅρκους
1588 4822 1717 4885 τοὺς
1747 4819 1869 4875 κατ’

275 4921 417 4995 δμοῦ
433 4921 830 4994 μετεϐάλλοντο
842 4939 857 4952 ο
874 4921 909 4990 ἢ
938 4918 1216 4991 συνθήκας
1227 4916 1383 4980 τινὰς
1408 4918 1490 4979 εἰς
1512 4913 1653 4987 ἐμὴν
1664 4913 1869 4980 ταύτας

274 5014 575 5084 ἐπιδουλὴν
606 5012 903 5084 τιθέμενοι,
944 5011 1042 5069 καὶ
1072 5008 1332 5064 τοσοῦτον
1359 5009 1462 5079 τὴν
1500 5006 1644 5077 ἐμὴν
1671 5004 1871 5060 ταπεί-

275 5124 447 5163 νωσιν
471 5102 1041 5178 ἑκτρεπόμενοι,ὣστε
1066 5102 1142 5174 μὴ
1168 5103 1289 5155 κατ’
1312 5101 1414 5172 ἐμὲ
1435 5099 1712 5169 γενέσθαι,
1733 5099 1871 5172 μηδὲ

276 5198 562 5271 συμβῆναι
595 5198 803 5261 αὐτοῖς,
828 5191 917 5249 οἶα
957 5193 1107 5266 ἐμοὶ,
1132 5193 1504 5264 ἁπόμνυσθαι.

364 5399 387 5435 ι
423 5377 601 5450 Κάγὼ
629 5377 765 5431 ὡσεὶ
791 5375 987 5448 χόρτος
1010 5373 1334 5448 ὲξηράνθην.
1377 5392 1398 5431 ι

356 5473 453 5544 Μὴ
474 5471 662 5527 τοίνυν
685 5472 799 5535 τοῖς
832 5469 1109 5540 βιωτικοῖς
1137 5466 1501 5539 ὲπαιρώμεθα
1534 5467 1833 5539 πράγμασι
1857 5480 1873 5497 ⁶

275 5565 477 5621 τούτου
506 5564 618 5637 γὰρ
640 5565 788 5636 ἡμᾶς
811 5563 977 5618 ἕνεκα
1007 5563 1167 5618 σκιὰν
1189 5560 1287 5617 καὶ
1307 5561 1501 5633 χόρτον
1525 5561 1555 5614 0
1578 5560 1878 5631 Προφήτης

278 5659 546 5726 ἐκάλεσεν
570 5695 589 5724 ,
627 5657 716 5711 ἵνα
768 5655 960 5728 μηδενὶ
1008 5654 1118 5711 τῶν
1168 5655 1460 5725 παρόντων
1506 5651 1877 5725 θαρσήσωμεν

349 5838 398 5878 υ
429 5834 636 5898 Matth.
666 5834 858 5906 νι,11.
923 5835 966 5868 ³⁸
1007 5832 1164 5890 Joan.
1201 5846 1280 5900 vt,
1318 5830 1408 5886 27.
1483 5831 1527 5864 "
1568 5829 1759 5886 Matth.
1793 5842 1947 5894 xxiv,

1967 1978 2230 2035 Dominus
2259 1979 2503 2035 declarat
2532 1980 2722 2037 dicens
2752 1998 2766 2035 :
2795 1979 3111 2050 Operamini
3144 1998 3248 2036 non
3274 1984 3444 2036 cibum
3469 1984 3561 2055 qui

1965 2075 2120 2144 perit,
2152 2074 2244 2129 sed
2283 2073 2375 2146 qui
2395 2082 2665 2143 permanet
2702 2073 2757 2128 in
2799 2073 2965 2128 vitam
2994 2082 3253 2129 cateruam
3271 2073 3361 2145 ³¹),
3392 2075 3559 2145 hujus

1965 2180 2061 2222 cor
2103 2166 2280 2222 instar
2325 2164 2437 2222 feni
2486 2180 2811 2236 percussum
2859 2164 3150 2221 exarescit.
3174 2163 3330 2221 Sicut
3372 2176 3558 2222 autem

1964 2257 2153 2313 fenum
2176 2258 2481 2329 percutitur
2510 2267 2567 2313 et
2595 2257 2817 2323 arescit,
2848 2257 3072 2328 quando
3100 2271 3226 2312 raro
3261 2258 3445 2328 pluvia
3480 2258 3560 2313 ir-

1965 2350 2205 2422 rigatur;
2253 2351 2328 2406 ita
2356 2351 2525 2406 etiam
2555 2349 2759 2413 anima,
2788 2350 3011 2420 quando
3049 2350 3222 2406 divini
3259 2350 3423 2407 Verbi
3454 2366 3558 2422 pe-

1965 2442 2124 2497 nuria
2147 2440 2499 2507 laboraverit,
2526 2440 2674 2495 illico
2701 2448 2833 2496 tunc
2861 2439 3169 2511 percutitur
3187 2448 3244 2495 et
3264 2441 3556 2508 exarescit,

1965 2549 2089 2589 eum
2126 2533 2226 2590 ﬂos
2263 2532 2824 2606 virtutisgerminare
2849 2531 3082 2588 minime
3106 2531 3305 2588 valeat.

2036 2793 2200 2852 Vens.
2228 2796 2285 2852 6.
2329 2816 2348 2849 ι
2375 2794 2421 2851 Α
2452 2810 2587 2852 voce
2613 2795 2851 2867 gemitus
2877 2796 2988 2853 mei
3019 2794 3274 2852 adhaesit.
3302 2814 3322 2848 ι

2037 2888 2095 2943 Id
2115 2898 2225 2953 est,
2248 2888 2427 2944 omnis
2447 2887 2616 2958 adeps
2643 2898 2700 2943 et
2724 2887 2959 2944 felicitas
2979 2888 3230 2959 corporis
3251 2886 3557 2944 contabuit.

1967 2984 2146 3042 Verus
2195 2985 2342 3041 enim
2391 2983 2647 3056 gemitus,
2679 2983 2858 3054 quiet
2886 2994 3104 3040 acutam
3136 2998 3325 3039 vocem
3369 2983 3563 3057 habet,

1967 3092 2172 3149 corpus
2221 3085 2505 3142 extenuat,
2536 3083 2592 3130 et
2631 3074 2817 3132 carnis
2858 3073 3340 3129 mortiﬁcationem
3368 3088 3562 3142 opera-

1974 3180 2098 3238 tur;
2134 3169 2394 3240 quoniam
2415 3176 2682 3239 quantum
2710 3165 2952 3222 exterior
2975 3166 3142 3222 homo
3166 3164 3562 3235 corrumpitur,

1975 3261 2312 3319 tantumdem
2348 3259 2580 3315 interior
2610 3258 2929 3313 innovatur.

2041 3353 2203 3411 Vens.
2240 3356 2291 3409 7.
2338 3370 2359 3406 ι
2384 3352 2593 3409 Similis
2631 3352 2809 3408 factus
2851 3365 2974 3407 sum
3013 3349 3283 3422 pellicano
3311 3347 3565 3405 solitudi-

1967 3449 2077 3503 nis.
2111 3465 2135 3500 ι

2037 3538 2430 3595 Admirabilem
2461 3537 2622 3593 nobis
2649 3535 2959 3608 vigiliarum
3000 3534 3241 3591 fructum
3275 3533 3559 3590 ostendit:

1968 3633 2181 3690 faciunt
2219 3632 2366 3688 enim
2412 3647 2516 3688 nos
2544 3632 2720 3686 instar
2751 3628 2991 3701 passeris
3019 3625 3248 3684 solitarii
3276 3626 3331 3681 in
3362 3633 3515 3681 tecto
3543 3642 3559 3678 :

1966 3727 2113 3799 quod
2146 3724 2477 3798 quihusdam
2510 3723 2731 3794 quidem
2764 3721 2984 3779 videtur
3012 3718 3447 3790 contemptibile,
3475 3728 3563 3774 aa—

1969 3829 2149 3874 tamen
2200 3817 2430 3872 electam
2471 3814 2634 3871 simul
2667 3823 2722 3869 et
2755 3814 2969 3869 beatam
3016 3811 3234 3868 vivendi
3287 3812 3561 3866 rationem

1968 3909 2234 3965 continet.
2265 3905 2546 3977 Siquidem
2597 3920 2706 3960 non
2757 3904 2942 3959 cibum
2985 3918 3165 3974 neque
3194 3910 3376 3958 vestes
3403 3907 3565 3957 curat

1968 4003 2015 4059 is
2049 4003 2146 4074 qui
2197 4009 2454 4071 tanquam
2504 4014 2695 4070 passer
2737 3996 3018 4054 solitarius
3066 3996 3301 4060 exsistit,
3334 3995 3565 4053 insidias

1970 4093 2197 4149 minime
2224 4096 2486 4156 veretur;
2517 4088 2781 4159 quoniam
2809 4087 2862 4141 in
2899 4094 3046 4142 tecto
3077 4085 3309 4151 habitat,
3340 4093 3398 4140 et
3425 4084 3564 4140 insi-

1969 4183 2139 4239 dianti
2148 4183 2247 4237 bus
2279 4180 2570 4236 sublimior
2589 4179 2783 4235 evasit.
2802 4178 3074 4233 Caeterum
3102 4176 3376 4247 intelliges
3395 4174 3563 4232 etiam

1967 4290 2002 4331 a
2028 4274 2317 4333 Psalmista
2351 4271 2554 4329 tectum
2582 4271 2713 4326 illud
2733 4270 2866 4336 dici,
2884 4270 2953 4326 de
2976 4285 3089 4340 quo
3116 4267 3380 4324 Dominus
3398 4265 3565 4322 verba

1968 4366 2118 4433 fecit,
2171 4380 2303 4422 eum
2352 4363 2501 4420 orbis
2551 4362 2817 4420 describit
2862 4360 3427 4424 consummationem;
3486 4357 3566 4413 ait

1968 4459 2115 4515 enim
2158 4477 2173 4514 :
2214 4457 2317 4526 Qui
2353 4459 2411 4513 in
2449 4466 2604 4524 tecto,
2644 4472 2749 4511 non
2788 4445 3067 4509 descendat
3109 4452 3292 4508 tollere
3329 4450 3569 4507 tunicam

1899 4569 1945 4627 ι)
1971 4546 2204 4602 suam".

2045 4637 2210 4695 Vens.
2232 4638 2286 4695 9.
2334 4657 2353 4693 ι
2382 4638 2521 4695 Tota
2549 4637 2644 4695 die
2664 4637 3069 4710 exprobrabant
3096 4650 3206 4691 me.
3238 4653 3257 4687 ι

2043 4731 2101 4788 Id
2130 4739 2245 4798 est,
2265 4729 2323 4787 hi
2369 4729 2461 4802 qui
2490 4730 2824 4787 videbantur
2854 4726 3050 4790 amici,
3089 4723 3361 4782 deteriora

1968 4821 2075 4878 bus
2115 4820 2432 4891 irrogabant
2463 4840 2481 4877 :
2512 4820 2705 4877 laudes
2748 4820 2896 4875 enim
2933 4819 2990 4873 in
3020 4817 3421 4874 detestationes
3464 4814 3567 4871 ad-

1969 4929 2199 4970 versum
2217 4928 2306 4968 me
2335 4913 2620 4968 mutabant
2649 4929 2663 4966 :
2696 4910 2789 4967 vel.
2810 4910 2879 4965 ad
2909 4924 3000 4965 me
3021 4907 3409 4979 decipiendum
3431 4921 3568 4961 con—

1971 5005 2283 5077 spirabant,
2302 5015 2357 5062 et
2389 5006 2444 5060 in
2477 5013 2689 5062 tantum
2723 5002 3093 5058 humilitatem
3141 5001 3265 5057 sive
3304 4999 3570 5070 abiectio-

1981 5114 2107 5153 nem
2135 5112 2318 5152 meam
2353 5094 2768 5160 aversabantur,
2796 5102 2857 5149 ut
2885 5094 3315 5156 obtestarentur,
3339 5104 3411 5146 ne
3433 5090 3566 5161 mihi

1980 5191 2188 5251 similes
2232 5190 2548 5256 evaderent,
2580 5200 2764 5258 neque
2811 5185 2948 5256 ipsis
2997 5179 3331 5248 istiusmodi,
3385 5181 3570 5252 qualia

1978 5284 2136 5350 mihi,
2167 5283 2475 5340 evenirent.

2054 5373 2214 5431 Vsus.
2244 5374 2332 5431 12.
2378 5391 2397 5425 ι
2426 5371 2494 5429 Ει
2516 5385 2618 5445 ego
2648 5370 2793 5428 sicut
2821 5368 3006 5426 fenum
3034 5364 3173 5422 arui.
3203 5383 3224 5419 ι

2047 5466 2129 5522 Ne
2169 5466 2338 5539 igitur
2377 5465 2544 5521 rebus
2573 5463 2926 5521 saecularibus
2959 5460 3291 5517 extollantur
3320 5476 3334 5514 :
3363 5456 3571 5515 idcirco

1980 5557 2127 5614 enim
2156 5555 2431 5628 Propheta
2465 5570 2567 5611 nos
2591 5553 2839 5609 umbram
2865 5560 2921 5608 et
2947 5551 3132 5607 fenum
3166 5546 3478 5621 appellavit,
3496 5561 3572 5603 ne

1982 5649 2039 5705 in
2082 5649 2190 5704 ulla
2232 5664 2414 5705 rerum
2445 5644 2797 5721 praesentium
2828 5643 3256 5709 conﬁdcrcmus,
3289 5638 3488 5696 ﬂuxam
3514 5647 3573 5694 et

1980 5826 2067 5884 l7.
