3950 6402
221 373 357 439 1277

1264 388 1266 390 '
1368 373 1834 434 FRAGMENTA
1868 374 1950 435 IN
1991 374 2354 437 PSALMOS.

3360 381 3498 450 1278

215 495 286 550 er
316 489 508 557 ἐαυτιῖ.
549 491 639 545 εἰτ’
666 487 774 546 ἕνα
813 489 1026 544 καινὸν
1057 487 1374 559 ἄνθρωπον
1417 489 1605 546 ποιῶν
1645 490 1805 562 εἰρή-

1938 494 2100 547 ondat
2124 494 2179 547 in
2206 493 2484 564 semetipso
2521 493 2576 547 in
2607 509 2769 549 unum
2795 511 2984 550 nouunt
3005 494 3267 550 hominem
3297 497 3499 566 faciens

213 601 360 653 νην.

292 715 315 753 t
357 697 481 752 Ὀτι
509 693 776 766 ἐξέκυψεν
798 694 858 762 ἐξ
890 694 1060 766 ὕψους
1084 695 1262 764 ἁγίου.
1304 715 1323 748 ι

287 875 489 945 Σαφῶς
519 874 620 944 τῆς
647 872 743 928 τοῦ
769 874 1021 945 Σωτῆρος
1048 873 1349 944 ἐπιδημίας
1381 871 1653 944 μέμνηται
1681 886 1694 898 ·
1721 870 1808 924 οῦ-

210 987 330 1034 τως
374 969 484 1040 γὰρ
525 965 766 1037 ἐκκόψαι
808 966 918 1020 ἀπὸ
964 965 1062 1020 τοῦ
1097 965 1267 1034 ὕψους
1301 967 1445 1020 κατὰ
1480 964 1675 1036 καιρὸν
1706 963 1808 1033 τῆς

216 1060 556 1132 σαρκώσεως
577 1058 818 1127 λέγεται,
838 1057 916 1122 ὡς
931 1057 1045 1111 ἄνω
1063 1056 1273 1128 μείνας,
1296 1056 1392 1110 καὶ
1423 1056 1572 1110 κάτω
1596 1055 1807 1124 φανείς.

213 1153 397 1207 Τοῦτο
442 1151 552 1222 γὰρ
590 1150 699 1216 τῶν
734 1147 1120 1202 ἐπικυπτόντων
1155 1147 1264 1202 ἀπὸ
1291 1147 1385 1201 τοῦ
1426 1146 1596 1218 ὕψους
1639 1146 1769 1200 ἴδιον
1792 1161 1805 1174 ·

213 1243 456 1314 ἑξέκυψε
490 1242 570 1306 δὲ,
613 1243 699 1296 ἵνα
731 1242 828 1314 τὴν
856 1241 961 1311 γῆν
985 1239 1376 1310 ὲπισκὲψηται.
1410 1239 1548 1292 Πότε
1575 1237 1684 1309 γὰρ
1711 1238 1812 1292 αύ-

209 1335 344 1408 τὴν,
374 1336 539 1406 ἐρεῖς,
557 1335 660 1388 οὐκ
691 1331 1060 1402 ὲπεσκέψατο;
1097 1331 1260 1385 Ἀλλὰ
1283 1331 1377 1385 νῦν
1401 1328 1604 1401 μείζων
1633 1329 1812 1399 ὑπῆρ-

212 1446 317 1500 χεν
346 1430 382 1501 ἠ
417 1425 707 1496 ἐπίσκεψις
728 1439 743 1454 ⁸
771 1423 1086 1494 οἰκονομίας
1114 1423 1223 1494 γὰρ
1254 1422 1419 1476 ’ἑνεκα
1451 1420 1551 1491 τῆς
1575 1419 1666 1473 διὰ
1699 1419 1810 1472 τῶν

213 1521 359 1591 ἑξῆς
390 1517 778 1590 ἐπιφερομένης
806 1515 1043 1586 ἐγίνετο.

303 1651 322 1686 ι
372 1632 480 1686 Τοῦ
537 1630 774 1686 ἀκοῦσαι
831 1628 928 1683 τοῦ
979 1624 1290 1697 στεναγμοῦ
1337 1624 1445 1679 τῶν
1498 1623 1812 1695 πεπεδημέ-

215 1743 356 1779 νων.
406 1743 424 1776 1

1907 601 2091 652 pacem
2109 587 2174 640 ⁸⁸.

1982 696 2145 754 Vens.
2169 701 2261 756 20.
2303 719 2326 754 ι
2354 701 2629 769 Quoniam
2663 704 2946 776 prospexit
2997 706 3066 761 de
3112 705 3329 762 excelso
3378 720 3499 760 san-

1910 798 2020 844 cto.
2052 808 2072 842 ι

1981 881 2272 940 Manifeste
2309 887 2649 944 mentionem
2687 888 2819 945 fecit
2852 890 3116 946 adventus
3148 889 3446 946 Salvatoris
3477 907 3494 946 :

1910 975 1990 1030 sic
2015 975 2161 1032 enim
2191 977 2585 1036 incarnationis
2614 989 2858 1053 tempore
2901 982 2969 1038 de
3014 983 3234 1038 excelso
3269 998 3498 1054 prospe-

1913 1067 2058 1122 xisse
2089 1070 2312 1137 dicitur,
2349 1078 2409 1126 ut
2446 1087 2664 1128 sursum
2696 1075 2995 1141 manserit,
3032 1085 3085 1130 et
3113 1076 3363 1131 deorsum
3398 1093 3498 1148 ap-

1912 1164 2174 1231 paruerit.
2217 1162 2329 1218 lloc
2356 1165 2500 1218 enim
2533 1167 2813 1236 proprium
2840 1174 2924 1221 est
2956 1181 3145 1222 eorum
3177 1168 3266 1236 qui
3293 1183 3359 1222 ex
3389 1167 3500 1222 alto

1912 1253 2270 1324 prospiciunt.
2305 1254 2590 1326 Prospexit
2620 1265 2804 1311 autem
2835 1269 2896 1312 ut
2927 1268 3126 1313 terram
3156 1258 3450 1328 inspiceret
3479 1275 3494 1312 :

1911 1354 1966 1400 at
1989 1347 2230 1414 quando,
2263 1345 2500 1415 inquies,
2529 1347 2677 1403 illam
2703 1362 2811 1402 non
2839 1348 3123 1418 respexit?
3157 1347 3356 1402 Verum
3383 1347 3496 1418 jam

1913 1440 2087 1508 major
2116 1437 2326 1493 exstitit
2351 1439 2624 1508 inspectio
2652 1457 2666 1492 :
2704 1439 2972 1508 siquidem
3016 1449 3241 1510 propter
3271 1439 3497 1510 disponi-

1915 1531 2184 1586 sationem
2219 1530 2421 1585 accidit
2449 1545 2572 1600 qua:
2599 1530 2800 1586 deinde
2831 1530 3084 1586 infertur.

1988 1643 2149 1700 Vnus.
2177 1645 2267 1698 21.
2316 1662 2333 1694 ι
2362 1643 2433 1698 Ut
2460 1643 2673 1698 audiret
2703 1643 2938 1716 gemitus
2964 1642 3418 1713 compeditorum.
3442 1660 3462 1694 ι

298 1817 587 1887 Δεδεμένοι
639 1816 843 1878 πάντες
884 1813 992 1868 ὑπὸ
1019 1815 1120 1886 τῆς
1147 1812 1426 1884 ἁμαρτίας
1468 1811 1767 1881 ἐτύγχανον
1795 1825 1807 1837 ·

1983 1823 2189 1880 Omnes
2234 1833 2391 1879 erant
2436 1823 2587 1895 ligati
2635 1832 2862 1895 peccato
2901 1843 2913 1879 :
2953 1823 3326 1894 unusquisque
3374 1836 3507 1893 pro-

221 1911 439 1980 σειραίς
472 1907 702 1971 ἕκαστος
728 1906 836 1960 τῶν
867 1907 1082 1960 οἰκείων
1132 1905 1546 1977 ἁμαρτημάτων
1588 1901 1815 1971 σφιγγό-

225 2015 426 2072 μενος·
458 1992 537 2054 ὧν
569 1999 668 2072 τὴν
693 1998 1030 2071 ιπιστροφὴν
1060 1997 1283 2069 μηνύων
1317 1995 1594 2058 όἪσαῖας
1617 1992 1770 2062 ἔλεγε
1797 2008 1809 2021 ·

222 2096 344 2152 Καὶ
383 2093 484 2149 σοί
531 2091 1031 2161 ἀκολουθήσουσι
1069 2089 1374 2160 δεδεμένοι
1416 2085 1812 2157 χειροπέδαις,

223 2184 332 2238 καὶ
379 2182 449 2236 ἐν
494 2183 595 2238 σοί
641 2181 1106 2251 προσεύξοπαι,
1157 2180 1259 2234 καί
1302 2176 1814 2250 προσκυνήσουσί

223 2291 355 2329 σοι.
385 2275 448 2329 0i
479 2273 535 2327 δὲ
560 2275 715 2329 αὐτοὶ
743 2274 836 2328 καὶ
865 2274 973 2328 υίοὶ
1001 2272 1484 2343 τεθανατωμένων,
1517 2271 1610 2325 τὸν
1642 2269 1816 2340 βαρὺν

227 2368 330 2420 καὶ
363 2364 596 2436 χαλεπὸν
623 2365 721 2435 τῆς
757 2364 1174 2436 εἰδωλολατρίας
1204 2365 1620 2435 ὑπομεινάντων
1649 2362 1813 2418 θάνα-

226 2472 347 2509 τον.
367 2449 528 2510 Οὗτοι
551 2454 733 2510 τοίνυν
756 2455 1070 2521 δστέναζον,
1089 2455 1200 2510 τῶν
1227 2454 1446 2526 δεσμῶν
1474 2453 1814 2524 ἀπολυθῆναι

235 2545 552 2619 βουλόμενοι
575 2561 591 2578 ·
616 2545 807 2618 διόπερ
828 2547 1012 2601 αὐτῶν
1029 2547 1059 2601 ὁ
1077 2545 1210 2609 Θεὸς
1243 2546 1591 2611 εἰσακούσας,
1617 2547 1697 2609 είς
1717 2545 1816 2617 τὴν

227 2638 338 2709 γῆν
369 2637 535 2700 αὑτὸς
565 2635 740 2693 ἐλθὼν
774 2637 1140 2709 ἐπεσκέψατο.

303 2771 326 2805 ι
365 2751 473 2806 Τοῦ
501 2752 824 2823 ἀναγγετλαι
857 2753 917 2806 ὲν
955 2751 1114 2806 Σιών.
1157 2770 1176 2804 ι

297 2835 602 2913 οὐχ’ῶστε
652 2842 816 2913 μέχρι
868 2843 978 2897 τῶν
1021 2844 1140 2896 ἐκεῖ
1173 2842 1367 2912 στῆναι
1411 2840 1507 2895 τοῦ
1544 2840 1682 2896 Θεοῦ
1717 2840 1818 2912 τὴν

227 2934 441 2990 αῐνεσιν
494 2933 662 3005 ἢτὴν
707 2933 1004 3004 ἀγγελίαν,
1047 2935 1295 2988 τουτέστι
1339 2933 1401 2987 τὸ
1441 2931 1814 3004 Εὐαγγέλιον,

227 3024 352 3081 ἀλλ’
399 3024 540 3078 ὥστε
581 3025 796 3080 ἐκεῖθεν
838 3023 1146 3096 ἀρξάμενον
1175 3025 1256 3088 εἰς
1291 3024 1474 3078 πᾶσαν
1505 3023 1816 3098 διαδοθῆναι

229 3117 330 3189 τὴν
360 3117 486 3188 γῆν.
529 3117 625 3172 Ἐκ
678 3115 791 3187 γὰρ
831 3115 988 3171 Σιὼν
1033 3117 1418 3182 ἐξελεύσεται
1467 3117 1670 3186 νόμος,
1717 3118 1816 3172 καί

229 3179 660 3281 λόγος-’Κυρίου
680 3179 770 3274 de:
800 3179 1221 3279 'Iepovoailim,
1251 3209 1348 3264 καί
1387 3179 1581 3278 κρινεῖ
1594 3179 1815 3281 ἁϋκαμέ-
1841 3179 1884 3240 c

231 3321 353 3360 σον
371 3303 564 3359 ἐθνῶν
588 3303 864 3359 πολλῶν.

307 3435 330 3468 ι
379 3417 469 3470 Ἐν
493 3416 572 3488 τῷ
597 3415 1025 3487 ὲπισυναχθῆναι
1055 3412 1220 3477 λαοὺς
1250 3415 1343 3468 ἐπὶ
1376 3413 1438 3468 τὸ
1469 3414 1618 3471 αύτό.
1653 3432 1670 3466 ι

306 3511 381 3565 Ού
429 3510 557 3582 περὶ
594 3510 713 3574 ἐνὸς
743 3506 876 3562 λαοῦ
896 3551 910 3574 ,
946 3508 1078 3580 περὶ
1113 3508 1324 3562 πολλῶν
1357 3507 1414 3560 δὲ
1444 3507 1819 3577 συναχθέντων

235 3603 531 3660 ικτίθεται.
577 3602 677 3656 Διά
707 3601 765 3655 δὲ
799 3600 894 3654 τοῦ
925 3599 1167 3672 πλήθους
1212 3600 1282 3654 τὰ
1313 3598 1445 3671 ἔθνη
1492 3601 1815 3653 αἰνίττεται.

314 3807 334 3842 ι
389 3787 689 3859 Ἀπεκρίθη
719 3785 870 3857 αὐτῷ
902 3787 960 3840 ὲν
999 3783 1108 3856 όδῷ
1142 3783 1326 3856 ἰσχύος
1357 3783 1543 3837 αὑτοῦ.
1582 3802 1601 3834 ι

303 3881 372 3934 Τί
400 3880 612 3934 τοιοῦτο
656 3878 833 3951 δηλῶν
873 3877 901 3929 ὁ
929 3876 1168 3948 Χριστός
1213 3892 1410 3947 φησιν·
1485 3873 1822 3942 Ἐλήλυθεν

233 3977 273 4044 ἢ
303 3976 428 4044 ὥρα
451 4016 465 4042 ,
495 3975 596 4028 ἵνα
633 3970 905 4040 δοξασθῇ
935 3972 966 4025 ὁ
1000 3969 1136 4037 Υἱός
1177 3968 1284 4023 τοῦ
1323 3969 1638 4037 ἀνθρώπου
1666 3985 1680 3999 ·
1727 3967 1826 4021 τοῦ.

235 4067 478 4139 σταυροῦ
494 4066 602 4120 ’τὸν
635 4065 829 4138 καιρὸν
853 4064 1222 4134 αἰνιττόμενος
1242 4079 1256 4094 ο
1301 4063 1448 4126 ὅστις
1483 4063 1599 4126 ὁδὸς
1642 4061 1824 4132 ἰσχύος

234 4161 558 4230 ἀναγκαίως
613 4158 850 4229 ἐλέγετο.
895 4158 1072 4228 ’ἰσχῦς
1117 4157 1228 4229 γὰρ
1285 4155 1380 4210 τοῦ
1435 4155 1673 4228 σταυροῦ
1729 4155 1826 4208 καὶ

233 4253 470 4324 δύναμις
510 4251 748 4322 ἀψευδὴς
793 4253 826 4321 ἡ
867 4252 931 4302 ἐκ
976 4250 1188 4320 νεκρῶν
1227 4249 1544 4314 ἀνάστασις,
1589 4249 1656 4320 ἣν
1692 4246 1826 4301 ὡδο-
1885 4258 1889 4264 '

233 4345 434 4416 ποίησε
461 4343 556 4398 τοῦ
584 4341 818 4415 σταυροῦ
841 4343 902 4395 τὸ
937 4342 1260 4413 μυστήριον.

315 4458 336 4491 ι
370 4438 464 4509 Μὴ
495 4437 778 4507 ἀναγάγῃς
811 4452 877 4506 με
911 4436 967 4488 ἐν
1002 4433 1191 4505 ἡμίσει
1219 4433 1469 4504 ἡμερῶν.
1507 4452 1526 4485 ι

1915 1916 2160 1992 priorum
2186 1923 2539 1986 peccatorum
2566 1914 2800 1970 vinculis
2842 1915 3246 1986 stringebatur:
3269 1927 3503 1984 quarunt

1916 2006 2337 2062 conversionem
2373 2006 2662 2060 insinuans
2694 2004 2860 2060 Isaias
2889 2004 2965 2059 ait
2998 2022 3012 2058 :
3047 2004 3113 2058 Et
3153 2015 3200 2058 te
3225 2013 3507 2075 sequentur

1914 2102 2074 2156 vincti
2117 2102 2361 2163 manicis.
2398 2112 2447 2156 et
2496 2103 2554 2154 in
2601 2110 2651 2156 te
2691 2101 2914 2155 orabunt
2957 2110 3005 2154 et
3043 2100 3338 2154 adorabunt
3369 2099 3503 2154 te".

1915 2193 2182 2250 Caeterum
2235 2194 2292 2250 lii
2337 2195 2435 2264 ipsi
2479 2209 2696 2265 quoque
2739 2203 2869 2249 sunt
2899 2193 2990 2248 ﬁlii
3024 2194 3504 2264 interemptorum,

1916 2285 2008 2355 qui
2043 2301 2260 2356 gravem
2294 2300 2358 2339 ae
2385 2285 2672 2340 molestam
2700 2283 3021 2339 idololatriae
3051 2291 3282 2337 mortem
3315 2281 3504 2336 subie-

1916 2386 2064 2432 runt.
2104 2377 2169 2431 Hi
2201 2378 2382 2446 itaque
2408 2376 2699 2449 gemebant
2727 2391 2756 2430 a
2781 2373 3014 2430 vinculis
3036 2373 3242 2429 absolvi
3273 2373 3504 2444 cupien-

1917 2478 2000 2526 tes
2037 2487 2049 2524 :
2087 2477 2419 2540 quapropter
2467 2469 2611 2523 Deus
2653 2467 2803 2538 ipsos
2835 2465 3154 2531 exaudiens,
3188 2464 3418 2535 ipsemet
3448 2462 3506 2518 in

1917 2572 2117 2620 terram
2151 2562 2455 2617 adveniens
2489 2559 2756 2632 respexit.

1985 2764 2151 2820 Vens.
2175 2763 2265 2819 22.
2314 2783 2333 2816 ι
2364 2762 2436 2819 Ut
2459 2761 2788 2817 annuntient
2811 2759 2864 2812 in
2899 2757 3056 2813 Sion.
3095 2775 3113 2810 ι

1989 2856 2108 2912 Non
2135 2864 2196 2910 ut
2225 2854 2335 2912 illic
2359 2853 2458 2910 Dei
2486 2854 2608 2908 laus
2636 2861 2693 2908 et
2714 2849 3080 2912 annuntiatio,
3105 2848 3208 2902 hoc
3228 2855 3311 2902 cst
3332 2845 3510 2902 Evan-

1918 2947 2143 3020 gelium,
2171 2947 2411 3011 sistatur,
2432 2945 2526 3001 sed
2553 2954 2614 3000 ut
2648 2943 2776 2999 inde
2806 2939 3077 3011 incipiens
3102 2939 3158 2993 in
3190 2939 3508 2994 universum

1919 3049 2190 3095 terrarum
2241 3039 2430 3094 orbem
2481 3044 2832 3109 propagetur.
2869 3031 3006 3098 Quia
3057 3031 3120 3085 de
3169 3030 3302 3086 Sion
3347 3031 3514 3113 exibit

1922 3133 2022 3199 (ex,
2055 3143 2102 3187 et
2133 3133 2344 3188 verbum
2373 3131 2590 3186 Domini
2613 3130 2677 3184 de
2701 3125 3016 3182 Jerusalem.
3039 3123 3110 3178 Et
3133 3121 3396 3193 judicabit
3426 3123 3514 3176 in-

1919 3233 2000 3278 ter
2029 3234 2204 3295 gentes
2230 3223 2425 3278 multas
2444 3223 2510 3278 ³¹¹.

1997 3429 2154 3485 Vens.
2180 3429 2272 3484 25.
2322 3449 2340 3480 ‹
2372 3427 2428 3482 ln
2461 3423 2845 3482 conveniendo
2875 3421 3110 3495 populos
3137 3421 3192 3475 in
3224 3433 3418 3475 unum.
3450 3436 3471 3469 ι

1991 3519 2109 3576 Νοη
2142 3520 2209 3573 de
2240 3535 2348 3573 uno
2375 3516 2726 3588 populo,_sed
2757 3515 2824 3570 de
2849 3513 3036 3568 multis
3058 3509 3520 3567 convenientibus

1921 3613 2236 3684 exponitur.
2286 3609 2391 3666 Per
2441 3609 2849 3664 multitudinem
2898 3615 3082 3662 autem
3136 3610 3329 3676 gentes
3376 3601 3518 3659 insi-

1921 3715 2076 3759 ιιυτιῐ.

2001 3796 2270 3851 “315.24.
2320 3813 2336 3844 ¢
2370 3789 2675 3862 Respondit
2713 3791 2760 3846 ei
2795 3790 2848 3844 in
2882 3790 2966 3846 via
3001 3788 3218 3846 virtutis
3253 3801 3386 3842 sum.
3418 3804 3438 3838 ο

1991 3889 2244 3944 Christus
2275 3885 2404 3956 quid
2451 3884 2627 3938 simile
2674 3882 2960 3938 declarans
3003 3882 3125 3937 ait:
3181 3878 3326 3935 Venit
3357 3879 3520 3943 liorat

1925 3994 1981 4036 nt
2013 3979 2330 4049 clariﬁcetnr
2361 3977 2528 4032 Filius
2562 3974 2786 4029 hominis
2801 3974 2881 4042 ³⁹;
2930 3972 3107 4029 crucis
3142 3981 3353 4040 tempus
3382 3968 3525 4022 insk

1927 4091 2150 4131 nuans:
2189 4071 2335 4143 quod
2387 4067 2699 4126 necessario
2742 4067 2884 4123 viam
2936 4065 3153 4121 virtutis
3199 4060 3521 4134 appellavit.

1927 4165 2024 4222 Vis
2056 4165 2203 4221 enim
2244 4179 2308 4219 ac
2339 4161 2512 4217 virtus
2541 4158 2720 4215 crucis
2752 4174 2879 4212 vera
2909 4167 2992 4212 est
3018 4171 3049 4211 e
3075 4154 3304 4210 mortuis
3333 4167 3524 4208 resur‘

1928 4259 2126 4324 rectio,
2160 4257 2246 4312 cui
2277 4253 2423 4311 viam
2457 4251 2648 4310 stravit
2677 4251 2993 4324 mysterium
3021 4247 3221 4304 crucis.

2007 4437 2165 4492 Vens.
2189 4435 2281 4491 25.
2331 4453 2349 4486 ι
2379 4433 2458 4490 Ne
2492 4447 2718 4488 revoces
2762 4446 2850 4486 me
2885 4430 2938 4484 in
2973 4426 3198 4484 dimidio
3229 4424 3461 4480 dierum.
3491 4439 3521 4470 λ

319 4528 639 4600 Ἀναγωγὴν
671 4530 829 4583 καλεῖ
855 4527 955 4596 τὴν
981 4524 1233 4580 ἐντεῦθεν
1262 4525 1625 4596 μετάστασιν.
1651 4523 1816 4578 Τοῦτο

2000 4529 2426 4588 Revocationem
2477 4536 2636 4581 vocat
2683 4541 2748 4580 ex
2799 4525 2904 4580 hac
2951 4521 3062 4576 vita
3115 4516 3521 4589 migrationem.

233 4624 349 4698 γὰρ
393 4623 569 4694 ψυχῆς
619 4620 823 4684 ἄνοδος.
869 4619 960 4692 Μὴ
1017 4619 1199 4674 τοίνυν
1249 4605 1445 4690 ἀτελὴς
1485 4618 1583 4688 τὴν
1622 4618 1822 4688 ἀρετὴν

237 4716 577 4787 μεταστῆναι
640 4711 1027 4783 πρεσϐεύεται,
1079 4709 1372 4781 ὁλόκληρον
1421 4709 1534 4780 βίον
1585 4707 1823 4778 νομίζων

231 4812 331 4862 τὸν
362 4810 419 4860 ἐν
441 4807 606 4877 ἀρετῇ
651 4804 878 4870 τέλειον,
907 4803 1081 4874 ἥμισυ
1111 4801 1166 4856 δὲ
1190 4803 1249 4856 τὸ
1289 4801 1477 4864 ἀτελὲς
1516 4802 1609 4854 καὶ
1648 4801 1824 4869 ἀπλή-

238 4918 436 4974 ρωτον.

310 4991 417 5046 Τὸν
446 4990 604 5060 λόγον
627 4990 789 5044 πάλιν
819 4989 954 5058 πρὸς
984 4989 1074 5043 τὸν
1099 4988 1304 5060 Κύριον
1347 4987 1645 5058 ἐπέτρεψεν
1664 5005 1677 5018 ο
1720 4988 1820 5041 αύ-

237 5083 334 5138 τοῦ
373 5083 480 5154 γὰρ
506 5077 573 5136 τᾶ
606 5081 722 5152 ἔτη,
750 5081 786 5136 ἃ
817 5084 874 5136 ἐν
906 5083 1070 5152 σαρκὶ
1107 5080 1429 5151 πεποίηκεν,
1458 5083 1514 5133 ἐν
1538 5081 1702 5152 γενεᾷ
1728 5098 1823 5148 γε-

238 5177 402 5242 νεῶν,
432 5177 505 5239 ὡς
536 5177 957 5247 ἀπηρτισμένην
979 5176 1070 5228 καὶ
1094 5175 1387 5245 ὀλόκληρον
1415 5175 1513 5243 τὴν
1543 5173 1823 5226 πολιτείαν

239 5272 457 5342 ἔχοντα.
491 5268 653 5322 Ὅθεν
674 5269 769 5324 καὶ
788 5271 816 5322 ὁ
838 5269 1044 5330 Πιῦλος
1071 5269 1196 5332 τοὺς
1227 5271 1283 5322 ἐν
1315 5267 1614 5336 τελειότητι
1645 5283 1821 5335 παρα-

241 5363 444 5431 στῆσαι
483 5360 804 5432 βουλόμενος
839 5360 1026 5430 ἔλεγεν
1057 5379 1070 5394 ο
1110 5363 1235 5416 "Ira
1267 5359 1740 5428 καταντήσωμεν
1773 5361 1826 5410 (τε

236 5455 466 5517 ,πάντες
489 5455 570 5519 εὶς
596 5451 784 5520 ἄνδρα
807 5452 1058 5518 τέλειον,
1092 5455 1176 5519 εἷς
1200 5452 1420 5522 μέτρον
1451 5453 1689 5520 ἡλικίας
1716 5449 1822 5503 τοῦ

237 5546 637 5614 πληρώματος
664 5545 943 5613 Χριστοῦ.

319 5654 341 5690 t
378 5637 542 5689 Λ-ἔιτοὶ
572 5635 916 5703 ἀπολοῦνται,
955 5638 1019 5691 σὺ
1053 5637 1108 5691 δὲ
1133 5637 1424 5708 διαμένεις.
1471 5659 1484 5687 ι

309 5819 356 5853 ³⁵
394 5820 599 5891 Ephes.
637 5838 699 5889 tt,
729 5821 816 5877 15.
889 5821 930 5852 ³⁷
964 5820 1065 5874 lsa.
1117 5835 1238 5885 ων,
1276 5818 1361 5873 14.
1443 5819 1482 5848 ³⁸
1525 5817 1622 5869 μη.
1659 5833 1711 5877 ιι,
1750 5817 1800 5867 3.

1881 5818 1920 5844 ³-⁸
1957 5812 2109 5866 Jonti.
2154 5831 2248 5874 ut.
2281 5811 2371 5863 25.

1926 4621 2028 4678 llic
2075 4623 2220 4677 enim
2277 4629 2362 4675 est
2411 4619 2607 4674 animae
2645 4632 2930 4672 ascensus.
2977 4613 3154 4682 Rogat
3191 4610 3413 4676 itaque,
3446 4621 3524 4659 ne

1925 4713 2283 4784 imperfectus
2311 4711 2366 4765 in
2402 4709 2602 4765 virtute
2625 4708 2755 4762 hinc
2783 4707 3029 4776 emigret,
3049 4703 3314 4771 integram
3347 4699 3519 4755 vitam

1927 4817 2192 4878 repulans
2215 4819 2337 4875 qtue
2371 4801 2425 4856 in
2462 4800 2666 4854 virtute
2703 4797 2942 4867 perfecta
2972 4794 3064 4858 sit,
3082 4791 3360 4847 dimidiam
3383 4805 3520 4844 vero

1926 4903 2010 4957 cui
2051 4897 2196 4953 desit
2220 4892 2484 4966 perfectio
2515 4900 2570 4945 et
2594 4887 2902 4961 plenitudo.

1999 4991 2317 5047 Sermonem
2350 4986 2546 5040 iterum
2583 4979 2855 5037 convertit
2889 4978 2956 5036 ad
2990 4975 3282 5032 Dominum
3310 4971 3524 5044 :ipsins

1925 5086 2073 5140 enim
2109 5081 2262 5144 anni,
2299 5092 2439 5148 quos
2477 5075 2531 5129 in
2566 5087 2730 5129 carne
2766 5071 2914 5142 egit,
2951 5071 3004 5123 in
3040 5067 3390 5140 generatione
3419 5079 3511 5135 ge—

1927 5175 2271 5229 nerationutn
2311 5173 2684 5243 perseverant,
2719 5171 2779 5217 ut
2819 5162 2911 5232 qui
2963 5157 3260 5231 perfectam
3293 5162 3349 5210 et
3378 5154 3516 5208 inte-

1928 5285 2075 5340 gram
2126 5264 2442 5320 contineant
2497 5257 2860 5327 disciplinam.
2894 5253 3051 5309 Undc
3100 5251 3266 5305 etiam
3317 5246 3520 5302 Paulus

1931 5361 2202 5431 perfectos
2235 5371 2332 5409 nos
2363 5351 2610 5408 exhiberi
2655 5348 2844 5402 volens
2876 5345 3008 5400 dixit
3039 5362 3051 5396 :
3088 5342 3149 5397 Ut
3178 5353 3517 5394 occurramus

1932 5469 2106 5506 omnes
2151 5451 2202 5503 in
2252 5449 2416 5502 virum
2445 5445 2750 5513 perlectum,
2784 5439 2835 5494 in
2874 5452 3169 5492 mensuram
3197 5434 3370 5488 (etatis
3403 5434 3511 5500 μίαν

1935 5544 2186 5598 nitndinis
2214 5539 2408 5594 Christi
2427 5538 2493 5589 ⁸ο.

2011 5635 2167 5689 \‘xzns.
2192 5634 2282 5687 27.
2332 5651 2349 5680 ι
2385 5628 2485 5700 Ipsi
2518 5625 2801 5698 peribunt,
2836 5632 2891 5676 tu
2924 5629 3104 5676 autem
3149 5630 3454 5690 permanes.
3488 5631 3508 5662 ι

2445 5811 2485 5839 "°
2516 5809 2715 5882 I'Iphcs.
2749 5825 2819 5869 ιγ,
2870 5809 2950 5863 15.
