3950 6410
452 383 593 452 1279

1647 398 2012 459 HESYCHII
2065 400 2545 461 PRESBYTERI

3607 397 3751 463 πετο

528 496 765 554 Pulchre
797 498 891 555 Dei
919 515 1211 571 personam
1240 503 1494 559 attribuit
1518 506 1807 573 creationi,
1841 523 1912 562 ne
1944 524 2043 577 pe-

2218 508 2417 572 Καλῶς
2445 510 2513 581 τῇ
2543 507 2879 580 δημιουργίᾳ
2922 502 3013 559 τοῦ
3037 504 3177 559 Θεοῦ
3207 504 3264 558 τὸ
3306 505 3611 579 πρόσωπον
3642 510 3750 563 ἀπ-

451 594 604 651 nitus
636 593 862 650 intereat
886 613 900 662 ;
931 597 1373 668 quandoquidem
1404 607 1533 654 sunt
1561 599 1789 656 iactura:
1810 600 1927 667 Dei,
1950 601 2045 657 sed

458 695 800 744 vcterascant
844 688 1067 759 quidem
1122 698 1380 762 tanquam
1427 693 1653 749 omnino
1677 703 1898 757 creatas,
1925 710 2047 748 mu-

458 788 643 834 tentur
680 797 811 835 vero
857 791 1112 852 tanquam
1138 799 1169 838 a
1204 785 1311 840 Deo
1349 784 1603 841 conditae.
1631 784 1918 852 Quomodo
1949 803 2047 841 au-

457 883 570 929 tem
596 883 943 933 vetcrascunt
969 877 1113 933 sicut
1145 879 1534 937 vestimentum
1566 888 1626 936 et
1656 880 1799 938 sicut
1825 890 2048 953 operto-

457 965 636 1022 rium?
660 982 858 1038 nempe
884 968 955 1024 ob
979 969 1260 1026 assiduum
1291 987 1474 1028 usum.

1016 1059 1341 1119 PSALMUS
1377 1064 1492 1122 Cll.

529 1170 550 1205 ι
582 1152 690 1223 1ρεί
719 1153 912 1211 David.
946 1175 964 1210 ι

526 1245 717 1316 Neque
747 1248 1038 1318 psalmum,
1068 1266 1252 1322 neque
1278 1253 1575 1319 canticum,
1605 1270 1784 1325 neque
1816 1258 1946 1328 quid
1977 1259 2044 1312 si-

452 1333 582 1390 mile
613 1339 866 1405 praesenti
898 1339 1162 1395 vaticinio
1188 1341 1439 1411 praeﬁxit,
1469 1344 1595 1414 quia
1624 1347 1881 1401 nimirum
1911 1349 2044 1405 satis

453 1439 576 1480 esse
612 1426 963 1497 existimavit,
998 1433 1144 1501 quod
1196 1435 1524 1503 prooemium
1575 1439 1910 1493 mentionem
1961 1440 2044 1494 fa-

453 1517 562 1572 ciat
602 1519 1003 1578 benedictionis
1048 1541 1063 1579 :
1106 1536 1442 1597 quapropter
1483 1528 1650 1583 etiam
1700 1533 2041 1588 tricesimum

454 1611 676 1666 tertium
721 1613 986 1683 psalmum
1045 1632 1223 1688 neque
1274 1620 1548 1675 canticum
1596 1638 1775 1693 neque
1827 1624 2042 1681 laudem

356 1752 357 1755 η
452 1700 751 1772 inscripsit,
785 1721 910 1761 cum
946 1709 1097 1765 illum
1127 1710 1291 1765 etiam
1318 1727 1347 1765 a
1383 1712 1767 1771 benedictione
1798 1717 2038 1774 inchoet.

526 1794 688 1853 Vens.
719 1798 773 1853 5.
822 1818 839 1851 ι
870 1801 975 1867 Qui
1024 1803 1352 1874 propitiatur
1415 1808 1673 1864 omnibus
1737 1809 2043 1881 iniquitati-

452 1886 578 1943 bus.
608 1906 626 1938 ι

525 1980 660 2036 Tam
686 1997 716 2035 a
743 1984 999 2052 pra‘seuti
1028 2002 1190 2056 quam
1217 2004 1249 2044 a
1278 1988 1458 2045 futura
1492 1991 1688 2049 liberat
1735 1994 2045 2066 corruptio-

451 2087 524 2127 ne
553 2090 566 2126 :
600 2073 763 2129 modo
804 2076 952 2129 enim
987 2077 1153 2133 instat
1182 2082 1461 2153 corruptio
1495 2084 1866 2153 voluptatum,
1900 2097 2045 2156 post-

452 2164 678 2219 modum
711 2181 839 2220 vero
870 2168 1109 2237 reposita
1153 2179 1238 2225 est
1289 2172 1381 2228 illa
1426 2175 1845 2245 suppliciorum,
1870 2193 1903 2234 e
1929 2179 2047 2249 qui-

450 2253 555 2311 bus
584 2255 651 2309 ad
688 2271 746 2311 se
783 2259 1110 2315 accedentes
1142 2260 1416 2318 liberabit.

529 2346 691 2404 Vens.
716 2351 769 2405 4.
818 2369 836 2401 ι
868 2349 968 2418 Qui
998 2364 1228 2409 coronat
1248 2366 1300 2409 te
1329 2356 1384 2410 in
1412 2357 1808 2415 misericordia.
1838 2379 1860 2415 ι

522 2439 578 2496 Si
613 2442 758 2496 enim
802 2443 1058 2501 misertus
1099 2445 1270 2504 fueris
1296 2450 1527 2520 proximi
1573 2452 1672 2518 tui,
1701 2469 1800 2522 pro
1840 2469 2044 2513 corona

448 2534 547 2589 tibi
577 2551 802 2607 regnum
831 2540 1094 2595 caelorum
1116 2542 1374 2614 largietur
1404 2545 1597 2602 dicens
1624 2564 1638 2599 :
1667 2546 1865 2614 Venite,
1887 2548 2043 2611 bene-

446 2627 576 2681 dicti
604 2625 784 2682 Patris
826 2630 944 2697 mei,
981 2634 1239 2701 possidete
1276 2647 1526 2705 paratum
1571 2639 1710 2693 vobis
1754 2658 1973 2712 regnum
2007 2661 2042 2698 α

449 2719 820 2775 constitutione
868 2725 1069 2778 mundi.
1106 2723 1316 2780 Esurivi
1356 2728 1515 2792 enim,
1551 2738 1601 2783 et
1645 2730 1864 2788 dedistis
1914 2735 2045 2789 mihi

451 2810 805 2875 manducare;
837 2813 1014 2881 sitivi,
1043 2825 1092 2871 et
1124 2816 1339 2872 dedistis
1368 2820 1493 2873 mihi
1523 2819 1697 2876 bibere
1714 2820 1782 2885 “.
1829 2834 1882 2881 et
1922 2842 2043 2896 qua:

452 2911 776 2973 sequuntur.
809 2903 921 2961 Hoc
947 2916 1128 2963 autem
1150 2910 1283 2965 dicit
1309 2912 1623 2969 miserendo
1650 2932 1662 2968 :
1695 2914 1852 2970 Beati
1887 2918 2045 2972 mise-

452 2995 699 3063 ricordes,
729 2998 980 3068 quoniam
1009 3000 1110 3069 ipsi
1136 3003 1555 3062 misericordiam
1573 3021 1956 3081 consequentur
1973 3012 2041 3067 δ’.

528 3173 689 3232 Vens.
713 3177 767 3234 5.
818 3196 836 3229 ι
866 3177 968 3244 Qui
1000 3181 1175 3251 replet
1206 3181 1260 3239 in
1299 3184 1476 3241 bonis.
1507 3204 1526 3239 ι

525 3268 594 3324 Ει
621 3271 765 3340 quod
790 3281 875 3327 est
895 3273 1225 3330 desiderium
1253 3282 1537 3335 nostrum?
1565 3290 1623 3336 ut
1643 3298 1904 3340 vocemur
1923 3286 2001 3343 dii
2030 3305 2046 3342 :

453 3376 580 3415 cum
603 3362 749 3417 enim
779 3363 948 3419 Adam
971 3365 1076 3421 hoc
1100 3368 1461 3439 desideraret,
1489 3373 1717 3429 vetitum
1748 3376 1929 3433 cibum
1954 3394 2051 3450 gu-

455 3452 642 3507 stavit.
668 3454 779 3510 lioc
810 3457 975 3529 igitur
1005 3459 1343 3518 desiderium
1380 3473 1632 3521 nostrum
1654 3467 1920 3526 Dominus
1956 3475 2053 3526 im-

454 3546 625 3616 plevit
656 3547 836 3613 bonis,
861 3551 962 3606 sibi
988 3567 1087 3608 nos
1109 3554 1423 3614 conforntes
1447 3559 1684 3617 reddens
1713 3578 1813 3632 per
1842 3564 2051 3619 donum

454 3637 819 3708 baptismatis,
845 3643 920 3698 ita
953 3652 1014 3699 ut
1043 3646 1208 3701 etiam
1236 3659 1525 3720 propterea
1550 3652 1621 3708 dii
1649 3654 1821 3726 gratia
1844 3671 2054 3711 nuncu-

455 3742 581 3799 pem
590 3746 673 3785 ur.

532 3841 552 3873 ι
586 3824 961 3885 Renovabitur
983 3839 1043 3886 ut
1064 3834 1283 3904 aquilas.
1308 3854 1327 3885 ι

527 3913 664 3970 Nam
688 3933 811 3973 cum
832 3920 949 3978 haec
979 3924 1095 3980 avis
1115 3926 1278 3998 longo
1303 3938 1549 4001 tempore
1572 3933 1835 4001 senuerit,
1861 3950 2054 3989 rursus

455 4005 527 4060 ad
550 4006 789 4076 vigorem
827 4014 1003 4069 redit:
1030 4017 1234 4073 dicitur
1269 4033 1451 4077 autem
1478 4023 1633 4080 fortis
1666 4042 1789 4083 esse
1813 4021 1949 4097 post
1975 4045 2055 4084 se-

454 4098 630 4155 nium.
658 4101 928 4161 Czeterum
967 4115 1097 4165 tunc
1132 4113 1295 4167 etiam
1334 4113 1595 4183 juventus
1615 4128 1802 4173 nostra
1827 4136 2056 4177 renova-

459 4203 568 4257 tur,
598 4196 818 4264 quando
852 4198 1023 4255 instar
1060 4204 1252 4273 aquila:
1293 4204 1347 4259 in
1392 4207 1560 4263 altum
1610 4212 1915 4279 evolamus,
1946 4232 2054 4270 non

459 4286 696 4355 amplius
714 4305 833 4358 qum
855 4307 1018 4361 super
1043 4303 1262 4361 terram,
1289 4300 1382 4354 scd
1419 4317 1541 4372 qme
1574 4319 1793 4359 sursum
1823 4316 1953 4359 sunt
1976 4322 2058 4361 sa-

457 4378 707 4451 pientes;
752 4385 1207 4452 quemadmodum
1237 4392 1393 4447 nobis
1414 4411 1630 4467 quoque
1655 4396 1855 4454 Paulus
1878 4398 2053 4455 incul-

2147 603 2369 665 έδωκεν,
2398 601 2542 656 ὥστε
2576 603 2652 672 μὴ
2692 598 2977 664 παντελῶς
3003 598 3305 655 ἀπολέσθαι
3329 614 3343 630 ·
3376 599 3577 670 ἐπειδὴ
3606 598 3749 656 Θεοῦ

2144 695 2406 765 τυγχάνει
2454 696 2757 765 ποιήματα,
2796 692 2938 749 ἀλλά
2969 692 3336 749 ωλαιοῦσθαι
3368 693 3473 764 μὲν
3497 692 3578 759 ὡς
3610 693 3750 759 ὅλως

2146 786 2457 850 κτισθέντα,
2488 785 2858 840 ἀλλάσσεσθαι
2891 784 2949 839 δὲ
2972 784 3049 849 ὡς
3075 785 3228 857 παρά
3247 784 3386 839 Θεοῦ
3417 784 3747 842 κτισθέντα.

2146 878 2272 943 Πῶς
2299 878 2359 932 δὲ
2401 877 2761 933 παλαιοῦνται
2809 877 2887 942 ὡς
2933 877 3152 949 ίμάτιον
3200 877 3296 932 καὶ
3339 878 3482 932 ὡσεὶ
3525 880 3750 949 περιδό-

2145 971 2294 1029 λαιον
2317 989 2334 1040 ;
2360 973 2613 1028 τουτέστι
2632 971 2726 1025 διὰ
2749 970 2852 1041 τῆς
2888 972 3288 1044 συνεχεστέρας
3315 974 3608 1044 χρήσεως.

2685 1060 2983 1117 ΨΑΛΜΟΣ
3036 1058 3161 1118 PB'.

2222 1177 2241 1210 ι
2281 1158 2374 1229 Τῷ
2404 1158 2588 1213 Δαυῖδ.
2621 1176 2641 1212 ι
3480 1195 3503 1209 ο

2217 1252 2370 1322 Μήτι
2418 1252 2654 1324 ψαλμὸν,
2691 1255 2829 1328 μήτε
2875 1254 3041 1327 ᾠδὴν,
3091 1252 3230 1325 μήτε
3276 1268 3333 1305 τι
3370 1248 3628 1305 τοιοῦτον
3653 1246 3749 1320 τὴν

2146 1345 2430 1415 παροῦσαν
2459 1347 2803 1419 προφητείαν
2852 1346 3190 1420 ἐπέτριψεν,
3220 1345 3529 1417 ἐπειδήπερ
3548 1342 3750 1413 ἀρκεῖν

2143 1437 2322 1509 ᾠήθη,
2358 1438 2440 1493 δτι
2471 1439 2531 1495 τὸ
2572 1442 2863 1514 προοίμιον
2891 1441 3147 1510 εὐλογίας
3186 1439 3469 1511 μέμνηται
3494 1453 3510 1469 ο
3555 1435 3750 1505 διόπερ

2143 1530 2266 1584 οὔτε
2310 1532 2403 1586 τὸν
2444 1535 2769 1605 τριακοστὸν
2813 1534 2999 1607 τρίτον
3050 1532 3268 1604 ψαλμὸν
3304 1532 3340 1604 ἢ
3388 1529 3542 1603 ᾠδὴν
3592 1529 3628 1597 ἢ
3668 1524 3749 1582 αἰ-

2142 1641 2234 1678 νον
2264 1626 2602 1698 ἐπέγραψεν,
2638 1626 2699 1695 ἐξ
2719 1627 2973 1698 εὐλογίας
2995 1626 3252 1681 κάκεῖνον
3277 1624 3618 1697 ἀρχόμενοςο

2219 1822 2240 1857 ι
2274 1803 2382 1858 Τὸν
2413 1802 2800 1860 εὗῖλατεῦοντα
2827 1804 3032 1869 πάσαις
3063 1806 3186 1869 ταῖς
3211 1802 3492 1873 ἀνομίαις.
3536 1820 3560 1854 ι

2219 1982 2331 2036 Καὶ
2358 1983 2459 2055 τῆς
2502 1983 2599 2039 νῦν
2630 1984 2727 2040 καὶ
2762 1985 2865 2057 τῆς
2895 1983 3205 2056 μελλούσης
3231 1982 3581 2039 ἀπαλλάττει
3615 1982 3739 2052 φθο-

2148 2075 2282 2143 ρᾶςθ
2308 2073 2404 2129 νῧν
2449 2076 2551 2147 μὲν
2592 2076 2704 2147 γάρ
2750 2080 2783 2147 ἡ
2814 2078 2925 2132 τῶν
2954 2076 3162 2148 ἡδονῶν
3200 2075 3478 2130 ἐπίκειται
3522 2074 3744 2143 φθορὰ,

2145 2162 2375 2236 ὕστερον
2410 2166 2469 2220 δὲ
2517 2169 2552 2239 ή
2600 2169 2712 2223 τῶν
2740 2169 3029 2240 τιμωριῶν
3052 2168 3364 2237 ἀπόκειται,
3410 2167 3475 2235 ἐξ
3499 2161 3586 2223 ὧν
3617 2169 3745 2230 τοὺς

2143 2254 2296 2326 αὐτῷ
2329 2257 2806 2330 προσερχομένους
2837 2259 3088 2330 ῥύσεται.

2222 2366 2244 2400 ι
2288 2345 2394 2404 Τὸν
2432 2349 2807 2420 στεφανοῦντά
2826 2367 2888 2405 σε
2916 2351 2975 2406 ιν
3002 2350 3168 2405 ὲλέει.
3211 2368 3231 2402 ι

2229 2441 2359 2496 Ἒάν
2383 2441 2495 2514 γὰρ
2521 2438 2589 2514 ᾖς
2623 2443 2762 2515 πρὸς
2792 2443 2886 2498 τὸν
2910 2443 3143 2515 πλησίον
3174 2440 3501 2514 συμπαθὴς,
3530 2438 3740 2508 στέφα-

2142 2531 2236 2586 νόν
2256 2548 2339 2589 σοι
2370 2531 2471 2604 τὴν
2489 2533 2601 2587 τῶν
2618 2533 2871 2606 οὐρανῶν
2900 2532 3183 2604 βασιλείαν
3200 2532 3496 2603 χαρίσεται
3516 2530 3710 2599 λέγων
3726 2546 3741 2560 ⁸

2142 2624 2324 2680 Δεῦτε
2360 2629 2416 2680 at
2445 2627 2847 2697 εὐλογημένοι
2872 2626 2980 2681 τοῦ
3014 2625 3253 2694 Πατρός
3266 2641 3409 2694 μου,
3440 2627 3747 2691 κληρονυο

2139 2716 2377 2786 μήσατο
2423 2720 2540 2787 τὴν
2570 2718 3027 2789 ἡτοιμασμένην
3064 2718 3208 2789 ὑμῖν
3226 2718 3593 2784 -βασιλείαν
3624 2716 3744 2771 ἀπὸ

2144 2809 2487 2880 καταϐολῆς
2514 2812 2773 2881 κόσμου.
2818 2812 3147 2866 Ἐπεὶνασα
3171 2809 3283 2881 γὰρ
3302 2850 3318 2876 ,
3341 2809 3446 2865 καί
3478 2807 3743 2883 ἐδώκατέ

2139 2922 2243 2975 μοι
2283 2903 2519 2975 φαγεῖν·
2560 2904 2849 2973 ἐδίψησα,
2892 2904 2991 2959 καί
3026 2903 3350 2959 ἐποτίσατέ
3382 2919 3497 2973 με,
3542 2902 3641 2972 καὶ
3677 2901 3744 2973 τὴ

2141 2996 2354 3060 τούτοις
2384 2994 2647 3066 ἑπόμενα·
2672 2994 2839 3049 ἐλεῶν
2864 2995 2921 3049 δὲ
2949 2997 3110 3049 τοῦτο
3133 2995 3286 3064 λέγει
3310 3012 3326 3025 ·
3359 2993 3663 3064 Μακάριοι
3688 2996 3743 3064 at

2070 3124 2115 3187 ο
2145 3087 2498 3159 ἐλεήμονες,
2539 3088 2629 3143 ὅτι
2658 3088 2831 3143 αὐτοὶ
2849 3088 3308 3157 ἐλεηθήσονται.

2227 3199 2249 3234 ι
2281 3182 2386 3237 Τὸν
2413 3182 2774 3254 ὲμπιπλῶντα
2799 3185 2858 3237 έν
2875 3183 3128 3253 ἀγαθοῖς.
3170 3202 3189 3235 ι

2221 3275 2334 3330 Καὶ
2365 3274 2448 3339 τίς
2479 3274 2693 3347 ’ήμῶνή
2722 3274 3031 3346 έπιθυμία;
3074 3274 3361 3346 κληθῆναι
3397 3274 3588 3339 θεούς·
3618 3274 3739 3330 τοῦθ

2150 3384 2243 3422 του
2266 3367 2373 3438 γὰρ
2399 3367 2755 3438 ἐπιθυμήσας
2778 3366 3016 3441 ὁἈδάμ,
3047 3369 3143 3437 τῆς
3170 3367 3563 3439 ἀπειρημένης
3591 3366 3743 3436 ἐγεύ-

2154 3478 2287 3516 σατο
2337 3458 2614 3531 βρώσεως.
2669 3458 2888 3531 Ταύτην
2932 3459 3116 3513 τοίνυν
3140 3458 3300 3531 ήμῶν
3330 3460 3367 3511 ὁ.
3403 3458 3621 3529 Κύριος
3648 3458 3743 3527 τὴν

2152 3553 2452 3623 ἐπιθυμίαν
2508 3550 2736 3620 ἀγαθοῖς
2796 3551 3106 3623 ἐπλήρωσε,
3179 3551 3544 3623 συμμόρφους
3601 3552 3741 3620 ἡμᾶς

2155 3645 2352 3701 ἑαυτοῦ
2379 3644 2730 3716 καταστήσας
2750 3644 2818 3714 τῇ
2840 3642 3018 3714 δωρεᾷ
3045 3642 3141 3697 τοῦ
3167 3643 3577 3712 βαπτίσματος,
3605 3642 3744 3697 ὥστε

2156 3739 2251 3793 καὶ
2279 3736 2434 3800 θεοὺς
2459 3736 2546 3790 διὰ
2575 3736 2736 3790 τοῦτο
2762 3735 3274 3807 προσαγορεύεσθαι
3298 3736 3509 3809 χάριτι.

2232 3848 2253 3881 ι
2310 3826 2858 3898 Ἀνακαινισθήσεται
2887 3826 2961 3891 ὡς
2995 3826 3180 3883 ἀετοῦ.
3222 3847 3242 3880 ι

2228 3918 2422 3989 Χρόνῳ
2452 3916 2561 3989 γὰρ
2608 3915 2789 3987 πολλῷ
2817 3915 2979 3971 τοῦτο
3012 3918 3265 3989 γηράσαν
3300 3918 3361 3972 τὸ
3389 3918 3556 3984 ζῶον,
3582 3921 3750 3974 ἐπαν-

2159 4015 2382 4083 έρχεται
2424 4011 2504 4074 είς
2543 4010 2763 4079 ἀκμήν·
2812 4004 2955 4063 εἶναι
3004 4009 3060 4063 δὲ
3094 4011 3189 4065 καὶ
3216 4009 3440 4083 ίσχυρδν
3475 4012 3622 4082 μετὰ
3654 4011 3747 4081 γῆ-

2159 4120 2257 4173 ρας
2305 4100 2541 4170 λέγεται.
2595 4097 2744 4169 Πλὴν
2782 4099 2903 4152 τότε
2934 4100 2967 4171 ἡ
2995 4099 3185 4171 νεότης
3212 4100 3370 4172 ἡμῶν
3404 4101 3485 4165 είς
3516 4103 3749 4155 ἀνακαι-

2156 4204 2350 4271 νισμδν
2372 4200 2611 4272 ἔρχεται,
2647 4200 2776 4255 ὅταν
2804 4196 3104 4270 ὑψιπετοῦς
3135 4196 3295 4251 ἀετοῦ
3325 4195 3483 4265 δίκην
3507 4193 3750 4265 γενώμε·

2158 4295 2249 4360 Θα,
2278 4295 2478 4366 μηκέτι
2524 4294 2592 4347 τὰ
2634 4292 2734 4362 τῆς
2776 4292 2900 4363 γῆς,
2943 4290 3082 4345 ἀλλά
3125 4289 3195 4345 τὰ
3224 4289 3337 4344 ἀνω
3370 4289 3745 4360 φρονοῦντες·

2157 4387 2350 4458 ὥσπερ
2375 4388 2507 4458 ἡμῖν
2542 4385 2635 4440 καὶ
2667 4384 2880 4448 Παῦλος
2912 4384 3169 4437 ὑπέθετο.
3216 4381 3404 4436 ’Ᾱετοῦ
3450 4381 3508 4435 δὲ
3564 4380 3746 4442 ποίου,

458 4472 622 4526 cavit.
649 4473 834 4539 Qualis
857 4487 1037 4533 autem
1063 4483 1295 4553 aquilae?
1343 4486 1529 4558 utique
1553 4489 1791 4555 Christi;
1835 4491 1903 4546 dc
1939 4508 2047 4563 quo

2161 4481 2272 4535 ἀλλ’
2301 4480 2334 4551 ἢ
2373 4480 2594 4544 πάντως
2634 4477 2727 4531 τοῦ
2765 4477 3001 4549 Χριστοῦ
3022 4515 3036 4542 ,
3072 4475 3202 4547 περὶ
3231 4469 3293 4530 οὗ
3325 4475 3539 4545 Μωσῆς
3574 4475 3750 4537 οὕτως

458 4564 673 4637 Moyses
709 4567 781 4623 ita
810 4586 1012 4630 canens
1050 4575 1382 4635 insinuavit:
1411 4580 1558 4636 Sicut
1588 4583 1772 4654 aquila
1806 4587 1929 4652 tegit
1964 4587 2047 4638 ni-

456 4660 583 4713 dum
611 4677 784 4728 suum,
811 4673 858 4717 et
901 4682 1057 4734 super
1094 4670 1267 4739 pullos
1292 4689 1413 4727 suos
1443 4664 1763 4728 desideravit
1794 4672 2047 4746 [Vulgata

457 4751 763 4826 volavit".j
811 4754 874 4810 Et
907 4758 1030 4827 quis
1062 4760 1151 4815 hic
1190 4762 1356 4819 fuerit
1400 4764 1688 4834 subjunxit
1729 4781 1741 4816 :
1795 4763 2048 4821 Dominus

454 4842 600 4898 solus
631 4846 781 4900 duxit
809 4865 893 4903 eos
916 4864 934 4903 :
960 4860 1010 4905 et
1038 4868 1139 4906 non
1170 4864 1285 4908 erat
1311 4872 1426 4910 cum
1452 4857 1525 4911 eis
1556 4856 1691 4910 Deus
1723 4856 2009 4913 alienus“.

530 4934 694 4993 Vens.
720 4938 773 4994 7.
819 4960 838 4992 ι
867 4941 1037 5000 Notas
1059 4944 1190 5001 fecit
1214 4947 1335 5004 vias
1358 4964 1487 5004 suas
1509 4949 1698 5020 Moysi.
1734 4969 1754 5001 ι

525 5025 693 5098 Olim,
719 5029 1203 5105 inquit,judicium
1228 5037 1392 5093 faciet
1429 5038 1685 5109 injuriam
1727 5041 1922 5111 passis.
1946 5042 2050 5096 De-

456 5122 702 5195 signatur
737 5134 921 5181 autem
961 5127 1066 5192 lex,
1090 5128 1147 5184 in
1188 5145 1296 5201 qua
1336 5130 1452 5186 vias
1491 5146 1639 5196 suas,
1667 5132 1877 5188 scilicet
1899 5150 2052 5188 man-

456 5214 603 5277 data,
634 5213 803 5288 Moysi
839 5218 1164 5285 notilicavit,
1188 5229 1245 5276 et
1279 5237 1375 5291 per
1413 5223 1594 5293 ipsum
1617 5222 1740 5280 ﬁliis
1772 5224 1937 5281 lsrael
1961 5242 2055 5279 τοο.

458 5305 696 5362 luutates
735 5325 881 5364 suas.
907 5309 1172 5367 Voluntas
1213 5313 1360 5368 enim
1403 5315 1499 5370 Dei
1545 5325 1650 5380 est,
1694 5325 1754 5371 ut
1802 5332 1911 5371 non
1960 5318 2052 5373 ﬁat

458 5398 810 5467 adulterium,
833 5415 1013 5472 neque
1058 5403 1436 5469 homicidium,
1472 5421 1653 5477 neque
1699 5407 1926 5475 furtum,
1953 5424 2055 5463 ne-

459 5505 569 5559 que
597 5490 790 5546 falsum
814 5491 1221 5562 testimonium;
1246 5497 1505 5567 quoniam
1538 5499 1640 5555 hoc
1671 5501 1835 5557 modo
1872 5500 2050 5557 salva-

461 5599 606 5639 mur.

536 5678 698 5734 Vens.
726 5678 781 5735 8.
822 5680 1103 5739 Miserator
1123 5692 1178 5740 et
1204 5684 1516 5745 misericors
1537 5684 1819 5743 Dominus.
1849 5706 1866 5739 ι

2153 4574 2294 4646 ᾅδων
2322 4573 2591 4643 ὴνίττετο,
2636 4570 2732 4638 Ὠς
2767 4569 2943 4635 ἀετὸς
2969 4569 3250 4630 σκεπάζει
3292 4567 3564 4624 νοσσιὰν
3609 4569 3749 4623 θέαι)⁶

2151 4667 2279 4729 τοῦ,
2309 4665 2408 4720 καί
2435 4663 2534 4718 ἐπὶ
2554 4662 2679 4730 τοῖς
2698 4661 2986 4728 νεοσσοῖς
3007 4662 3193 4719 αὑτοῦ
3224 4662 3576 4729 ἐπεπόθησε
3586 4678 3607 4727 ;
3645 4662 3749 4715 Καὶ

2150 4757 2235 4821 τίς
2273 4750 2428 4821 οὗτος
2466 4756 2715 4824 ἐπήγαγε
2742 4770 2757 4785 ’
2815 4754 3031 4822 Κύριος
3053 4753 3244 4824 μόνος
3275 4748 3422 4823 ἦγεν
3463 4754 3699 4821 αὐτούς
3729 4767 3744 4784 .

2153 4847 2251 4903 καὶ
2282 4851 2396 4902 οὐκ
2429 4841 2510 4917 ἦν
2535 4844 2664 4915 μετ’
2686 4842 2887 4898 αὐτῶν
2909 4843 3055 4910 Θεὸς
3080 4843 3422 4913 ἀλλότριος.

2228 4960 2248 4993 ι
2307 4937 2606 5012 Ἐγνὼρισε
2639 4937 2739 5002 τάς
2763 4938 2915 5001 ὁδοὺς
2946 4937 3112 4992 αὑτοῦ
3139 4937 3218 5008 τῷ
3249 4938 3445 5008 Μωσῇ.
3484 4957 3505 4990 ι

2225 5034 2422 5102 Πάλαι,
2448 5034 2810 5105 φησὶμκρῖμα
2840 5035 2988 5087 ποιεῖ
3006 5035 3116 5097 τοῖς
3147 5031 3556 5102 ἀδικουμένοις.
3586 5028 3749 5102 Δηλοῐ

2152 5127 2317 5182 τάσδε
2352 5129 2381 5181 ὁ
2410 5127 2573 5197 νόμος
2599 5167 2614 5193 ,
2650 5125 2707 5178 έν
2742 5119 2785 5193 ᾧ
2813 5124 2914 5189 τὰς
2967 5125 3121 5188 ὁδοὺς
3152 5124 3319 5178 αὐτοῦ
3349 5164 3364 5189 ,
3396 5124 3603 5195 δηλαδὴ
3649 5125 3745 5185 τάς

2154 5219 2399 5285 ἐντολὰς,
2429 5217 2509 5289 τῷ
2537 5219 2709 5288 Minoi;
2735 5216 3024 5286 ἐγνώρισε,
3055 5217 3151 5270 καὶ
3171 5215 3240 5270 δι’
3268 5216 3435 5270 αὐτοῦ
3463 5220 3579 5281 τοῖς
3608 5218 3744 5280 υίοῖς

2169 5310 2391 5382 Ἰσραὴλ
2423 5310 2492 5365 τὰ
2523 5308 2810 5380 θελήματα
2836 5309 3025 5363 αὐτοῦ.
3057 5308 3283 5381 Θέλημα
3314 5310 3425 5380 γὰρ
3458 5309 3557 5364 τοῦ
3584 5309 3740 5376 Θεοῦ,

2155 5407 2217 5459 τὸ
2241 5405 2316 5476 μὴ
2349 5403 2649 5475 μοιχεύειν,
2683 5402 2759 5474 μὴ
2793 5404 3064 5471 φονεύειν,
3100 5402 3176 5474 μή
3202 5402 3481 5471 κλέπτειν,
3515 5402 3595 5476 μή
3614 5403 3744 5473 ψευ-

2155 5501 2519 5572 δομαρτυρεῖν
2549 5514 2561 5527 ·
2602 5496 2789 5568 ἐπειδὴ
2814 5496 2903 5551 διὰ
2927 5495 3135 5551 τούτων
3156 5495 3469 5568 σωζόμεθα.
3508 5543 3515 5550 .

3570 5650 3611 5686 _.l

2235 5706 2253 5739 ι
2288 5685 2602 5758 Οἱκτίρμων
2629 5683 2725 5738 καὶ
2757 5683 3003 5758 ἐλεήμων
3039 5686 3066 5738 ὁ
3094 5682 3317 5755 Κύριος.
3359 5701 3379 5736 ι

539 5848 585 5884 ⁸¹
620 5850 813 5909 Matth.
851 5869 979 5921 xxv,
1020 5857 1107 5913 3i.
1174 5859 1217 5891 ³²
1255 5858 1449 5917 Matth.
1482 5878 1537 5928 v,
1569 5863 1621 5918 7.
1694 5864 1738 5895 ³⁵³
1776 5862 1938 5918 Deut.
1969 5876 2145 5930 usu,
2175 5860 2260 5916 ll.
2336 5838 2543 5917 “ibid.
2586 5859 2671 5915 12.
