3950 6406
205 326 338 393 lati

1366 324 1833 385 FRAGMENTA
1872 325 1950 387 ΙΝ
1985 326 2350 390 PSAIMOS.

3355 331 3492 399 1282

271 439 488 495 Οὐκοῦν
522 437 646 493 οὐτε
682 436 976 502 διαπαντὸς
1017 436 1095 508 τῷ
1129 436 1288 508 θυμῷ
1322 435 1502 509 (τοῦτο
1530 437 1640 508 γάρ
1673 438 1790 489 ἐστι

1967 437 2153 508 Itaque
2180 455 2290 493 non
2315 449 2582 510 perpetuo
2603 442 2732 512 (hoc
2753 440 2900 497 enim
2927 450 3008 495 est
3032 441 3084 494 in
3108 439 3285 510 ﬁnem)
3308 452 3494 497 utetur

200 532 281 595 τὸ,
301 533 391 597 εἰς
413 530 610 598 τέλος)
628 530 916 600 χρήσεται,
946 527 1070 581 οὐτε
1101 530 1192 582 τὸν
1217 529 1364 582 ἔλεον
1395 527 1659 599 διηνεκῶς
1681 528 1795 590 τοῖς

195 622 446 690 ἀναξίοις
475 622 784 695 χιρίζεται·
814 621 939 676 ἐπεὶ
972 622 1089 686 πῶς
1110 622 1140 674 δ
1173 622 1305 684 Θεὸς
1339 619 1554 692 κριτὴς,
1591 619 1686 672 καὶ
1716 619 1795 671 δί-

195 733 380 782 καιος,
405 718 505 772 καὶ
536 717 778 788 ἰσχυρὸς,
805 715 901 769 καὶ
927 715 1321 788 μακρόθυμος;
1347 713 1466 777 πῶς
1490 711 1795 768 ἀποδώσει

192 806 442 872 ἑκάστῳ
497 804 650 859 κατὰ
697 805 769 859 τὰ
816 805 964 875 ἔργα
1009 803 1230 869 miror”);
1285 804 1465 874 Κιρνᾷ
1497 798 1677 856 τοίνυν
1716 799 1796 873 τῷ

193 899 340 970 ἐλέῳ
371 899 471 970 τὴν
500 898 694 969 ὀργὴν,
733 898 822 951 ὅτε
889 898 988 968 μὲν
1034 897 1187 951 ἐλέου
1221 895 1434 968 καιρὸς,
1466 894 1628 949 αὐτὸν
1661 911 1786 964 προ-

192 990 566 1061 στελλόμενος⁸
592 990 679 1042 ὅτε
701 988 760 1042 δὲ
794 989 991 1059 ὀργῆς,
1015 988 1298 1060 ἐπιφέρων
1329 990 1386 1042 ὲν
1408 987 1593 1060 ἡμέρᾳ
1621 985 1794 1058 ὀργῆς

190 1083 298 1136 καὶ
324 1081 730 1154 δικαιοκρισίας
750 1097 762 1110 ⁸
793 1083 853 1134 ἐν
954 1121 969 1144 ,
1002 1081 1169 1152 φησὶν
1202 1082 1230 1134 ὁ
1263 1079 1497 1145 Παῦλος,
1519 1078 1795 1134 ἀποδώσει

190 1175 422 1244 ἑκάστῳ
450 1173 593 1227 κατὰ
615 1172 683 1226 τὰ
713 1172 853 1244 ἔργα
875 1171 1067 1226 αὐτοῦ.
1108 1173 1334 1245 Διόπερ,
1363 1174 1552 1244 φησιν,
1589 1173 1690 1225 οὐκ
1715 1174 1795 1236 εἰς

189 1267 294 1320 τὸν
324 1267 502 1322 αἰῶνα
543 1268 748 1337 μηνιεί,
776 1266 870 1320 τὸν
894 1267 1144 1338 παρόντα
1175 1267 1349 1322 αἰῶνα
1375 1283 1387 1296 ·
1420 1267 1499 1338 τῷ
1536 1265 1788 1338 μέλλοντι

189 1361 310 1434 γὰρ
343 1361 445 1431 τὴν
471 1359 656 1432 κρίσιν
685 1359 780 1414 καὶ
811 1359 911 1431 τὴν
936 1359 1108 1431 ὀργὴν
1139 1359 1434 1430 ἐφύλαξεν.

277 1561 298 1594 ι
341 1540 544 1605 Καθὼς
568 1540 834 1610 οἱκτείρει
865 1541 1053 1614 πατὴρ
1078 1541 1252 1605 υἱούς.
1288 1560 1308 1596 ι
1395 1587 1398 1590 .

285 1634 377 1689 Ἐν
417 1635 598 1705 σκότῳ
646 1635 756 1706 γάρ
787 1635 898 1688 εἰσι
929 1637 1025 1688 καὶ
1067 1635 1290 1704 δεσμοῖς
1312 1637 1361 1690 οἱ
1401 1637 1458 1690 ὲν
1494 1637 1796 1709 ἁμαρτίαις

189 1728 566 1800 τυγχάνοντες
593 1727 896 1800 ἄνθρωποι·
929 1728 1339 1797 ἀπαλλαγέντες
1378 1730 1434 1783 δὲ
1467 1729 1577 1784 τῶν
1607 1731 1791 1800 πλημο

195 1825 348 1894 μελη
357 1823 566 1893 μάτων,
594 1823 654 1875 ἐν
678 1821 820 1892 φωτὶ
838 1821 1086 1892 δηλονότι
1119 1823 1509 1894 μετατεθέντες
1528 1823 1790 1893 γίνονται·

192 1915 346 1969 ὥστε
377 1915 604 1978 εἰκότως
634 1914 732 1986 τὴν
765 1913 874 1967 τῶν
901 1915 1318 1986 ἁμαρτημάτων
1342 1916 1667 1987 ἀπαλλαγὴν
1700 1933 1796 1986 με·

195 2007 441 2062 τάδασιν
490 2009 592 2076 τὴν
635 2006 1010 2078 ἀπδδυσμῶν
1056 2007 1139 2070 εἰς
1175 2006 1442 2070 ἀνατολὰς
1483 2007 1754 2078 κέκληκεν
1777 2024 1795 2043 ο

195 2100 343 2172 ὁμοῦ
371 2101 429 2154 δὲ
475 2101 572 2155 καὶ
615 2102 766 2171 ἡμᾶς
793 2099 1004 2167 διδάξαι
1033 2137 1048 2163 ,
1075 2099 1130 2152 τί
1164 2097 1332 2168 μέσον
1371 2096 1652 2170 ἁμαρτίας
1699 2099 1796 2152 καὶ

195 2193 552 2264 δικαιοσύνης
585 2192 929 2263 βουλόμενος.

277 2306 297 2338 ι
340 2287 463 2340 Ὅτι
484 2284 648 2349 αὐτὸς
673 2283 815 2354 ἔγνω
850 2283 913 2336 τὸ
935 2283 1162 2355 πλάσμα
1195 2281 1374 2353 ἡμῶν.

278 2467 518 2530 Εἰκότως
546 2467 702 2538 ἡμῖν,
736 2463 894 2535 φησὶ,
923 2461 1290 2534 χρηστεύεται
1313 2479 1327 2492 ο
1354 2458 1461 2516 οἶδε
1493 2461 1603 2534 γὰρ
1630 2460 1793 2532 ἡμῶν

207 2557 302 2612 τοῦ
341 2556 662 2628 πλάσματος
696 2557 794 2626 τὴν
827 2553 1118 2610 ἀσθένειαν
1141 2569 1154 2583 ⁸
1187 2553 1404 2625 πρῶτον
1435 2553 1558 2624 μὲν,
1593 2552 1668 2616 ὡς
1694 2552 1795 2605 αὐ-

202 2651 296 2713 τὸς
325 2651 538 2715 πλάσας
565 2651 710 2720 ἡμᾶς
729 2666 744 2681 ο
771 2648 969 2702 ἔπειτα
1003 2646 1332 2715 σαρκωθεὶς,
1363 2645 1461 2701 καὶ
1489 2644 1610 2699 καθ’
1639 2646 1794 2715 ἡμᾶς

198 2745 498 2816 γενόμενος
517 2742 828 2814 ἄνθρωπος.

280 2857 301 2890 ι
341 2837 664 2909 Ἄνθρωπος
685 2832 820 2886 ὡσεὶ
848 2832 1063 2904 χόρτος.

291 2928 460 3000 Ὀμού
486 2927 586 2998 μὲν
625 2924 782 2998 ἡμῶν
818 2924 880 2978 τὸ
909 2923 1131 2996 σαθρὸν,
1155 2922 1293 2993 ὁμοῦ
1316 2921 1373 2974 δὲ
1400 2921 1496 2974 καὶ
1524 2919 1792 2992 πρόσκαι-

207 3041 302 3098 ρον
335 3025 452 3087 τοῖς
473 3020 787 3091 εἰρημένοις
817 3017 1042 3084 ἔδειξεν.

283 3134 304 3167 ι
340 3113 417 3168 Τὸ
439 3112 496 3167 δὲ
524 3111 673 3172 ἔλεος
698 3109 794 3164 τοῦ
832 3109 1043 3181 Κυρίου
1067 3107 1176 3163 ἀπὸ
1198 3105 1293 3161 τοῦ
1324 3105 1543 3170 αἰῶνος.
1583 3124 1603 3157 ι

275 3207 478 3270 Καλῶς
518 3205 577 3260 δὲ
623 3203 860 3276 διαθήκη
911 3205 939 3256 ὁ
984 3201 1150 3272 νόμος
1191 3199 1284 3256 τοῦ
1325 3200 1464 3255 Θεοῦ
1520 3200 1796 3274 προσηγό-

209 3318 424 3376 ρευται,
456 3299 547 3354 ἵνα
577 3295 948 3369 κληρονομίαν
987 3293 1301 3364 ὲλπίζωμεν
1325 3290 1386 3358 ἐξ
1409 3291 1584 3363 αὐτῆς
1615 3294 1664 3346 ot
1691 3310 1797 3365 φυ-

207 3394 520 3456 λάττοντες.

286 3506 306 3539 ι
343 3485 550 3557 Κύριος
573 3483 633 3536 ἐν
653 3480 734 3552 τῷ
762 3480 979 3553 οὐρανῷ
1008 3479 1300 3552 ἡτοίμασε.
1335 3496 1354 3530 ι

282 3577 570 3632 Βασιλεύει
605 3575 716 3646 γὰρ
756 3574 1035 3641 ἁπάντων,
1082 3573 1117 3644 ἦ
1153 3571 1418 3638 ἀκόντων,
1446 3571 1481 3643 ἢ
1523 3569 1793 3624 ἑκόντωνσ

215 3672 491 3743 μακάριος
517 3670 576 3724 δὲ
624 3669 682 3733 ὃς
713 3666 859 3722 ἑκὼν
888 3667 1252 3721 ὐποτάττεται
1270 3681 1284 3696 ·
1328 3664 1520 3735 μισθὸν
1547 3662 1658 3734 γὰρ
1694 3662 1798 3732 τῆς

212 3762 468 3818 ἑκουσίου
493 3759 736 3828 δουλείας
769 3758 832 3812 τὸ
868 3757 988 3830 μετ’
1021 3755 1188 3811 αὐτοῦ
1224 3755 1542 3828 βασιλεῦσαι
1571 3754 1668 3809 τοῦ
1697 3756 1797 3808 Δε-

212 3855 440 3920 σπότου,
474 3853 504 3905 δ
529 3849 771 3914 τοιοῦτος
795 3849 1036 3920 δέχεται.

287 3967 306 4000 ι
339 3946 555 4000 Αἰνεῖτε
577 3942 669 3998 τὸν
692 3941 922 4014 Κύριον,
952 3940 1133 3994 πάντα
1156 3937 1225 3992 τὰ
1263 3937 1424 4010 ἔργα.
1463 3956 1482 3992 ι

285 4058 308 4092 ι
357 4038 620 4100 Φυσικαῖς
662 4033 906 4106 δηλονότι
959 4035 1260 4102 κινήσεσιν.
1310 4032 1373 4085 Ei
1414 4030 1472 4084 δὲ
1511 4029 1691 4084 πάντα
1728 4027 1799 4082 τὰ

210 4131 353 4204 ἔργα
378 4129 600 4198 εὐλογεί
631 4126 722 4181 τὸν
753 4125 910 4191 Θεὸν,
943 4122 1064 4186 πῶς
1095 4123 1157 4176 οὐ
1197 4122 1332 4176 πολύ
1371 4121 1576 4192 μᾶλλον
1608 4121 1794 4192 ἡμεῖς,

209 4225 260 4279 οἰ
298 4221 567 4276 πλειόνων
611 4220 711 4291 μὲν
750 4217 885 4290 παρ’
923 4213 1092 4269 αὐτοῦ
1127 4215 1224 4269 καὶ
1253 4214 1520 4285 μειζόνων
1545 4212 1798 4268 ἀπολαύ-

208 4334 436 4382 σαντες,
467 4316 700 4388 δργανον
730 4314 788 4369 δὲ
812 4313 911 4385 τῆς
941 4311 1200 4380 εὐλογίας
1231 4311 1364 4381 παρ’
1397 4309 1566 4365 αὐτοῦ
1589 4309 1685 4364 τὸν
1717 4308 1799 4363 λό-

209 4431 311 4483 γον
351 4410 640 4483 δεξάμενοι
664 4427 680 4478 ;

292 4525 314 4557 σ
359 4505 453 4559 Ἐν
473 4504 640 4558 παντὶ
669 4501 823 4573 τόπῳ
848 4501 949 4572 τῆς
991 4497 1316 4562 δεσποτείας
1347 4495 1537 4552 αὐτοῦ.
1581 4515 1600 4548 ι

286 4597 413 4653 Κᾶν
444 4599 504 4652 ὲν
539 4597 717 4667 ἀγορᾷ
746 4593 942 4667 τύχῃς,
965 4593 1067 4646 κᾶν
1103 4593 1163 4646 ὲν
1196 4588 1432 4662 λουτρῷ,
1481 4588 1590 4643 κᾶν
1619 4589 1677 4642 ἐν
1711 4587 1800 4646 δετ

1900 529 2296 601 indignatione,
2321 547 2504 602 neque
2531 548 2749 604 semper
2781 533 3017 604 indignis
3062 532 3492 587 misericordiam

1899 623 2125 693 largitur
2160 641 2173 678 :
2211 623 2453 696 alioquin
2503 626 2781 696 quomodo
2810 626 2954 681 Deus
2994 625 3185 696 judex,
3213 626 3492 696 etjustus.

1898 724 1952 768 et
1983 713 2138 770 fortis
2157 758 2172 782 ,
2207 724 2262 770 et
2293 716 2669 789 longanimis?
2699 719 2977 789 quomodo
3008 719 3188 772 reddet
3214 719 3495 788 unicuique

1897 809 2181 862 secundum
2229 825 2386 879 opera
2436 811 2650 881 ejus‘??
2702 811 2842 865 Iram
2900 810 3066 882 igitur
3117 808 3493 864 misericordia

1899 901 2234 964 moderatur,
2266 903 2490 972 quando
2519 903 2741 973 quidem
2784 913 3001 974 tempus
3031 901 3355 965 miserendi,
3393 901 3494 955 mi-

1898 992 2250 1049 sericordiam
2287 1010 2637 1066 proponens;
2674 996 2898 1066 quando
2942 1009 3074 1050 vero
3123 1003 3340 1064 tempus
3389 994 3494 1048 ira-

1898 1085 2106 1150 scendi,
2139 1086 2272 1140 iram
2306 1086 2554 1158 irrogans
2583 1087 2638 1140 in
2676 1086 2763 1142 die
2793 1087 2888 1141 ira:
2921 1095 2977 1140 et
3006 1084 3140 1156 justi
3172 1083 3364 1156 judicii
3390 1101 3404 1149 ;
3435 1084 3491 1138 in

1896 1195 2024 1249 qua,
2081 1179 2256 1248 inquit
2310 1179 2533 1244 Paulus,
2585 1179 2776 1234 reddet
2835 1178 3132 1248 unicuique
3192 1179 3493 1234 secundum

1897 1286 2064 1341 opera
2106 1271 2306 1338 ejus“.
2332 1269 2698 1341 Quapropter,
2743 1271 2957 1340 inquit,
2993 1285 3104 1324 non
3147 1269 3199 1324 in
3233 1270 3492 1324 saeculum

1897 1365 2104 1419 scilicet
2133 1379 2373 1435 praesens
2405 1363 2858 1428 comminabitur;
2896 1364 3081 1417 futuro
3117 1362 3260 1416 enim
3293 1361 3494 1417 sarculo

1892 1456 2158 1524 judicium
2194 1465 2249 1510 et
2276 1457 2411 1510 iram
2443 1454 2766 1512 reservavit.

1975 1549 2138 1604 Vens.
2165 1550 2251 1605 15.
2301 1569 2320 1601 ι
2350 1547 2637 1614 Quomodo
2673 1546 2964 1602 miseretur
2993 1553 3148 1616 pater
3179 1544 3432 1600 ﬁliorum.
3467 1563 3486 1594 ι

1969 1642 2028 1695 ln
2086 1641 2326 1697 tenebris
2355 1641 2502 1695 enim
2551 1649 2608 1695 et
2656 1654 2854 1693 occasu
2891 1645 3182 1693 versantur
3239 1637 3492 1690 homines

1898 1734 1990 1804 qui
2021 1737 2074 1788 in
2109 1734 2349 1804 peccatis
2369 1733 2681 1799 exsistunt;
2707 1747 2738 1786 a
2767 1731 2982 1786 delictis
3017 1745 3145 1784 vero
3173 1729 3409 1794 liberati,
3439 1729 3493 1782 in

1903 1829 2076 1883 lucem
2119 1827 2304 1897 utique
2348 1826 2590 1882 translati
2625 1834 2788 1890 sunt;
2824 1825 2896 1878 ita
2944 1832 3004 1877 ut
3051 1833 3398 1892 peccatorum
3432 1823 3494 1876 li-

1902 1922 2240 1976 berationem
2271 1919 2396 1990 jure
2437 1919 2634 1974 merito
2669 1916 2948 1974 vocaverit
2988 1916 3056 1970 ab
3085 1931 3281 1970 occasu
3310 1917 3377 1970 ad
3405 1931 3496 1969 or-

1903 2023 2017 2068 tum
2057 2014 2498 2079 translationem;
2533 2011 2695 2066 simul
2743 2025 2962 2080 quoque
3008 2025 3110 2063 nos
3161 2009 3356 2064 docere
3400 2024 3494 2063 cu-

1903 2108 2080 2178 piens,
2117 2107 2244 2177 quid
2282 2107 2426 2162 inter
2463 2115 2750 2176 peccatum
2779 2113 2834 2160 ct
2864 2103 3132 2175 justitiam
3169 2104 3400 2158 intersit.

1972 2293 2135 2349 Vens.
2178 2293 2266 2348 l4.
2313 2309 2332 2343 ι
2372 2289 2644 2357 Quoniam
2695 2287 2810 2358 ipse
2859 2284 3116 2357 cognovit
3173 2284 3490 2355 ﬁgmentum

1900 2396 2171 2444 nostrum.
2205 2406 2224 2440 ι

1971 2477 2199 2540 Merito,
2234 2474 2440 2544 inquit,
2475 2472 2638 2528 nobis
2689 2470 2958 2541 benignus
3000 2475 3084 2522 est
3117 2486 3128 2520 :
3165 2465 3317 2519 novit
3343 2463 3491 2517 enim

1899 2579 2112 2625 natura:
2168 2579 2371 2623 nostra;
2421 2564 2852 2620 imbecillitatem
2893 2581 2907 2616 :
2959 2560 3196 2630 primum
3244 2557 3490 2626 quidem,

1898 2662 2162 2733 quoniam
2214 2661 2332 2730 ipse
2386 2671 2488 2712 nos
2520 2654 2814 2720 formavit;
2846 2651 3047 2708 deinde
3077 2649 3206 2719 quia
3242 2649 3493 2703 incarna-

1901 2768 1990 2812 tus
2017 2755 2138 2821 fuit,
2171 2763 2227 2808 et
2250 2753 2556 2810 secundum
2575 2765 2679 2806 nos
2711 2749 2874 2803 homo
2898 2747 3078 2802 factus
3101 2754 3208 2799 est.

1973 2848 2138 2903 Vens.
2166 2845 2252 2900 15.
2301 2864 2318 2896 ι
2351 2845 2546 2907 Homo,
2581 2843 2725 2897 sicut
2764 2841 2976 2896 fcitum.
3010 2858 3030 2892 ι

1970 2942 2066 2996 llis
2097 2939 2282 2995 verbis
2302 2936 2462 2992 simul
2491 2944 2547 2990 et
2575 2935 2836 2991 caducam
2863 2942 2922 2988 et
2959 2927 3344 3000 temporariam
3367 2941 3497 2982 con-

1899 3035 2161 3091 ditionem
2189 3041 2435 3086 nostram
2469 3027 2892 3084 demonstravit.

1821 3149 1870 3213 ο
1971 3122 2244 3180 Vens.16.
2293 3140 2310 3173 ι
2335 3119 2708 3176 Misericordia
2733 3125 2915 3173 autem
2935 3115 3156 3172 Domini
3178 3129 3210 3169 a
3236 3112 3490 3170 szeculoa

1976 3217 2148 3271 Recte
2180 3222 2364 3268 autem
2411 3211 2500 3266 lex
2547 3209 2644 3265 Dei
2695 3217 3086 3264 testamentum
3121 3211 3494 3275 nuncupatur,

1905 3321 1965 3366 ut
1993 3324 2116 3365 eam
2149 3305 2527 3362 custodientes
2559 3316 2847 3374 speremus
2880 3300 3280 3356 baereditatem.

1977 3488 2142 3544 Vens.
2165 3485 2255 3542 l9.
2309 3503 2328 3536 ι
2361 3483 2622 3538 Dominus
2649 3480 2703 3534 in
2742 3480 2881 3535 caelo
2915 3478 3154 3549 paravit.
3184 3496 3203 3530 ι

1973 3580 2215 3650 Imperat
2261 3575 2409 3632 enim
2454 3573 2714 3630 omnibus
2746 3572 2862 3627 sive
2903 3570 3102 3632 nolint,
3139 3571 3254 3626 siVe
3284 3571 3493 3627 velint:

1903 3671 2097 3727 beatus
2132 3675 2315 3724 autem
2341 3665 2434 3736 qui
2466 3663 2654 3721 volens
2683 3663 2786 3733 ipsi
2822 3661 3113 3731 subjicitur
3147 3677 3161 3714 :
3199 3659 3322 3714 talis
3345 3663 3495 3717 enim

1903 3779 2004 3836 pro
2027 3761 2281 3818 mercede
2308 3759 2468 3815 istius
2495 3756 2817 3814 voluntaria:
2863 3752 3146 3810 servitutis
3177 3753 3399 3824 accipit,
3437 3765 3497 3812 ut

1903 3873 2030 3914 cum
2060 3855 2290 3910 Domino
2318 3867 2417 3908 suo
2447 3859 2656 3923 regnet.

1975 3948 2140 4006 Vens.
2160 3947 2251 4003 22.
2299 3965 2318 3998 ι
2351 3943 2664 4000 Benedicite
2689 3942 3004 4008 Dominum,
3046 3942 3227 3997 omnia
3257 3955 3447 4012 opera.
3471 3959 3490 3991 ι

1974 4039 2326 4097 Naturalibus
2390 4051 2592 4106 nempe
2655 4035 2919 4090 motibus.
2969 4034 3028 4088 Si
3077 4039 3258 4088 autem
3311 4033 3497 4088 omnia

1904 4150 2070 4206 opera
2101 4133 2272 4188 Deum
2293 4130 2644 4194 benedicant,
2669 4135 2876 4198 quanto
2899 4126 3101 4197 potiori
3135 4125 3346 4180 ratione
3371 4140 3496 4190 nos,

1903 4226 1999 4296 qui
2026 4226 2184 4304 plura
2208 4223 2429 4294 quidem
2465 4237 2529 4277 ac
2560 4220 2768 4290 majora
2817 4218 2886 4273 ab
2932 4217 3052 4288 ipso
3087 4214 3367 4271 consecuti
3401 4230 3498 4270 su-

1904 4335 2062 4384 mus,
2097 4318 2366 4373 rationem
2395 4329 2526 4371 vero
2558 4313 2708 4368 velut
2753 4307 3116 4366 benedicendi
3159 4307 3497 4364 instrumen-

1904 4419 2021 4465 tum
2053 4409 2122 4464 ab
2149 4408 2270 4478 ipso
2296 4403 2646 4476 accepimus?

1830 4510 1875 4566 ι)
1981 4521 2001 4554 ι
2035 4499 2093 4554 lu
2135 4498 2284 4554 omni
2314 4497 2436 4552 loco
2455 4491 2848 4552 dominationis
2881 4490 3026 4561 ejus.
3062 4508 3082 4544 ι

1975 4593 2088 4649 Etsi
2118 4593 2172 4646 in
2203 4590 2322 4646 l'oro
2355 4587 2546 4652 fueris,
2578 4586 2683 4642 etsi
2713 4585 2769 4639 in
2791 4583 3010 4650 balneo,
3033 4580 3137 4636 etsi
3170 4579 3225 4634 in
3253 4593 3497 4641 carcere,

215 4688 542 4763 σμωτηρίῳ,
566 4688 670 4743 κᾶν
697 4689 756 4742 ὲν
785 4686 1102 4759 βασιλείοις,
1129 4682 1501 4755 ἀναμνησθεὶς
1527 4683 1610 4736 ὅτι
1633 4682 1795 4736 τόπον

1925 4685 2007 4740 rtsi
2049 4683 2106 4738 in
2150 4681 2317 4752 regiis
2359 4678 2604 4751 palatiis,
2634 4675 2956 4733 recordatus
2999 4681 3052 4727 te
3079 4672 3260 4725 locum
3287 4668 3501 4724 calt-are

212 4759 431 4845 πατεῖς⁷
461 4759 568 4851 τῆς
617 4777 714 4833 τοῦ
755 4777 894 4832 Θεοῦ
921 4777 1246 4839 δεσποτείας
1289 4773 1634 4844 τυγχάνοντα
1664 4811 1680 4837 ,
1724 4771 1795 4843 μὴ

1925 4774 2295 4833 lominationis
2328 4771 2446 4838 Dei,
2472 4785 2542 4825 ne
2564 4783 2746 4825 cesses
2763 4765 3118 4822 Conditorem
3151 4759 3498 4823 benedicere,

212 4874 409 4948 παύσῃ
451 4872 545 4927 τὸν
603 4871 955 4945 Δημιουργδν
1006 4867 1290 4937 εὐλογῶν,
1335 4867 1426 4921 ἵνα
1472 4883 1556 4919 σοι
1598 4865 1795 4936 χωρίον

1925 4881 1964 4923 ιι
2007 4868 2241 4938 quilibet
2276 4865 2431 4920 locus
2467 4861 2712 4919 Ecclesia
2751 4858 2882 4924 Dei,
2915 4865 2973 4914 et
3013 4853 3334 4927 angelorum
3367 4867 3502 4906 eon-

211 4969 454 5021 ’ἑκαστον
477 4964 750 5037 ἐκκλησία
790 4962 930 5018 Θεοῦ
962 4962 1058 5017 καὶ
1095 4959 1345 5029 ἀγγέλων
1377 4958 1673 5029 συναγωγὴ
1703 4956 1799 5011 καὶ

213 5056 451 5129 οὐρανού
482 5060 786 5128 γειτόνημα
827 5055 1076 5126 γένηται.

784 5147 1080 5201 ΨΔΛΜΟΣ
1107 5145 1231 5199 PI".

296 5257 318 5292 ι
353 5238 524 5310 Κύριε
552 5241 583 5293 δ
621 5237 754 5303 Θεός
779 5255 906 5309 μου,
930 5238 1007 5302 ὡς
1035 5234 1414 5308 ἐμεγαλύνθης
1445 5233 1658 5305 σφόδρα
1683 5235 1698 5289 ἰ
1739 5251 1758 5286 ι

290 5419 405 5490 υύχ
457 5420 542 5474 ὅτι
596 5417 818 5489 μεγέθει
864 5416 1186 5488 προσθήκην
1235 5413 1458 5481 ὶδέξατο
1485 5429 1500 5445 ο
1561 5412 1648 5466 ἀεὶ
1694 5411 1804 5481 γάρ

218 5513 367 5576 ἔστι,
389 5511 485 5566 καὶ
511 5510 773 5574 ὡσαύτως
798 5511 947 5563 ἐστίν
965 5525 980 5540 ο
1006 5508 1124 5562 ἀλλ’
1145 5508 1370 5572 εἰκότως
1399 5504 1804 5576 μεγαλυνθῆναι

1907 4959 2151 5033 gregatio
2185 4956 2417 5028 ccelique
2445 4953 2646 5011 vicinia
2681 4951 2777 5007 tibi
2811 4949 2927 5007 ﬂat.

2459 5127 2782 5184 PSALMUS
2817 5124 2954 5184 Clll.

1981 5226 2146 5282 Vsus.
2175 5225 2227 5279 l.
2277 5243 2294 5276 ι
2326 5221 2558 5279 Domine
2598 5221 2744 5277 Deus
2783 5233 2962 5284 meus,
2989 5230 3155 5287 quam
3187 5211 3500 5284 magniﬁca.

1913 5330 2001 5376 tus
2035 5335 2096 5375 es
2124 5317 2515 5378 vehementer!
2550 5333 2570 5367 ι
3169 5352 3176 5361 ,

1981 5411 2103 5466 Νοη
2142 5409 2289 5479 quod
2323 5404 2712 5477 magnitudinis
2745 5403 3142 5458 incrementum
3183 5395 3453 5466 acceperit
3482 5409 3498 5448 :

1912 5516 2130 5571 semper
2174 5499 2321 5555 enim
2369 5507 2473 5564 est,
2506 5506 2564 5554 et
2603 5495 2793 5552 eodem
2847 5492 3010 5548 modo
3058 5506 3118 5546 se
3164 5489 3329 5544 habet
3365 5485 3500 5540 :sed

212 5609 372 5672 λέγει
418 5599 514 5656 τοῦ
565 5599 833 5671 μεγέθους
890 5597 1056 5652 αὐτοῦ
1096 5598 1196 5669 τὴν
1245 5597 1592 5668 φανέρωσιν,
1639 5590 1795 5649 οὖσαι

1925 5593 2112 5649 merito
2151 5588 2489 5664 magniﬁcari
2521 5587 2656 5646 dicit
2701 5582 3093 5660 magnitudinis
3121 5582 3244 5654 ejus
3274 5576 3502 5635 manife-

287 5803 334 5835 “
370 5799 570 5858 ﬂatth.
617 5813 732 5868 xvi,
766 5797 860 5853 27.
916 5798 961 5831 η
996 5796 1154 5852 Rom.
1196 5810 1256 5861 ιι,
1284 5794 1338 5848 6.
