3950 6404
172 319 313 386 1289

1312 317 1506 379 FRAG
1519 320 1570 377 .\l
1582 319 1773 377 ENTA
1842 318 1920 378 IN
1978 319 2339 380 PSAIMOS.

3306 303 3461 381 ’1290

226 438 309 507 6η
320 434 414 508 pia.
430 434 526 489 τοῦ
539 434 748 506 δρυμοῦ
764 436 860 489 καὶ
880 432 1155 505 σκύμνους
1174 436 1297 497 tot;
1310 435 1569 505 δαίμονάς
1584 450 1770 504 φησιν,

1952 433 2160 490 Bcstias
2182 435 2333 489 silvm
2354 443 2407 489 et
2430 432 2640 488 catulos
2661 432 2882 487 leonum
2904 432 3140 503 appellat
3157 431 3460 496 daemones.

160 528 370 592 οἵτινες
386 529 446 580 ὲν
468 526 547 601 τῷ
567 526 746 598 καιρῷ
770 526 862 580 τοῦ
881 525 1217 579 Δεσποτικοῦ
1232 525 1439 589 πάθους
1458 525 1775 593 ἀναγκαίως

161 621 439 687 ὠρύοντο,
458 621 779 692 νομίζοντες
808 620 933 674 τότε
966 616 1143 692 θήρας
1172 620 1318 690 ἔχειν
1346 618 1560 688 καιρόν.
1584 616 1776 670 "E615-

164 730 273 766 πον
300 713 414 784 γὰρ
439 711 645 765 Ἰούδαν
686 710 1091 782 προδεδωκότα,
1122 711 1214 763 τὸν
1262 710 1470 782 Πέτρον
1506 708 1775 779 ἀρνούμε-

162 822 285 872 νον,
314 802 445 869 τοὺς
461 804 689 868 λοιποὺς
714 804 1052 868 ἀποστόλους
1077 802 1529 874 πορπισθέντας.
1552 801 1775 873 Ὠρὺον-

146 914 230 973 ⁵τ’)
272 898 466 953 τοίνυν
502 939 519 964 ,
586 897 839 970 ἁρπάσαι
880 895 980 951 καὶ
1030 896 1275 967 ζητῆσαι
1311 894 1466 965 παρὰ
1508 893 1604 948 τοῦ
1637 891 1775 946 Θεοῦ

141 990 303 1074 ίτοὺς
332 988 579 1054 δικαίους
615 989 850 1055 ἐξαιτεῖν
896 990 978 1052 εἰς
1022 988 1388 1060 πειρατήρια.
1424 987 1495 1040 Ἦ
1521 986 1646 1058 οὑχί
1683 984 1776 1039 τὸν

165 1083 303 1138 Ἰὼϐ
346 1082 616 1155 ἐξῄτησεν
664 1084 693 1136 ὁ
734 1079 1025 1147 διάϐολος;
1096 1080 1363 1152 Ἐξῄτησε
1417 1079 1475 1134 δὲ
1507 1080 1603 1133 καὶ
1650 1079 1777 1141 τοὺς

162 1176 512 1239 ἀποστόλους
563 1175 719 1246 παρὰ
763 1173 861 1228 τοῦ
903 1172 1182 1245 Χριστοῦ,
1224 1173 1368 1227 ὥστε
1420 1173 1515 1227 τὸν
1562 1171 1774 1243 Κύριον

163 1271 393 1339 λέγειν’
418 1269 637 1338 Σίμων,
674 1269 873 1341 Σίμῳν
896 1309 913 1336 ,
944 1266 1208 1333 ποσάκις
1256 1265 1563 1336 ἐξῄτησεν
1605 1267 1638 1319 ὀ
1664 1267 1779 1318 Σα-

170 1362 366 1430 τανᾶς
384 1360 659 1417 σινιᾶσαι
679 1359 838 1431 ὑμᾶς
855 1362 939 1427 ὡς
962 1360 1070 1415 τὸν
1083 1360 1275 1414 σῖτον
1299 1359 1416 1429 ἐγὼ
1436 1357 1506 1411 δὲ
1520 1357 1778 1425 ἐδεήθην

166 1451 310 1520 περί
339 1449 457 1504 σοῦ
489 1450 592 1504 ἵνα
616 1448 702 1519 μὴ
728 1449 949 1518 ἐκλίπῃ
976 1449 1015 1516 ἢ
1044 1447 1252 1514 πίστις
1270 1461 1409 1501 σου.

249 1564 270 1597 ι
299 1542 602 1597 Ἀνέτειλεν
634 1542 664 1595 ὁ
699 1540 877 1614 ἥλιος,
904 1540 1002 1594 καὶ
1028 1539 1404 1611 συνήχθησαν.
1456 1559 1475 1591 ι

247 1636 612 1698 ’Δναστᾶντος
638 1634 746 1707 γὰρ
774 1632 1017 1705 Χριστοῦ
1054 1631 1444 1703 ὑπεχώρησαν.
1490 1632 1585 1684 Διὸ
1627 1630 1768 1700 Σύμ-

173 1746 357 1800 μαχος
410 1727 532 1783 ἀντὶ
584 1725 679 1780 τοῦ
740 1724 1153 1796 συνήχθησαν
1179 1765 1195 1790 ,
1252 1722 1776 1792 ὑποχωρήσουσιν

172 1820 412 1891 ἔγραψε.
448 1817 562 1873 Ποῦ
602 1818 660 1874 δὲ
713 1815 1115 1889 ὐπεχώρησαν;
1153 1817 1234 1881 εἰς
1267 1815 1368 1880 τὰς
1396 1814 1609 1869 ἑαυτῶν
1637 1814 1774 1885 μάνρ

167 1913 333 1985 δρας·
360 1910 492 1965 ἔνθα
524 1907 1018 1973 κατακοιτὰζονται
1040 1907 1292 1976 ἑρπετῶν
1317 1906 1474 1977 δίκην
1495 1905 1769 1975 φωλεύον-

171 2020 290 2068 τες.
333 2001 445 2056 Καὶ
477 2000 623 2073 μάλα
658 1998 910 2064 εἰκότως,
938 1997 1131 2067 ἐπειδὴ
1175 1997 1238 2051 τὸ
1285 1995 1512 2069 θαρρεῖν
1542 1996 1656 2060 τοῖς
1687 1993 1772 2047 ὅν-

172 2114 289 2160 τως
305 2094 616 2166 ἀνθρώποις
637 2091 871 2146 δέδωκεν
891 2092 925 2161 ἡ
950 2089 1046 2144 τοῦ
1066 2087 1304 2159 Χριστοῦ
1327 2089 1649 2153 ἀνάστασις,
1676 2086 1772 2140 καὶ

175 2186 507 2261 προέτρεψε,
518 2183 712 2256 μέχρις
729 2180 988 2253 ἑσπέρας,
1006 2178 1209 2251 δηλαδὴ
1226 2178 1325 2249 τῆς
1338 2176 1433 2231 τοῦ
1452 2176 1568 2247 βίου
1585 2191 1772 2230 συντε-

174 2280 353 2342 λείας,
409 2276 472 2330 τὺ
528 2274 692 2347 ἔργον
744 2272 807 2327 τδ
858 2271 1059 2325 οἰκεῖον
1107 2268 1464 2341 ἐργάζεσθαι,
1521 2267 1773 2320 τουτέστι

175 2370 281 2443 τὴν
304 2367 506 2440 ἀρετήν
528 2381 544 2396 ·
592 2362 801 2435 ταύτην
839 2362 950 2432 γὰρ
983 2361 1117 2431 ἡμῖν
1165 2361 1193 2412 ὁ
1230 2357 1365 2421 Θεὸς
1392 2358 1473 2421 εἰς
1497 2354 1772 2425 ἐργασίαν

186 2462 414 2516 ἑδωκεν.

260 2571 280 2604 ι
322 2552 410 2615 Ὡς
440 2547 788 2621 ὲμεγαλύνθη
822 2547 893 2603 τὰ
921 2546 1063 2617 ἔργα
1093 2562 1211 2611 σου,
1253 2544 1448 2616 Κύριε.
1487 2564 1505 2595 ι

262 2726 664 2798 Ἐκπλήττεται
690 2720 783 2777 τοῦ
819 2719 957 2776 Θεοῦ
987 2719 1059 2775 τὰ
1107 2718 1375 2793 εἰρημένα
1413 2719 1690 2791 μυστήρια
1717 2720 1775 2773 ὲν

181 2822 347 2893 σοφίᾳ
375 2818 546 2889 πολλῇ
576 2816 672 2871 καὶ
706 2814 925 2887 μεγάλῃ
954 2814 1227 2884 γενόμενα
1257 2829 1271 2842 ·
1304 2814 1371 2885 ἣν
1392 2812 1467 2878 ὡς
1495 2812 1774 2884 ὑπερϐάλ-

178 2913 382 2967 λουσαν
410 2912 505 2965 καὶ
544 2909 669 2963 λίαν
700 2907 1024 2978 ἀπόκρυφον
1073 2905 1277 2971 οὐδεὶς
1308 2904 1428 2958 τῶν
1461 2905 1777 2974 ἀρχόντων

1878 526 1971 595 qui
2011 536 2258 596 tempore
2291 525 2586 581 Dominica:
2628 525 2902 596 passionis
2942 524 3256 581 necessario
3290 527 3464 598 rugie-

1878 619 2031 681 bant,
2083 619 2463 676 existimantes
2524 628 2656 673 tunc
2708 618 2916 674 bestias
2963 619 3168 675 habere
3223 629 3460 689 tempus.

1883 707 2151 766 Videbam
2195 711 2342 766 enim
2382 710 2577 766 Judam
2604 710 2952 781 prodentem,
2987 708 3210 765 Petrum
3260 725 3467 781 negan-

1878 810 2012 868 tem,
2034 803 2272 873 reliquos
2290 803 2568 874 apostolos
2594 803 2911 873 dissipatos.
2940 802 3253 876 Rugiebant
3278 803 3465 874 igitur,

1879 903 1941 949 ut
1969 906 2228 964 raperent
2246 906 2301 951 et
2330 905 2687 966 quaererenta
2710 894 3016 966 Deojustos
3042 896 3109 951 ad
3142 897 3465 952 tentandum

1879 988 2257 1057 expostulare.
2291 988 2548 1059 Nunquid
2577 989 2740 1045 etiam
2767 989 2965 1045 Jobum
2996 990 3250 1045 diabolus
3276 990 3467 1060 exqui-

1880 1077 2061 1134 sivit?
2099 1078 2341 1152 Expetiit
2381 1091 2564 1138 autem
2606 1083 2886 1153 apostolos
2926 1097 2956 1137 a
2985 1081 3225 1150 Christo,
3279 1082 3354 1138 ita
3403 1090 3465 1137 ut

1879 1169 2046 1225 etiam
2096 1169 2363 1227 Dominus
2423 1173 2687 1228 diceret:
2743 1172 2948 1240 Simon,
2997 1173 3203 1238 Simon,
3257 1175 3464 1244 quoties

1879 1260 2114 1316 Satanas
2133 1264 2381 1332 expetivit
2411 1280 2501 1322 vos
2520 1275 2577 1319 ut
2609 1265 2869 1320 cribraret
2899 1267 3035 1320 sicut
3064 1267 3300 1321 triticum
3319 1267 3345 1320 Ρ
3371 1283 3465 1337 ego

1880 1361 2061 1407 autem
2093 1355 2276 1422 rogavi
2312 1370 2410 1423 pro
2440 1364 2507 1419 te,
2537 1366 2596 1409 ut
2631 1371 2733 1410 non
2767 1357 2980 1425 deﬁciat
3015 1356 3146 1425 ﬁdes
3176 1365 3267 1411 tua
3290 1358 3357 1411 “.

1953 1534 2117 1591 Vsus.
2152 1536 2243 1591 22.
2280 1554 2299 1589 ι
2332 1536 2498 1592 Ortus
2520 1546 2607 1592 est
2635 1536 2737 1601 sol,
2773 1546 2830 1592 et
2853 1537 3164 1609 congregati
3193 1546 3341 1592 sunt.

1953 1627 2180 1683 Christo
2206 1629 2354 1683 enim
2385 1636 2707 1702 resurgente
2729 1636 3099 1684 recesserunt.
3125 1628 3469 1699 Quapropter

1882 1720 2244 1792 Symmachus
2261 1736 2361 1793 pro
2378 1722 2686 1793 congregati
2694 1731 2815 1777 sunt
2834 1721 3054 1792 scripsit
3070 1724 3329 1776 recedent.
3348 1722 3469 1788 Quo

1877 1824 2062 1868 autem
2086 1813 2479 1870 recesserunt?
2496 1814 2551 1868 in
2572 1814 2741 1869 lustra
2766 1828 2864 1869 sua
2886 1831 2900 1867 :
2922 1812 2995 1869 ibi
3015 1813 3216 1869 cubant
3239 1828 3469 1884 serpen-

1879 1904 2015 1960 tium
2052 1904 2225 1960 instar
2262 1904 2565 1961 latitantes.
2594 1904 2675 1960 Et
2706 1905 2833 1977 jure
2872 1905 3248 1972 meritissimo,
3288 1920 3468 1976 quan-

1876 1995 2172 2065 doquidem
2229 1995 2300 2051 iis
2351 1997 2445 2067 qui
2507 2011 2698 2052 revera
2760 1996 3017 2053 homines
3078 2007 3209 2053 sunt
3259 1988 3467 2053 Christi

1877 2089 2212 2144 resurrectio
2232 2088 2487 2145 fiduciam
2515 2089 2687 2156 dedit,
2711 2099 2767 2145 et
2787 2090 3079 2146 adhortata
3099 2100 3184 2146 est
3203 2099 3264 2146 ut
3293 2106 3469 2162 usque

1876 2183 1945 2239 ad
1975 2198 2284 2255 vesperam,
2317 2186 2526 2242 scilicet
2554 2186 2681 2241 vita:
2719 2186 2886 2257 hujus
2910 2188 3466 2254 consummationem,

1878 2278 2163 2348 proprium
2209 2293 2349 2350 opus
2402 2288 2652 2350 agerent,
2719 2292 2922 2351 nempe
2970 2280 3276 2337 virtutem:
3326 2281 3469 2337 hanc

1877 2370 2025 2426 enim
2052 2372 2213 2428 nobis
2247 2373 2391 2430 Deus
2420 2373 2489 2429 ad
2519 2375 2863 2444 operandum
2895 2375 3068 2431 dedit.

1931 2550 2096 2607 Vens.
2132 2552 2224 2607 24.
2249 2572 2268 2604 ι
2289 2551 2462 2619 Quam
2479 2552 2824 2625 magniﬁcam
2852 2560 2983 2609 sunt
3011 2567 3177 2624 opera
3212 2562 3327 2620 tua,
3362 2550 3468 2609 Do-

1878 2643 2048 2699 mine.
2080 2664 2099 2695 ι

1952 2735 2314 2809 Obstupescit
2342 2740 2491 2796 dicta
2527 2739 2624 2795 Dei
2656 2740 2916 2813 mysteria
2948 2741 3005 2795 in
3035 2741 3207 2796 multa
3240 2754 3468 2813 magna-

1885 2838 1996 2893 que
2021 2825 2292 2896 sapientia
2330 2826 2474 2882 facta
2499 2844 2513 2882 :
2542 2843 2707 2897 quam
2738 2838 2929 2900 utpote
2953 2829 3210 2885 eximiam
3236 2839 3292 2886 et
3310 2831 3469 2887 valde

1880 2931 2133 2971 arcanam
2176 2934 2328 2972 nemo
2364 2918 2663 2989 principum
2684 2921 2845 2991 hujus
2882 2920 3063 2975 seaculi
3106 2924 3362 2993 cognovit.
3404 2924 3468 2979 Si

183 3006 286 3061 τοῦ
315 3004 534 3069 αἰῶνος
559 3002 775 3057 τούτου
793 2998 1077 3071 ἔγνωκεν.
1096 2999 1164 3051 Εἰ
1188 2997 1299 3067 γὰρ
1328 2996 1632 3068 ἔγνωσαν,
1663 3000 1774 3053 οὐκ

1889 3010 2020 3064 enim
2046 3012 2427 3080 cognovissent,
2457 3029 2729 3083 nunquam
2764 3012 3052 3069 Dominum
3082 3015 3267 3087 glorire
3294 3018 3465 3071 cruci-

181 3098 258 3153 ἂν
282 3098 395 3151 τὸν
436 3094 660 3163 Κύριον
694 3091 804 3160 τῆς
830 3090 1018 3159 δόξης
1037 3089 1456 3160 ἐσταύρωσαν,
1492 3088 1636 3145 καθά
1669 3107 1774 3161 φη-

1889 3100 2114 3159 ﬁxissent
2144 3103 2212 3169 ",
2245 3102 2324 3157 uti
2359 3102 2561 3158 Paulus
2586 3104 2683 3158 ait.

182 3204 265 3241 σιν
290 3189 319 3240 ὁ
352 3184 589 3250 Παῦλος.

255 3295 275 3329 ι
322 3272 651 3346 Ἐπληρὼθη
674 3274 711 3345 ἡ
741 3272 813 3343 γῆ
841 3271 942 3343 τῆς
961 3269 1196 3333 κτίσεως
1219 3286 1342 3324 σου.
1379 3288 1396 3320 ι

246 3367 513 3422 Τουτὲστι
559 3364 655 3419 τοῦ
701 3361 1063 3435 ὲγκαινισμοῦ
1102 3361 1199 3416 καὶ
1242 3362 1344 3431 τῆς
1379 3361 1773 3432 ξάνανεώσεως.

176 3461 247 3515 El
268 3479 361 3528 τις
388 3460 502 3530 τὰρ
546 3459 617 3513 ἐν
655 3455 912 3527 Χριστῷ,
948 3453 1129 3523 καινὴ
1169 3454 1369 3520 κτίσις
1396 3469 1411 3486 ο
1441 3453 1517 3508 τὰ
1557 3453 1779 3523 ἀρχαῖα

176 3551 513 3623 παρῆλθεν,
550 3550 683 3607 ἰδοὺ
711 3549 921 3620 γέγονε
949 3547 1025 3601 τὰ
1056 3545 1256 3601 πάντα
1283 3544 1483 3600 καινά.
1510 3544 1612 3599 Διὰ
1638 3544 1690 3598 τί
1719 3543 1776 3597 δὲ

180 3646 338 3719 irrit;
381 3644 571 3717 ἐπειδὴ
595 3644 679 3707 εἰς
718 3643 892 3715 αὐτὴν
919 3642 947 3694 ό
988 3641 1181 3703 κλίνας
1228 3637 1494 3710 οὐρανοὺς
1533 3636 1776 3691 nam“-

177 3741 344 3812 σηκε.
371 3738 497 3803 Πῶς
548 3737 608 3792 δὲ
672 3735 845 3807 αὐτὴν
894 3733 1136 3799 ἔκτισεν,
1186 3730 1305 3786 ἀλλ’
1352 3731 1387 3803 ἦ
1424 3730 1493 3784 δι’
1539 3729 1773 3795 ὑδάτων,

175 3832 375 3903 ὥσπερ
406 3828 579 3902 αὐτὴν
607 3829 700 3883 καὶ
742 3828 836 3882 ἀπ’
869 3826 1048 3897 ἀρχῆς
1088 3824 1421 3896 παρήγαγε;
1465 3821 1533 3876 δι’
1566 3821 1775 3876 ὑδάτων

170 3926 234 3981 δὲ
281 3923 382 3979 τοῦ
415 3921 815 3996 βαπτίσματος,
844 3918 1070 3988 εὔδηλον
1099 3934 1113 3949 ·
1149 3915 1347 3988 μηνύει
1391 3914 1500 3986 γὰρ
1534 3914 1594 3970 τὸ
1644 3912 1774 3968 ἑπό-

175 4034 372 4090 μενον.

254 4130 275 4163 ι
306 4108 460 4179 Αὕτη
498 4110 533 4180 ἡ
565 4106 815 4162 θάλασσα
846 4108 880 4177 ἠ
916 4104 1155 4177 μεγάλη.
1205 4122 1224 4154 ι

248 4198 484 4268 Μεγάλη
533 4200 569 4268 ἡ
622 4198 781 4268 χάρις
830 4195 925 4248 τοῦ
979 4194 1382 4264 βαπτίσματος,
1432 4190 1509 4254 ὡς
1547 4188 1768 4264 μεγάλα

175 4292 518 4364 περιέχουσα
565 4288 867 4360 μυστήρια.
903 4285 1233 4358 Εὐρύχωρος
1261 4283 1343 4348 δὲ,
1368 4282 1445 4348 ὡς
1474 4281 1604 4354 ὅλην
1661 4298 1774 4353 χω-

179 4381 356 4457 ροῦσα
403 4381 504 4453 τὴν
558 4380 846 4453 ἐνέργειαν
894 4375 990 4431 τοῦ
1050 4375 1384 4447 πνεύματος.
1446 4373 1690 4445 Ἐρπετά
1714 4389 1771 4426 τε

175 4477 310 4540 τοὺς
332 4473 714 4546 ἁμαρτωλοὺς,
738 4471 827 4525 διὰ
846 4470 906 4523 τὺ
936 4468 1134 4541 ἕρπειν
1160 4467 1359 4530 αὐτοὺς
1387 4466 1482 4519 ἐπὶ
1508 4465 1580 4518 τὰ
1604 4464 1773 4535 γήϊνα
1804 4459 1848 4516 Ι)

176 4567 399 4639 νόησονο
422 4566 583 4637 οἵπερ
614 4562 705 4619 διὰ
749 4563 812 4616 τὸ
856 4560 1064 4630 πλῆθος
1109 4559 1335 4620 εἰκότως
1370 4556 1511 4625 ὑπὲρ
1540 4554 1775 4627 ἀριθμὸν

143 4636 457 4759 ἰλέγονται,
518 4636 557 4726 ῆν
607 4654 692 4708 ὃτι
747 4652 930 4723 μόνοις
971 4651 1086 4713 τοῖς
1133 4647 1363 4711 δικαίοις
1418 4645 1775 4717 ἀριθμεῖσθαι

177 4747 409 4818 πρέπει.
448 4747 586 4817 Φησὶ
616 4745 748 4816 γάρ·
799 4743 962 4813 Ἐ’μοί
1010 4741 1079 4795 δὲ
1122 4742 1272 4796 λίαν
1310 4739 1693 4809 ἐτιμήθησαν
1720 4740 1774 4791 oi

176 4842 352 4911 φίλοι
383 4853 522 4904 σου,
557 4840 591 4893 ό
637 4838 808 4904 Θεός.
846 4833 1348 4904 Ἐξαριθμήσομαι
1396 4832 1639 4899 αὐτοὺς,
1674 4832 1773 4887 καὶ

175 4934 340 5001 ὑπὲρ
367 4930 567 5002 ἄμμον
608 4928 1168 4998 πληθυνθήσονται.
1337 4935 1343 4945 '
1608 4948 1619 4959 ε

260 5043 281 5076 ι
323 5021 447 5076 Ζῶα
478 5021 651 5093 μικρὰ
680 5020 821 5091 μετὰ
854 5020 1127 5091 μεγάλων.
1169 5038 1186 5071 ι

254 5116 324 5170 Οἱ
350 5115 590 5185 μετρίως
619 5114 818 5169 δίκαιοι
846 5114 941 5167 καὶ
966 5112 1130 5182 ἄγαν.
1169 5113 1382 5178 Πάντας
1414 5111 1524 5183 γὰρ
1546 5111 1774 5175 τούτους

181 5205 246 5259 τὸ
287 5205 574 5277 βάπτισμα
617 5205 855 5275 δέχεται,
887 5205 982 5258 καὶ
1023 5204 1085 5257 οὐ
1112 5204 1273 5273 μόνον
1307 5202 1624 5275 ἁμαρτωλοὶ
1676 5201 1771 5256 τοῦ

181 5297 416 5369 λουτροῦ
446 5298 544 5369 τῆς
574 5297 1018 5366 παλιγγενεσίας,
1049 5289 1187 5351 ἀλλὰ
1210 5298 1306 5351 καὶ
1334 5298 1385 5351 οἰ
1410 5297 1611 5350 δίκαιοι
1632 5297 1772 5368 χρῄ-

183 5384 395 5449 ζουσιν.
432 5385 655 5458 Ἐπειδὴ
674 5386 785 5440 ἐὰν
809 5386 896 5456 μή
923 5404 1013 5453 τις
1039 5386 1425 5457 ἀναγεννηθῇ
1456 5387 1525 5452 ἐξ
1555 5387 1776 5451 ὕδατος

182 5477 285 5531 καί
305 5474 668 5546 πνεύματος,
701 5480 772 5533 οὐ
805 5478 893 5547 μὴ
920 5478 1163 5547 εἰσέλοη
1194 5481 1282 5547 εἰς
1317 5479 1429 5548 τὴν
1444 5480 1779 5545 ⁴βασιλείαν

182 5566 293 5624 τοῦ
320 5568 492 5623 Θεοῦ.

1959 3305 1978 3336 ι
2013 3287 2241 3356 lmpleta
2268 3296 2353 3342 est
2383 3296 2530 3342 terra
2562 3295 2815 3343 creatura
2848 3296 2959 3343 tua.
3004 3295 3022 3339 ι

1951 3378 2009 3434 ld
2037 3389 2121 3434 est
2161 3378 2559 3435 instauratione
2593 3390 2649 3435 et
2690 3379 3069 3436 innovatione.
3115 3380 3178 3436 Si
3210 3388 3316 3451 qua
3346 3390 3470 3452 ergo

1878 3472 1935 3524 in
1977 3468 2186 3526 Christo
2233 3488 2367 3526 nova
2424 3482 2671 3527 creatura
2701 3489 2719 3536 ;
2748 3483 2923 3527 vetera
2966 3473 3311 3537 transierunt,
3355 3490 3472 3527 ecce

1878 3561 2023 3631 facta
2076 3572 2202 3616 sunt
2256 3564 2438 3617 omnia
2478 3579 2617 3618 nova
2639 3563 2705 3618 ⁸⁸.
2735 3564 2820 3618 Ad
2858 3564 2991 3634 quid
3040 3573 3225 3619 autem
3277 3568 3423 3619 terra
3447 3566 3472 3618 ?

1877 3654 2324 3724 quandoquidem
2354 3654 2425 3711 ad
2453 3655 2601 3710 illam
2646 3656 2818 3712 caelos
2865 3655 3140 3711 inclinans
3161 3656 3467 3713 descendit.

1878 3746 2166 3812 Quomodo
2216 3757 2399 3812 autem
2439 3748 2588 3803 illam
2636 3748 2863 3813 creavit,
2892 3748 2999 3802 nisi
3060 3756 3228 3818 super
3276 3758 3466 3819 aquas,

1878 3838 2341 3907 quemadmodum
2372 3838 2444 3894 ab
2486 3837 2643 3893 initio
2675 3852 2799 3893 eam
2842 3837 3224 3908 produxerat?
3246 3837 3468 3893 Clarum

1878 3937 2066 3985 autem
2115 3929 2260 3999 quod
2301 3943 2399 4003 per
2441 3944 2614 3999 aquas
2656 3928 3029 3999 baptismatis.
3078 3927 3195 3984 Hoc
3238 3929 3387 3984 enim
3414 3930 3467 3984 id

1877 4019 2029 4088 quod
2052 4019 2302 4089 sequitur
2329 4018 2594 4075 insinuat.

1955 4109 2116 4166 Vens.
2146 4111 2238 4165 9.5.
2276 4130 2295 4163 ι
2340 4110 2457 4167 Hoc
2486 4127 2635 4167 mare
2659 4127 2940 4183 magnum.
2979 4132 2997 4165 ι

1947 4204 2137 4277 Magna
2167 4215 2252 4262 est
2287 4204 2634 4277 baptismatis
2667 4204 2861 4277 gratia,
2890 4202 3084 4275 utpote
3115 4219 3310 4275 magna
3332 4219 3468 4258 con-

1878 4298 2061 4354 tinens
2111 4297 2391 4369 mysteria.
2431 4296 2564 4351 Lata
2605 4298 2811 4361 autem,
2843 4296 2971 4366 quia
3025 4303 3197 4352 totam
3240 4284 3471 4366 spiritus

1876 4391 2264 4461 complectitur
2330 4389 2790 4460 inoperationem.
2850 4388 3087 4459 Reptilia
3142 4394 3325 4443 autem
3386 4388 3473 4441 in-

1878 4483 2061 4555 tellige
2095 4493 2435 4554 peccatores,
2462 4497 2530 4538 eo
2564 4482 2711 4553 quod
2751 4481 2820 4536 ad
2849 4490 3066 4536 terrena
3101 4489 3295 4550 repant
3329 4498 3343 4535 :
3377 4481 3472 4549 qui

1878 4576 1953 4630 ob
2000 4575 2413 4630 multitudinem
2471 4575 2671 4629 merito
2708 4574 2974 4628 dicuntur
3012 4587 3135 4628 esse
3165 4584 3329 4643 supra
3361 4589 3470 4627 nu-

1879 4681 2115 4732 merum,
2157 4666 2244 4721 vel
2265 4664 2391 4735 quia
2427 4664 2557 4719 solis
2582 4664 2748 4735 iustis
2774 4663 3050 4725 convenit,
3081 4671 3141 4717 ut
3171 4667 3473 4719 numeren-

1880 4766 1990 4812 tur.
2026 4756 2117 4811 Ait
2150 4757 2332 4812 enim:
2380 4754 2515 4810 Mihi
2546 4768 2725 4810 autem
2782 4755 2939 4810 valde
2965 4754 3300 4825 honoriﬁcati
3348 4767 3470 4811 sunt

1879 4846 2041 4900 amici
2067 4847 2166 4911 tui,
2208 4846 2369 4901 Deus.
2408 4846 2766 4901 Dinumerabo
2819 4862 2926 4912 eos,
2966 4856 3013 4899 et
3052 4861 3212 4915 super
3246 4862 3468 4901 arenam

1884 4933 2383 5002 multiplicabuntur
2402 4933 2470 4987 ⁸’δδ

1963 5044 1981 5076 ι
2020 5016 2288 5079 Animalia
2323 5024 2519 5096 pusilla
2560 5040 2684 5080 cum
2718 5026 2949 5098 magnis.
2984 5040 3005 5077 ι

1954 5114 2300 5171 Mediocriter
2343 5126 2399 5171 et
2435 5115 2593 5173 valde
2640 5117 2796 5187 justi.
2831 5117 2941 5171 llos
2961 5117 3110 5172 enim
3145 5127 3339 5172 Omnes
3373 5116 3470 5171 ha-

1882 5206 2083 5277 ptisma
2112 5208 2360 5278 suscipit,
2396 5218 2454 5263 et
2474 5224 2583 5264 non
2606 5210 2783 5264 solum
2812 5221 3149 5280 peccatores,
3184 5208 3279 5263 sed
3301 5209 3467 5262 etiam

1878 5299 2014 5371 justi
2040 5299 2257 5356 lavacro
2288 5301 2719 5372 regenerationis
2747 5316 2889 5373 opus
2935 5301 3159 5356 habent.
3192 5299 3326 5355 Nam
3364 5301 3468 5354 nisi

1880 5394 1998 5464 quis
2055 5403 2270 5448 renatus
2303 5396 2461 5466 fuerit
2513 5411 2576 5449 ea:
2625 5402 2769 5467 aqua
2813 5403 2861 5449 et
2896 5394 3109 5463 spiritu,
3158 5410 3260 5449 non
3298 5401 3467 5464 potest

1880 5488 2101 5540 introire
2117 5487 2170 5539 iu
2201 5504 2413 5557 regnum
2449 5487 2547 5542 Dei
2578 5488 2643 5543 ”.

242 5726 286 5762 ⁸³
333 5726 466 5781 Luc.
503 5741 637 5789 xm,
678 5723 767 5780 3|.
844 5724 888 5785 ε’
923 5722 942 5779 1
982 5724 1110 5780 Cor.
1143 5742 1201 5790 ιι,
1244 5718 1297 5781 8.
1376 5726 1422 5758 ”
1444 5727 1487 5782 ll
1512 5720 1641 5785 Cor.
1673 5719 1774 5797 v.1

1924 5733 1969 5764 “
1999 5730 2142 5787 Psal.
2176 5740 2416 5799 csxxvu,
2454 5734 2538 5790 l8.
2617 5737 2659 5767 ⁸³
2691 5734 2850 5791 Joan.
2886 5753 2967 5801 ιιι,
2991 5735 3047 5791 5.

566 5841 837 5903 Ριιτιιοι..
880 5840 998 5906 (in.
1047 5842 1272 5905 XCIII.

3022 5847 3091 5911 41
