3950 6456
460 347 592 416 1291
1674 345 2026 405 nesrcnn
2064 341 2531 408 PRESBYTER!
3609 349 3744 416 ωε

531 467 697 522 Vens.
729 462 822 519 27.
857 481 875 516 ι
916 461 1112 519 Omnia
1140 477 1172 516 a
1199 469 1250 516 te
1276 468 1617 531 exspectant.
1659 480 1676 512 ι
2076 479 2091 525 Α

1659 480 1676 512 ι
2076 470 2120 525 Α
2229 484 2246 516 ι
2295 464 2485 518 Πάντα
2507 464 2644 536 πρὸς
2673 465 2730 518 σὲ
2768 465 3136 536 προσδοκῶσι.
3181 483 3199 518 ι

531 557 727 616 Omnia
757 558 907 614 enim
931 557 1075 614 bona
1109 570 1274 611 manu
1307 553 1403 608 Dei
1429 554 1806 620 continentur,
1835 563 1895 608 ut
1923 569 2046 609 cum

2222 558 2406 611 Πάντα
2433 557 2542 628 γὰρ
2568 562 2638 611 τὰ
2655 557 2836 626 ἀγαθὰ
2863 559 2930 630 τῇ
2963 558 3107 630 χειρὶ
3132 557 3228 612 τοῦ
3249 557 3388 612 Θεοῦ
3423 558 3748 630 περιέσφιγ-

464 665 582 706 eam
631 647 927 720 aperuerit,
965 645 1148 702 omnia
1193 645 1421 716 repleat,
1453 659 1518 700 ac
1547 653 1758 700 saturet
1781 644 2024 701 bonitate

2187 663 2319 716 ται,
2360 651 2428 705 ἶν’
2463 652 2592 706 ὅταν
2624 651 2811 722 ἀνοίξῃ
2836 690 2851 718 ,
2903 651 3083 707 πάντα
3114 650 3317 722 πληροῖ
3364 651 3466 706 καὶ
3506 654 3747 724 χορτάξῃ

464 743 634 797 Porro
677 754 938 795 manuum
999 737 1120 808 ejus
1165 735 1510 807 apertionem
1567 736 1739 792 etiam
1783 737 1839 791 in
1887 752 2024 792 cruci

2193 744 2544 815 ρηστότητος.
2578 743 2822 808 Ἀνοιξιν
2850 743 2909 796 δὲ
2939 743 3103 804 αὑτοῦ
3139 743 3341 815 χειρῶν
3385 745 3485 797 καὶ
3527 745 3634 814 τὴν
3668 744 3753 798 ἐκ·

463 830 858 902 expansionem
881 828 1183 899 intelligere
1207 836 1450 897 oportet;
1479 826 1625 882 unde
1660 827 1844 883 omnia
1867 827 2023 898 imple

2191 851 2308 888 ασιν
2337 835 2436 906 τὴν
2463 835 2556 888 ἐπὶ
2585 833 2682 887 τοῦ
2718 834 2952 906 σταυροῦ
2987 837 3254 906 προσήκει
3282 834 3636 903 λογίζεσθαι·
3665 837 3751 905 ἀφ’

465 929 516 974 ta
547 927 675 974 sunt
710 919 978 982 bonitate,
1004 919 1058 973 id
1088 926 1174 973 est
1198 917 1572 989 benignitate;
1607 919 2025 990 quandoquidem

2193 945 2219 991 ς
2245 928 2424 982 πάντα
2454 927 2702 999 ἐπλήσθη
2725 929 3120 999 χρηστότητος,
3151 929 3404 982 τουτέστι
3445 926 3752 997 φιλανθρω-

464 1027 626 1068 omne
653 1021 939 1082 peceatum
968 1027 1066 1082 per
1091 1025 1311 1067 crucem
1340 1011 1628 1067 remissum
1663 1022 1766 1067 est.

2192 1019 2306 1086 :ia;'
2336 1021 2528 1092 ἐπειδὴ
2570 1022 2719 1075 πᾶσα
2767 1021 3016 1092 ἁμαρτία
3054 1021 3143 1075 διὰ
3183 1021 3425 1092 σταυροῦ
3466 1019 3752 1102 συγκεχώ-

2158 1131 2343 1184 ρηται.

423 1218 439 1276 ξ
536 1195 805 1252 Vens.50.
833 1212 851 1246 ι
899 1192 1126 1248 Emittes
1152 1193 1403 1263 spiritum
1439 1200 1617 1248 tuum.
1644 1210 1663 1243 ν

2232 1226 2251 1258 ι
2303 1207 2714 1271 Ἑξαποστελεῖς
2744 1208 2804 1259 τὸ
2847 1205 3068 1276 πνεῦμά
3096 1224 3212 1260 σου.
3257 1225 3274 1257 ι

428 1261 439 1318 δ
537 1285 675 1340 lllud
704 1284 772 1340 de
825 1293 1168 1338 mortuorum
1199 1283 1604 1338 resurrectione
1647 1279 1757 1336 dici
1785 1280 1988 1352 potuiss

2231 1294 2339 1352 τΗν
2372 1299 2438 1353 ἂν
2471 1299 2630 1352 τοῦτο
2673 1299 2804 1368 περὶ
2846 1298 2945 1368 τῆς
2988 1298 3099 1351 τῶν
3151 1298 3363 1367 νεκρῶν
3393 1297 3754 1360 ἀναστάσεως

465 1387 724 1447 tanquam
752 1375 820 1432 de
851 1375 1093 1430 humano
1137 1374 1336 1445 spiritu
1385 1373 1440 1428 in
1489 1382 1688 1428 terram
1715 1373 1940 1438 emisso,
1997 1388 2025 1426 u

2196 1390 2436 1460 ἑγεσθαι,
2464 1391 2540 1453 ὡς
2588 1391 2682 1443 ἐπὶ
2727 1391 2824 1462 τὴν
2857 1391 2961 1460 γῆν
3010 1389 3487 1460 ἁποστελλομένου
3533 1389 3632 1443 τοῦ
3672 1393 3756 1443 ἁν-

468 1472 710 1526 humana
739 1477 930 1523 natura
967 1475 1349 1533 renovaretur,
1379 1466 1487 1520 nisi
1526 1465 1802 1536 Propheta
1832 1465 2028 1520 dixisse

2195 1482 2435 1553 ρωπίνου
2472 1481 2806 1551 πνεύματος,
2845 1481 2987 1534 ὥστε
3027 1481 3487 1552 ἁνακαινισθῆναι
3529 1481 3636 1550 τὴν
3665 1481 3755 1532 ἀν.

468 1560 729 1629 Spiritum
781 1567 954 1622 tuum,
994 1557 1288 1613 manifeste
1353 1557 1448 1614 Dei
1497 1555 1760 1626 Spiritum
1806 1563 2028 1610 sanctum

2195 1573 2506 1644 ρωπότητα,
2529 1573 2577 1625 εἰ
2612 1571 2686 1642 μὴ
2708 1572 2768 1624 τὸ
2798 1571 3045 1641 Πνεῦμά
3078 1588 3196 1625 σου
3221 1573 3248 1624 ὁ
3275 1573 3584 1642 Προφήτης
3609 1569 3751 1636 εἷπε,

468 1651 788 1718 declarans;
809 1649 966 1720 cujus
998 1649 1261 1704 missione
1281 1649 1462 1704 omnis
1492 1657 1657 1713 terra,
1685 1647 1744 1703 id»
1762 1657 1849 1704 est
1867 1660 2028 1703 omne

2219 1661 2346 1731 ιφῶς
2382 1661 2439 1714 τὸ
2479 1661 2574 1714 τοῦ
2622 1661 2760 1714 Θεοῦ
2791 1660 3018 1732 Πνεῦμα
3040 1661 3104 1714 τὸ
3133 1662 3290 1729 ἆγιον
3335 1661 3539 1734 δηλῶν·
3573 1653 3638 1715 οὗ
3695 1667 3779 1733 τῇ,

470 1751 662 1814 gentes
692 1748 890 1796 creatae
925 1748 1074 1808 sunt,
1131 1748 1187 1795 et
1214 1749 1524 1805 renovatae;
1562 1738 1773 1796 scilicet
1798 1753 1896 1808 per
1915 1751 2028 1808 prae

2197 1751 2431 1824 ποστολῇ
2465 1755 2675 1823 πᾶσαή
2715 1753 2806 1822 γῆ,
2846 1753 3096 1806 τουτέστι
3131 1755 3312 1808 πάντα
3355 1754 3427 1808 τὰ
3478 1754 3616 1824 ἔθνη
3673 1757 3755 1807 Ex-

471 1833 803 1889 dicationem
857 1833 1252 1902 apostolorum.
1308 1830 1447 1886 Nam
1501 1831 1557 1885 in
1613 1847 1819 1885 omnem
1857 1839 2031 1883 terran

2197 1846 2338 1916 ῐσΘη,
2377 1816 2474 1899 καὶ
2507 1816 2815 1914 ὲκαινῖσθη·
2849 1845 2938 1899 διὰ
2959 1845 3054 1898 τοῦ
3084 1845 3451 1916 κηρύγματος
3485 1816 3757 1899 τῶνάπο-

473 1925 632 1979 exivit
675 1939 832 1978 sonus
876 1939 1077 1987 eorum,
1143 1932 1192 1977 et
1253 1923 1310 1977 in
1371 1923 1500 1991 ﬁnes
1559 1931 1711 1977 terra:
1761 1921 1915 1976 verba
1965 1936 2033 1974 eoi

2198 1937 2386 2002 τύλων,
2412 1934 2660 2006 εὔδηλον.
2687 1938 2790 2001 Εἰς
2820 1933 3030 1990 πᾶσαν
3057 1935 3167 2006 γὰρ
3196 1935 3313 2003 τὴν
3340 1935 3464 2005 γῆν
3497 1934 3758 2002 ἐξῆλθεν

475 2031 592 2068 rum
631 2013 695 2065 “-
2159 2030 2192 2080 ό
2219 2027 2483 2095 φθόγγος
2509 2025 2730 2091 αὐτῶν,
2777 2024 2876 2078 καὶ
2916 2027 3004 2092 εἰς
3037 2026 3110 2079 τὰ
3141 2026 3368 2094 πέρατα
3406 2027 3525 2095 τῆς
3560 2029 3756 2081 οἰκου-

415 2123 440 2156 ¹
2156 2117 2345 2188 μένης
2365 2117 2437 2171 τὰ
2449 2115 2688 2187 ῥήματα
2712 2117 2930 2172 αὐτῶν.

543 2211 704 2268 Veiis.
738 2213 828 2272 52.
867 2230 886 2263 ι
923 2211 1027 2278 Qui
1047 2209 1272 2281 respicit
1304 2224 1470 2280 Super
1497 2217 1720 2264 terram.
1763 2225 1781 2258 ι

1497 2217 1720 2264 terram.
1763 2225 1781 2258 ι
2235 2229 2253 2260 ι
2306 2209 2364 2262 Ὁ
2394 2209 2710 2264 ἐπιϐλέπων
2735 2209 2830 2262 ἐπὶ
2854 2211 2976 2279 γῆν.
3016 2229 3034 2260 ι

544 2305 719 2360 Tanta
771 2306 918 2366 enim
957 2305 1138 2359 virtus
1188 2302 1502 2360 Conditoris
1537 2311 1642 2364 est,
1689 2309 1750 2354 ut
1781 2299 1866 2354 vel
1907 2298 2057 2352 solus

2229 2299 2480 2369 Τοσαύτη
2547 2299 2657 2368 γὰρ
2685 2301 2718 2370 ἠ
2749 2299 2844 2353 τοῦ
2881 2299 3236 2371 Δημιουργοῦ
3281 2299 3544 2370 δύναμις,
3578 2301 3757 2354 ἱκανὸν

473 2396 592 2464 ejus
623 2405 882 2466 aspectus
933 2395 1067 2450 satis
1097 2395 1169 2450 sit
1217 2393 1288 2449 ad
1319 2401 1543 2460 terram,
1579 2405 1701 2461 quae
1733 2389 2033 2445 inconcuss:

2200 2391 2325 2444 ὑτοῦ
2351 2381 2444 2445 καὶ
2474 2392 2534 2444 τὸ
2579 2389 2799 2462 βλέμμα
2835 2385 3001 2458 εἶναι,
3042 2391 3308 2446 σαλεῦσαι
3351 2391 3457 2465 τὴν
3487 2391 3755 2447 δοκοῦσαν

474 2488 707 2554 videtur,
725 2487 1170 2543 concutiendam.

920 2487 1170 2543 .iendam.
2159 2482 2480 2537 ἀσάλευτον.

542 2579 707 2635 Vens.
740 2580 832 2644 53.
870 2599 890 2632 ι
919 2578 1166 2641 Gantabo
1191 2577 1423 2635 Domino
1458 2576 1515 2630 in
1541 2573 1653 2630 vita
1673 2589 1817 2629 mea.
1859 2593 1877 2625 ι

1753 2589 1817 2629 :a.
1859 2593 1877 2625 ι
2237 2596 2254 2623 ι
2292 2574 2442 2644 νᾼσω
2467 2573 2545 2643 τῷ
2576 2573 2765 2644 Κυρίῳ
2792 2574 2850 2626 ἐν
2885 2575 2950 2645 τῇ
2993 2573 3104 2646 ζωῇ
3133 2592 3256 2644 μου.
3294 2593 3313 2626 ι

541 2669 876 2724 Promissum
922 2669 1132 2724 bonum
1194 2677 1251 2723 et
1307 2667 1476 2722 vitam
1509 2675 1772 2721 aeternam
1810 2663 2057 2733 implenti

2241 2667 2568 2736 ’Υπόσχεσις
2599 2665 2778 2736 ἀγαθὴ
2803 2668 2912 2720 καῖ’
2929 2666 3076 2738 ζωὴν
3103 2667 3322 2721 αἰώνιον
3343 2668 3422 2739 τῷ
3457 2668 3753 2740 πληροῦντι

475 2759 744 2824 tribuens,
766 2759 974 2814 scilicet
997 2775 1099 2830 pro
1123 2757 1360 2828 quadam
1385 2757 1512 2813 vitae
1541 2765 1688 2811 meta
1715 2753 1812 2809 Dei
1842 2754 2035 2808 lauden

2192 2758 2496 2830 παρέχουσα,
2526 2758 2652 2829 ὅρον
2683 2758 2778 2811 τοῦ
2814 2759 2931 2826 βίου
2970 2759 3093 2813 τινὰ
3121 2761 3220 2832 τὴν
3249 2762 3346 2814 τοῦ
3376 2761 3520 2814 Θεοῦ
3548 2761 3752 2826 δοξοὶο-

474 2865 700 2920 ponere.
761 2849 908 2905 Talis
959 2849 1107 2906 enim
1149 2851 1219 2904 ad
1275 2849 1595 2922 angelorum
1641 2846 1893 2902 ordinem
1928 2860 2031 2900 con

2192 2853 2290 2906 ’ίαν
2336 2852 2603 2909 τίθεσθαι.
2656 2854 2750 2916 Εἰς
2782 2854 3032 2923 ἀγγέλων
3088 2855 3198 2926 γὰρ
3236 2856 3389 2922 τάξιν
3433 2857 3464 2909 ὁ
3516 2855 3752 2920 τοιοῦτος

474 2943 708 2999 scendit.

2164 2946 2471 3017 ἀνέρχεται.

548 3037 707 3092 Vens.
740 3036 828 3091 54.
865 3055 890 3088 ι,
917 3034 1229 3092 Iucundum
1278 3034 1351 3089 sit
1391 3035 1442 3088 ei
1472 3033 1752 3102 eloquium
1785 3047 1993 3088 meum.
2035 3050 2054 3084 ι

1785 3047 1993 3088 meum.
2035 3050 2054 3084 ι
2240 3057 2258 3090 ι
2306 3037 2593 3108 Ἠδυνθείη
2621 3038 2832 3110 αὐτῷή
2867 3038 3094 3111 διαλογή
3132 3057 3257 3110 μου.
3303 3058 3321 3091 ι

543 3129 682 3182 Cum
721 3127 867 3181 enim
900 3126 1012 3181 Deo
1039 3125 1318 3184 orationes
1345 3131 1550 3179 nostrae
1574 3124 1900 3194 placuerint,
1931 3131 2062 3178 tunc

2249 3129 2376 3183 Ἐὰν
2407 3131 2514 3201 γὰρ
2557 3133 2585 3184 ὁ
2631 3131 2764 3194 Θεὸς
2813 3132 2910 3186 ἐπὶ
2961 3133 3405 3204 ταῖςὴμετέραις
3435 3132 3649 3204 ἀρεσθῇ
3671 3133 3751 3186 λέ-

475 3222 641 3275 ctiam
690 3234 794 3274 nos
841 3218 1036 3273 merito
1086 3216 1142 3272 in
1191 3217 1310 3288 ipso
1358 3217 1641 3284 laetamur;
1689 3217 1818 3288 quia
1861 3216 2035 3287 partin

2189 3219 2304 3285 ξεσι,
2337 3219 2457 3273 τότε
2492 3219 2585 3273 καὶ
2601 3221 2765 3291 ἡμεῖς
2793 3220 3026 3285 εἰκότως
3044 3220 3130 3275 ἐπ’
3154 3220 3304 3292 αὑτῷ
3323 3221 3749 3293 εὐφραινόμεθα,

475 3314 695 3383 quidem
733 3311 878 3367 bona
907 3311 975 3365 ab
1005 3310 1125 3380 ipso
1166 3308 1500 3380 accepimus,
1545 3309 1742 3378 partim
1781 3307 1948 3362 etiam
1969 3323 2035 3362 ex

2192 3309 2348 3378 ιγαθὰ
2397 3311 2529 3381 παρ’
2565 3309 2730 3366 αὐτοῦ
2760 3309 2830 3365 τὰ
2872 3311 2973 3382 μὲν
2997 3311 3099 3382 ἥδη
3128 3312 3532 3383 λαμϐάνοντες,
3589 3313 3657 3366 τὰ
3699 3314 3752 3366 δὲ

475 3412 817 3476 spectamus;
835 3411 998 3472 atque
1018 3401 1175 3467 illud,
1197 3400 1432 3457 Gaudete
1453 3401 1508 3455 in
1533 3399 1760 3456 Domino
1775 3415 1978 3470 semper
1993 3400 2035 3431 ετ

2187 3400 2614 3471 προσδεχόμενοι·
2644 3401 2744 3459 καὶ
2759 3401 2844 3469 τὸ,
2863 3403 3109 3472 Χαίρετε
3142 3404 3214 3458 ἐν
3242 3405 3442 3474 Κυρίῳ
3473 3403 3747 3471 πάντοτε,

474 3496 702 3567 implere
724 3508 1039 3566 possumus.
1973 3543 1981 3550 _

1973 3543 1981 3550 _
2166 3492 2564 3564 ἀποπληρῶσαι
2595 3492 2896 3566 δυνάμεθα.

547 3586 712 3642 Vens.
753 3586 843 3642 '55.
883 3605 902 3638 ι
940 3583 1206 3641 Deﬁciant
1235 3592 1556 3654 peccatores
1583 3600 1615 3639 a
1657 3593 1823 3640 terra.
1857 3601 1876 3634 ι

2243 3602 2262 3636 ι
2303 3584 2642 3639 Ἐκλείποιεν
2667 3587 2985 3658 ἁμαρτωλοὶ
3017 3588 3126 3642 ἀπὸ
3144 3589 3244 3659 τῆς
3280 3589 3400 3660 γῆς.
3448 3607 3466 3640 ι

547 3679 824 3738 Ρτοωωὶο
845 3677 1011 3734 finem
1041 3676 1460 3734 convenientem
1499 3677 1778 3746 imposuit.
1827 3674 2064 3731 Decebat

2250 3677 2454 3740 Ἐοικὺς
2477 3677 2560 3749 τῷ
2573 3679 2849 3750 προοιμίῳ
2868 3680 3038 3734 καὶτὸ
3065 3679 3220 3749 τέλος
3243 3682 3545 3753 ἐπέθηκεν.
3567 3683 3753 3753 Ἐχρῆν

476 3776 624 3832 enim
663 3782 725 3830 ut
745 3772 839 3844 qui
868 3773 938 3828 de
960 3771 1128 3826 tantis
1153 3771 1426 3842 mysteriis
1451 3771 1618 3829 verba
1643 3768 1887 3824 facturus
1921 3776 2036 3823 erat

2193 3767 2276 3839 ’ἀρ
2313 3770 2447 3850 περὶ
2493 3768 2834 3838 τηλικούτων
2871 3773 3189 3845 μυστηρίων
3233 3774 3552 3844 ἐνθέμενον,
3587 3775 3753 3845 ἀρχὴν

477 3867 807 3942 principium
849 3875 906 3923 et
942 3865 1107 3920 ﬁnem
1155 3863 1429 3922 sermonis
1451 3872 1722 3919 statueret
1771 3862 1867 3917 Dei
1895 3861 2037 3916 bene

2196 3862 2259 3912 :at‘t
2298 3859 2466 3924 τέλος
2481 3857 2576 3914 τοῦ
2611 3860 2771 3931 λόγου
2819 3864 2920 3936 τὴν
2961 3866 3042 3928 εἰς
3071 3865 3205 3919 Θεὸν
3245 3865 3500 3933 εὐλογίαν
3530 3868 3756 3936 ποιήσα-

469 3961 794 4030 dictionem,
827 3957 915 4014 cui
976 3957 1142 4012 etiam
1166 3972 1270 4012 nos
1333 3955 1626 4027 diligenter
1685 3953 2029 4009 attendamus

2195 3952 2310 4016 τθαι,
2341 3945 2410 4022 ἧς
2454 3952 2550 4005 καὶ
2570 3954 2731 4023 ἡμεῖς
2766 3955 2906 4025 μετὰ
2932 3955 3173 4026 σπουδῆς
3211 3955 3494 4026 ἐχώμεθα.
3522 3955 3755 4022 Εὑλογὶα

475 4051 711 4108 Assidue
750 4050 897 4106 enim
947 4048 1042 4104 Dei
1082 4047 1392 4105 benedictio
1424 4047 1590 4103 vitam
1626 4055 1874 4104 nostram.
1912 4053 2035 4101 recti

2196 4047 2274 4117 ’ὰρ
2311 4046 2446 4100 Θεοῦ
2471 4047 2723 4120 διηνεκὴς
2758 4050 2838 4114 εἰς
2861 4049 3096 4114 εὐζωῖαν
3123 4050 3381 4121 ῥυθμίζει
3401 4051 3496 4105 τὸν
3529 4050 3648 4122 βίον
3674 4052 3756 4104 τὸν

476 4144 735 4216 disponit.

2164 4139 2453 4211 ἡμέτερον.
2491 4211 2498 4216 _

1008 4231 1334 4286 PSALMUS
1363 4230 1498 4286 CIV.

2573 4253 2576 4256 ’
2731 4231 3026 4286 ΨΑΛΜΟΣ
3058 4233 3180 4288 ΡΔ’.

551 4327 710 4382 Vens.
742 4327 796 4380 l.
824 4346 842 4379 ι
869 4323 1222 4381 Conﬁtemini
1250 4321 1509 4378 Domino.
1542 4341 1562 4375 ι

2244 4343 2280 4375 ι·
2305 4318 2751 4400 Ἐξομολογεῖσθε
2780 4325 2860 4394 τῷ
2901 4325 3117 4397 Κυρίῳ.
3155 4344 3174 4377 ι

549 4419 668 4473 Νοη
700 4417 902 4472 frustra
930 4415 1173 4486 primum.
1193 4413 1444 4470 conﬁteri
1489 4428 1553 4469 ac
1585 4413 1784 4470 deinde
1804 4413 2062 4472 invocare

2236 4415 2310 4468 Ού
2363 4415 2542 4487 μάτην
2591 4409 3036 4488 ἐξομολογεῖσθαι
3071 4419 3359 4490 πρότερον,
3389 4420 3486 4473 καὶ
3506 4419 3759 4491 δεύτερον

474 4512 664 4582 jubet;
699 4509 794 4566 sed
842 4517 904 4563 ut
933 4522 1028 4578 per
1066 4505 1469 4563 confessionem
1507 4522 1537 4561 a
1565 4507 1804 4578 peccatis
1858 4505 2030 4562 nostri

2199 4503 2542 4562 πικαλεῖσθαι
2604 4508 2880 4578 βούλεται“
2940 4510 3059 4563 ἀλλ’
3113 4510 3200 4563 ἵνα
3257 4512 3491 4583 καθαροὶ
3534 4514 3626 4567 διὰ
3664 4516 3759 4583 τῆς

477 4598 782 4665 emundati,
855 4613 924 4652 ex
1003 4605 1193 4650 sancto
1273 4597 1478 4666 templo
1542 4611 1790 4667 puroque
1855 4610 2037 4668 organi

2199 4601 2610 4672 ξομολογὴσεως
2654 4600 2764 4655 τῶν
2811 4601 3102 4671 ἡμετέρων
3147 4602 3578 4674 ἁμαρτημάτων
3608 4607 3759 4674 γενό-

478 4693 741 4763 hymnum
766 4687 1080 4750 aderamus.

2200 4707 2345 4758 ιενοι,
2366 4692 2425 4756 ἐξ
2458 4693 2618 4762 ἁγῖου
2647 4691 2778 4746 ναοῦ
2809 4693 2904 4746 καὶ
2937 4693 3172 4764 ὀργάνου
3198 4694 3442 4761 καθαροῦ
3464 4697 3560 4751 τὸν
3592 4695 3760 4766 ὕμνον

2172 4785 2651 4855 προσενέγκωμεν.

555 4887 574 4920 ι
605 4867 944 4923 Annuntiate
969 4867 1114 4922 inter
1150 4877 1357 4939 gentes.
1400 4885 1438 4928 »νη

2249 4893 2268 4927 ι
2325 4875 2727 4944 Ἀπαγγείλατε
2753 4877 2813 4928 ἐν
2846 4877 2961 4939 τοῖς
2992 4877 3189 4932 ἔθνεσι.
3229 4896 3246 4929 ι

428 4937 472 5020 ξ
549 4963 723 5028 Quam
753 4960 824 5016 ob
852 4961 1110 5014 causam?
1149 4937 1276 5031 quia
1321 4957 1579 5014 nimirum
1615 4957 1818 5029 populo
1845 4957 1988 5014 Judae

2238 4965 2396 5030 Τίνος
2443 4937 2640 5038 χάρινς
2685 4970 2875 5040 ἐπειδὴ
2909 4937 3001 5022 τιν
3057 4970 3329 5023 Ἰουδαίων
3360 4971 3489 5024 λαδν
3524 4973 3757 5042 ἀνήκοον

476 5069 600 5109 rum
667 5053 1018 5124 immorigero
1068 5063 1124 5108 ct
1179 5051 1518 5109 inobedienti
1585 5049 1931 5107 annuntiatio
1972 5052 2036 5106 ill:

2202 5076 2298 5112 ντα
2328 5060 2423 5111 καὶ
2466 5059 2669 5129 ἀπειθῆ
2724 5061 2756 5130 ἡ
2808 5060 3117 5129 ἐπαγγελία
3174 5061 3406 5130 ὠφελεῖν
3461 5063 3565 5116 οὐκ
3629 5064 3759 5134 ἠδύ-

475 5144 736 5217 prodesse
774 5159 883 5199 non
923 5152 1156 5214 poterat.
1200 5144 1387 5214 Itaque
1435 5141 1708 5212 Propheta
1755 5142 1846 5197 hic
1885 5143 2035 5198 mani

2202 5169 2318 5205 ατο.
2374 5151 2536 5204 Ὥστε
2593 5153 2779 5222 σαφῶς
2827 5155 2855 5205 ὁ
2917 5155 3214 5226 Προφήτης
3260 5157 3634 5226 προαγορεύει
3663 5157 3758 5229 τὴν

478 5239 616 5294 teste
648 5237 898 5309 praedicit
946 5236 1081 5308 legis
1114 5250 1178 5290 ac
1231 5235 1628 5306 prophetarum
1658 5235 1948 5290 transitum
1994 5251 2038 5289 at

2198 5241 2462 5313 οῦίνόμου
2511 5237 2613 5297 καὶ
2656 5243 2766 5298 τῶν
2820 5245 3118 5317 προφητῶν
3173 5248 3254 5309 εἰς
3305 5249 3373 5302 τὰ
3423 5246 3556 5319 ἔθνη
3591 5249 3758 5320 μετὰ·

3776 4827 3790 4888 i

512 5341 687 5387 entes.

2168 5325 2342 5388 ϐάσιν.

477 5348 687 5403 gentes.

549 5417 713 5475 Vens.
746 5419 803 5474 5.
836 5437 856 5471 ι
913 5417 1153 5472 Laetetur
1179 5430 1273 5470 cor
1303 5417 1664 5486 quaerentium
1710 5417 2037 5474 Dominum.;

2168 5348 2343 5388 σασιν.

2143 5414 2166 5424 ’
2243 5444 2262 5476 ι
2290 5425 2663 5497 Εὑφρανθήτω
2691 5427 2886 5498 καρδία
2908 5427 3214 5499 ζητούντων
3243 5430 3334 5484 τὸν
3361 5429 3594 5502 Κύριον.
3629 5451 3649 5485 ι

549 5507 677 5562 Vult
715 5522 838 5562 eum
863 5506 957 5578 qui
994 5504 1289 5561 Dominum
1315 5507 1508 5576 quaerit
1545 5506 1916 5566 fortitudinem
1939 5512 2057 5566 ani-

2252 5520 2428 5588 Ἱσχὺν
2457 5520 2752 5574 ἀναλαϐεῖν
2800 5524 2866 5594 τῇ
2901 5523 3047 5594 ψυχῇ
3075 5525 3142 5594 τῇ
3169 5525 3278 5578 τῶν
3310 5525 3512 5596 ἡδονῶν
3548 5527 3754 5596 ἐγκρα-

479 5599 551 5653 mi
585 5613 864 5655 assumere
892 5613 990 5668 per
1016 5597 1410 5654 continentiam
1442 5598 1805 5670 voluptatum.
1839 5603 2039 5661 Facien

2192 5608 2288 5680 ἐἶα
2315 5608 2566 5679 βούλεται
2604 5608 2797 5664 τοῦτον
2831 5611 2980 5674 ὅστις
3017 5611 3176 5682 ζητεί
3203 5612 3292 5666 τὸν
3315 5611 3545 5682 Κύριον.
3581 5611 3752 5682 Πρόσ-

557 5806 604 5837 ⁶⁶
626 5806 766 5859 Psal.
809 5823 958 5873 “ut,
987 5807 1038 5861 ὅ.
1119 5808 1162 5841 ⁸⁷
1194 5807 1333 5864 Phil.
1373 5810 1521 5874 ιν,4.
