3950 6432
554 307 688 372 1295
1742 299 2106 360 IIESYCHII
2163 299 2635 362 PRESBYTERI
3647 321 3750 389 1296

621 415 784 473 Vens.
823 417 903 472 l9.
949 435 965 467 ι
1012 418 1194 472 Donec
1238 416 1449 470 veniret
1486 416 1715 469 verbum
1749 414 1890 484 ejus.
1934 431 1952 464 ι
2165 429 2181 472 Α

1934 431 1952 464 ι
2165 415 2213 472 Α
2317 434 2335 467 ι
2368 416 2550 487 Μέχρι
2580 415 2674 469 τοῦ
2707 419 2883 474 ἐλθεῖν
2914 420 3003 474 τὸν
3035 421 3196 488 λόγον
3220 422 3401 480 αὑτοῦ.
3439 443 3454 477 ι

621 511 678 567 ld
707 520 813 578 est,
842 511 1068 588 verbum
1098 512 1244 581 quod
1279 510 1422 566 circa
1462 512 1634 581 ipsius
1663 507 2133 582 dispensationem

2312 510 2353 562 Τ
2356 510 2596 575 ουτέστι,
2625 512 2717 566 τὸν
2751 512 2878 585 περὶ¹
2917 514 3085 568 αὐτοῦ
3117 514 3279 584 λόγον
3313 511 3472 590 ὅνπερ
3503 522 3662 592 ὀΘεδς
3688 531 3753 586 ἐπὶ

547 605 692 660 Deus
732 607 1114 660 constituerat.
1143 604 1280 660 Cum
1317 605 1464 659 enim
1508 605 1675 660 verbo
1703 604 1883 659 omnia
1914 601 2106 673 dispcn

2235 603 2334 673 τῆς
2368 604 2491 658 κατ’
2524 605 2688 660 αὑτὸν
2720 608 3034 678 οἰκονομίας
3075 609 3249 666 ἔθετο.
3289 613 3456 684 -Λὸγῳ
3482 616 3580 688 γὰρ
3620 623 3753 680 πάντα

547 710 650 764 set,
702 697 871 753 verbo
921 712 1141 768 quoque
1185 697 1371 768 aliquo
1407 695 1772 752 tentationum
1822 705 2107 750 nostrarun

2235 696 2560 766 οἰκονομῶν,
2609 699 2756 770 λόγῳ
2804 700 2916 752 τινὶ
2942 701 3034 755 καὶ
3081 703 3193 756 τῶν
3227 705 3312 773 ἐφ’
3337 706 3463 776 ἡμῖν
3493 720 3754 786 πειρασμῶν

545 793 713 847 tinem
757 806 822 846 ac
877 791 1257 846 liberationem
1313 790 1595 847 deﬁnivit:
1655 789 1798 860 quod
1854 804 1978 843 eum
2032 802 2105 841 no

2234 787 2334 860 τὴν
2356 789 2682 863 ἀπαλλαγὴν
2732 793 2824 846 καὶ
2881 793 2941 845 τὸ
2989 795 3144 859 τέλος
3197 797 3479 869 ἀπένειμε·
3520 806 3604 856 καὶ
3636 809 3753 878 ἡμεῖς

531 883 698 952 -prius
747 877 1087 954 ignoremus,
1137 882 1488 953 postmodum
1537 893 1742 936 eventu
1796 879 1918 950 ipso
1964 877 2091 934 disci

2235 881 2560 949 ἀγνοοῦντες
2593 885 2885 958 πρότερον,
2915 887 3149 961 ὕστερον
3199 896 3264 963 τῇ
3294 894 3510 950 ἐκϐάσει
3541 903 3753 968 μανθάνο-

544 990 688 1032 mus.
725 975 939 1030 Etenim
979 975 1066 1030 lex
1131 976 1260 1030 data
1320 975 1565 1030 nondum
1619 980 1736 1030 erat
1796 971 2104 1042 conscripta

2237 991 2359 1044 μεν.
2393 975 2504 1028 Καὶ
2539 977 2647 1047 μὴν
2671 978 2825 1034 οὔπω
2849 981 3013 1052 νόμος
3047 984 3230 1049 δοθεὶς
3251 987 3489 1060 ὑπῆρχεν
3516 991 3752 1066 ἔγγραᾳος,

545 1070 640 1123 scd
696 1067 993 1138 unicuique
1049 1069 1259 1124 ratione
1313 1069 1491 1124 utenti
1555 1068 1642 1123 lex
1684 1066 1950 1124 naturalis
2006 1080 2105 1120 ora

2234 1067 2353 1119 ἀλλ’
2376 1067 2595 1140 ἑκάστῳ
2615 1070 2820 1143 λογικῷ
2845 1074 3028 1143 λόγιον
3070 1077 3224 1147 παρά
3255 1079 3390 1134 Θεοῦ
3423 1085 3450 1135 ὁ
3473 1087 3670 1153 φυσικὸς
3694 1093 3753 1146 v6-

543 1162 726 1216 culum
764 1169 941 1254 erata
971 1160 1107 1226 Deo,
1158 1177 1258 1232 per
1309 1161 1457 1232 quod
1490 1162 1656 1217 etiam
1711 1160 2007 1216 rationales
2038 1173 2102 1213 ex

1711 1160 2007 1216 rationales
2038 1173 2132 1213 ex-
2234 1175 2356 1228 μσς,
2390 1159 2456 1213 δι’
2489 1161 2549 1215 ὃν
2572 1163 2666 1216 καὶ
2697 1163 2908 1233 λογικοὶ
2936 1169 3227 1239 γινόμεθα.

543 1254 807 1310 sistimus.

615 1347 777 1402 Vens.
809 1347 900 1402 25.
941 1365 960 1398 ι
991 1346 1278 1402 Convertit
1303 1362 1397 1401 cor
1427 1362 1640 1402 eorum.
1682 1366 1700 1399 ι

2309 1363 2328 1394 ι
2357 1342 2714 1415 Μετέστρεψε
2749 1345 2847 1417 τὴν
2870 1349 3102 1420 καρδίαν
3133 1351 3338 1406 αὐτῶν.
3379 1373 3395 1404 ι

610 1437 902 1504 Convertit,
970 1437 1023 1492 id
1071 1448 1177 1504 est,
1238 1441 1470 1494 converti
1531 1440 1790 1508 permisit.
1843 1438 1933 1494 Sic
1983 1440 2128 1494 enim

2299 1433 2703 1506 Μετέστρεψε,
2733 1439 3006 1507 τουτέστι,
3032 1445 3527 1515 μεταστραφῆναι
3547 1455 3753 1524 συνεχώ-

541 1531 826 1602 Scriptura
851 1531 1001 1602 loqui
1041 1531 1200 1598 solet,
1239 1547 1366 1587 cum
1411 1533 1684 1604 permittit
1717 1532 1806 1587 illa
1833 1549 1954 1602 quae
1977 1545 2101 1604 pote

2223 1541 2439 1594 ρησεν.
2478 1525 2634 1580 Οὕτω
2666 1527 2775 1600 γὰρ
2809 1528 2930 1594 ἔθος
2984 1535 3052 1603 τῇ
3081 1531 3207 1605 θείᾳ.
3260 1535 3448 1606 Γραφῇ
3490 1540 3664 1608 λέγειν,
3686 1546 3753 1598 εει

540 1634 626 1678 rat
661 1623 948 1693 impedire,
983 1639 1095 1678 non
1123 1625 1242 1680 sine
1273 1625 1483 1681 ratione
1520 1634 1724 1692 tamen,
1755 1625 1852 1681 sed
1878 1627 2100 1696 quaedan

2230 1619 2350 1686 ἐξὸν
2419 1619 2663 1676 κωλῦσαι
2723 1627 3022 1694 συγχωρεῖ,
3073 1625 3136 1678 ού
3173 1625 3299 1697 δίχα
3339 1628 3397 1681 δὲ
3439 1629 3586 1699 λόγου
3631 1639 3747 1704 τινὸς,

539 1714 643 1770 alia
667 1714 1060 1784 dispensando.

2159 1766 2200 1787 η
2229 1711 2345 1765 ἀλλ’
2375 1714 2681 1786 οἰκονομῶν
2709 1715 2892 1787 ἕτερα.
3616 1719 3625 1727 ’

610 1805 771 1862 Vens.
822 1806 914 1861 28.
969 1824 986 1857 ι
1026 1805 1092 1861 Ει
1148 1823 1260 1864 non
1315 1809 1787 1865 exacerbaverunt
1843 1804 2170 1866 sermones'

2091 1825 2127 1866 ys
2161 1804 2201 1822 ν
2311 1823 2330 1856 ι
2361 1804 2473 1858 Καὶ
2502 1805 2564 1859 οὐ
2600 1807 3026 1880 παρεπίκραναν
3045 1812 3176 1875 τοὺς
3202 1811 3395 1881 λόγους
3427 1814 3598 1871 αὑτοῦ.
3637 1837 3651 1870 ι

538 1904 710 1975 ejus.»

610 1998 667 2054 ld
729 2007 848 2066 est,
902 1996 1300 2069 promissiones
1350 2010 1480 2051 suas
1538 1997 1768 2054 minime
1797 1995 1800 2000 ’
1829 2000 2122 2066 violarunt,

2303 1985 2622 2053 Τουτέστιν,
2656 1988 2718 2042 οὐ
2772 1989 3052 2063 παρῆλθον
3097 1991 3200 2055 τὰς
3236 1993 3447 2047 ἐαυτῶν
3477 1997 3748 2069 ὑποσχέσεις,

536 2106 716 2162 neque
746 2090 892 2148 dicta
951 2091 1108 2160 signa
1163 2088 1500 2145 fefellerunt.
1543 2088 1687 2156 Quid
1717 2092 1864 2146 enim
1893 2092 2094 2149 falsitat

2231 2076 2353 2130 οὐδὲ
2393 2077 2462 2131 τά
2505 2079 2922 2149 ἐπαγγελθέντα
2978 2085 3188 2154 σημεῖα
3233 2084 3544 2155 ἐψεύσαντο.
3588 2090 3642 2144 Τί
3679 2096 3751 2163 γὰρ

537 2181 825 2237 acerbius?
851 2179 1118 2246 Quocirca
1140 2195 1253 2236 non
1283 2178 1489 2246 fallere,
1523 2179 1620 2235 sed
1642 2181 1825 2236 omnia
1855 2192 2097 2252 prazcept.

2229 2169 2327 2224 τοῦ
2363 2169 2596 2241 ψεύδους
2628 2173 2994 2246 πικρότερον;
3043 2177 3184 2230 διότι
3219 2179 3297 2250 μὴ
3329 2179 3636 2250 ψεύσασθαι,
3657 2185 3748 2238 ἀλλὰ

536 2274 812 2330 mirabilia
844 2272 1095 2344 implere,
1139 2287 1252 2328 non
1284 2273 1616 2327 exacerbare
1646 2273 1845 2328 merito
1882 2274 2093 2345 appella

2233 2263 2416 2317 πάντα
2474 2266 2794 2321 ἐπιτελέσαι
2842 2269 2909 2322 τὰ
2963 2272 3384 2343 προσταχθέντα
3415 2275 3662 2346 θαύματα,
3701 2281 3747 2350 μὴ

540 2383 652 2427 tum
678 2380 781 2428 est.
814 2369 958 2426 Dicit
986 2377 1172 2425 autem
1202 2368 1272 2425 de
1319 2367 1504 2441 Moyse
1539 2378 1596 2425 et
1625 2367 1861 2436 Aarone,
1893 2369 1970 2424 uti
2001 2384 2100 2423 mat

2233 2361 2658 2429 παραπικρᾶναι
2680 2359 2908 2426 δικαίως
2936 2366 3408 2437 προσηγόρευται.
3429 2369 3582 2437 Λέγει
3602 2371 3648 2424 δὲ
3664 2375 3747 2444 περὶ

534 2465 794 2520 nifestum
828 2475 934 2522 est.

2230 2449 2480 2514 Μωσέως
2505 2451 2601 2504 καὶ
2650 2452 2884 2521 Ἀαρὼν,
2927 2454 3181 2524 εὔδηλον.

603 2558 768 2616 Vens.
794 2559 886 2616 29.
918 2577 938 2612 ι
973 2557 1261 2614 Convertit
1287 2563 1464 2627 aquas
1537 2571 1746 2612 eorum.
1786 2574 1806 2609 ι

1786 2574 1806 2609 ,
2311 2563 2328 2595 ι
2371 2544 2728 2617 Μετέστρεψε
2760 2547 2827 2600 τὰ
2859 2546 3028 2602 ὕδατα
3053 2549 3260 2604 αὐτῶν.
3301 2571 3319 2604 ι

604 2652 726 2708 Non
789 2653 930 2708 dixit
981 2665 1200 2722 aquam,
1251 2649 1347 2705 sed
1403 2665 1616 2720 aquas;
1671 2649 2115 2719 quandoquidem

2323 2637 2437 2690 Οὐκ
2470 2633 2592 2690 εἷπε
2622 2637 2683 2690 τὸ
2726 2639 2893 2711 ὕδωρ,
2927 2640 3066 2695 ἀλλὰ
3094 2643 3168 2696 τὰ
3193 2643 3384 2698 ὕδαταο
3414 2646 3588 2715 ἐπειδὴ
3615 2649 3746 2700 πᾶσαν

531 2762 753 2803 omnem
830 2759 987 2815 aquas
1061 2743 1550 2814 congregationem
1625 2757 1735 2796 non
1819 2743 1994 2798 solum
2065 2742 2091 2796 i1

2229 2729 2420 2793 ὓδατος
2471 2731 2802 2803 συναγωγὴν
2833 2735 2892 2786 οὐ
2939 2734 3103 2805 μόνον
3162 2735 3263 2806 τὴν
3309 2739 3367 2790 ἐν
3415 2743 3651 2810 ποταμοῖς
3680 2740 3744 2793 καὶ

532 2838 854 2894 ﬂuminibus
909 2845 966 2891 et
1032 2833 1279 2906 stagnis,
1343 2847 1535 2888 verum
1597 2833 1765 2887 etiam
1801 2825 1886 2887 'in
1958 2833 2089 2904 ligni

2226 2822 2467 2892 λίμναις,
2498 2822 2634 2876 ἀλλὰ
2663 2825 2758 2878 καὶ
2781 2824 2881 2895 τὴν
2937 2828 2994 2879 ἐν
3025 2827 3210 2894 ξύλοις
3255 2829 3352 2883 καὶ
3381 2829 3535 2895 λίθοις
3562 2833 3627 2894 είς
3647 2826 3743 2900 αἷμα

530 2941 587 2987 et
666 2929 942 3000 lapidibus
1027 2927 1084 2982 in
1166 2925 1494 2997 sanguinem
1546 2925 1822 2980 convertit
1889 2943 1901 2977 :
1971 2926 2090 2981 und

2229 2915 2658 2985 μεταὸέεληκεψ
2687 2918 2780 2985 ἀφ’
2799 2911 2875 2972 ὧν
2915 2920 3010 2973 καὶ
3029 2922 3080 2973 οἱ
3115 2920 3303 2990 ἰχθύες
3333 2924 3434 2994 τῆς
3465 2924 3650 2994 φύσεως
3668 2923 3744 2978 τῶν

528 3025 697 3080 etiam
750 3021 934 3092 pisces
982 3033 1255 3092 aquarum
1309 3027 1505 3072 natura
1576 3017 1859 3072 immutata
1912 3016 2087 3072 morie

1696 3025 1859 3072 ιιιιειει
1912 3016 2119 3072 morie-
2225 3006 2434 3062 ὑδάτων
2467 3007 2856 3080 ἀλλοιωθείσης
2886 3011 3256 3085 ἀπέθνησκον.

531 3119 754 3172 bantur.

603 3139 754 3170 llllll'.

599 3208 768 3265 Vens.
805 3207 894 3264 ὅθ.
929 3226 948 3261 ι
992 3206 1180 3264 Edidit
1213 3215 1360 3263 terra
1395 3221 1584 3261 eorum
1621 3221 1800 3259 ranas.
1843 3224 1862 3257 ι
2141 3141 2159 3197 ⁴

2141 3139 2186 3198 C
2299 3205 2319 3240 ι
2367 3189 2708 3263 Ἐξεῖρψενή
2743 3193 2818 3262 γῆ
2847 3193 3028 3248 αὐτῶν
3057 3194 3393 3267 βατράχους.
3439 3217 3456 3249 ι

598 3300 818 3355 Etenim
871 3313 1018 3354 ranae.
1082 3298 1288 3367 ubique
1349 3296 1680 3366 adrepentes
1732 3294 2115 3349 decurrebant.

2297 3283 2408 3336 Καὶ
2443 3283 2552 3354 μὴν
2581 3285 2862 3356 πανταχοῦ
2903 3287 3192 3358 διέτρεχον
3221 3291 3270 3342 οἱ
3315 3289 3564 3360 βάτραχοι
3597 3290 3742 3360 ἕρπον·

531 3388 922 3444 Verumtamen
968 3378 1244 3458 regiOrum
1295 3385 1662 3456 penetralium
1721 3385 1993 3450 meminit,
2059 3400 2091 3438 ι]

2222 3391 2336 3438 τες.
2387 3375 2549 3430 ’Λλλά
2597 3377 2707 3430 τῶν
2760 3378 3057 3447 βασιλικῶν
3084 3382 3339 3452 ταμείων
3385 3383 3739 3454 ἐμνημόνευσεν,

531 3480 778 3535 miraculi
830 3477 1268 3551 magnitudinem
1329 3477 1667 3543 declararet;
1737 3476 1881 3547 quod
1944 3493 2087 3546 nequ

2223 3465 2365 3521 ὥστε
2401 3467 2643 3538 δηλῶσαι
2696 3469 2756 3523 τὸ
2810 3470 2904 3524 τοῦ
2945 3471 3234 3542 θαύματος
3281 3475 3525 3543 μέγεθοςο
3555 3473 3741 3544 ὄτιμηδὲ

530 3574 858 3629 famulorum
935 3572 1243 3628 militumve
1339 3571 1538 3636 turba,
1613 3586 1736 3641 qua:
1815 3571 1871 3626 in
1954 3571 2088 3641 regii

2223 3558 2428 3628 πλῆθος
2456 3559 2686 3616 οἰκετῶν
2713 3561 2746 3632 ἢ
2791 3565 3161 3635 στρατιωτῶν,
3206 3565 3415 3637 οὖσπερ
3437 3567 3571 3628 εἰκὸς
3598 3567 3645 3618 ἐν
3663 3565 3741 3625 τοῖς

529 3665 730 3735 degere
768 3663 928 3729 solet,
984 3679 1146 3717 ranas
1189 3678 1380 3718 arcere
1432 3662 1664 3718 minime
1698 3663 1954 3718 valuerit.
1999 3663 2089 3717 N01

2225 3651 2521 3722 βασιλείοις
2548 3652 2777 3723 διάγειν,
2826 3656 3173 3726 ἀποσοϐῆσαι
3213 3658 3342 3721 τοὺς
3369 3658 3640 3728 βατράχους
3661 3653 3743 3707 ἐδύ-

529 3759 730 3822 solum,
762 3757 960 3828 inquit,
997 3772 1195 3828 aquam
1244 3756 1299 3810 in
1351 3757 1674 3826 grandinem
1732 3759 2084 3814 commutand

2223 3761 2373 3798 νατο.
2403 3747 2479 3798 Οὐ
2518 3745 2702 3816 μόνον,
2732 3747 2889 3816 φησι,
2915 3745 2976 3799 τὸ
3005 3746 3151 3819 ὕδωρ
3184 3750 3268 3812 είς
3301 3747 3536 3820 χάλαζαν
3563 3743 3740 3816 μεταϐα-

527 3852 907 3917 condensavit,
939 3865 1132 3905 verum
1163 3849 1329 3904 etiam
1368 3863 1437 3904 ex
1474 3865 1540 3905 ea
1574 3850 1756 3922 ignem
1793 3850 2001 3916 eduxit,
2032 3866 2087 3906 vc

2223 3835 2333 3891 λὼν
2367 3836 2692 3909 συνέπηξεν,
2727 3837 2864 3892 ἀλλὰ
2887 3839 2981 3894 καὶ
3031 3840 3143 3911 πῦρ
3194 3842 3466 3913 ἐξήγαγεν
3501 3840 3555 3905 ἐξ
3604 3835 3739 3897 αὐτοῦ,

527 3961 654 4001 cum
713 3959 777 4000 ea
841 3943 1163 3999 connexuit.
1216 3942 1521 4012 Utrumque
1577 3944 1725 4000 enim
1779 3944 2087 4015 demonstra

2223 3933 2255 4002 ἢ
2289 3931 2625 4000 συνέπληξεν
2651 3931 2806 3986 αὐτό.
2852 3931 3149 4004 Ἑκάτερον
3180 3935 3292 4006 γάρ
3319 3933 3512 4004 πολλὴν
3536 3931 3618 4001 τὴν
3639 3927 3737 3981 κατὰ

529 4053 781 4111 magnam
844 4036 1233 4093 miraculorum
1306 4037 1520 4107 opiﬁcis
1578 4038 1636 4092 in
1699 4038 1972 4094 elementa
2022 4055 2089 4110 po

2221 4023 2331 4078 τῶν
2364 4023 2643 4095 στοιχείων
2668 4024 2920 4089 ἐξουσίαν
2947 4026 3042 4080 τοῦ
3081 4026 3617 4100 θαυματοεάργοῦντος
3645 4036 3735 4074 συν-

530 4139 806 4187 ιοειαιοηι.

2224 4118 2456 4189 ίστησιν.

598 4223 758 4278 Vens.
785 4223 875 4278 56.
913 4241 930 4273 ι
983 4223 1047 4277 lit
1098 4224 1372 4294 percussit
1403 4239 1569 4280 omne
1609 4224 2053 4295 primogenitum.
2095 4245 2112 4277 ι

1784 4226 2053 4295 ,ερηίιυιη
2095 4245 2112 4277 ,
2297 4231 2315 4263 ι
2359 4213 2468 4266 Καὶ
2490 4211 2731 4278 ἐπάταξε
2767 4213 2876 4267 πᾶν
2923 4214 3288 4284 πρωτότοκον.
3327 4233 3344 4266 ι

580 4314 717 4369 Cum
731 4314 1025 4369 dixitomne
1037 4315 1504 4385 primogenitum,d
1514 4331 1610 4370 uas
1622 4315 1810 4385 plagas
1829 4315 2120 4384 pecoribus

2292 4307 2408 4359 Πᾶν
2448 4308 2830 4375 πρωτότοκον
2860 4307 3053 4374 εἰπὼν,
3087 4309 3188 4373 τὰς
3221 4310 3316 4364 δύο
3353 4308 3555 4379 πληγὰς
3574 4307 3650 4368 τὰς
3673 4301 3736 4355 ἐπὶ

526 4411 582 4459 ot
605 4403 916 4458 hominibus
946 4403 1209 4476 irrogatas
1231 4405 1650 4460 demonstravit.
1672 4405 1902 4462 Pulchre
1933 4417 2086 4463 auten

2220 4397 2328 4452 τῶν
2376 4399 2593 4470 κτηνῶν
2653 4401 2749 4454 καὶ
2799 4400 2910 4454 τῶν
2952 4402 3262 4473 ἀνθρώπων
3310 4403 3592 4473 γενομένας
3636 4411 3737 4462 τιαρ-

516 4495 888 4566 prim‘ogenita
915 4495 1095 4551 omnis
1115 4496 1330 4552 laboris
1360 4498 1632 4568 primitias
1653 4498 1966 4568 appellarit.
1995 4500 2076 4554 Et:

2178 4520 2190 4563 ι
2223 4493 2442 4563 ἐστησε.
2484 4493 2684 4558 Καλῶς
2727 4494 2783 4547 δὲ
2832 4496 2996 4548 πόνου
3030 4497 3232 4560 παντὸς
3262 4495 3512 4550 ἐκάλεσεν
3539 4489 3738 4557 ἀπαρχὴν

515 4587 671 4642 cnim
705 4589 821 4644 haec
845 4589 999 4661 plaga
1024 4588 1190 4644 fuerit
1215 4591 1507 4660 posterior,
1543 4590 1634 4646 illa
1666 4599 1848 4646 tamen
1879 4594 2075 4647 maxim

2219 4586 2286 4639 τᾶι
2335 4587 2682 4657 πρωτότοκα.
2724 4589 2785 4640 Εἰ
2815 4588 2922 4658 γὰρ
2947 4589 3044 4642 καὶ
3085 4589 3291 4658 ὑστέρα
3343 4587 3516 4657 πληγὴ
3557 4582 3735 4649 ἐγένετο.

525 4681 759 4750 perculsi
814 4679 1068 4747 fuerunt;
1119 4691 1176 4737 ct
1204 4683 1361 4751 quasi
1407 4694 1735 4738 caeterorum
1779 4684 2085 4757 ﬂagellorum

2217 4679 2333 4732 ἀλλ’
2376 4680 2526 4749 ὅμως
2573 4679 2661 4732 ἐπ’
2705 4681 2842 4752 αὐτῇ
2897 4681 3061 4734 πλέον
3099 4682 3436 4754 ἐπλήγησαν
3467 4679 3550 4733 καὶ
3595 4675 3735 4738 ὥσπερ

521 4773 910 4843 compendium
939 4774 1212 4844 quoddam
1237 4774 1306 4829 iis
1329 4774 1563 4829 exstitit.
1600 4773 1745 4842 Quin
1769 4776 1928 4831 simul
1949 4778 2081 4833 etiar

2216 4767 2696 4834 ἀνακεφαλαίωσις
2736 4769 2920 4834 αὐτοῖς
2945 4771 3055 4823 τῶν
3089 4770 3265 4824 ἄλλων
3300 4769 3565 4841 μαστίγων
3591 4761 3729 4831 ἐγένε-

517 4865 855 4932 insinuatur,
906 4867 1181 4938 quomodo
1254 4868 1372 4923 lucc
1427 4867 1582 4938 plaga
1633 4866 1798 4922 fuerit
1863 4870 2077 4940 quaedar

2215 4876 2297 4911 το.
2339 4859 2507 4928 Ὀμοῦ
2548 4860 2728 4913 δὲκαὶ
2765 4862 3086 4928 αἰνίττεται,
3125 4863 3201 4927 ὼς
3229 4866 3260 4935 ἠ
3294 4862 3470 4932 πληγὴ
3500 4857 3619 4924 αὕτη
3641 4854 3730 4904 ἀντ·

522 4956 813 5011 retributio
853 4957 1013 5012 necis
1065 4956 1434 5012 lsraelitarum
1486 4958 1673 5027 pueris
1712 4958 1892 5025 illata),
1947 4977 2082 5031 quan

2214 4951 2472 5017 απόδοσις
2503 4949 2572 5024 ἦν
2616 4954 2715 5024 τῆς
2745 4954 2855 5010 τῶν
2905 4955 3320 5028 Ἰσραηλιτικῶν
3370 4951 3571 5025 βρεφῶν
3618 4947 3733 4999 ἀναι-

522 5047 736 5103 l’barao
782 5049 950 5104 veluti
996 5048 1268 5119 primitias
1307 5050 1634 5106 insidiarum
1673 5063 1862 5106 contra
1895 5052 2082 5110 ,ιυὰωο

2217 5047 2444 5120 ρέσεως,
2485 5047 2679 5117 ἥντινα
2710 5049 2970 5120 ἀπαρχὴν
3006 5051 3304 5121 ἐπιϐουλῆς
3346 5046 3480 5103 κατὰ
3510 5043 3607 5096 τῶν
3640 5038 3734 5089 Ίου-

520 5141 788 5196 exhibuit.

2213 5139 2379 5194 δαίων
2404 5142 2432 5193 ὁ
2463 5139 2666 5210 Φαραὼ
2694 5141 3019 5207 ἐνεδείξατο.

591 5232 756 5288 Vens.
788 5233 876 5288 57.
915 5252 932 5285 ι
960 5232 1027 5288 Ει
1054 5233 1242 5290 eduxit
1271 5250 1366 5291 eos
1395 5237 1449 5290 in
1475 5247 1725 5309 argento.
1767 5258 1786 5292 ι

2293 5251 2311 5284 ι
2351 5231 2464 5285 Καὶ
2495 5232 2770 5303 ἐξήγαγεν
2803 5233 3004 5297 αὐτοὺς
3029 5235 3087 5288 ἐν
3112 5235 3380 5306 ἁργυρῖῳ.
3414 5250 3431 5283 ι

591 5318 708 5376 Non
737 5319 980 5376 inferens
1002 5322 1253 5392 injuriam
1283 5323 1550 5395 Egyptiis
1618 5325 1920 5400 (indignum
1963 5329 2109 5384 enim

2285 5326 2399 5378 Οὐκ
2447 5325 2650 5380 ἀδικῶν
2680 5327 2808 5392 τοὺς
2848 5328 3186 5396 Αἰγυπτίους
3245 5326 3399 5400 (Θεοῦ
3429 5322 3527 5393 γὰρ
3561 5314 3731 5385 ἐτέρους

518 5410 632 5467 Deo
668 5428 792 5466 cum
822 5413 1023 5483 injuria
1055 5413 1290 5469 aliorum
1327 5417 1450 5472 aliis
1483 5417 1750 5474 beneficia
1788 5420 2064 5492 conferre)

2213 5420 2528 5490 εὐεργετεῖν
2559 5419 2767 5490 ἐτέρων
2807 5420 3186 5492 ἀδικουμένων
3231 5418 3481 5485 ἁνάξιον)·
3508 5413 3608 5469 ἀλλ’
3637 5409 3730 5461 ὃταν

519 5506 613 5563 sed
656 5509 784 5563 dum
837 5508 958 5564 illos
1008 5524 1038 5562 a
1100 5508 1308 5564 Iudaeis
1368 5510 1588 5580 spoliari
1641 5512 1911 5584 praecipit,
1965 5530 2079 5570 mer

2214 5511 2513 5566 σκυλεῦσαι
2559 5512 2760 5576 αὐτοὺς
2823 5516 2936 5578 τοῖς
2998 5515 3274 5577 Ἰουδαίοις
3327 5509 3616 5566 ἐντέλλεται,
3662 5495 3727 5549 τὸν

517 5599 706 5654 cedem
734 5600 868 5671 ipsis
920 5617 1020 5672 pro
1041 5603 1274 5658 laterum
1313 5602 1674 5659 fabricatione
1727 5604 1972 5661 debitum
2013 5622 2072 5661 rc

2214 5605 2409 5677 μισθὸν
2463 5608 2633 5677 ὅνπερ
2677 5608 2868 5673 αὐτοῖς
2921 5610 3023 5681 τῆς
3075 5608 3442 5669 πλινθοποιίας
3484 5591 3727 5664 ἐπώφειλον

522 5690 734 5745 tribuit.

2210 5699 2622 5770 εἰσεπράττετο.

599 5799 616 5830 ι
653 5780 712 5836 Ει
744 5797 852 5838 non
876 5792 995 5838 erat
1021 5785 1075 5838 in
1109 5784 1359 5850 tribubus
1390 5803 1581 5843 eorum
1614 5787 1884 5846 inﬁrmus.
1932 5807 1950 5842 ›

2288 5811 2306 5843 ι
2332 5791 2442 5847 Καὶ
2471 5793 2573 5847 οὐκ
2597 5788 2666 5866 ἦν
2689 5795 2749 5849 ἐν
2783 5797 2906 5860 ταῖς
2932 5796 3126 5866 φυλαῖς
3151 5797 3332 5854 αὐτῶν
3358 5795 3384 5848 ὁ
3406 5783 3665 5850 ἀσθενῶν.»
