3950 6408
179 456 327 521 Ῑ297

1334 457 1805 520 FRAGMENTA
1841 456 1924 519 IN
1965 452 2326 516 PSALMOS.

3319 443 3457 509 1298

264 565 578 633 ’Δπόδειξις
635 567 812 641 σαφὴς
850 567 933 624 ὅτι
968 569 1091 641 χεὶρ
1148 568 1286 624 Θεοῦ
1327 548 1565 641 ὑπῆρχεν
1592 571 1651 638 ἐξ
1676 571 1774 624 Αἰ·-

1950 566 2065 621 Hoe
2115 564 2306 634 utique
2352 557 2704 617 manifestum
2759 565 2843 614 est
2897 563 3302 628 argumentum.
3358 551 3461 609 Da

175 661 400 730 γύπτου
452 659 547 714 τὸν
601 661 820 734 Ἰσραὴλ
848 662 1147 733 ἐξάγουσα.
1194 663 1320 728 Πῶς
1351 663 1460 736 γὰρ
1491 665 1553 718 ἐν
1577 663 1772 718 τοσαύ-

176 771 310 819 ταις
352 755 615 826 μυριάσιν
669 755 848 820 οὐδεὶς
902 757 1150 813 ἀσθενεῖν
1180 758 1399 831 ἔμελλε,
1450 760 1547 814 καὶ⁵
1597 758 1773 812 ταῦτα

176 847 382 911 κακῶς
443 848 625 901 αὐτῶν
680 852 1020 922 πασχόντων,
1086 853 1180 906 καὶ
1232 850 1772 924 ταλαιπωρουμένων

174 945 300 1007 τοῖς
326 942 512 1014 ἔργοις
541 945 812 1017 ὁσημέραι
827 963 843 1015 ;
1430 990 1435 993 .

264 1049 285 1082 ι
326 1032 625 1105 Εύφράνθη
648 1035 924 1103 Αἴγυπτος
958 1038 1016 1090 ἐν
1047 1039 1113 1110 τῇ
1146 1036 1336 1109 ἐξόδῳ.
1375 1057 1392 1089 ι

259 1211 549 1285 Τοσαύτην
613 1213 710 1269 τοῦ
764 1216 899 1271 Θεοῦ
952 1218 1258 1289 μεταϐολὴν
1313 1220 1609 1284 δεδωκότος
1661 1221 1775 1283 τοῖς

158 1304 538 1395 πράγμασιν,
571 1304 715 1360 ὥστε
744 1308 870 1373 τοὺς
903 1311 1169 1383 πρότερον
1199 1313 1334 1385 πρὸς
1361 1313 1482 1384 βίαν
1516 1313 1776 1383 κατέχον-

177 1414 288 1462 τας
342 1399 565 1465 αὐτοὺς,
617 1405 958 1473 παρακαλεῖν
993 1408 1208 1479 ἀπᾶραι
1252 1408 1346 1463 καὶ
1401 1408 1772 1477 κατεπείγειν.

180 1487 394 1561 Διόπερ
436 1491 593 1545 οὐδὲν
636 1492 736 1563 τῆς
784 1494 1066 1566 δυνάμεως
1091 1496 1200 1551 τῶν
1231 1497 1444 1569 ἐχθρῶν
1471 1499 1601 1552 ὅταν
1634 1497 1776 1568 ἐχω-

188 1606 298 1659 μεν
368 1591 823 1663 ὑπερμαχοῦντα,
885 1594 983 1648 τὸν
1035 1595 1171 1649 Θεὸν
1237 1593 1546 1667 φροντίζειν
1618 1593 1776 1665 ὀφείο

181 1682 384 1753 λομεν.
556 1700 567 1713 ~
617 1710 621 1714 -
670 1720 676 1727 .
740 1684 751 1725 Γ
842 1726 847 1735 ,
1051 1717 1058 1724 .
1248 1674 1275 1689 ’

188 1864 197 1869 ﬁ
265 1794 311 1869 1—
314 1776 600 1869 ξῌτησαν,
640 1778 735 1831 καὶ
766 1772 937 1849 ἦλθεν
959 1780 1362 1853 ὀρτυγομήτρα.
1397 1800 1418 1834 ι

188 1867 197 1897 ῖ
262 1867 340 1921 Τὸ
367 1868 546 1939 μάννα
578 1869 731 1938 λέγει
776 1873 877 1943 οὐχ
923 1872 1000 1936 ὡς
1038 1873 1098 1939 ἐξ
1153 1872 1323 1928 αὑτοῦ
1369 1871 1467 1927 τοῦ
1517 1871 1774 1944 οὐρανοῦ,

1881 670 2108 710 manum
2160 653 2330 709 fuisse
2376 666 2498 722 qua:
2555 648 2813 705 Israelem
2854 663 2921 703 ex
2955 645 3187 719 Egypto
3247 640 3459 709 eduxit.

1881 745 2165 813 Quomodo
2203 744 2352 801 enim
2382 744 2528 798 inter
2558 749 2640 796 tot
2670 738 2840 794 millia
2892 752 3057 792 nemo
3104 725 3460 813 aegrotasset;

1881 839 2045 907 idque
2074 853 2198 894 cum
2249 835 2488 907 pessime
2524 834 2887 894 haberentur,
2939 835 2997 884 et
3024 806 3465 899 quotidiani's'la-

1882 930 2107 986 boribus
2134 927 2524 1000 ailligerentur.
2618 918 2627 933 “
2700 908 2703 913 ”

1951 1022 2113 1078 Vens.
2168 1022 2260 1077 58.
2324 1038 2344 1070 ι
2404 1018 2609 1075 Ιιαειεῑα
2664 1024 2749 1071 est
2811 1010 3080 1085 IEgyptus
3150 1010 3207 1065 in
3275 1004 3464 1080 profe-

1883 1120 2083 1176 ctione.
2119 1137 2138 1170 ι
2442 1122 2449 1127 “
3172 1112 3175 1115 Α
3362 1107 3391 1157 ’.

1884 1218 1895 1225 “
1954 1212 2066 1266 Deo
2084 1208 2345 1265 nimirum
2364 1214 2568 1263 tantam
2584 1219 2769 1261 rerum
2795 1200 3154 1259 mutationem
3177 1198 3460 1270 largiente,

1885 1316 1947 1362 ut
1978 1303 2070 1376 qui
2125 1302 2278 1374 prius
2324 1302 2473 1372 ipsos
2517 1299 2572 1354 vi
2618 1297 2960 1359 detinebant,
3009 1293 3363 1348 hortarentur
3409 1294 3464 1343 et

1885 1405 2150 1469 urgerent
2174 1394 2499 1450 discessum.
2526 1390 2870 1460 Quapropter
2905 1385 3248 1440 inimicorum
3277 1382 3358 1437 vis
3387 1380 3465 1436 nil

1884 1487 2045 1545 nobis
2065 1485 2305 1544 curanda
2335 1491 2441 1554 est,
2475 1481 2695 1555 quando
2736 1479 2907 1536 Deum
2957 1479 3225 1534 habemus
3269 1472 3463 1529 defen-

1886 1593 2065 1635 sorem
2074 1616 2091 1632 .

1957 1758 2124 1814 Vens.
2160 1754 2251 1811 40.
2293 1771 2312 1806 ι
2344 1753 2657 1817 Petierunt,
2682 1758 2737 1806 et
2765 1749 2921 1805 venit
2948 1742 3227 1802 coturnix.
3260 1759 3279 1794 ι

1956 1851 2156 1906 Manna
2196 1847 2328 1905 dicit
2358 1845 2506 1916 quod
2537 1847 2646 1900 non
2687 1856 2753 1897 ex
2799 1841 3036 1911 ipsomet
3075 1835 3235 1901 coelo,
3269 1831 3363 1888 sed
3401 1845 3469 1887 ex

194 1962 325 2019 ἀλλί
352 1964 420 2016 ἐκ
458 1962 553 2018 τοῦ
584 1964 728 2036 ὑπὲρ
773 1920 1020 2035 κεφαλής
1058 1920 1223 2037 ἇέρος
1258 1965 1453 2039 (ὅνπερ
1479 1920 1780 2036 οῡρξιξιᾷτῆ

1920 1955 2011 1997 ere
2054 1954 2221 2010 supra
2259 1944 2425 2008 caput
2462 1942 2713 1990 nostrum
2757 1931 3054 1987 exsistente
3095 1928 3276 1998 (quem
3317 1920 3467 1977 Scri-

2091 2032 2127 2039 --
2169 2031 2183 2039 .
2561 2026 2576 2039 .
3016 2017 3361 2039 Lana“..-
3415 2020 3467 2039 η.

190 2054 318 2109 θεία
341 2056 538 2128 Γραφὴ
556 2055 826 2123 πολλάκις
858 2059 1283 2131 προσαγορεύει)
1310 2060 1635 2131 φερόμενον,
1664 2057 1783 2129 ἅμα

196 2146 259 2201 δὲ
283 2148 381 2202 καὶ
408 2148 485 2212 ὡς
507 2149 697 2203 εἰκόνα
717 2149 813 2204 τοῦ
842 2150 1101 2220 οὐρανίου
1125 2151 1294 2222 ἄρτου
1329 2149 1425 2204 τοῦ
1458 2149 1705 2214 δοθέντος
1724 2149 1783 2204 ὲν

198 2237 492 2309 μυστηρίῳ
519 2240 587 2308 τῇ
604 2237 906 2312 Ἐκκλησία
932 2239 1191 2311 φέροντα.

275 2346 298 2381 ι
331 2328 602 2402 Διέῥρηξε
627 2330 872 2402 πέτραν,
904 2331 999 2385 καὶ
1021 2331 1300 2403 ἐρρύησαν
1326 2330 1516 2386 ὕδατα.
1562 2350 1581 2383 ι

279 2510 392 2566 Οὐκ
416 2510 529 2582 ἄρα
556 2509 618 2564 τὸ
646 2510 895 2582 ὑπάρχον
939 2509 1088 2581 ὓδωρ
1131 2510 1191 2563 ἐν
1222 2510 1292 2583 τῇ
1326 2509 1503 2582 πέτρᾳ
1531 2508 1567 2577 ἡ
1600 2506 1786 2578 πληγὴ

207 2598 307 2670 τῆς
325 2598 527 2671 ῥάϐδου
556 2600 654 2653 καὶ
681 2600 715 2669 ἡ
744 2598 900 2669 ῥῆξις
921 2599 1208 2668 ἐπήγαγεν
1231 2611 1246 2628 ⁸
1277 2597 1413 2652 ἀλλὰ
1438 2598 1510 2652 τὰ
1532 2595 1627 2650 τοῦ
1648 2594 1786 2650 Θεοῦ

203 2688 647 2762 προστάγματα,
690 2690 789 2743 καὶ
838 2690 1074 2760 ῥαγῆναι
1124 2689 1228 2762 τὴν
1278 2687 1489 2760 πέτραν
1540 2686 1646 2742 ὑπὸ
1690 2689 1790 2760 τῆς

206 2781 406 2854 ῥάὸδου
422 2823 439 2849 ,
459 2781 558 2836 καὶ
578 2779 724 2853 ὕδωρ
746 2780 936 2851 ῥεῦσαι
963 2780 994 2834 δ
1017 2780 1285 2852 πρότερον
1315 2781 1416 2835 οὐκ
1444 2774 1515 2853 ἦν
1538 2781 1598 2834 ἐν
1625 2779 1787 2852 αὐτῇ,

204 2872 617 2946 παρεσκεύασε.
639 2872 812 2929 Τοῦτο
826 2873 934 2945 γὰρ
953 2875 982 2928 ὀ
1001 2874 1296 2946 Προφήτης
1321 2871 1790 2945 μαρτυρούμενος,

219 2966 678 3034 Ἐπορεύθησαν
722 2964 792 3018 ἐν
841 2964 1129 3034 ἀνύδροις
1180 2963 1456 3036 ποταμοὶ,
1503 2962 1794 3034 ἐξεϐόησεν

207 3058 393 3131 χάρινο
407 3058 497 3112 ῖνα
512 3056 612 3127 τῆς
634 3058 739 3127 γῆς
753 3056 967 3126 ἐκείνης
987 3058 1050 3109 τὸ
1066 3054 1228 3128 ξηρὸν
1244 3057 1476 3126 ἀνικμον
1493 3054 1589 3109 καὶ
1603 3054 1795 3124 ἄγονον

205 3151 315 3205 τῶν
330 3150 544 3206 ὑδάτων
557 3147 1043 3222 αἰνίξηται.Ταῦτα
1057 3148 1117 3202 δέ
1132 3149 1279 3213 τίνος
1294 3148 1426 3203 ἐθαυ
1435 3148 1796 3219 ματουργεῖτο

1885 2042 2044 2104 ptura
2075 2031 2256 2086 divina
2295 2042 2443 2099 saepe
2475 2026 2675 2082 coelum
2711 2019 2970 2094 appellat)
3008 2017 3382 2080 deferebatur,
3413 2020 3469 2067 et

1885 2126 2049 2182 simul
2084 2126 2251 2181 etiam
2300 2120 2596 2192 imaginem
2643 2115 2918 2172 referebat
2956 2112 3117 2184 panis
3164 2109 3469 2166 illius'coe-

1878 2217 2040 2274 lestis
2066 2213 2160 2286 qui
2193 2211 2452 2268 Ecclesiae
2490 2209 2651 2264 datus
2680 2212 2767 2260 est
2797 2204 2852 2258 in
2890 2206 3255 2258 sacramento.

1959 2308 2124 2363 Vens.
2199 2305 2289 2359 41.
2368 2323 2387 2355 ι
2447 2299 2662 2371 Dirupit
2736 2303 2988 2367 petram,
3060 2298 3117 2346 et
3192 2287 3473 2344 ﬂuxerunt

1889 2416 2062 2475 aquae.
2113 2419 2133 2453 ι

1960 2490 2117 2548 Haud
2161 2489 2352 2559 utique
2393 2499 2587 2556 aquam
2633 2482 2688 2537 in
2732 2488 2889 2553 petra
2922 2476 3276 2533 cxsistentem
3306 2472 3473 2544 virga:

1890 2581 2175 2657 percussio
2212 2589 2265 2635 et
2297 2584 2466 2650 petrae
2511 2572 2706 2630 scissio
2753 2565 3037 2641 produxit;
3073 2565 3170 2620 sed
3214 2563 3473 2618 mandata

1891 2676 1989 2732 Dei
2034 2683 2144 2730 tam
2183 2680 2392 2745 petram
2430 2669 2604 2739 ipsam
2635 2680 2665 2719 a
2698 2662 2847 2734 virga
2892 2658 3047 2725 llndi,
3078 2666 3241 2727 quam
3276 2667 3474 2724 aquam

1892 2769 1950 2825 in
2003 2768 2119 2838 ipsa
2172 2762 2325 2836 prius
2380 2760 2606 2815 minime
2657 2755 3010 2812 exsistentem
3059 2748 3283 2804 efﬂuere
3322 2746 3474 2801 fecit.

1894 2860 2010 2915 Hoc
2035 2858 2180 2914 enim
2208 2854 2485 2925 Propheta
2509 2859 2742 2906 testatus
2767 2842 3110 2906 exclamavit,
3131 2839 3480 2896 Transierunt

1895 2956 1951 3009 in
1977 2953 2126 3007 siccis
2160 2949 2386 3020 ﬂumina
2419 2962 2437 3001 :
2466 2953 2528 3000 ut
2556 2953 2713 2999 terra:
2745 2939 2892 2995 illius
2931 2935 3161 2991 ariditas
3182 2941 3237 2989 et
3261 2930 3480 2987 siccitas

1897 3044 2267 3113 sterilitasque
2310 3051 2573 3109 aquarum
2608 3035 2953 3099 iunucretur.
2988 3025 3117 3085 Haec
3149 3033 3331 3081 autem
3376 3022 3482 3078 mi-

1897 3137 2080 3193 racula
2114 3150 2211 3190 cur
2245 3132 2631 3205 contigerunt?
2670 3124 2931 3195 Quoniam
2973 3136 3171 3177 memor
3204 3118 3304 3190 fuit
3338 3113 3481 3169 verbi

205 3243 407 3315 χάριν;
452 3242 587 3296 Ὀτι
612 3241 885 3313 ἐμνήσθη
905 3241 1012 3296 τοῦ
1036 3241 1225 3311 λόγου
1252 3240 1361 3294 τοῦ
1382 3238 1558 3310 ἁγίου
1583 3236 1792 3294 αὑτοῦ.

1920 3227 2068 3282 :ancti
2099 3225 2202 3280 sui.

288 3356 309 3390 ι
347 3336 549 3400 Ὅπως
578 3335 647 3390 ἂν
675 3334 955 3405 φυλάξωσι
984 3333 1054 3387 τὰ
1073 3330 1444 3403 δικαιώματα.
1484 3349 1503 3383 ›

289 3428 403 3485 Καὶ
431 3429 540 3483 τὸν
566 3427 759 3498 νόμον
790 3424 983 3481 αὑτοῦ
1020 3424 1418 3494 ἐκζητήσωσι,
1448 3422 1699 3496 δηλονότι
1738 3422 1799 3476 τὸ

207 3520 575 3593 Εὐαγγέλιυν.
639 3519 707 3573 Τί
762 3519 883 3591 γὰρ
937 3518 1163 3589 ἔμελλον
1214 3518 1400 3588 ζητεῖν
1451 3516 1590 3588 ὅπερ
1647 3514 1799 3579 ἅπαξ

207 3613 397 3688 εῐχον;
448 3611 661 3669 Οὐκοῦν
696 3611 797 3685 τήν
833 3610 1102 3682 διαθήκην
1127 3610 1347 3673 πάντως
1398 3610 1496 3680 τήν
1538 3607 1798 3678 δευτέραν

208 3709 542 3769 αἰνίττεται.

790 3796 1084 3851 ΨΑΛΜΟΣ
1109 3795 1232 3849 PE'.

292 3915 313 3948 ο
346 3893 467 3971 ’Καὶ
491 3892 777 3965 ὡδήγησεν
807 3891 1010 3953 αὐτοὺς
1037 3890 1096 3942 ἐν
1118 3886 1362 3956 ἀϐύσσῳ.
1397 3903 1415 3937 ι

286 3983 428 4037 Οὐδὲ
465 3980 576 4053 γὰρ
625 3979 738 4051 ἁφὴ
775 3980 877 4051 τῆς
912 3978 1112 4051 ῥάϐδου
1135 4018 1150 4043 ,
1196 3977 1333 4031 ἀλλὰ
1361 3975 1423 4029 τὸ
1471 3974 1801 4046 πρόσταγμα

210 4076 315 4130 τοῦ
350 4073 489 4127 θεοῦ
510 4074 707 4145 χέρσον
730 4070 908 4150 ἐποίει
937 4072 1000 4123 τὸ
1021 4068 1280 4138 πέλαγος.

296 4187 319 4220 ι
349 4167 461 4222 Καὶ
490 4164 696 4220 ἔσωσεν
725 4162 928 4228 αὐτοὺς
956 4162 1022 4216 ἐκ
1055 4160 1241 4234 χειρὸς
1268 4157 1593 4232 μισούντων.
1635 4175 1654 4210 ι

292 4348 372 4403 Οὐ
421 4346 598 4419 μάτην
650 4344 827 4400 ταῦτα
863 4342 1039 4413 λέγει,
1093 4340 1194 4413 τὴν
1237 4340 1297 4395 δὲ
1343 4338 1454 4394 τῶν
1531 4335 1805 4391 Ἰουδαίων

217 4440 553 4512 ἀχαριστίαν
599 4438 951 4510 τραγῳδήσαι
995 4435 1354 4507 βουλόμενος,
1412 4434 1494 4487 ὅτι
1546 4431 1806 4502 τοιαύτης

218 4532 550 4605 εὐεργεσίας
586 4529 977 4594 ἀπολαύοντες,
1014 4526 1330 4599 ἀγνώμονες
1375 4526 1526 4597 ὅμως
1557 4524 1686 4595 περὶ
1713 4523 1807 4577 τὸν

1978 3318 2139 3374 Vens.
2173 3317 2263 3372 45.
2306 3335 2325 3369 ι
2372 3314 2444 3371 Ut
2471 3312 2786 3369 custodiant
2812 3306 3253 3383 iustiﬁcationes.
3288 3318 3309 3353 ι

1975 3410 2043 3465 Et
2088 3409 2252 3480 legem
2302 3407 2417 3478 ejus
2467 3407 2780 3472 exquirant,
2839 3400 3051 3458 scilicet
3102 3391 3481 3465 Evangelium.

1900 3503 2173 3568 Quorsum
2213 3499 2360 3554 enim
2398 3504 2712 3568 quaererent
2745 3495 2799 3550 id
2827 3494 2974 3565 quod
3017 3489 3265 3546 absolute
3312 3484 3485 3539 babe-

1899 3590 2070 3649 bant?
2121 3590 2309 3660 Itaque
2353 3588 2583 3644 alterum
2631 3586 2859 3642 omnino
2903 3585 3293 3640 testamentum
3344 3572 3484 3630 insi-

1899 3692 2055 3739 nuat.

2452 3767 2773 3826 PSALMUS
2809 3766 2921 3821 CV.

1973 3866 2141 3923 Vens.
2184 3866 2238 3921 9.
2284 3884 2303 3919 ι
2344 3865 2413 3920 Ει
2441 3861 2668 3920 deduxit
2692 3875 2790 3916 eos
2819 3859 2875 3913 in
2904 3857 3121 3929 abysso.
3159 3872 3178 3905 ι

1974 3958 2095 4015 Non
2153 3959 2301 4014 enim
2354 3962 2593 4012 attactus
2644 3951 2833 4023 γίνεαι,
2874 3949 2971 4005 sed
3022 3944 3340 4002 mandatum
3390 3940 3488 3997 Dei

1904 4052 2132 4123 pelagus
2159 4048 2365 4105 fecerat
2391 4058 2591 4102 terram
2624 4043 2907 4099 incultam.

1978 4144 2143 4201 Vens.
2198 4142 2286 4197 lo.
2344 4158 2363 4192 ι
2420 4140 2484 4195 Et
2532 4135 2762 4195 salvavit
2816 4149 2910 4190 eos
2962 4133 3032 4188 de
3074 4147 3241 4187 manu
3296 4126 3491 4185 odian

1906 4237 2066 4293 tium.
2109 4255 2128 4289 ι

1980 4329 2103 4384 Non
2144 4339 2354 4383 temere
2391 4324 2511 4381 haec
2553 4320 2707 4386 dicit,
2739 4319 2836 4375 sed
2872 4327 2929 4374 ut
2965 4315 3278 4373 Judazorum
3313 4311 3497 4382 ingra-

1912 4422 2202 4480 titudinem
2254 4424 2630 4492 exaggeraret,
2662 4413 2808 4485 quod
2861 4420 3009 4468 tanta
3054 4406 3320 4492 beneﬁcia
3362 4419 3499 4461 con-

1912 4514 2120 4581 secuti,
2179 4490 2379 4568 tamen'
2421 4524 2550 4581 erga
2607 4504 3018 4563 benefactorem
3080 4513 3241 4557 suum
3274 4490 3499 4568 ingrati

219 4588 650 4696 sueprérnvvzbv
676 4622 882 4677 οίκεῖον
906 4588 1187 4691 γεγόνασί
1221 4588 1323 4673 τὸν
1345 4588 1661 4680 naeniae};
1694 4614 1795 4669 θλί-

1920 4603 2258 4669 exstiterint,
2311 4600 2403 4672 qui
2465 4598 2623 4670 aquis
2675 4595 3006 4669 sepeliverat
3053 4606 3150 4646 eos
3197 4588 3288 4659 qui
3351 4588 3502 4657 ipsos

221 4718 425 4780 δοντας
472 4714 673 4777 αὐτοὺς
714 4715 811 4768 καὶ
865 4713 994 4776 τοὺς
1057 4706 1470 4785 ἐπηρεάζοντας
1514 4708 1812 4764 θάπτοντα.

224 4812 446 4877 Ὠσπερ
479 4808 732 4879 ἐπιφέρει
756 4823 772 4839 ’

306 4917 333 4952 σ
383 4899 703 4967 Ἐτάχυναν,
738 4894 1092 4952 ἐπελάθοντο.
1131 4913 1151 4947 ι

317 4989 590 5044 Ἀπίστων
617 4987 777 5041 τοῦτο
820 4986 917 5041 καὶ
953 4985 1236 5055 ὀλιγώρων
1278 4983 1445 5051 ίδιον,
1482 4983 1559 5054 μὴ
1606 4982 1817 5053 ἀναμέ-

1917 4695 2230 4766 aﬂligebant
2282 4706 2348 4746 ac
2400 4690 2749 4746 divexabant.
2796 4686 2955 4744 Unde
3001 4680 3186 4740 subdit
3222 4697 3238 4736 :
3277 4678 3501 4751 Oper-uit

1917 4802 2058 4857 aqua
2084 4782 2395 4837 tribulantes
2420 4796 2532 4842 eos.

1987 4890 2152 4948 Vens.
2187 4889 2275 4944 13.
2314 4906 2333 4939 ι
2369 4883 2815 4946 Festinaverunt,
2857 4878 3011 4936 obliti
3050 4885 3197 4934 sunt.
3237 4894 3258 4928 ι

1988 4981 2404 5039 lncredulorum
2434 4985 2492 5033 et
2518 4973 2913 5048 negligentium
2946 4972 3051 5027 hoc
3078 4977 3163 5026 est
3198 4966 3503 5039 proprium,

3528 4942 3535 4961 ρ

229 5098 348 5136 νειν
385 5078 485 5150 τὴν
513 5076 608 5131 τοῦ
647 5076 784 5130 Θεοῦ
815 5074 1014 5147 βουλὴν
1038 5113 1054 5139 ,
1088 5074 1217 5128 ὅταν
1254 5072 1393 5144 μετὰ
1430 5070 1795 5143 μακροθυμία

1920 5086 1981 5132 ιιι
2007 5074 2233 5131 minime
2265 5078 2586 5142 exspectent
2622 5066 2718 5121 Dei
2748 5064 3101 5123 sententiam.
3130 5059 3352 5131 quando
3380 5073 3527 5112 cum-

231 5170 592 5242 οἰκονομῆσαι
634 5170 840 5230 ἐκεῖνος
876 5166 1133 5238 βούληται
1166 5164 1404 5232 ἅπαντα,
1455 5163 1585 5219 ἀλλ’
1623 5164 1820 5231 ἀπογι-

233 5261 490 5328 νώσκειν,
520 5259 694 5330 λήθην
741 5257 1016 5321 παθόντας
1061 5256 1169 5310 τῶν
1217 5256 1515 5326 θαυμάτων
1563 5253 1673 5310 τῶν
1719 5253 1819 5325 ἐμ-

232 5355 497 5428 προσθεν.

314 5466 335 5501 ι
368 5448 491 5534 Kal.
510 5443 868 5517 ἐπεθύμησαν
888 5440 1181 5513 ἐπιθυμίαν
1203 5441 1263 5496 ὲν
1283 5442 1351 5515 τῇ
1384 5440 1598 5513 ἐρήμῳ.
1632 5459 1650 5491 ι

310 5620 417 5675 Δύο
442 5621 554 5673 τῶν
594 5618 865 5673 Ἰουδαίων
896 5614 1135 5687 συνῆψεν
1156 5615 1537 5688 ἁμαρτήματα
1560 5631 1574 5647 ο
1602 5613 1661 5667 ἓν
1701 5615 1823 5683 μὲν,

237 5716 321 5769 ὅτι
358 5711 631 5783 σαρκικὴν
676 5709 972 5782 ἐπιθυμίαν
1017 5706 1333 5777 ἐπεθύμουν
1377 5709 1435 5760 ἐν
1468 5708 1535 5778 τῇ
1588 5707 1822 5778 ἐρήμῳ,

239 5810 299 5862 ἐν
387 5804 699 5875 φιλοσοφεῖν
733 5801 864 5870 ἔδει,
889 5801 986 5855 καὶ
1013 5800 1122 5854 ἀπὸ
1147 5797 1327 5867 πάσης
1361 5797 1618 5867 τοιαύτης
1638 5798 1828 5851 ἐπιθυ-

246 5903 380 5973 μίας
427 5895 892 5971 ἐγκρατεύεσθοιι⁶
938 5893 1186 5965 δεύτερον
1233 5892 1290 5947 δὲ
1318 5932 1334 5961 ,
1398 5892 1479 5947 ὅτι
1545 5891 1830 5953 δεηθέντες

1918 5164 2338 5240 longanimitate
2395 5167 2596 5220 cuncta
2644 5159 2967 5228 dispensare
3015 5150 3356 5213 decreverit,
3410 5147 3508 5204 sed

1925 5262 2239 5332 desperent,
2271 5254 2551 5328 praterita
2595 5250 2858 5307 miracula
2903 5244 3165 5304 oblivioni
3206 5242 3507 5298 tradentes.

1998 5432 2160 5488 Vens.
2195 5430 2281 5487 14.
2318 5449 2338 5483 ι
2380 5429 2450 5485 Et
2487 5424 2885 5497 concupierunt
2915 5415 3418 5490 concupiscentiam
3447 5415 3506 5470 iu

1928 5526 2166 5582 deserto.
2203 5543 2222 5572 ι

1999 5618 2117 5671 Duo
2143 5614 2461 5670 Judaeorum
2489 5619 2711 5688 peccata
2738 5606 3023 5679 conjunxit
3050 5623 3063 5660 :
3089 5618 3263 5660 unum
3290 5599 3514 5677 quidem

1930 5708 2075 5781 quod
2114 5705 2388 5763 carnalem
2438 5701 2940 5772 concupiscentiam
2983 5695 3405 5766 concupiverint
3454 5691 3513 5747 in

1933 5807 2169 5864 deserto,
2212 5799 2305 5854 ubi
2347 5795 2722 5867 philosophari
2769 5799 3122 5864 oportuerat,
3168 5798 3226 5845 et
3260 5787 3328 5843 ab
3362 5781 3512 5843 omni

1935 5892 2094 5949 simili
2122 5887 2565 5959 concupiscentia
2597 5886 2701 5942 sibi
2730 5895 3037 5942 temperare
3067 5902 3079 5940 :
3106 5881 3337 5939 alterum
3359 5890 3515 5947 vero,
