  <div class='ocr_page' id='page_1' title='image "/cluster/home/n/w/nwhite01/storage/ocr_20150623/93/coo.31924054869973/662.png"; bbox 0 0 3950 6450; ppageno 0'>
   <div class='ocr_carea' id='block_1_1' title="bbox 259 412 2404 486">
    <p class='ocr_par' dir='ltr' id='par_1_1' title="bbox 259 412 2404 486">
     <span class='ocr_line' id='line_1_1' title="bbox 259 412 2404 486; baseline 0.004 -9"><span class='ocrx_word' id='word_1_1' title='bbox 259 412 397 481; x_wconf 82' lang='lat'><strong>1301</strong></span> <span class='ocrx_word' id='word_1_2' title='bbox 1417 422 1884 484; x_wconf 78' lang='lat' dir='ltr'><strong>FRAGMENTA</strong></span> <span class='ocrx_word' id='word_1_3' title='bbox 1916 421 2002 486; x_wconf 89' lang='lat' dir='ltr'><strong>IN</strong></span> <span class='ocrx_word' id='word_1_4' title='bbox 2041 424 2404 486; x_wconf 84' lang='lat' dir='ltr'><strong>PSALMOS.</strong></span> 
     </span>
    </p>
   </div>
   <div class='ocr_carea' id='block_1_2' title="bbox 336 527 1899 606">
    <p class='ocr_par' dir='ltr' id='par_1_2' title="bbox 336 527 1899 606">
     <span class='ocr_line' id='line_1_2' title="bbox 336 527 1899 606; baseline 0.005 -26"><span class='ocrx_word' id='word_1_5' title='bbox 336 549 356 580; x_wconf 80' lang='grc' dir='ltr'><strong>ι</strong></span> <span class='ocrx_word' id='word_1_6' title='bbox 398 527 706 601; x_wconf 64' lang='grc' dir='ltr'><strong>Εὐλογητὸς</strong></span> <span class='ocrx_word' id='word_1_7' title='bbox 742 529 947 603; x_wconf 85' lang='grc' dir='ltr'><strong>Κύριος</strong></span> <span class='ocrx_word' id='word_1_8' title='bbox 970 531 999 588; x_wconf 82' lang='grc' dir='ltr'><strong>ό</strong></span> <span class='ocrx_word' id='word_1_9' title='bbox 1022 530 1156 598; x_wconf 82' lang='grc' dir='ltr'><strong>Θεδς</strong></span> <span class='ocrx_word' id='word_1_10' title='bbox 1193 530 1432 606; x_wconf 79' lang='grc' dir='ltr'><strong>Ἰσραήλ.</strong></span> <span class='ocrx_word' id='word_1_11' title='bbox 1471 554 1490 586; x_wconf 69' lang='grc' dir='ltr'><strong>ι</strong></span> <span class='ocrx_word' id='word_1_12' title='bbox 1884 549 1899 599; x_wconf 66' lang='grc' dir='ltr'><em>Α</em></span> 
     </span>
    </p>
   </div>
   <div class='ocr_carea' id='block_1_3' title="bbox 2022 527 3540 606">
    <p class='ocr_par' dir='ltr' id='par_1_3' title="bbox 2025 531 3540 594">
     <span class='ocr_line' id='line_1_3' title="bbox 2025 531 3540 594; baseline -0.006 -1"><span class='ocrx_word' id='word_1_13' title='bbox 2025 537 2188 594; x_wconf 75' lang='lat' dir='ltr'><strong>Vsus.</strong></span> <span class='ocrx_word' id='word_1_14' title='bbox 2232 536 2323 592; x_wconf 70' lang='grc'><strong>48.</strong></span> <span class='ocrx_word' id='word_1_15' title='bbox 2363 556 2381 589; x_wconf 84' lang='grc'><strong><em>‹</em></strong></span> <span class='ocrx_word' id='word_1_16' title='bbox 2419 535 2753 593; x_wconf 72' lang='lat' dir='ltr'><strong>Benedictus</strong></span> <span class='ocrx_word' id='word_1_17' title='bbox 2795 532 3060 591; x_wconf 79' lang='lat' dir='ltr'><strong>Dominus</strong></span> <span class='ocrx_word' id='word_1_18' title='bbox 3103 531 3247 589; x_wconf 86' lang='lat' dir='ltr'><strong>Deus</strong></span> <span class='ocrx_word' id='word_1_19' title='bbox 3289 532 3479 588; x_wconf 76' lang='lat' dir='ltr'><strong>Israel.</strong></span> <span class='ocrx_word' id='word_1_20' title='bbox 3520 551 3540 584; x_wconf 71' lang='grc' dir='ltr'><strong>ι</strong></span> 
     </span>
    </p>
   </div>
   <div class='ocr_carea' id='block_1_4' title="bbox 312 618 1899 721">
    <p class='ocr_par' dir='ltr' id='par_1_4' title="bbox 332 618 1853 695">
     <span class='ocr_line' id='line_1_4' title="bbox 332 618 1853 695; baseline 0.003 -21"><span class='ocrx_word' id='word_1_21' title='bbox 332 618 520 691; x_wconf 78' lang='grc' dir='ltr'><strong>Μέχρι</strong></span> <span class='ocrx_word' id='word_1_22' title='bbox 546 619 654 674; x_wconf 87' lang='grc' dir='ltr'><strong>τῶν</strong></span> <span class='ocrx_word' id='word_1_23' title='bbox 679 621 921 677; x_wconf 70' lang='grc' dir='ltr'><strong>ἐνταῦθα</strong></span> <span class='ocrx_word' id='word_1_24' title='bbox 943 621 1046 694; x_wconf 80' lang='grc' dir='ltr'><strong>τὴν</strong></span> <span class='ocrx_word' id='word_1_25' title='bbox 1069 621 1342 695; x_wconf 81' lang='grc' dir='ltr'><strong>τετάρτην</strong></span> <span class='ocrx_word' id='word_1_26' title='bbox 1376 623 1557 694; x_wconf 78' lang='grc' dir='ltr'><strong>βίϐλον</strong></span> <span class='ocrx_word' id='word_1_27' title='bbox 1577 623 1686 677; x_wconf 88' lang='grc' dir='ltr'><strong>τῶν</strong></span> <span class='ocrx_word' id='word_1_28' title='bbox 1707 624 1853 678; x_wconf 80' lang='grc' dir='ltr'><strong>Ψαλ-</strong></span> 
     </span>
    </p>
   </div>
   <div class='ocr_carea' id='block_1_5' title="bbox 2022 618 3549 721">
    <p class='ocr_par' dir='ltr' id='par_1_5' title="bbox 2028 625 3549 699">
     <span class='ocr_line' id='line_1_5' title="bbox 2028 625 3549 699; baseline -0.001 -18"><span class='ocrx_word' id='word_1_29' title='bbox 2028 629 2148 683; x_wconf 82' lang='grc' dir='ltr'><strong>Ηυο</strong></span> <span class='ocrx_word' id='word_1_30' title='bbox 2186 643 2360 698; x_wconf 85' lang='lat' dir='ltr'><strong>usqne</strong></span> <span class='ocrx_word' id='word_1_31' title='bbox 2391 639 2647 699; x_wconf 87' lang='lat' dir='ltr'><strong>quartum</strong></span> <span class='ocrx_word' id='word_1_32' title='bbox 2680 627 3022 684; x_wconf 88' lang='lat' dir='ltr'><strong>Psalmorum</strong></span> <span class='ocrx_word' id='word_1_33' title='bbox 3052 625 3254 681; x_wconf 91' lang='lat' dir='ltr'><strong>librum</strong></span> <span class='ocrx_word' id='word_1_34' title='bbox 3280 625 3549 682; x_wconf 84' lang='lat' dir='ltr'><strong>deﬁniunt</strong></span> 
     </span>
    </p>
   </div>
   <div class='ocr_carea' id='block_1_6' title="bbox 257 709 1899 814">
    <p class='ocr_par' dir='ltr' id='par_1_6' title="bbox 257 709 1855 788">
     <span class='ocr_line' id='line_1_6' title="bbox 257 709 1855 788; baseline 0.002 -24"><span class='ocrx_word' id='word_1_35' title='bbox 257 709 389 780; x_wconf 87' lang='grc' dir='ltr'><strong>μῶν</strong></span> <span class='ocrx_word' id='word_1_36' title='bbox 433 709 710 782; x_wconf 76' lang='grc' dir='ltr'><strong>Ἑϐραίων</strong></span> <span class='ocrx_word' id='word_1_37' title='bbox 735 711 928 778; x_wconf 72' lang='grc' dir='ltr'><strong>παῖδες</strong></span> <span class='ocrx_word' id='word_1_38' title='bbox 959 713 1234 784; x_wconf 79' lang='grc' dir='ltr'><strong>ὁρίζονται</strong></span> <span class='ocrx_word' id='word_1_39' title='bbox 1254 730 1269 745; x_wconf 86' lang='grc'><strong>·</strong></span> <span class='ocrx_word' id='word_1_40' title='bbox 1306 716 1386 779; x_wconf 77' lang='grc' dir='ltr'><strong>εἰς</strong></span> <span class='ocrx_word' id='word_1_41' title='bbox 1425 715 1587 770; x_wconf 82' lang='grc' dir='ltr'>πέντε</span> <span class='ocrx_word' id='word_1_42' title='bbox 1625 715 1732 787; x_wconf 84' lang='grc' dir='ltr'><strong>γὰρ</strong></span> <span class='ocrx_word' id='word_1_43' title='bbox 1756 715 1855 788; x_wconf 85' lang='grc' dir='ltr'><strong>τὴν</strong></span> 
     </span>
    </p>
   </div>
   <div class='ocr_carea' id='block_1_7' title="bbox 2022 709 3549 814">
    <p class='ocr_par' dir='ltr' id='par_1_7' title="bbox 2022 718 3549 795">
     <span class='ocr_line' id='line_1_7' title="bbox 2022 718 3549 795; baseline -0.003 -17"><span class='ocrx_word' id='word_1_44' title='bbox 2022 722 2174 779; x_wconf 69' lang='lat' dir='ltr'><strong>ebraai</strong></span> <span class='ocrx_word' id='word_1_45' title='bbox 2210 742 2223 777; x_wconf 89' lang='lat'><strong>:</strong></span> <span class='ocrx_word' id='word_1_46' title='bbox 2258 723 2312 777; x_wconf 90' lang='lat' dir='ltr'><strong>in</strong></span> <span class='ocrx_word' id='word_1_47' title='bbox 2340 723 2585 795; x_wconf 90' lang='lat' dir='ltr'><strong>quinque</strong></span> <span class='ocrx_word' id='word_1_48' title='bbox 2628 722 2777 777; x_wconf 90' lang='lat' dir='ltr'><strong>enim</strong></span> <span class='ocrx_word' id='word_1_49' title='bbox 2823 721 2994 778; x_wconf 89' lang='lat' dir='ltr'><strong>libros</strong></span> <span class='ocrx_word' id='word_1_50' title='bbox 3031 721 3345 777; x_wconf 83' lang='lat' dir='ltr'><strong>universam</strong></span> <span class='ocrx_word' id='word_1_51' title='bbox 3388 718 3549 775; x_wconf 90' lang='lat' dir='ltr'><strong>Davi-</strong></span> 
     </span>
    </p>
   </div>
   <div class='ocr_carea' id='block_1_8' title="bbox 257 805 1899 891">
    <p class='ocr_par' dir='ltr' id='par_1_8' title="bbox 257 805 1871 891">
     <span class='ocr_line' id='line_1_8' title="bbox 257 805 1871 891; baseline 0.004 -34"><span class='ocrx_word' id='word_1_52' title='bbox 257 805 361 857; x_wconf 85' lang='grc' dir='ltr'><strong>τοῦ</strong></span> <span class='ocrx_word' id='word_1_53' title='bbox 396 805 563 859; x_wconf 76' lang='grc' dir='ltr'><strong>Δασὶδ</strong></span> <span class='ocrx_word' id='word_1_54' title='bbox 594 808 940 878; x_wconf 74' lang='grc' dir='ltr'><strong>προφητείαν</strong></span> <span class='ocrx_word' id='word_1_55' title='bbox 965 808 1233 891; x_wconf 74' lang='grc' dir='ltr'><strong>διελόντες</strong></span> <span class='ocrx_word' id='word_1_56' title='bbox 1268 809 1435 880; x_wconf 75' lang='grc' dir='ltr'><strong>(καθὰ</strong></span> <span class='ocrx_word' id='word_1_57' title='bbox 1468 809 1563 864; x_wconf 67' lang='grc' dir='ltr'><strong>καὶ</strong></span> <span class='ocrx_word' id='word_1_58' title='bbox 1588 809 1871 891; x_wconf 82' lang='grc' dir='ltr'><strong>πρότερον</strong></span> 
     </span>
    </p>
   </div>
   <div class='ocr_carea' id='block_1_9' title="bbox 2022 805 3548 891">
    <p class='ocr_par' dir='ltr' id='par_1_9' title="bbox 2022 810 3548 885">
     <span class='ocr_line' id='line_1_9' title="bbox 2022 810 3548 885; baseline -0.002 -16"><span class='ocrx_word' id='word_1_59' title='bbox 2022 829 2046 869; x_wconf 86' lang='lat' dir='ltr'><strong>s</strong></span> <span class='ocrx_word' id='word_1_60' title='bbox 2093 814 2440 885; x_wconf 76' lang='lat' dir='ltr'><strong>prophetiam</strong></span> <span class='ocrx_word' id='word_1_61' title='bbox 2490 813 2799 869; x_wconf 88' lang='lat' dir='ltr'><strong>dividentes</strong></span> <span class='ocrx_word' id='word_1_62' title='bbox 2847 812 2950 884; x_wconf 92' lang='lat' dir='ltr'><strong>(uti</strong></span> <span class='ocrx_word' id='word_1_63' title='bbox 3004 811 3161 884; x_wconf 90' lang='lat' dir='ltr'><strong>prius</strong></span> <span class='ocrx_word' id='word_1_64' title='bbox 3208 810 3548 881; x_wconf 86' lang='lat' dir='ltr'><strong>dicebamus)</strong></span> 
     </span>
    </p>
   </div>
   <div class='ocr_carea' id='block_1_10' title="bbox 256 890 1899 978">
    <p class='ocr_par' dir='ltr' id='par_1_10' title="bbox 256 890 1871 974">
     <span class='ocr_line' id='line_1_10' title="bbox 256 890 1871 974; baseline 0.006 -27"><span class='ocrx_word' id='word_1_65' title='bbox 256 895 530 969; x_wconf 75' lang='grc' dir='ltr'><strong>ἔφαμεν),</strong></span> <span class='ocrx_word' id='word_1_66' title='bbox 578 897 815 953; x_wconf 69' lang='grc' dir='ltr'><strong>ἕκαστον</strong></span> <span class='ocrx_word' id='word_1_67' title='bbox 843 899 1083 969; x_wconf 71' lang='grc' dir='ltr'><strong>ψαλμὸν,</strong></span> <span class='ocrx_word' id='word_1_68' title='bbox 1128 892 1174 969; x_wconf 79' lang='grc' dir='ltr'>ᾧ</span> <span class='ocrx_word' id='word_1_69' title='bbox 1201 900 1362 956; x_wconf 86' lang='grc' dir='ltr'><strong>τοῦτο</strong></span> <span class='ocrx_word' id='word_1_70' title='bbox 1408 901 1561 967; x_wconf 81' lang='grc' dir='ltr'><strong>τέλος</strong></span> <span class='ocrx_word' id='word_1_71' title='bbox 1595 890 1871 974; x_wconf 59' lang='grc' dir='ltr'><strong>πρόσκειέ</strong></span> 
     </span>
    </p>
   </div>
   <div class='ocr_carea' id='block_1_11' title="bbox 2022 890 3626 978">
    <p class='ocr_par' dir='ltr' id='par_1_11' title="bbox 2022 905 3626 977">
     <span class='ocr_line' id='line_1_11' title="bbox 2022 905 3626 977; baseline -0.001 -17"><span class='ocrx_word' id='word_1_72' title='bbox 2022 906 2259 962; x_wconf 75' lang='lat' dir='ltr'><strong>icinlibet</strong></span> <span class='ocrx_word' id='word_1_73' title='bbox 2303 906 2613 977; x_wconf 85' lang='lat' dir='ltr'><strong>psalmum,</strong></span> <span class='ocrx_word' id='word_1_74' title='bbox 2664 907 2754 963; x_wconf 91' lang='lat' dir='ltr'><strong>cui</strong></span> <span class='ocrx_word' id='word_1_75' title='bbox 2802 905 2929 963; x_wconf 85' lang='lat' dir='ltr'><strong>linis</strong></span> <span class='ocrx_word' id='word_1_76' title='bbox 2977 914 3082 973; x_wconf 84' lang='lat' dir='ltr'><strong>est,</strong></span> <span class='ocrx_word' id='word_1_77' title='bbox 3133 905 3326 977; x_wconf 79' lang='lat' dir='ltr'><strong>Amen,</strong></span> <span class='ocrx_word' id='word_1_78' title='bbox 3373 921 3550 970; x_wconf 85' lang='lat' dir='ltr'><strong>amen,</strong></span> <span class='ocrx_word' id='word_1_79' title='bbox 3620 946 3626 959; x_wconf 88' lang='lat'><strong>.</strong></span> 
     </span>
    </p>
   </div>
   <div class='ocr_carea' id='block_1_12' title="bbox 255 988 1899 1145">
    <p class='ocr_par' dir='ltr' id='par_1_12' title="bbox 255 988 1850 1145">
     <span class='ocr_line' id='line_1_12' title="bbox 255 988 1850 1065; baseline 0.005 -27"><span class='ocrx_word' id='word_1_80' title='bbox 255 1004 359 1041; x_wconf 88' lang='grc' dir='ltr'><strong>ται</strong></span> <span class='ocrx_word' id='word_1_81' title='bbox 410 988 622 1059; x_wconf 76' lang='grc' dir='ltr'><strong>Ἀμὴν,</strong></span> <span class='ocrx_word' id='word_1_82' title='bbox 673 988 858 1060; x_wconf 77' lang='grc' dir='ltr'><strong>ἀμὴν,</strong></span> <span class='ocrx_word' id='word_1_83' title='bbox 890 992 1286 1064; x_wconf 81' lang='grc' dir='ltr'><strong>συμπλήρωσιν</strong></span> <span class='ocrx_word' id='word_1_84' title='bbox 1319 989 1460 1051; x_wconf 76' lang='grc' dir='ltr'><strong>εἶναι</strong></span> <span class='ocrx_word' id='word_1_85' title='bbox 1502 992 1631 1065; x_wconf 81' lang='grc' dir='ltr'><strong>μιᾶς</strong></span> <span class='ocrx_word' id='word_1_86' title='bbox 1661 990 1850 1064; x_wconf 77' lang='grc' dir='ltr'><strong>βίϐλου</strong></span> 
     </span>
     <span class='ocr_line' id='line_1_13' title="bbox 258 1079 607 1145; baseline 0.023 -17"><span class='ocrx_word' id='word_1_87' title='bbox 258 1079 607 1145; x_wconf 80' lang='grc' dir='ltr'><strong>νομίζουσιν.</strong></span> 
     </span>
    </p>
   </div>
   <div class='ocr_carea' id='block_1_13' title="bbox 2022 988 3317 1145">
    <p class='ocr_par' dir='ltr' id='par_1_13' title="bbox 2022 998 3317 1070">
     <span class='ocr_line' id='line_1_14' title="bbox 2022 998 3317 1070; baseline 0 -17"><span class='ocrx_word' id='word_1_88' title='bbox 2022 1000 2129 1056; x_wconf 71' lang='lat' dir='ltr'><strong>rius</strong></span> <span class='ocrx_word' id='word_1_89' title='bbox 2152 999 2278 1055; x_wconf 84' lang='lat' dir='ltr'><strong>libri</strong></span> <span class='ocrx_word' id='word_1_90' title='bbox 2308 999 2775 1070; x_wconf 87' lang='lat' dir='ltr'><strong>complementum</strong></span> <span class='ocrx_word' id='word_1_91' title='bbox 2802 1013 2927 1056; x_wconf 90' lang='lat' dir='ltr'><strong>esse</strong></span> <span class='ocrx_word' id='word_1_92' title='bbox 2957 998 3317 1056; x_wconf 84' lang='lat' dir='ltr'><strong>arbitrantur.</strong></span> 
     </span>
    </p>
   </div>
   <div class='ocr_carea' id='block_1_14' title="bbox 258 1096 607 1150">
    <p class='ocr_par' dir='ltr' id='par_1_14' title="bbox 258 1096 607 1150">
     <span class='ocr_line' id='line_1_15' title="bbox 258 1096 607 1150; baseline 0.017 -21"><span class='ocrx_word' id='word_1_93' title='bbox 258 1096 607 1150; x_wconf 73' lang='grc' dir='ltr'><strong>νομιςουσιν.</strong></span> 
     </span>
    </p>
   </div>
   <div class='ocr_carea' id='block_1_15' title="bbox 3406 417 3549 484">
    <p class='ocr_par' dir='ltr' id='par_1_15' title="bbox 3406 417 3549 484">
     <span class='ocr_line' id='line_1_16' title="bbox 3406 417 3549 484; baseline 0 -1"><span class='ocrx_word' id='word_1_94' title='bbox 3406 417 3549 484; x_wconf 73' lang='lat'><strong>1302</strong></span> 
     </span>
    </p>
   </div>
   <div class='ocr_carea' id='block_1_16' title="bbox 826 1175 1333 1246">
    <p class='ocr_par' dir='ltr' id='par_1_16' title="bbox 826 1175 1333 1246">
     <span class='ocr_line' id='line_1_17' title="bbox 826 1175 1333 1246; baseline 0.002 -18"><span class='ocrx_word' id='word_1_95' title='bbox 826 1175 1126 1231; x_wconf 77' lang='grc' dir='ltr'><strong>ΨΑΑΜΟΣ</strong></span> <span class='ocrx_word' id='word_1_96' title='bbox 1166 1178 1333 1246; x_wconf 59' lang='lat' dir='ltr'><strong>rga.</strong></span> 
     </span>
    </p>
   </div>
   <div class='ocr_carea' id='block_1_17' title="bbox 355 1263 1899 1335">
    <p class='ocr_par' dir='ltr' id='par_1_17' title="bbox 355 1263 830 1335">
     <span class='ocr_line' id='line_1_18' title="bbox 355 1263 830 1335; baseline 0.008 -19"><span class='ocrx_word' id='word_1_97' title='bbox 355 1283 376 1316; x_wconf 74' lang='grc' dir='ltr'><strong>ι</strong></span> <span class='ocrx_word' id='word_1_98' title='bbox 422 1263 770 1335; x_wconf 55' lang='lat' dir='ltr'><strong>umquam.</strong></span> <span class='ocrx_word' id='word_1_99' title='bbox 809 1285 830 1320; x_wconf 71' lang='grc' dir='ltr'><strong>ι</strong></span> 
     </span>
    </p>
   </div>
   <div class='ocr_carea' id='block_1_18' title="bbox 2022 1263 2421 1335">
    <p class='ocr_par' dir='ltr' id='par_1_18' title="bbox 2046 1265 2421 1321">
     <span class='ocr_line' id='line_1_19' title="bbox 2046 1265 2421 1321; baseline -0.003 -3"><span class='ocrx_word' id='word_1_100' title='bbox 2046 1283 2065 1318; x_wconf 74' lang='grc' dir='ltr'><strong>ι</strong></span> <span class='ocrx_word' id='word_1_101' title='bbox 2106 1265 2357 1321; x_wconf 81' lang='lat' dir='ltr'><strong>Alleluia.</strong></span> <span class='ocrx_word' id='word_1_102' title='bbox 2400 1283 2421 1317; x_wconf 71' lang='grc' dir='ltr'><strong>ι</strong></span> 
     </span>
    </p>
   </div>
   <div class='ocr_carea' id='block_1_19' title="bbox 347 1354 1899 1435">
    <p class='ocr_par' dir='ltr' id='par_1_19' title="bbox 347 1354 1869 1435">
     <span class='ocr_line' id='line_1_20' title="bbox 347 1354 1869 1435; baseline 0.005 -26"><span class='ocrx_word' id='word_1_103' title='bbox 347 1354 768 1427; x_wconf 83' lang='grc' dir='ltr'><strong>Παραπλησίως</strong></span> <span class='ocrx_word' id='word_1_104' title='bbox 787 1359 901 1422; x_wconf 83' lang='grc' dir='ltr'><strong>τοῖς</strong></span> <span class='ocrx_word' id='word_1_105' title='bbox 928 1360 1216 1431; x_wconf 82' lang='grc' dir='ltr'><strong>προτέροις</strong></span> <span class='ocrx_word' id='word_1_106' title='bbox 1262 1360 1355 1414; x_wconf 78' lang='grc' dir='ltr'><strong>καὶ</strong></span> <span class='ocrx_word' id='word_1_107' title='bbox 1381 1354 1539 1424; x_wconf 73' lang='grc' dir='ltr'><strong>οὗτος</strong></span> <span class='ocrx_word' id='word_1_108' title='bbox 1567 1362 1869 1435; x_wconf 78' lang='grc' dir='ltr'><strong>ἐπιγέγρα-</strong></span> 
     </span>
    </p>
   </div>
   <div class='ocr_carea' id='block_1_20' title="bbox 2022 1354 3555 1435">
    <p class='ocr_par' dir='ltr' id='par_1_20' title="bbox 2045 1357 3555 1428">
     <span class='ocr_line' id='line_1_21' title="bbox 2045 1357 3555 1428; baseline 0 -15"><span class='ocrx_word' id='word_1_109' title='bbox 2045 1358 2253 1414; x_wconf 86' lang='lat' dir='ltr'><strong>Eodem</strong></span> <span class='ocrx_word' id='word_1_110' title='bbox 2292 1358 2455 1412; x_wconf 91' lang='lat' dir='ltr'><strong>modo</strong></span> <span class='ocrx_word' id='word_1_111' title='bbox 2479 1373 2590 1428; x_wconf 91' lang='lat' dir='ltr'><strong>quo</strong></span> <span class='ocrx_word' id='word_1_112' title='bbox 2622 1358 2999 1428; x_wconf 59' lang='lat' dir='ltr'><strong>praecedentes</strong></span> <span class='ocrx_word' id='word_1_113' title='bbox 3030 1359 3122 1415; x_wconf 91' lang='lat' dir='ltr'><strong>hic</strong></span> <span class='ocrx_word' id='word_1_114' title='bbox 3158 1358 3324 1415; x_wconf 89' lang='lat' dir='ltr'><strong>etiam</strong></span> <span class='ocrx_word' id='word_1_115' title='bbox 3357 1357 3555 1414; x_wconf 84' lang='lat' dir='ltr'><strong>inscri-</strong></span> 
     </span>
    </p>
   </div>
   <div class='ocr_carea' id='block_1_21' title="bbox 260 1447 1899 1524">
    <p class='ocr_par' dir='ltr' id='par_1_21' title="bbox 260 1447 1868 1524">
     <span class='ocr_line' id='line_1_22' title="bbox 260 1447 1868 1524; baseline 0.007 -26"><span class='ocrx_word' id='word_1_116' title='bbox 260 1462 450 1500; x_wconf 78' lang='grc' dir='ltr'><strong>πται·</strong></span> <span class='ocrx_word' id='word_1_117' title='bbox 508 1447 608 1518; x_wconf 84' lang='grc' dir='ltr'><strong>τῆς</strong></span> <span class='ocrx_word' id='word_1_118' title='bbox 655 1447 765 1520; x_wconf 82' lang='grc' dir='ltr'><strong>γὰρ</strong></span> <span class='ocrx_word' id='word_1_119' title='bbox 798 1449 973 1520; x_wconf 75' lang='grc' dir='ltr'><strong>αὐτῆς</strong></span> <span class='ocrx_word' id='word_1_120' title='bbox 1022 1450 1335 1516; x_wconf 77' lang='grc' dir='ltr'><strong>ὑποθέσεως</strong></span> <span class='ocrx_word' id='word_1_121' title='bbox 1378 1452 1582 1523; x_wconf 75' lang='grc' dir='ltr'><strong>ἔχεται,</strong></span> <span class='ocrx_word' id='word_1_122' title='bbox 1635 1453 1868 1524; x_wconf 87' lang='grc' dir='ltr'><strong>ίστορῶν</strong></span> 
     </span>
    </p>
   </div>
   <div class='ocr_carea' id='block_1_22' title="bbox 2022 1447 3561 1524">
    <p class='ocr_par' dir='ltr' id='par_1_22' title="bbox 2022 1447 3561 1520">
     <span class='ocr_line' id='line_1_23' title="bbox 2022 1447 3561 1520; baseline -0.001 -15"><span class='ocrx_word' id='word_1_123' title='bbox 2022 1463 2098 1505; x_wconf 61' lang='lat' dir='ltr'><strong>ius</strong></span> <span class='ocrx_word' id='word_1_124' title='bbox 2126 1458 2210 1505; x_wconf 90' lang='lat' dir='ltr'><strong>est</strong></span> <span class='ocrx_word' id='word_1_125' title='bbox 2244 1468 2259 1505; x_wconf 87' lang='lat'><strong>:</strong></span> <span class='ocrx_word' id='word_1_126' title='bbox 2288 1447 2535 1519; x_wconf 83' lang='lat' dir='ltr'><strong>ejusdem</strong></span> <span class='ocrx_word' id='word_1_127' title='bbox 2569 1449 2718 1503; x_wconf 89' lang='lat' dir='ltr'><strong>enim</strong></span> <span class='ocrx_word' id='word_1_128' title='bbox 2758 1456 2842 1504; x_wconf 91' lang='lat' dir='ltr'><strong>cst</strong></span> <span class='ocrx_word' id='word_1_129' title='bbox 2869 1450 3201 1520; x_wconf 80' lang='lat' dir='ltr'><strong>argumenti,</strong></span> <span class='ocrx_word' id='word_1_130' title='bbox 3236 1465 3361 1505; x_wconf 90' lang='lat' dir='ltr'><strong>cum</strong></span> <span class='ocrx_word' id='word_1_131' title='bbox 3396 1464 3561 1505; x_wconf 88' lang='lat' dir='ltr'><strong>enar-</strong></span> 
     </span>
    </p>
   </div>
   <div class='ocr_carea' id='block_1_23' title="bbox 263 1537 1899 1617">
    <p class='ocr_par' dir='ltr' id='par_1_23' title="bbox 263 1537 1718 1617">
     <span class='ocr_line' id='line_1_24' title="bbox 263 1537 1718 1617; baseline 0.007 -26"><span class='ocrx_word' id='word_1_132' title='bbox 263 1540 334 1592; x_wconf 79' lang='grc' dir='ltr'><strong>ἐν</strong></span> <span class='ocrx_word' id='word_1_133' title='bbox 386 1537 552 1611; x_wconf 80' lang='grc' dir='ltr'><strong>μέρει</strong></span> <span class='ocrx_word' id='word_1_134' title='bbox 583 1541 654 1594; x_wconf 84' lang='grc' dir='ltr'><strong>τά</strong></span> <span class='ocrx_word' id='word_1_135' title='bbox 690 1542 960 1612; x_wconf 88' lang='grc' dir='ltr'><strong>γενόμενα</strong></span> <span class='ocrx_word' id='word_1_136' title='bbox 986 1546 1103 1608; x_wconf 84' lang='grc' dir='ltr'><strong>τοῖς</strong></span> <span class='ocrx_word' id='word_1_137' title='bbox 1133 1544 1414 1607; x_wconf 83' lang='grc' dir='ltr'><strong>Ἰουδαίοις</strong></span> <span class='ocrx_word' id='word_1_138' title='bbox 1436 1545 1718 1617; x_wconf 87' lang='grc' dir='ltr'><strong>θαύματα.</strong></span> 
     </span>
    </p>
   </div>
   <div class='ocr_carea' id='block_1_24' title="bbox 2022 1537 3362 1617">
    <p class='ocr_par' dir='ltr' id='par_1_24' title="bbox 2022 1541 3362 1613">
     <span class='ocr_line' id='line_1_25' title="bbox 2022 1541 3362 1613; baseline -0.001 -15"><span class='ocrx_word' id='word_1_139' title='bbox 2022 1554 2058 1598; x_wconf 77' lang='lat' dir='ltr'><strong>:t</strong></span> <span class='ocrx_word' id='word_1_140' title='bbox 2082 1542 2347 1598; x_wconf 87' lang='lat' dir='ltr'><strong>miracula</strong></span> <span class='ocrx_word' id='word_1_141' title='bbox 2378 1557 2501 1612; x_wconf 80' lang='lat' dir='ltr'><strong>quae</strong></span> <span class='ocrx_word' id='word_1_142' title='bbox 2526 1541 2581 1596; x_wconf 92' lang='lat' dir='ltr'><strong>in</strong></span> <span class='ocrx_word' id='word_1_143' title='bbox 2610 1548 2766 1613; x_wconf 87' lang='lat' dir='ltr'><strong>parte</strong></span> <span class='ocrx_word' id='word_1_144' title='bbox 2791 1541 2994 1598; x_wconf 59' lang='lat' dir='ltr'><strong>Judaais</strong></span> <span class='ocrx_word' id='word_1_145' title='bbox 3020 1543 3362 1599; x_wconf 86' lang='lat' dir='ltr'><strong>acciderunt.</strong></span> 
     </span>
    </p>
   </div>
   <div class='ocr_carea' id='block_1_25' title="bbox 357 1628 1899 1703">
    <p class='ocr_par' dir='ltr' id='par_1_25' title="bbox 357 1628 1214 1703">
     <span class='ocr_line' id='line_1_26' title="bbox 357 1628 1214 1703; baseline 0.006 -22"><span class='ocrx_word' id='word_1_146' title='bbox 357 1648 375 1680; x_wconf 79' lang='grc' dir='ltr'><strong>ι</strong></span> <span class='ocrx_word' id='word_1_147' title='bbox 409 1628 720 1695; x_wconf 88' lang='grc' dir='ltr'><strong>Πεινῶντες</strong></span> <span class='ocrx_word' id='word_1_148' title='bbox 749 1633 844 1685; x_wconf 71' lang='grc' dir='ltr'><strong>καὶ</strong></span> <span class='ocrx_word' id='word_1_149' title='bbox 872 1630 1158 1703; x_wconf 78' lang='grc' dir='ltr'><strong>διψῶντες,</strong></span> <span class='ocrx_word' id='word_1_150' title='bbox 1195 1653 1214 1686; x_wconf 76' lang='grc' dir='ltr'><strong>ι</strong></span> 
     </span>
    </p>
   </div>
   <div class='ocr_carea' id='block_1_26' title="bbox 2022 1628 3143 1703">
    <p class='ocr_par' dir='ltr' id='par_1_26' title="bbox 2038 1635 3143 1693">
     <span class='ocr_line' id='line_1_27' title="bbox 2038 1635 3143 1693; baseline -0.002 -1"><span class='ocrx_word' id='word_1_151' title='bbox 2038 1636 2205 1692; x_wconf 75' lang='lat' dir='ltr'><strong>Vens.</strong></span> <span class='ocrx_word' id='word_1_152' title='bbox 2249 1638 2302 1692; x_wconf 85' lang='lat'><strong>5.</strong></span> <span class='ocrx_word' id='word_1_153' title='bbox 2339 1655 2357 1687; x_wconf 73' lang='grc' dir='ltr'><strong>ι</strong></span> <span class='ocrx_word' id='word_1_154' title='bbox 2393 1636 2714 1691; x_wconf 88' lang='lat' dir='ltr'><strong>Esuricntes</strong></span> <span class='ocrx_word' id='word_1_155' title='bbox 2739 1644 2796 1691; x_wconf 86' lang='lat' dir='ltr'><strong>et</strong></span> <span class='ocrx_word' id='word_1_156' title='bbox 2817 1635 3088 1693; x_wconf 79' lang='lat' dir='ltr'><strong>sitientes.</strong></span> <span class='ocrx_word' id='word_1_157' title='bbox 3124 1655 3143 1690; x_wconf 75' lang='grc' dir='ltr'><strong>ι</strong></span> 
     </span>
    </p>
   </div>
   <div class='ocr_carea' id='block_1_27' title="bbox 354 1721 1899 1801">
    <p class='ocr_par' dir='ltr' id='par_1_27' title="bbox 354 1721 1872 1801">
     <span class='ocr_line' id='line_1_28' title="bbox 354 1721 1872 1801; baseline 0.005 -26"><span class='ocrx_word' id='word_1_158' title='bbox 354 1721 533 1776; x_wconf 86' lang='grc' dir='ltr'><strong>Ὅταν</strong></span> <span class='ocrx_word' id='word_1_159' title='bbox 567 1723 677 1795; x_wconf 87' lang='grc' dir='ltr'><strong>γὰρ</strong></span> <span class='ocrx_word' id='word_1_160' title='bbox 706 1722 855 1795; x_wconf 80' lang='grc' dir='ltr'><strong>ψυχὴ</strong></span> <span class='ocrx_word' id='word_1_161' title='bbox 894 1723 1109 1799; x_wconf 81' lang='grc' dir='ltr'><strong>λιμώξῃ</strong></span> <span class='ocrx_word' id='word_1_162' title='bbox 1141 1726 1241 1779; x_wconf 79' lang='grc' dir='ltr'><strong>καὶ·</strong></span> <span class='ocrx_word' id='word_1_163' title='bbox 1269 1726 1475 1801; x_wconf 80' lang='grc' dir='ltr'><strong>διψήσῃ</strong></span> <span class='ocrx_word' id='word_1_164' title='bbox 1517 1726 1687 1800; x_wconf 81' lang='grc' dir='ltr'><strong>ἀκοὴν</strong></span> <span class='ocrx_word' id='word_1_165' title='bbox 1713 1728 1872 1798; x_wconf 85' lang='grc' dir='ltr'><strong>λόγου</strong></span> 
     </span>
    </p>
   </div>
   <div class='ocr_carea' id='block_1_28' title="bbox 2022 1721 3563 1801">
    <p class='ocr_par' dir='ltr' id='par_1_28' title="bbox 2048 1727 3563 1800">
     <span class='ocr_line' id='line_1_29' title="bbox 2048 1727 3563 1800; baseline -0.001 -16"><span class='ocrx_word' id='word_1_166' title='bbox 2048 1727 2280 1795; x_wconf 82' lang='lat' dir='ltr'><strong>Quando</strong></span> <span class='ocrx_word' id='word_1_167' title='bbox 2319 1728 2469 1784; x_wconf 88' lang='lat' dir='ltr'><strong>enim</strong></span> <span class='ocrx_word' id='word_1_168' title='bbox 2510 1727 2690 1783; x_wconf 87' lang='lat' dir='ltr'><strong>anima</strong></span> <span class='ocrx_word' id='word_1_169' title='bbox 2735 1744 2995 1800; x_wconf 86' lang='lat' dir='ltr'><strong>perpessa</strong></span> <span class='ocrx_word' id='word_1_170' title='bbox 3042 1730 3212 1786; x_wconf 82' lang='lat' dir='ltr'><strong>fuerit</strong></span> <span class='ocrx_word' id='word_1_171' title='bbox 3249 1730 3449 1785; x_wconf 81' lang='lat' dir='ltr'><strong>famem</strong></span> <span class='ocrx_word' id='word_1_172' title='bbox 3489 1728 3563 1784; x_wconf 92' lang='lat' dir='ltr'><strong>si-</strong></span> 
     </span>
    </p>
   </div>
   <div class='ocr_carea' id='block_1_29' title="bbox 268 1813 1899 1892">
    <p class='ocr_par' dir='ltr' id='par_1_29' title="bbox 268 1813 1875 1890">
     <span class='ocr_line' id='line_1_30' title="bbox 268 1813 1875 1890; baseline 0.004 -24"><span class='ocrx_word' id='word_1_173' title='bbox 268 1813 377 1867; x_wconf 84' lang='grc' dir='ltr'><strong>τοῦ</strong></span> <span class='ocrx_word' id='word_1_174' title='bbox 406 1814 567 1881; x_wconf 83' lang='grc' dir='ltr'><strong>Θεοῦ,</strong></span> <span class='ocrx_word' id='word_1_175' title='bbox 588 1815 941 1882; x_wconf 70' lang='grc' dir='ltr'><strong>διδασκαλίας</strong></span> <span class='ocrx_word' id='word_1_176' title='bbox 963 1818 1064 1873; x_wconf 87' lang='grc' dir='ltr'><strong>οὐκ</strong></span> <span class='ocrx_word' id='word_1_177' title='bbox 1095 1818 1318 1889; x_wconf 78' lang='grc' dir='ltr'><strong>ἔχουσα,</strong></span> <span class='ocrx_word' id='word_1_178' title='bbox 1353 1821 1672 1890; x_wconf 82' lang='grc' dir='ltr'><strong>ἀναγκαίως</strong></span> <span class='ocrx_word' id='word_1_179' title='bbox 1700 1820 1875 1876; x_wconf 76' lang='grc' dir='ltr'><strong>ἐκλεί-</strong></span> 
     </span>
    </p>
   </div>
   <div class='ocr_carea' id='block_1_30' title="bbox 2022 1813 3563 1892">
    <p class='ocr_par' dir='ltr' id='par_1_30' title="bbox 2022 1820 3563 1892">
     <span class='ocr_line' id='line_1_31' title="bbox 2022 1820 3563 1892; baseline -0.001 -16"><span class='ocrx_word' id='word_1_180' title='bbox 2022 1836 2185 1892; x_wconf 89' lang='lat' dir='ltr'><strong>mque</strong></span> <span class='ocrx_word' id='word_1_181' title='bbox 2222 1820 2483 1876; x_wconf 83' lang='lat' dir='ltr'><strong>audiendi</strong></span> <span class='ocrx_word' id='word_1_182' title='bbox 2528 1821 2756 1877; x_wconf 80' lang='lat' dir='ltr'><strong>verbum</strong></span> <span class='ocrx_word' id='word_1_183' title='bbox 2795 1821 2915 1888; x_wconf 88' lang='lat' dir='ltr'><strong>Dei,</strong></span> <span class='ocrx_word' id='word_1_184' title='bbox 2948 1837 3074 1878; x_wconf 91' lang='lat' dir='ltr'><strong>cum</strong></span> <span class='ocrx_word' id='word_1_185' title='bbox 3110 1822 3415 1878; x_wconf 84' lang='lat' dir='ltr'><strong>doctrinam</strong></span> <span class='ocrx_word' id='word_1_186' title='bbox 3448 1834 3563 1876; x_wconf 91' lang='lat' dir='ltr'><strong>non</strong></span> 
     </span>
    </p>
   </div>
   <div class='ocr_carea' id='block_1_31' title="bbox 273 1907 1899 1988">
    <p class='ocr_par' dir='ltr' id='par_1_31' title="bbox 273 1907 1874 1988">
     <span class='ocr_line' id='line_1_32' title="bbox 273 1907 1874 1988; baseline 0.007 -29"><span class='ocrx_word' id='word_1_187' title='bbox 273 1925 378 1961; x_wconf 80' lang='grc' dir='ltr'><strong>πει</strong></span> <span class='ocrx_word' id='word_1_188' title='bbox 399 1907 495 1963; x_wconf 79' lang='grc' dir='ltr'><strong>καὶ</strong></span> <span class='ocrx_word' id='word_1_189' title='bbox 517 1908 838 1965; x_wconf 76' lang='grc' dir='ltr'><strong>ἐλαττοῦται</strong></span> <span class='ocrx_word' id='word_1_190' title='bbox 864 1927 877 1940; x_wconf 91' lang='grc'><strong>·</strong></span> <span class='ocrx_word' id='word_1_191' title='bbox 902 1912 1094 1984; x_wconf 78' lang='grc' dir='ltr'><strong>ἐπειδὴ</strong></span> <span class='ocrx_word' id='word_1_192' title='bbox 1125 1915 1302 1986; x_wconf 83' lang='grc' dir='ltr'><strong>τροφὴ</strong></span> <span class='ocrx_word' id='word_1_193' title='bbox 1344 1915 1523 1987; x_wconf 78' lang='grc' dir='ltr'><strong>ψυχῆς</strong></span> <span class='ocrx_word' id='word_1_194' title='bbox 1563 1919 1591 1970; x_wconf 88' lang='grc' dir='ltr'>ὁ</span> <span class='ocrx_word' id='word_1_195' title='bbox 1625 1916 1725 1988; x_wconf 85' lang='grc' dir='ltr'><strong>τῆς</strong></span> <span class='ocrx_word' id='word_1_196' title='bbox 1754 1916 1874 1971; x_wconf 82' lang='grc' dir='ltr'><strong>θεο-</strong></span> 
     </span>
    </p>
   </div>
   <div class='ocr_carea' id='block_1_32' title="bbox 2022 1907 3564 1988">
    <p class='ocr_par' dir='ltr' id='par_1_32' title="bbox 2022 1911 3564 1983">
     <span class='ocr_line' id='line_1_33' title="bbox 2022 1911 3564 1983; baseline -0.001 -14"><span class='ocrx_word' id='word_1_197' title='bbox 2022 1914 2200 1979; x_wconf 85' lang='lat' dir='ltr'><strong>abeat,</strong></span> <span class='ocrx_word' id='word_1_198' title='bbox 2237 1914 2551 1969; x_wconf 87' lang='lat' dir='ltr'><strong>necessario</strong></span> <span class='ocrx_word' id='word_1_199' title='bbox 2589 1913 2774 1969; x_wconf 83' lang='lat' dir='ltr'><strong>deﬁcit</strong></span> <span class='ocrx_word' id='word_1_200' title='bbox 2815 1923 2872 1970; x_wconf 90' lang='lat' dir='ltr'><strong>et</strong></span> <span class='ocrx_word' id='word_1_201' title='bbox 2908 1923 3273 1979; x_wconf 79' lang='lat' dir='ltr'><strong>extenuatur;</strong></span> <span class='ocrx_word' id='word_1_202' title='bbox 3317 1911 3564 1983; x_wconf 87' lang='lat' dir='ltr'><strong>quando-</strong></span> 
     </span>
    </p>
   </div>
   <div class='ocr_carea' id='block_1_33' title="bbox 278 2000 1899 2078">
    <p class='ocr_par' dir='ltr' id='par_1_33' title="bbox 278 2000 748 2072">
     <span class='ocr_line' id='line_1_34' title="bbox 278 2000 748 2072; baseline 0.011 -21"><span class='ocrx_word' id='word_1_203' title='bbox 278 2000 531 2068; x_wconf 75' lang='grc' dir='ltr'><strong>γνωσίας</strong></span> <span class='ocrx_word' id='word_1_204' title='bbox 559 2001 748 2072; x_wconf 79' lang='grc' dir='ltr'><strong>ἄρτος.</strong></span> 
     </span>
    </p>
   </div>
   <div class='ocr_carea' id='block_1_34' title="bbox 2022 2000 3566 2078">
    <p class='ocr_par' dir='ltr' id='par_1_34' title="bbox 2022 2005 3566 2077">
     <span class='ocr_line' id='line_1_35' title="bbox 2022 2005 3566 2077; baseline -0.001 -16"><span class='ocrx_word' id='word_1_205' title='bbox 2022 2007 2199 2063; x_wconf 88' lang='lat' dir='ltr'><strong>uidem</strong></span> <span class='ocrx_word' id='word_1_206' title='bbox 2265 2006 2421 2062; x_wconf 86' lang='lat' dir='ltr'><strong>cibus</strong></span> <span class='ocrx_word' id='word_1_207' title='bbox 2490 2006 2689 2063; x_wconf 83' lang='lat' dir='ltr'><strong>animae</strong></span> <span class='ocrx_word' id='word_1_208' title='bbox 2748 2008 2822 2063; x_wconf 87' lang='lat' dir='ltr'><strong>sit</strong></span> <span class='ocrx_word' id='word_1_209' title='bbox 2885 2007 3043 2077; x_wconf 88' lang='lat' dir='ltr'><strong>panis</strong></span> <span class='ocrx_word' id='word_1_210' title='bbox 3106 2007 3308 2063; x_wconf 68' lang='lat' dir='ltr'><strong>divina:</strong></span> <span class='ocrx_word' id='word_1_211' title='bbox 3375 2005 3566 2077; x_wconf 84' lang='lat' dir='ltr'><strong>cogni-</strong></span> 
     </span>
    </p>
   </div>
   <div class='ocr_carea' id='block_1_35' title="bbox 1979 2098 2167 2155">
    <p class='ocr_par' dir='ltr' id='par_1_35' title="bbox 1979 2098 2167 2155">
     <span class='ocr_line' id='line_1_36' title="bbox 1979 2098 2167 2155; baseline -0.005 -2"><span class='ocrx_word' id='word_1_212' title='bbox 1979 2098 2167 2155; x_wconf 85' lang='lat' dir='ltr'><strong>tionis.</strong></span> 
     </span>
    </p>
   </div>
   <div class='ocr_carea' id='block_1_36' title="bbox 2396 1174 2995 1233">
    <p class='ocr_par' dir='ltr' id='par_1_36' title="bbox 2396 1174 2995 1233">
     <span class='ocr_line' id='line_1_37' title="bbox 2396 1174 2995 1233; baseline 0.003 -3"><span class='ocrx_word' id='word_1_213' title='bbox 2396 1198 2408 1210; x_wconf 89' lang='lat'><strong><em>-</em></strong></span> <span class='ocrx_word' id='word_1_214' title='bbox 2499 1174 2817 1233; x_wconf 76' lang='lat' dir='ltr'><strong>PSALMUS</strong></span> <span class='ocrx_word' id='word_1_215' title='bbox 2855 1175 2995 1232; x_wconf 82' lang='lat' dir='ltr'><strong>CVI.</strong></span> 
     </span>
    </p>
   </div>
   <div class='ocr_carea' id='block_1_37' title="bbox 367 2179 1471 2260">
    <p class='ocr_par' dir='ltr' id='par_1_37' title="bbox 367 2179 1471 2260">
     <span class='ocr_line' id='line_1_38' title="bbox 367 2179 1471 2260; baseline 0.008 -28"><span class='ocrx_word' id='word_1_216' title='bbox 367 2198 387 2232; x_wconf 77' lang='grc' dir='ltr'><strong>ι</strong></span> <span class='ocrx_word' id='word_1_217' title='bbox 437 2179 1065 2252; x_wconf 79' lang='grc' dir='ltr'><strong>Ἐξομολογησάσθωσαν</strong></span> <span class='ocrx_word' id='word_1_218' title='bbox 1099 2186 1175 2257; x_wconf 80' lang='grc' dir='ltr'><strong>τῷ</strong></span> <span class='ocrx_word' id='word_1_219' title='bbox 1199 2187 1408 2260; x_wconf 81' lang='grc' dir='ltr'><strong>Κυρίῳ.</strong></span> <span class='ocrx_word' id='word_1_220' title='bbox 1448 2207 1471 2241; x_wconf 69' lang='grc' dir='ltr'><strong>ι</strong></span> 
     </span>
    </p>
   </div>
   <div class='ocr_carea' id='block_1_38' title="bbox 375 2273 1882 2356">
    <p class='ocr_par' dir='ltr' id='par_1_38' title="bbox 375 2273 1882 2356">
     <span class='ocr_line' id='line_1_39' title="bbox 375 2273 1882 2356; baseline 0.009 -31"><span class='ocrx_word' id='word_1_221' title='bbox 375 2273 535 2345; x_wconf 81' lang='grc' dir='ltr'><strong>Έλέη</strong></span> <span class='ocrx_word' id='word_1_222' title='bbox 571 2274 669 2328; x_wconf 68' lang='grc' dir='ltr'><strong>καὶ</strong></span> <span class='ocrx_word' id='word_1_223' title='bbox 692 2273 976 2348; x_wconf 82' lang='grc' dir='ltr'><strong>θαυμάσια</strong></span> <span class='ocrx_word' id='word_1_224' title='bbox 1021 2278 1117 2334; x_wconf 88' lang='grc' dir='ltr'><strong>τοῦ</strong></span> <span class='ocrx_word' id='word_1_225' title='bbox 1138 2280 1274 2334; x_wconf 83' lang='grc' dir='ltr'><strong>Θεοῦ</strong></span> <span class='ocrx_word' id='word_1_226' title='bbox 1304 2280 1373 2336; x_wconf 87' lang='grc' dir='ltr'><strong>τὰ</strong></span> <span class='ocrx_word' id='word_1_227' title='bbox 1406 2282 1574 2337; x_wconf 83' lang='grc' dir='ltr'><strong>αὑτοῦ</strong></span> <span class='ocrx_word' id='word_1_228' title='bbox 1606 2284 1882 2356; x_wconf 86' lang='grc' dir='ltr'><strong>προσηγό-</strong></span> 
     </span>
    </p>
   </div>
   <div class='ocr_carea' id='block_1_39' title="bbox 288 2367 1881 2445">
    <p class='ocr_par' dir='ltr' id='par_1_39' title="bbox 288 2367 1881 2445">
     <span class='ocr_line' id='line_1_40' title="bbox 288 2367 1881 2445; baseline 0.009 -28"><span class='ocrx_word' id='word_1_229' title='bbox 288 2367 675 2435; x_wconf 77' lang='grc' dir='ltr'><strong>ρευσεν.”Οσα</strong></span> <span class='ocrx_word' id='word_1_230' title='bbox 720 2368 831 2441; x_wconf 78' lang='grc' dir='ltr'><strong>γὰρ</strong></span> <span class='ocrx_word' id='word_1_231' title='bbox 860 2371 1412 2445; x_wconf 78' lang='grc' dir='ltr'><strong>ὲθαυματούργησεν,</strong></span> <span class='ocrx_word' id='word_1_232' title='bbox 1459 2376 1559 2430; x_wconf 85' lang='grc' dir='ltr'><strong>οὐκ</strong></span> <span class='ocrx_word' id='word_1_233' title='bbox 1600 2375 1881 2442; x_wconf 80' lang='grc' dir='ltr'><strong>ἐνδείξεώς</strong></span> 
     </span>
    </p>
   </div>
   <div class='ocr_carea' id='block_1_40' title="bbox 284 2458 1885 2536">
    <p class='ocr_par' dir='ltr' id='par_1_40' title="bbox 284 2458 1885 2536">
     <span class='ocr_line' id='line_1_41' title="bbox 284 2458 1885 2536; baseline 0.009 -27"><span class='ocrx_word' id='word_1_234' title='bbox 284 2458 496 2531; x_wconf 76' lang='grc' dir='ltr'><strong>τινοςῆ</strong></span> <span class='ocrx_word' id='word_1_235' title='bbox 528 2459 839 2533; x_wconf 83' lang='grc' dir='ltr'><strong>φιλοτιμίας</strong></span> <span class='ocrx_word' id='word_1_236' title='bbox 869 2464 1192 2536; x_wconf 79' lang='grc' dir='ltr'><strong>παρήγαγεν</strong></span> <span class='ocrx_word' id='word_1_237' title='bbox 1237 2466 1421 2533; x_wconf 76' lang='grc' dir='ltr'><strong>ἕνεκα,</strong></span> <span class='ocrx_word' id='word_1_238' title='bbox 1454 2467 1637 2532; x_wconf 73' lang='grc' dir='ltr'><strong>ἐλέους</strong></span> <span class='ocrx_word' id='word_1_239' title='bbox 1672 2468 1885 2523; x_wconf 84' lang='grc' dir='ltr'><strong>δὲπάν-</strong></span> 
     </span>
    </p>
   </div>
   <div class='ocr_carea' id='block_1_41' title="bbox 290 2550 1884 2632">
    <p class='ocr_par' dir='ltr' id='par_1_41' title="bbox 290 2550 1884 2632">
     <span class='ocr_line' id='line_1_42' title="bbox 290 2550 1884 2632; baseline 0.009 -30"><span class='ocrx_word' id='word_1_240' title='bbox 290 2566 401 2614; x_wconf 79' lang='grc' dir='ltr'><strong>τως</strong></span> <span class='ocrx_word' id='word_1_241' title='bbox 426 2551 524 2605; x_wconf 77' lang='grc' dir='ltr'><strong>καὶ</strong></span> <span class='ocrx_word' id='word_1_242' title='bbox 547 2550 961 2625; x_wconf 77' lang='grc' dir='ltr'><strong>φιλανθρωπίας</strong></span> <span class='ocrx_word' id='word_1_243' title='bbox 997 2556 1161 2630; x_wconf 84' lang='grc' dir='ltr'><strong>χάριν</strong></span> <span class='ocrx_word' id='word_1_244' title='bbox 1190 2558 1287 2629; x_wconf 85' lang='grc' dir='ltr'><strong>τὴν</strong></span> <span class='ocrx_word' id='word_1_245' title='bbox 1309 2558 1446 2629; x_wconf 84' lang='grc' dir='ltr'><strong>πρὸς</strong></span> <span class='ocrx_word' id='word_1_246' title='bbox 1465 2561 1709 2626; x_wconf 73' lang='grc' dir='ltr'><strong>ἐκείνους</strong></span> <span class='ocrx_word' id='word_1_247' title='bbox 1742 2560 1884 2632; x_wconf 81' lang='grc' dir='ltr'><strong>ὑπὲρ</strong></span> 
     </span>
    </p>
   </div>
   <div class='ocr_carea' id='block_1_42' title="bbox 289 2637 1198 2719">
    <p class='ocr_par' dir='ltr' id='par_1_42' title="bbox 289 2637 1198 2719">
     <span class='ocr_line' id='line_1_43' title="bbox 289 2637 1198 2719; baseline 0.01 -25"><span class='ocrx_word' id='word_1_248' title='bbox 289 2637 370 2697; x_wconf 81' lang='grc' dir='ltr'><strong>ὧν</strong></span> <span class='ocrx_word' id='word_1_249' title='bbox 403 2641 660 2716; x_wconf 79' lang='grc' dir='ltr'><strong>ἐπράχθη</strong></span> <span class='ocrx_word' id='word_1_250' title='bbox 697 2647 795 2700; x_wconf 81' lang='grc' dir='ltr'><strong>καὶ</strong></span> <span class='ocrx_word' id='word_1_251' title='bbox 822 2646 894 2701; x_wconf 84' lang='grc' dir='ltr'><strong>τὰ</strong></span> <span class='ocrx_word' id='word_1_252' title='bbox 917 2646 1198 2719; x_wconf 84' lang='grc' dir='ltr'><strong>θαύματα.</strong></span> 
     </span>
    </p>
   </div>
   <div class='ocr_carea' id='block_1_43' title="bbox 370 2735 1308 2813">
    <p class='ocr_par' dir='ltr' id='par_1_43' title="bbox 370 2735 1308 2813">
     <span class='ocr_line' id='line_1_44' title="bbox 370 2735 1308 2813; baseline 0.009 -25"><span class='ocrx_word' id='word_1_253' title='bbox 370 2754 391 2788; x_wconf 77' lang='grc' dir='ltr'><strong>ι</strong></span> <span class='ocrx_word' id='word_1_254' title='bbox 423 2735 548 2790; x_wconf 85' lang='grc' dir='ltr'><strong>Ὅτι</strong></span> <span class='ocrx_word' id='word_1_255' title='bbox 573 2736 836 2810; x_wconf 81' lang='grc' dir='ltr'><strong>ἐχόρτασε</strong></span> <span class='ocrx_word' id='word_1_256' title='bbox 865 2738 1045 2812; x_wconf 77' lang='grc' dir='ltr'><strong>ψυχὴν</strong></span> <span class='ocrx_word' id='word_1_257' title='bbox 1071 2741 1258 2813; x_wconf 82' lang='grc' dir='ltr'><strong>κενήν.</strong></span> <span class='ocrx_word' id='word_1_258' title='bbox 1290 2761 1308 2795; x_wconf 73' lang='grc' dir='ltr'><strong>ι</strong></span> 
     </span>
    </p>
   </div>
   <div class='ocr_carea' id='block_1_44' title="bbox 364 2825 1886 2902">
    <p class='ocr_par' dir='ltr' id='par_1_44' title="bbox 364 2825 1886 2902">
     <span class='ocr_line' id='line_1_45' title="bbox 364 2825 1886 2902; baseline 0.007 -24"><span class='ocrx_word' id='word_1_259' title='bbox 364 2825 478 2879; x_wconf 75' lang='grc' dir='ltr'><strong>Καὶ</strong></span> <span class='ocrx_word' id='word_1_260' title='bbox 509 2826 620 2898; x_wconf 77' lang='grc' dir='ltr'><strong>μὴν</strong></span> <span class='ocrx_word' id='word_1_261' title='bbox 661 2827 761 2899; x_wconf 79' lang='grc' dir='ltr'><strong>τὴν</strong></span> <span class='ocrx_word' id='word_1_262' title='bbox 789 2830 962 2902; x_wconf 82' lang='grc' dir='ltr'><strong>αὐτὴν</strong></span> <span class='ocrx_word' id='word_1_263' title='bbox 993 2831 1092 2885; x_wconf 71' lang='grc' dir='ltr'><strong>καὶ</strong></span> <span class='ocrx_word' id='word_1_264' title='bbox 1128 2833 1407 2890; x_wconf 79' lang='grc' dir='ltr'><strong>πεινῶσαν</strong></span> <span class='ocrx_word' id='word_1_265' title='bbox 1449 2835 1643 2899; x_wconf 73' lang='grc' dir='ltr'><strong>εἰπὼν,</strong></span> <span class='ocrx_word' id='word_1_266' title='bbox 1686 2833 1886 2898; x_wconf 81' lang='grc' dir='ltr'><strong>ἔδειξεν</strong></span> 
     </span>
    </p>
   </div>
   <div class='ocr_carea' id='block_1_45' title="bbox 289 2918 1886 2998">
    <p class='ocr_par' dir='ltr' id='par_1_45' title="bbox 289 2918 1886 2998">
     <span class='ocr_line' id='line_1_46' title="bbox 289 2918 1886 2998; baseline 0.006 -28"><span class='ocrx_word' id='word_1_267' title='bbox 289 2918 374 2981; x_wconf 82' lang='grc' dir='ltr'><strong>ὡς</strong></span> <span class='ocrx_word' id='word_1_268' title='bbox 415 2918 735 2991; x_wconf 82' lang='grc' dir='ltr'><strong>ἁμαρτωλοί</strong></span> <span class='ocrx_word' id='word_1_269' title='bbox 774 2938 920 2987; x_wconf 86' lang='grc' dir='ltr'><strong>τινες</strong></span> <span class='ocrx_word' id='word_1_270' title='bbox 951 2918 1096 2995; x_wconf 73' lang='grc' dir='ltr'><strong>ἦσαν</strong></span> <span class='ocrx_word' id='word_1_271' title='bbox 1158 2926 1209 2979; x_wconf 74' lang='lat' dir='ltr'><strong>ei</strong></span> <span class='ocrx_word' id='word_1_272' title='bbox 1249 2925 1630 2998; x_wconf 84' lang='grc' dir='ltr'><strong>λιμώττοντες.</strong></span> <span class='ocrx_word' id='word_1_273' title='bbox 1662 2926 1737 2980; x_wconf 84' lang='grc' dir='ltr'><strong>Τό</strong></span> <span class='ocrx_word' id='word_1_274' title='bbox 1776 2925 1886 2997; x_wconf 81' lang='grc' dir='ltr'><strong>γὰρ</strong></span> 
     </span>
    </p>
   </div>
   <div class='ocr_carea' id='block_1_46' title="bbox 292 3009 1724 3089">
    <p class='ocr_par' dir='ltr' id='par_1_46' title="bbox 292 3009 1724 3089">
     <span class='ocr_line' id='line_1_47' title="bbox 292 3009 1724 3089; baseline 0.009 -28"><span class='ocrx_word' id='word_1_275' title='bbox 292 3009 456 3063; x_wconf 69' lang='grc' dir='ltr'><strong>κενὸν</strong></span> <span class='ocrx_word' id='word_1_276' title='bbox 488 3010 610 3065; x_wconf 78' lang='grc' dir='ltr'><strong>ἀντὶ</strong></span> <span class='ocrx_word' id='word_1_277' title='bbox 637 3010 734 3066; x_wconf 89' lang='grc' dir='ltr'><strong>τοῦ</strong></span> <span class='ocrx_word' id='word_1_278' title='bbox 768 3013 1005 3083; x_wconf 77' lang='grc' dir='ltr'><strong>ματαίου</strong></span> <span class='ocrx_word' id='word_1_279' title='bbox 1034 3015 1435 3089; x_wconf 74' lang='grc' dir='ltr'><strong>παρείληπται.</strong></span> <span class='ocrx_word' id='word_1_280' title='bbox 1714 3032 1724 3039; x_wconf 88' lang='grc'><strong>·</strong></span> 
     </span>
    </p>
   </div>
   <div class='ocr_carea' id='block_1_47' title="bbox 380 3103 1599 3180">
    <p class='ocr_par' dir='ltr' id='par_1_47' title="bbox 380 3103 1599 3180">
     <span class='ocr_line' id='line_1_48' title="bbox 380 3103 1599 3180; baseline 0.005 -23"><span class='ocrx_word' id='word_1_281' title='bbox 380 3122 401 3156; x_wconf 75' lang='grc' dir='ltr'><strong>ι</strong></span> <span class='ocrx_word' id='word_1_282' title='bbox 444 3103 800 3159; x_wconf 79' lang='grc' dir='ltr'><strong>Ἀντελάὃετο</strong></span> <span class='ocrx_word' id='word_1_283' title='bbox 831 3105 1016 3160; x_wconf 85' lang='grc' dir='ltr'><strong>αὐτῶν</strong></span> <span class='ocrx_word' id='word_1_284' title='bbox 1036 3105 1099 3172; x_wconf 67' lang='grc' dir='ltr'>ἐξ</span> <span class='ocrx_word' id='word_1_285' title='bbox 1120 3106 1244 3161; x_wconf 84' lang='grc' dir='ltr'><strong>ὀδοῦ</strong></span> <span class='ocrx_word' id='word_1_286' title='bbox 1284 3109 1536 3180; x_wconf 80' lang='grc' dir='ltr'><strong>ἀνομίας.</strong></span> <span class='ocrx_word' id='word_1_287' title='bbox 1578 3130 1599 3163; x_wconf 70' lang='grc' dir='ltr'><strong>ι</strong></span> 
     </span>
    </p>
   </div>
   <div class='ocr_carea' id='block_1_48' title="bbox 384 3196 1886 3274">
    <p class='ocr_par' dir='ltr' id='par_1_48' title="bbox 384 3196 1886 3274">
     <span class='ocr_line' id='line_1_49' title="bbox 384 3196 1886 3274; baseline 0.007 -23"><span class='ocrx_word' id='word_1_288' title='bbox 384 3196 540 3252; x_wconf 80' lang='grc' dir='ltr'><strong>Ὀδδν</strong></span> <span class='ocrx_word' id='word_1_289' title='bbox 560 3197 789 3269; x_wconf 77' lang='grc' dir='ltr'><strong>ἀνομίας</strong></span> <span class='ocrx_word' id='word_1_290' title='bbox 818 3198 1136 3270; x_wconf 83' lang='grc' dir='ltr'><strong>ἀναγκαίως</strong></span> <span class='ocrx_word' id='word_1_291' title='bbox 1171 3202 1572 3274; x_wconf 75' lang='grc' dir='ltr'><strong>προσαγορεύει</strong></span> <span class='ocrx_word' id='word_1_292' title='bbox 1600 3204 1694 3258; x_wconf 80' lang='grc' dir='ltr'><strong>τὸν</strong></span> <span class='ocrx_word' id='word_1_293' title='bbox 1716 3205 1886 3263; x_wconf 80' lang='grc' dir='ltr'><strong>θάνα-</strong></span> 
     </span>
    </p>
   </div>
   <div class='ocr_carea' id='block_1_49' title="bbox 196 3259 1963 3371">
    <p class='ocr_par' dir='ltr' id='par_1_49' title="bbox 196 3259 1963 3371">
     <span class='ocr_line' id='line_1_50' title="bbox 196 3259 1963 3371; baseline 0.006 -27"><span class='ocrx_word' id='word_1_294' title='bbox 196 3300 205 3305; x_wconf 91' lang='grc'><strong>·</strong></span> <span class='ocrx_word' id='word_1_295' title='bbox 293 3306 417 3345; x_wconf 85' lang='grc' dir='ltr'><strong>τον.</strong></span> <span class='ocrx_word' id='word_1_296' title='bbox 477 3259 790 3362; x_wconf 70' lang='grc' dir='ltr'><strong>Αιτια’γάῥ</strong></span> <span class='ocrx_word' id='word_1_297' title='bbox 835 3259 1228 3365; x_wconf 40' lang='lat' dir='ltr'><strong>etp-Bevum”).</strong></span> <span class='ocrx_word' id='word_1_298' title='bbox 1273 3259 1531 3366; x_wconf 47' lang='grc' dir='ltr'><strong>παρααοὴ</strong></span> <span class='ocrx_word' id='word_1_299' title='bbox 1582 3296 1678 3351; x_wconf 88' lang='grc' dir='ltr'><strong>τοῦ</strong></span> <span class='ocrx_word' id='word_1_300' title='bbox 1725 3259 1891 3371; x_wconf 77' lang='grc' dir='ltr'><strong>νόμου</strong></span> <span class='ocrx_word' id='word_1_301' title='bbox 1918 3259 1963 3318; x_wconf 72' lang='lat' dir='ltr'>c</span> 
     </span>
    </p>
   </div>
   <div class='ocr_carea' id='block_1_50' title="bbox 293 3381 1893 3462">
    <p class='ocr_par' dir='ltr' id='par_1_50' title="bbox 293 3381 1893 3462">
     <span class='ocr_line' id='line_1_51' title="bbox 293 3381 1893 3462; baseline 0.004 -22"><span class='ocrx_word' id='word_1_302' title='bbox 293 3383 398 3440; x_wconf 85' lang='grc' dir='ltr'><strong>τοῦ</strong></span> <span class='ocrx_word' id='word_1_303' title='bbox 439 3381 682 3449; x_wconf 80' lang='grc' dir='ltr'><strong>δοθέντος</strong></span> <span class='ocrx_word' id='word_1_304' title='bbox 721 3385 780 3438; x_wconf 79' lang='grc' dir='ltr'><strong>ὲν</strong></span> <span class='ocrx_word' id='word_1_305' title='bbox 815 3383 1133 3457; x_wconf 84' lang='grc' dir='ltr'><strong>παραδείσῳ</strong></span> <span class='ocrx_word' id='word_1_306' title='bbox 1172 3386 1490 3458; x_wconf 82' lang='grc' dir='ltr'><strong>γεγένηται.</strong></span> <span class='ocrx_word' id='word_1_307' title='bbox 1542 3387 1685 3442; x_wconf 84' lang='grc' dir='ltr'><strong>Ἀλλ’</strong></span> <span class='ocrx_word' id='word_1_308' title='bbox 1742 3391 1893 3462; x_wconf 83' lang='grc' dir='ltr'><strong>ὅμως</strong></span> 
     </span>
    </p>
   </div>
   <div class='ocr_carea' id='block_1_51' title="bbox 296 3474 1895 3549">
    <p class='ocr_par' dir='ltr' id='par_1_51' title="bbox 296 3474 1895 3549">
     <span class='ocr_line' id='line_1_52' title="bbox 296 3474 1895 3549; baseline 0.003 -19"><span class='ocrx_word' id='word_1_309' title='bbox 296 3474 542 3548; x_wconf 82' lang='grc' dir='ltr'><strong>Χριστὸς</strong></span> <span class='ocrx_word' id='word_1_310' title='bbox 562 3476 712 3547; x_wconf 77' lang='grc' dir='ltr'><strong>ἡμᾶς</strong></span> <span class='ocrx_word' id='word_1_311' title='bbox 744 3476 809 3530; x_wconf 79' lang='grc' dir='ltr'><strong>ὲκ</strong></span> <span class='ocrx_word' id='word_1_312' title='bbox 837 3474 935 3530; x_wconf 83' lang='grc' dir='ltr'><strong>τοῦ</strong></span> <span class='ocrx_word' id='word_1_313' title='bbox 960 3476 1192 3531; x_wconf 83' lang='grc' dir='ltr'><strong>θανάτου</strong></span> <span class='ocrx_word' id='word_1_314' title='bbox 1225 3477 1575 3545; x_wconf 76' lang='grc' dir='ltr'><strong>ἀντελάϐετο,</strong></span> <span class='ocrx_word' id='word_1_315' title='bbox 1600 3479 1768 3549; x_wconf 84' lang='grc' dir='ltr'><strong>μέσον</strong></span> <span class='ocrx_word' id='word_1_316' title='bbox 1785 3481 1895 3535; x_wconf 84' lang='grc' dir='ltr'><strong>τῶν</strong></span> 
     </span>
    </p>
   </div>
   <div class='ocr_carea' id='block_1_52' title="bbox 297 3566 1896 3647">
    <p class='ocr_par' dir='ltr' id='par_1_52' title="bbox 297 3566 1896 3647">
     <span class='ocr_line' id='line_1_53' title="bbox 297 3566 1896 3647; baseline 0.004 -25"><span class='ocrx_word' id='word_1_317' title='bbox 297 3567 521 3641; x_wconf 83' lang='grc' dir='ltr'><strong>νεκρῶν</strong></span> <span class='ocrx_word' id='word_1_318' title='bbox 557 3569 593 3638; x_wconf 77' lang='grc' dir='ltr'><strong>ἡ</strong></span> <span class='ocrx_word' id='word_1_319' title='bbox 628 3567 771 3642; x_wconf 76' lang='grc' dir='ltr'><strong>ζωὴ,</strong></span> <span class='ocrx_word' id='word_1_320' title='bbox 791 3566 883 3624; x_wconf 72' lang='grc' dir='ltr'><strong>ἵνα</strong></span> <span class='ocrx_word' id='word_1_321' title='bbox 906 3567 1046 3641; x_wconf 71' lang='grc' dir='ltr'><strong>λύσῃ</strong></span> <span class='ocrx_word' id='word_1_322' title='bbox 1075 3568 1172 3624; x_wconf 84' lang='grc' dir='ltr'><strong>τοῦ</strong></span> <span class='ocrx_word' id='word_1_323' title='bbox 1209 3568 1442 3647; x_wconf 69' lang='grc' dir='ltr'><strong>θανάτου</strong></span> <span class='ocrx_word' id='word_1_324' title='bbox 1471 3570 1572 3642; x_wconf 75' lang='grc' dir='ltr'><strong>τὴν</strong></span> <span class='ocrx_word' id='word_1_325' title='bbox 1600 3573 1896 3645; x_wconf 81' lang='grc' dir='ltr'><strong>τυραννίδα</strong></span> 
     </span>
    </p>
   </div>
   <div class='ocr_carea' id='block_1_53' title="bbox 296 3661 618 3732">
    <p class='ocr_par' dir='ltr' id='par_1_53' title="bbox 296 3661 618 3732">
     <span class='ocr_line' id='line_1_54' title="bbox 296 3661 618 3732; baseline 0.009 -19"><span class='ocrx_word' id='word_1_326' title='bbox 296 3661 618 3732; x_wconf 79' lang='grc' dir='ltr'><strong>γενομένος.</strong></span> 
     </span>
    </p>
   </div>
   <div class='ocr_carea' id='block_1_54' title="bbox 387 3748 1442 3824">
    <p class='ocr_par' dir='ltr' id='par_1_54' title="bbox 387 3748 1442 3824">
     <span class='ocr_line' id='line_1_55' title="bbox 387 3748 1442 3824; baseline -0.001 -19"><span class='ocrx_word' id='word_1_327' title='bbox 387 3771 407 3805; x_wconf 77' lang='grc' dir='ltr'><strong>ι</strong></span> <span class='ocrx_word' id='word_1_328' title='bbox 440 3751 558 3807; x_wconf 82' lang='grc' dir='ltr'><strong>Πᾶν</strong></span> <span class='ocrx_word' id='word_1_329' title='bbox 581 3749 781 3824; x_wconf 82' lang='grc' dir='ltr'><strong>βρῶμα</strong></span> <span class='ocrx_word' id='word_1_330' title='bbox 802 3748 1127 3817; x_wconf 77' lang='grc' dir='ltr'><strong>ὲϐδελύξατο</strong></span> <span class='ocrx_word' id='word_1_331' title='bbox 1150 3752 1187 3823; x_wconf 78' lang='grc' dir='ltr'><strong>ἡ</strong></span> <span class='ocrx_word' id='word_1_332' title='bbox 1219 3750 1391 3824; x_wconf 80' lang='grc' dir='ltr'><strong>ψυχή.</strong></span> <span class='ocrx_word' id='word_1_333' title='bbox 1421 3770 1442 3804; x_wconf 74' lang='grc' dir='ltr'><strong>ι</strong></span> 
     </span>
    </p>
   </div>
   <div class='ocr_carea' id='block_1_55' title="bbox 382 3928 1895 4004">
    <p class='ocr_par' dir='ltr' id='par_1_55' title="bbox 382 3928 1895 4004">
     <span class='ocr_line' id='line_1_56' title="bbox 382 3928 1895 4004; baseline 0.001 -19"><span class='ocrx_word' id='word_1_334' title='bbox 382 3929 592 4003; x_wconf 89' lang='grc' dir='ltr'><strong>Βρῶμα</strong></span> <span class='ocrx_word' id='word_1_335' title='bbox 626 3931 728 4002; x_wconf 78' lang='grc' dir='ltr'><strong>τὴν</strong></span> <span class='ocrx_word' id='word_1_336' title='bbox 756 3930 964 4003; x_wconf 73' lang='grc' dir='ltr'><strong>τροφὴν</strong></span> <span class='ocrx_word' id='word_1_337' title='bbox 1002 3928 1240 3986; x_wconf 79' lang='grc' dir='ltr'><strong>ἐνταῦθα</strong></span> <span class='ocrx_word' id='word_1_338' title='bbox 1295 3930 1395 4001; x_wconf 83' lang='grc' dir='ltr'><strong>τὴν</strong></span> <span class='ocrx_word' id='word_1_339' title='bbox 1431 3929 1658 4003; x_wconf 83' lang='grc' dir='ltr'><strong>λογικὴν</strong></span> <span class='ocrx_word' id='word_1_340' title='bbox 1702 3928 1895 4004; x_wconf 79' lang='grc' dir='ltr'><strong>νοήσο-</strong></span> 
     </span>
    </p>
   </div>
   <div class='ocr_carea' id='block_1_56' title="bbox 232 4017 1901 4105">
    <p class='ocr_par' dir='ltr' id='par_1_56' title="bbox 232 4017 1901 4105">
     <span class='ocr_line' id='line_1_57' title="bbox 232 4017 1901 4105; baseline 0.002 -29"><span class='ocrx_word' id='word_1_341' title='bbox 232 4104 235 4105; x_wconf 11' lang='grc' dir='ltr'><em>ν</em></span> <span class='ocrx_word' id='word_1_342' title='bbox 308 4039 436 4095; x_wconf 73' lang='grc' dir='ltr'><strong>μεψ</strong></span> <span class='ocrx_word' id='word_1_343' title='bbox 468 4023 601 4095; x_wconf 78' lang='grc' dir='ltr'><strong>περὶ</strong></span> <span class='ocrx_word' id='word_1_344' title='bbox 631 4017 700 4096; x_wconf 77' lang='grc' dir='ltr'><strong>ἧς</strong></span> <span class='ocrx_word' id='word_1_345' title='bbox 728 4024 757 4075; x_wconf 85' lang='grc' dir='ltr'>ὁ</span> <span class='ocrx_word' id='word_1_346' title='bbox 781 4023 990 4097; x_wconf 85' lang='grc' dir='ltr'><strong>Κύριος</strong></span> <span class='ocrx_word' id='word_1_347' title='bbox 1014 4026 1128 4089; x_wconf 82' lang='grc' dir='ltr'><strong>τοῖς</strong></span> <span class='ocrx_word' id='word_1_348' title='bbox 1158 4024 1483 4089; x_wconf 83' lang='grc' dir='ltr'><strong>ἀποστόλοις</strong></span> <span class='ocrx_word' id='word_1_349' title='bbox 1506 4023 1694 4090; x_wconf 77' lang='grc' dir='ltr'><strong>ἔλεγεν</strong></span> <span class='ocrx_word' id='word_1_350' title='bbox 1716 4040 1729 4054; x_wconf 71' lang='grc' dir='ltr'><strong>ο</strong></span> <span class='ocrx_word' id='word_1_351' title='bbox 1776 4026 1901 4093; x_wconf 87' lang='grc' dir='ltr'><strong>Ἐρ-</strong></span> 
     </span>
    </p>
   </div>
   <div class='ocr_carea' id='block_1_57' title="bbox 308 4114 1904 4188">
    <p class='ocr_par' dir='ltr' id='par_1_57' title="bbox 308 4114 1904 4188">
     <span class='ocr_line' id='line_1_58' title="bbox 308 4114 1904 4188; baseline -0.001 -16"><span class='ocrx_word' id='word_1_352' title='bbox 308 4115 561 4187; x_wconf 78' lang='grc' dir='ltr'><strong>γάζεσθε</strong></span> <span class='ocrx_word' id='word_1_353' title='bbox 582 4117 671 4188; x_wconf 80' lang='grc' dir='ltr'><strong>μὴ</strong></span> <span class='ocrx_word' id='word_1_354' title='bbox 708 4116 825 4187; x_wconf 76' lang='grc' dir='ltr'><strong>τὴν</strong></span> <span class='ocrx_word' id='word_1_355' title='bbox 842 4116 1082 4188; x_wconf 77' lang='grc' dir='ltr'><strong>,βρῶσιν</strong></span> <span class='ocrx_word' id='word_1_356' title='bbox 1107 4116 1221 4187; x_wconf 80' lang='grc' dir='ltr'><strong>τὴν</strong></span> <span class='ocrx_word' id='word_1_357' title='bbox 1250 4114 1711 4186; x_wconf 80' lang='grc' dir='ltr'><strong>ἀπολλυμένην,</strong></span> <span class='ocrx_word' id='word_1_358' title='bbox 1741 4114 1904 4171; x_wconf 65' lang='grc' dir='ltr'><strong>ἀλλὰ</strong></span> 
     </span>
    </p>
   </div>
   <div class='ocr_carea' id='block_1_58' title="bbox 308 4198 1903 4279">
    <p class='ocr_par' dir='ltr' id='par_1_58' title="bbox 308 4198 1903 4279">
     <span class='ocr_line' id='line_1_59' title="bbox 308 4198 1903 4279; baseline -0.001 -15"><span class='ocrx_word' id='word_1_359' title='bbox 308 4210 431 4278; x_wconf 77' lang='grc' dir='ltr'><strong>τὴν</strong></span> <span class='ocrx_word' id='word_1_360' title='bbox 446 4207 762 4279; x_wconf 77' lang='grc' dir='ltr'><strong>μένουσαν</strong></span> <span class='ocrx_word' id='word_1_361' title='bbox 782 4211 871 4276; x_wconf 81' lang='grc' dir='ltr'><strong>είς</strong></span> <span class='ocrx_word' id='word_1_362' title='bbox 903 4206 1057 4278; x_wconf 77' lang='grc' dir='ltr'><strong>ζωὴν</strong></span> <span class='ocrx_word' id='word_1_363' title='bbox 1077 4210 1344 4264; x_wconf 77' lang='grc' dir='ltr'><strong>αἰώνιον.</strong></span> <span class='ocrx_word' id='word_1_364' title='bbox 1376 4198 1594 4278; x_wconf 70' lang='grc' dir='ltr'><strong>Ταύτης</strong></span> <span class='ocrx_word' id='word_1_365' title='bbox 1629 4211 1736 4262; x_wconf 83' lang='grc' dir='ltr'><strong>πᾶν</strong></span> <span class='ocrx_word' id='word_1_366' title='bbox 1764 4204 1903 4274; x_wconf 79' lang='grc' dir='ltr'><strong>εἶδος</strong></span> 
     </span>
    </p>
   </div>
   <div class='ocr_carea' id='block_1_59' title="bbox 308 4298 1905 4373">
    <p class='ocr_par' dir='ltr' id='par_1_59' title="bbox 308 4298 1905 4373">
     <span class='ocr_line' id='line_1_60' title="bbox 308 4298 1905 4373; baseline 0.001 -18"><span class='ocrx_word' id='word_1_367' title='bbox 308 4303 343 4355; x_wconf 89' lang='grc' dir='ltr'><strong>ό</strong></span> <span class='ocrx_word' id='word_1_368' title='bbox 394 4300 687 4372; x_wconf 75' lang='grc' dir='ltr'><strong>ἄνθρωπος</strong></span> <span class='ocrx_word' id='word_1_369' title='bbox 731 4298 1071 4366; x_wconf 75' lang='grc' dir='ltr'><strong>ὲὸδελύξατο.</strong></span> <span class='ocrx_word' id='word_1_370' title='bbox 1126 4300 1264 4355; x_wconf 75' lang='grc' dir='ltr'><strong>Οὔτε</strong></span> <span class='ocrx_word' id='word_1_371' title='bbox 1314 4300 1425 4373; x_wconf 81' lang='grc' dir='ltr'><strong>γὰρ</strong></span> <span class='ocrx_word' id='word_1_372' title='bbox 1467 4305 1695 4372; x_wconf 77' lang='grc' dir='ltr'><strong>φυσικὸν</strong></span> <span class='ocrx_word' id='word_1_373' title='bbox 1739 4301 1905 4373; x_wconf 87' lang='grc' dir='ltr'><strong>νόμον</strong></span> 
     </span>
    </p>
   </div>
   <div class='ocr_carea' id='block_1_60' title="bbox 309 4388 1905 4464">
    <p class='ocr_par' dir='ltr' id='par_1_60' title="bbox 309 4388 1905 4464">
     <span class='ocr_line' id='line_1_61' title="bbox 309 4388 1905 4464; baseline 0.001 -18"><span class='ocrx_word' id='word_1_374' title='bbox 309 4392 443 4447; x_wconf 77' lang='grc' dir='ltr'><strong>οὔτε</strong></span> <span class='ocrx_word' id='word_1_375' title='bbox 471 4393 720 4463; x_wconf 81' lang='grc' dir='ltr'><strong>γραπτὸν</strong></span> <span class='ocrx_word' id='word_1_376' title='bbox 767 4390 1066 4463; x_wconf 72' lang='grc' dir='ltr'><strong>ἐφύλαξαν,</strong></span> <span class='ocrx_word' id='word_1_377' title='bbox 1097 4393 1191 4447; x_wconf 71' lang='grc' dir='ltr'><strong>καὶ</strong></span> <span class='ocrx_word' id='word_1_378' title='bbox 1212 4393 1302 4447; x_wconf 81' lang='grc' dir='ltr'><strong>διὰ</strong></span> <span class='ocrx_word' id='word_1_379' title='bbox 1341 4388 1502 4446; x_wconf 85' lang='grc' dir='ltr'><strong>τοῦτο</strong></span> <span class='ocrx_word' id='word_1_380' title='bbox 1527 4393 1767 4464; x_wconf 74' lang='grc' dir='ltr'><strong>ἤγγισαν</strong></span> <span class='ocrx_word' id='word_1_381' title='bbox 1798 4394 1905 4460; x_wconf 80' lang='grc' dir='ltr'><strong>ἓως</strong></span> 
     </span>
    </p>
   </div>
   <div class='ocr_carea' id='block_1_61' title="bbox 310 4484 1908 4567">
    <p class='ocr_par' dir='ltr' id='par_1_61' title="bbox 310 4484 1908 4567">
     <span class='ocr_line' id='line_1_62' title="bbox 310 4484 1908 4567; baseline 0.004 -28"><span class='ocrx_word' id='word_1_382' title='bbox 310 4486 427 4541; x_wconf 79' lang='grc' dir='ltr'><strong>τῶν</strong></span> <span class='ocrx_word' id='word_1_383' title='bbox 456 4484 644 4567; x_wconf 84' lang='grc' dir='ltr'><strong>πυλῶν</strong></span> <span class='ocrx_word' id='word_1_384' title='bbox 668 4484 761 4540; x_wconf 89' lang='grc' dir='ltr'><strong>τοῦ</strong></span> <span class='ocrx_word' id='word_1_385' title='bbox 784 4485 1041 4542; x_wconf 81' lang='grc' dir='ltr'><strong>θανάτου.</strong></span> <span class='ocrx_word' id='word_1_386' title='bbox 1072 4487 1249 4541; x_wconf 88' lang='grc' dir='ltr'><strong>Πύλαι</strong></span> <span class='ocrx_word' id='word_1_387' title='bbox 1285 4487 1340 4540; x_wconf 83' lang='grc' dir='ltr'><strong>δὲ</strong></span> <span class='ocrx_word' id='word_1_388' title='bbox 1367 4487 1600 4543; x_wconf 84' lang='grc' dir='ltr'><strong>θανάτου</strong></span> <span class='ocrx_word' id='word_1_389' title='bbox 1631 4491 1700 4545; x_wconf 84' lang='grc' dir='ltr'><strong>τὰ</strong></span> <span class='ocrx_word' id='word_1_390' title='bbox 1727 4491 1908 4564; x_wconf 82' lang='grc' dir='ltr'><strong>ἀμαρ-</strong></span> 
     </span>
    </p>
   </div>
   <div class='ocr_carea' id='block_1_62' title="bbox 2052 2186 3131 2245">
    <p class='ocr_par' dir='ltr' id='par_1_62' title="bbox 2052 2186 3131 2245">
     <span class='ocr_line' id='line_1_63' title="bbox 2052 2186 3131 2245; baseline -0.002 -2"><span class='ocrx_word' id='word_1_391' title='bbox 2052 2189 2212 2245; x_wconf 72' lang='lat' dir='ltr'><strong>Vens.</strong></span> <span class='ocrx_word' id='word_1_392' title='bbox 2247 2188 2303 2243; x_wconf 90' lang='lat'><strong>8.</strong></span> <span class='ocrx_word' id='word_1_393' title='bbox 2348 2208 2366 2240; x_wconf 78' lang='grc' dir='ltr'><strong>ι</strong></span> <span class='ocrx_word' id='word_1_394' title='bbox 2406 2187 2789 2245; x_wconf 82' lang='lat' dir='ltr'><strong>Conﬁteantur</strong></span> <span class='ocrx_word' id='word_1_395' title='bbox 2824 2186 3074 2245; x_wconf 89' lang='lat' dir='ltr'><strong>Domino.</strong></span> <span class='ocrx_word' id='word_1_396' title='bbox 3111 2206 3131 2241; x_wconf 74' lang='grc' dir='ltr'><strong>ι</strong></span> 
     </span>
    </p>
   </div>
   <div class='ocr_carea' id='block_1_63' title="bbox 2052 2275 3565 2354">
    <p class='ocr_par' dir='ltr' id='par_1_63' title="bbox 2052 2275 3565 2354">
     <span class='ocr_line' id='line_1_64' title="bbox 2052 2275 3565 2354; baseline -0.005 -17"><span class='ocrx_word' id='word_1_397' title='bbox 2052 2280 2454 2339; x_wconf 74' lang='lat' dir='ltr'><strong>Misericordiae</strong></span> <span class='ocrx_word' id='word_1_398' title='bbox 2496 2290 2553 2337; x_wconf 89' lang='lat' dir='ltr'><strong>et</strong></span> <span class='ocrx_word' id='word_1_399' title='bbox 2580 2282 2851 2339; x_wconf 85' lang='lat' dir='ltr'><strong>mirabilia</strong></span> <span class='ocrx_word' id='word_1_400' title='bbox 2896 2281 3193 2354; x_wconf 85' lang='lat' dir='ltr'><strong>appellavit</strong></span> <span class='ocrx_word' id='word_1_401' title='bbox 3214 2295 3279 2337; x_wconf 92' lang='lat' dir='ltr'><strong>ea</strong></span> <span class='ocrx_word' id='word_1_402' title='bbox 3306 2295 3429 2351; x_wconf 77' lang='lat' dir='ltr'><strong>quae</strong></span> <span class='ocrx_word' id='word_1_403' title='bbox 3469 2275 3565 2332; x_wconf 86' lang='lat' dir='ltr'><strong>Dei</strong></span> 
     </span>
    </p>
   </div>
   <div class='ocr_carea' id='block_1_64' title="bbox 1980 2366 3569 2445">
    <p class='ocr_par' dir='ltr' id='par_1_64' title="bbox 1980 2366 3569 2445">
     <span class='ocr_line' id='line_1_65' title="bbox 1980 2366 3569 2445; baseline -0.007 -12"><span class='ocrx_word' id='word_1_404' title='bbox 1980 2384 2127 2433; x_wconf 88' lang='lat' dir='ltr'><strong>sunt.</strong></span> <span class='ocrx_word' id='word_1_405' title='bbox 2172 2376 2529 2445; x_wconf 69' lang='lat' dir='ltr'><strong>Quaecunque</strong></span> <span class='ocrx_word' id='word_1_406' title='bbox 2569 2373 2719 2430; x_wconf 87' lang='lat' dir='ltr'><strong>enim</strong></span> <span class='ocrx_word' id='word_1_407' title='bbox 2752 2372 3019 2428; x_wconf 86' lang='lat' dir='ltr'><strong>miracula</strong></span> <span class='ocrx_word' id='word_1_408' title='bbox 3062 2370 3318 2443; x_wconf 84' lang='lat' dir='ltr'><strong>patravit,</strong></span> <span class='ocrx_word' id='word_1_409' title='bbox 3353 2384 3463 2426; x_wconf 90' lang='lat' dir='ltr'><strong>non</strong></span> <span class='ocrx_word' id='word_1_410' title='bbox 3496 2366 3569 2422; x_wconf 91' lang='lat' dir='ltr'><strong>ad</strong></span> 
     </span>
    </p>
   </div>
   <div class='ocr_carea' id='block_1_65' title="bbox 1982 2460 3569 2538">
    <p class='ocr_par' dir='ltr' id='par_1_65' title="bbox 1982 2460 3569 2538">
     <span class='ocr_line' id='line_1_66' title="bbox 1982 2460 3569 2538; baseline -0.008 -12"><span class='ocrx_word' id='word_1_411' title='bbox 1982 2468 2405 2526; x_wconf 87' lang='lat' dir='ltr'><strong>ostentationem</strong></span> <span class='ocrx_word' id='word_1_412' title='bbox 2431 2475 2528 2522; x_wconf 88' lang='lat' dir='ltr'><strong>aut</strong></span> <span class='ocrx_word' id='word_1_413' title='bbox 2547 2465 2734 2538; x_wconf 67' lang='lat' dir='ltr'><strong>gloriae</strong></span> <span class='ocrx_word' id='word_1_414' title='bbox 2756 2464 2938 2521; x_wconf 90' lang='lat' dir='ltr'><strong>studio</strong></span> <span class='ocrx_word' id='word_1_415' title='bbox 2965 2463 3198 2536; x_wconf 82' lang='lat' dir='ltr'><strong>peregit,</strong></span> <span class='ocrx_word' id='word_1_416' title='bbox 3220 2461 3319 2519; x_wconf 88' lang='lat' dir='ltr'><strong>sed</strong></span> <span class='ocrx_word' id='word_1_417' title='bbox 3342 2460 3569 2517; x_wconf 85' lang='lat' dir='ltr'><strong>omnino</strong></span> 
     </span>
    </p>
   </div>
   <div class='ocr_carea' id='block_1_66' title="bbox 1984 2553 3569 2634">
    <p class='ocr_par' dir='ltr' id='par_1_66' title="bbox 1984 2553 3569 2634">
     <span class='ocr_line' id='line_1_67' title="bbox 1984 2553 3569 2634; baseline -0.006 -16"><span class='ocrx_word' id='word_1_418' title='bbox 1984 2570 2206 2634; x_wconf 86' lang='lat' dir='ltr'><strong>propter</strong></span> <span class='ocrx_word' id='word_1_419' title='bbox 2259 2557 2695 2617; x_wconf 84' lang='lat' dir='ltr'><strong>misericordiam</strong></span> <span class='ocrx_word' id='word_1_420' title='bbox 2749 2566 2807 2614; x_wconf 89' lang='lat' dir='ltr'><strong>et</strong></span> <span class='ocrx_word' id='word_1_421' title='bbox 2859 2556 3256 2628; x_wconf 76' lang='lat' dir='ltr'><strong>benignitatem</strong></span> <span class='ocrx_word' id='word_1_422' title='bbox 3304 2568 3461 2611; x_wconf 87' lang='lat' dir='ltr'><strong>suam</strong></span> <span class='ocrx_word' id='word_1_423' title='bbox 3512 2553 3569 2608; x_wconf 91' lang='lat' dir='ltr'><strong>in</strong></span> 
     </span>
    </p>
   </div>
   <div class='ocr_carea' id='block_1_67' title="bbox 1983 2640 3298 2728">
    <p class='ocr_par' dir='ltr' id='par_1_67' title="bbox 1983 2640 3298 2728">
     <span class='ocr_line' id='line_1_68' title="bbox 1983 2640 3298 2728; baseline -0.008 -14"><span class='ocrx_word' id='word_1_424' title='bbox 1983 2672 2082 2714; x_wconf 87' lang='lat' dir='ltr'><strong>eos</strong></span> <span class='ocrx_word' id='word_1_425' title='bbox 2110 2672 2210 2728; x_wconf 90' lang='lat' dir='ltr'><strong>pro</strong></span> <span class='ocrx_word' id='word_1_426' title='bbox 2238 2656 2439 2727; x_wconf 83' lang='lat' dir='ltr'><strong>quibus</strong></span> <span class='ocrx_word' id='word_1_427' title='bbox 2469 2655 2588 2710; x_wconf 56' lang='lat' dir='ltr'><strong>haec</strong></span> <span class='ocrx_word' id='word_1_428' title='bbox 2610 2652 2879 2708; x_wconf 88' lang='lat' dir='ltr'><strong>miracula</strong></span> <span class='ocrx_word' id='word_1_429' title='bbox 2906 2659 3120 2722; x_wconf 86' lang='lat' dir='ltr'><strong>patrata</strong></span> <span class='ocrx_word' id='word_1_430' title='bbox 3149 2640 3298 2705; x_wconf 84' lang='lat' dir='ltr'><strong>sunt.</strong></span> 
     </span>
    </p>
   </div>
   <div class='ocr_carea' id='block_1_68' title="bbox 2055 2738 3388 2809">
    <p class='ocr_par' dir='ltr' id='par_1_68' title="bbox 2055 2738 3388 2809">
     <span class='ocr_line' id='line_1_69' title="bbox 2055 2738 3388 2809; baseline -0.008 -10"><span class='ocrx_word' id='word_1_431' title='bbox 2055 2744 2223 2801; x_wconf 75' lang='lat' dir='ltr'><strong>Vens.</strong></span> <span class='ocrx_word' id='word_1_432' title='bbox 2254 2744 2309 2800; x_wconf 88' lang='lat'><strong>9.</strong></span> <span class='ocrx_word' id='word_1_433' title='bbox 2348 2762 2366 2795; x_wconf 78' lang='grc' dir='ltr'><strong>ι</strong></span> <span class='ocrx_word' id='word_1_434' title='bbox 2400 2742 2539 2809; x_wconf 83' lang='lat' dir='ltr'><strong>Quia</strong></span> <span class='ocrx_word' id='word_1_435' title='bbox 2567 2740 2789 2797; x_wconf 83' lang='lat' dir='ltr'><strong>satiavit</strong></span> <span class='ocrx_word' id='word_1_436' title='bbox 2818 2739 3056 2795; x_wconf 87' lang='lat' dir='ltr'><strong>animam</strong></span> <span class='ocrx_word' id='word_1_437' title='bbox 3091 2738 3335 2806; x_wconf 72' lang='lat' dir='ltr'><strong>inanem,</strong></span> <span class='ocrx_word' id='word_1_438' title='bbox 3368 2755 3388 2788; x_wconf 74' lang='grc' dir='ltr'><strong>ι</strong></span> 
     </span>
    </p>
   </div>
   <div class='ocr_carea' id='block_1_69' title="bbox 2058 2824 3569 2901">
    <p class='ocr_par' dir='ltr' id='par_1_69' title="bbox 2058 2824 3569 2901">
     <span class='ocr_line' id='line_1_70' title="bbox 2058 2824 3569 2901; baseline -0.003 -15"><span class='ocrx_word' id='word_1_439' title='bbox 2058 2832 2272 2887; x_wconf 86' lang='lat' dir='ltr'><strong>Etenim</strong></span> <span class='ocrx_word' id='word_1_440' title='bbox 2308 2846 2434 2889; x_wconf 90' lang='lat' dir='ltr'><strong>cum</strong></span> <span class='ocrx_word' id='word_1_441' title='bbox 2453 2829 2705 2887; x_wconf 85' lang='lat' dir='ltr'><strong>eamdem</strong></span> <span class='ocrx_word' id='word_1_442' title='bbox 2737 2843 2959 2901; x_wconf 88' lang='lat' dir='ltr'><strong>quoque</strong></span> <span class='ocrx_word' id='word_1_443' title='bbox 2987 2827 3322 2884; x_wconf 88' lang='lat' dir='ltr'><strong>esurientem</strong></span> <span class='ocrx_word' id='word_1_444' title='bbox 3348 2824 3569 2892; x_wconf 78' lang='lat' dir='ltr'><strong>dixerit,</strong></span> 
     </span>
    </p>
   </div>
   <div class='ocr_carea' id='block_1_70' title="bbox 1989 2918 3573 2996">
    <p class='ocr_par' dir='ltr' id='par_1_70' title="bbox 1989 2918 3573 2996">
     <span class='ocr_line' id='line_1_71' title="bbox 1989 2918 3573 2996; baseline -0.007 -13"><span class='ocrx_word' id='word_1_445' title='bbox 1989 2925 2232 2983; x_wconf 86' lang='lat' dir='ltr'><strong>ostendit</strong></span> <span class='ocrx_word' id='word_1_446' title='bbox 2277 2924 2556 2996; x_wconf 85' lang='lat' dir='ltr'><strong>quemodo</strong></span> <span class='ocrx_word' id='word_1_447' title='bbox 2592 2931 2913 2995; x_wconf 87' lang='lat' dir='ltr'><strong>peccatores</strong></span> <span class='ocrx_word' id='word_1_448' title='bbox 2951 2921 3121 2993; x_wconf 88' lang='lat' dir='ltr'><strong>aliqui</strong></span> <span class='ocrx_word' id='word_1_449' title='bbox 3168 2920 3280 2976; x_wconf 88' lang='lat' dir='ltr'><strong>sint</strong></span> <span class='ocrx_word' id='word_1_450' title='bbox 3317 2918 3573 2974; x_wconf 80' lang='lat' dir='ltr'><strong>famelici.</strong></span> 
     </span>
    </p>
   </div>
   <div class='ocr_carea' id='block_1_71' title="bbox 1989 3012 2949 3086">
    <p class='ocr_par' dir='ltr' id='par_1_71' title="bbox 1989 3012 2949 3086">
     <span class='ocr_line' id='line_1_72' title="bbox 1989 3012 2949 3086; baseline -0.005 -16"><span class='ocrx_word' id='word_1_451' title='bbox 1989 3013 2214 3071; x_wconf 83' lang='lat' dir='ltr'><strong>lnanem</strong></span> <span class='ocrx_word' id='word_1_452' title='bbox 2243 3015 2391 3071; x_wconf 87' lang='lat' dir='ltr'><strong>enim</strong></span> <span class='ocrx_word' id='word_1_453' title='bbox 2422 3029 2521 3086; x_wconf 90' lang='lat' dir='ltr'><strong>pro</strong></span> <span class='ocrx_word' id='word_1_454' title='bbox 2547 3029 2690 3070; x_wconf 87' lang='lat' dir='ltr'><strong>vano</strong></span> <span class='ocrx_word' id='word_1_455' title='bbox 2716 3012 2949 3083; x_wconf 92' lang='lat' dir='ltr'><strong>accepit.</strong></span> 
     </span>
    </p>
   </div>
   <div class='ocr_carea' id='block_1_72' title="bbox 2062 3103 3449 3178">
    <p class='ocr_par' dir='ltr' id='par_1_72' title="bbox 2062 3103 3449 3178">
     <span class='ocr_line' id='line_1_73' title="bbox 2062 3103 3449 3178; baseline -0.006 -14"><span class='ocrx_word' id='word_1_456' title='bbox 2062 3109 2225 3164; x_wconf 82' lang='lat' dir='ltr'><strong>Vens.</strong></span> <span class='ocrx_word' id='word_1_457' title='bbox 2266 3109 2354 3163; x_wconf 86' lang='grc'><strong>17.</strong></span> <span class='ocrx_word' id='word_1_458' title='bbox 2394 3126 2414 3159; x_wconf 72' lang='grc' dir='ltr'><strong>ι</strong></span> <span class='ocrx_word' id='word_1_459' title='bbox 2446 3106 2703 3178; x_wconf 88' lang='lat' dir='ltr'><strong>Suscepit</strong></span> <span class='ocrx_word' id='word_1_460' title='bbox 2730 3120 2828 3162; x_wconf 90' lang='lat' dir='ltr'><strong>eos</strong></span> <span class='ocrx_word' id='word_1_461' title='bbox 2855 3105 2923 3161; x_wconf 85' lang='lat' dir='ltr'><strong>de</strong></span> <span class='ocrx_word' id='word_1_462' title='bbox 2952 3104 3041 3161; x_wconf 89' lang='lat' dir='ltr'><strong>via</strong></span> <span class='ocrx_word' id='word_1_463' title='bbox 3073 3103 3395 3174; x_wconf 88' lang='lat' dir='ltr'><strong>iniquitatis.</strong></span> <span class='ocrx_word' id='word_1_464' title='bbox 3429 3122 3449 3155; x_wconf 72' lang='grc' dir='ltr'><strong>ι</strong></span> 
     </span>
    </p>
   </div>
   <div class='ocr_carea' id='block_1_73' title="bbox 2065 3197 3575 3272">
    <p class='ocr_par' dir='ltr' id='par_1_73' title="bbox 2065 3197 3575 3272">
     <span class='ocr_line' id='line_1_74' title="bbox 2065 3197 3575 3272; baseline -0.007 -15"><span class='ocrx_word' id='word_1_465' title='bbox 2065 3201 2225 3257; x_wconf 72' lang='lat' dir='ltr'><strong>Viam</strong></span> <span class='ocrx_word' id='word_1_466' title='bbox 2279 3199 2588 3272; x_wconf 87' lang='lat' dir='ltr'><strong>iniquitatis</strong></span> <span class='ocrx_word' id='word_1_467' title='bbox 2652 3197 2966 3254; x_wconf 87' lang='lat' dir='ltr'><strong>necessario</strong></span> <span class='ocrx_word' id='word_1_468' title='bbox 3022 3197 3258 3268; x_wconf 89' lang='lat' dir='ltr'><strong>appellat</strong></span> <span class='ocrx_word' id='word_1_469' title='bbox 3321 3201 3575 3250; x_wconf 88' lang='lat' dir='ltr'><strong>mortem.</strong></span> 
     </span>
    </p>
   </div>
   <div class='ocr_carea' id='block_1_74' title="bbox 1995 3285 3577 3362">
    <p class='ocr_par' dir='ltr' id='par_1_74' title="bbox 1995 3285 3577 3362">
     <span class='ocr_line' id='line_1_75' title="bbox 1995 3285 3577 3362; baseline -0.009 -10"><span class='ocrx_word' id='word_1_470' title='bbox 1995 3295 2173 3353; x_wconf 87' lang='lat' dir='ltr'><strong>Causa</strong></span> <span class='ocrx_word' id='word_1_471' title='bbox 2207 3295 2354 3351; x_wconf 90' lang='lat' dir='ltr'><strong>enim</strong></span> <span class='ocrx_word' id='word_1_472' title='bbox 2392 3292 2587 3349; x_wconf 90' lang='lat' dir='ltr'><strong>mortis</strong></span> <span class='ocrx_word' id='word_1_473' title='bbox 2627 3290 2731 3347; x_wconf 80' lang='lat' dir='ltr'><strong>fuit</strong></span> <span class='ocrx_word' id='word_1_474' title='bbox 2769 3288 3148 3362; x_wconf 70' lang='lat' dir='ltr'><strong>praevaricatio</strong></span> <span class='ocrx_word' id='word_1_475' title='bbox 3180 3289 3313 3360; x_wconf 86' lang='lat' dir='ltr'><strong>legis</strong></span> <span class='ocrx_word' id='word_1_476' title='bbox 3346 3287 3488 3342; x_wconf 82' lang='lat' dir='ltr'><strong>data:</strong></span> <span class='ocrx_word' id='word_1_477' title='bbox 3523 3285 3577 3339; x_wconf 92' lang='lat' dir='ltr'><strong>in</strong></span> 
     </span>
    </p>
   </div>
   <div class='ocr_carea' id='block_1_75' title="bbox 1996 3382 3583 3460">
    <p class='ocr_par' dir='ltr' id='par_1_75' title="bbox 1996 3382 3583 3460">
     <span class='ocr_line' id='line_1_76' title="bbox 1996 3382 3583 3460; baseline -0.006 -17"><span class='ocrx_word' id='word_1_478' title='bbox 1996 3387 2272 3460; x_wconf 86' lang='lat' dir='ltr'><strong>paradiso.</strong></span> <span class='ocrx_word' id='word_1_479' title='bbox 2293 3386 2683 3442; x_wconf 81' lang='lat' dir='ltr'><strong>Verumtamen</strong></span> <span class='ocrx_word' id='word_1_480' title='bbox 2704 3383 2961 3439; x_wconf 79' lang='lat' dir='ltr'><strong>Christus</strong></span> <span class='ocrx_word' id='word_1_481' title='bbox 2980 3396 3084 3437; x_wconf 90' lang='lat' dir='ltr'><strong>nos</strong></span> <span class='ocrx_word' id='word_1_482' title='bbox 3106 3382 3174 3438; x_wconf 89' lang='lat' dir='ltr'><strong>de</strong></span> <span class='ocrx_word' id='word_1_483' title='bbox 3198 3387 3373 3435; x_wconf 87' lang='lat' dir='ltr'><strong>morte</strong></span> <span class='ocrx_word' id='word_1_484' title='bbox 3398 3392 3583 3434; x_wconf 90' lang='lat' dir='ltr'><strong>susce-</strong></span> 
     </span>
    </p>
   </div>
   <div class='ocr_carea' id='block_1_76' title="bbox 1995 3473 3583 3553">
    <p class='ocr_par' dir='ltr' id='par_1_76' title="bbox 1995 3473 3583 3553">
     <span class='ocr_line' id='line_1_77' title="bbox 1995 3473 3583 3553; baseline -0.006 -17"><span class='ocrx_word' id='word_1_485' title='bbox 1995 3482 2097 3553; x_wconf 87' lang='lat' dir='ltr'><strong>pit,</strong></span> <span class='ocrx_word' id='word_1_486' title='bbox 2135 3481 2310 3537; x_wconf 78' lang='lat' dir='ltr'><strong>factus</strong></span> <span class='ocrx_word' id='word_1_487' title='bbox 2338 3479 2446 3534; x_wconf 89' lang='lat' dir='ltr'><strong>vita</strong></span> <span class='ocrx_word' id='word_1_488' title='bbox 2481 3478 2537 3532; x_wconf 91' lang='lat' dir='ltr'><strong>in</strong></span> <span class='ocrx_word' id='word_1_489' title='bbox 2568 3477 2752 3532; x_wconf 84' lang='lat' dir='ltr'><strong>medio</strong></span> <span class='ocrx_word' id='word_1_490' title='bbox 2788 3485 3155 3543; x_wconf 85' lang='lat' dir='ltr'><strong>mortuorum,</strong></span> <span class='ocrx_word' id='word_1_491' title='bbox 3185 3481 3246 3529; x_wconf 91' lang='lat' dir='ltr'><strong>ut</strong></span> <span class='ocrx_word' id='word_1_492' title='bbox 3271 3473 3466 3529; x_wconf 86' lang='lat' dir='ltr'><strong>mortis</strong></span> <span class='ocrx_word' id='word_1_493' title='bbox 3501 3479 3583 3544; x_wconf 83' lang='lat' dir='ltr'><strong>ty-</strong></span> 
     </span>
    </p>
   </div>
   <div class='ocr_carea' id='block_1_77' title="bbox 1999 3570 2661 3628">
    <p class='ocr_par' dir='ltr' id='par_1_77' title="bbox 1999 3570 2661 3628">
     <span class='ocr_line' id='line_1_78' title="bbox 1999 3570 2661 3628; baseline -0.008 0"><span class='ocrx_word' id='word_1_494' title='bbox 1999 3572 2286 3628; x_wconf 89' lang='lat' dir='ltr'><strong>rannidem</strong></span> <span class='ocrx_word' id='word_1_495' title='bbox 2319 3570 2661 3626; x_wconf 81' lang='lat' dir='ltr'><strong>dissolveret.</strong></span> 
     </span>
    </p>
   </div>
   <div class='ocr_carea' id='block_1_78' title="bbox 2071 3741 3587 3810">
    <p class='ocr_par' dir='ltr' id='par_1_78' title="bbox 2071 3741 3587 3810">
     <span class='ocr_line' id='line_1_79' title="bbox 2071 3741 3587 3810; baseline -0.01 0"><span class='ocrx_word' id='word_1_496' title='bbox 2071 3754 2237 3810; x_wconf 72' lang='lat' dir='ltr'><strong>Vens.</strong></span> <span class='ocrx_word' id='word_1_497' title='bbox 2306 3752 2390 3808; x_wconf 88' lang='grc'><strong>18.</strong></span> <span class='ocrx_word' id='word_1_498' title='bbox 2474 3770 2493 3802; x_wconf 78' lang='grc' dir='ltr'><strong>ι</strong></span> <span class='ocrx_word' id='word_1_499' title='bbox 2555 3747 2787 3803; x_wconf 89' lang='lat' dir='ltr'><strong>Omnem</strong></span> <span class='ocrx_word' id='word_1_500' title='bbox 2862 3759 3046 3802; x_wconf 88' lang='lat' dir='ltr'><strong>escam</strong></span> <span class='ocrx_word' id='word_1_501' title='bbox 3114 3741 3426 3799; x_wconf 89' lang='lat' dir='ltr'><strong>abominata</strong></span> <span class='ocrx_word' id='word_1_502' title='bbox 3499 3749 3587 3796; x_wconf 89' lang='lat' dir='ltr'><strong>est</strong></span> 
     </span>
    </p>
   </div>
   <div class='ocr_carea' id='block_1_79' title="bbox 2001 3860 2259 3902">
    <p class='ocr_par' dir='ltr' id='par_1_79' title="bbox 2001 3860 2259 3902">
     <span class='ocr_line' id='line_1_80' title="bbox 2001 3860 2259 3902; baseline -0.023 0"><span class='ocrx_word' id='word_1_503' title='bbox 2001 3860 2203 3902; x_wconf 77' lang='lat' dir='ltr'><strong>anima.</strong></span> <span class='ocrx_word' id='word_1_504' title='bbox 2240 3863 2259 3896; x_wconf 71' lang='grc' dir='ltr'><strong>ι</strong></span> 
     </span>
    </p>
   </div>
   <div class='ocr_carea' id='block_1_80' title="bbox 2076 3923 3583 3999">
    <p class='ocr_par' dir='ltr' id='par_1_80' title="bbox 2076 3923 3583 3999">
     <span class='ocr_line' id='line_1_81' title="bbox 2076 3923 3583 3999; baseline -0.009 -8"><span class='ocrx_word' id='word_1_505' title='bbox 2076 3936 2271 3993; x_wconf 86' lang='lat' dir='ltr'><strong>Escam</strong></span> <span class='ocrx_word' id='word_1_506' title='bbox 2308 3935 2412 3989; x_wconf 87' lang='lat' dir='ltr'><strong>hoc</strong></span> <span class='ocrx_word' id='word_1_507' title='bbox 2447 3934 2571 3986; x_wconf 88' lang='lat' dir='ltr'><strong>loco</strong></span> <span class='ocrx_word' id='word_1_508' title='bbox 2611 3927 2965 3999; x_wconf 84' lang='lat' dir='ltr'><strong>intelligimus</strong></span> <span class='ocrx_word' id='word_1_509' title='bbox 3002 3927 3184 3981; x_wconf 86' lang='lat' dir='ltr'><strong>cibum</strong></span> <span class='ocrx_word' id='word_1_510' title='bbox 3230 3923 3583 3989; x_wconf 88' lang='lat' dir='ltr'><strong>rationalem;</strong></span> 
     </span>
    </p>
   </div>
   <div class='ocr_carea' id='block_1_81' title="bbox 2004 4016 3587 4101">
    <p class='ocr_par' dir='ltr' id='par_1_81' title="bbox 2004 4016 3587 4101">
     <span class='ocr_line' id='line_1_82' title="bbox 2004 4016 3587 4101; baseline -0.015 -13"><span class='ocrx_word' id='word_1_511' title='bbox 2004 4033 2072 4088; x_wconf 88' lang='lat' dir='ltr'><strong>de</strong></span> <span class='ocrx_word' id='word_1_512' title='bbox 2116 4044 2223 4101; x_wconf 89' lang='lat' dir='ltr'><strong>qua</strong></span> <span class='ocrx_word' id='word_1_513' title='bbox 2266 4024 2532 4082; x_wconf 85' lang='lat' dir='ltr'><strong>Dominus</strong></span> <span class='ocrx_word' id='word_1_514' title='bbox 2586 4021 2846 4092; x_wconf 87' lang='lat' dir='ltr'><strong>apostolis</strong></span> <span class='ocrx_word' id='word_1_515' title='bbox 2892 4017 3029 4074; x_wconf 78' lang='lat' dir='ltr'><strong>dixit</strong></span> <span class='ocrx_word' id='word_1_516' title='bbox 3072 4037 3085 4073; x_wconf 88' lang='lat'><strong>:</strong></span> <span class='ocrx_word' id='word_1_517' title='bbox 3123 4016 3431 4087; x_wconf 83' lang='lat' dir='ltr'><strong>Operamini</strong></span> <span class='ocrx_word' id='word_1_518' title='bbox 3485 4030 3587 4067; x_wconf 83' lang='lat' dir='ltr'><strong>non</strong></span> 
     </span>
    </p>
   </div>
   <div class='ocr_carea' id='block_1_82' title="bbox 2005 4109 3590 4191">
    <p class='ocr_par' dir='ltr' id='par_1_82' title="bbox 2005 4109 3590 4191">
     <span class='ocr_line' id='line_1_83' title="bbox 2005 4109 3590 4191; baseline -0.012 -13"><span class='ocrx_word' id='word_1_519' title='bbox 2005 4123 2177 4178; x_wconf 86' lang='lat' dir='ltr'><strong>cibum</strong></span> <span class='ocrx_word' id='word_1_520' title='bbox 2222 4119 2312 4191; x_wconf 80' lang='lat' dir='ltr'><strong>qui</strong></span> <span class='ocrx_word' id='word_1_521' title='bbox 2354 4116 2522 4188; x_wconf 80' lang='lat' dir='ltr'><strong>perit,</strong></span> <span class='ocrx_word' id='word_1_522' title='bbox 2570 4113 2789 4184; x_wconf 67' lang='lat' dir='ltr'><strong>sed&#39;qui</strong></span> <span class='ocrx_word' id='word_1_523' title='bbox 2835 4120 3107 4181; x_wconf 78' lang='lat' dir='ltr'><strong>permanet</strong></span> <span class='ocrx_word' id='word_1_524' title='bbox 3152 4109 3204 4163; x_wconf 84' lang='lat' dir='ltr'><strong>in</strong></span> <span class='ocrx_word' id='word_1_525' title='bbox 3234 4109 3399 4165; x_wconf 82' lang='lat' dir='ltr'><strong>vitam</strong></span> <span class='ocrx_word' id='word_1_526' title='bbox 3429 4117 3590 4161; x_wconf 76' lang='lat' dir='ltr'><strong>wter-</strong></span> 
     </span>
    </p>
   </div>
   <div class='ocr_carea' id='block_1_83' title="bbox 2008 4197 3591 4276">
    <p class='ocr_par' dir='ltr' id='par_1_83' title="bbox 2008 4197 3591 4276">
     <span class='ocr_line' id='line_1_84' title="bbox 2008 4197 3591 4276; baseline -0.013 -6"><span class='ocrx_word' id='word_1_527' title='bbox 2008 4229 2134 4270; x_wconf 85' lang='lat' dir='ltr'><strong>nam</strong></span> <span class='ocrx_word' id='word_1_528' title='bbox 2164 4213 2236 4267; x_wconf 73' lang='lat'><strong>7’.</strong></span> <span class='ocrx_word' id='word_1_529' title='bbox 2272 4212 2504 4267; x_wconf 82' lang='lat' dir='ltr'><strong>Omnem</strong></span> <span class='ocrx_word' id='word_1_530' title='bbox 2545 4206 2712 4276; x_wconf 83' lang='lat' dir='ltr'><strong>hujus</strong></span> <span class='ocrx_word' id='word_1_531' title='bbox 2752 4207 2990 4275; x_wconf 88' lang='lat' dir='ltr'><strong>speciem</strong></span> <span class='ocrx_word' id='word_1_532' title='bbox 3027 4203 3193 4257; x_wconf 88' lang='lat' dir='ltr'><strong>homo</strong></span> <span class='ocrx_word' id='word_1_533' title='bbox 3231 4197 3591 4255; x_wconf 77' lang='lat' dir='ltr'><strong>aboniinaba-</strong></span> 
     </span>
    </p>
   </div>
   <div class='ocr_carea' id='block_1_84' title="bbox 2008 4290 3588 4372">
    <p class='ocr_par' dir='ltr' id='par_1_84' title="bbox 2008 4290 3588 4372">
     <span class='ocr_line' id='line_1_85' title="bbox 2008 4290 3588 4372; baseline -0.012 -10"><span class='ocrx_word' id='word_1_534' title='bbox 2008 4317 2121 4362; x_wconf 89' lang='lat' dir='ltr'><strong>tur.</strong></span> <span class='ocrx_word' id='word_1_535' title='bbox 2160 4305 2295 4361; x_wconf 86' lang='lat' dir='ltr'><strong>Nam</strong></span> <span class='ocrx_word' id='word_1_536' title='bbox 2338 4317 2515 4372; x_wconf 87' lang='lat' dir='ltr'><strong>neque</strong></span> <span class='ocrx_word' id='word_1_537' title='bbox 2553 4299 2727 4371; x_wconf 87' lang='lat' dir='ltr'><strong>legem</strong></span> <span class='ocrx_word' id='word_1_538' title='bbox 2766 4295 3072 4351; x_wconf 88' lang='lat' dir='ltr'><strong>naturalem</strong></span> <span class='ocrx_word' id='word_1_539' title='bbox 3114 4309 3291 4364; x_wconf 88' lang='lat' dir='ltr'><strong>neque</strong></span> <span class='ocrx_word' id='word_1_540' title='bbox 3329 4290 3588 4361; x_wconf 87' lang='lat' dir='ltr'><strong>scriptam</strong></span> 
     </span>
    </p>
   </div>
   <div class='ocr_carea' id='block_1_85' title="bbox 2009 4387 3592 4461">
    <p class='ocr_par' dir='ltr' id='par_1_85' title="bbox 2009 4387 3592 4461">
     <span class='ocr_line' id='line_1_86' title="bbox 2009 4387 3592 4461; baseline -0.011 -5"><span class='ocrx_word' id='word_1_541' title='bbox 2009 4398 2458 4459; x_wconf 88' lang='lat' dir='ltr'><strong>observaverant,</strong></span> <span class='ocrx_word' id='word_1_542' title='bbox 2489 4402 2546 4449; x_wconf 89' lang='lat' dir='ltr'><strong>et</strong></span> <span class='ocrx_word' id='word_1_543' title='bbox 2573 4390 2780 4447; x_wconf 90' lang='lat' dir='ltr'><strong>idcirco</strong></span> <span class='ocrx_word' id='word_1_544' title='bbox 2817 4387 3391 4461; x_wconf 87' lang='lat' dir='ltr'><strong>appropinquaverant</strong></span> <span class='ocrx_word' id='word_1_545' title='bbox 3421 4397 3592 4455; x_wconf 83' lang='lat' dir='ltr'><strong>usque</strong></span> 
     </span>
    </p>
   </div>
   <div class='ocr_carea' id='block_1_86' title="bbox 2011 4481 3591 4563">
    <p class='ocr_par' dir='ltr' id='par_1_86' title="bbox 2011 4481 3591 4563">
     <span class='ocr_line' id='line_1_87' title="bbox 2011 4481 3591 4563; baseline -0.01 -16"><span class='ocrx_word' id='word_1_546' title='bbox 2011 4491 2077 4548; x_wconf 89' lang='lat' dir='ltr'><strong>ad</strong></span> <span class='ocrx_word' id='word_1_547' title='bbox 2108 4498 2295 4563; x_wconf 89' lang='lat' dir='ltr'><strong>portas</strong></span> <span class='ocrx_word' id='word_1_548' title='bbox 2324 4485 2537 4542; x_wconf 88' lang='lat' dir='ltr'><strong>mortis.</strong></span> <span class='ocrx_word' id='word_1_549' title='bbox 2572 4485 2747 4541; x_wconf 72' lang='lat' dir='ltr'><strong>Porta:</strong></span> <span class='ocrx_word' id='word_1_550' title='bbox 2777 4491 2962 4539; x_wconf 89' lang='lat' dir='ltr'><strong>autem</strong></span> <span class='ocrx_word' id='word_1_551' title='bbox 2994 4481 3187 4537; x_wconf 84' lang='lat' dir='ltr'><strong>mortis</strong></span> <span class='ocrx_word' id='word_1_552' title='bbox 3213 4487 3342 4535; x_wconf 90' lang='lat' dir='ltr'><strong>sunt</strong></span> <span class='ocrx_word' id='word_1_553' title='bbox 3370 4486 3591 4549; x_wconf 86' lang='lat' dir='ltr'><strong>peccata</strong></span> 
     </span>
    </p>
   </div>
   <div class='ocr_carea' id='block_1_87' title="bbox 311 4567 1899 4657">
    <p class='ocr_par' dir='ltr' id='par_1_87' title="bbox 311 4573 1899 4656">
     <span class='ocr_line' id='line_1_88' title="bbox 311 4573 1899 4656; baseline 0.004 -23"><span class='ocrx_word' id='word_1_554' title='bbox 311 4581 542 4651; x_wconf 87' lang='grc' dir='ltr'><strong>τήματα</strong></span> <span class='ocrx_word' id='word_1_555' title='bbox 561 4573 643 4646; x_wconf 74' lang='grc' dir='ltr'><strong>οἷς</strong></span> <span class='ocrx_word' id='word_1_556' title='bbox 664 4579 783 4634; x_wconf 84' lang='grc' dir='ltr'><strong>δέον</strong></span> <span class='ocrx_word' id='word_1_557' title='bbox 805 4581 1002 4645; x_wconf 77' lang='grc' dir='ltr'><strong>αὐτοὺς</strong></span> <span class='ocrx_word' id='word_1_558' title='bbox 1026 4581 1422 4652; x_wconf 87' lang='grc' dir='ltr'><strong>μακρύνεσθαι.</strong></span> <span class='ocrx_word' id='word_1_559' title='bbox 1445 4581 1612 4636; x_wconf 88' lang='grc' dir='ltr'><strong>Ὅσον</strong></span> <span class='ocrx_word' id='word_1_560' title='bbox 1641 4583 1751 4656; x_wconf 86' lang='grc' dir='ltr'><strong>γὰρ</strong></span> <span class='ocrx_word' id='word_1_561' title='bbox 1771 4584 1899 4639; x_wconf 87' lang='grc' dir='ltr'><strong>ταύ-</strong></span> 
     </span>
    </p>
   </div>
   <div class='ocr_carea' id='block_1_88' title="bbox 2022 4567 3592 4657">
    <p class='ocr_par' dir='ltr' id='par_1_88' title="bbox 2022 4567 3592 4653">
     <span class='ocr_line' id='line_1_89' title="bbox 2022 4567 3592 4653; baseline -0.012 -14"><span class='ocrx_word' id='word_1_562' title='bbox 2022 4600 2045 4639; x_wconf 69' lang='lat' dir='ltr'><strong>a</strong></span> <span class='ocrx_word' id='word_1_563' title='bbox 2083 4581 2283 4653; x_wconf 88' lang='lat' dir='ltr'><strong>quibus</strong></span> <span class='ocrx_word' id='word_1_564' title='bbox 2325 4582 2645 4649; x_wconf 85' lang='lat' dir='ltr'><strong>Oportucrat</strong></span> <span class='ocrx_word' id='word_1_565' title='bbox 2691 4588 2786 4630; x_wconf 89' lang='lat' dir='ltr'><strong>eos</strong></span> <span class='ocrx_word' id='word_1_566' title='bbox 2823 4572 3087 4644; x_wconf 90' lang='lat' dir='ltr'><strong>elongari.</strong></span> <span class='ocrx_word' id='word_1_567' title='bbox 3123 4570 3399 4637; x_wconf 85' lang='lat' dir='ltr'><strong>Quantum</strong></span> <span class='ocrx_word' id='word_1_568' title='bbox 3445 4567 3592 4623; x_wconf 89' lang='lat' dir='ltr'><strong>enim</strong></span> 
     </span>
    </p>
   </div>
   <div class='ocr_carea' id='block_1_89' title="bbox 315 4669 1908 4747">
    <p class='ocr_par' dir='ltr' id='par_1_89' title="bbox 315 4669 1908 4747">
     <span class='ocr_line' id='line_1_90' title="bbox 315 4669 1908 4747; baseline 0.003 -24"><span class='ocrx_word' id='word_1_569' title='bbox 315 4687 443 4734; x_wconf 84' lang='grc' dir='ltr'><strong>ταις</strong></span> <span class='ocrx_word' id='word_1_570' title='bbox 473 4670 728 4742; x_wconf 77' lang='grc' dir='ltr'><strong>ἤγγισαν,</strong></span> <span class='ocrx_word' id='word_1_571' title='bbox 761 4669 1017 4724; x_wconf 83' lang='grc' dir='ltr'><strong>τοσοῦτον</strong></span> <span class='ocrx_word' id='word_1_572' title='bbox 1064 4671 1254 4741; x_wconf 71' lang='grc' dir='ltr'><strong>πόρρω</strong></span> <span class='ocrx_word' id='word_1_573' title='bbox 1286 4669 1396 4724; x_wconf 87' lang='grc' dir='ltr'><strong>τῶν</strong></span> <span class='ocrx_word' id='word_1_574' title='bbox 1428 4671 1610 4726; x_wconf 86' lang='grc' dir='ltr'><strong>πυλῶν</strong></span> <span class='ocrx_word' id='word_1_575' title='bbox 1635 4674 1733 4743; x_wconf 81' lang='grc' dir='ltr'><strong>τῆς</strong></span> <span class='ocrx_word' id='word_1_576' title='bbox 1761 4673 1908 4747; x_wconf 79' lang='grc' dir='ltr'><strong>ζωῆς</strong></span> 
     </span>
    </p>
   </div>
   <div class='ocr_carea' id='block_1_90' title="bbox 315 4760 1909 4833">
    <p class='ocr_par' dir='ltr' id='par_1_90' title="bbox 315 4760 1909 4833">
     <span class='ocr_line' id='line_1_91' title="bbox 315 4760 1909 4833; baseline 0.003 -17"><span class='ocrx_word' id='word_1_577' title='bbox 315 4761 637 4830; x_wconf 82' lang='grc' dir='ltr'><strong>ἀναγκαίως</strong></span> <span class='ocrx_word' id='word_1_578' title='bbox 683 4760 957 4830; x_wconf 75' lang='grc' dir='ltr'><strong>ἐγένοντο.</strong></span> <span class='ocrx_word' id='word_1_579' title='bbox 993 4760 1131 4815; x_wconf 79' lang='grc' dir='ltr'><strong>Ἀλλ’</strong></span> <span class='ocrx_word' id='word_1_580' title='bbox 1182 4762 1211 4814; x_wconf 92' lang='grc' dir='ltr'><strong>ό</strong></span> <span class='ocrx_word' id='word_1_581' title='bbox 1258 4761 1499 4833; x_wconf 80' lang='grc' dir='ltr'><strong>Χριστὸς</strong></span> <span class='ocrx_word' id='word_1_582' title='bbox 1557 4763 1754 4829; x_wconf 83' lang='grc' dir='ltr'><strong>αὐτοὺς</strong></span> <span class='ocrx_word' id='word_1_583' title='bbox 1813 4768 1909 4820; x_wconf 74' lang='grc' dir='ltr'><strong>καὶ</strong></span> 
     </span>
    </p>
   </div>
   <div class='ocr_carea' id='block_1_91' title="bbox 322 4851 1906 4925">
    <p class='ocr_par' dir='ltr' id='par_1_91' title="bbox 322 4851 1906 4925">
     <span class='ocr_line' id='line_1_92' title="bbox 322 4851 1906 4925; baseline 0.003 -18"><span class='ocrx_word' id='word_1_584' title='bbox 322 4854 546 4925; x_wconf 82' lang='grc' dir='ltr'><strong>μακρὰν</strong></span> <span class='ocrx_word' id='word_1_585' title='bbox 589 4851 751 4918; x_wconf 68' lang='grc' dir='ltr'><strong>ὄντας</strong></span> <span class='ocrx_word' id='word_1_586' title='bbox 811 4853 983 4923; x_wconf 77' lang='grc' dir='ltr'><strong>ἐγγὺς</strong></span> <span class='ocrx_word' id='word_1_587' title='bbox 1023 4852 1113 4909; x_wconf 87' lang='grc' dir='ltr'><strong>διὰ</strong></span> <span class='ocrx_word' id='word_1_588' title='bbox 1149 4851 1243 4907; x_wconf 86' lang='grc' dir='ltr'><strong>τοῦ</strong></span> <span class='ocrx_word' id='word_1_589' title='bbox 1289 4852 1523 4923; x_wconf 82' lang='grc' dir='ltr'><strong>αἵματος</strong></span> <span class='ocrx_word' id='word_1_590' title='bbox 1561 4855 1658 4909; x_wconf 81' lang='grc' dir='ltr'><strong>τοῦ</strong></span> <span class='ocrx_word' id='word_1_591' title='bbox 1700 4856 1906 4911; x_wconf 78' lang='grc' dir='ltr'><strong>οἰκείου</strong></span> 
     </span>
    </p>
   </div>
   <div class='ocr_carea' id='block_1_92' title="bbox 321 4943 645 5015">
    <p class='ocr_par' dir='ltr' id='par_1_92' title="bbox 321 4943 645 5015">
     <span class='ocr_line' id='line_1_93' title="bbox 321 4943 645 5015; baseline 0.006 -16"><span class='ocrx_word' id='word_1_592' title='bbox 321 4943 645 5015; x_wconf 85' lang='grc' dir='ltr'><strong>πεποίηκεν.</strong></span> 
     </span>
    </p>
   </div>
   <div class='ocr_carea' id='block_1_93' title="bbox 403 5031 1391 5108">
    <p class='ocr_par' dir='ltr' id='par_1_93' title="bbox 403 5031 1391 5108">
     <span class='ocr_line' id='line_1_94' title="bbox 403 5031 1391 5108; baseline 0 -19"><span class='ocrx_word' id='word_1_593' title='bbox 403 5056 423 5089; x_wconf 78' lang='grc' dir='ltr'><strong>ι</strong></span> <span class='ocrx_word' id='word_1_594' title='bbox 458 5036 571 5090; x_wconf 80' lang='grc' dir='ltr'><strong>Καὶ</strong></span> <span class='ocrx_word' id='word_1_595' title='bbox 600 5033 910 5106; x_wconf 81' lang='grc' dir='ltr'><strong>ὲκέκραξαν</strong></span> <span class='ocrx_word' id='word_1_596' title='bbox 934 5031 1074 5108; x_wconf 81' lang='grc' dir='ltr'><strong>πρὸς</strong></span> <span class='ocrx_word' id='word_1_597' title='bbox 1106 5034 1334 5108; x_wconf 78' lang='grc' dir='ltr'><strong>Κύριον.</strong></span> <span class='ocrx_word' id='word_1_598' title='bbox 1372 5056 1391 5089; x_wconf 74' lang='grc' dir='ltr'><strong>ι</strong></span> 
     </span>
    </p>
   </div>
   <div class='ocr_carea' id='block_1_94' title="bbox 396 5123 1906 5200">
    <p class='ocr_par' dir='ltr' id='par_1_94' title="bbox 396 5123 1906 5200">
     <span class='ocr_line' id='line_1_95' title="bbox 396 5123 1906 5200; baseline 0 -19"><span class='ocrx_word' id='word_1_599' title='bbox 396 5125 663 5199; x_wconf 83' lang='grc' dir='ltr'><strong>Κραυγὴν</strong></span> <span class='ocrx_word' id='word_1_600' title='bbox 697 5126 728 5179; x_wconf 88' lang='grc' dir='ltr'><strong>ό</strong></span> <span class='ocrx_word' id='word_1_601' title='bbox 774 5123 910 5191; x_wconf 79' lang='grc' dir='ltr'><strong>Θεὸς</strong></span> <span class='ocrx_word' id='word_1_602' title='bbox 959 5125 1021 5180; x_wconf 84' lang='grc' dir='ltr'><strong>ού</strong></span> <span class='ocrx_word' id='word_1_603' title='bbox 1065 5125 1163 5198; x_wconf 83' lang='grc' dir='ltr'><strong>τὴν</strong></span> <span class='ocrx_word' id='word_1_604' title='bbox 1206 5125 1295 5180; x_wconf 85' lang='grc' dir='ltr'><strong>διὰ</strong></span> <span class='ocrx_word' id='word_1_605' title='bbox 1350 5126 1536 5196; x_wconf 82' lang='grc' dir='ltr'><strong>φωνῆς</strong></span> <span class='ocrx_word' id='word_1_606' title='bbox 1583 5129 1906 5200; x_wconf 80' lang='grc' dir='ltr'><strong>γενομένην,</strong></span> 
     </span>
    </p>
   </div>
   <div class='ocr_carea' id='block_1_95' title="bbox 322 5216 1912 5289">
    <p class='ocr_par' dir='ltr' id='par_1_95' title="bbox 322 5216 1912 5289">
     <span class='ocr_line' id='line_1_96' title="bbox 322 5216 1912 5289; baseline 0.001 -15"><span class='ocrx_word' id='word_1_607' title='bbox 322 5218 465 5274; x_wconf 84' lang='grc' dir='ltr'><strong>ἀλλά</strong></span> <span class='ocrx_word' id='word_1_608' title='bbox 520 5217 620 5289; x_wconf 80' lang='grc' dir='ltr'><strong>τὴν</strong></span> <span class='ocrx_word' id='word_1_609' title='bbox 669 5216 910 5271; x_wconf 84' lang='grc' dir='ltr'><strong>διάθεσιν</strong></span> <span class='ocrx_word' id='word_1_610' title='bbox 959 5216 1063 5288; x_wconf 82' lang='grc' dir='ltr'><strong>τῆς</strong></span> <span class='ocrx_word' id='word_1_611' title='bbox 1110 5216 1349 5282; x_wconf 83' lang='grc' dir='ltr'><strong>διανοίας</strong></span> <span class='ocrx_word' id='word_1_612' title='bbox 1413 5217 1687 5287; x_wconf 82' lang='grc' dir='ltr'><strong>λογίζεται</strong></span> <span class='ocrx_word' id='word_1_613' title='bbox 1711 5234 1725 5250; x_wconf 90' lang='grc'><strong>·</strong></span> <span class='ocrx_word' id='word_1_614' title='bbox 1787 5221 1912 5275; x_wconf 73' lang='grc' dir='ltr'><strong>ἐπεὶ</strong></span> 
     </span>
    </p>
   </div>
   <div class='ocr_carea' id='block_1_96' title="bbox 325 5307 1910 5382">
    <p class='ocr_par' dir='ltr' id='par_1_96' title="bbox 325 5307 1910 5382">
     <span class='ocr_line' id='line_1_97' title="bbox 325 5307 1910 5382; baseline 0.003 -17"><span class='ocrx_word' id='word_1_615' title='bbox 325 5312 425 5365; x_wconf 75' lang='grc' dir='ltr'><strong>καὶ</strong></span> <span class='ocrx_word' id='word_1_616' title='bbox 474 5308 759 5374; x_wconf 82' lang='grc' dir='ltr'><strong>Μωῦσέως</strong></span> <span class='ocrx_word' id='word_1_617' title='bbox 804 5307 1121 5374; x_wconf 85' lang='grc' dir='ltr'><strong>σιωπῶντος</strong></span> <span class='ocrx_word' id='word_1_618' title='bbox 1183 5310 1371 5381; x_wconf 73' lang='grc' dir='ltr'><strong>ἔλεγε,</strong></span> <span class='ocrx_word' id='word_1_619' title='bbox 1433 5311 1496 5367; x_wconf 85' lang='grc' dir='ltr'><strong>Τί</strong></span> <span class='ocrx_word' id='word_1_620' title='bbox 1542 5308 1702 5380; x_wconf 81' lang='grc' dir='ltr'><strong>,ϐοᾷς</strong></span> <span class='ocrx_word' id='word_1_621' title='bbox 1758 5313 1910 5382; x_wconf 83' lang='grc' dir='ltr'><strong>πρός</strong></span> 
     </span>
    </p>
   </div>
   <div class='ocr_carea' id='block_1_97' title="bbox 322 5416 442 5474">
    <p class='ocr_par' dir='ltr' id='par_1_97' title="bbox 322 5416 442 5474">
     <span class='ocr_line' id='line_1_98' title="bbox 322 5416 442 5474; baseline 0.008 -19"><span class='ocrx_word' id='word_1_622' title='bbox 322 5418 403 5474; x_wconf 78' lang='grc' dir='ltr'><strong>με</strong></span> <span class='ocrx_word' id='word_1_623' title='bbox 419 5416 442 5466; x_wconf 86' lang='lat'><strong>,°</strong></span> 
     </span>
    </p>
   </div>
   <div class='ocr_carea' id='block_1_98' title="bbox 405 5482 1394 5561">
    <p class='ocr_par' dir='ltr' id='par_1_98' title="bbox 405 5482 1394 5561">
     <span class='ocr_line' id='line_1_99' title="bbox 405 5482 1394 5561; baseline -0.004 -12"><span class='ocrx_word' id='word_1_624' title='bbox 405 5511 431 5549; x_wconf 70' lang='grc' dir='ltr'><strong>ι</strong></span> <span class='ocrx_word' id='word_1_625' title='bbox 474 5491 792 5548; x_wconf 72' lang='grc' dir='ltr'><strong>Ἀπέστειλε</strong></span> <span class='ocrx_word' id='word_1_626' title='bbox 816 5490 911 5546; x_wconf 80' lang='grc' dir='ltr'><strong>τὸν</strong></span> <span class='ocrx_word' id='word_1_627' title='bbox 941 5482 1119 5561; x_wconf 80' lang='grc' dir='ltr'><strong>Λόγον</strong></span> <span class='ocrx_word' id='word_1_628' title='bbox 1141 5491 1332 5547; x_wconf 80' lang='grc' dir='ltr'><strong>αὐτοῦ.</strong></span> <span class='ocrx_word' id='word_1_629' title='bbox 1375 5511 1394 5545; x_wconf 73' lang='grc' dir='ltr'><strong>ι</strong></span> 
     </span>
    </p>
   </div>
   <div class='ocr_carea' id='block_1_99' title="bbox 400 5582 1918 5656">
    <p class='ocr_par' dir='ltr' id='par_1_99' title="bbox 400 5582 1918 5656">
     <span class='ocr_line' id='line_1_100' title="bbox 400 5582 1918 5656; baseline 0.001 -16"><span class='ocrx_word' id='word_1_630' title='bbox 400 5585 471 5640; x_wconf 89' lang='grc' dir='ltr'><strong>Τί</strong></span> <span class='ocrx_word' id='word_1_631' title='bbox 506 5584 702 5640; x_wconf 83' lang='grc' dir='ltr'><strong>τούτου</strong></span> <span class='ocrx_word' id='word_1_632' title='bbox 746 5582 1084 5656; x_wconf 86' lang='grc' dir='ltr'><strong>σαφέστερον</strong></span> <span class='ocrx_word' id='word_1_633' title='bbox 1116 5584 1253 5656; x_wconf 80' lang='grc' dir='ltr'><strong>πρὸς</strong></span> <span class='ocrx_word' id='word_1_634' title='bbox 1285 5583 1511 5649; x_wconf 73' lang='grc' dir='ltr'><strong>ἔνδειξιν</strong></span> <span class='ocrx_word' id='word_1_635' title='bbox 1542 5585 1640 5654; x_wconf 83' lang='grc' dir='ltr'><strong>τῆς</strong></span> <span class='ocrx_word' id='word_1_636' title='bbox 1678 5585 1774 5641; x_wconf 87' lang='grc' dir='ltr'><strong>τοῦ</strong></span> <span class='ocrx_word' id='word_1_637' title='bbox 1808 5588 1918 5641; x_wconf 83' lang='grc' dir='ltr'><strong>Σω-</strong></span> 
     </span>
    </p>
   </div>
   <div class='ocr_carea' id='block_1_100' title="bbox 330 5676 1915 5752">
    <p class='ocr_par' dir='ltr' id='par_1_100' title="bbox 330 5676 1915 5752">
     <span class='ocr_line' id='line_1_101' title="bbox 330 5676 1915 5752; baseline -0.004 -18"><span class='ocrx_word' id='word_1_638' title='bbox 330 5678 501 5752; x_wconf 83' lang='grc' dir='ltr'><strong>τῆρος</strong></span> <span class='ocrx_word' id='word_1_639' title='bbox 555 5676 926 5751; x_wconf 76' lang='grc' dir='ltr'><strong>σαρκώσεωςς</strong></span> <span class='ocrx_word' id='word_1_640' title='bbox 1001 5678 1375 5733; x_wconf 82' lang='grc' dir='ltr'><strong>ἀποσταλέντα</strong></span> <span class='ocrx_word' id='word_1_641' title='bbox 1426 5679 1535 5748; x_wconf 78' lang='grc' dir='ltr'><strong>γὰρ</strong></span> <span class='ocrx_word' id='word_1_642' title='bbox 1593 5678 1768 5749; x_wconf 77' lang='grc' dir='ltr'><strong>Λόγον</strong></span> <span class='ocrx_word' id='word_1_643' title='bbox 1824 5680 1915 5735; x_wconf 74' lang='grc' dir='ltr'><strong>τὸν</strong></span> 
     </span>
    </p>
   </div>
   <div class='ocr_carea' id='block_1_101' title="bbox 411 5886 1463 5957">
    <p class='ocr_par' dir='ltr' id='par_1_101' title="bbox 411 5886 1463 5957">
     <span class='ocr_line' id='line_1_102' title="bbox 411 5886 1463 5957; baseline -0.004 -11"><span class='ocrx_word' id='word_1_644' title='bbox 411 5889 458 5923; x_wconf 81' lang='grc'><strong>⁷⁸</strong></span> <span class='ocrx_word' id='word_1_645' title='bbox 483 5888 646 5948; x_wconf 83' lang='lat' dir='ltr'><strong>Joan.</strong></span> <span class='ocrx_word' id='word_1_646' title='bbox 675 5910 748 5956; x_wconf 78' lang='grc' dir='ltr'><strong>νι,</strong></span> <span class='ocrx_word' id='word_1_647' title='bbox 787 5886 876 5945; x_wconf 68' lang='lat'><strong>27.</strong></span> <span class='ocrx_word' id='word_1_648' title='bbox 953 5887 1001 5923; x_wconf 75' lang='grc'><strong>’³⁸</strong></span> <span class='ocrx_word' id='word_1_649' title='bbox 1036 5886 1209 5945; x_wconf 80' lang='lat' dir='ltr'><strong>Exod.</strong></span> <span class='ocrx_word' id='word_1_650' title='bbox 1234 5902 1345 5957; x_wconf 65' lang='lat' dir='ltr'><strong>xxv,</strong></span> <span class='ocrx_word' id='word_1_651' title='bbox 1380 5886 1463 5944; x_wconf 81' lang='grc'><strong>15.</strong></span> 
     </span>
    </p>
   </div>
   <div class='ocr_carea' id='block_1_102' title="bbox 2016 4662 3593 4744">
    <p class='ocr_par' dir='ltr' id='par_1_102' title="bbox 2016 4662 3593 4744">
     <span class='ocr_line' id='line_1_103' title="bbox 2016 4662 3593 4744; baseline -0.01 -13"><span class='ocrx_word' id='word_1_652' title='bbox 2016 4675 2104 4732; x_wconf 89' lang='lat' dir='ltr'><strong>his</strong></span> <span class='ocrx_word' id='word_1_653' title='bbox 2161 4670 2765 4744; x_wconf 79' lang='lat' dir='ltr'><strong>apprOpinquaverunt,</strong></span> <span class='ocrx_word' id='word_1_654' title='bbox 2804 4664 3144 4721; x_wconf 86' lang='lat' dir='ltr'><strong>tantumdem</strong></span> <span class='ocrx_word' id='word_1_655' title='bbox 3194 4662 3509 4718; x_wconf 85' lang='lat' dir='ltr'><strong>necessario</strong></span> <span class='ocrx_word' id='word_1_656' title='bbox 3565 4676 3593 4715; x_wconf 93' lang='lat' dir='ltr'><strong>a</strong></span> 
     </span>
    </p>
   </div>
   <div class='ocr_carea' id='block_1_103' title="bbox 2016 4756 3599 4842">
    <p class='ocr_par' dir='ltr' id='par_1_103' title="bbox 2016 4756 3599 4842">
     <span class='ocr_line' id='line_1_104' title="bbox 2016 4756 3599 4842; baseline -0.009 -17"><span class='ocrx_word' id='word_1_657' title='bbox 2016 4768 2191 4842; x_wconf 89' lang='lat' dir='ltr'><strong>portis</strong></span> <span class='ocrx_word' id='word_1_658' title='bbox 2222 4767 2347 4823; x_wconf 67' lang='lat' dir='ltr'><strong>vitae</strong></span> <span class='ocrx_word' id='word_1_659' title='bbox 2375 4763 2537 4835; x_wconf 85' lang='lat' dir='ltr'><strong>longe</strong></span> <span class='ocrx_word' id='word_1_660' title='bbox 2570 4761 2698 4817; x_wconf 84' lang='lat' dir='ltr'><strong>facti</strong></span> <span class='ocrx_word' id='word_1_661' title='bbox 2733 4768 2881 4817; x_wconf 89' lang='lat' dir='ltr'><strong>sunt.</strong></span> <span class='ocrx_word' id='word_1_662' title='bbox 2923 4756 3126 4813; x_wconf 82' lang='lat' dir='ltr'><strong>Verum</strong></span> <span class='ocrx_word' id='word_1_663' title='bbox 3159 4756 3410 4814; x_wconf 83' lang='lat' dir='ltr'><strong>Christus</strong></span> <span class='ocrx_word' id='word_1_664' title='bbox 3449 4756 3599 4827; x_wconf 90' lang='lat' dir='ltr'><strong>ipsos</strong></span> 
     </span>
    </p>
   </div>
   <div class='ocr_carea' id='block_1_104' title="bbox 2016 4850 3597 4936">
    <p class='ocr_par' dir='ltr' id='par_1_104' title="bbox 2016 4850 3597 4936">
     <span class='ocr_line' id='line_1_105' title="bbox 2016 4850 3597 4936; baseline -0.011 -16"><span class='ocrx_word' id='word_1_665' title='bbox 2016 4864 2182 4920; x_wconf 89' lang='lat' dir='ltr'><strong>etiam</strong></span> <span class='ocrx_word' id='word_1_666' title='bbox 2214 4861 2497 4931; x_wconf 83' lang='lat' dir='ltr'><strong>elongatos</strong></span> <span class='ocrx_word' id='word_1_667' title='bbox 2537 4872 2636 4936; x_wconf 83' lang='lat' dir='ltr'><strong>per</strong></span> <span class='ocrx_word' id='word_1_668' title='bbox 2684 4852 3011 4926; x_wconf 88' lang='lat' dir='ltr'><strong>sanguinem</strong></span> <span class='ocrx_word' id='word_1_669' title='bbox 3059 4865 3218 4906; x_wconf 92' lang='lat' dir='ltr'><strong>suum</strong></span> <span class='ocrx_word' id='word_1_670' title='bbox 3260 4850 3597 4922; x_wconf 87' lang='lat' dir='ltr'><strong>propinquos</strong></span> 
     </span>
    </p>
   </div>
   <div class='ocr_carea' id='block_1_105' title="bbox 2018 4954 2273 5014">
    <p class='ocr_par' dir='ltr' id='par_1_105' title="bbox 2018 4954 2273 5014">
     <span class='ocr_line' id='line_1_106' title="bbox 2018 4954 2273 5014; baseline -0.02 -2"><span class='ocrx_word' id='word_1_671' title='bbox 2018 4954 2273 5014; x_wconf 86' lang='lat' dir='ltr'><strong>reddidit.</strong></span> 
     </span>
    </p>
   </div>
   <div class='ocr_carea' id='block_1_106' title="bbox 2090 5040 3433 5104">
    <p class='ocr_par' dir='ltr' id='par_1_106' title="bbox 2090 5040 3433 5104">
     <span class='ocr_line' id='line_1_107' title="bbox 2090 5040 3433 5104; baseline -0.008 -2"><span class='ocrx_word' id='word_1_672' title='bbox 2090 5047 2258 5104; x_wconf 76' lang='lat' dir='ltr'><strong>Vens.</strong></span> <span class='ocrx_word' id='word_1_673' title='bbox 2294 5044 2382 5102; x_wconf 87' lang='grc'><strong>19.</strong></span> <span class='ocrx_word' id='word_1_674' title='bbox 2421 5064 2440 5098; x_wconf 78' lang='grc' dir='ltr'><strong>ι</strong></span> <span class='ocrx_word' id='word_1_675' title='bbox 2473 5044 2542 5099; x_wconf 89' lang='lat' dir='ltr'><strong>Et</strong></span> <span class='ocrx_word' id='word_1_676' title='bbox 2570 5042 2948 5100; x_wconf 85' lang='lat' dir='ltr'><strong>clamaverunt</strong></span> <span class='ocrx_word' id='word_1_677' title='bbox 2973 5041 3041 5097; x_wconf 91' lang='lat' dir='ltr'><strong>ad</strong></span> <span class='ocrx_word' id='word_1_678' title='bbox 3066 5040 3382 5096; x_wconf 88' lang='lat' dir='ltr'><strong>Dominum.</strong></span> <span class='ocrx_word' id='word_1_679' title='bbox 3414 5058 3433 5090; x_wconf 77' lang='grc' dir='ltr'><strong>ι</strong></span> 
     </span>
    </p>
   </div>
   <div class='ocr_carea' id='block_1_107' title="bbox 2092 5125 3600 5203">
    <p class='ocr_par' dir='ltr' id='par_1_107' title="bbox 2092 5125 3600 5203">
     <span class='ocr_line' id='line_1_108' title="bbox 2092 5125 3600 5203; baseline -0.009 -9"><span class='ocrx_word' id='word_1_680' title='bbox 2092 5139 2239 5197; x_wconf 89' lang='lat' dir='ltr'><strong>Deus</strong></span> <span class='ocrx_word' id='word_1_681' title='bbox 2283 5139 2517 5196; x_wconf 62' lang='lat' dir='ltr'><strong>astimat</strong></span> <span class='ocrx_word' id='word_1_682' title='bbox 2555 5137 2855 5192; x_wconf 90' lang='lat' dir='ltr'><strong>clamorem</strong></span> <span class='ocrx_word' id='word_1_683' title='bbox 2887 5149 3001 5189; x_wconf 90' lang='lat' dir='ltr'><strong>non</strong></span> <span class='ocrx_word' id='word_1_684' title='bbox 3039 5132 3129 5203; x_wconf 91' lang='lat' dir='ltr'><strong>qui</strong></span> <span class='ocrx_word' id='word_1_685' title='bbox 3164 5147 3264 5203; x_wconf 87' lang='lat' dir='ltr'><strong>per</strong></span> <span class='ocrx_word' id='word_1_686' title='bbox 3293 5128 3463 5193; x_wconf 88' lang='lat' dir='ltr'><strong>vocis,</strong></span> <span class='ocrx_word' id='word_1_687' title='bbox 3504 5125 3600 5182; x_wconf 83' lang='lat' dir='ltr'><strong>sed</strong></span> 
     </span>
    </p>
   </div>
   <div class='ocr_carea' id='block_1_108' title="bbox 2024 5206 3601 5303">
    <p class='ocr_par' dir='ltr' id='par_1_108' title="bbox 2024 5206 3601 5303">
     <span class='ocr_line' id='line_1_109' title="bbox 2024 5206 3601 5303; baseline -0.009 -16"><span class='ocrx_word' id='word_1_688' title='bbox 2024 5247 2121 5303; x_wconf 89' lang='lat' dir='ltr'><strong>per</strong></span> <span class='ocrx_word' id='word_1_689' title='bbox 2144 5230 2343 5285; x_wconf 89' lang='lat' dir='ltr'><strong>mentis</strong></span> <span class='ocrx_word' id='word_1_690' title='bbox 2358 5228 2614 5284; x_wconf 71' lang='lat' dir='ltr'><strong>aﬂ‘ectum</strong></span> <span class='ocrx_word' id='word_1_691' title='bbox 2636 5225 2930 5291; x_wconf 90' lang='lat' dir='ltr'><strong>emittitur;</strong></span> <span class='ocrx_word' id='word_1_692' title='bbox 2956 5206 3393 5295; x_wconf 81' lang='lat' dir='ltr'><strong>quandoquidem</strong></span> <span class='ocrx_word' id='word_1_693' title='bbox 3420 5217 3601 5289; x_wconf 74' lang='lat' dir='ltr'><strong>Moyse</strong></span> 
     </span>
    </p>
   </div>
   <div class='ocr_carea' id='block_1_109' title="bbox 2018 5314 3374 5383">
    <p class='ocr_par' dir='ltr' id='par_1_109' title="bbox 2018 5314 3374 5383">
     <span class='ocr_line' id='line_1_110' title="bbox 2018 5314 3374 5383; baseline -0.009 -4"><span class='ocrx_word' id='word_1_694' title='bbox 2018 5323 2186 5379; x_wconf 86' lang='lat' dir='ltr'><strong>etiam</strong></span> <span class='ocrx_word' id='word_1_695' title='bbox 2210 5321 2404 5377; x_wconf 89' lang='lat' dir='ltr'><strong>silente</strong></span> <span class='ocrx_word' id='word_1_696' title='bbox 2433 5318 2664 5375; x_wconf 82' lang='lat' dir='ltr'><strong>dixerit:</strong></span> <span class='ocrx_word' id='word_1_697' title='bbox 2695 5316 2834 5383; x_wconf 82' lang='lat' dir='ltr'><strong>Quid</strong></span> <span class='ocrx_word' id='word_1_698' title='bbox 2860 5316 3063 5371; x_wconf 79' lang='lat' dir='ltr'><strong>clamas</strong></span> <span class='ocrx_word' id='word_1_699' title='bbox 3088 5315 3159 5369; x_wconf 82' lang='lat' dir='ltr'><strong>ad</strong></span> <span class='ocrx_word' id='word_1_700' title='bbox 3184 5330 3266 5369; x_wconf 83' lang='lat' dir='ltr'><strong>me</strong></span> <span class='ocrx_word' id='word_1_701' title='bbox 3286 5314 3374 5367; x_wconf 75' lang='lat'><strong>7&#39;?</strong></span> 
     </span>
    </p>
   </div>
   <div class='ocr_carea' id='block_1_110' title="bbox 2089 5490 3162 5553">
    <p class='ocr_par' dir='ltr' id='par_1_110' title="bbox 2089 5490 3162 5553">
     <span class='ocr_line' id='line_1_111' title="bbox 2089 5490 3162 5553; baseline -0.012 0"><span class='ocrx_word' id='word_1_702' title='bbox 2089 5498 2253 5553; x_wconf 77' lang='lat' dir='ltr'><strong>Vens.</strong></span> <span class='ocrx_word' id='word_1_703' title='bbox 2287 5496 2378 5552; x_wconf 81' lang='lat'><strong>‘20.</strong></span> <span class='ocrx_word' id='word_1_704' title='bbox 2417 5514 2435 5548; x_wconf 81' lang='grc' dir='ltr'><strong>ι</strong></span> <span class='ocrx_word' id='word_1_705' title='bbox 2472 5494 2619 5549; x_wconf 81' lang='lat' dir='ltr'><strong>Misit</strong></span> <span class='ocrx_word' id='word_1_706' title='bbox 2649 5490 2890 5548; x_wconf 82' lang='lat' dir='ltr'><strong>Verbum</strong></span> <span class='ocrx_word' id='word_1_707' title='bbox 2924 5504 3105 5545; x_wconf 89' lang='lat' dir='ltr'><strong>suum.</strong></span> <span class='ocrx_word' id='word_1_708' title='bbox 3144 5507 3162 5540; x_wconf 73' lang='grc' dir='ltr'><strong>ι</strong></span> 
     </span>
    </p>
   </div>
   <div class='ocr_carea' id='block_1_111' title="bbox 2090 5573 3603 5656">
    <p class='ocr_par' dir='ltr' id='par_1_111' title="bbox 2090 5573 3603 5656">
     <span class='ocr_line' id='line_1_112' title="bbox 2090 5573 3603 5656; baseline -0.011 -12"><span class='ocrx_word' id='word_1_709' title='bbox 2090 5589 2231 5656; x_wconf 84' lang='lat' dir='ltr'><strong>Quid</strong></span> <span class='ocrx_word' id='word_1_710' title='bbox 2271 5588 2379 5644; x_wconf 86' lang='lat' dir='ltr'><strong>hoc</strong></span> <span class='ocrx_word' id='word_1_711' title='bbox 2411 5585 2758 5642; x_wconf 87' lang='lat' dir='ltr'><strong>manifestius</strong></span> <span class='ocrx_word' id='word_1_712' title='bbox 2786 5582 2854 5639; x_wconf 89' lang='lat' dir='ltr'><strong>ad</strong></span> <span class='ocrx_word' id='word_1_713' title='bbox 2888 5577 3371 5638; x_wconf 87' lang='lat' dir='ltr'><strong>demonstrandam</strong></span> <span class='ocrx_word' id='word_1_714' title='bbox 3413 5573 3603 5631; x_wconf 83' lang='lat' dir='ltr'><strong>Salva-</strong></span> 
     </span>
    </p>
   </div>
   <div class='ocr_carea' id='block_1_112' title="bbox 2020 5664 3604 5766">
    <p class='ocr_par' dir='ltr' id='par_1_112' title="bbox 2020 5664 3604 5766">
     <span class='ocr_line' id='line_1_113' title="bbox 2020 5664 3604 5766; baseline -0.013 -27"><span class='ocrx_word' id='word_1_715' title='bbox 2020 5680 2154 5766; x_wconf 74' lang='lat' dir='ltr'><strong>toris</strong></span> <span class='ocrx_word' id='word_1_716' title='bbox 2196 5678 2671 5737; x_wconf 83' lang='lat' dir='ltr'><strong>incarnationem?</strong></span> <span class='ocrx_word' id='word_1_717' title='bbox 2719 5674 2944 5733; x_wconf 76' lang='lat' dir='ltr'><strong>Missum</strong></span> <span class='ocrx_word' id='word_1_718' title='bbox 2984 5671 3130 5731; x_wconf 88' lang='lat' dir='ltr'><strong>enim</strong></span> <span class='ocrx_word' id='word_1_719' title='bbox 3170 5666 3423 5740; x_wconf 81' lang='lat' dir='ltr'><strong>intelligit</strong></span> <span class='ocrx_word' id='word_1_720' title='bbox 3468 5664 3604 5722; x_wconf 72' lang='lat' dir='ltr'><strong>Ver—</strong></span> 
     </span>
    </p>
   </div>
  </div>
