3950 6418
250 371 396 455 1305

1418 387 1882 448 FRAGMENTA
1926 389 2005 449 ΙΝ
2050 392 2408 458 PSAIMOS.

3415 407 3555 473 1306

244 491 379 553 τοὺς
429 489 861 594 πειιραζομὲνους
902 493 1089 566 οἰκείᾳ
1144 497 1244 567 μὲν
1301 498 1531 569 δυνάμει
1580 503 1656 572 μὴ
1703 503 1837 572 eap-

1956 512 2230 563 lentantur
2282 513 2521 582 propriae
2569 516 2793 585 quidem
2844 518 3033 576 virtuti
3080 521 3308 579 minime
3361 524 3553 594 ﬁdere,

248 581 403 650 ῥεῖν,
439 579 579 654 μόνῃ
620 580 677 637 δὲ
723 585 794 656 τῇ
834 585 973 657 πρὸς
1020 587 1114 641 τὸν
1148 588 1284 642 Θεὸν
1337 592 1667 662 πεποιθήσει
1712 594 1845 666 χρῆ-

246 672 400 729 σθαι.

327 787 348 819 ι
376 768 487 823 Καὶ
514 770 926 844 εὐφράνθησαν,
958 774 1042 829 ὅτι
1070 774 1373 846 ἡσύχασαν.
1414 797 1433 830 ι

335 858 562 931 Ἐπειδὴ
612 860 673 916 τὸ
722 863 1110 932 εὐαγγελικὸν,
1142 866 1401 939 καθάπερ
1447 866 1681 939 ἔφημεν,
1731 868 1848 941 ᾐνί-

248 952 384 1016 ξατο
413 953 704 1026 κήρυγμα,
763 956 1084 1024 ἀναγκαίως
1137 958 1468 1030 Ἐκκλησίας
1503 960 1747 1033 ᾐνίξατο,
1781 962 1846 1016 οὐ

246 1045 428 1110 λαοῦ,
457 1047 670 1117 μήποτε
720 1046 881 1122 δόξῃς
901 1051 1000 1120 τὴν
1025 1039 1358 1124 Συναγωγὴν
1380 1046 1660 1123 λέγεσθαί.
1680 1054 1849 1110 λαῶν

246 1135 309 1188 δὲ
349 1136 459 1190 τῶν
510 1136 685 1191 ἐθνῶν
739 1139 1188 1210 ἐμνημόνευσεν·
1235 1143 1295 1196 ἐν
1332 1137 1415 1207 οἷς
1462 1146 1558 1198 καὶ
1607 1144 1848 1216 καθέδρα

249 1229 669 1302 πρεσϐυτέρων,
692 1232 992 1289 αἰνούντων
1017 1234 1109 1287 τὸν
1136 1234 1269 1290 Θεὸν
1292 1238 1409 1299 ταίς
1437 1236 1846 1303 διδασκαλικαίς

247 1321 527 1389 γλώσσαις
547 1337 563 1351 ·
603 1324 732 1393 περὶ
761 1316 835 1379 ὧν
864 1324 1082 1388 Παῦλος
1108 1327 1320 1395 ἔλεγεν·
1348 1331 1411 1382 Ol
1450 1329 1847 1397 πρεσϐύτεροι

246 1410 475 1480 διπλῆς
500 1413 679 1484 τιμῆς
707 1414 1138 1471 ἀξιούσθωσαν
1160 1434 1173 1447 ·
1205 1419 1479 1488 μάλιστα
1506 1422 1562 1474 οἱ
1592 1420 1846 1475 κοπιῶν-

246 1522 351 1571 τες
382 1506 455 1559 ἐν
476 1508 637 1577 λόγῳ
666 1508 766 1562 καὶ
801 1508 1188 1578 διδασκαλίᾳ.

326 1615 346 1648 ‹
386 1598 583 1653 Ἐθετο
614 1601 896 1670 ποταμοὺς
918 1605 999 1665 εἰς
1029 1602 1261 1674 ἔρημον.
1308 1623 1328 1655 ο

319 1692 434 1762 Τὴν
467 1692 599 1763 παρ’
627 1692 887 1763 Ἕλλησιν
915 1693 1153 1748 ἐνταῦθα
1185 1694 1379 1765 σοφίαν
1411 1695 1651 1769 ᾐνίξατο.
1687 1697 1847 1769 Ἐζή-

248 1782 381 1838 λουν
416 1785 526 1857 γὰρ
566 1788 846 1858 ποταμοὺς
890 1787 979 1840 διὰ
1015 1787 1113 1856 τὴν
1148 1787 1379 1860 ῥέουσαν
1408 1790 1657 1857 γλῶτταν
1692 1791 1845 1860 φιλό-

1946 601 2041 655 sed
2073 602 2188 656 sola
2220 602 2315 658 Dei
2348 604 2548 659 ﬁducia
2581 606 2706 662 niti.

2018 778 2180 836 Vens.
2212 783 2302 838 ‘50.
2336 804 2355 837 ι
2391 786 2460 841 Ει
2482 788 2650 843 laetati
2679 797 2831 855 sunt,
2857 790 2984 860 quia
3016 791 3316 850 siluerunt.
3355 814 3374 846 ι

2016 872 2496 947 Quandoquidem,
2535 883 2619 936 uti
2661 883 3003 948 dicebamus,
3048 888 3367 958 evangelica
3411 904 3553 957 prae-

1947 967 2148 1023 dicatio
2178 970 2357 1026 fuerat
2386 974 2688 1040 insinuata,
2720 979 3036 1033 necessario
3076 979 3239 1034 etiam
3279 980 3555 1036 Ecclesias

1947 1061 2151 1127 innuit,
2196 1079 2307 1119 non
2356 1068 2560 1137 populi,
2599 1085 2671 1124 ne
2709 1070 2853 1125 forte
2891 1080 3051 1141 putes
3094 1071 3434 1144 Synagogam
3468 1074 3555 1127 in-

1949 1151 2145 1223 telligi,
2179 1155 2276 1208 sed
2316 1157 2654 1225 populorum,
2688 1160 2741 1214 id
2781 1171 2865 1216 est
2905 1163 3174 1231 gentium,
3212 1164 3550 1218 mentionem

1950 1242 2120 1297 fecit:
2158 1244 2214 1298 in
2250 1247 2453 1315 quibus
2489 1249 2654 1303 etiam
2693 1261 2777 1306 est
2811 1254 3072 1308 cathedra
3113 1256 3417 1320 seniorum,
3452 1256 3554 1309 lin-

1948 1335 2070 1407 guis
2124 1336 2523 1396 doctrinalibus
2570 1343 2911 1400 laudantium
2959 1348 3131 1403 Deum
3178 1366 3190 1401 :
3233 1349 3300 1403 de
3347 1349 3549 1419 quibus

1948 1428 2152 1485 Paulus
2179 1432 2256 1486 ait
2287 1450 2299 1486 :
2332 1433 2633 1504 Presbyteri
2662 1437 2857 1503 duplici
2898 1439 3093 1492 honore
3140 1441 3288 1511 digni
3324 1441 3552 1495 habean-

1950 1530 2069 1587 tur;
2104 1524 2338 1579 maxime
2361 1527 2452 1597 qui
2477 1526 2728 1581 laborant
2758 1530 2813 1581 in
2839 1530 2994 1582 verbo
3020 1540 3068 1583 et
3098 1532 3341 1585 doctrina
3370 1534 3437 1586 7’.

2023 1610 2183 1668 Vsus.
2210 1616 2300 1669 55.
2331 1638 2350 1666 ι
2382 1613 2574 1671 Posuit
2605 1616 2831 1672 ﬂumina
2864 1618 2919 1672 in
2952 1620 3256 1674 desertum.
3293 1640 3313 1672 ι

1953 1774 1958 1778 δ
2019 1700 2331 1758 Graecorum
2402 1705 2494 1760 hic
2558 1705 2743 1761 innuit
2808 1707 3159 1777 sapientiam.
3222 1709 3545 1781 Philosophi

1949 1790 2095 1845 enim
2121 1792 2495 1863 sophista-que
2517 1809 2582 1848 ac
2609 1795 2861 1850 rhetores
2888 1796 2959 1851 ob
2984 1798 3183 1869 lingua:
3210 1798 3545 1856 alliuentialn

247 1895 431 1946 σοφοι.
460 1856 556 1932 καὶ
584 1856 858 1947 σοφισταὶ,
894 1880 989 1932 καὶ
1035 1856 1266 1952 ῥήτορες
1286 1896 1300 1912 ·
1478 1882 1688 1954 ἔρημον
1705 1856 1839 1938 *τού-

1956 1880 2143 1939 ﬂuvios
2179 1885 2584 1941 aemulabantur
2618 1903 2631 1940 :
2671 1888 2767 1942 sed
2811 1889 3058 1958 ipsorum
3098 1892 3449 1947 mendacium
3483 1910 3547 1950 ac

242 1986 362 2033 τοις
406 1969 635 2038 ἐλέγξας
688 1969 870 2023 αὐτῶν
924 1970 986 2024 τὸ
1008 1972 1205 2040 ψεῦδος
1257 1974 1353 2027 καί⁵
1416 1975 1836 2047 πεπλασμένον,

242 2062 405 2116 ἔθετο
426 2062 520 2115 καὶ
543 2062 643 2124 τὰς
670 2061 940 2129 διεξόδους
967 2064 1076 2118 τῶν
1112 2064 1286 2133 λόγων
1334 2066 1579 2137 (τούτους
1608 2069 1717 2138 γὰρ
1751 2068 1841 2124 διὰ

240 2153 346 2226 τὴν
400 2152 583 2224 βιαίαν
631 2153 811 2224 ὁρμὴν
877 2154 1327 2226 προσηγόρευσεν
1389 2156 1582 2226 ὕδατα)
1645 2160 1726 2222 είς
1764 2160 1843 2213 δί-

148 2239 153 2242 ’
243 2246 378 2316 dum.
452 2243 775 2317 ’Δκυρῶσας
842 2244 952 2316 γὰρ
1021 2245 1202 2300 αὐτῶν
1254 2246 1357 2319 τὴν
1407 2248 1605 2320 χρῆσιν
1668 2265 1841 2319 μετα-

241 2339 538 2410 ϐέϐληκεν.

321 2450 341 2483 ι
373 2432 487 2503 Τῆν
513 2431 864 2504 καρποφόρον
896 2432 975 2495 είς
1008 2431 1207 2503 ἅλμην.
1239 2450 1256 2484 ι

314 2522 493 2576 Τοῦτο
532 2522 722 2592 σαφῶς
762 2524 843 2587 εἰς
870 2522 971 2595 τὴν
1029 2525 1295 2579 Ἰουδαίαν
1345 2527 1449 2599 γῆν
1488 2529 1842 2601 καρποφόρον

246 2615 540 2687 γινομένην
563 2615 652 2669 διὰ
676 2617 803 2680 τοὺς
833 2614 895 2681 ἐξ
943 2617 1114 2687 αὐτῆς
1155 2620 1445 2691 προφήτας
1477 2622 1573 2674 καὶ
1599 2621 1727 2684 τοὺς
1764 2622 1843 2676 δι-

242 2708 442 2771 καίους
473 2706 716 2779 εἴρηται,
756 2708 880 2779 ἥτις
920 2709 1003 2771 είς
1036 2709 1222 2780 ἅλμην
1261 2710 1371 2764 ἀπὸ
1412 2712 1612 2776 κακίας
1638 2712 1749 2767 τῶν
1782 2716 1842 2769 ἐν

235 2802 385 2872 αὐτῇ
410 2799 811 2855 κατοικούντων
835 2801 1225 2872 Γραμματέων
1259 2804 1354 2856 καὶ
1381 2805 1716 2875 Φαρισαίων,
1745 2807 1843 2860 καὶ

239 2894 468 2947 πάντων
531 2892 640 2945 τῶν
708 2891 1097 2962 ἀσεϐησάντων
1155 2894 1237 2956 εἰς
1300 2896 1538 2965 Χριστὸν
1603 2898 1843 2967 μεταϐέ-

236 2985 462 3056 ϐληται.
507 2982 709 3038 Οὐκέτι
753 2984 864 3056 γὰρ
911 2985 973 3037 ἐν
1028 2985 1214 3049 αὐτοῖς
1262 2987 1464 3057 ἱερεὺς,
1516 2987 1580 3040 οὐ
1628 2990 1844 3060 προφή-

236 3093 345 3147 της
366 3092 381 3105 ·
418 3074 535 3130 ἀλλ’
560 3073 685 3130 οὐδὲ
710 3074 925 3146 καρπὸς
956 3074 1146 3147 ἕτερος
1170 3076 1272 3147 τῆς
1300 3077 1538 3148 ἀρχαίας
1561 3077 1843 3144 πολιτείας

236 3168 585 3240 εὑρίσκεται.

318 3278 340 3312 ι
380 3258 579 3314 Ἐθετο
617 3258 827 3332 ἔρημον
856 3260 937 3323 εἰς
963 3259 1163 3327 λίμνας
1202 3260 1437 3319 ὑδάτων.
1473 3281 1493 3316 ι

314 3440 500 3496 Εἰπὼν
534 3442 635 3497 ὅσα
652 3443 765 3506 τοῖς
786 3441 1036 3504 ἀπίστοις
1059 3440 1340 3513 Ἕλλησιν,
1366 3443 1448 3497 ἔτι
1480 3443 1546 3516 δὴ
1576 3442 1672 3497 καὶ
1714 3442 1842 3499 “loc.-

234 3534 415 3598 δαίοις
440 3533 634 3605 ἔμελλε
662 3534 983 3605 συμϐαίνειν
1020 3533 1243 3603 (ἕϐλεπε
1274 3536 1386 3607 γὰρ
1425 3535 1566 3589 αὐτὰ
1593 3538 1706 3599 τοῖς
1738 3536 1838 3605 όφ-

236 3624 472 3695 Θαλμοίς
493 3624 588 3678 τοῦ
630 3625 988 3696 πνεύματος),
1047 3628 1158 3681 ίδοὺ
1184 3627 1279 3680 νῦν
1310 3628 1378 3682 τὰ
1419 3627 1550 3699 περὶ
1581 3628 1683 3698 τῆς
1717 3629 1839 3683 Ἑκ-

236 3718 475 3789 uincla;
512 3717 823 3789 συμφώνως
859 3718 938 3790 τῷ
977 3719 1179 3793 Ἡσαΐᾳ
1212 3718 1490 3775 ἐκτίθεται
1518 3737 1532 3752 ·
1566 3722 1701 3792 φησὶ
1728 3722 1838 3794 γὰρ

235 3813 519 3874 κάκεῖνοςο
539 3808 718 3877 Θήσω
746 3810 862 3878 τὴν
884 3810 1113 3881 ἔρημον
1138 3813 1227 3878 είς
1244 3810 1378 3878 ἕλη,
1407 3810 1506 3865 καί
1523 3811 1638 3880 τὴν
1652 3810 1838 3881 διψῶ-

234 3919 370 3960 σαν
410 3902 530 3973 γῆν
555 3906 643 3970 είς
670 3903 1075 3974 ὑδραγωτούς.
1104 3896 1279 3969 Οὗτος
1310 3902 1369 3957 δὲ
1396 3904 1597 3976 λίμνην
1631 3903 1839 3958 ὑδάτων

234 3995 346 4059 τὰς
375 3994 767 4069 κολυμϐήθρας
814 3995 1007 4068 ἐνόησε
1042 3997 1137 4051 τοῦ
1186 3996 1568 4069 βαπτίσματος
1594 4014 1609 4030 ·
1649 3997 1840 4068 ὥσπερ

235 4086 417 4150 αὐτὰς
458 4064 553 4142 xit
601 4064 856 4158 Σολομῶν
906 4064 965 4140 έν
992 4088 1107 4152 τοῖς
1167 4064 1469 4160 "Asinam,
1525 4088 1692 4158 ἡνίκα
1748 4064 1840 4141 τὸν

235 4182 481 4253 Χριστὸν
509 4180 646 4253 πρὸς
675 4182 774 4253 τὴν
809 4180 1007 4235 ἑαυτοῦ
1039 4180 1260 4252 νύμφην
1289 4182 1555 4253 εἰσήγαγε
1576 4181 1677 4253 τὴν
1714 4181 1838 4234 Ἐκ-

235 4276 477 4348 κλησίαν
507 4276 772 4344 λέγοντα·
802 4278 868 4330 Ol
891 4276 1191 4347 ὀφθαλμοί
1227 4292 1345 4332 σου
1388 4277 1472 4343 ὡς
1518 4277 1730 4347 λίμναι
1768 4277 1840 4332 ἐν

248 4368 524 4425 Ἐσεϐῶν
544 4368 615 4423 ἐν
642 4370 869 4436 πύλαις
908 4367 1204 4439 θυγατρὸς
1239 4368 1491 4423 πολλῶν
1510 4388 1525 4403 ·
1564 4369 1842 4440 θυγατέρα

234 4461 458 4515 πολλῶν
485 4462 586 4532 τὴν
631 4461 964 4532 Ἐκκλησίαν
986 4459 1281 4532 νενοηκὼς*
1305 4461 1367 4515 οὐ
1394 4460 1502 4533 γὰρ
1522 4462 1701 4532 μόνων
1725 4460 1839 4515 τῶν

236 4554 583 4619 ἀποστόλων,
629 4554 763 4608 ἀλλὰ
802 4554 896 4607 καὶ
946 4552 1248 4625 προφητῶν
1279 4551 1531 4625 θυγάτηρ
1592 4553 1834 4622 ἐγένετο.

238 4650 361 4705 Οὐκ
402 4646 470 4721 ἦν
510 4650 566 4704 δὲ
603 4651 662 4704 ὲν
706 4649 846 4721 αὐτῇ
905 4649 1175 4721 πρότερον
1214 4649 1391 4719 Λόγος
1439 4649 1596 4716 Θεοῦ,
1647 4649 1743 4704 νῦν
1780 4650 1839 4705 δὲ

236 4742 498 4798 τοσοῦτον
544 4744 799 4797 πλουτεῖο
832 4741 975 4797 ὥστε
1007 4744 1084 4807 είς
1109 4743 1291 4797 πᾶσαν
1315 4742 1487 4814 αὐτῆς
1523 4742 1625 4813 τὴν
1656 4743 1840 4795 οἰκου-

243 4836 422 4909 μένην
443 4835 742 4891 διαϐαίνειν
766 4834 835 4889 τὰ
857 4834 1121 4905 δόγματα·
1154 4836 1213 4890 ὲν
1245 4829 1328 4898 οἷς
1360 4833 1696 4904 φυτευθῆναι
1733 4851 1839 4904 μα-

242 4931 462 5001 κάριον.
498 4928 666 4983 Ξύλον
686 4928 796 5000 γάρ
823 4945 876 4982 τι
912 4928 1231 4999 εὑρίσκεται
1263 4928 1324 4980 ὲν
1366 4927 1546 4998 καιρῷ
1579 4927 1671 4982 τὸν
1705 4944 1840 4997 καρ-

242 5023 351 5077 cuiu
391 5021 600 5088 ποιοῦν,
626 5020 721 5075 καὶ
745 5022 958 5092 μήποτε
994 5021 1057 5073 τὸ
1081 5019 1279 5089 φύλλον
1308 5019 1643 5083 ἀποϐάλλον,
1673 5018 1749 5083 ὡς
1779 5021 1836 5073 ὲν

240 5114 357 5178 τοῖς
381 5111 689 5183 προοιμίοις
712 5111 822 5165 τῶν
848 5109 1098 5182 Ψαλμῶν
1129 5110 1573 5183 ἀναγέγραπται.

326 5225 346 5259 ι
383 5204 496 5259 Καὶ
523 5203 932 5275 συνεστήσαντο
963 5202 1149 5266 πόλεις
1184 5202 1563 5265 κατοικεσίας.
1600 5222 1617 5254 ι

317 5382 397 5437 Οὐ
432 5382 611 5448 πόλιν,
647 5380 784 5435 ἀλλὰ
821 5381 1029 5446 πόλεις.
1074 5380 1379 5451 Διαφόρους
1418 5379 1528 5450 γὰρ
1557 5380 1837 5443 πολιτείας

234 5477 271 5528 ὁ
292 5474 361 5542 ἐξ
395 5472 567 5527 ἐθνῶν
592 5471 721 5536 λαὸς
748 5471 883 5543 ἔχει,
926 5474 984 5527 ὲν
1017 5469 1107 5535 αἷς
1135 5470 1413 5525 κατοικίαι
1456 5471 1569 5524 τῶν
1600 5472 1834 5541 ἀρετῶν,

242 5568 463 5631 αἵτινες
508 5567 601 5619 τὸν
651 5564 856 5621 ἔσωθεν
898 5564 1057 5636 ήμῶν
1087 5565 1380 5635 ἄνθρωπον
1428 5564 1712 5631 σκέπουσι,
1743 5564 1840 5618 κέ-

236 5676 477 5731 κτηται.

315 5838 415 5895 "l
454 5838 594 5895 Tim.
621 5855 673 5903 γ,
706 5837 793 5891 l7.
869 5838 913 5867 ⁸ο
944 5835 1046 5891 lsa.
1077 5851 1184 5901 xm,
1210 5835 1293 5891 l8.
1370 5836 1410 5867 ⁸¹
1438 5834 1595 5891 Cant.
1633 5852 1727 5897 vu.
1764 5837 1814 5891 τί.

1946 1973 2224 2031 ﬁctionem
2270 1991 2507 2047 arguens
2552 1977 2837 2034 desertum
2891 1979 2999 2035 illis
3044 1982 3231 2050 posuit
3274 1991 3331 2037 et
3366 1983 3548 2040 exitus

1945 2082 2261 2123 sermonum
2304 2069 2430 2140 (hos
2474 2070 2623 2125 enim
2675 2081 2904 2143 propter
2945 2073 3331 2130 vehementem
3368 2076 3545 2146 impe-

1948 2166 2061 2212 tum
2090 2173 2264 2229 aquas
2302 2160 2621 2233 appellavit)
2654 2161 2710 2217 in
2746 2162 2916 2218 sitim.
2952 2163 3177 2219 Illorum
3209 2165 3356 2221 enim
3381 2183 3543 2222 usum

1944 2250 2217 2324 abrogans
2247 2252 2577 2309 immutavit.

2016 2431 2181 2491 Vsus.
2211 2434 2303 2490 54.
2339 2453 2359 2488 ι
2391 2434 2618 2492 Terram
2659 2435 2996 2492 fructiferam
3032 2437 3089 2493 in
3124 2437 3480 2509 salsuginem.
3514 2456 3535 2490 ι

2014 2521 2131 2579 Hoc
2182 2525 2478 2597 perspicue
2532 2527 2741 2582 dictum
2790 2536 2878 2582 est
2935 2527 2991 2581 in
3045 2535 3246 2583 terram
3297 2528 3540 2583 Iudaeam

1943 2614 2287 2673 iructii‘cram
2352 2628 2580 2689 propter
2630 2619 2935 2690 prophetas
2987 2628 3045 2674 et
3085 2620 3269 2689 justos
3321 2636 3387 2674 ex
3448 2620 3541 2673 illa

1943 2706 2228 2775 oriundos,
2258 2724 2382 2778 quae
2410 2709 2466 2763 in
2489 2709 2824 2781 salsuginem
2855 2717 3191 2763 commutata
3221 2716 3306 2763 est
3337 2724 3365 2761 a
3385 2708 3543 2762 mali-

1943 2798 2019 2854 tia
2069 2799 2502 2857 inhabitantium
2553 2801 2610 2855 in
2649 2815 2714 2856 ea
2758 2800 3077 2855 Scribarum
3121 2814 3187 2854 ac
3232 2798 3544 2853 Pharisaeo-

1943 2905 2091 2956 rum,
2126 2898 2184 2946 et
2222 2892 2473 2947 omnium
2523 2906 2652 2963 erga
2706 2891 2988 2948 Christum
3040 2889 3359 2960 impiorum.
3415 2890 3537 2945 Non

1942 2983 2182 3053 amplius
2213 2982 2365 3039 enim
2411 2984 2466 3038 in
2505 2983 2613 3039 illis
2648 2983 2928 3048 sacerdos,
2962 2999 3072 3039 non
3103 2983 3409 3054 propheta;
3444 2984 3543 3039 sed

1941 3088 2124 3145 neque
2151 3074 2370 3131 fruetus
2399 3075 2541 3130 alius
2563 3075 2806 3144 antiquae
2835 3059 3153 3145 reipublicae
3176 3073 3472 3144 reperitur.

2014 3260 2182 3317 Vsus.
2241 3260 2331 3316 55.
2373 3278 2394 3314 ι
2433 3259 2624 3316 Posuit
2689 3259 2969 3316 desertum
3021 3258 3079 3314 in
3142 3268 3334 3331 stagna
3371 3272 3544 3328 aqua-

1944 3371 2089 3411 rum.
2125 3374 2146 3408 ι

2009 3446 2150 3502 Cum
2179 3446 2411 3502 dixisset
2438 3445 2529 3501 illa
2555 3460 2679 3515 qua:
2709 3443 3010 3499 incredulis
3035 3443 3293 3514 gentibus
3322 3454 3379 3501 et
3414 3461 3540 3515 qua:

1941 3536 2168 3607 insuper
2203 3535 2409 3591 Judaeis
2450 3544 2719 3607 eventura
2752 3543 2914 3590 erant
2945 3535 3060 3604 (illa
3089 3536 3237 3597 enim
3275 3537 3544 3607 spiritali-

1939 3628 2044 3683 bus
2064 3630 2237 3683 oculis
2282 3628 2601 3698 cernebat),
2637 3641 2768 3683 ecce
2807 3641 2960 3682 nunc
2992 3641 3058 3682 ea
3086 3643 3208 3697 quae
3250 3629 3318 3684 ad
3356 3628 3545 3684 Eccle-

1940 3721 2080 3776 siam
2137 3723 2427 3791 pertinent.
2478 3719 2841 3777 conformiter
2898 3735 3028 3775 cum
3086 3720 3227 3775 Isaia
3279 3722 3540 3792 exponit;

1941 3830 2070 3871 nam
2097 3823 2156 3870 et
2182 3815 2272 3869 ille
2302 3816 2383 3869 ait
2419 3832 2435 3873 :
2477 3814 2685 3868 Panem
2721 3820 2988 3869 desertum
3028 3813 3082 3868 in
3117 3814 3359 3885 paludes,
3384 3825 3434 3869 et
3466 3817 3542 3869 si-

1941 3909 2156 3962 tientem
2181 3914 2381 3961 terram
2407 3908 2464 3961 in
2487 3907 2832 3977 aquwductus
2851 3906 2920 3959 “.
2948 3905 3051 3961 Hic
3073 3916 3257 3960 autem
3289 3914 3542 3977 stagnum

1942 4015 2211 4070 aquarum
2254 3998 2438 4054 fontes
2472 3998 2824 4068 baptismatis
2859 3998 2979 4053 sive
3015 3996 3335 4067 baptisteria
3378 3997 3544 4053 intel-

1940 4093 2109 4160 lexit;
2160 4101 2328 4163 prout
2372 4094 2541 4149 etiam
2590 4090 2853 4148 Salomon
2902 4092 2958 4147 in
3003 4090 3281 4158 Canticis,
3324 4093 3545 4163 quando

1941 4186 2225 4242 Christum
2273 4186 2341 4242 ad
2395 4200 2654 4257 sponsam
2698 4199 2855 4240 suam
2891 4183 3193 4240 Ecclesiam
3238 4185 3546 4241 introduxit

1943 4280 2217 4349 dicentem
2253 4296 2269 4335 :
2308 4278 2462 4335 Oculi
2503 4278 2581 4332 tui
2625 4287 2883 4348 tanquam
2914 4286 3108 4349 stagna
3146 4277 3201 4330 in
3236 4277 3441 4331 Eseban
3487 4279 3546 4331 in

1942 4373 2111 4443 portis
2133 4371 2265 4441 ﬁliae
2289 4370 2583 4425 multorum
2607 4370 2689 4436 3';
2723 4368 2889 4449 ﬁliam
2919 4370 3220 4425 multorum
3243 4369 3545 4424 Ecclesiam

1943 4464 2260 4536 intelligens
2302 4481 2318 4518 :
2370 4463 2643 4534 siquidem
2692 4477 2805 4518 non
2853 4462 3094 4517 solorum
3147 4461 3543 4531 apostolorum,

1870 4535 1916 4591 Ῑ)
1944 4558 2043 4614 sed
2086 4535 2253 4612 etiam
2306 4556 2704 4626 prophetarum
2752 4554 2860 4609 ﬁlia
2916 4552 3145 4609 exstitit.
3186 4550 3386 4607 Verum
3433 4567 3544 4606 non

1947 4657 2066 4706 erat
2094 4650 2148 4704 in
2176 4663 2241 4704 ea
2269 4649 2424 4718 prius
2452 4647 2693 4703 Verbum
2723 4645 2841 4712 Dei,
2876 4645 2971 4700 sed
3010 4659 3158 4699 nunc
3199 4643 3333 4698 illud
3369 4644 3545 4714 possi-

1947 4744 2077 4808 det;
2114 4741 2185 4797 ita
2223 4749 2285 4795 ut
2314 4754 2535 4795 omnem
2581 4749 2849 4795 terrarum
2895 4737 3086 4793 orbem
3134 4735 3255 4805 ejus
3289 4736 3543 4806 dogmata

1946 4842 2275 4905 penetrem;
2324 4831 2378 4885 in
2422 4831 2622 4901 quibus
2668 4829 2980 4884 institutum
3016 4842 3138 4883 esse
3176 4827 3399 4882 beatum
3436 4835 3541 4880 est.

1948 4925 2094 4981 Talis
2130 4924 2281 4979 enim
2318 4923 2592 4993 reperitur
2629 4921 2836 4992 lignum
2869 4921 3017 4990 quod
3048 4920 3105 4973 in
3138 4926 3385 4989 tempore
3427 4916 3545 4971 fru-

1945 5027 2094 5075 ctum
2143 5016 2293 5081 facit,
2329 5024 2385 5070 et
2417 5014 2504 5070 cui
2541 5028 2823 5084 nunquam
2873 5013 3064 5067 folium
3111 5011 3339 5078 decidit,
3382 5018 3445 5065 ut
3485 5009 3543 5063 in

1947 5109 2231 5181 principiis
2262 5107 2603 5163 Psalmorum
2636 5105 2904 5175 scriptum
2936 5113 3043 5160 est.

2018 5203 2182 5260 Vens.
2234 5202 2322 5258 56.
2376 5220 2396 5254 ι
2446 5202 2515 5257 lit
2565 5199 2974 5255 constituerunt
3019 5197 3272 5253 civitates
3324 5195 3540 5252 habita-

1947 5294 2134 5351 tionis.
2176 5313 2194 5345 ι

2015 5382 2136 5439 Non
2169 5384 2471 5461 civitatem,
2506 5383 2602 5439 sed
2637 5382 2908 5438 civitates.
2938 5380 3192 5436 Diversus
3229 5378 3376 5433 enim
3420 5392 3537 5432 res-

1946 5477 2194 5547 publicas
2221 5475 2387 5531 habet
2408 5476 2644 5546 populus
2664 5489 2728 5530 ex
2756 5474 3030 5545 gentibus,
3055 5472 3111 5525 in
3133 5470 3331 5541 quibus
3358 5469 3535 5539 possi-

1949 5568 2045 5623 det
2074 5569 2336 5623 virtutum
2372 5567 2759 5630 habitationes,
2790 5582 2908 5639 qua:
2942 5563 3257 5620 interiorem
3286 5570 3537 5617 nostrum

1950 5662 2230 5718 hominem
2265 5669 2573 5733 protegunt.
