3950 6438
450 395 593 461 1307
1657 389 2019 450 llESYCllIl
2059 388 2535 450 PRESBYTERI
3567 393 3677 466 1303

517 516 680 572 Vens.
717 512 808 567 '57.
847 531 866 564 ι
900 509 968 565 Ει
994 509 1407 566 seminaverunt
1440 524 1621 579 agros.
1664 526 1683 559 ι
2071 552 2077 566 ι

1440 524 1621 579 agros.
1664 526 1683 559 ι
2071 508 2120 566 Α
2221 527 2242 560 ‹
2275 508 2386 561 Καὶ
2420 506 2686 579 ἔσπειραν
2710 506 2934 577 ἀγρούς.
2974 524 2992 557 ι

519 608 665 678 Ager
683 603 955 674 siquidem
977 610 1064 657 est
1083 601 1427 673 philosophia
1452 599 1541 654 illa
1566 614 1688 669 qua:
1714 597 1780 654 ad
1810 612 2041 669 regnum

2226 598 2423 667 Ἀγρὸς
2459 598 2558 669 μὲν
2580 593 2673 652 οὖν
2691 600 2841 651 ἐστιν
2867 595 3264 669 ήφιλοσοφίαὴ
3293 597 3424 669 πρὸς
3450 599 3540 672 τὴν
3556 601 3683 673 βασι.

449 698 718 755 etelorum
762 695 1005 751 adducit.
1057 692 1150 748 Sic
1195 693 1343 749 enim
1386 694 1463 745 ait
1506 691 1771 747 Dominus
1811 689 2009 747 :Simil

2144 690 2291 745 λείαν
2337 691 2448 745 τῶν
2491 690 2738 763 οὐρανῶν
2784 689 3105 759 ἀπάγουσα.
3151 690 3293 761 ΙΙνησὶ.
3333 689 3438 762 γὰρ
3476 693 3683 761 οὕτωςὸ

453 799 527 845 εει
570 804 791 859 regnum
832 786 1084 841 calorum
1133 785 1384 838 thesauro
1431 783 1734 839 abscondito
1771 783 1829 837 in
1865 799 1993 853 agro

2144 783 2385 855 Κύριοςο
2435 784 2644 853 Ὁμοία
2678 783 2855 838 ἐστίν
2896 783 2936 851 ἡ
2984 782 3276 848 ,Βασιλεία
3304 783 3419 838 τῶν
3452 787 3686 854 οὐραγῶν

453 897 608 952 quem
638 881 729 950 qui
754 878 950 933 invenit
977 878 1131 931 homo
1157 876 1449 937 abscondit,
1485 885 1533 929 et
1555 892 1665 946 pm
1686 875 2013 948 gaudioilliu

2145 874 2429 945 θησαυρῷ
2450 876 2520 930 ἐν
2545 874 2708 946 ἀγρῷ
2738 874 3159 944 κεκρυμμένῳο
3195 873 3270 929 ὃν
3295 875 3481 944 εὑρὼν
3506 876 3686 948 ἂνθρω-

453 972 599 1024 vadit
631 979 679 1023 et
704 969 877 1022 vendit
902 968 1148 1022 universa
1179 980 1296 1035 qua:
1324 965 1498 1028 habet,
1522 975 1570 1018 et
1601 966 1725 1019 emit
1757 981 1950 1036 agrum
1979 964 2013 1017 il

2146 979 2261 1033 πος
2297 967 2545 1035 ἔκρυψε,
2576 967 2674 1021 καί
2718 965 2839 1022 ἀπὸ
2889 963 3001 1035 τῆς
3045 963 3238 1036 χαρᾶς
3290 966 3470 1020 αὐτοῦ
3504 968 3685 1041 ὑπάγει

455 1060 565 1115 lum
594 1061 661 1113 ⁸⁸.
699 1059 844 1114 Idem
877 1073 978 1128 per
1023 1056 1337 1128 parabolam
1381 1057 1759 1127 Operariorum
1794 1057 2015 1113 merced

2146 1058 2258 1113 καί
2289 1057 2480 1113 πωλεῖ
2522 1056 2724 1113 πάντα
2779 1058 2901 1113 ὅσα
2949 1056 3114 1125 ἔχει,
3162 1055 3266 1112 καὶ
3311 1056 3564 1127 ἀγοράζει
3601 1061 3687 1117 τόν

454 1152 850 1208 conductorum
877 1149 1119 1206 ostendit
1141 1164 1264 1205 esse
1290 1150 1507 1206 vineam
1530 1148 1612 1215 ⁸³;
1645 1149 1886 1205 fructum
1912 1164 2014 1205 ver

2146 1153 2334 1223 dnodr
2376 1152 2633 1209 ἐκεῖνον.
2665 1151 2991 1225 Τὴνιαὺτὴν
3030 1151 3128 1205 καὶ
3173 1149 3467 1222 ἀμπελῶνα
3504 1151 3586 1206 διά
3603 1156 3682 1227 τῆς

453 1243 750 1314 geniminis
792 1250 905 1297 tam
953 1240 1294 1297 tricesimum
1341 1258 1504 1311 quam
1548 1242 1945 1313 sexagesimum
1990 1257 2013 1297 ε

2148 1245 2466 1317 παραϐολῆς
2497 1245 2609 1301 τῶν
2643 1245 2893 1318 ἐργατῶν
2932 1244 3045 1299 τῶν
3096 1243 3476 1317 μισθωθέντων
3514 1244 3685 1312 ἔδειξε.

452 1332 820 1389 centesimum
852 1332 899 1363 “
936 1347 1033 1413 eos
1080 1333 1287 1389 referre
1333 1334 1542 1389 clarum
1586 1346 1669 1390 est
1711 1335 1805 1405 qui
1838 1336 2012 1391 Christ

2147 1340 2361 1410 καρπὸν
2383 1339 2441 1392 δὲ
2464 1340 2801 1410 γεννήματος
2831 1338 2923 1392 τὸν
2942 1340 3000 1392 ἐν
3033 1337 3332 1410 τριάκοντα
3363 1337 3454 1392 καὶ
3478 1338 3532 1393 ἐν
3560 1338 3667 1411 ἐξή-

453 1426 858 1497 philosophiam
917 1425 1214 1494 excolunt,
1266 1436 1324 1481 et
1376 1428 1610 1483 virtutes
1666 1429 1725 1483 in
1772 1443 1837 1483 ea
1888 1428 2013 1499 plan

2148 1451 2315 1488 κοντα
2367 1437 2461 1488 καὶ
2494 1434 2690 1488 ἑκατὸν
2717 1431 2939 1502 εὔδηλον
2968 1431 3046 1495 ὡς
3078 1427 3417 1502 γεωργοῦσιν
3444 1431 3492 1484 oi
3521 1429 3609 1502 τὴν
3633 1433 3679 1488 ἐν

458 1527 595 1573 tant.
2147 1524 2371 1597 Χριστῷ
2399 1523 2722 1593 φιλοσοφίαν
2748 1522 3168 1594 μελετήσαντες,
3191 1519 3287 1574 καὶ
3314 1519 3510 1590 ἀρετάς
3535 1520 3588 1573 ἐν
3611 1522 3687 1575 αὖ·

2147 1619 2214 1688 τῇ
2246 1614 2559 1685 καταφυτεύ
2568 1630 2783 1678 σαντες.

526 1701 690 1757 Vens.
740 1702 901 1771 38.1
942 1702 1011 1758 Et
1062 1702 1346 1759 benedixit
1402 1717 1537 1771 eos,
1590 1712 1647 1758 et
1702 1702 2045 1773 multiplicati

2225 1726 2243 1760 ι
2287 1707 2398 1761 Καὶ
2430 1707 2726 1778 εὐλόγησεν
2760 1706 2985 1772 αὐτοὺς,
3024 1705 3122 1760 καὶ
3150 1703 3581 1777 ἐπληθύνθησαν.
3617 1724 3631 1759 ι

458 1802 607 1848 sunL
655 1812 673 1845 ι

530 1875 751 1939 scilicet
779 1900 845 1939 ex
872 1885 1163 1941 duodecim
1191 1885 1276 1940 vel
1306 1885 1449 1941 forte
1479 1885 1826 1957 septuaginta
1858 1885 1913 1939 in
1943 1885 2047 1939 tria
2079 1857 2090 1916 Ῑ

2235 1889 2367 1942 ’Δπδ
2396 1888 2507 1959 γὰρ
2535 1884 2744 1939 δώδεκα
2778 1885 2811 1954 ἢ
2849 1883 3013 1955 τυχὸν
3044 1883 3418 1955 ἐϐδομήκοντα
3453 1884 3529 1948 είς
3550 1884 3687 1955 χιλιά-

460 1977 653 2044 millia,
683 1978 883 2034 deinde
907 1980 1173 2049 quinque,
1197 1979 1397 2036 deinde
1421 1979 1479 2034 in
1508 1986 1587 2036 tot
1614 1987 1849 2035 centena
1878 1980 2020 2035 milli

2150 1981 2248 2046 δας
2293 1983 2447 2051 τρεῖς
2471 2019 2485 2045 ,
2524 1976 2643 2032 εῐτα
2695 1978 2884 2043 πέντε,
2924 1973 3047 2030 εἶτα
3089 1976 3292 2047 μυρίας
3350 1976 3478 2039 ὅσας
3512 1976 3686 2047 ὁρῶμεν

458 2079 594 2139 quot
650 2070 903 2127 videmus
959 2072 1345 2144 profecerunt;
1393 2089 1518 2143 quae
1566 2072 1641 2128 uti
1692 2088 1793 2143 par
1835 2082 1920 2128 est
1959 2074 2018 2145 jn

2126 2072 2503 2144 προέκοψαω
2534 2069 2790 2134 οὕστινας
2828 2070 3003 2140 κτήνη
3049 2068 3161 2124 τῶν
3231 2068 3539 2125 ἀποστόλων
3576 2069 3686 2123 εἰκό-

458 2170 648 2217 menta
687 2163 1063 2234 apostolorum
1104 2163 1419 2234 appellavit,
1454 2171 1644 2234 utpote
1685 2163 1754 2220 ab
1790 2164 1928 2235 ipsis
1964 2164 2018 2220 in

1964 2164 2049 2220 iu-
2150 2183 2280 2234 τως,
2309 2165 2384 2229 ὼς
2413 2164 2504 2218 ὑπ’
2528 2163 2709 2218 αὐτῶν
2737 2160 3210 2234 μαθητευθέντας,
3243 2161 3514 2216 ἐκάλεσεν.

459 2251 669 2306 stituta.

528 2344 690 2399 Vens.
731 2344 821 2399 40.
864 2364 885 2399 ι
934 2346 1119 2402 Eﬂ‘usa
1169 2356 1255 2404 est
1298 2348 1642 2420 contemptio
1684 2364 1853 2419 super
1894 2349 2048 2422 prin-

2230 2365 2248 2397 ι
2301 2344 2561 2416 Ἐξεχύθη
2585 2343 2937 2411 ἐξουδένωσις
2972 2342 3060 2396 ἐπ’
3082 2341 3354 2414 ἄρχοντας
3386 2339 3570 2396 αὐτῶν.
3602 2359 3620 2395 ι

457 2438 610 2508 cipes
638 2453 853 2494 eorum.
883 2458 903 2491 ι

529 2533 632 2599 Qui
669 2548 865 2605 nempe
895 2543 1167 2608 martyres
1204 2537 1270 2592 ad
1315 2538 1652 2609 impietatem
1691 2538 2047 2610 instigabant.

2223 2526 2361 2590 Τοὺς
2422 2524 2641 2578 ἀσεϐεῖν
2701 2522 3195 2593 προτρεπομένους
3251 2520 3378 2583 τοὺς
3429 2518 3688 2591 μάρτυρας.

458 2624 572 2678 lllis
607 2624 754 2680 enim
795 2625 1127 2683 instantibus
1173 2629 1291 2684 zelo
1339 2630 1502 2696 fidei,
1551 2631 1864 2702 principum
1913 2631 2015 2687 con

2163 2616 2566 2687 Ἐνισταμένων
2604 2614 2716 2684 γάρ
2777 2611 2959 2668 αὐτῶν
2992 2610 3073 2682 τῷ
3105 2610 3259 2682 ζήλῳ
3288 2611 3386 2680 τῆς
3408 2611 3688 2679 ξπίστεως,ή

458 2715 711 2784 templio,
747 2714 801 2771 id
847 2724 934 2772 est
966 2717 1245 2786 despectio
1290 2734 1356 2774 ac
1390 2719 1591 2786 vilitas,
1632 2721 1808 2777 ell‘usa
1854 2731 1958 2789 est,
1994 2738 2018 2777 e

2149 2710 2261 2766 τῶν
2288 2709 2571 2782 ἀρχόντων
2588 2705 2959 2773 ἐξουδένωσις,
2974 2705 3260 2759 τουτέστιν
3284 2703 3605 2774 ὁφαυλισμδς
3622 2702 3694 2755 καὶ

460 2807 776 2862 exundavit.
828 2807 1129 2878 Impiorum
1179 2810 1497 2882 principum
1544 2814 1890 2884 propositum
1936 2831 2020 2871 n01

2151 2806 2185 2875 ἡ
2208 2801 2479 2865 εὐτέλεια,
2518 2799 2776 2871 ἐξεχεῖτο,
2802 2798 2898 2853 καὶ
2925 2794 3282 2862 ἐπλεόναζεν.
3316 2796 3429 2851 Οὐκ
3462 2791 3525 2866 ἦν
3542 2794 3687 2865 ὁδδςή

456 2908 581 2950 erat
599 2898 719 2954 via:
749 2913 932 2969 neque
951 2900 1100 2956 enim
1125 2916 1226 2972 per
1243 2901 1525 2959 Christum
1556 2906 1930 2974 ambulabant,
1956 2924 2016 2978 qu

2151 2899 2262 2954 τῶν
2302 2896 2522 2953 ἀσεὸῶν
2556 2894 2839 2967 ἀρχόντων
2876 2892 3174 2965 πρόθεσις·
3218 2890 3341 2945 οὐδὲ
3366 2890 3471 2962 γὰρ
3504 2889 3692 2961 Χριστὸν

460 2998 582 3045 erat
630 3006 822 3046 revera
870 2991 990 3059 via,
1034 3001 1094 3050 et
1137 2994 1374 3064 veritas,
1425 3004 1483 3051 et
1529 2996 1659 3053 vita.
1705 2996 2019 3071 Quapropte

2150 2995 2251 3064 τὴν
2280 2992 2451 3055 ὅντως
2495 2989 2637 3057 ὁδὸν,
2678 2988 2776 3044 καὶ
2825 2987 2996 3059 ζωὴν,
3045 2986 3142 3041 καὶ
3187 2984 3477 3056 ἀλήθειαν,
3514 2981 3687 3036 ὥδευον.

460 3099 665 3154 scopus
703 3100 899 3140 eorum
928 3094 1049 3141 erat
1081 3087 1268 3144 invius
1307 3105 1321 3143 :
1354 3088 1625 3159 siquidem
1654 3092 1829 3161 spinis
1855 3091 2020 3164 impie

2154 3087 2358 3157 Διόπερ
2393 3084 2600 3148 ἄϐατος
2623 3084 2807 3139 αὐτῶν
2847 3083 2877 3136 δ
2922 3080 3127 3144 σκοπὸς
3176 3079 3458 3151 ὑπῆρχεν·
3488 3075 3691 3130 ἀκανθῶν

463 3175 593 3230 tatis
637 3190 703 3232 ac
743 3176 959 3233 tribulis
1012 3178 1342 3249 opplebatur
1383 3198 1398 3237 :
1440 3182 1498 3236 in
1550 3198 1660 3254 quo
1707 3182 1854 3241 Deus
1903 3185 2023 3257 ipso

2155 3179 2266 3250 γάρ
2284 3178 2395 3231 τῶν
2434 3177 2495 3244 ἐξ
2540 3174 2801 3239 ἀσεσείας
2832 3173 2931 3228 καὶ
2965 3170 3238 3245 τριϐόλων
3284 3170 3618 3242 πεπλήρωτοι
3650 3167 3691 3219 ὲν

459 3267 700 3339 decepit.
744 3268 1131 3328 Existimantes
1177 3274 1327 3329 enim
1368 3288 1428 3330 se
1463 3290 1565 3347 per
1599 3285 1900 3350 martyrum
1941 3295 2019 3336 ca:

2157 3267 2242 3347 ᾖό
2262 3271 2394 3335 Θεὸς
2424 3269 2625 3333 αὐτοὺς
2658 3267 2992 3339 ἐπλάνησεν.
3033 3264 3295 3337 Οίόμενοι
3335 3263 3443 3334 γάρ
3475 3261 3690 3316 πλατυνο-

456 3360 590 3415 dem
620 3360 733 3431 jam
781 3362 1063 3419 dilatatam
1105 3379 1171 3421 ac
1208 3377 1525 3424 currentem
1563 3369 1727 3425 ﬁdem
1759 3370 2016 3427 incisum!

2158 3366 2326 3437 μένην
2355 3363 2456 3435 τὴν
2495 3362 2679 3416 πίστιν
2724 3360 2823 3415 καὶ
2850 3360 3155 3432 τρέχουσαν
3181 3357 3504 3413 ἀνακόπτειν
3526 3354 3601 3409 διὰ
3618 3354 3690 3423 τῆς

463 3454 823 3523 aberrarunt;
851 3458 1296 3528 quandoquidem
1322 3460 1429 3532 ipsi
1448 3462 1517 3518 ad
1539 3461 1764 3535 gloriam
1790 3473 1845 3520 et
1870 3464 2022 3522 incre

2153 3456 2263 3511 τῶν
2292 3454 2593 3528 μαρτύρων
2623 3452 2985 3525 ἀναιρέσεως,
3007 3450 3329 3505 ἐπλανῶντο
3351 3464 3367 3482 ⁸
3398 3447 3571 3517 ἐπειδὴ
3589 3445 3690 3517 πρὸς

464 3550 714 3599 mentum
740 3545 989 3616 mysterii
1015 3547 1169 3604 zelus
1198 3559 1497 3623 martyrum
1527 3553 1823 3610 exstiterit.

2154 3547 2313 3619 δόξης
2338 3548 2475 3619 αὐτῇ
2511 3545 2606 3600 καὶ
2628 3543 2917 3617 προκοπῆς
2940 3543 3038 3597 τοῦ
3076 3542 3385 3615 μυστηρίου
3411 3542 3440 3595 ό
3456 3540 3596 3612 ζῆλος
3610 3536 3690 3591 τῶν

2159 3642 2457 3714 μαρτύρων
2487 3638 2729 3709 ἐγένετο.

533 3718 699 3775 Vens.
724 3720 816 3776 ιι.
846 3739 867 3776 ι
901 3721 970 3777 Et
988 3723 1200 3794 adjuvit
1226 3741 1524 3798 pauperem
1551 3729 1620 3785 de
1644 3730 1850 3802 inapia.
1887 3752 1905 3785 ι

1895 3752 1905 3785 ι
2233 3750 2253 3783 ι
2283 3732 2397 3786 Καὶ
2427 3730 2730 3802 ἐὸοήθησεν
2764 3728 2963 3801 πένητι
2987 3729 3053 3783 ἐκ
3090 3727 3395 3800 πτωχείας.
3434 3745 3455 3780 ι

536 3809 864 3882 Pauperem,
906 3813 963 3869 id
1010 3823 1118 3883 est,
1164 3817 1428 3888 populum
1474 3818 1568 3888 qui
1615 3822 2054 3890 persecutionem

2229 3817 2453 3895 Πένητι,
2489 3822 2760 3886 τουτέστι,
2801 3819 2880 3891 τῷ
2916 3820 3238 3893 διωκομένῳ
3272 3818 3405 3891 λαῷ.
3430 3817 3585 3886 Πένης
3610 3813 3692 3884 γὰρ

466 3903 798 3974 patiebatur.
844 3903 1062 3977 Pauper
1101 3907 1250 3963 enim
1291 3916 1409 3964 erat
1443 3910 1537 3981 qui
1578 3912 1791 3967 nullum
1822 3914 2026 3971 babeba

2157 3914 2227 3990 ῆν
2246 3915 2505 3986 οὐδεμίαν
2535 3913 2677 3985 ἔχων
2702 3915 2761 3968 ἐν
2790 3913 3102 3985 ἀνθρώποις
3129 3912 3450 3984 ἐπικουρίας
3473 3908 3689 3980 ὕπαρξινο

469 3997 523 4050 in
570 3996 889 4053 hominibus
937 3999 1252 4068 praesidium
1290 4019 1306 4056 :
1346 4017 1535 4057 verum
1579 4018 1647 4059 ex
1684 4005 1787 4060 hac
1818 4022 2028 4078 pauper

2158 4009 2275 4065 ἀλλ’
2295 4010 2362 4061 ἐκ
2377 4007 2582 4077 ταύτης
2595 4003 2743 4077 αὐτῷ
2760 4007 2860 4078 τῆς
2886 4005 3161 4076 πτωχείας
3188 3996 3691 4075 ὲὸοήθησεννἙπειδὴ

468 4098 581 4145 tate
608 4090 713 4160 ipsi
733 4105 895 4162 Opem
920 4092 1064 4146 tulit.
1090 4093 1226 4148 Cum
1252 4095 1541 4152 hominum
1564 4096 1808 4154 favorem
1831 4101 2028 4156 minim

2160 4102 2270 4174 γὰρ
2315 4099 2622 4171 ἀνθρώπων
2664 4099 2766 4153 οὐκ
2813 4094 2931 4170 εἶχε
2980 4098 3176 4172 ῥοπὴν,
3231 4098 3430 4162 πάντες
3474 4095 3525 4149 δὲ
3570 4091 3692 4148 αὐτὸν

470 4182 733 4248 haberet,
775 4182 873 4238 sed
914 4198 1136 4252 onmes,
1184 4194 1296 4241 tam
1344 4188 1533 4259 populi
1581 4205 1745 4260 quam
1801 4210 1956 4266 reges
2003 4212 2030 4252 e

2160 4194 2483 4266 ἐπολέμουν,
2512 4192 2674 4263 δῆμοι
2706 4192 2802 4246 καὶ
2843 4190 3087 4262 βασιλεῖς
3137 4191 3233 4245 καὶ
3250 4191 3520 4262 ἄρχοντες,
3545 4187 3571 4238 ὁ
3595 4181 3689 4244 Θεδς

471 4270 772 4340 principes,
803 4271 982 4341 ipsum
1021 4285 1427 4345 oppugnarent,
1458 4276 1602 4335 Deus
1644 4291 1765 4337 erat
1802 4285 1855 4339 ei
1904 4286 2031 4359 adju

2159 4284 2228 4361 ἦν
2279 4286 2474 4359 βοηθός
2493 4303 2507 4316 '
2548 4277 2722 4356 ἐς)νῷ
2766 4284 2862 4338 καὶ
2913 4283 3125 4349 πάντας
3177 4282 3306 4350 τοὺς
3364 4281 3609 4352 πολέμους
3632 4291 3692 4330 νε-

475 4377 562 4423 tor
589 4384 602 4421 :
629 4367 686 4422 in
726 4383 836 4437 quo
857 4367 1024 4422 etiam
1058 4384 1252 4426 omnes
1292 4370 1544 4429 inimicos
1582 4378 1881 4447 superavit.
2162 4383 2405 4453 νίκηκεν.

550 4477 571 4511 ι
607 4457 674 4512 Ει
694 4459 882 4528 posuit
910 4459 1053 4514 sicut
1076 4476 1209 4515 oves
1237 4460 1491 4518 familias.
1526 4485 1544 4519 ι

2240 4494 2259 4527 ι
2303 4474 2412 4528 Καὶ
2435 4471 2587 4526 ἔθετο
2619 4471 2696 4536 ὡς
2721 4471 2974 4543 πρόϐατα
3002 4471 3260 4543 πατριᾶς.
3299 4488 3319 4522 ι

544 4549 1010 4623 Congregationes
1067 4563 1367 4623 martyrum
1427 4557 1749 4627 appellavit;
1807 4563 2104 4631 quando-1

2132 4570 2142 4613 l
2238 4565 2319 4620 Τά
2351 4566 2674 4634 συστήματα
2716 4563 2825 4616 τῶν
2867 4563 3165 4635 μαρτύρων
3206 4563 3495 4617 ἐκάλεσεν’
3525 4553 3692 4623 ἐπειδή·

468 4641 698 4711 quidem
729 4657 797 4696 ex
832 4641 1005 4698 variis
1045 4641 1387 4700 facinoribus
1417 4651 1699 4718 generosis
1730 4653 1815 4708 vel
1849 4655 2028 4710 meriti

2165 4675 2273 4730 περ
2293 4659 2359 4711 ἐκ
2377 4656 2651 4726 διαφόρων
2684 4655 3140 4724 ἐπιτηδευμάτων
3165 4654 3199 4726 ἢ
3232 4652 3542 4727 ἀξιωμάτων
3570 4646 3691 4715 ἐτύγ-

470 4734 811 4790 exstiterint.
862 4735 975 4791 llos
1038 4745 1299 4808 tanquam
1360 4755 1493 4797 oves
1551 4745 1770 4814 posuit,
1825 4757 2030 4803 mortem

2164 4769 2348 4824 χανον.
2385 4750 2622 4813 Τούτους
2650 4748 2726 4812 ὡς
2770 4746 3023 4819 πρόϐατα
3054 4745 3235 4813 ἔθετο,
3268 4745 3360 4802 τὸν
3386 4746 3594 4800 θάνατον
3619 4736 3691 4792 αὖε

472 4826 726 4895 ipsorum
761 4842 861 4896 pro
893 4829 1164 4885 sacriﬁcio
1193 4831 1526 4903 suscipiens.

1510 4873 1526 4889 ο
2166 4850 2276 4904 τῶν
2304 4849 2426 4902 ἀντὶ
2455 4846 2651 4909 Θυσίας
2680 4843 2995 4913 δεξάμενος.
3056 4858 3065 4866 ·

551 4913 714 4970 Vens.
751 4916 841 4971 45.
880 4936 899 4970 ι
935 4915 1071 4984 Quis
1099 4922 1321 4991 sapiens
1350 4931 1406 4977 ct
1430 4924 1703 4980 custodiet
1727 4926 1878 4982 haec?
1911 4946 1930 4979 ι

1727 4926 1878 4982 ιιωοῖ
1911 4946 1930 4979 ι
2244 4960 2264 4995 ι
2290 4940 2387 5003 Τίς
2417 4939 2599 5009 σοφὸς,
2635 4938 2730 4993 καὶ
2754 4935 2981 5005 φυλάξει
3010 4934 3185 4990 ταῦτα
3218 4953 3231 5003 ;
3267 4954 3286 4987 ι

551 5009 676 5065 Uno
712 5010 965 5082 sapiente
1006 5012 1110 5069 ista
1157 5016 1508 5072 custodiente
1542 5020 1714 5074 multa
1752 5034 1853 5087 per
1883 5022 2063 5094 ipsum

2257 5032 2408 5097 Ἐνὸς
2444 5029 2608 5099 σοφοῦ
2626 5028 2798 5082 ταῦτα
2832 5028 3194 5097 φυλάττοντος
3234 5025 3401 5096 πολλὴ
3432 5022 3621 5083 σύνεσις
3644 5015 3693 5069 δι’

474 5104 710 5160 scientia
751 5106 1103 5177 cognitioque
1136 5109 1375 5164 exsistit.
1416 5104 1501 5164 Tu
1543 5111 1711 5181 igitur
1751 5127 1879 5168 eum
1924 5117 2034 5171 scia

2173 5122 2339 5179 αὐτοῦ
2370 5122 2468 5175 καὶ
2509 5120 2805 5188 ἐπίγνωσις
2833 5118 3068 5187 γίνεται.
3108 5118 3180 5172 Σὺ
3218 5118 3394 5170 τοίνυν
3439 5112 3606 5186 μαθὼν
3632 5108 3692 5161 ὅτι

476 5197 662 5267 ipsum
699 5195 839 5269 legis
879 5199 1165 5254 custodem
1197 5201 1503 5271 appellasse
1531 5203 1861 5273 sapientem,
1896 5208 1940 5263 si
1975 5224 2034 5264 sa

2175 5215 2336 5284 σοφὸν
2356 5212 2446 5265 τὸν
2481 5210 2703 5280 φύλακα
2753 5208 2848 5263 τοῦ
2877 5209 3046 5280 νόμου
3092 5206 3537 5281 προσηγόρευσεν,
3575 5202 3615 5255 εί
3636 5213 3694 5251 σο-

478 5287 748 5356 pientiam
795 5287 1114 5354 desideres,
1168 5290 1343 5360 legem
1394 5306 1626 5361 operare
1664 5308 1681 5347 :
1717 5294 1862 5350 actio
1913 5298 2038 5353 enin

2174 5306 2304 5376 φίας
2340 5302 2653 5373 ἐπιθυμεῖς,
2691 5299 2928 5372 ἐργάζου
2979 5300 3071 5355 τὸν
3117 5300 3311 5372 νόμονο
3359 5294 3587 5368 προκοπὴ
3611 5288 3692 5361 γὰρ

478 5375 730 5446 proﬁcua
767 5386 858 5434 est
899 5376 1353 5451 iutelligentibus.
1403 5378 1561 5436 Haud
1608 5399 1839 5453 parvum
1880 5396 2038 5444 auten

2170 5375 2284 5460 τοῖς
2332 5393 2575 5457 συνετοῖς
2613 5393 2649 5464 ἡ
2698 5389 2918 5463 πρᾶξις.
2969 5391 3044 5445 Τὸ
3093 5391 3280 5464 κέρδος
3318 5389 3376 5445 δὲ
3415 5388 3474 5442 οὐ
3518 5377 3691 5454 μικρὸν.

481 5468 617 5525 hinc
647 5481 869 5525 emanat
904 5470 1363 5537 emolumentum,
1401 5473 1843 5544 quandoquidem
1889 5485 1958 5539 te.
1986 5480 2037 5535 le

2173 5486 2363 5558 ἐπειδὴ
2418 5485 2514 5539 σοῦ
2542 5483 2635 5538 τὸν
2672 5483 2835 5554 νόμον
2872 5482 3236 5556 φυλάττοντος
3292 5481 3454 5555 ἕτεροι
3498 5475 3558 5532 τά
3595 5468 3690 5539 ὲλέη

484 5575 608 5631 gem
644 5561 994 5618 custodiente
1038 5561 1230 5633 reliqui
1279 5562 1689 5625 misericordias
1721 5567 1937 5627 Domini
1977 5573 2044 5628 in.

1279 5562 1689 5625 misericordias
1721 5567 1937 5627 Domini
1977 5573 2067 5628 in-
2175 5577 2276 5633 τοῦ
2306 5576 2444 5631 Θεοῦ
2476 5576 2818 5649 συνήσουσιν.

483 5652 763 5709 tellecturi
797 5653 930 5710 sint.

562 5855 608 5890 ι’
641 5851 835 5910 Matth.
874 5873 995 5924 xm,
1020 5854 1107 5912 44.
1187 5857 1233 5891 ⁸³
1261 5858 1457 5919 Matth.
1489 5879 1580 5932 xx,
1618 5864 1671 5921 1.
1750 5863 1797 5897 ⁸⁵
1823 5862 2017 5921 Matth.
2042 5880 2159 5936 ιιιιι,
2195 5866 2250 5922 8.
