3950 6408
398 380 530 447 1311

1603 399 1971 462 HESYCHII
2003 403 2481 468 PRESBYTERI

3539 412 3681 477 1312

390 498 563 555 carni.
600 499 906 571 (Siquidem
935 519 1045 559 non
1076 506 1382 563 secundum
1411 508 1884 582 imaginationem,
1922 533 1954 571 u

2088 517 2165 573 κί.
2194 521 2353 589 (Οὐδὲ
2386 520 2497 594 γὰρ
2553 522 2699 578 κατὰ
2754 523 3078 594 φαντασίαν,
3111 523 3188 589 ὥς
3217 542 3362 588 τινες
3397 523 3508 578 τῶν
3538 533 3690 595 alpe-

390 591 611 658 quidam
661 594 907 650 haeretici
952 598 1233 665 sentiunt,
1284 601 1384 657 sed
1430 605 1733 660 secundum
1778 608 1982 664 verita—

393 693 502 736 tem
543 683 689 740 Deus
735 687 973 745 Verbum
1016 707 1243 748 carnem
1290 698 1635 768 assumpsit.)
1675 699 1791 756 Hoc
1833 702 1982 757 enim

389 777 458 830 ad
487 778 911 847 explicationem
951 792 1008 839 ct
1046 786 1529 843 conﬁrmationem
1577 789 1744 847 David
1782 792 1982 851 iterum

387 868 547 935 dixit,
574 871 781 930 Veritas
812 876 877 930 de
909 884 1053 932 terra
1088 888 1207 934 orta
1245 889 1321 935 est
1342 880 1411 947 ³⁷,
1444 882 1838 939 humanitatem
1872 887 1982 942 Do-

390 962 525 1017 mini
567 963 919 1038 intelligens;
955 985 1080 1040 quaa
1109 971 1178 1026 de
1210 979 1351 1028 terra
1383 983 1595 1043 nostra,
1625 977 1838 1033 scilicet
1876 979 1981 1034 bu-

388 1068 566 1108 manaa
598 1064 830 1123 naturai,
863 1067 982 1114 orta
1013 1067 1119 1116 est.
1163 1061 1355 1134 Magna
1397 1064 1563 1137 igitur
1595 1081 1765 1136 supra
1809 1070 1981 1126 cmlos

359 1134 366 1215 θ’
387 1154 473 1200 est
495 1145 701 1205 Christi
729 1149 993 1207 divinitas
1023 1162 1250 1225 propter
1280 1134 1530 1227 gloriam,
1558 1134 1720 1228 quae
1741 1162 1980 1231 propriis

385 1240 685 1298 virtutibus
715 1246 1051 1314 gloriﬁcatus
1088 1248 1194 1305 fuit
1226 1268 1239 1305 :
1273 1252 1330 1306 in
1362 1263 1511 1308 terra
1546 1255 1699 1311 enim
1750 1258 1977 1316 minime

385 1333 742 1401 noscebatur,
777 1344 834 1390 et
861 1352 1028 1393 carne
1054 1339 1509 1398 obumbrabatur.

457 1421 616 1477 Vens.
642 1423 694 1478 6.
731 1443 749 1476 ‹
783 1424 1040 1484 Exaltare
1070 1445 1237 1500 super
1265 1433 1459 1499 caelos,
1497 1433 1665 1492 Deus.
1699 1456 1719 1490 ο

458 1510 645 1569 Viden’
708 1524 770 1570 ut
830 1516 1000 1573 David
1062 1520 1268 1578 Christi
1332 1525 1715 1582 ascensionem
1772 1529 1976 1599 praedi-

381 1618 535 1668 cens,
563 1606 717 1675 prius
747 1609 977 1665 nubium
1017 1611 1211 1668 fecerit
1245 1615 1623 1671 mentionem?
1650 1618 1794 1674 Ecce
1825 1622 1972 1676 enim

379 1696 544 1750 etiam
600 1713 748 1754 nunc
805 1702 937 1770 quid
1001 1702 1180 1759 simile
1233 1707 1586 1777 proponitur,
1655 1725 1857 1782 nempe
1911 1721 1974 1768 ut

378 1787 654 1843 cxaltetur
682 1788 828 1846 Deus
859 1808 1028 1863 super
1057 1796 1227 1850 coelos
1256 1796 1604 1865 celebratus;
1647 1801 1777 1857 licet
1816 1819 1964 1859 sem-

2088 610 2257 663 τικῶν
2303 613 2580 680 δοκοῦσιν,
2611 616 2750 670 ἀλλὰ
2794 617 2918 669 κατ’
2962 616 3221 686 ἀλήθειαν
3262 618 3293 670 6
3335 615 3469 679 Θεὸς
3514 617 3690 684 Λόγος

2088 701 2458 772 σεσάρκωται.
2484 704 2503 772 )
2529 704 2705 759 τοῦτο
2744 705 2853 778 γὰρ
2908 708 2989 771 είς
3016 707 3313 778 ἑρμηνείαν
3351 708 3449 760 καὶ
3476 706 3683 761 σύστα-

2099 809 2185 845 σιν
2212 795 2241 846 6
2268 793 2434 848 Δαῦὶδ
2472 796 2638 849 πάλιν
2681 796 2893 866 ἔλεγεν,
2932 796 3006 851 Ἦ
3045 795 3301 864 ἀλήθεια
3322 797 3395 849 ἐκ
3426 795 3543 864 τῆς
3570 792 3686 865 τῆς

2084 883 2395 952 ἀνέτειλε,
2443 887 2543 959 τὴν
2592 888 2993 961 ἀνθρωπὸτητα
3034 887 3128 941 τοῦ
3184 888 3396 959 Κυρίου
3458 888 3682 956 λέγων’

2082 977 2182 1050 τὴν
2229 980 2339 1033 άπδ
2376 981 2480 1051 τῆς
2512 982 2793 1053 ἡμετέρας
2824 982 2948 1053 γῆς,
2994 980 3200 1053 δηλαδὴ
3246 981 3347 1054 τῆς
3394 979 3681 1053 ἀνθρωπί-

2083 1090 2181 1143 νης
2218 1072 2456 1143 φύσεως,
2494 1074 2879 1129 ἀνατείλασαν.
2920 1073 3081 1142 Μέγα
3120 1073 3304 1125 τοίνυν
3340 1074 3535 1127 ἐπάνω
3572 1072 3684 1127 τῶν

2082 1162 2334 1232 ούρανῶν
2363 1165 2397 1234 ἡ
2447 1163 2541 1217 τοῦ
2587 1164 2831 1235 Χριστοῦ
2870 1165 3065 1235 θεότης
3110 1165 3199 1218 διὰ
3252 1166 3351 1235 τὴν
3401 1164 3589 1230 δόξαν,
3614 1165 3684 1238 ἢν

2085 1257 2241 1320 παρὰ
2266 1253 2375 1307 τῶν
2405 1254 2628 1308 οἰκείων
2647 1255 2932 1325 δυνάμεων
2961 1254 3278 1320 ἐδοξάζετο·
3306 1257 3404 1309 ἐπὶ
3435 1259 3543 1327 γῆς
3569 1257 3684 1326 γὰρ

2080 1344 2352 1414 ἠγνοεῖτο,
2391 1346 2488 1397 καὶ
2520 1347 2582 1417 τῇ
2624 1347 2790 1417 σαρκὶ
2818 1348 3225 1411 ωνεσκιάζετο.

2155 1453 2174 1485 ι
2217 1435 2492 1508 ’Υψώθητι
2517 1437 2609 1490 ἐπὶ
2636 1439 2763 1503 τοὺς
2787 1438 3070 1510 οὐρανοὺς,
3090 1441 3119 1491 6
3136 1438 3289 1502 Θεός.
3325 1456 3345 1490 ι

2147 1527 2390 1599 Θεωρεῖς
2428 1529 2511 1582 ὃτι
2554 1526 2650 1582 τοῦ
2700 1528 2939 1601 Χριστοῦ
2989 1529 3089 1600 τὴν
3129 1530 3402 1602 ἀνάληψιν
3457 1532 3487 1584 6
3511 1529 3679 1585 Δασὶδ

2074 1619 2439 1691 προφητεύων
2463 1660 2478 1686 ,
2518 1620 2629 1675 τῶν
2662 1621 2909 1692 νεφελῶν
2956 1620 3272 1695 ἔμπροσθεν
3321 1623 3677 1693 ἐμνημόνευ-

2074 1726 2206 1776 σεν;
2244 1710 2373 1764 Ἰδοὺ
2423 1712 2535 1783 γὰρ
2567 1711 2665 1766 καὶ
2697 1711 2794 1766 νῦν
2838 1713 3023 1784 ὅμοιον
3057 1713 3413 1780 ὑποτίθεται,
3450 1713 3676 1783 ὑψωθῆ-

2072 1818 2162 1856 ναι
2188 1803 2281 1855 τὸν
2300 1802 2436 1858 Θεὸν
2460 1803 2554 1857 ἐπὶ
2582 1805 2713 1868 τοὺς
2737 1803 3003 1875 οὐρανοὺς
3037 1804 3484 1876 πρεσϐευόμενος
3506 1820 3520 1834 ο
3551 1804 3669 1857 acal-

376 1894 476 1949 per
514 1880 569 1935 in
609 1883 942 1940 sublimibus
978 1886 1226 1953 exsistat,
1266 1889 1343 1944 uti
1377 1891 1457 1946 ait
1490 1892 1658 1948 Isaias
1684 1912 1699 1949 :
1730 1894 1954 1951 Sanctus

2063 1910 2146 1947 τοι
2168 1894 2463 1959 διαπαντὸς
2492 1898 2550 1949 ὲν
2572 1873 2978 1966 ὑψηλοῖς-ὅντα,
3001 1873 3149 1950 καθά
3175 1873 3342 1965 φησιν
3360 1895 3665 1959 ὁἪσαταςο

373 1969 634 2027 Dominus
670 1975 761 2045 qui
791 1976 850 2029 in
881 1976 1006 2031 altis
1041 1979 1247 2034 habitat
1272 1981 1339 2035 ⁸⁸⁸.
1373 1981 1546 2039 David
1572 1999 1705 2041 vero
1732 1987 1815 2042 sic
1843 2005 1856 2041 :
1883 1988 1958 2043 Tu

371 2063 516 2117 solus
564 2064 867 2122 Altissimus
911 2085 1070 2138 super
1113 2086 1320 2126 omnem
1370 2080 1571 2129 terram
1609 2075 1675 2131 δ’.
1725 2077 1959 2136 Verum-

375 2162 557 2211 tamen
592 2158 976 2217 exaltationem
1008 2171 1169 2219 vocat
1205 2163 1485 2238 Unigeniti
1527 2183 1653 2225 cum
1691 2184 1861 2228 carne
1902 2173 1956 2228 in

371 2248 544 2304 ccelos
571 2263 884 2305 ascensum.

414 2337 607 2395 'Vsns.
642 2341 695 2396 7.
743 2362 763 2395 ι
794 2343 869 2400 Ut
899 2344 1206 2403 liberentur
1232 2349 1542 2408 dilectitui.
1581 2373 1600 2407 ι

439 2428 631 2487 Dilecti
664 2432 759 2489 Dei
797 2444 928 2491 sunt
964 2436 1041 2491 illi
1084 2438 1338 2497 homines
1369 2443 1463 2512 qui
1494 2459 1597 2515 per
1623 2445 1744 2518 ejus
1774 2446 1831 2502 in
1862 2463 1957 2520 ge-

358 2534 476 2599 nus
520 2531 768 2579 nostrum
813 2525 1166 2585 dilectionem
1205 2534 1405 2589 servati
1445 2544 1595 2603 sunt,
1622 2553 1761 2608 quos
1793 2540 1958 2595 etiam

367 2610 429 2666 in
466 2613 667 2669 coelum
711 2617 982 2675 exaltatus
1025 2620 1094 2675 ab
1136 2623 1359 2693 antiqua
1404 2627 1721 2696 captivitate
1764 2630 1960 2686 libera-

364 2703 475 2770 vit;
502 2706 960 2787 quemadmodum
993 2708 1191 2787 Paulus
1229 2714 1344 2768 ait:
1376 2714 1671 2773 Ascendens
1702 2721 1756 2775 in
1787 2721 1957 2775 altum

306 2790 309 2793 ’
365 2797 637 2864 captivam
683 2800 835 2853 duxit
887 2804 1281 2873 captivitatem,
1335 2806 1479 2860 dedit
1531 2809 1673 2864 dona
1727 2812 1957 2867 homini-

365 2881 463 2938 bus
500 2886 567 2940 '°.
627 2886 912 2944 Dexteram
965 2907 1097 2947 vero
1148 2893 1245 2949 Dei
1298 2910 1407 2950 non
1448 2898 1575 2968 quis
1619 2900 1959 2959 aberraverit

364 2972 631 3046 Spiritum
683 2990 932 3038 sanctum
982 2985 1322 3058 intelligens;
1373 2992 1816 3063 quandoquidem
1865 2997 1958 3053 hic

360 3083 580 3138 quoque
632 3069 728 3126 Dei
784 3073 984 3145 digitus
1035 3079 1370 3146 nominatur,
1429 3082 1635 3154 quippe
1688 3084 1956 3143 Trinitate

2063 1985 2260 2055 Ἄγιος
2275 1986 2492 2056 Κύριος
2513 1989 2547 2042 ὁ
2582 1988 2653 2042 ἐν
2683 1988 2948 2057 ὑψηλοῖς
2989 1987 3301 2044 κατοικῶν.
3355 1989 3469 2043 Καὶ
3500 1988 3671 2043 Δαδὶδ

2060 2076 2117 2131 δὲ
2147 2076 2323 2143 οὕτως
2348 2094 2361 2110 ο
2400 2078 2485 2134 Σὺ
2506 2081 2696 2150 μόνος
2754 2080 2855 2135 ἐπὶ
2891 2081 3104 2136 πᾶσαν
3160 2082 3279 2151 τὴν
3327 2081 3469 2152 γῆν.
3523 2081 3668 2135 Ἀλλ’

2062 2168 2272 2240 ὓψωσιν
2313 2172 2408 2226 ἐπὶ
2434 2174 2564 2239 τοὺς
2591 2164 2862 2246 οὐρανοὺς
2891 2174 2987 2229 τοῦ
3023 2175 3160 2231 Θεοῦ
3185 2218 3200 2244 ,
3245 2177 3406 2231 καλεί
3445 2176 3551 2248 τὴν
3584 2176 3665 2261 είς

2059 2261 2288 2332 οὐρανὸν
2317 2263 2410 2317 τοῦ
2441 2258 2781 2335 Μονογενοῦς
2811 2265 2951 2337 μετὰ
2978 2268 3180 2339 σαρκὸς
3200 2266 3405 2323 ἄνοδον.

2136 2370 2157 2405 ι
2190 2352 2381 2415 Ὅπως
2414 2355 2483 2409 ἂν
2514 2355 2794 2427 ῥυσθῶσιν
2832 2359 2882 2411 oi
2910 2358 3192 2429 ἀγαπητοί
3221 2376 3336 2416 σου.
3366 2377 3386 2412 ι

2144 2442 2451 2514 Ἀγαπητοί
2507 2443 2603 2499 τοῦ
2638 2444 2778 2499 Θεοῦ
2814 2446 2866 2500 oi
2921 2446 3189 2511 σωθέντες
3220 2446 3388 2502 αὑτοῦ
3428 2447 3522 2503 διὰ
3560 2448 3663 2523 τῆς

2059 2534 2285 2605 ἀγάπης
2312 2536 2411 2606 τῆς
2466 2535 2606 2608 πρὸς
2621 2536 2687 2591 τὺ
2717 2536 2879 2607 γένος
2920 2537 2983 2593 τὸ
3019 2540 3291 2613 ἡμέτερον
3333 2540 3657 2613 ἄνθρωποι·

2059 2625 2270 2698 οὕσπερ
2300 2629 2397 2682 καὶ
2428 2628 2738 2700 ἁνυψωθεὶς
2764 2633 2846 2695 είς
2881 2631 3115 2703 οὐρανὸν
3137 2632 3247 2687 άπὸ
3283 2633 3385 2704 τῆς
3423 2634 3659 2705 ἀρχαίας

2060 2716 2442 2789 αἰχμαλωσίας
2458 2720 2765 2793 ἐρρύσατοο
2796 2722 2943 2777 καθά
2974 2741 3141 2794 φησιν
3166 2726 3195 2778 6
3226 2724 3467 2792 Παῦλος,
3495 2727 3657 2779 Ἄνα-

2059 2811 2166 2877 6ὰς
2203 2811 2292 2877 είς
2321 2809 2483 2880 ὕψος
2501 2811 2981 2881 ᾐχμαλώτευσεν
2996 2816 3445 2885 αἰχμαλωσίαν,
3469 2815 3659 2872 ἔδωκε

2058 2897 2287 2973 δόματα
2320 2900 2392 2955 ἐν
2417 2900 2774 2969 ἀνθρώποις.
2817 2902 3011 2970 Δεξιὰν
3039 2903 3097 2956 δὲ
3124 2904 3221 2959 τοῦ
3260 2905 3398 2959 Θεοῦ
3433 2907 3545 2960 οὐκ
3590 2907 3655 2962 ἄν

2056 3000 2144 3049 τις
2198 2986 2442 3058 ἁμάρτοι
2485 2988 2549 3042 τὸ
2579 2988 2817 3060 Πνεῦμα
2861 2992 3289 3064 προσαγορεύων
3328 2995 3392 3048 τὸ
3451 2995 3648 3065 ἅγιον

2058 3076 2247 3149 ἐπειδὴ
2274 3079 2370 3132 καὶ
2391 3078 2529 3133 Θεοῦ
2550 3079 2813 3145 δάκτυλος
2851 3082 3206 3154 ὀνομάζεται,
3245 3084 3322 3150 ὡς
3353 3085 3457 3156 τῆς
3484 3087 3654 3157 Τριά-

364 3174 530 3213 unam
560 3161 922 3220 substantiam
967 3176 1023 3221 et
1052 3168 1312 3226 virtutem
1350 3180 1408 3228 et
1439 3176 1814 3245 Operationem
1850 3180 1950 3236 ha-

2063 3168 2146 3234 δος
2176 3170 2310 3239 μίαν
2345 3170 2581 3242 ἐχούσης
2618 3172 2811 3227 οὐσίαν
2844 3174 3081 3246 δύναμίν
3115 3192 3177 3230 τε
3209 3178 3307 3246 καὶ
3337 3179 3648 3250 ἐνέργειαν.

364 3250 547 3306 hente.
578 3252 754 3326 Rogat
786 3256 950 3328 igitur
984 3260 1250 3330 propheta
1285 3272 1346 3318 ut
1374 3279 1476 3320 nos
1507 3266 1783 3324 salvemur
1819 3278 1876 3326 et
1917 3287 1948 3327 a

2063 3259 2302 3330 Σωθῆναι
2330 3261 2516 3314 τοίνυν
2540 3262 2693 3332 ἡμᾶς
2724 3264 2755 3316 6
2782 3263 3081 3336 Προφήτης
3108 3267 3205 3321 καὶ
3233 3270 3647 3341 ἐπακουσθῆναι

362 3337 573 3410 Spiritu
610 3344 987 3413 esaudiamur,
1031 3363 1143 3419 quo
1174 3350 1445 3420 Spiritalcs
1478 3356 1775 3428 gratiaeque
1820 3360 1949 3417 inde

361 3431 739 3497 [.romanantis
785 3435 1083 3505 participes
1128 3439 1441 3498 evadamus.
1491 3443 1754 3503 Praedicta
1798 3451 1946 3507 enim

360 3526 515 3591 regat
535 3535 604 3578 ex
632 3527 911 3581 communi
945 3527 1229 3586 hominum
1258 3547 1516 3603 persona.
1622 3550 1641 3557 “

431 3716 592 3778 Vens.
628 3723 681 3778 8.
720 3744 741 3777 ι
772 3725 914 3784 Deus
947 3730 1162 3789 locutus
1195 3745 1282 3792 est
1310 3737 1367 3792 in
1402 3748 1592 3797 sancto
1625 3758 1743 3799 suo.
1776 3763 1795 3798 ι

423 3810 675 3870 Christus
706 3833 905 3892 nempe
935 3823 992 3877 in
1027 3826 1196 3882 choro
1236 3831 1631 3899 apostolorum.
1668 3835 1783 3893 Hoc
1810 3855 1944 3895 vero

352 3904 637 3994 sequentia
666 3906 965 3979 declarant,
997 3914 1053 3968 in
1088 3917 1291 3986 quibus
1319 3921 1614 3994 descripsit
1647 3925 1940 3986 Dominum

351 4009 418 4047 ex
444 3988 691 4067 tempore
716 4001 966 4071 petitioni
992 4003 1281 4079 Propheta;
1305 3988 1749 4085 respondentem.
1778 4019 1941 4077 Hisce

350 4087 669 4145 nominibus
699 4091 948 4165 designat
988 4098 1191 4155 donum
1224 4101 1463 4175 Spiritus
1490 4124 1510 4162 :
1538 4110 1683 4179 quod
1717 4112 1938 4182 quidem

351 4179 509 4235 vallis
566 4191 651 4237 est
700 4185 1213 4261 tabernaculorum,
1272 4195 1482 4252 scilicet
1535 4179 1935 4272 Ecclesiarum;

349 4271 790 4342 quandoquidem
849 4279 1174 4348 spiritalium
1231 4299 1496 4355 aquarum
1555 4295 1937 4365 congregatio-

348 4377 499 4427 nem,
541 4363 904 4436 baptismatis,
931 4371 1178 4443 inquam,
1200 4377 1258 4431 in
1276 4379 1416 4434 valle
1445 4380 1550 4437 hac
1578 4363 1781 4452 spiritui
1802 4401 1936 4458 sup-

2051 3350 2368 3422 παρακαλεῖ
2402 3351 2482 3420 τῷ
2514 3351 2820 3424 Πνεύματι,
2850 3355 2936 3411 ἵνα
2956 3360 3331 3427 πνευματικοὶ
3356 3360 3647 3432 γενώμεθα

2050 3443 2145 3497 καὶ
2171 3444 2272 3514 τῆς
2297 3444 2524 3514 χάριτος
2560 3446 2662 3515 τῆς
2707 3446 2926 3503 ἐκεῖθεν
2953 3449 3370 3523 κατερχομένης
3402 3454 3641 3524 μέτοχοι.

2062 3531 2197 3588 Ἀπὸ
2234 3535 2345 3604 γὰρ
2384 3534 2567 3589 κοινοῦ
2616 3536 2728 3591 τῶν
2773 3537 3087 3609 ἀνθρώπων
3128 3541 3430 3614 προσώπου
3468 3544 3538 3599 τὰ
3567 3547 3645 3599 εί-

2051 3626 2266 3697 Ρημένα
2295 3625 2683 3697 πρεσϐεύεται.
2782 3684 2790 3690 ,
2854 3668 2855 3671 η

2124 3757 2143 3790 ι
2189 3740 2250 3794 '0
2276 3740 2410 3805 Θεὸς
2430 3740 2695 3813 ἐλάλησεν
2724 3744 2783 3796 ὲν
2815 3743 2895 3815 τῷ
2927 3743 3071 3815 ἁγίῳ
3100 3744 3292 3800 αὐτοῦ.
3335 3764 3355 3799 ι

2139 3830 2197 3884 '0
2224 3832 2463 3903 Χριστὸς
2506 3835 2565 3887 ὲν
2586 3833 2666 3906 τῷ
2693 3834 2841 3907 χορῷ
2863 3836 2974 3889 τῶν
3003 3836 3324 3891 ἀποστόλων
3351 3878 3365 3901 ,
3389 3837 3636 3911 εὔδηλον.

2044 3922 2206 3994 Δηλοτ
2232 3923 2290 3976 δὲ
2320 3923 2389 3978 τά
2421 3925 2688 3996 ἑπόμενα,
2721 3928 2781 3980 ὲν
2809 3923 2892 3991 οἷς
2924 3927 3018 3981 τὸν
3060 3928 3269 4001 Κύριον
3315 3930 3450 4001 περὶ
3501 3933 3640 3987 πόδα

2040 4014 2143 4085 τῆς
2164 4014 2260 4069 τοῦ
2295 4016 2588 4087 Προφήτου
2620 4006 2865 4089 δεήσεως
2895 4019 3340 4092 ἀποκρινόμενον
3366 4021 3634 4092 ἔγραψεν.

2041 4106 2266 4170 Τούτοις
2293 4110 2408 4172 τοῖς
2439 4108 2673 4179 ὀνόμασι
2715 4110 2817 4183 τὴν
2853 4111 3069 4183 δωρεὰν
3098 4115 3504 4187 χαρακτηρίζει
3541 4115 3638 4188 τοῦ

2039 4196 2397 4269 Πνεύματοςο
2437 4198 2662 4253 κοιλάδα
2693 4201 2795 4272 μὲν
2826 4200 2936 4255 τῶν
2977 4203 3219 4272 σκηνῶν,
3244 4205 3355 4258 τῶν
3401 4204 3636 4277 Ἐκκλη-

2041 4288 2173 4343 σιῶν
2202 4289 2468 4360 δηλονότι,
2497 4292 2887 4363 τυγχάνουσαν
2912 4308 2925 4323 '
2955 4294 3148 4367 ἐπειδὴ
3171 4295 3271 4367 τὴν
3294 4296 3402 4351 τῶν
3425 4298 3637 4369 νοητῶν

2038 4381 2249 4436 ὑδάτων
2286 4384 2634 4457 συναγωγὴν,
2689 4385 2838 4457 φημὶ
2873 4384 2939 4457 δὴ
2984 4385 3082 4441 τοῦ
3130 4386 3531 4461 βαπτίσματος,
3575 4393 3634 4446 ἐν

348 4453 1015 4535 peditante_possideant.
1069 4463 1146 4520 De
1193 4482 1303 4537 quo
1343 4469 1472 4526 alibi
1515 4471 1683 4529 David
1730 4475 1828 4544 ait,
1859 4453 1932 4531 Et

2063 4475 2102 4544 νῇ
2122 4473 2333 4527 κοιλάδι
2358 4474 2532 4546 ταύτῃ
2567 4453 2636 4546 τῇ
2669 4453 3003 4548 χορηγίᾳ-τῇ
3043 4453 3142 4532 τοῦ
3182 4453 3632 4551 Πνεύματοςγκέ-

307 4609 327 4642 η,
353 4543 513 4599 valles
546 4529 889 4605 abundabunt
927 4529 1303 4625 frumento“;
1340 4575 1465 4616 cum
1506 4562 1595 4620 hic
1630 4566 1701 4620 sit
1739 4529 1931 4625 salutis

2063 4529 2266 4639 ιτηνται
2298 4583 2311 4598 ·
2343 4570 2470 4642 περὶ
2505 4529 2567 4623 ob
2610 4529 2852 4641 άλλαχοῦ
2881 4529 3051 4642 ἓρηὲιν
3099 4574 3129 4626 6
3175 4529 3372 4641 Aa6t6:
3408 4529 3522 4630 κᾶι
3571 4573 3631 4631 αλ

308 4637 323 4697 ξ
354 4644 549 4691 nostrae
595 4637 825 4696 fructus.
864 4643 1135 4703 Caeterum
1166 4648 1369 4707 Sicima
1402 4653 1797 4726 interpretatur
1837 4660 1938 4716 hu-

348 4731 592 4797 meratio,
634 4732 689 4787 id
729 4743 813 4790 est
853 4740 1179 4797 excellentia
1213 4761 1225 4797 :
1259 4745 1367 4801 hoc
1398 4747 1546 4802 enim
1587 4749 1848 4809 humerus
1878 4754 1935 4809 in

345 4818 529 4874 divina
569 4819 849 4894 Scriptura
891 4828 1193 4901 signiﬁcat;
1240 4835 1389 4892 unde
1429 4837 1498 4893 de
1535 4838 1698 4898 Saule
1732 4843 1829 4909 ait,
1858 4843 1936 4898 Ab

344 4909 562 4966 humero
610 4924 660 4969 et
708 4932 873 4986 supra
924 4922 1159 4978 excelsus
1192 4926 1258 4980 θ’.
1311 4926 1452 4992 Quid
1500 4938 1681 4986 autem
1725 4932 1930 5003 Spiritu

345 5001 672 5061 sublimius?
698 5011 784 5063 vel
818 5012 998 5080 qualis
1040 5014 1309 5074 celsitudo
1335 5033 1434 5089 par
1460 5029 1555 5076 aut
1590 5001 1812 5093 aequalis
1840 5039 1930 5079 re-

343 5093 509 5161 periri
558 5098 735 5166 possit
770 5102 987 5159 muneri
1032 5104 1144 5171 isti,
1189 5109 1334 5177 quod
1372 5110 1624 5168 ChriStus
1659 5114 1930 5171 exaltatus

341 5183 658 5243 distribuit?
700 5191 807 5247 Sed
857 5204 913 5250 et
954 5197 1201 5263 metitur,
1247 5200 1303 5257 id
1345 5212 1447 5266 est,
1492 5204 1561 5260 ad
1610 5221 1925 5265 mensuram

342 5274 557 5335 dividit.
610 5279 738 5337 Nam
787 5285 1081 5357 unicuique
1131 5292 1499 5350 manifestatio
1549 5295 1784 5366 Spiritus
1833 5298 1927 5353 tri-

345 5366 532 5425 buitur
568 5383 732 5442 prout
761 5378 1035 5435 conducit.

420 5548 580 5607 Vens.
620 5553 704 5609 l0.
743 5575 761 5609 ι
800 5556 957 5615 Moab
986 5560 1136 5619 lcbes
1162 5565 1278 5636 spei
1310 5582 1464 5624 meae.
1502 5587 1519 5618 ι

2037 4660 2320 4725 κοιλάδες
2343 4663 2735 4729 πληθυνοῦσι
2760 4663 2937 4719 σῖτον
2958 4681 2974 4695 ο
3000 4664 3192 4737 ἐπειδὴ
3220 4666 3323 4736 τῆς
3347 4666 3631 4739 ἡμετέρας

2039 4752 2316 4822 σωτηρίας
2341 4752 2369 4803 6
2390 4752 2623 4823 καρπός.
2645 4753 2858 4823 Σίκιμα
2879 4753 2937 4807 δὲ
2957 4752 3215 4820 ὠμίασις
3231 4754 3626 4826 ἑρμηνεύεται,

2035 4840 2318 4894 τουτέστιν
2351 4840 2511 4911 ὲξοχή
2539 4855 2554 4869 °
2585 4841 2745 4896 τοῦτο
2782 4842 2893 4914 γάρ
2936 4845 2965 4897 6
2986 4918 2993 4921 ι
3014 4837 3169 4915 ὦμος
3210 4846 3362 4917 παρὰ
3395 4848 3463 4919 τῇ
3507 4846 3629 4917 θείᾳ

2040 4932 2233 5004 Γραφῇ
2266 4932 2421 5005 δηλοί
2442 4949 2457 4966 ⁸
2491 4933 2615 4988 ὅθεν
2641 4934 2890 5005 περὶτοῦ
2924 4936 3099 4990 Σαούλ
3132 4953 3321 5007 φησιν,
3366 4938 3627 5007 Ὑψηλὸς

2038 5023 2390 5092 ὐπερωμίαν
2429 5024 2529 5078 καί
2558 5025 2784 5081 ἐπάνω.
2817 5027 2882 5080 Τί
2910 5027 2967 5081 δὲ
3002 5028 3097 5082 τοῦ
3123 5029 3450 5099 Πνεύματος
3482 5032 3623 5104 ὑψη-

2038 5113 2292 5185 λότερον;
2326 5114 2360 5185 ἦ
2402 5115 2535 5171 ποία
2562 5133 2647 5181 τις
2696 5119 2942 5191 ὑπεροχὴ
2986 5120 3130 5201 κατὰ
3151 5120 3253 5191 τὴν
3293 5121 3503 5194 δωρεὰν
3522 5126 3624 5194 τὴν

2037 5206 2250 5260 ἐκεῖθεν
2276 5207 2611 5279 εὑρίσκεται,
2637 5210 2707 5280 ἢν
2729 5211 3035 5281 ύψούμενος
3057 5214 3086 5265 6
3108 5212 3346 5282 Χριστὸς
3372 5215 3623 5285 διαμερί-

2033 5296 2150 5365 Cat;
2187 5297 2348 5352 Ἀλλά
2372 5299 2478 5370 μὴν
2508 5301 2603 5355 καὶ
2626 5300 2932 5374 διαμετρεϊ,
2955 5303 3222 5369 τουτέστι,
3251 5304 3390 5376 πρὺς
3418 5308 3622 5376 μέτρον

2034 5390 2254 5463 διαιρεῖ.
2291 5385 2538 5465 Ἑκάστῳ
2582 5393 2693 5466 γὰρ
2733 5396 2766 5466 ἡ
2811 5397 3121 5468 φανέρωσις
3164 5395 3265 5450 τοῦ
3301 5398 3619 5469 Πνεύματος

2037 5482 2175 5553 πρὸς
2205 5481 2267 5536 τὸ
2301 5485 2582 5557 συμφέρον
2619 5485 2846 5542 δίδοται.

2014 5623 2017 5625 ι
2068 5594 2073 5601 ·
2112 5590 2131 5623 ι
2160 5573 2336 5628 Μωάδ
2369 5575 2665 5659 λέϐηςτῆς
2684 5576 2903 5644 ἐλπίδος
2928 5596 3053 5651 μου.
3090 5598 3110 5669 ι

417 5739 642 5851 ἷξοῗδθξςτ
665 5739 885 5851 ‘g‘xmi',
918 5758 1000 5811 1⁸2.
1080 5762 1125 5795 ⁸⁸
1152 5763 1305 5819 Isaiae
1336 5783 1527 5835 xvxut,
1557 5770 1609 5826 5.
1685 5769 1892 5828 89l‘sal.
1919 5788 2119 5843 LXXXII,
2149 5773 2235 5828 l9.
2312 5774 2358 5808 ’°
2392 5774 2593 5846 Ephcs.
2626 5793 2699 5845 ιγ,
2729 5778 2780 5835 8.
2860 5782 2900 5814 ’⁸
2937 5780 3075 5838 Psal.
3123 5795 3271 5851 um
3309 5782 3388 5842 il.
