3950 6408
297 312 435 377 1313

1474 320 1941 383 FRAGMENTA
1975 322 2058 384 ΙΝ
2091 326 2451 390 PSALMOS.

3439 338 3579 404 1314

371 428 473 482 Διά
499 429 593 483 τοῦ
626 431 803 486 Μωάϐ
843 431 912 487 τὰ
936 432 1068 505 ἔθνη
1098 434 1394 490 αἰνίττεται
1421 454 1435 469 ⁸
1465 436 1669 509 λέϐητα
1706 439 1764 493 δὲ
1798 439 1877 493 ἑλ-

2066 441 2170 496 Pcr
2209 444 2367 499 Moab
2414 454 2607 517 gentes
2655 446 2899 504 insinuat
2948 469 2960 505 :
3005 452 3238 509 lelzetem
3288 472 3420 513 vero
3462 460 3577 529 spei

294 522 448 586 πίδος
480 523 623 577 αὐτὰ
662 524 844 590 καλεῖ,
885 528 1134 580 τουτέστι
1178 527 1573 599 θερμαίνοντας
1614 530 1711 584 καὶ
1747 533 1883 583 ἀνα-

290 616 686 689 ζωπυροῦντας
726 618 826 690 τὴν
852 620 933 685 είς
960 620 1124 674 αὐτὸν
1160 621 1373 674 ἐλπίδα.
1404 620 1529 684 Πῶς
1563 622 1621 675 δὲ
1661 621 1886 692 θερμαί-

289 725 482 773 νοντας
508 726 523 776 ;
555 709 636 781 τῷ
664 710 840 784 νοητῷ
868 711 1004 783 πυρὶ
1041 711 1142 783 τῆς
1178 710 1462 783 ἐνεργείας
1502 712 1598 766 τοῦ
1629 714 1881 785 Πνεύμα-

287 818 406 865 τος.
443 801 587 872 Πυρὶ
618 801 726 875 γὰρ
756 804 888 875 δρᾷς
917 802 1008 856 τὸν
1038 803 1244 876 λέϐητα
1271 804 1725 875 θερμαινόμενον.
1870 806 1877 810 ’

368 914 386 946 ι
430 895 557 947 Ἐπὶ
592 894 692 962 τὴν
737 896 1045 966 Ἰδουμαίαν
1075 897 1282 950 ἐκτενῶ
1310 898 1373 950 τὸ
1408 898 1683 969 ὑπόδημα.
1724 918 1741 951 ι

360 986 642 1042 Δείκνυσιν
677 989 705 1041 6
733 987 972 1059 Χριστὸς
994 990 1143 1052 ὅπως
1176 990 1275 1060 τὴν
1302 990 1413 1044 τῶν
1444 990 1619 1045 ἐθνῶν
1653 990 1881 1062 Ἐκκλη-

288 1078 415 1132 σίαν
444 1079 758 1150 ἔμπροσθεν
800 1080 862 1147 ἐξ
919 1082 1137 1153 Ἰσραὴλ
1184 1083 1554 1152 ὑποταγεῖσαν
1600 1083 1877 1155 ἐποίησεν,

286 1171 541 1233 ἐκτείνας
587 1172 682 1224 καὶ
729 1174 927 1244 μέχρις
958 1173 1141 1227 αὐτῶν
1172 1174 1234 1228 τὸ
1277 1176 1552 1248 ὑπόδημα,
1588 1176 1791 1246 δηλαδὴ
1819 1178 1880 1230 τὸ

286 1264 665 1333 Εὐαγγέλιον·
713 1266 851 1337 ὅπερ
911 1269 1135 1337 μηνύων
1185 1269 1442 1340 Ἰωάννης
1491 1271 1519 1322 6
1571 1269 1880 1337 Βαπτιστὴς

281 1355 475 1423 ἔλεγεν
494 1397 509 1421 ,
543 1357 820 1426 Ἔρχεται
846 1360 973 1427 μετ’
1000 1358 1125 1427 ἐμὲ,
1156 1356 1229 1416 οὗ
1256 1362 1367 1413 οὐκ
1394 1360 1511 1429 εἰμὶ
1534 1361 1743 1427 ἱκανὸς
1774 1361 1881 1415 λῦ-

279 1464 392 1502 σαι
438 1446 545 1502 τὸν
594 1449 813 1519 lycium
860 1451 966 1504 τοῦ
1016 1452 1403 1522 ὑποδήματος
1452 1453 1660 1507 αὐτοῦ.
1711 1451 1879 1505 Οὔπω

280 1541 397 1612 γὰρ
422 1535 540 1611 εἶχε
580 1541 772 1612 καιρὸν
799 1545 1184 1614 ἐκφρασθῆναι
1229 1545 1290 1597 τὸ
1333 1546 1691 1614 Εὑαγγέλιον.
1718 1544 1879 1598 Οὕτω

278 1632 342 1686 δὲ
384 1634 519 1688 αὐτὸ
550 1633 711 1686 καλεῖ
743 1634 839 1688 καὶ
872 1635 1112 1699 Παῦλοςο
1165 1639 1300 1707 φησὶ
1343 1637 1453 1707 γάρ
1475 1652 1488 1667 ·
1548 1635 1877 1704 Ὑποδησά-

274 1743 456 1797 μενοι
486 1727 629 1794 τοὺς
677 1727 870 1794 πόδας
913 1730 985 1782 ἐν
1022 1730 1337 1799 ἑτοιμασίᾳ
1364 1730 1470 1785 τοῦ
1507 1730 1877 1802 Εὐαγηέ.ιῖίου

1990 534 2137 606 ipsas
2190 548 2370 603 vocat,
2427 538 2479 594 id
2528 541 3027 600 estcalefacientes
3080 556 3134 601 et
3185 550 3578 606 resuscitantes

1989 641 2141 696 Spem
2202 628 2256 682 in
2314 629 2513 699 ipsum.
2574 631 2866 697 Quomodo
2915 644 3098 692 autem
3159 639 3577 697 calefacientes?

1989 716 2179 787 utique
2223 718 2453 788 spiritali
2491 719 2613 791 igne
2650 722 3045 794 inoperationis
3085 725 3322 798 Spiritus
3376 732 3572 785 sancti.

1987 806 2248 865 Lebetem
2281 812 2426 865 enim
2460 812 2612 867 vides
2644 814 2766 885 igne
2796 815 3051 871 caleﬁeri.

2066 918 2085 950 ι
2116 899 2177 953 In
2205 899 2481 956 ldumeam
2501 905 2790 959 extendam
2819 908 3269 964 calceamentum.
3307 930 3325 962 ι

2056 991 2311 1048 Christus
2358 996 2599 1051 ostendit
2653 999 2927 1066 quomodo
2984 1002 3226 1071 gentium
3273 1002 3573 1059 Ecclesiam

1987 1099 2170 1139 coram
2218 1074 2385 1141 Israel
2426 1088 2531 1143 sibi
2574 1091 2875 1160 subiectam
2910 1091 3121 1158 fecerit,
3150 1111 3320 1165 usque
3353 1096 3418 1151 ad
3454 1096 3574 1151 illas

1987 1193 2205 1249 quoque
2232 1180 2661 1236 calceamentum
2687 1200 2845 1239 suum
2873 1187 3197 1253 extendens,
3222 1188 3273 1244 id
3297 1200 3377 1243 est
3398 1191 3573 1244 Evan-

1987 1270 2187 1341 gelium
2235 1289 2247 1324 :
2292 1272 2435 1340 quod
2495 1272 2781 1331 insinuans
2831 1276 3071 1333 Joannes
3127 1279 3367 1350 Baptista
3414 1282 3569 1346 dixit,

1995 1361 2148 1416 Venit
2170 1372 2285 1432 post
2312 1380 2412 1427 me,
2450 1365 2602 1433 cujus
2638 1383 2739 1419 non
2769 1384 2886 1421 sum
2910 1354 3098 1439 dignus
3136 1380 3191 1425 ut
3221 1372 3420 1425 solvam
3457 1372 3573 1441 ejus

1986 1456 2270 1527 corrigiam
2339 1456 2681 1511 calceamenti
2733 1458 2799 1512 ³³.
2853 1458 3106 1515 Nondum
3173 1464 3320 1517 enim
3382 1463 3572 1517 aderat

1989 1554 2203 1616 tempus
2258 1546 2584 1601 enuntiandi
2633 1548 3011 1620 Evangelium.
3070 1551 3162 1606 Sic
3217 1568 3347 1608 vero
3406 1554 3570 1607 etiam

1984 1635 2188 1691 Paulus
2231 1637 2361 1693 illud
2412 1639 2669 1708 appellat,
2702 1640 2778 1696 ait
2824 1641 2969 1696 enim
3004 1660 3018 1696 :
3052 1642 3291 1698 ραις-εαιὶ
3328 1646 3484 1715 pedes
3516 1646 3572 1698 in

1984 1732 2434 1801 prwparatioucm
2486 1730 2768 1802 Evangelii
2821 1735 2971 1803 pacis
3016 1735 3083 1788 ³⁸.
3144 1735 3353 1791 Idcirco
3406 1736 3572 1807 igitur

277 1819 396 1888 τῆς
414 1820 681 1889 εἰρήνης.
709 1821 809 1875 Διά
828 1822 986 1876 τοῦτο
1005 1822 1187 1877 τοίνυν
1204 1823 1354 1895 αὐτῷ
1373 1824 1501 1887 τοὺς
1521 1823 1875 1893 ἀλλοφύλους,

1997 1819 2337 1892 ιιίεηίεεηθε,
2370 1821 2582 1876 scilicet
2610 1837 2707 1878 eos
2737 1824 2830 1893 qui
2861 1833 2990 1882 sunt
3018 1840 3083 1879 ex
3109 1826 3381 1898 gentibus,
3412 1824 3572 1881 Jesus

276 1910 487 1982 δηλαδὴ
538 1912 669 1975 τοὺς
725 1912 783 1979 ἐξ
834 1912 1027 1979 ὲθνῶν,
1086 1916 1115 1968 6
1174 1915 1382 1986 Ἰησοῦς
1451 1915 1716 1983 ὑπέταξε,
1779 1917 1876 1969 καὶ

276 2003 360 2069 ὡς
399 2004 775 2072 ὑποταγέντας
825 2006 907 2070 είς
954 2005 1055 2078 τὴν
1101 2006 1198 2061 τοῦ
1242 2007 1460 2080 Ἰσραὴλ
1506 2007 1876 2080 κληρονομίαν

279 2097 611 2168 συνήγαγεν.

365 2206 385 2239 ι
421 2186 514 2252 Τίς
536 2186 736 2253 ἀπάξει
767 2204 837 2258 με
867 2188 948 2251 είς
984 2186 1140 2242 πόλιν
1170 2188 1468 2260 περιοχῆς;
1500 2208 1518 2242 ι

359 2366 519 2419 Πόλιν
557 2365 823 2437 περιοχῆς
857 2364 958 2437 τὴν
1011 2365 1346 2436 Ἐκκλησίαν
1376 2368 1535 2421 καλεῖ
1558 2385 1572 2400 ’
1605 2369 1662 2421 ἐν
1700 2369 1876 2442 ταύτῃ

283 2455 396 2529 γὰρ
422 2457 518 2512 ὅλα
550 2456 873 2529 περιέχεται
922 2455 1021 2510 τοῦ
1053 2457 1295 2525 Χριστοῦ
1325 2458 1393 2512 τὰ
1426 2462 1702 2531 μυστήρια
1724 2476 1738 2489 ·
1784 2462 1878 2515 καὶ

287 2548 453 2616 νόμος
501 2549 595 2603 καὶ
625 2548 903 2621 προφῆται
951 2548 1040 2603 διὰ
1078 2548 1180 2619 τῆς
1219 2550 1393 2621 αὐτῆς
1446 2551 1727 2615 πολιτείας
1781 2570 1879 2605 πε-

287 2639 587 2712 ριέχονται.
642 2640 753 2712 Τὴν
807 2640 980 2713 αὐτὴν
1036 2642 1094 2695 δὲ
1154 2643 1254 2696 καὶ
1325 2643 1632 2714 Ἰδουμαίαν
1697 2644 1873 2698 καλεῖ.

284 2733 467 2787 Μόνου
511 2731 604 2787 τοῦ
654 2733 895 2806 Χριστοῦ
923 2735 1015 2788 τὸν
1054 2733 1271 2807 Ἰσραὴλ
1325 2737 1468 2806 πρὸς
1522 2739 1623 2807 τὴν
1650 2737 1879 2808 Ἐκκλη-

287 2824 415 2878 σίαν
449 2824 722 2895 όδηγῆσαι
773 2824 1135 2898 καθέστηκεν,
1179 2826 1239 2890 ὃς
1289 2825 1551 2880 ἀπώσατο
1578 2828 1706 2890 τοὺς
1749 2827 1878 2881 Ἰου-

281 2917 468 2979 δαίους
494 2915 573 2980 ὡς
589 2917 673 2980 είς
692 2916 858 2971 αὐτὸν
894 2917 972 2990 μὴ
1010 2917 1413 2982 πιστεύσαντας
1432 2935 1447 2950 σ
1493 2918 1612 2971 ἀλλ’
1639 2920 1701 2972 ού
1742 2920 1877 2982 πάν-

282 3025 418 3072 τας·
454 3007 576 3060 οὐδὲ
615 3007 841 3078 ἐξῆλθεν
882 3009 1061 3062 αὐτῶν
1104 3010 1162 3064 ὲν
1205 3011 1328 3072 ταῖς
1359 3009 1684 3080 δυνάμεσιν·
1716 3028 1877 3065 τουτ-

284 3100 427 3165 ἐστι,
466 3098 594 3163 τοὺς
626 3100 685 3153 ὲν
722 3100 909 3164 αὐτοῖς
950 3101 1231 3167 δυνατοὺς,
1259 3101 1465 3173 δηλαδὴ
1498 3101 1626 3166 τοὺς
1662 3104 1738 3173 μὴ
1785 3120 1878 3155 πι-

286 3194 646 3260 στεύσαντας,
678 3195 780 3249 οὐκ
815 3194 1058 3248 ἀπέϐαλε
1088 3194 1178 3248 διὰ
1215 3195 1344 3259 τοὺς
1375 3195 1805 3261 πιστεύσαντας.

361 3305 383 3340 ι
428 3286 528 3352 Δὸς
558 3288 689 3359 ἡμῖν
712 3287 968 3359 βοήθειαν
996 3288 1060 3342 ὲκ
1084 3286 1341 3358 θλίψεως.
1374 3307 1394 3341 ι

357 3464 624 3535 Βοήθειαν
649 3464 716 3518 ὲκ
749 3461 982 3534 θλίψεως
1003 3462 1080 3535 τῷ
1101 3462 1218 3534 λαῷ
1250 3462 1360 3518 τῶν
1392 3463 1669 3519 Ἰουδαίων
1694 3465 1879 3518 πίστιν

284 3556 347 3622 ἐξ
376 3557 638 3620 ἀπιστίας
691 3555 1084 3628 πρεσϐεύεται.
1150 3554 1435 3627 Σωτηρίαν
1485 3556 1543 3609 δὲ
1584 3555 1878 3628 ἀνθρώπου

280 3647 385 3718 τὴν
417 3645 478 3711 ἐξ
497 3647 848 3718 ἀνθρωπίνης
876 3646 1227 3709 διδασκαλίας
1261 3645 1726 3717 προσδοκωμένην
1753 3647 1881 3718 νόη-

286 3758 383 3796 σον
404 3756 417 3770 ·
463 3740 553 3795 οἵα
582 3757 666 3804 τις
695 3734 763 3811 ἦν
792 3741 825 3811 ή
871 3739 979 3797 τῶν
1010 3738 1284 3793 Ἰουδαίων
1319 3737 1640 3792 διδασκαλία
1661 3779 1675 3793 .
1733 3739 1879 3810 Πρὸς

282 3834 398 3907 γάρ
431 3835 494 3887 τὸ
512 3833 696 3897 αὐτοῖς
721 3830 919 3887 δοκοῦν
944 3831 1182 3902 ἐγίνετο.

856 3923 1152 3977 ΨΑΛΜΟΣ
1176 3921 1305 3976 Pll'.

363 4038 384 4071 ι
418 4018 511 4080 Et;
541 4016 603 4071 τὸ
629 4016 785 4081 τέλος
812 4014 1030 4086 ψαλμὸς
1058 4013 1137 4085 τῷ
1168 4012 1357 4067 Δαυῖδ.
1388 4014 1424 4065 ἰ

370 4109 714 4179 Ἀναγκαίως
742 4109 835 4163 τὸν
851 4106 1070 4177 ψαλμὸν
1089 4109 1197 4171 Εἰς
1213 4105 1280 4159 τὸ
1306 4104 1480 4172 τέλος
1510 4105 1600 4158 τὸν
1631 4122 1704 4157 πα
1716 4105 1878 4177 ρόντει

285 4199 564 4273 ἔγραψενο
614 4199 728 4270 ἔχει
758 4196 869 4269 γὰρ
908 4199 1010 4252 ὅσα
1045 4196 1124 4267 τῷ
1161 4195 1309 4249 τέλει
1346 4198 1448 4267 τῆς
1489 4195 1584 4249 τοῦ
1623 4196 1879 4265 Σωτῆρος

284 4291 447 4363 ἡμῶν
481 4290 975 4361 ὲνανθρωπήσεως,
1027 4288 1232 4359 δηλαδὴ
1262 4288 1400 4359 πρὸς
1427 4287 1578 4358 αὐτῷ
1607 4286 1683 4358 τῷ
1714 4288 1877 4341 πάθει

285 4385 369 4457 τῷ
414 4385 752 4455 Δεσποτικῷ,
811 4387 1153 4455 πέπρακται·
1185 4382 1378 4456 διόπερ
1421 4383 1514 4435 καὶ
1545 4383 1637 4436 τὸν
1664 4381 1879 4452 ψαλμὸν

283 4479 654 4550 ἐμελῴδησεν.
719 4476 919 4531 Εἰκόνα
964 4476 1071 4547 γὰρ
1125 4474 1316 4546 φέρειν
1363 4475 1457 4527 τοῦ
1502 4473 1744 4545 Χριστοῦ
1786 4473 1878 4527 τὸν

282 4572 456 4627 Δαὸὶδ
488 4571 795 4643 εἰρήκαμεν
827 4569 1159 4638 φθάσαντες.

366 4685 386 4718 ι
433 4664 493 4718 '0
522 4664 655 4729 Θεὸς
693 4662 793 4733 τὴν
824 4661 1032 4716 αίνεσίν
1074 4678 1175 4730 μου
1238 4660 1313 4730 μὴ
1346 4657 1815 4728 παρασιωπὴσῃς.
1854 4677 1873 4709 ι

369 4757 474 4810 Τὸν
499 4756 706 4809 Ἰούδαν
729 4754 1050 4808 αἰνίττεται·
1078 4752 1338 4823 περὶγὰρ
1368 4749 1534 4803 αὑτοῦ
1579 4751 1675 4821 τῆς
1696 4750 1880 4820 ψαλμ-

283 4851 455 4921 ι;-δίας
480 4850 541 4902 τὸ
570 4849 823 4903 πλεῖστον
861 4849 960 4918 τῆς
992 4843 1411 4916 προκειμμένης
1436 4843 1745 4913 γέγραπται
1772 4857 1784 4871 ·
1817 4835 1878 4894 οὗ

282 4945 351 4998 τὸ
380 4946 559 5016 στόμα
601 4944 868 5014 πρότερον
909 4941 985 5005 ὡς
1018 4938 1366 5013 ἀμαρτωλοῦ,
1411 4936 1666 5007 δεύτερον
1703 4934 1759 4988 δὲ
1803 4932 1879 4998 ὡς

281 5038 468 5093 δολίου
510 5035 651 5090 κατὰ
675 5034 770 5089 τοῦ
824 5033 1033 5107 Κυρίου
1090 5032 1374 5101 ἀνοιγῆναι
1408 5029 1757 5100 εὑρήσομεν·
1803 5026 1880 5090 ὼς

281 5128 399 5200 γὰρ
430 5127 755 5199 ἁμαρτωλὸς
778 5128 881 5199 καὶ,
895 5124 1220 5196 παράνομος
1242 5125 1356 5186 τοῖς
1392 5119 1668 5183 Ἰουδαίοις
1701 5120 1879 5186 ἔλεγε⁶

292 5221 361 5276 Τί
385 5218 591 5277 θέλετέ
631 5237 735 5289 μοι
775 5217 1010 5282 δοῦναι,
1052 5215 1213 5285 κάγὼ
1246 5213 1390 5284 ὑμῖν
1416 5212 1749 5281 παραδώσω
1778 5214 1885 5267 αὑ-

286 5313 445 5375 τὸν;
482 5309 558 5374 ὡς
587 5310 760 5373 δόλιος
800 5307 998 5377 Χαῖρε,
1043 5306 1262 5375 Ῥιιϐὅὶ,
1293 5305 1428 5378 πρὸς
1468 5303 1677 5374 Ἰησοῦν
1713 5296 1833 5355 εἶπε
1864 5343 1879 5368 ,

291 5403 395 5457 καὶ
448 5401 857 5470 κατεφίλησεν
916 5399 1103 5452 αὐτόν
1135 5414 1146 5428 ·
1215 5396 1513 5469 ἀρραὅῷνα
1571 5396 1684 5459 τοῖς
1740 5394 1881 5464 λαμ-

291 5496 521 5551 ϐάνουσι
544 5494 795 5559 δεδωκὼς
823 5494 923 5565 τῆς
958 5491 1254 5563 προδοσίας
1286 5491 1349 5545 τὸ
1373 5488 1609 5562 φίλημα.

372 5604 395 5641 ι
443 5587 740 5657 Ἑλάλησαν
763 5588 883 5641 κατ’
914 5585 1051 5657 ἐμοῦ
1077 5583 1321 5656 γλώσσῃ.
1368 5604 1386 5637 ι

1984 1911 2087 1966 sibi
2107 1912 2359 1983 subjecit,
2388 1922 2444 1968 et
2472 1922 2729 1984 tanquam
2766 1915 3021 1972 subditos
3058 1916 3113 1971 in
3147 1915 3359 1973 lsraelis
3393 1917 3569 1973 haere-

1983 2003 2209 2059 ditatem
2241 2002 2561 2060 introduxit.

2054 2186 2217 2243 Vens.
2252 2188 2341 2244 ll.
2390 2210 2409 2241 ι
2440 2188 2575 2256 Quis
2619 2188 2855 2244 adducet
2904 2203 2993 2245 me
3035 2188 3091 2244 in
3134 2188 3410 2245 civitatem
3458 2188 3569 2243 cir-

1983 2278 2366 2334 cumstantiae?
2402 2298 2420 2329 ι

2055 2367 2347 2422 Civitatem
2378 2368 2802 2424 circumstantia;
2835 2376 2994 2424 vocat
3019 2366 3315 2423 Ecclesiam
3346 2385 3359 2421 :
3396 2366 3452 2421 in
3479 2368 3569 2421 illa

1984 2456 2129 2511 enim
2188 2440 2852 2513 continentur'universa
2905 2454 3111 2512 Christi
3166 2455 3451 2528 mysteria;
3514 2465 3571 2509 et

1985 2550 2072 2605 lex
2098 2559 2153 2605 et
2183 2550 2463 2621 prophetae
2506 2551 2561 2604 in
2599 2549 2793 2606 eadem
2840 2565 3059 2620 quoque
3096 2549 3280 2620 politia
3318 2562 3571 2618 compre-

1985 2643 2318 2698 henduntur.
2396 2643 2660 2697 Eamdem
2738 2658 2873 2697 vero
2936 2641 3100 2697 etiam
3156 2641 3390 2712 appellat
3440 2639 3569 2695 ldu-

1984 2750 2197 2789 uncam.
2229 2733 2526 2790 Constituit
2563 2734 2733 2789 solius
2756 2734 2962 2789 Christi
3010 2748 3132 2789 esse
3155 2733 3417 2788 Israelem
3467 2731 3569 2787 ad-

1984 2826 2187 2882 ducere
2226 2826 2294 2881 ad
2339 2826 2662 2892 Ecclesiam,
2690 2827 2784 2896 qui
2821 2826 3040 2882 Judaeos
3070 2825 3272 2896 repulit
3309 2835 3569 2895 tanquam

1983 2934 2095 2973 non
2136 2918 2425 2973 credentes
2465 2917 2519 2971 in
2549 2933 2706 2985 eum;
2750 2933 2940 2974 verum
2981 2934 3093 2973 non
3129 2932 3359 2973 omnes:
3389 2932 3571 2988 neque

1984 3022 2237 3079 egressus
2284 3006 2385 3061 l‘uit
2429 3010 2483 3061 in
2527 3007 2825 3062 virtutibus
2877 3022 3087 3071 eorum,
3122 3007 3175 3061 id
3205 3015 3309 3071 est,
3348 3022 3445 3061 eos
3474 3006 3567 3076 qui

1987 3101 2128 3156 inter
2173 3102 2322 3171 ipsos
2364 3109 2622 3169 potentes
2672 3108 2850 3165 erant,
2891 3099 3105 3154 scilicet
3148 3098 3414 3165 inﬁdeles,
3457 3114 3568 3153 non

1906 3170 1948 3229 (ἶ
1983 3170 2445 3261 τοριιιίιίρῑοριοι·
2483 3190 2689 3245 ﬁdeles.

2052 3282 2219 3338 Vens.
2274 3283 2364 3339 15.
2424 3299 2444 3335 ι
2502 3281 2579 3336 Da
2633 3281 2796 3338 nobis
2866 3281 3135 3337 auxilium
3207 3281 3275 3336 de
3345 3280 3569 3336 tribula-

1982 3372 2153 3427 tione.
2184 3391 2204 3424 ι
2646 3374 2657 3385 ’

2050 3465 2328 3520 Auxilium
2355 3464 2424 3519 de
2454 3464 2807 3519 tribulatione
2837 3465 3037 3533 populo
3062 3462 3376 3519 Judaeorum
3406 3465 3569 3521 ﬁdem

1980 3571 2050 3611 ex
2101 3554 2427 3610 inﬁdelitate
2479 3554 2793 3609 annuntiat.
2849 3554 3092 3610 Salutem
3145 3570 3277 3610 vero
3326 3555 3566 3612 hominis

1979 3645 2218 3718 iutellige
2243 3645 2392 3699 illam
2409 3660 2531 3714 qua:
2558 3660 2622 3699 ex
2644 3644 2884 3699 humana
2910 3644 3156 3699 doctrina
3176 3654 3560 3714 exspectatur:

1978 3740 2157 3810 qualis
2196 3747 2315 3794 erat
2361 3738 2449 3795 illa
2493 3738 2746 3795 doctrina
2782 3736 3097 3793 Judmorum
3131 3755 3144 3793 :
3193 3737 3261 3793 ad
3301 3738 3563 3808 placitum

1979 3832 2125 3888 enim
2158 3832 2402 3904 ipsorum
2431 3833 2616 3889 ﬁebat.

2510 3922 2828 3979 PSALMUS
2857 3924 3036 3981 CVIII.

2049 4016 2216 4073 Vens.
2260 4018 2311 4074 I.
2350 4036 2369 4070 ι
2400 4019 2461 4072 In
2486 4017 2649 4072 ﬁnem
2685 4018 2926 4088 psalmus
2958 4017 3146 4073 David.
3179 4035 3197 4067 ι

2051 4107 2373 4168 Necessario
2392 4121 2718 4181 praesentem
2757 4112 3025 4181 psalmum
3081 4109 3360 4180 inscripsit
3392 4109 3456 4165 In
3503 4109 3571 4180 ﬁ-

1979 4220 2139 4259 nem:
2170 4203 2416 4262 continet
2446 4203 2594 4259 enim
2652 4217 2994 4273 quaecunque
3033 4200 3333 4257 Salvatoris
3392 4202 3569 4257 nostri

1979 4293 2371 4348 incarnationis
2395 4292 2489 4348 ﬁni
2520 4293 2860 4356 acciderunt,
2886 4291 3097 4347 scilicet
3127 4306 3191 4345 ea
3217 4305 3339 4361 qua:
3365 4290 3420 4344 in
3455 4291 3570 4359 ipsa

1980 4382 2266 4440 Dominica
2295 4384 2549 4454 passione
2586 4391 2735 4455 gesta
2764 4392 2931 4438 sunt:
2959 4391 3186 4453 propter
3211 4396 3377 4451 quam
3401 4381 3570 4436 etiam

1911 4516 1955 4569 Β
1986 4477 2134 4532 hunc
2162 4477 2431 4547 psalmum
2462 4478 2685 4532 cecinit.
2720 4475 2980 4530 Davidem
3010 4476 3158 4530 enim
3187 4474 3391 4528 Christi
3435 4473 3574 4527 ima-

1986 4570 2165 4641 ginem
2198 4568 2404 4623 referre
2430 4569 2681 4638 superius
2710 4568 2971 4623 diximus.

2056 4659 2219 4716 Vens.
2246 4660 2302 4713 2.
2332 4680 2351 4712 ‹
2380 4662 2540 4723 Deus,
2563 4660 2778 4714 laudem
2809 4675 2984 4713 meam
3013 4674 3084 4714 ne
3118 4656 3373 4715 tacueris.
3405 4674 3424 4711 ι

2058 4753 2251 4810 Iudam
2284 4752 2565 4817 insinuat;
2597 4752 2665 4806 de
2694 4752 2814 4822 ipso
2846 4749 2994 4805 enim
3029 4751 3257 4805 maxima
3288 4765 3415 4821 pars
3472 4749 3573 4803 hu-

1982 4844 2075 4914 jus
2135 4842 2328 4914 psalmi
2385 4843 2586 4912 scripta
2642 4851 2765 4907 est;
2805 4842 2961 4913 cujus
3015 4856 3078 4896 os
3114 4840 3266 4912 prius
3317 4828 3572 4910 tanquam

1987 4935 2311 5004 peccatoris,
2337 4933 2532 4988 deinde
2561 4949 2690 4988 vero
2736 4942 2993 5005 tanquam
3025 4934 3194 4990 dolosi
3240 4944 3427 4989 contra
3468 4932 3573 4988 Do-

1990 5027 2200 5081 minum
2234 5035 2482 5097 apertum
2532 5025 2700 5081 fuisse
2740 5026 3080 5097 reperiemus
3110 5046 3123 5081 :
3155 5042 3280 5081 nam
3316 5036 3570 5095 tanquam

1989 5130 2245 5189 peccator
2266 5128 2323 5174 et
2352 5119 2571 5188 iniquus
2599 5118 2803 5174 Iudaeis
2824 5119 3034 5175 dixerat
3060 5136 3073 5173 :
3106 5117 3243 5183 Quid
3263 5117 3420 5172 vultis
3470 5118 3573 5173 mi-

1988 5210 2042 5263 hi
2070 5215 2220 5276 dare,
2244 5219 2291 5263 ct
2322 5225 2414 5280 ego
2442 5210 2582 5264 vobis
2612 5227 2731 5264 eum
2756 5210 2970 5263 tradam
3005 5209 3091 5261 ’5?
3122 5217 3376 5278 tanquam
3422 5207 3577 5262 dolo-

1990 5316 2084 5357 sus
2114 5300 2217 5355 Ave
2238 5296 2401 5355 Rabbi
2421 5303 2486 5357 ad
2505 5302 2692 5357 Jesum
2716 5302 2876 5369 dixit,
2901 5309 2952 5356 et
2972 5301 3239 5355 osculatus
3265 5308 3341 5354 est
3371 5316 3489 5353 eum
3505 5300 3574 5364 ⁵⁸,

1986 5390 2235 5450 Osculum
2267 5395 2322 5449 in
2358 5396 2570 5468 signum
2613 5395 2939 5467 proditionis
2972 5395 3185 5451 donans
3234 5390 3576 5463 capientibus

1987 5502 2134 5542 eum.

2060 5582 2219 5638 Vens.
2247 5584 2301 5638 '5.
2335 5605 2352 5637 ι
2391 5584 2578 5641 Loculi
2603 5595 2731 5640 sunt
2757 5585 3043 5642 adversum
3066 5597 3153 5641 me
3183 5581 3383 5654 lingua.
3420 5596 3441 5634 ι

367 5760 585 5821 “Joan.
622 5780 659 5832 I,
689 5762 777 5822 27.
854 5763 900 5795 ’³
931 5760 1135 5832 Εριιοε.
1169 5776 1240 5825 γι,
1273 5758 1359 5814 15.
1438 5759 1484 5793 ’³
1517 5755 1707 5816 Matth.
1742 5772 1877 5825 xm,

1997 5796 2010 5810 .
2085 5756 2130 5788 ⁸⁸
2172 5755 2305 5811 ibid.
2333 5756 2421 5814 49.
