3950 6408
410 361 552 429 i315

1611 352 1974 419 IIESYCHII
2011 354 2489 418 PRESBYTERI

3554 357 3690 422 1316

463 476 600 533 Cum
630 478 775 533 enim
825 478 1032 533 nullum
1090 476 1357 532 haberent
1418 470 1715 528 inimicitiae
1764 469 1844 525 vel
1883 468 1991 525 odii

2169 472 2442 543 Οὖδεμίαν
2476 473 2581 543 γὰρ
2612 471 2826 544 ἔχοντες
2870 470 3075 544 ἔχθρας
3105 472 3139 544 ἢ
3172 471 3363 542 μίσους
3390 469 3654 526 ὑπόθεσιν
3674 505 3690 533 ,

396 579 797 639 argumentum,
824 569 1059 625 oderunt
1114 579 1294 622 tamen
1331 566 1512 635 ipsum
1558 563 1718 617 morti
1774 561 1990 616 tradere

397 663 642 718 volentes
661 680 675 717 :
697 671 752 716 et
773 661 1117 716 sermonibus
1136 659 1243 715 odii
1261 656 1758 722 circumdederunt,
1774 656 1990 727 quando

401 759 452 809 in
477 752 729 825 synedrio
753 750 893 807 aulae
919 750 1173 820 Caiaplia:
1199 755 1445 804 astantes
1470 747 1635 803 falsos
1660 756 1827 803 testes
1858 762 1989 802 con-

395 845 655 899 citarunt.
696 844 890 899 Locuti
932 851 1060 899 sunt
1089 850 1270 897 autem
1300 839 1566 897 adversus
1589 839 1767 909 ipsum
1803 838 1988 909 lingua

394 934 601 999 dolosa,
654 933 874 1004 quando
910 949 1159 989 summus
1209 932 1468 988 sacerdos
1498 945 1727 1002 surgens
1762 930 1898 984 dixit
1922 932 1986 983 ad

394 1041 518 1079 eum
554 1044 567 1080 :
597 1026 801 1095 Adjuro
830 1035 877 1078 te
898 1041 991 1093 per
1033 1023 1196 1077 Deum
1228 1025 1423 1089 vivum,
1452 1032 1507 1076 ut
1536 1023 1683 1075 dicas
1735 1020 1902 1085 nobis,
1940 1022 1986 1075 si

394 1124 449 1167 tu
471 1130 524 1169 es
556 1114 787 1171 Christus
813 1113 981 1168 Filius
1014 1113 1105 1167 Dei
1136 1114 1200 1167 ’⁷.
1242 1114 1364 1166 Non
1409 1111 1557 1166 enim
1601 1120 1660 1166 ut
1708 1110 1986 1165 discerent

392 1206 486 1260 sed
519 1214 578 1260 ut
605 1204 957 1275 blasphemia:
986 1206 1193 1259 crimen
1225 1204 1329 1275 ipsi
1354 1204 1753 1275 'impengerent
1806 1201 1991 1257 istius»

392 1297 535 1351 modi
564 1296 1003 1351 sciscitabantur.

466 1386 627 1442 Vens.
660 1387 715 1444 4.
756 1405 775 1438 ι
809 1385 916 1442 Pro
966 1402 1031 1442 eo
1076 1396 1135 1442 ut
1167 1385 1455 1457 diligerent
1508 1402 1592 1441 me
1628 1386 1993 1440 detrahebant

375 1479 550 1534 'mihi.
596 1497 615 1530 ι

462 1571 702 1642 Equum
718 1586 863 1627 enim
877 1580 996 1627 erat
1012 1580 1071 1626 ut
1089 1571 1268 1641 ipsum
1285 1570 1595 1641 diligerent,
1606 1585 1671 1625 eo
1687 1570 1831 1640 quod
1850 1583 1993 1633 more

390 1668 489 1722 bos
520 1681 711 1721 eorum
743 1674 1011 1729 curasset,
1040 1663 1346 1718 esurientes
1392 1676 1769 1733 saepenumero
1813 1661 1993 1717 cibas~

390 1766 507 1822 set;
564 1765 943 1809 verumtamen
1010 1754 1100 1808 illa
1164 1753 1280 1823 ipsa
1324 1751 1702 1807 beneﬁcentia:
1764 1751 1990 1822 pignora

388 1862 511 1917 qua:
573 1846 895 1902 exhibuerat
948 1845 1167 1916 ipsimet
1237 1843 1381 1915 apud
1435 1842 1671 1897 Pilatum
1727 1843 1986 1897 traduxe-

393 1948 542 1995 runt.

459 2028 621 2085 γωδ.
646 2029 699 2085 6.
739 2049 758 2081 ι
793 2028 1079 2085 Constitue
1126 2043 1291 2099 super
1312 2039 1439 2084 eum
1467 2035 1830 2098 peccatorem.
1867 2046 1886 2080 ι

457 2120 926 2188 Quemadmodum
962 2123 1103 2176 Deus
1125 2120 1430 2189 appellatus
1454 2129 1538 2174 est
1561 2121 1768 2189 justus,
1822 2128 1878 2173 et
1898 2120 1988 2189 ju-

387 2212 533 2269 stitia
561 2211 795 2282 gaudere
821 2211 1141 2281 perhibetur
1164 2210 1453 2281 (Quoniam
1480 2210 1658 2280 justus
1709 2209 1984 2273 Dominus,

387 2316 438 2361 et
465 2307 701 2375 iustitias
740 2306 925 2360 dilexit
947 2305 1027 2373 9‘;
1067 2305 1138 2360 ita
1190 2303 1439 2359 diabolus
1468 2310 1723 2373 peccator
1769 2309 1875 2366 est,
1900 2310 1988 2357 ιιι-

386 2407 514 2469 pote
537 2413 728 2453 amans
758 2407 1041 2468 peccatum
1066 2413 1083 2464 ;
1114 2404 1171 2452 et
1200 2412 1309 2451 non
1351 2395 1527 2450 solum
1561 2394 1679 2464 ipse
1732 2404 1985 2467 peccans,

384 2492 486 2548 sed
515 2493 677 2547 etiam
733 2501 1017 2563 peccatum
1067 2489 1481 2547 admittentibus
1529 2490 1789 2545 ducatum
1839 2503 1986 2558 prte-

386 2583 545 2640 bens.
578 2583 734 2639 Hunc
764 2584 878 2639 vult
900 2582 1058 2639 Iudae.
1082 2582 1382 2652 praeﬁcere,
1408 2592 1469 2636 ut
1508 2580 1611 2651 ipsi
1661 2596 1772 2635 non
1825 2593 1986 2635 secus

389 2685 552 2747 atque
579 2674 920 2731 daemonibus
969 2663 1247 2743 imperet;
1280 2671 1719 2742 quandoquidem
1744 2671 1990 2742 proditor

388 2766 566 2839 ipsius
593 2780 746 2835 aeque
773 2780 839 2821 ac
867 2765 1084 2820 illorum
1120 2764 1299 2835 partis
1327 2762 1514 2818 fuerit.

464 2965 486 2999 ι
526 2947 589 3002 Et
631 2945 880 3002 diabolus
902 2953 1010 3001 stet
1034 2960 1064 2999 a
1097 2944 1304 3000 dextris
1335 2943 1473 3014 ejus.
1513 2963 1531 2995 ι

457 3038 577 3094 Non
634 3039 810 3094 solum
853 3053 981 3093 cum
1028 3036 1328 3107 discipulus
1394 3044 1541 3091 esset
1594 3043 1987 3105 praeceptorem

2094 564 2326 633 ἐμίσουν
2372 566 2524 634 ὅμως
2556 564 2722 620 αὑτὸν
2752 564 3072 620 θανατῶσαι
3096 564 3450 635 βουλόμενοι·
3482 563 3583 618 καὶ
3601 564 3696 618 λόο

2093 674 2214 725 γοις
2259 658 2453 730 μίσους
2491 655 2820 712 ἐκύκλωσαν
2841 699 2858 724 ,
2888 658 3055 729 ἡνίκα
3087 659 3146 710 ἒν
3177 654 3259 731 τῷ
3300 657 3573 729 συνεδρίῳ
3597 658 3697 728 τῆς

2093 749 2266 820 αὐλῆς
2302 748 2397 803 τοῦ
2428 750 2659 819 Καϊάφα
2704 750 3067 821 περιστάντες
3115 748 3353 821 ἤγειραν
3378 749 3698 821 ψευδομαρ-

2092 843 2305 911 τυρίας.
2351 842 2654 913 Ἐλάλησαν
2693 841 2753 895 δὲ
2790 841 2913 896 κατ’
2948 841 3116 896 αὐτοῦ
3138 840 3369 915 γλώσσῃ
3402 841 3578 916 δολία,
3605 842 3695 896 ὅτε

2092 936 2120 987 ὁ
2149 935 2439 1004 ἀρχιερεὺς
2468 933 2708 997 ἀναστὰς
2744 934 2897 1001 ἔλεγε
2931 935 3069 1004 πρὸς
3120 934 3283 988 αύτόν
3315 948 3330 964 ⁸
3375 932 3698 1003 Ἐξορκίζω

2093 1041 2167 1080 σε
2193 1027 2344 1079 κατὰ
2365 1026 2472 1081 τοῦ
2508 1026 2657 1081 Θεοῦ
2685 1027 2793 1081 τοῦ
2817 1024 3036 1093 ζῶντος
3061 1068 3075 1093 ,
3103 1027 3207 1081 ἵνα
3236 1026 3382 1099 ἡμῖν
3410 1024 3616 1095 εἴπῃς,
3645 1030 3697 1081 εὶ

2092 1120 2173 1171 σὺ
2205 1119 2264 1174 εἴ
2307 1122 2340 1174 ὀ
2378 1119 2637 1187 Χριστὸς
2667 1122 2700 1174 ό
2741 1119 3002 1186 Υἱὸςτοῦ
3040 1118 3211 1175 Θεοῦ.
3244 1120 3381 1173 Ούδὲ
3419 1118 3535 1192 γὰρ
3564 1119 3695 1191 βου-

2093 1211 2310 1281 λόμενοι
2340 1210 2547 1282 μαθεῖν,
2568 1210 2706 1264 ἀλλὰ
2726 1210 2944 1281 βλατφη
2952 1213 3108 1282 μίας,
3129 1211 3205 1274 ὡς
3225 1211 3470 1279 ἐδόκουν,
3492 1209 3690 1282 ἔγκληο

2095 1322 2174 1374 μα
2209 1304 2428 1369 πλέξαι,
2459 1304 2681 1358 τοιαῦτα
2722 1304 3049 1358 ὲπύνθανον.

2169 1417 2187 1448 ι
2234 1396 2380 1448 ’Λντὶ
2411 1394 2506 1449 τοῦ
2539 1397 2761 1469 ἀγαπᾷν
2800 1410 2868 1467 με
2923 1395 3271 1450 ὲνδιέὅαλλόδ
3296 1411 3385 1466 με.
3435 1413 3454 1447 ι

2159 1577 2381 1630 Δίκαιον
2405 1576 2514 1647 γὰρ
2543 1576 2706 1629 αὑτὸν
2730 1577 2977 1646 ἀγαπᾷν,
2997 1569 3239 1647 ύπὲρῶν
3265 1573 3452 1628 αὐτῶν
3477 1573 3583 1637 τὰς
3608 1573 3696 1624 νό-

2095 1687 2223 1732 σους
2269 1670 2494 1731 ἰάσατο,
2550 1667 2858 1731 πεινῶντας
2920 1668 3193 1732 πολλάκις
3245 1665 3522 1737 ἔθρεψεν·
3575 1663 3695 1720 ἀλλ’

2095 1762 2256 1815 ἅτινα
2308 1762 2586 1832 παρέσχεν
2614 1761 2939 1834 εὐεργεσίας
2972 1760 3209 1833 ἐνέχυρα
3231 1761 3388 1815 αὐτοὶ
3420 1759 3564 1832 πρὸς
3602 1759 3694 1813 τὸν

2025 1814 2066 1870 Β
2095 1814 2328 1908 ίῐιλάτον
2352 1814 2619 1908 δίέϐαλον.

2167 2052 2185 2083 ε
2228 2032 2583 2101 Κατάστησον
2614 2031 2703 2084 ἐπ’
2731 2030 2896 2084 αὑτὸν
2930 2030 3281 2102 ἀμαρτωλόν.
3319 2050 3340 2084 ι

2161 2127 2375 2195 Ὥσπερ
2390 2126 2417 2178 6
2443 2122 2577 2186 Θεὸς
2598 2123 2812 2188 δίκαιος
2842 2123 3318 2195 προσηγόρευται,
3350 2122 3449 2178 καὶ
3470 2121 3690 2195 χαίρειν

2089 2217 2409 2289 δικαιοσύνῃ
2455 2214 2678 2283 λέγεται
2723 2216 2982 2287 (Δίκαιος
3025 2216 3138 2287 γὰρ
3178 2218 3419 2285 Κύριος,
3450 2215 3557 2270 καὶ
3602 2216 3690 2270 δι-

2090 2310 2423 2376 καιοσύνας
2462 2307 2789 2378 ἠγάπησεν
2807 2312 2852 2379 )·
2888 2309 3066 2374 οὓτως
3093 2309 3425 2381 ἁμαρτωλὸς
3449 2312 3481 2363 6
3508 2309 3692 2363 διάδο-

2094 2405 2206 2469 λος,
2238 2403 2314 2467 ὼς
2343 2403 2785 2475 φιλαμαρτήμων
2818 2419 2832 2435 ο
2868 2405 2968 2459 καὶ
3006 2405 3071 2458 οὐ
3113 2404 3278 2473 μόνον
3303 2403 3473 2467 αὐτὸς
3503 2404 3692 2476 ἀμαρ-

2091 2493 2308 2557 τάνων,
2364 2491 2500 2545 ἀλλά
2551 2492 2646 2547 καὶ
2690 2494 2802 2557 τοῖς
2856 2493 3212 2563 ἀνεχομένοις
3258 2491 3687 2562 εἰσηγούμενος.

2090 2584 2296 2639 Τοῦτον
2326 2584 2421 2638 ἐπὶ
2456 2584 2548 2639 τὸν
2597 2584 2804 2639 Ἰούδαν
2846 2585 3188 2655 καταστῆναι
3234 2583 3513 2655 βούλεται,
3545 2584 3690 2638 ὥστε

2090 2678 2287 2749 ἄρχειν,
2334 2674 2515 2729 αὐτοῦ
2554 2676 2810 2746 καθάπερ
2855 2676 2955 2729 καὶ
2997 2674 3109 2729 τῶν
3147 2674 3424 2746 δαιμόνων
3447 2690 3465 2705 ο
3498 2674 3690 2743 ἐπειδὴ

2089 2767 2190 2839 τῆς
2218 2766 2387 2822 αὑτοῦ
2424 2766 2643 2838 μερίδος
2690 2767 2944 2840 καθάπερ
2972 2766 3199 2821 ἐκείνων
3222 2767 3255 2820 6
3274 2765 3549 2837 προδότης
3575 2764 3691 2834 ἐγί-

2091 2877 2233 2916 νετο.

2170 2972 2188 3005 ι
2221 2953 2334 3007 Καὶ
2356 2951 2605 3015 διάϐολος
2630 2950 2814 3020 στήτω
2844 2951 2911 3003 ἐκ
2941 2946 3133 3013 δεξιῶν
3162 2946 3354 2999 αὐτοῦ.
3386 2964 3407 2997 ι

2159 3046 2234 3101 Ού
2277 3046 2440 3117 μόνον
2488 3044 2739 3115 μαθητὴς
2770 3041 2848 3097 ὢν
2893 3041 3176 3113 προέδωκε
3201 3039 3307 3092 τὸν
3332 3036 3684 3100 διδάσκαλον,

389 3130 647 3203 prodidit,
703 3129 799 3185 sed
848 3143 1028 3199 neque
1076 3126 1337 3183 allectum
1389 3125 1638 3198 pecunia:
1682 3134 1989 3196 praetexere

2105 3140 2205 3194 ὶλλ⁹
2254 3138 2375 3193 οὐδὲ
2417 3139 2514 3209 τῆς
2560 3135 2930 3207 φιλαργυρίας
2976 3131 3352 3204 προϐαλέσθαι
3401 3129 3467 3186 τδ
3513 3129 3688 3193 πάθος

389 3223 568 3295 potuit
600 3240 612 3276 :
638 3237 766 3277 nam
791 3221 1045 3278 Christus
1068 3220 1370 3275 infirmitati
1393 3220 1511 3291 ejus
1538 3219 1990 3275 eondeseendens

391 3315 728 3385 marsupium
752 3315 856 3384 ipsi
916 3313 1352 3376 eonerediderat,
1393 3312 1465 3367 ita
1500 3323 1559 3367 ut
1600 3313 1847 3384 proditor
1895 3329 1990 3370 ne-

388 3418 661 3475 quaquam
692 3403 941 3474 pecuniae
970 3402 1199 3472 penuria
1228 3403 1521 3457 laboraret.

458 3580 626 3635 Vens.
649 3580 702 3635 8.
742 3600 760 3631 ι
794 3576 951 3633 Fiant
976 3578 1093 3633 dies
1116 3577 1237 3647 ejus
1270 3576 1447 3646 pauci.
1490 3595 1507 3628 ι

461 3673 596 3726 Cum
622 3672 767 3727 enim
802 3671 1158 3741 inauguratus
1188 3676 1336 3723 esset
1366 3674 1425 3721 ut
1455 3667 1508 3721 in
1547 3666 1806 3721 szeculum
1839 3665 1983 3735 Apoa

389 3765 563 3819 stolus
600 3763 740 3819 foret
767 3763 908 3818 sicut
937 3771 992 3817 et
1047 3760 1231 3817 emterl
1264 3759 1515 3830 apostoli,
1560 3757 1747 3828 paucis
1795 3757 1989 3813 diebus

391 3870 566 3924 usque
595 3854 661 3908 ad
687 3854 1051 3924 proditionem
1083 3851 1323 3909 servavit
1352 3849 1699 3921 dignitatem.

460 3947 624 4003 Vens.
656 3947 743 4002 10.
774 3965 793 3999 ι
828 3945 1096 4002 Nutantes
1129 3944 1548 4001 transferantur.
1589 3961 1608 3995 ι

458 4039 507 4094 Α
557 4038 741 4094 divina
789 4039 933 4094 enim
987 4037 1296 4110 cognitione
1328 4043 1607 4099 nutantes,
1633 4034 1701 4089 ab
1763 4034 1988 4104 antiqua

388 4147 488 4186 sua
515 4132 686 4201 patria
712 4124 1100 4201 Hierosolymis
1128 4129 1346 4184 exsules
1379 4127 1504 4182 facti
1529 4134 1686 4191 sunt;
1713 4132 1768 4180 et
1786 4126 1989 4196 ubique

386 4230 659 4284 terrarum
732 4222 1067 4286 mendicant,
1113 4221 1317 4275 locum.
1355 4218 1715 4274 habitationis
1760 4216 1989 4273 minime

388 4316 730 4388 reperientes
759 4333 774 4371 :
805 4316 949 4387 quod
982 4315 1263 4387 proprium
1303 4321 1388 4368 est
1417 4313 1816 4370 mendicorum.

460 4509 625 4567 Vnus.
656 4510 742 4565 1'2.
782 4529 801 4562 ι
829 4509 942 4565 Nec
964 4510 1033 4565 sit
1059 4508 1153 4579 qui
1175 4509 1521 4563 misereatur.
1562 4529 1581 4560 ι

460 4604 576 4659 Deo
603 4604 751 4659 enim
779 4602 1099 4657 miseratore
1129 4602 1278 4671 ipsos
1316 4613 1605 4657 aversante
1634 4613 1689 4659 et
1722 4604 1976 4659 dicente:

384 4695 603 4763 Quoties
659 4693 800 4748 volui
840 4709 1157 4765 congregare
1185 4693 1321 4762 ﬁlios
1347 4702 1482 4760 tuos,
1535 4696 1978 4765 quemadmodum

2091 3232 2328 3304 ἠδύνατο
2370 3248 2383 3262 ·
2465 3229 2615 3301 αύτῷ
2688 3229 2799 3300 γὰρ
2873 3228 2935 3281 τδ
3014 3223 3406 3295 γλωσσόκομον
3464 3224 3494 3277 6
3557 3216 3687 3293 Χρι-

2093 3325 2219 3387 στὸς
2273 3321 2733 3392 συγκαταϐαίνων
2776 3318 2944 3374 αὐτοῦ
2995 3320 3075 3390 τῇ·
3125 3315 3385 3387 ἀσθενείᾳ
3434 3315 3686 3369 ἐπίστευ-

2094 3434 2218 3483 σεν,
2267 3415 2411 3471 ὥστε
2441 3413 2564 3468 οὔτε
2593 3413 2783 3485 ἐνδεὴς
2828 3412 3131 3485 χρημάτων
3158 3410 3188 3463 6
3226 3409 3502 3481 προδότης
3532 3408 3687 3477 ὲτύγ-

2090 3527 2245 3581 χανε.

2170 3621 2186 3651 ι
2227 3599 2645 3671 Γενηθήτωσαν·
2671 3598 2724 3650 αἱ
2751 3595 2961 3668 ἡμέραι
2984 3593 3151 3649 αὑτοῦ
3175 3593 3375 3662 ὀλίγαι.
3413 3609 3435 3643 ι

2163 3691 2583 3761 Χειροτονηίεῖς
2623 3689 2732 3760 γὰρ
2782 3689 2848 3743 δι’
2903 3686 3100 3750 αἰῶνος
3148 3685 3453 3746 ἀπόστολος
3500 3680 3688 3751 ὥσπερ

2093 3785 2187 3838 καὶ
2238 3785 2290 3838 οἱ
2331 3782 2513 3837 λοιποὶ
2560 3782 2874 3845 ἀπόστολοι,
2921 3779 3138 3850 ἡμέρας
3164 3777 3358 3847 ὀλίγας
3382 3775 3486 3840 τὰς
3527 3774 3688 3846 μέχρι

2090 3876 2192 3946 τῆς
2226 3874 2524 3945 προδοσίας
2546 3873 2787 3944 ἐφύλαξε
2828 3873 2889 3925 τδ
2920 3871 3162 3941 ἀξίωμα.

2173 3990 2191 4022 ι
2229 3969 2591 4038 Σαλευόμενοι
2631 3964 3156 4037 μεταναστήτωσαν.
3200 3979 3220 4013 ι

2156 4059 2517 4123 Σαλευθέντες
2537 4059 2647 4129 γὰρ
2676 4056 2784 4112 ἀπὺ
2811 4059 2911 4128 τῆς
2949 4055 3044 4109 τοῦ
3072 4052 3211 4109 Θεοῦ
3235 4051 3522 4123 γνώσεως,
3554 4064 3688 4122 μετα

2091 4156 2321 4210 ανάσται
2398 4154 2499 4222 τῆς
2566 4150 2807 4239 ἀρχαίας
2870 4146 3238 4219 Ἰερουσαλὴμ
3311 4143 3415 4213 τῆς
3476 4143 3687 4197 ἑαυτῶν

2091 4247 2354 4318 πατρίδος
2404 4236 2659 4315 ἐγένοντο
2686 4259 2700 4275 ο
2750 4242 2847 4297 καὶ
2885 4239 3162 4312 πανταχοῦ
3210 4240 3315 4311 γῆς
3372 4236 3682 4299 ὲπαιτοῦσι,

2089 4340 2252 4393 τόπον
2298 4336 2536 4409 οὐδαμοῦ
2580 4334 2869 4398 κατοικίας
2905 4332 3259 4406 εὑρίσκοντες
3285 4346 3298 4359 ·
3352 4330 3497 4400 ὅπερ
3529 4329 3685 4383 ἐπαι-

2089 4430 2195 4484 τῶν
2224 4431 2273 4485 ίδ
2280 4449 2376 4486 ιον.

2165 4544 2183 4575 ι
2225 4523 2377 4592 Μηδὲ
2402 4521 2687 4592 γενηθήτω
2718 4518 3036 4589 οἰκτίρμων.
3070 4535 3089 4568 ο

2158 4614 2295 4668 Θεοῦ
2334 4615 2440 4686 γὰρ
2471 4612 2673 4676 αὐτοὺς
2712 4609 3163 4680 ἀποστραφέντος
3207 4604 3303 4660 τοῦ
3330 4605 3681 4677 οἰκτίρμονος

2089 4710 2181 4762 καὶ
2204 4708 2451 4770 εἰπόντος
2476 4722 2491 4737 ·
2510 4703 2776 4769 Ποσάκις
2802 4702 3080 4768 ἠθέλησα
3111 4697 3597 4767 ἐπισυναγαγεῖν
3613 4697 3680 4751 τὰ

388 4788 590 4859 gallina
623 4795 903 4857 congregat
948 4787 1121 4856 pullos
1164 4804 1284 4841 suos
1314 4787 1406 4841 sub
1439 4787 1577 4851 alas,
1617 4798 1665 4842 et
1710 4788 1926 4843 noluisti
1958 4789 1985 4842 Ρ

2105 4801 2268 4855 τέκνα
2285 4813 2424 4862 σου,
2445 4797 2516 4851 ὃν
2537 4798 2762 4864 τρόπον
2787 4794 2949 4868 ὅρνις
2977 4790 3333 4861 ἐπισυνάγει
3358 4791 3433 4845 τὰ
3453 4790 3682 4844 νοσσία

390 4880 525 4935 Ecce
590 4878 916 4948 relinquetur
977 4879 1116 4933 vobis
1164 4880 1350 4933 domus
1407 4889 1581 4934 vestra
1642 4881 1845 4933 deserta
1906 4880 1976 4934 9’.

382 4971 526 5040 Quis
574 4970 816 5041 ipsorum
868 4971 1102 5042 amplius
1150 4970 1423 5041 misereri,
1460 4972 1586 5042 quis
1637 4971 1703 5026 iis
1740 4971 1978 5042 compati

382 5065 592 5140 poterit
609 5065 632 5119 ‘l

462 5156 622 5214 Vens.
661 5157 749 5213 i5.
780 5158 895 5230 «.Et
922 5158 1199 5230 dispereat
1227 5159 1295 5213 de
1325 5166 1489 5212 terra.
1532 5174 1550 5206 ι

458 5250 618 5318 Quali
649 5251 832 5307 terra?
859 5252 1049 5322 utique
1072 5250 1375 5305 viventium
1404 5266 1416 5302 :
1444 5247 1512 5301 de
1538 5261 1642 5315 qua
1670 5243 1833 5299 David
1861 5242 1976 5313 ipse

386 5344 564 5399 dixit:
589 5344 757 5401 Credo
786 5346 960 5400 videre
989 5346 1122 5397 bona
1143 5342 1356 5396 Domini
1376 5342 1430 5394 in
1453 5348 1595 5394 terra
1623 5339 1903 5393 viventium
1934 5339 1971 5391 ¹.

459 5523 621 5579 Vens.
655 5524 741 5579 16.
773 5545 792 5575 ι
820 5523 925 5579 Pro
948 5537 1015 5577 eo
1039 5520 1184 5592 quod
1214 5535 1325 5574 non
1349 5527 1432 5574 est
1453 5517 1771 5578 recordatus
1795 5517 1976 5572 facere

388 5612 842 5670 misericordiam.
890 5630 907 5661 ›
1518 5606 1523 5611 ’

465 5815 503 5844 ⁸⁵⁷
536 5811 729 5865 Matth.
766 5825 912 5874 xxvr,
949 5808 1018 5862 63

2086 4889 2310 4959 ἑαυτῆς
2354 4888 2472 4945 ὑπὸ
2502 4889 2610 4953 τὰς
2661 4887 2983 4955 πτέρυγας,
3012 4883 3111 4938 καὶ
3144 4884 3257 4935 οὐκ
3290 4879 3640 4949 ἠθελήσατε
3662 4894 3677 4909 ο

2037 5033 2041 5037 ,
2098 4977 2246 5032 Ἰδοὺ
2268 4977 2507 5046 ἀφίεται
2539 4978 2572 5030 ὁ
2591 4971 2757 5041 οἶκος
2779 4973 2947 5044 ὑμῶν
2967 4972 3210 5042 ἕρημος.
3241 4970 3337 5034 Τίς
3369 4969 3573 5034 αὐτοὺς
3599 4971 3679 5023 οί-

2092 5070 2326 5140 κτείρειν
2359 5069 2460 5131 ἔτι,
2494 5068 2579 5133 τίς
2612 5067 2964 5139 συμπάσχειν
3004 5062 3232 5136 ἔμελλεν
3268 5080 3282 5129 ;

2158 5180 2178 5212 ι
2219 5160 2329 5214 Καὶ
2359 5158 2778 5229 ὲξολοθρευθείη
2812 5159 2875 5210 ὲκ
2904 5157 3027 5226 γῆς.
3070 5176 3093 5208 ιι
3204 5178 3207 5181 ·

2160 5251 2328 5314 Ποίας
2364 5250 2468 5321 γῆς
2503 5268 2516 5317 ;
2545 5252 2644 5322 τῆς
2670 5250 2781 5303 τῶν
2810 5248 3052 5314 ζώντων·
3083 5248 3211 5319 περὶ
3235 5242 3305 5321 ἧς
3335 5247 3499 5312 αὐτὸς
3522 5249 3554 5302 6
3573 5251 3678 5302 Δα-

2084 5344 2173 5398 ϐὶδ
2203 5343 2389 5412 ἕλεγε’
2443 5344 2714 5397 Πιστεύω
2755 5342 2861 5396 τοῦ
2895 5342 3050 5396 ἰδεῖν
3103 5341 3172 5395 τὰ
3218 5340 3413 5412 ἀγαθὰ
3450 5341 3677 5409 Κυρίου

2086 5438 2155 5494 ἐν
2181 5437 2258 5510 γῇ
2284 5436 2535 5498 ζώντων.

2165 5553 2182 5585 ι
2238 5530 2380 5585 Ἀνθ’
2418 5524 2494 5584 ὧν
2524 5529 2623 5583 οὐκ
2648 5528 2896 5601 ἐμνήσθη
2927 5527 3154 5599 ποιῆσαι
3185 5526 3357 5590 ἕλεος.
3397 5544 3419 5580 5

1118 5811 1163 5842 ⁸⁸
1192 5811 1335 5866 Psal.
1363 5828 1415 5878 ιι,
1447 5811 1502 5867 8.
1579 5815 1623 5846 99
1650 5812 1841 5867 Matth;
1875 5828 2034 5882 xxul,
2067 5814 2158 5871 57.
2242 5816 2256 5847 ⁸
2295 5814 2438 5871 Psal.
2474 5818 2692 5885 nm,”
