3950 6408
281 347 418 418 1317

1444 342 1912 406 FRAGMENTA
1950 339 2035 401 IN
2074 339 2434 407 PSALMOS.

3449 298 3586 410 1-313

349 459 507 525 Τίνι;
562 458 717 529 δῆλον
747 456 822 523 ὡς
879 455 1090 527 ἑαυτῷ·
1123 451 1247 508 οὐδὲ
1299 450 1409 524 γὰρ
1451 453 1533 517 είς
1585 453 1876 525 μετάνοιαν

2052 445 2199 501 Cui?
2253 447 2440 517 utique
2502 447 2853 504 manifestum
2902 451 3046 521 quod
3082 452 3185 507 sibi
3233 452 3333 524 ipsi
3364 471 3378 509 :
3406 464 3589 524 neque

282 546 446 616 εἶδεν,
472 542 599 606 ὅθεν
626 551 813 615 ὲλέους
842 551 1025 621 τυχεῖν
1049 547 1147 603 καὶ
1172 545 1592 618 φιλανθρωπίας
1628 542 1877 599 ἀπο)ιαῦ-

285 662 378 699 σαι
400 642 656 715 ἠδύνατο.
673 646 734 699 Ὀ
760 644 818 698 δὲ
849 643 1042 697 ἑαυτὸν
1066 641 1142 715 μὴ
1170 639 1425 714 ἐλεήσας,
1464 639 1582 704 πῶς
1612 640 1762 713 παρᾶ
1784 637 1877 693 τοῦ

284 737 492 809 Κριτοῦ
519 738 813 811 ἐλεηθῆναι
840 736 1070 823 δύναται
1096 754 1110 804 ;

364 935 383 969 ι
424 918 534 972 Καὶ
564 902 892 981 κατεδίωξεν
922 916 1211 987 ἄνθρωπον
1252 914 1483 982 πένητα.
1515 930 1533 963 ι

354 1010 534 1080 Πένης
562 1010 656 1063 καὶ
684 1010 902 1079 πτωχὸς
929 1010 957 1062 ὀ
990 1008 1198 1077 Κύριος
1222 1024 1235 1038 ’
1272 1006 1465 1077 ἐπειδὴ
1493 1003 1749 1067 πλούσιος
1779 1001 1876 1069 ὢν,

283 1101 429 1172 ὑπὲρ
469 1102 627 1171 ἡμῶν
667 1102 1015 1171 ἐπτώχευσεν
1041 1117 1054 1130 ·
1101 1101 1161 1153 οὐ
1199 1100 1358 1171 μόνον
1404 1098 1462 1151 δὲ
1500 1096 1877 1168 ἐπτώχευσεν,

286 1191 429 1245 ἀλλὰ
475 1191 572 1244 καὶ
620 1192 699 1254 είς
736 1189 995 1244 τοσοῦτον
1042 1190 1132 1243 διὰ
1182 1192 1281 1261 τὴν
1318 1189 1429 1244 τῶν
1476 1188 1742 1242 Ἰουδαίων
1783 1187 1877 1240 ἁν-

287 1282 488 1350 ηκοῖαν
540 1280 710 1351 πένης
770 1280 1011 1349 ἐγένετο,
1066 1281 1205 1333 ante
1247 1282 1536 1349 λέγειν·Αὶ
1570 1278 1879 1342 ἀλώπεκες

280 1370 560 1439 φωλεοὺς
612 1370 850 1440 ἔχουσι,
914 1372 1012 1424 καὶ
1056 1371 1130 1424 τὰ
1181 1371 1421 1424 πετεινὰ
1458 1368 1567 1423 τοῦ
1613 1368 1877 1436 οὐρανοῦ

282 1461 810 1529 κατασκηνώσεις·
878 1465 910 1516 ὀ
958 1462 1027 1514 δὲ
1082 1464 1209 1529 Υἱὸς
1258 1464 1364 1517 τοῦ
1413 1460 1728 1532 ἀνθρώπου
1765 1463 1878 1515 οὐκ

280 1558 413 1626 ἔχει
459 1554 575 1608 ποῦ
608 1554 724 1623 τὴν
748 1553 1029 1623 κεφαλὴν
1079 1555 1287 1625 κλίνῃ.
1326 1556 1509 1626 Ὅπερ
1535 1554 1653 1608 ἐστὶ
1687 1553 1880 1615 πενίας

281 1645 736 1719 ὑπερϐαλλούσης
761 1645 1057 1710 ἀπόδειξις.

360 1760 380 1793 ι
417 1743 528 1795 Καὶ
559 1743 1039 1812 κατανενυγμένον
1068 1745 1135 1814 τῇ
1157 1742 1378 1813 καρδία.
1426 1761 1444 1794 ι

1982 543 2135 600 enim
2165 544 2233 600 ad
2255 543 2642 615 paenitentiam
2669 545 2933 615 respexit,
2980 548 3126 602 unde
3155 548 3585 604 misericordiam

1984 647 2149 710 atque
2176 639 2527 695 clementiam
2550 639 2813 709 consequi
2848 640 3145 711 potuisset.
3172 640 3351 706 Quem
3399 649 3579 697 anteit

1982 730 2070 785 sui
2110 729 2281 800 ipsius
2308 745 2422 784 non
2452 731 2703 796 miseret,
2739 731 3016 800 quomodo
3054 746 3086 786 a
3132 730 3328 787 Judice
3363 732 3587 788 miseri-

1985 822 2231 877 cordiam
2274 822 2536 893 consequi
2569 823 2789 893 possit?

2054 912 2217 967 Vsus.
2254 914 2338 968 l7.
2369 930 2386 964 ι
2417 914 2485 969 Et
2515 924 2840 985 persecutus
2869 924 2955 970 est
2979 914 3262 971 hominem
3300 916 3581 988 inopem.»

2054 1006 2277 1077 Egenus
2316 1016 2373 1061 et
2406 1006 2565 1077 inops
2606 1008 2867 1063 Dominus
2893 1026 2908 1074 ;
2938 1008 3065 1078 quia
3086 1024 3209 1062 cum
3232 1017 3379 1063 esset
3408 1008 3581 1073 dives,

1983 1113 2082 1168 pro
2116 1098 2275 1152 nobis
2316 1114 2521 1170 egenus
2553 1099 2730 1154 factus
2756 1109 2841 1154 est
2870 1118 2882 1154 :
2915 1110 2970 1155 et
3006 1116 3115 1155 non
3153 1102 3329 1155 solum
3374 1116 3585 1171 pauper

1982 1186 2105 1252 fuit,
2140 1203 2331 1241 verum
2373 1187 2538 1242 etiam
2573 1200 2798 1260 propter
2815 1189 3133 1245 Judmorum
3173 1191 3580 1246 contumaciam

1982 1281 2048 1336 ad
2083 1290 2291 1335 tantam
2330 1282 2584 1337 redactus
2612 1292 3033 1353 cstcgestatem.
3067 1293 3126 1337 ut
3156 1284 3365 1338 diceret
3399 1300 3413 1338 :
3453 1284 3582 1338 Vul-

1982 1388 2071 1440 pes
2101 1372 2275 1441 foveas
2296 1371 2487 1424 habent
2514 1381 2562 1424 et
2598 1372 2830 1426 volucres
2864 1374 2979 1426 ειείὶ
3012 1374 3199 1435 nidos;
3240 1374 3410 1427 Filius
3460 1390 3582 1428 vero

1982 1464 2207 1516 hominis
2230 1479 2335 1517 non
2362 1465 2516 1517 habet
2546 1465 2634 1517 ubi
2663 1474 2823 1533 caput
2860 1465 3073 1518 reclinet
3113 1467 3156 1518 ’.
3190 1465 3348 1531 Quod
3363 1466 3580 1536 signum

1983 1561 2065 1606 est
2090 1561 2348 1607 extremm
2376 1554 2655 1624 egestatis.
2678 1600 2688 1608 .

2060 1749 2078 1780 ι
2109 1729 2175 1784 Et
2210 1741 2602 1800 compunctum
2629 1730 2817 1786 corde.
2857 1749 2876 1781 s

374 1832 430 1886 Ὀ
460 1835 515 1888 δὲ
541 1834 707 1897 αὐτὸς
739 1803 924 1906 καὶ
954 1803 1158 1907 καρδία
1185 1803 1252 1889 δέ
1296 1803 1444 1907 ημᾶς
1473 1837 1876 1909 κατανενυγμὲ-

2057 1820 2204 1876 ldcm
2243 1834 2425 1876 autem
2465 1832 2690 1891 prapter
2724 1836 2826 1876 nos
2858 1837 3079 1890 quoque
3109 1822 3274 1877 corde
3314 1838 3587 1893 compun-

279 1941 379 1987 νος
413 1940 424 1953 ·
460 1924 651 1995 διόπερ
690 1924 845 1993 ἔλεγε
874 1942 888 1956 ’
921 1926 1263 1995 Περίλυπός
1284 1927 1455 1980 ἐστιν
1490 1928 1529 1996 ἡ
1556 1929 1728 1998 ψυχή
1757 1947 1876 1998 μου

278 2016 400 2083 ἕως
427 2016 717 2071 θανάτου.
1762 2002 1787 2013 ἢ

368 2130 387 2164 ι
419 2111 529 2164 Καὶ
550 2109 805 2180 ἠγάπησε
833 2108 1105 2181 κατάραν.
1145 2127 1163 2160 ι

363 2200 529 2255 Ποίαν
582 2198 682 2269 τὴν
725 2198 821 2252 τοῦ
866 2198 1212 2267 ’Μονογενοῦς
1260 2198 1512 2269 ἤκουσεν,
1567 2199 1732 2269 ἡνίκα
1778 2198 1877 2270 τὴν

283 2292 584 2362 προδοσίαν
636 2290 937 2361 ἐμελέτησε
983 2289 1274 2358 λέγοντος*
1318 2290 1389 2343 '0-
1421 2287 1541 2358 μὲν
1586 2291 1720 2355 Υἱὸς
1768 2290 1877 2345 τοῦ

282 2384 607 2452 ἀνθρώπου
644 2382 1034 2450 παραδίδοται
1059 2397 1074 2411 ο
1112 2380 1309 2434 καλὸν
1346 2376 1426 2451 ἦν
1456 2380 1641 2446 αὐτῷ,
1681 2384 1734 2436 εί
1765 2384 1877 2438 οὐκ

282 2475 582 2545 ἐγω-ἤθη
611 2478 645 2529 ὀ
671 2473 986 2543 ἄνθρωπος
1015 2474 1269 2540 ἐκεῖνος.

367 2588 386 2619 ι
423 2568 533 2621 Καὶ
564 2568 666 2621 οὐκ
692 2566 959 2637 ἠθέλησεν
987 2564 1266 2635 εὐλογίαν.
1297 2585 1315 2619 ι

362 2658 629 2727 Εὑλογίαν
664 2658 766 2728 τὴν
811 2658 922 2713 τῶν
964 2657 1287 2714 ἀποστόλων
1319 2657 1494 2727 λέγει,
1534 2660 1602 2731 ἣν
1640 2660 1823 2724 αὐτοῖς
1849 2661 1878 2714 ὀ

284 2748 523 2818 Χριστὸς
556 2746 903 2818 ἐξεφώνησεν
936 2764 951 2780 ο
996 2746 1179 2817 Ἀμὴν
1225 2748 1384 2817 λέγω
1430 2747 1595 2819 ὑμῖν,
1627 2750 1798 2819 ὑμεῖς
1823 2753 1878 2805 οἱ

283 2837 829 2905 ἀκολουθήσαντές
850 2854 971 2907 μοι,
1004 2837 1332 2895 καθίσεσθε
1359 2837 1460 2894 ἐπὶ
1491 2838 1720 2896 δώδεκα
1743 2842 1879 2910 θρό-

286 2946 436 2994 νους
454 2971 469 2994 ,
510 2929 819 2997 κρίνοντες
846 2928 955 2995 τὰς
981 2927 1211 2982 δώδεκα
1241 2928 1443 2998 φυλὰς
1469 2929 1577 2984 τοῦ
1615 2929 1875 2998 Ἰσραήλ.

371 3041 390 3073 ι
433 3021 543 3075 Καὶ
568 3020 860 3074 ἐνεδύσατο
895 3020 1159 3091 κατάραν.
1197 3039 1217 3073 ι

365 3111 559 3167 Ταῦτα
595 3110 705 3185 γὰρ
743 3111 837 3165 τοῦ
872 3110 1166 3183 ἀνθρώπου
1207 3111 1467 3183 τυγχάνει
1496 3112 1565 3167 τὰ
1586 3113 1833 3166 ὲνδόσθια
1861 3131 1874 3143 ·

288 3202 435 3257 ὥστε
480 3203 580 3255 καὶ
624 3201 885 3271 δυνάμεις
918 3200 1019 3269 τῆς
1054 3200 1235 3272 ψυχῆς
1269 3196 1411 3256 εἶναι
1442 3201 1513 3256 τὰ
1541 3202 1640 3272 μὲν
1672 3202 1882 3270 ἔγκατα

287 3294 389 3358 τὰς
426 3293 671 3362 λογικάς,
706 3292 895 3364 ἐπειδὴ
916 3293 988 3347 τά
1005 3292 1216 3362 ἔγκατα
1238 3293 1299 3347 οὐ
1332 3294 1431 3366 τὴν
1457 3294 1630 3366 αὐτὴν
1659 3295 1882 3365 κατέχει

288 3386 524 3457 τροφὴν,
563 3383 702 3438 ἀλλὰ
730 3385 825 3439 καὶ
857 3384 952 3438 νῦν
981 3385 1081 3455 μὲν
1108 3385 1345 3455 δέχεται,
1380 3385 1475 3438 νῦν
1504 3385 1561 3438 δὲ
1584 3385 1839 3439 ὲκὸάλλει
1864 3403 1879 3418 σ

289 3475 482 3548 ὥσπερ
509 3476 606 3529 καὶ
638 3477 691 3528 οἱ
705 3474 958 3545 λογισμοὶ
980 3477 1082 3530 οὐκ
1112 3476 1209 3530 ἐπὶ
1231 3474 1341 3529 τῶν
1363 3476 1546 3530 αὐτῶν
1576 3477 1843 3545 ἑστήκασι
1862 3494 1875 3508 ·

292 3568 537 3639 συνεχῶς
576 3568 683 3640 γὰρ
722 3568 1175 3639 μεταϐάλλονται.
1210 3569 1291 3623 Τὰ
1321 3569 1378 3623 δὲ
1407 3569 1543 3624 ὀστᾶ
1562 3609 1579 3634 ,
1611 3568 1712 3632 τὰς
1739 3586 1882 3640 πρα-

290 3660 514 3727 κτικὰς,
558 3662 636 3724 ὼς
683 3660 899 3732 ἰσχυρὰ,
951 3661 1258 3732 νοήσωμεν.
1304 3660 1525 3732 Ἐπειδὴ
1571 3660 1630 3715 δὲ
1677 3660 1739 3714 τὸ
1781 3662 1880 3732 μὲν

290 3753 443 3825 ὓδωρ
489 3756 603 3817 τοϊς
650 3754 907 3823 ὲγκάτοις
949 3753 1045 3824 (ὡς
1086 3755 1145 3807 ἐν
1189 3754 1450 3826 ὑγρότητι
1498 3754 1880 3825 τρεφομένοις)

290 3842 657 3913 κατάλληλον,
696 3841 758 3896 τὸ
791 3842 851 3896 δὲ
894 3842 1072 3896 ἔλαιον
1109 3844 1226 3907 τοῖς
1258 3842 1469 3907 ὀστέοις
1508 3844 1739 3917 (σφόδρα
1772 3845 1882 3917 γὰρ

289 3936 479 4007 χαίρει
510 3938 577 4007 τῇ
610 3935 677 3989 δι’
712 3935 894 3989 ἐλαίου
945 3935 1168 4005 ἀλοιφῇ)
1192 3952 1207 3967 θ
1241 3935 1471 4002 εἰκότως
1490 3937 1552 3991 τὸ
1592 3936 1740 4011 ὕδωρ
1765 3940 1882 4003 τοῖς

290 4028 574 4095 ὲγκάτοις,
605 4026 667 4079 τὸ
694 4026 874 4081 ἔλαιον
897 4030 1015 4092 τοῖς
1039 4027 1246 4090 ὀστέοις
1270 4028 1631 4094 ἀποδέδωκεν,
1662 4030 1745 4094 ὡς
1771 4031 1882 4085 δεῖ-

292 4117 386 4183 ξαι
406 4117 597 4187 ὅτιπερ
620 4116 769 4188 αὐτῷ
793 4116 861 4172 τὰ
886 4119 988 4189 τῆς
1011 4119 1260 4190 κατάρας
1288 4119 1555 4191 ἥρμοσεν,
1581 4122 1657 4185 ὡς
1677 4123 1881 4178 κατάλι-

293 4206 458 4278 ληλον
489 4207 627 4278 αὐτῇ
666 4208 932 4279 πονηρίαν
964 4207 1383 4277 μεταδιώξαντι.

374 4313 394 4351 ι
441 4298 557 4353 Καὶ
586 4298 893 4369 σὺ,κιύριε,
930 4298 1157 4370 ποίησον
1189 4300 1309 4371 μετ’
1336 4299 1495 4371 ἐμοῦ.
1537 4319 1558 4354 s

370 4390 599 4460 Εἴρηται
636 4389 919 4458 πολλάκις,
951 4391 1035 4444 ὅτι
1074 4392 1153 4464 τῷ
1184 4391 1466 4464 προσώπῳ
1511 4392 1608 4448 τοῦ
1638 4393 1880 4465 Χριστοῦ

1986 1924 2104 1966 etus
2129 1911 2264 1977 fuit;
2302 1924 2640 1983 quapropter
2673 1913 2848 1969 dixit:
2886 1913 3073 1969 Tristis
3127 1923 3204 1969 est
3239 1916 3425 1969 anima
3466 1931 3582 1969 mea

1985 2019 2150 2071 usque
2176 2006 2246 2058 ad
2272 2016 2493 2058 mortem
2515 2006 2556 2059 ³.

2059 2095 2221 2151 Vens.
2250 2097 2334 2150 18.
2384 2115 2403 2148 ι
2436 2095 2503 2151 Et
2535 2096 2726 2152 dilexit
2758 2096 3224 2153 maledictionem.
3262 2116 3283 2151 ι

2056 2186 2286 2255 Qualem
2316 2188 2517 2258 bempe
2543 2188 2774 2253 audivit,
2804 2188 3029 2258 quando
3057 2188 3164 2260 ipsi
3211 2189 3581 2259 proditionem

1985 2281 2271 2337 meditanti
2298 2264 2629 2353 Unigcnitus
2676 2281 2837 2348 dixit,
2879 2282 3051 2338 Filius
3098 2284 3312 2354 quidem
3356 2284 3583 2338 hominis

1986 2372 2256 2427 traditur:
2281 2371 2668 2426 bonum'autem
2685 2380 2800 2426 erat
2814 2372 2883 2436 ei,
2900 2373 2947 2426 si
2965 2379 3124 2427 natus
3151 2388 3256 2427 non
3280 2372 3465 2444 fuisset
3485 2372 3583 2425 Ιιο-

1986 2481 2073 2518 mo
2098 2464 2189 2518 ille
2212 2463 2255 2517 ⁸.
3272 2468 3275 2473 ‘

2063 2575 2081 2608 ι
2112 2557 2178 2611 Et
2204 2555 2377 2610 noluit
2396 2555 2865 2612 benedictionem.
2916 2574 2936 2608 ι

2057 2647 2501 2703 Benedictionem
2522 2647 2778 2719 intelligit
2805 2646 3206 2717 apostolorum,
3227 2663 3393 2718 quam
3419 2646 3584 2704 Chri-

1986 2746 2103 2793 stus
2127 2737 2260 2807 ipsis
2284 2736 2575 2807 proniisit:
2615 2737 2782 2791 Amen
2815 2737 2931 2790 dico
2962 2737 3124 2803 vobis,
3155 2738 3295 2808 quod
3351 2754 3462 2804 vos,
3491 2738 3584 2809 qui

1985 2830 2147 2884 secuti
2168 2830 2292 2884 estis
2327 2845 2429 2893 me,
2452 2830 2699 2884 sedebitis
2718 2846 2879 2899 super
2915 2831 3061 2884 sedes
3106 2830 3405 2897 duodecim,
3428 2831 3585 2905 judi-

1987 2930 2169 2975 cantes
2191 2920 2463 2975 duodecim
2493 2921 2661 2975 tribus
2693 2919 2870 2976 Israel
2899 2922 2942 2978 ⁸.

2064 3032 2082 3066 ι
2124 3014 2191 3067 Ει
2217 3013 2397 3067 induit
2424 3013 2891 3068 maledictionem.
2927 3033 2946 3066 ι

2060 3105 2187 3161 Haec
2213 3106 2360 3160 enim
2389 3106 2628 3162 hominis
2657 3105 2917 3161 interiora
2953 3114 3124 3173 sunt;
3163 3107 3239 3164 ita
3263 3120 3325 3163 ut
3358 3107 3582 3164 intesti-

1985 3215 2053 3254 na
2084 3199 2305 3270 quidem
2337 3199 2446 3253 sint
2471 3200 2763 3254 rationales
2810 3201 3011 3256 anima:
3053 3201 3307 3267 virtutes,
3339 3202 3586 3273 quando-

1984 3292 2205 3363 quidem
2229 3292 2489 3348 intestina
2520 3307 2632 3347 non
2664 3292 2920 3348 eumdem
2961 3294 3146 3351 cibqu
3197 3294 3458 3357 retinent,
3489 3294 3586 3349 scd

1985 3384 2147 3439 modo
2180 3384 2402 3453 quidem
2426 3384 2579 3438 illum
2604 3384 2933 3453 suscipiunt.
2967 3385 3134 3440 modo
3162 3400 3292 3440 vero
3321 3386 3582 3457 ejiciunt;

1984 3477 2127 3532 sicut
2153 3477 2321 3531 etiam
2349 3475 2719 3546 cogitationes
2742 3474 2936 3531 iisdem
2966 3476 3136 3546 rebus
3179 3477 3410 3533 minime
3443 3477 3584 3533 insi-

1983 3574 2156 3633 stunt,
2185 3566 2285 3621 sed
2321 3536 2542 3621 assidue
2564 3572 2869 3621 mutantur.
2896 3536 3032 3623 Ossa
3060 3582 3214 3633 vero,
3246 3576 3432 3637 utpote
3462 3584 3585 3639 qua:

1984 3658 2139 3713 ﬁrma
2168 3658 2303 3723 sint,
2334 3658 2564 3714 virtutes
2584 3659 2854 3727 practicas
2886 3658 3277 3731 intelligemus.
3308 3658 3580 3724 Quoniam

1984 3766 2123 3821 aqua
2149 3750 2372 3821 quidem
2398 3749 2675 3805 intestinis
2699 3733 2782 3820 (ut
2811 3765 2932 3819 qua:
2980 3750 3210 3805 humore
3240 3750 3579 3821 nutriantur)

1985 3842 2165 3898 oleum
2216 3856 2349 3898 vero
2385 3841 2599 3898 ossibus
2634 3841 2866 3912 quadrat
2918 3842 3058 3913 (lucc
3102 3842 3250 3897 enim
3306 3841 3413 3897 olei
3471 3858 3579 3897 un-

1983 3936 2167 3990 ctione
2195 3933 2495 4005 plurimum
2520 3932 2824 4004 gaudent);
2867 3934 3066 3989 merito
3108 3949 3304 4004 aquam
3355 3934 3580 3990 intesti~

1984 4027 2089 4093 nis,
2124 4027 2308 4082 oleum
2335 4039 2468 4082 vero
2493 4025 2713 4081 ossibus
2746 4025 3016 4091 attribuit,
3050 4025 3121 4081 ad
3168 4026 3571 4082 ostendendum

1983 4119 2085 4188 ipsi
2122 4127 2435 4188 competere
2482 4116 2909 4184 exsecrationes,
2941 4126 3131 4187 utpote
3161 4117 3315 4175 hisce
3371 4134 3572 4177 convc-

1981 4212 2231 4267 nientem
2259 4211 2525 4266 malitiam
2547 4209 2911 4266 consectanti.

2052 4303 2217 4359 Vens.
2252 4304 2343 4359 21.
2384 4320 2403 4355 ι
2434 4303 2504 4357 Ει
2531 4310 2612 4368 ιιι,
2646 4300 2894 4366 Domine,
2920 4300 3006 4357 [ac
3035 4315 3273 4360 mecum.
3303 4321 3324 4356 ι

2053 4394 2443 4467 Saepenumero
2470 4394 2676 4450 dictum
2707 4401 2812 4459 est,
2843 4408 3096 4464 personae
3119 4392 3326 4448 Christi
3350 4394 3576 4452 humilia

290 4484 561 4555 ἁρμόττει
593 4483 662 4537 τά
704 4485 941 4539 ταπεινὰ
989 4484 1077 4539 διὰ
1114 4485 1215 4556 τὴν
1252 4484 1653 4557 ἀνθρωπότητα
1688 4502 1703 4517 ⁸
1743 4486 1876 4542 ἀλλὰ

1995 4501 2286 4558 congruere
2331 4493 2559 4557 propter
2606 4483 3046 4551 humanitatem;
3079 4494 3459 4539 verumtamen
3517 4492 3578 4541 ut

290 4576 397 4632 καὶ
421 4576 566 4630 οὕτω
590 4575 656 4630 τὰ
689 4576 872 4647 ὑψηλὰ
913 4579 1027 4642 τοῖς
1053 4581 1338 4644 ταπεινοῖς
1364 4577 1745 4642 συνέζευκται.
1785 4579 1880 4633 El-

1983 4578 2064 4634 sic
2100 4577 2265 4633 etiam
2292 4576 2550 4632 sublimia
2578 4592 2705 4632 cum
2752 4575 3055 4631 humilibus
3085 4575 3380 4645 conjuncta
3424 4586 3574 4632 sunt.

289 4666 418 4722 πὼν
453 4669 590 4749 γὰρ,
644 4669 921 4737 Ποίησον
954 4668 1085 4739 μετ’
1104 4668 1276 4739 ἐμοῦ,
1305 4669 1652 4742 προσέθηκεν
1674 4670 1876 4724 ἕνεκεν

1995 4668 2115 4725 Nam
2140 4683 2269 4724 cum
2288 4668 2517 4724 dixisset
2551 4668 2665 4723 Fac
2688 4684 2914 4732 mecum,
2946 4666 3196 4737 adiunxit
3222 4679 3437 4737 propter
3476 4685 3575 4722 no-

288 4758 405 4814 τοῦ
437 4760 729 4829 ὀνόματός
759 4773 877 4814 σου
905 4799 920 4824 ,
953 4759 1142 4815 ἕνεκεν
1167 4763 1268 4831 τῆς
1296 4760 1438 4831 ὲμῆς
1457 4760 1639 4826 ἀξίας.
1673 4761 1876 4833 Ὄνομα

1995 4778 2101 4817 men
2129 4770 2300 4827 tuum,
2334 4766 2556 4831 propter
2585 4773 2765 4815 meam
2790 4758 3131 4832 dignitatem.
3172 4757 3383 4816 Nomen
3413 4760 3565 4816 enim

289 4850 410 4924 γὰρ
437 4852 529 4905 τοῦ
563 4852 778 4923 Πατρός
812 4854 840 4905 ὀ
865 4852 994 4916 Υἱός
1016 4867 1030 4882 ·
1063 4851 1254 4923 διόπερ
1296 4853 1411 4919 καὶ,
1453 4854 1882 4923 Εὐλογημένος

290 4948 331 5001 d
361 4944 684 5016 ἐρχόμενος
718 4944 791 5001 ἐν
817 4946 1064 5016 ὀνόματι
1090 4945 1314 5014 Κυρίου
1345 4946 1598 5015 λέγεται,
1649 4946 1726 5010 ὡς
1770 4948 1883 5012 tuo;

288 5035 451 5108 αὐτῷ
499 5037 787 5109 τυγχάνων
840 5036 936 5093 καὶ
985 5037 1428 5108 ἀπαράλλακτος,
1476 5040 1570 5093 καὶ
1604 5039 1690 5093 διὰ
1719 5039 1882 5095 τοῦτο

288 5125 394 5182 τοῦ
438 5128 654 5199 Πατρὺς
684 5127 1092 5200 ἀναλαμϐάνων
1138 5128 1201 5182 τὸ
1238 5128 1431 5200 ὀνομα.
1472 5131 1585 5185 Καὶ
1622 5132 1674 5185 εί
1703 5130 1884 5195 οὕτως

291 5219 455 5286 ἀξίας
476 5217 684 5290 ἔχεται,
699 5220 846 5285 τίνος
874 5222 1035 5294 χάριν
1052 5220 1416 5293 προσεύχεται
1430 5223 1575 5288 ;’Ότι
1590 5222 1881 5292 χρηστὸν,

293 5313 459 5383 φησι,
493 5312 561 5368 τὸ
584 5312 758 5379 ἔλεός
791 5329 910 5369 σου
942 5330 957 5345 ·
998 5313 1148 5377 ἔλεος
1179 5314 1345 5368 πάλιν
1372 5314 1471 5368 τοῦ
1500 5314 1714 5386 Πατρὶς
1753 5308 1882 5367 ἑαυ-

291 5402 392 5456 τὸν
438 5403 622 5459 καλῶν
653 5420 668 5434 ο
701 5403 851 5468 ἔλεος
884 5404 986 5475 μὲν
1020 5403 1208 5476 ἐπειδὴ
1242 5402 1332 5458 διὰ
1360 5404 1460 5475 τῆς
1485 5402 1652 5457 αὑτοῦ
1674 5419 1878 5476 παρου·

297 5496 423 5560 σίας
453 5495 769 5568 ἠλεήθημεν
790 5511 804 5526 ·
839 5496 986 5560 ἔλεος
1007 5496 1064 5551 δὲ
1086 5495 1182 5550 τοῦ
1209 5495 1423 5566 Πατρδς
1457 5495 1704 5560 εἰκότως
1732 5496 1880 5564 γνώ-¹

298 5605 379 5660 μῃ
405 5587 516 5659 γὰρ
546 5587 713 5643 αὐτοῦ
743 5591 777 5660 ἡ
809 5589 1058 5661 σωτηρία
1089 5589 1247 5660 ἡμῶν
1275 5590 1617 5662 πέπρακται.
1659 5587 1878 5659 Ἐπειδὴ

368 5726 391 5756 ι
425 5721 617 5779 Matth.
649 5740 769 5793 vui,
793 5723 865 5778 eo
898 5732 950 5779 et
974 5722 1133 5780 Lucae
1164 5740 1239 5790 Ix,
1275 5724 1363 5778 ss.
1441 5724 1461 5756 ³
1487 5723 1683 5777 Matth.
1717 5723 1948 5789 “1,33.
2046 5723 2065 5753 ι
2094 5691 2287 5784 Matth;
2320 5742 2470 5794 XXVI,
2510 5727 2602 5781 et.

297 5810 454 5857 mu,
488 5794 574 5848 34.

1989 4854 2171 4910 Patris
2195 4864 2281 4909 est
2303 4851 2474 4907 Filius
2502 4869 2517 4914 ς
2544 4860 2880 4922 Quapropter
2913 4850 3079 4907 etiam
3119 4851 3351 4920 dicitur,
3401 4852 3574 4911 Bene-

1990 4948 2160 5002 dictus
2222 4946 2313 5017 qui
2344 4945 2485 4998 venit
2544 4945 2603 4997 in
2630 4942 2840 4996 neruine
2883 4942 3099 4998 Domini
3132 4945 3190 5012 ';
3224 4953 3409 5015 utpote
3469 4945 3575 5017 ipsi

1987 5038 2214 5111 aequalis
2242 5046 2298 5093 et
2335 5034 2796 5093 incommutabilis
2827 5035 3120 5102 exsistam,
3156 5046 3322 5107 atque
3365 5039 3576 5095 idcirco

1991 5130 2167 5187 Patris
2198 5145 2400 5187 nomen
2430 5144 2736 5186 assumens.
2775 5130 2938 5200 Atqui
2997 5130 3043 5185 si
3072 5138 3238 5186 tantm
3291 5131 3575 5202 dignitatis

1992 5221 2086 5289 sit,
2117 5238 2220 5278 cur
2248 5222 2411 5277 orat?
2455 5220 2618 5287 Quia,
2660 5221 2860 5291 inquit,
2883 5222 3059 5276 suavis
3083 5230 3159 5276 est
3212 5222 3574 5280 misericordia

1990 5321 2082 5365 tua
2112 5329 2130 5366 :
2162 5327 2356 5367 rursus
2394 5312 2751 5383 semetipsum
2784 5312 2962 5368 Patris
2991 5311 3434 5368 misericordiam
3472 5329 3576 5384 ap-

1987 5404 2233 5475 pellans;
2256 5404 2693 5459 misericordiam
2725 5403 2968 5474 quidem.
3000 5403 3131 5473 quia
3153 5419 3252 5476 per
3283 5404 3407 5475 ejus
3430 5420 3574 5475 prte-

1987 5495 2218 5552 sentiam
2245 5498 2528 5553 consecuti
2558 5512 2749 5553 sumus
2769 5496 3200 5552 misericordiam
3224 5514 3238 5563 ;
3271 5495 3448 5552 Patris
3473 5512 3575 5552 au-
3619 5570 3625 5576 _

1991 5597 2098 5645 tem
2153 5590 2607 5653 misericordiam,
2646 5591 2773 5661 quia
2828 5591 3087 5646 nimirum
3148 5591 3268 5661 ejus
3294 5590 3575 5647 voluntate

2706 5729 2725 5761 ⁸
2758 5725 2946 5782 Matth.
2986 5741 3099 5793 six,
3130 5726 3222 5782 28.
3323 5729 3344 5761 ⁸
3383 5727 3571 5786 Matth.
