3950 6414
369 342 509 409 1319

1569 329 1938 392 HESYCHII
1978 329 2076 390 PR
2086 327 2457 390 ESBYTERI

3542 315 3679 380 1323

364 457 515 515 salus
543 462 730 511 nostra
763 458 979 523 peracta
1011 458 1111 510 est.
1146 447 1283 504 Cum
1330 446 1496 517 igitur
1527 454 1633 500 tam
1700 444 1970 513 benignus

2096 442 2256 495 τοίνυν
2300 443 2449 497 οὕτω
2500 443 2738 513 χρηστός
2780 443 2918 512 είμι,
2961 442 3103 497 ὥστε
3135 438 3231 494 καὶ
3256 440 3545 511 ἄνθρων.ο;
3582 439 3671 491 δια

367 549 496 612 sim,
526 556 587 600 ut
614 544 779 598 etiam
811 550 1036 613 propter
1069 540 1359 595 hominum
1425 538 1968 593 eonnniscrationem

370 639 536 691 homo
577 633 754 688 factus
776 632 995 696 fuerim,
1024 629 1109 684 fac
1139 643 1376 684 meeum.
1411 627 1747 683 Decctcnim
1783 628 1968 681 incar-

367 736 560 779 natum
585 720 992 795 quodammodo
1025 735 1203 782 orare,
1238 728 1293 773 et
1344 718 1608 772 auxilium
1640 733 1672 773 a
1715 717 1825 772 Deo
1872 733 1971 787 po-

371 818 598 882 stulare,
644 826 809 885 atque
862 814 1092 869 humilia
1133 826 1440 876 assumere,
1469 826 1594 881 qua:
1646 819 1973 881 competunt

375 910 727 965 humanitati.

449 1003 614 1058 Vsus.
650 1003 740 1057 29..
816 1020 837 1054 ι
877 1000 1071 1056 Libera
1098 1013 1207 1065 me,
1256 997 1382 1068 quia
1428 1011 1638 1068 egenus
1675 1004 1732 1050 et
1764 1012 1974 1067 pauper

374 1112 520 1151 sum.
560 1114 579 1147 ι

448 1186 756 1255 Egestatcm
807 1196 961 1237 suam
1012 1179 1379 1235 voluntariam
1436 1176 1716 1248 appellat,
1767 1176 1976 1232 scilicet

377 1276 855 1341 humiliationem;
898 1280 1276 1345 paupertatem
1306 1286 1499 1326 rursus
1548 1269 1851 1340 propriam,
1878 1266 1976 1323 Jué

376 1371 620 1424 (lacerum
675 1367 1126 1422 inobedientiam.
1159 1365 1299 1419 Cum
1332 1363 1482 1417 enim
1523 1362 1697 1432 ipsius
1744 1360 1974 1432 ﬁgmen-

381 1472 497 1515 tum
526 1468 710 1514 essent
741 1471 965 1528 propter
990 1471 1213 1512 carnem
1245 1470 1312 1509 ex
1367 1454 1433 1508 iis
1463 1462 1828 1522 assumptam,
1878 1469 1973 1507 ne-

379 1553 618 1606 cessario
663 1552 881 1605 illorum
938 1562 1182 1605 errorem
1213 1562 1370 1603 suam
1409 1554 1630 1616 reputat
1682 1555 1977 1615 pauperta-

384 1655 513 1698 tem.

455 1733 616 1788 Vens.
650 1733 741 1786 Ξῖ.
781 1751 800 1783 ι
837 1731 991 1787 Sicut
1023 1731 1213 1786 umbra
1242 1744 1368 1785 cum
1398 1727 1655 1785 declinat.
1699 1746 1719 1780 ι

456 1824 583 1879 Sole
613 1822 680 1877 ad
718 1837 973 1879 occasum
1003 1831 1284 1892 vergente,
1308 1819 1503 1874 umbra
1533 1818 1653 1888 ejus
1675 1816 1973 1888 plurimum

381 1918 652 1982 declinat;
682 1917 803 1987 ipso
854 1925 1038 1970 autem
1102 1915 1483 1979 occunibente,
1528 1911 1647 1966 haec
1676 1911 1843 1965 etiam
1896 1911 1976 1964 si—

277 2040 286 2049 ~
382 2011 498 2066 mul
527 2010 659 2064 abit.
687 2009 920 2074 Quando
965 2008 1129 2077 igitur
1168 2006 1374 2061 malitia
1405 2003 1758 2067 redundavit,
1789 2004 1863 2057 ita
1919 2011 1979 2057 ut

384 2118 556 2173 genus
586 2103 887 2157 humanum
922 2100 1086 2155 etiam
1117 2100 1384 2154 adversus
1409 2097 1590 2167 ipsum
1645 2096 1838 2160 Deum,
1875 2096 1980 2150 sei-

384 2195 512 2250 licet
550 2195 852 2255 Christum,
919 2207 1116 2248 manus
1145 2192 1410 2256 elevaret,
1446 2198 1577 2244 tunc
1631 2188 1882 2242 Christus
1947 2202 1978 2239 e

382 2287 565 2342 medio
616 2288 843 2351 tollitur,
870 2295 927 2341 et
982 2296 1213 2340 mortem
1276 2283 1536 2348 sustinet,
1568 2290 1629 2335 ut
1677 2278 1882 2334 malitia
1925 2288 1981 2333 et

384 2387 667 2448 peccatum
702 2377 1143 2441 mortiﬁearetur,
1180 2384 1242 2430 ut
1270 2374 1472 2429 Paulus
1500 2373 1616 2436 ait;
1653 2369 1792 2436 Quia
1833 2380 1979 2423 vetus

383 2473 535 2525 homo
557 2485 728 2525 noster
756 2470 916 2526 simul
936 2471 1218 2538 cruciﬁxus
1253 2476 1328 2522 est
1347 2468 1389 2533 ⁷,
1423 2475 1529 2521 etc.

458 2561 618 2617 Vens.
641 2564 729 2619 ‘24.
770 2582 788 2613 ι
812 2562 1001 2617 Genua
1032 2576 1149 2615 mea
1177 2560 1454 2613 inﬁrmata
1477 2564 1628 2611 sunt.
1660 2572 1679 2605 ι

453 2655 592 2709 Cum
619 2654 877 2724 fatigatus
908 2668 975 2707 ex
1000 2653 1200 2707 itinere
1231 2652 1274 2716 ⁸,
1306 2659 1367 2704 ιιι
1390 2629 1567 2718 inquit
1591 2646 1855 2709 Joannes,
1890 2659 1980 2699 se-

383 2748 528 2803 derit
549 2746 824 2810 Christus,
856 2745 935 2800 nil
953 2745 1175 2810 mirum,
1211 2744 1256 2797 si
1281 2742 1445 2796 etiam
1475 2755 1541 2796 ex
1567 2738 1779 2808 jejunio
1803 2751 1980 2808 genua

385 2841 507 2911 eius
568 2840 961 2893 intlrmentur:
1022 2837 1089 2891 ad
1143 2835 1328 2891 carnis
1391 2833 1539 2888 enim
1565 2846 1728 2901 quam
1767 2843 1983 2885 assum-

386 2942 573 3005 pserat
604 2930 985 3002 probationem
1016 2929 1257 2984 humana
1288 2924 1552 2981 sustinuit
1591 2922 1797 2992 absque
1851 2936 1982 2992 pec-

386 3034 509 3081 cato
544 3026 589 3079 ⁹.
1402 3068 1407 3071 .

458 3117 623 3172 Vsus.
650 3116 743 3173 ‘25.
808 3132 829 3167 ι
856 3113 927 3169 Ει
968 3126 1070 3184 ego
1122 3110 1299 3167 factus
1350 3122 1473 3164 sum
1520 3105 1879 3178 opprobrium
1911 3105 1977 3160 il-

388 3208 477 3265 lis.
517 3227 536 3259 ι

461 3300 588 3354 Hac
634 3298 703 3353 ad
752 3297 989 3351 litteram
1046 3292 1315 3348 accidisse
1364 3289 1657 3345 Matthzeus
1712 3288 1977 3345 tradidit:

392 3391 771 3446 Praetereuntes
803 3398 983 3441 autem
1035 3383 1475 3453 blasphemabant
1524 3398 1665 3449 eum,
1719 3390 1980 3435 moventes

388 3484 567 3551 capita
596 3497 717 3547 sua,
746 3489 794 3534 et
822 3480 1094 3532 dicentes:
1144 3475 1249 3529 Vah
1305 3474 1396 3543 qui
1447 3473 1675 3527 destruis
1732 3470 1981 3538 templum

388 3573 509 3637 Dei,
534 3583 582 3627 et
605 3574 660 3625 in
686 3571 862 3624 triduo
882 3568 1019 3622 illud
1040 3564 1355 3634 rewdiﬁcas,
1405 3562 1555 3617 salva
1597 3562 1929 3630 temetipsum
1961 3576 1981 3615 :

387 3664 447 3720 Si
481 3664 528 3718 F
533 3664 656 3719 ilius
682 3663 778 3717 Dei
811 3676 886 3728 es,
930 3656 1184 3713 descende
1230 3656 1295 3709 de
1319 3669 1493 3720 cruce,
1529 3661 1586 3707 ut
1613 3652 1910 3720 videamus,
1931 3658 1981 3704 et

388 3758 663 3813 credamus
698 3755 763 3809 ¹⁰.
1785 3807 1793 3815 ,

458 3850 624 3908 Vsus.
653 3848 744 3904 26.
786 3866 804 3899 ι
829 3846 1038 3917 Adjuva
1070 3858 1179 3908 me,
1205 3839 1459 3905 Domine,
1495 3838 1642 3893 Deus
1667 3850 1844 3891 meus.
1885 3853 1904 3886 ι

458 3943 711 3998 Nostram
732 3954 893 4011 opem
922 3953 988 3993 ac
1028 3936 1264 3992 salutem
1317 3947 1471 3989 suam
1508 3935 1749 4001 reputat,
1789 3936 1981 3997 utpote

386 4035 658 4092 mediator
709 4041 765 4086 et
824 4028 1070 4102 pontifex
1120 4036 1312 4082 noster
1360 4025 1431 4080 ad
1484 4022 1699 4078 Patrem
1756 4020 1981 4075 factus:

386 4137 720 4199 quapropter
751 4125 968 4179 Patrem
996 4130 1157 4178 vocat
1188 4119 1357 4175 etiam
1390 4116 1683 4172 Dominum
1712 4127 1778 4168 ac
1810 4110 1982 4167 Deum

387 4235 548 4278 suum
576 4236 591 4273 :
623 4216 786 4288 quod
801 4214 1004 4271 nostris
1051 4214 1218 4268 etiam
1277 4208 1536 4280 personis
1561 4203 1835 4276 congruit.
1868 4201 1985 4257 Hoc

385 4320 569 4368 autem
600 4290 916 4364 mediatoris
958 4314 1122 4375 atque
1144 4300 1424 4374 pontilieis
1450 4296 1733 4369 proprium
1773 4304 1879 4359 est,
1924 4302 1984 4348 ut

386 4411 628 4460 assumat
650 4414 910 4473 personas
934 4410 1126 4454 eorum
1157 4410 1258 4466 pro
1283 4392 1484 4463 quibus
1513 4388 1785 4448 sacriﬁcat
1806 4397 1862 4443 ct
1892 4386 1980 4441 in-

388 4496 574 4553 terdit.

454 4585 620 4641 Vens.
656 4585 745 4639 27.
786 4604 803 4635 ι
840 4582 905 4636 Et
935 4580 1112 4637 sciant
1137 4576 1261 4648 quia
1293 4589 1494 4631 munus
1516 4584 1607 4629 tua
1638 4574 1776 4630 haec.
1813 4590 1830 4624 ι

449 4679 678 4745 Qualem
708 4692 837 4731 vero
866 4687 1088 4729 manum
1117 4669 1291 4725 dicit?
1354 4666 1557 4737 Utique
1595 4662 1977 4734 dispensatio-

382 4782 510 4823 nem
550 4768 731 4822 crucis
760 4780 824 4820 ac
852 4760 1275 4818 resurrectionis
1307 4774 1405 4829 per
1463 4769 1689 4811 manum
1723 4754 1828 4807 hoc
1856 4751 1978 4807 loco

382 4856 670 4931 signiﬁcat.
699 4857 837 4912 Cum
867 4856 1013 4909 enim
1043 4868 1239 4923 magna
1290 4848 1555 4905 miracula
1592 4846 1767 4900 soleat
1787 4842 1977 4913 appel-

382 4951 496 5006 lare
521 4949 751 5020 digitum
782 4946 900 5010 Dei,
938 4955 996 5001 et
1039 4940 1455 5013 comparatione
1510 4951 1704 4992 eorum
1738 4950 1863 5005 quae
1889 4933 1977 4990 di-

382 5053 470 5099 cta
493 5052 640 5110 sunt,
663 5057 788 5097 eum
844 5039 1142 5094 maximum
1214 5037 1288 5091 sit
1333 5030 1661 5087 miraculum
1688 5028 1867 5083 crucis
1913 5040 1979 5081 ac

383 5135 827 5197 resurrectionis,
853 5130 1170 5189 necessario
1197 5124 1328 5183 illud
1357 5138 1585 5179 manum
1604 5123 1778 5192 ipsam
1795 5128 1976 5175 vocat.

386 5225 502 5281 Hoc
527 5226 718 5296 utique
750 5224 865 5278 vult
886 5223 1051 5277 etiam
1081 5219 1334 5275 homines
1360 5228 1679 5286 agnoscere,
1718 5219 1779 5265 ut
1798 5210 1978 5266 sciant

383 5317 643 5390 quoniam
677 5317 794 5388 ipse
828 5316 1099 5372 feeiteam
1134 5315 1225 5370 :id
1282 5322 1387 5377 est,
1415 5312 1560 5381 quod
1605 5309 1891 5363 voluntate
1922 5316 1977 5362 et

384 5411 730 5482 oeneplacito
760 5411 880 5481 ejus
909 5408 1049 5464 facta
1070 5407 1163 5472 sit,
1187 5404 1443 5461 utPatris
1477 5402 1709 5472 Filiique
1739 5415 1976 5456 consen—

387 5503 593 5558 tionem
651 5503 950 5565 discentes,
1009 5497 1211 5555 divina:
1246 5494 1579 5569 cognitionis
1650 5491 1975 5563 mysterium

386 5594 709 5666 percipiant.

454 5740 658 5823 'hom.
709 5784 782 5832 νι,
810 5767 862 5822 6.
941 5767 1139 5824 I-'.loan.
1184 5784 1256 5829 ιν,
1297 5770 1346 5822 6.
1425 5769 1445 5799 ⁹
1479 5767 1745 5836 llebr.tv,
1779 5766 1865 5823 15.

2069 534 2171 606 τὴν
2198 536 2336 608 πρὸς
2361 536 2685 608 ἀνθρώπους
2712 536 3013 607 γενομένην
3044 534 3415 605 συμπάθειαν,
3439 534 3672 601 ποίησον

2076 630 2194 700 μετ’
2222 629 2379 701 ἐμοῦ.
2414 630 2624 703 Πρέπει
2656 629 2765 701 γάρ
2793 647 2906 694 πως
2930 628 3272 701 σαρκωθέντι
3302 625 3401 679 καὶ
3432 625 3675 695 προσεύ-

2072 722 2287 794 χεσθαι,
2319 724 2417 776 καὶ
2455 723 2720 794 βοήθειαν
2749 725 2924 776 αἰτεῖν
2950 721 3104 793 παρά
3129 720 3267 774 Θεοῦ
3289 759 3305 785 ,
3332 719 3429 772 καὶ
3461 719 3536 773 τά
3577 736 3678 772 ταο

2074 814 2240 868 πεινὰ
2297 815 2744 885 ἀναλαμϐάνειν,
2815 816 2920 870 ὅσα
2968 799 3033 887 τῇ
3093 811 3491 883 άνθρωπότητι
3543 810 3681 882 πρέ-

2074 924 2272 961 ποντα.

2151 1016 2170 1049 ι
2220 996 2412 1051 Ῥῦσαί
2449 1014 2539 1069 με,
2570 998 2654 1051 ὅτι
2678 998 2896 1068 πτωχὸς
2927 998 3023 1051 καὶ
3051 998 3224 1069 πένης
3245 996 3386 1068 εἰμί.
3432 1014 3457 1049 s

2146 1089 2434 1160 Πτωχείαν
2466 1090 2635 1143 αὑτοῦ
2663 1091 2763 1160 τὴν
2793 1090 3043 1144 ἑκούσιον
3096 1087 3513 1161 προσαγορεύει
3533 1126 3551 1150 ν

2076 1180 2254 1233 λονότι
2298 1180 2633 1234 ταπείνωσιν
2666 1196 2680 1210 ·
2732 1180 2929 1235 πενίαν
2973 1179 3137 1235 πάλιν
3189 1179 3364 1245 ἰδίαν,
3416 1177 3526 1249 τὴν
3572 1176 3689 1249 eius;

2090 1271 2363 1326 Ἰουδαίων
2412 1274 2723 1344 παρακοήν.
2781 1272 2844 1325 Εί
2888 1272 2997 1345 γὰρ
3040 1270 3207 1325 αὐτοῦ
3259 1271 3495 1339 πλάσμα
3540 1263 3654 1336 ἦτα

2076 1363 2166 1417 διὰ
2208 1363 2308 1433 τὴν
2360 1362 2420 1427 ἐξ
2470 1362 2652 1417 αὐτῶν
2706 1361 3008 1433 ληφθεῖσαν
3070 1361 3293 1434 σάρκα,
3354 1358 3688 1428 ἀναγκαίως

2077 1453 2246 1507 αὐτοῦ
2279 1456 2470 1508 πενίαν
2499 1456 2599 1526 τὴν
2633 1455 2861 1508 ἐκείνων
2890 1455 3100 1521 πλάνην
3122 1454 3425 1525 λογίζεται.

2156 1565 2175 1598 ι
2224 1547 2370 1599 Ὠσεὶ
2409 1546 2540 1600 σκιά
2570 1549 2629 1602 ἐν
2655 1546 2735 1618 τῷ
2760 1546 3013 1602 ἐκκλῖναι
3042 1547 3237 1618 αὐτὴν.
3275 1564 3321 1599 ι’

2166 1639 2229 1691 Ἦ
2261 1638 2357 1692 τοῦ
2390 1639 2541 1709 ἡλίου
2574 1640 2704 1694 σκιὰ
2733 1638 2871 1711 πρὸς
2897 1639 3132 1708 δυσμαῖς
3164 1638 3332 1693 αὑτοῦ
3360 1637 3682 1708 γεγονότος,

2078 1732 2171 1787 ἐπὶ
2205 1733 2340 1787 πολὺ
2369 1732 2632 1788 κλίνεταισ
2659 1732 2921 1797 δύναντος
2945 1732 3003 1787 δὲ
3040 1731 3234 1798 αὐτοῦ,
3262 1733 3359 1786 καὶ
3386 1731 3533 1802 αὐτὴ
3562 1747 3684 1784 συν-

2084 1826 2409 1899 απέρχεται.
2467 1827 2597 1881 Ὅτε
2640 1826 2884 1897 τοίνυνξὴ
2918 1825 3091 1881 κακία
3124 1826 3500 1890 ἐπλεόνασεν,
3539 1823 3681 1876 ὥστε

2084 1919 2180 1971 καὶ
2207 1919 2329 1972 κατ’
2356 1917 2523 1972 αὐτοῦ
2559 1917 2655 1972 τοῦ
2678 1918 2839 1984 Θεοῦ,
2866 1918 3072 1990 δηλαδὴ
3103 1918 3199 1972 τοῦ
3257 1914 3533 1988 Χριστοῦ,
3567 1919 3686 1985 χεῑο

2089 2025 2189 2081 ρας
2236 2010 2443 2081 ἐπᾶραι
2483 2010 2545 2064 τὸ
2580 2011 2738 2079 γένος
2764 2009 2826 2063 τὸ
2849 2009 3219 2081 ἀνθρώπινον,
3253 2009 3378 2063 τότε
3408 2008 3680 2062 ἀνταναι-

2086 2103 2261 2171 ρεῖται
2294 2102 2323 2153 ὁ
2351 2100 2610 2171 Χριστὸς,
2640 2100 2736 2154 καὶ¹
2781 2100 3045 2171 ὑπομένει
3075 2100 3309 2154 θάνατον
3328 2141 3345 2166 ,
3388 2098 3486 2153 ῐνα
3518 2099 3556 2168 ἡ
3587 2115 3681 2149 κα-

2086 2192 2182 2246 κία
2203 2193 2297 2245 καὶ
2319 2194 2352 2264 ή
2377 2193 2625 2264 ἁμαρτία
2655 2192 2929 2264 νεκρωθῇ,
2953 2191 3210 2263 καθάπερ
3240 2190 3461 2254 Παῦλός
3491 2206 3683 2259 φησιν·

2088 2286 2223 2340 Ὅτι.
2246 2288 2279 2340 ό
2318 2286 2576 2351 παλαιὸς
2605 2284 2776 2355 ἡμῶν
2819 2284 3133 2355 ἅνθρωπος
3179 2282 3684 2351 συνεσταυρώθη,

2087 2378 2184 2432 καὶ
2210 2378 2279 2431 τά
2310 2377 2460 2449 ἐχῆς.

2166 2490 2185 2525 ι
2221 2472 2303 2525 Τὰ
2336 2472 2541 2541 γόνατά
2573 2489 2674 2543 μου
2715 2472 3047 2541 ὴσθένησαν.
3088 2491 3107 2525 ι

2162 2565 2227 2618 Εἰ
2255 2563 2611 2628 κεκοπιακὼς
2641 2566 2707 2618 ἐκ
2732 2564 2835 2634 τῆς
2864 2564 3203 2635 ὁδοιπορίας,
3228 2562 3305 2627 ὥς
3322 2580 3463 2635 φησι
3498 2561 3684 2617 Ἰωάν-

2086 2673 2207 2728 νης,
2247 2656 2487 2727 κάθηται
2523 2659 2554 2711 ὁ
2583 2657 2842 2727 Χριστὸς,
2886 2656 3040 2710 οὐδὲν
3068 2656 3408 2726 θαυμαστὸν,
3442 2656 3540 2710 καὶ
3581 2652 3689 2708 ὑπὸ

2086 2749 2343 2819 νηστείας
2376 2750 2543 2804 αὑτοῦ
2579 2750 2876 2822 ἀσθενῆσαι
2902 2747 2971 2803 τά
3004 2748 3241 2816 γόναταο
3277 2749 3359 2812 είς
3384 2748 3685 2820 βεϐαίωσιν

2087 2838 2196 2909 γὰρ
2225 2842 2322 2911 τῆς
2351 2840 2557 2911 σαρκὸς
2585 2841 2653 2911 ἢν
2677 2837 2969 2911 ἐσαρκὼθη
3003 2839 3267 2910 ὑπέμεινε
3293 2838 3470 2910 χωρὶς
3498 2839 3684 2908 ἀμαρ-

2087 2930 2212 2995 τίας
2244 2931 2317 2985 τά
2346 2931 2685 3003 ἀνθρώπινα.

2166 3041 2185 3074 ι
2219 3021 2392 3092 Κάγὼ
2419 3023 2694 3095 ἐγενήθην
2723 3024 2928 3089 ὄνειδος
2961 3026 3166 3089 αὐτοῖς.
3205 3042 3225 3077 ι

2161 3115 2352 3170 Ταῦτα
2382 3118 2449 3186 τῇ
2475 3115 2620 3183 λέξει
2647 3118 2911 3186 γεγονότα
2938 3116 3221 3180 Ματθαῖος
3244 3115 3646 3187 παραδέδωκεν
3665 3131 3681 3147 ·

2078 3210 2144 3262 Οί
2176 3206 2247 3260 δὲ
2290 3210 2847 3279 παραπορευόμενοι
2887 3208 3331 3279 ἐϐλασφήμουν
3360 3208 3578 3272 αὐτὸν,
3603 3227 3686 3261 κιο

2082 3298 2335 3365 νοοῦντες
2365 3299 2473 3364 τὰς
2502 3300 2771 3368 κεφαλὰς
2802 3299 3005 3354 αὐτῶν
3024 3338 3040 3362 ,
3070 3300 3171 3353 καὶ
3198 3300 3512 3367 λέγοντες·
3533 3301 3680 3353 Οὐαὶ

2088 3393 2121 3444 ὁ
2147 3389 2468 3443 καταλύων
2512 3390 2622 3443 τὸν
2660 3394 2814 3444 ναὸν
2857 3391 2963 3445 τοῦ
2998 3390 3149 3444 Θεοῦ
3173 3431 3189 3457 ,
3237 3388 3336 3443 καὶ
3376 3389 3450 3443 ἐν
3486 3389 3683 3458 τρισὶν

2084 3479 2335 3549 ἡμέραις
2375 3479 2709 3550 οἰκοδομῶν
2750 3483 2975 3547 αὐτὸν,
3015 3480 3225 3536 σῶσον
3262 3484 3570 3537 σεαυτόν·
3619 3485 3681 3536 ει

2093 3570 2230 3635 Υἱὸς
2254 3567 2313 3625 εἷ
2338 3571 2446 3625 τοῦ
2470 3572 2641 3635 Θεοῦ,
2665 3574 2955 3641 κατάϐηθι
2980 3573 3103 3642 άπὸ
3126 3573 3235 3629 τοῦ
3264 3575 3561 3643 σταυροῦ,
3586 3576 3685 3629 ἵνα

2085 3660 2307 3734 ἴδωμεν
2329 3662 2428 3718 καὶ
2458 3664 2903 3734 πιστεύσωμεν.

2163 3858 2183 3892 ι
2230 3838 2508 3910 Βοήθησόν
2539 3856 2651 3910 μοι,
2675 3840 2871 3911 Κύριε,
2899 3841 2928 3892 ὁ
2951 3838 3107 3904 Θεός-
3122 3855 3244 3910 μου.
3294 3859 3313 3892 ι

2173 3931 2403 3985 Ἑαυτοῦ
2470 3931 2727 4003 βοήθειαν
2774 3933 2868 3987 καὶ⁵
2930 3933 3210 4005 σωτηρίαν
3252 3933 3352 4005 τὴν
3395 3934 3683 4005 ἡμετέραν

2083 4022 2313 4089 τίθεται,
2366 4024 2443 4087 ὡς
2471 4024 2701 4096 μεσίτης
2738 4024 2897 4094 ἡμῶν
2938 4025 3032 4078 καὶ
3070 4026 3364 4096 ἀρχιερεὺς
3412 4026 3559 4097 πρὸς
3588 4028 3683 4079 τὸν

2086 4115 2307 4186 Πατέρα
2334 4115 2625 4185 γενόμενος
2650 4131 2665 4146 ο
2690 4115 2883 4187 διόπερ
2911 4115 3078 4185 φησὶν
3104 4116 3304 4170 ἐαυτοῦ
3341 4118 3441 4171 καὶ
3474 4117 3681 4189 Κύριον

2086 4208 2182 4262 καὶ
2220 4206 2355 4261 Θεὸν
2403 4208 2496 4260 τὸν
2540 4207 2762 4277 Πατέρα
2794 4225 2808 4240 ·
2837 4208 2867 4261 δ
2910 4210 3025 4272 τοῖς
3049 4208 3370 4278 προσώποις
3410 4210 3682 4282 ἁρμόττει

2085 4301 2197 4365 τοῖς
2224 4301 2550 4372 ήμετέροις.-
2579 4298 2754 4353 Τοῦτο
2790 4300 2849 4353 δὲ
2882 4300 3110 4371 μεσίτου
3138 4302 3236 4355 καὶ
3266 4304 3575 4373 ἀρχιερέως
3601 4306 3681 4357 οἰ-

2085 4395 2233 4446 κεῖον
2259 4392 2936 4463 ἀναλαμϐάνειν,λτούτων
2968 4394 3114 4466 ὑπὲρ
3150 4387 3228 4448 ὧν
3277 4396 3557 4468 ἱερουργεί
3587 4400 3683 4452 καὶ

2016 4503 2058 4558 D
2091 4485 2373 4556 μεσιτεύει
2396 4486 2466 4539 τὰ
2488 4486 2781 4557 πρόσωπα.

2160 4594 2181 4626 ‹
2215 4576 2327 4629 Καὶ
2358 4575 2655 4644 γνώτωσαν
2681 4577 2767 4630 ὅτι
2792 4578 2825 4648 ἡ
2856 4576 2983 4647 χείρ
3012 4593 3108 4630 σου
3127 4577 3290 4650 αὕτη.
3334 4598 3355 4632 ι

2157 4665 2326 4720 Ποίαν
2358 4665 2415 4719 δὲ
2445 4667 2609 4737 χεῖρα
2640 4665 2828 4735 λέγει;
2866 4667 3040 4737 Δῆλον
3094 4670 3179 4723 ὅτι
3220 4669 3322 4741 τὴν
3355 4673 3679 4744 οἰκονομίαν

2083 4756 2177 4810 τοῦ
2210 4757 2451 4829 σταυροῦ
2481 4759 2576 4810 καὶ
2608 4758 2710 4828 τῆς
2743 4758 3098 4824 ἀναστάσεως
3120 4760 3210 4815 διὰ
3238 4763 3338 4833 τῆς
3375 4765 3562 4835 χειρὸς
3591 4769 3679 4819 ὲν·-
3723 4814 3728 4819 .

2079 4847 2258 4901 ταῦθα
2289 4848 2571 4918 σημαίνει.
2616 4847 2836 4921 Ἐπειδὴ
2879 4850 2989 4923 γὰρ
3029 4850 3099 4904 τά
3147 4852 3363 4922 μεγάλα
3396 4856 3508 4909 τῶν
3542 4858 3678 4911 θαυ-

2087 4940 2274 5015 μάτων
2304 4940 2425 5003 ἔθος
2462 4939 2727 4994 δάκτυλον
2764 4939 2905 4994 Θεοῦ
2935 4942 3467 5015 προσαγορεύεσθαι,
3508 4948 3681 5018 ἀναγ-

2083 5032 2256 5095 καίως
2315 5029 2455 5100 πρὸς
2486 5029 2777 5101 σύγκρισιν
2796 5031 2907 5084 τῶν
2933 5032 3265 5104 εἰρημένων,
3291 5035 3480 5106 ἐπειδὴ
3518 5039 3649 5107 μὲγι
3666 5067 3680 5078 -

2089 5140 2214 5177 στον
2245 5124 2460 5194 ὑπῆρχε
2488 5121 2550 5175 τὸ
2578 5121 2767 5194 θαῦμα
2792 5123 2888 5177 τοῦ
2918 5124 3157 5194 σταυροῦ
3193 5126 3288 5179 καὶ
3320 5129 3421 5198 τῆς
3441 5129 3677 5183 ἀναστά-

2088 5233 2248 5279 σεως,
2303 5217 2464 5287 χεῖρα
2513 5215 2686 5286 αὐτὴν
2716 5216 2894 5270 καλεῖ.
2948 5219 3013 5272 Ὀ
3046 5217 3111 5290 δὴ
3170 5221 3265 5273 καὶ
3298 5221 3505 5289 γνῶναι
3549 5225 3680 5287 τοὺς

2085 5306 2412 5378 ἀνθρώπους
2435 5305 2711 5376 βούλεται,
2747 5307 2844 5361 καὶ
2875 5308 2959 5361 ὅτι
3020 5311 3193 5381 αὐτὴν
3229 5312 3487 5384 ἐποίησε·
3523 5332 3681 5369 τουτο

2087 5396 2426 5462 ἐστιν,αῦτοῦ
2448 5396 2642 5469 γνώμῃ
2671 5398 2766 5451 καὶ
2792 5398 3012 5471 εὐδοκία
3042 5401 3385 5470 πέπρακται,
3420 5403 3507 5457 ἴνα
3533 5421 3599 5457 συ
3608 5422 3676 5475 μ-

2087 5488 2293 5557 φωνίαν
2328 5487 2542 5558 Πατρὸς
2579 5490 2672 5541 καὶ
2709 5488 2840 5543 Υίοῦ
2897 5489 3184 5559 μαθόντες,
3210 5492 3272 5546 τὸ
3310 5492 3407 5563 τῆς
3440 5491 3675 5558 θεογνω-

2092 5582 2214 5645 σίας
2246 5580 2587 5634 παιδευθῶσι
2622 5582 2944 5654 μυστήριον.

1946 5765 1988 5796 ¹⁰
2014 5762 2207 5819 Matth.
2240 5781 2411 5832 xxv",
2437 5766 2525 5821 59.
