3950 6402
284 390 417 456 1321

355 525 376 559 ι
409 502 834 575 Καταράσονται
854 501 1030 556 αὐτοί.
1053 519 1071 553 ι

351 599 619 668 Κατάραν
667 595 906 650 ἐνταῦθα
957 595 1050 648 τὸν
1100 593 1335 665 σταυρὸν
1361 594 1552 648 καλεῖ·
1591 594 1783 663 ἐπειδὴ
1815 594 1872 649 ἐν

279 693 358 765 τῷ
385 695 538 764 νόμῳ
576 691 971 761 γεγραμμένον
1018 683 1087 759 ἦν
1111 705 1124 718 ·
1171 687 1637 756 Ἐπικατάρατος
1684 685 1806 750 πᾶς
1841 687 1874 739 ὀ

277 785 661 856 κρεμάμενος
709 782 809 836 ἐπὶ
855 781 1072 846 ξύλου.
1101 781 1302 851 Διόπερ
1329 779 1495 852 αὐτὸν
1537 780 1658 833 οὐδὲ
1696 776 1873 840 ἄλλως

277 876 665 948 ἀναιρεθῆναι,
695 875 834 930 ἀλλά
882 873 972 926 διά
1004 872 1100 926 τοῦ
1133 873 1368 944 σταυροῦ
1405 872 1696 943 ἐζήτησαν,
1723 870 1877 941 ὑϐρί-

281 988 374 1025 σαι
408 973 473 1041 τῇ
500 969 720 1040 κατάρᾳ
747 970 815 1038 τῇ
855 967 1222 1039 γεγραμμένῃ
1252 967 1310 1018 ἐν
1333 965 1411 1036 τῷ
1435 965 1589 1035 νόμῳ
1616 964 1874 1035 βουλόμε-

277 1077 393 1116 νοι’
425 1061 543 1114 ἀλλ’
573 1062 723 1130 ὅμως
752 1059 780 1112 ὁ
810 1059 998 1128 Πατὴρ
1028 1057 1163 1111 αὐτὸ
1195 1058 1275 1121 εἰς
1313 1056 1568 1124 εὐλογίαν
1594 1054 1871 1122 ἐξέλαϐεν.

279 1153 419 1208 Οὐδὲ
444 1153 555 1222 γὰρ
577 1151 753 1214 ἄλλως
784 1150 934 1222 εἱ-μὴ
965 1150 1058 1203 διὰ
1083 1149 1319 1220 σταυροῦ
1348 1149 1606 1218 ἀνέχεται
1635 1164 1876 1218 προσκυ-

276 1245 515 1308 νεῖσθαι,
547 1244 580 1315 ἢ
610 1244 754 1305 ὅλως
785 1240 1162 1297 πιστεύεσθαι.

359 1358 380 1391 ι
411 1340 474 1392 Οί
505 1334 936 1407 ἐπανιστάμενοί
970 1352 1062 1406 μοι
1094 1335 1576 1406 αἱσχυνθήτωσαν.
1609 1355 1626 1387 ι

349 1429 841 1500 Δίαχυνθήτωσαν,
877 1427 1065 1498 φησὶν,
1096 1429 1145 1480 οἰ
1205 1426 1468 1488 Ἰουδαῖοι,
1501 1427 1592 1480 τὸν
1618 1428 1750 1499 παρ’
1777 1427 1876 1480 αὐ-

273 1523 392 1577 τῶν
419 1520 808 1590 σταυρωθέντα
841 1521 994 1590 παρά
1019 1519 1238 1572 πάντων
1269 1519 1504 1590 ὁρῶντες
1536 1519 1874 1591 προσκυνού-

278 1629 473 1684 μενον.
513 1611 686 1674 Αὐτδς
715 1609 774 1663 δὲ
803 1609 865 1662 οὐ
900 1607 1158 1662 τοσοῦτον
1181 1609 1271 1663 διὰ
1308 1608 1411 1680 τὴν
1441 1610 1553 1662 τῶν
1604 1609 1875 1663 Ἰουδαίων

274 1706 571 1777 αἰσχύνην,
623 1704 748 1756 ὅσον
793 1701 882 1758 διὰ
936 1701 1038 1772 τὴν
1088 1700 1365 1773 σωτηρίαν
1397 1701 1496 1769 τῆς
1541 1700 1874 1772 οἰκουμένης

274 1800 659 1872 εὐφραίνεται.

1428 385 1896 447 FRAGMENTA
1936 386 2012 443 ΙΝ
2062 387 2422 448 [‘SALMOS.

1906 507 1946 561 Δ
2057 501 2213 558 Vens.
2247 504 2338 558 38.
2381 525 2397 556 ι
2438 505 2762 561 Maledicth
2797 508 2894 562 illi.
2937 527 2954 559 ι

3432 394 3569 461 1323

2052 592 2398 651 Maledictum
2433 597 2535 652 hoc
2566 599 2686 653 loco
2718 601 2957 670 appellat
3017 618 3274 670 crucem;
3317 607 3568 675 quando-

1975 688 2196 757 quidem
2234 691 2286 743 in
2321 691 2437 762 lege
2468 695 2733 763 scriptum
2789 705 2908 750 erat
2963 715 2974 750 :
3032 698 3346 754 Malediclus
3399 705 3568 757 omnis

1976 782 2065 849 qui
2095 784 2282 850 pendet
2327 786 2382 837 in
2438 787 2581 857 ligno
2614 789 2676 841 ¹¹.
2743 789 2952 844 Idcirco
2993 791 3175 860 ipsum
3238 809 3346 848 non
3407 796 3568 850 aliter

1977 885 2141 939 quam
2174 889 2271 942 per
2297 875 2502 944 lignum
2539 878 2857 933 interimere
2886 883 3230 948 quaerebant,
3267 885 3567 939 maledicto

1977 963 2034 1019 in
2066 965 2183 1036 lege
2207 968 2412 1037 scripto
2445 970 2623 1039 ipsum
2672 971 2891 1026 allicere
2933 974 3220 1030 volentes:
3282 987 3568 1033 verumta-

1976 1073 2102 1113 men
2133 1057 2292 1114 Pater
2332 1061 2464 1116 illud
2496 1063 2551 1116 in
2582 1064 3024 1120 benedictionem
3053 1067 3346 1123 ordinavit.
3375 1069 3567 1140 Neque

1973 1151 2123 1206 enim
2157 1153 2316 1207 aliter
2341 1171 2504 1223 quam
2563 1172 2660 1226 per
2689 1172 2907 1214 crucem
2953 1160 3192 1216 sustinet
3221 1163 3459 1230 adorari,
3479 1165 3564 1219 vel

1976 1245 2206 1298 omnino
2231 1246 2404 1300 credi.

2052 1351 2071 1383 ι
2106 1333 2210 1400 Qui
2274 1335 2565 1408 insurgunt
2622 1342 2886 1398 adversus
2947 1362 3036 1401 me
3063 1347 3490 1405 confundantur.
3541 1369 3560 1401 ι

2047 1426 2487 1494 ConIundantur,
2516 1433 2712 1501 inquit,
2736 1433 2933 1500 Judaei,
2985 1452 3112 1492 eum
3165 1442 3259 1510 qui
3301 1443 3370 1496 ab
3432 1443 3566 1513 ipsis

1974 1521 2271 1577 cruciﬁxus
2299 1521 2479 1578 fuerat
2512 1525 2581 1578 ab
2611 1526 2871 1581 omnibus
2905 1529 3195 1584 adoratum
3242 1542 3561 1588 cernentes.

1978 1612 2102 1683 Ipse
2134 1620 2316 1667 autem
2348 1629 2461 1668 non
2489 1625 2701 1670 tantum
2737 1629 2966 1688 propter
2993 1618 3309 1677 Judaeorum
3367 1627 3563 1679 confu-

1977 1703 2212 1769 sionem,
2274 1713 2539 1774 quantum
2598 1708 2670 1761 ob
2719 1710 2890 1764 totius
2919 1712 3071 1767 orbis
3116 1714 3352 1769 salutem
3412 1716 3565 1770 laeta-

1976 1805 2086 1852 tur.

359 1864 868 1945 ἷἘνδυσάσθωσαν
897 1888 946 1946 οἰ
973 1885 1412 1950 ὲνδιαϐάλλοντές
1449 1903 1517 1956 με
1540 1886 1866 1959 ἐντροπὴν.»

2050 1883 2214 1941 Vsns.
2246 1888 2336 1941 29.
2383 1907 2400 1939 ι
2439 1889 2746 1945 lnduantur
2789 1893 2882 1962 qui
2911 1895 3213 1952 detrahunt
3274 1899 3413 1954 mihi
3461 1917 3566 1970 pu-

363 2071 664 2144 Ἐντροπὴν
696 2072 850 2141 λέγει
877 2071 990 2126 τῶν
1031 2069 1305 2126 Ἰουδαίων
1337 2068 1447 2124 τῶν
1468 2068 1879 2126 διαϐαλλόντων

272 2169 378 2222 καὶ
417 2165 894 2240 βλασφημούντων
928 2165 1020 2220 τὸν
1048 2163 1309 2236 Χριστὸν,
1348 2164 1428 2217 ὅτι
1461 2161 1554 2217 τὸν
1585 2163 1645 2230 ἐξ
1695 2161 1876 2216 αὐτῶν

275 2262 415 2316 ὅντα
449 2260 592 2314 κατά
620 2260 822 2330 σάρκα,
856 2259 954 2312 καὶ
993 2259 1168 2312 σῶσαι
1191 2257 1392 2320 αὐτοὺς
1423 2255 1648 2310 ἐλθόντα
1683 2254 1875 2309 ἐσταύ-

278 2372 488 2426 ρωσαν.
524 2353 668 2407 Ἀλλ’
700 2353 852 2424 ὅμως
880 2350 1088 2419 ταύτην
1113 2351 1216 2422 τὴν
1241 2349 1513 2421 ἐντροπὴν
1555 2349 1835 2404 ἐνδύονται
1858 2364 1871 2380 ·

271 2447 402 2500 οὐδὲ
449 2444 561 2517 γὰρ
605 2442 902 2515 ἀρνοῦνται
942 2443 1005 2496 τὸ
1052 2441 1300 2511 γεγονὸς,
1335 2441 1472 2494 ἀλλά
1529 2439 1626 2494 καὶ
1667 2439 1886 2509 σφόδραε

278 2537 616 2594 οίκειοῦνται
638 2534 733 2588 τοῦ
761 2533 1001 2606 σταυροῦ
1023 2532 1085 2586 τὸ
1105 2532 1388 2605 τόλμημα.
1423 2533 1536 2603 Τὴν
1563 2532 1696 2601 γοῦν
1721 2532 1872 2602 εἰρη-

279 2633 457 2702 μένην
481 2630 749 2699 αἰσχύνην
774 2628 850 2690 ὡς
876 2626 1128 2681 διπλοΐδα
1152 2625 1580 2698 περιϐάλλονται
1606 2642 1619 2657 ο
1648 2627 1743 2680 ἐπὶ
1765 2625 1875 2695 γὰρ

271 2723 360 2794 τῷ
387 2721 697 2792 τολμήματι
734 2718 830 2772 τοῦ
862 2717 1124 2788 σταυροῦ,
1157 2718 1295 2788 ὅπερ
1328 2716 1543 2787 ἱμάτιον
1587 2716 1872 2788 κέκληται,

273 2816 576 2889 ἀρνοῦνται
609 2813 703 2868 τὸν
734 2813 824 2866 διὰ
867 2811 971 2881 τῆς
1003 2811 1215 2876 οἰκείας
1246 2811 1519 2880 ἐγὲρσεως
1559 2807 1658 2880 τὴν
1699 2809 1875 2862 οἰκου-

280 2909 454 2979 μένην
475 2907 792 2977 ἐγείραντα.
827 2902 998 2957 Τοῦτο
1028 2903 1085 2956 δὲ
1109 2902 1296 2966 αὐτοῖς
1319 2902 1394 2966 ὡς
1424 2900 1659 2972 αἰσχύνη
1711 2899 1874 2970 διπλῆ

275 2999 551 3063 διπλοῖδος
583 2999 771 3059 αὐτοῖς
801 2994 1030 3056 εἰκότως
1058 2993 1406 3065 περιϐόλαιον
1440 2993 1675 3061 γίνεται.

308 3123 319 3133 -
357 3112 377 3146 ι
415 3089 920 3163 Ἐξομολογήοόμαι
958 3085 1037 3156 τῷ
1089 3085 1280 3157 Κυρίῳ
1307 3085 1516 3156 σφόδρα
1563 3087 1622 3138 ὲν
1655 3083 1732 3155 τῷ
1757 3083 1876 3142 στόέ

275 3185 418 3259 ματί
447 3203 572 3256 μου.
597 3203 617 3237 ι

350 3277 536 3348 Στόμα
563 3275 660 3329 τοῦ
687 3273 928 3346 Χριστοῦ
954 3275 987 3344 ὴ
1032 3271 1334 3344 Ἐκκλησία
1354 3289 1365 3301 ·
1405 3272 1596 3342 ἐπειδὴ
1635 3273 1731 3326 καὶ
1770 3274 1869 3327 αὐ-

277 3372 370 3435 τὸς
403 3371 572 3441 αὐτῆς
595 3367 807 3440 κεφαλὴ
835 3365 1149 3435 ἀναγκαίως
1178 3365 1488 3438 καθέστηκε
1509 3383 1521 3396 ·
1540 3365 1632 3420 διά
1663 3367 1872 3438 ταύτης

275 3462 462 3516 τοίνυν
521 3457 1029 3531 ἐξομολογήσασθαι
1079 3455 1160 3527 τῷ
1220 3457 1398 3528 Πατρὶ
1443 3456 1868 3526 ἐπαγγέλλεται.

276 3553 453 3607 Τοῦτο
476 3553 585 3622 γὰρ
606 3553 688 3614 εἰς
726 3550 1029 3620 σαφήνειαν
1061 3549 1313 3617 ἐπήγαγε
1347 3547 1410 3599 τὸ
1436 3547 1724 3617 ἑπόμενον.

353 3662 374 3696 ‹
417 3643 504 3694 Ἐν
536 3641 688 3712 μέσῳ
715 3639 929 3693 πολλῶν
960 3639 1161 3693 αἰνέσω
1193 3636 1379 3691 αὐτόν.
1407 3654 1428 3688 ι

347 3723 561 3789 Οὐκοῦν
590 3734 689 3805 τὴν
728 3732 1007 3807 ἡμετέραν
1059 3730 1390 3798 δοξολογίαν,
1435 3730 1645 3783 οἰκείαν
1677 3728 1870 3801 ἐξομο-

269 3829 526 3898 λόγησιν,
595 3825 874 3879 τουτέστιν
925 3822 1301 3894 εὐχαριστίαν,
1355 3822 1675 3890 ἀναγκαίως
1727 3823 1868 3878 κατά

269 3919 440 3987 λόγον
465 3916 540 3980 ὡς
581 3914 787 3985 ποιμὴν
819 3912 1079 3984 ποίμνης,
1110 3911 1206 3966 καὶ
1245 3911 1319 3976 ὡς
1351 3911 1576 3982 ἀπαρχὴ
1607 3912 1867 3984 φυράμα-

272 4028 371 4074 τος
401 4007 636 4064 τίθεται.

353 4121 374 4154 ι
406 4103 530 4156 Ὅτι
563 4101 811 4173 παρέστη
841 4101 906 4152 ἐκ
933 4098 1122 4166 δεξιῶν
1152 4099 1406 4169 πένητος.
1433 4117 1452 4148 ι

363 4193 456 4248 Ἐν
489 4194 598 4266 γὰρ
651 4195 763 4257 τοῖς
812 4191 1090 4256 Ἰουδαίοις
1135 4192 1300 4245 αὐτὸν
1354 4190 1444 4244 διά
1489 4191 1589 4262 τὴν
1638 4191 1866 4246 ἐκείνων

268 4287 543 4342 ἀπιστίαν
591 4287 894 4356 πενόμενον
959 4284 1212 4338 πλουτεῖν
1269 4283 1574 4354 πεποίηκεν
1645 4287 1705 4338 ὲν
1754 4286 1867 4348 τοῖς

271 4381 510 4444 ἔθνεσιν,
559 4380 626 4432 ἐκ
665 4378 856 4443 δεξιῶν
909 4377 1078 4431 αὐτοῦ
1137 4377 1463 4448 παραστᾶς’
1495 4377 1633 4446 ὅπερ
1663 4376 1728 4430 σὺ
1765 4375 1867 4445 μὲν

270 4474 455 4536 δοκεῖς
485 4465 628 4524 εἶναι
680 4469 956 4536 ταπεινὸν,
1003 4469 1122 4522 ἔστι
1156 4467 1215 4522 δὲ
1266 4468 1475 4539 σφόδρα
1515 4466 1740 4538 ὑψηλὸν,
1769 4468 1867 4520 καὶ

1977 1978 2129 2032 dore.
2173 1997 2191 2031 ι

2051 2072 2320 2128 Pudorem
2347 2076 2421 2130 ait
2449 2076 2767 2135 Iudaeorum
2793 2081 3201 2142 detrahentium
3229 2097 3286 2143 et
3336 2091 3565 2146 maledi-

1976 2162 2218 2217 centium
2245 2165 2488 2233 Christo,
2509 2170 2655 2238 quod
2689 2170 2950 2228 nimirum
2998 2174 3174 2246 ipsum
3203 2179 3351 2236 cruci
3371 2181 3564 2236 allise-

1979 2252 2108 2317 rint,
2131 2255 2223 2324 qui
2256 2273 2322 2310 ex
2351 2257 2458 2312 illis
2488 2270 2605 2316 erat
2636 2264 2941 2320 secundum
2975 2282 3220 2337 carnem,
3253 2273 3390 2327 etad
3415 2273 3568 2343 ipsos

1979 2347 2278 2406 servandos
2315 2350 2638 2408 advenerat.
2668 2353 3061 2414 Verumtamen
3108 2361 3259 2417 hunc
3293 2366 3562 2434 pudorem

1978 2435 2246 2507 induunt;
2278 2457 2386 2497 non
2405 2445 2552 2500 enim
2585 2446 2789 2503 factum
2813 2461 3032 2521 negant,
3070 2456 3166 2510 sed
3205 2459 3389 2513 crucis
3427 2459 3563 2516 faci-

1978 2544 2082 2584 nus
2113 2531 2214 2586 sibi
2239 2535 2521 2604 proprium
2559 2539 2864 2596 vindicant.
2893 2543 3110 2600 Dictum
3173 2547 3358 2620 itaque
3386 2554 3564 2622 pudo-

1980 2636 2094 2676 rem
2130 2631 2386 2694 tanquam
2412 2629 2709 2700 diploidcm
2749 2633 2988 2690 induunt
3027 2654 3192 2693 :nam
3223 2643 3386 2712 s‘upra
3419 2645 3561 2700 faci-

1979 2733 2084 2772 nus
2111 2721 2312 2787 crucis,
2337 2724 2481 2792 quod
2515 2727 2684 2781 vestis
2746 2740 3120 2800 nuncupatur,
3147 2747 3348 2806 negant
3411 2739 3564 2795 illum

1977 2823 2076 2878 per
2109 2811 2388 2881 prepriam
2450 2816 2912 2873 resurrectionem
2997 2822 3315 2880 universum
3371 2829 3565 2886 orbem

1980 2901 2270 2962 excitasse.
2305 2903 2420 2959 Hoc
2437 2913 2627 2962 autem
2682 2916 2944 2980 tanquam
2965 2912 3164 2983 duplex
3223 2918 3399 2987 pudor
3441 2921 3566 2992 jure

1978 2997 2177 3052 merito
2200 2997 2331 3068 ipsis
2360 2999 2618 3070 diploidis
2645 3001 3032 3060 indumentum
3063 3009 3300 3067 exsistit.

2054 3087 2218 3144 Vens.
2276 3091 2365 3146 '50.
2403 3108 2422 3142 ι
2477 3090 2798 3148 Conﬁtebor
2866 3096 3100 3153 Domino
3148 3101 3312 3160 nimis
3373 3105 3427 3161 in
3471 3124 3568 3164 ore

1900 3201 1951 3266 ρ
1978 3196 2124 3236 meo.
2157 3200 2177 3234 ι

2047 3273 2120 3329 Os
2142 3275 2345 3332 Christi
2370 3288 2454 3335 est
2484 3279 2761 3348 Ecclesia;
2805 3286 3252 3358 quandoquidem
3287 3292 3404 3361 ipse
3434 3309 3570 3362 quo-

1978 3383 2085 3437 que
2117 3373 2432 3427 necessario
2458 3374 2580 3443 ejus
2600 3385 2766 3448 caput
2795 3379 3137 3436 constitutus
3154 3390 3239 3437 est
3271 3400 3283 3436 :
3316 3387 3569 3454 perhanc

1977 3459 2145 3531 igitur
2165 3461 2310 3518 Patri
2334 3465 2587 3521 conﬁteri
2613 3469 2960 3538 perhibetur.
3006 3471 3119 3528 Hoc
3149 3476 3296 3530 enim
3335 3478 3386 3532 id
3418 3481 3564 3550 quod

1979 3554 2224 3622 sequitur
2252 3557 2570 3614 declaravit.

2057 3661 2077 3694 ι
2116 3643 2178 3697 In
2201 3646 2384 3702 medio
2404 3649 2703 3706 multorum
2732 3653 2967 3710 laudabo
2996 3671 3145 3712 eum.
3178 3678 3199 3711 ι

2048 3733 2301 3792 Nostram
2321 3739 2486 3809 igitur
2511 3741 2984 3818 gloriﬁcationem,
3017 3751 3296 3820 propriam
3343 3756 3563 3814 confes-

1975 3829 2210 3894 sionem’,
2240 3831 2293 3885 id
2316 3841 2403 3886 est
2422 3833 2717 3903 gratiarum
2737 3838 3031 3907 actionem,
3059 3842 3218 3912 juxta
3248 3859 3564 3904 sermonem

1977 3920 2127 3975 hunc
2145 3924 2460 3978 necessario
2489 3927 2645 3995 ponit
2699 3937 2961 4000 tanquam
3001 3943 3190 4004 pastor
3241 3939 3444 4010 gregis,
3510 3951 3568 3996 et

1976 4020 2234 4082 tanquam
2261 4016 2518 4083 primitiae
2549 4022 2978 4090 conspersionis.

2051 4101 2208 4158 Vsus.
2239 4105 2326 4158 51.
2353 4124 2371 4156 ι
2409 4105 2546 4171 Quia
2583 4110 2756 4164 astitit
2783 4127 2812 4165 a
2844 4113 3050 4168 dextris
3077 4119 3353 4187 pauperis.
3383 4139 3400 4171 ι

2049 4195 2230 4266 Ipsum
2255 4199 2406 4253 enim
2427 4200 2570 4256 inter
2597 4199 2819 4259 Judaeos
2871 4207 2944 4261 ob
2973 4207 3190 4264 illorum
3214 4211 3566 4270 incredulita-

1977 4299 2086 4344 tem
2113 4289 2342 4360 penuria
2366 4291 2702 4348 laborantem
2725 4295 3006 4353 abundare
3027 4298 3154 4355 fecit
3175 4301 3318 4358 inter
3348 4316 3562 4376 gentes,

1973 4397 2006 4435 a
2032 4381 2241 4436 dextris
2272 4382 2446 4452 ipsius
2482 4387 2746 4441 assistens
2781 4405 2795 4440 :
2832 4389 2976 4458 quod
3005 4398 3060 4444 tu
3095 4393 3316 4462 quidem
3357 4397 3564 4454 humile

1975 4488 2099 4528 esse
2123 4475 2432 4542 arbitraris,
2465 4478 2563 4532 sed
2599 4490 2684 4533 est
2729 4482 2889 4535 valde
2945 4482 3198 4550 sublime,
3255 4490 3400 4543 etde
3446 4491 3564 4546 solo

272 4567 412 4637 περὶ
438 4565 600 4635 μόνου
638 4563 769 4617 Υίοῦ
811 4563 887 4626 ὡς
940 4560 1076 4615 Θεοῦ
1109 4562 1206 4615 καὶ
1251 4560 1542 4632 ὁμοουσίου
1571 4560 1869 4651 δυνάμενον

1991 4564 2113 4618 Filio
2146 4572 2406 4635 tanquam
2441 4568 2552 4623 Deo
2591 4577 2648 4622 et
2688 4572 3140 4651 consubstantiali
3183 4577 3300 4631 dici
3355 4589 3560 4648 potest.

271 4657 559 4727 λέγεσθαι.
587 4656 803 4725 Ὥσπερ
838 4654 948 4725 γάρ
979 4653 1110 4716 Υἱὸς
1135 4652 1197 4705 οὐ
1245 4652 1405 4723 μόνον
1435 4652 1501 4706 ὲκ
1524 4649 1714 4716 δεξιῶν
1739 4651 1868 4706 κάθ-

271 4766 410 4822 ηται
456 4747 553 4802 τοῦ
604 4748 845 4820 Πατρὸς,
894 4745 1031 4799 ἀλλὰ
1079 4747 1176 4798 καὶ
1228 4745 1292 4798 ὲκ
1354 4742 1546 4808 δεξιῶν
1621 4744 1859 4797 ἵσταται.

270 4842 438 4913 (φησί
458 4839 568 4911 γὰρ
590 4841 619 4893 ό
646 4840 938 4908 Στέφανος·
984 4835 1133 4892 Ἰδοὺ
1166 4833 1362 4903 θεωρῶ
1395 4833 1539 4900 τοὺς
1563 4833 1862 4902 οὐρανοὺς

265 4931 711 5003 ἀνεῳγμένους,
736 4930 836 4985 καὶ
882 4929 1118 4998 Ἰησοῦν
1155 4926 1387 4984 ἑστῶτα
1415 4927 1483 4980 ἐκ
1510 4926 1726 4991 δεξιῶν
1749 4924 1862 4994 τῆς

265 5023 627 5095 δυνάμεως)ο
665 5021 813 5076 οὓτω
839 5022 934 5077 καὶ
976 5023 1007 5076 ὁ
1067 5020 1258 5091 Πατὴρ
1291 5021 1357 5072 ὲκ
1389 5018 1578 5085 δεξιῶν
1607 5017 1862 5071 ἵστασθαι

267 5117 492 5185 λέγεται
522 5116 618 5169 τοῦ
669 5114 824 5181 Υἰοῦ,
859 5115 947 5170 ἵνα
999 5113 1130 5186 μίαν
1175 5115 1336 5184 ἡμεῖς
1387 5110 1547 5177 ἀξίαν
1600 5109 1734 5164 Υἰοῦ
1765 5110 1862 5166 καὶ

267 5208 483 5281 Πατρὸς
510 5208 792 5280 μάθωμεν.

838 5300 1134 5355 ΨΑΔΜΟΣ
1171 5298 1296 5356 PG’.

345 5412 367 5447 ι
390 5390 560 5448 Εἶπεν
588 5395 618 5448 ὁ
649 5392 856 5464 Κύριος
885 5392 962 5463 τῷ
996 5394 1188 5464 Κυρίῳ
1220 5411 1345 5464 μου.
1374 5414 1393 5446 ι

341 5485 461 5538 Ἵνα
499 5483 684 5555 δειχθῇ
726 5484 822 5538 τοῦ
853 5484 1066 5558 Πατρδς
1093 5487 1190 5540 καὶ
1219 5483 1314 5539 τοῦ
1345 5484 1476 5538 Υίοῦ
1511 5484 1574 5538 τὺ
1599 5487 1660 5539 ἐν
1689 5484 1855 5537 πᾶσιν

263 5574 552 5648 ὁμότιμον,
580 5577 678 5630 καὶ
722 5577 806 5630 ὅτι
843 5577 943 5630 οὐκ
969 5578 1136 5642 αὐτὸς
1169 5578 1350 5649 ἐαυτῷ
1375 5579 1403 5630 ὁ
1432 5578 1564 5642 Υἱὸς
1610 5576 1856 5648 ἁρπάζει

267 5663 550 5741 βασιλείας
592 5668 626 5739 ἢ
663 5671 921 5735 θεότητος
972 5669 1128 5735 ἀξίαν
1166 5669 1269 5742 (διό
1315 5686 1482 5740 φησιν
1531 5672 1560 5723 ὁ
1615 5667 1848 5732 Παῦλος,

333 5844 380 5879 ⁸⁸
403 5847 562 5904 Deut.
590 5865 700 5912 xxx,
723 5847 812 5902 23.

589 5944 861 6004 ΡΑΤιιοι.
906 5947 1021 6002 GR.
1073 5943 1270 6002 XCIII.

1973 4655 2446 4722 Quemadmodum
2467 4660 2614 4714 enim
2662 4660 2834 4717 Filius
2858 4681 2968 4719 non
2991 4667 3166 4721 solum
3191 4669 3346 4724 sedet
3368 4687 3398 4725 a
3425 4673 3562 4728 dex-

1980 4747 2077 4802 tris
2110 4747 2306 4814 Patris,
2329 4765 2521 4806 verum
2545 4751 2711 4807 etiam
2737 4770 2769 4807 a
2809 4755 3016 4811 dextris
3086 4768 3218 4814 stat.
3247 4761 3341 4816 Ait
3409 4747 3558 4820 edim

1974 4837 2289 4908 Stephanus
2323 4840 2526 4894 {Ecce
2586 4843 2735 4896 video
2788 4844 2942 4898 atlas
3009 4859 3240 4917 apertos,
3271 4861 3321 4906 et
3373 4852 3560 4910 Jesum

1971 4939 2206 4983 stantem
2233 4947 2265 4984 a
2295 4932 2494 4986 dextris
2519 4933 2758 4989 virtutis.
2786 4934 2880 4991 Sic
2909 4938 3075 4993 etiam
3101 4940 3263 4998 Pater
3283 4961 3314 4999 a
3345 4945 3558 5002 dextris

1971 5022 2092 5076 Filii
2116 5034 2263 5079 stare
2290 5025 2512 5087 dicitur,
2537 5035 2597 5081 ut
2625 5042 2728 5083 nos
2761 5028 3043 5087 discamus
3087 5050 3256 5091 unam
3281 5040 3566 5095 eamdem-

1973 5129 2081 5184 que
2104 5128 2228 5169 esse
2259 5114 2437 5172 Patris
2487 5115 2725 5190 Filiique
2753 5121 3100 5193 dignitatem.

2522 5303 2843 5364 PSALMUS
2880 5308 3016 5366 CIX.

2046 5387 2210 5446 Vens.
2241 5394 2292 5450 1.
2324 5415 2343 5448 ι
2379 5397 2522 5453 Dixit
2546 5399 2813 5455 Dominus
2843 5401 3075 5460 Domino
3097 5421 3242 5463 meo.
3283 5427 3303 5459 ι

2041 5480 2114 5537 Ut
2141 5484 2322 5542 Patris
2357 5488 2590 5560 Filiique
2614 5492 2669 5546 in
2693 5495 2949 5551 omnibus
2983 5500 3267 5568 aequalitas
3296 5502 3555 5558 ostende-

1966 5583 2140 5643 retur,
2160 5586 2216 5633 et
2246 5589 2307 5634 ut
2335 5597 2447 5636 non
2480 5583 2597 5653 ipse
2628 5586 2731 5641 sibi
2766 5587 2868 5656 ipsi
2900 5588 3070 5645 Filius
3103 5595 3253 5663 regni
3287 5603 3380 5648 aut
3409 5593 3555 5650 divi-

1965 5665 2155 5724 nitatis
2181 5671 2359 5742 rapiat
2393 5675 2714 5745 dignitatem
2768 5678 3017 5750 (propter
3053 5685 3200 5752 quod
3229 5683 3432 5741 Paulus
3453 5685 3552 5742 ait:

3123 5959 3196 6020 42
