3950 6412
475 384 612 449 1323
1673 385 1970 445 HESYCH
1983 387 2039 446 ll
2093 387 2570 448 PRESBYTER]
3594 400 3702 466 13/24

479 497 593 554 Non
617 497 866 567 rapinam
897 497 1190 550 arbitratus
1220 504 1293 550 est
1323 511 1431 550 esse
1463 512 1514 550 se
1541 495 1801 568 (squalent
1843 497 1951 552 Deo
1970 499 2034 567 ")

2174 501 2298 567 Οὐχ
2332 499 2651 569 ἁρπαγμὸν
2679 498 2956 568 ἡγήσατο
2999 500 3063 553 τὸ
3095 497 3248 555 εἶναι
3279 503 3378 556 ισα
3421 505 3580 581 Oed»).
3612 514 3702 570 ἀλλ’

471 591 566 645 sed
584 589 762 645 Patris
791 589 859 644 de
903 584 1026 642 Filii
1065 588 1331 659 dignitate
1385 587 1678 658 gaudentis
1715 589 2028 659 beneplacit

2168 591 2518 656 εὐδοκοῦντος
2551 591 2649 644 τοῦ
2695 593 2911 663 Πατρὸς
2951 593 3045 646 καὶ
3074 595 3354 666 χαίροντος
3396 601 3458 670 τῇ
3493 602 3577 656 τοῦ
3603 606 3707 663 Υίοῦ

470 683 680 754 aequale
753 697 880 743 cum
939 682 1102 737 Patre
1165 697 1398 754 regnum
1462 683 1727 738 obtineat.
1793 683 2030 738 Canter“!

2165 684 2292 754 ἀξίᾳ
2321 685 2422 754 τὴν
2465 683 2754 756 βασιλείαν
2793 685 2894 757 τὴν
2935 686 3200 756 ὁμότιμον
3244 689 3379 760 πρδς
3400 690 3503 746 τδνν
3525 695 3708 770 Πατέρα

469 794 597 833 cum
629 777 836 832 istuda
902 776 1102 830 dextris
1159 782 1391 846 propter
1445 776 1570 844 ejus
1631 775 1700 831 ad
1766 791 1871 831 nos
1931 791 2029 830 con

2167 777 2456 848 κέκτηται.
2505 776 2730 849 Ἐπειδὴ
2761 777 2827 832 τὸ
2880 778 2951 833 ἐκ
3003 777 3222 845 δεξιῶν
3277 783 3375 851 τῆς
3419 786 3547 854 πρὸς
3591 791 3710 858 ἡμᾶς

468 867 893 923 descensionem
949 865 1166 920 dicatur
1206 866 1356 936 (nam
1416 865 1464 920 si
1519 865 1665 921 Deus
1712 866 1904 920 dextra
1967 866 2028 920 lia

2169 867 2334 924 ἕνεκα
2362 869 2834 940 συγκατασάσεως
2893 871 3113 940 λέγεται
3165 874 3236 944 (εξ
3275 874 3382 947 γὰρ
3415 875 3521 948 ἔχει
3546 878 3711 946 δεξιάό

458 961 647 1024 beret,
691 959 922 1012 baberet
949 967 1006 1012 et
1036 956 1285 1029 sinistra)
1312 975 1328 1024 ;
1358 957 1478 1014 bmc
1510 966 1693 1013 autem
1745 958 1813 1013 de
1866 957 2016 1013 indiv

2163 963 2322 1027 Θεὸς,
2351 963 2469 1036 ἔχει
2497 966 2591 1020 καλ
2615 965 2940 1038 ἀριστερά)’
2967 965 3141 1019 ταῦτα
3174 966 3230 1020 δὲ
3259 967 3352 1020 ἐπὶ
3377 968 3468 1021 τοῦ
3506 971 3709 1043 ἀμεροῦς

453 1053 582 1107 duo
623 1061 679 1106 et
722 1051 1055 1122 inﬁgurabili
1105 1050 1402 1120 omniaque
1459 1051 1705 1121 replente
1753 1060 2013 1122 opportur

2169 1057 2267 1111 καὶ
2301 1057 2721 1130 ἀσχηματίστου
2748 1060 2845 1114 καὶ
2874 1059 3058 1114 πάντα
3081 1058 3418 1128 πληροῦντος
3443 1065 3617 1135 καιρὸν
3636 1069 3709 1123 οὐκ

470 1146 578 1202 dici
603 1153 916 1214 nequeant;
941 1145 1198 1200 dicantur
1244 1152 1450 1209 autem,
1480 1143 1608 1214 quia
1639 1157 1741 1200 nos
1771 1145 1940 1200 modo
1966 1144 2030 1199 ali

2169 1148 2282 1218 ἔχει
2313 1148 2574 1219 λέγεσθαι
2599 1167 2612 1182 ο
2644 1151 2866 1220 λέγεται
2906 1151 2984 1214 δὲ,
3023 1150 3326 1222 ἐπειδήπερ
3354 1152 3446 1206 νῦν
3475 1157 3618 1226 ἡμεῖς
3637 1160 3711 1215 ἀλ-

471 1251 556 1296 ter
585 1241 652 1294 de
692 1238 875 1294 Patris
909 1238 1141 1308 Filiique
1165 1237 1338 1310 gloria
1367 1237 1575 1293 erudiri
1609 1238 1842 1293 minime
1864 1253 2031 1310 possu

2168 1238 2275 1302 λως
2307 1240 2533 1294 ἀκούειν
2575 1241 2670 1294 καὶ
2718 1241 3077 1296 παιδεύεσθαι
3104 1241 3206 1313 τὴν
3244 1245 3368 1314 περὶ
3409 1245 3606 1317 Πατρός
3642 1254 3713 1306 καὶ

471 1351 616 1398 mus,
647 1330 964 1389 necessario
990 1330 1246 1401 adiunxit
1277 1349 1292 1385 :
1333 1330 1514 1385 Donec
1571 1347 1768 1401 ponam
1826 1332 2031 1386 inimice

2169 1328 2304 1382 Υἱοῦ
2354 1328 2670 1398 δοξολογίαν
2704 1332 2765 1385 οὐ
2793 1331 3096 1402 δυνάμεθα,
3125 1333 3442 1402 ἀναγκαίως
3489 1338 3712 1411 προσέθη-

470 1437 587 1479 tuos
603 1423 887 1478 scabeuum
916 1423 1110 1492 pedum
1139 1431 1376 1476 tuorum.
1397 1421 1457 1477 ld
1486 1429 1590 1487 est,
1619 1423 1809 1477 Donec
1827 1437 2030 1492 praesen

2169 1437 2265 1474 κεν
2287 1439 2299 1451 ·
2331 1421 2481 1488 Ἕως
2510 1421 2589 1476 ἂν
2621 1421 2706 1478 θῶ
2763 1423 2908 1489 τοὺς
2950 1423 3217 1493 ἐχθρούς
3271 1440 3388 1479 σου
3427 1429 3712 1485 ὑποπόδιον

471 1518 589 1572 inec
620 1516 730 1570 vita
754 1513 922 1569 fuerit
948 1525 1357 1570 consummata.
1381 1511 1520 1568 Nam
1563 1514 1620 1568 in
1643 1514 1900 1585 praesenti
1955 1514 2031 1569 vit

2168 1512 2290 1567 τῶν
2336 1513 2542 1568 ποδῶν
2591 1531 2732 1570 σου.
2789 1515 3074 1580 Τουτέστι,
3105 1515 3322 1588 Μέχρις
3367 1517 3432 1570 ἂν
3478 1520 3508 1571 6
3560 1523 3713 1592 παρὼν

470 1617 526 1663 et
550 1607 714 1663 Pater
737 1605 962 1677 subiicit
991 1605 1152 1670 Filio,
1188 1614 1243 1661 et
1273 1605 1449 1662 Filius
1490 1605 1719 1678 subiicit
1772 1606 1922 1662 Patri
1972 1607 2030 1662 lu

2174 1605 2508 1677 συντελεσθῇ
2551 1607 2687 1677 βίος.
2725 1608 2815 1661 Ἐν
2853 1609 2964 1680 γὰρ
3015 1607 3096 1678 τῷ
3151 1609 3383 1679 παρόντι
3431 1609 3524 1681 βίῳ
3576 1615 3654 1666 καὶ
3691 1619 3711 1669 ό

471 1700 813 1754 inanitatem.
847 1697 984 1753 Cum
1016 1705 1203 1752 autem
1235 1710 1479 1767 praesens
1509 1697 1616 1753 hoc
1644 1697 1910 1754 saeculum
1943 1697 2031 1754 fue

2169 1698 2370 1770 Πατὴρ
2401 1697 2693 1752 ὑποτάττει
2722 1699 2801 1772 τῷ
2838 1699 2974 1771 Υίῷ,
3008 1701 3104 1754 καὶ
3140 1702 3170 1754 6
3205 1700 3335 1766 Υίδς
3366 1702 3634 1758 ὑποτάττει
3655 1708 3710 1776 τῷ

473 1792 544 1845 rit
575 1790 950 1854 terminatum,
983 1797 1041 1844 et
1075 1787 1222 1844 Deus
1257 1787 1314 1843 in
1343 1789 1606 1844 omnibus
1638 1789 2033 1860 prolicientibu

2173 1788 2354 1858 Πατρὶ
2407 1789 2504 1862 τὴν
2568 1790 2992 1863 άνθρωπότητα.
3049 1791 3224 1847 Ἐπάν
3267 1791 3325 1846 δὲ
3379 1788 3577 1858 οὗτοςό
3611 1797 3711 1850 αἰὼν

471 1880 656 1935 omnia
685 1878 862 1934 factus
891 1877 1078 1944 fuerit,
1108 1887 1241 1934 tunc
1278 1878 1348 1934 ad
1379 1878 1682 1949 perfectam
1716 1881 2031 1951 contempla

2173 1881 2535 1953 συντελεσθῇ,
2569 1883 2667 1937 καὶ
2704 1885 2733 1936 6
2771 1881 2910 1948 Θεδς
2941 1884 3122 1938 πάντα
3147 1885 3208 1938 έν
3235 1886 3371 1939 πᾶσι
3396 1887 3711 1958 προκόπτουσι

469 1973 680 2033 tionem
715 1978 770 2024 et
794 1970 1048 2024 notitiam
1077 1969 1484 2040 pervenientes,
1513 1968 1734 2025 Patrem
1776 1971 1833 2026 in
1903 1971 2029 2028 Ρίιὶι

2171 1974 2423 2046 γένηται,
2460 1977 2583 2029 τότε
2619 1978 2698 2040 είς
2743 1977 2954 2032 τέλειον
3002 1977 3246 2049 θεωρίας
3294 1978 3596 2044 ἀνελθόντες
3643 1985 3711 2036 καὶ

469 2072 531 2119 et
587 2063 784 2116 Filium
831 2062 888 2116 in
923 2062 1090 2116 Patre
1142 2060 1846 2134 videbimus.Quapropter
1899 2065 2029 2118 etial

2171 2067 2451 2137 γνώσεως,
2474 2069 2567 2122 τὸν
2596 2069 2818 2143 Πατέρα
2843 2072 2900 2124 έν
2919 2069 2998 2142 τῷ
3029 2071 3169 2143 Υίῷ,
3205 2071 3300 2125 καὶ
3326 2071 3420 2126 τὸν
3445 2071 3562 2126 Υίὸν
3586 2075 3633 2126 ὲν
3657 2076 3712 2144 τῷ

473 2152 742 2208 Dominus
771 2150 912 2207 dixit
939 2166 1000 2208 se
1023 2160 1154 2206 tunc
1206 2149 1262 2204 in
1307 2149 1481 2222 gloria
1537 2149 1717 2206 Patris
1772 2162 2033 2206 venlurur

2171 2161 2352 2231 Πατρὶ
2408 2161 2675 2232 ὀψόμεθα.
2728 2161 2931 2233 Διόπερ
2980 2161 3077 2214 καὶ
3128 2161 3258 2215 τότε
3309 2163 3369 2216 έν
3417 2165 3483 2234 τῇ
3513 2162 3711 2236 δόξῃτοῦ

465 2260 621 2300 csse.
2173 2250 2388 2321 Πατρὸς
2423 2249 2576 2323 ἥξειν
2600 2251 2798 2306 ἑαυτὸν
2825 2254 2854 2306 6
2887 2250 3097 2323 Κύριος
3127 2249 3346 2321 ἔλεγεν.

549 2359 712 2414 Vens.
746 2356 803 2413 2.
841 2375 861 2410 ι
901 2356 1121 2428 Virgam
1152 2355 1372 2413 virtutis
1391 2357 1629 2412 emittet.
1669 2376 1688 2408 ι

2249 2361 2267 2393 ι
2311 2341 2539 2399 Ῥάὸδον
2572 2343 2859 2413 δυνάμεως
2890 2342 3268 2410 ὲξαποστελεῖ.
3298 2361 3319 2395 ι

548 2447 712 2522 Virga
751 2449 972 2504 virtutis
999 2424 1084 2504 est
1117 2448 1367 2506 Salvator
1408 2467 1420 2502 :
1460 2450 1530 2505 de
1565 2466 1679 2521 quo
1745 2451 1914 2506 etiam
1937 2451 2067 2507 alibi

2252 2433 2480 2498 Ῥάϐδος
2510 2433 2796 2504 δυνάμεως
2815 2436 2844 2487 ὁ
2876 2433 3073 2504 Σωτήρ
3095 2450 3110 2464 ⁸
3143 2434 3280 2504 περὶ
3307 2424 3372 2487 οὗ
3414 2433 3503 2486 καὶ
3524 2432 3712 2504 ἀλλαχοῦ

473 2531 759 2613 subiungit
785 2557 799 2594 :
835 2540 998 2612 Reges
1022 2559 1108 2597 eos
1140 2543 1198 2596 in
1224 2544 1374 2613 virga
1397 2545 1572 2613 ferrea
1613 2543 1678 2597 ".
1709 2545 1852 2599 Cum
1883 2554 2033 2600 auter

2169 2525 2376 2595 ἐπάγει
2400 2542 2414 2557 ⁸
2482 2525 2807 2596 Romani}
2859 2524 3087 2591 αὐτοὺς
3151 2526 3226 2578 ἐν·
3278 2524 3478 2593 ῥάϐδῳ
3517 2525 3713 2594 σιδηρᾷ.

477 2636 628 2706 virga
656 2634 864 2706 duplex
893 2650 1098 2690 munus
1117 2635 1301 2702 obeat,
1325 2635 1595 2705 siquidem
1649 2644 1704 2692 et
1730 2638 1966 2710 castigat
2014 2653 2037 2694 ε

2186 2617 2410 2690 Ἐπειδὴ
2444 2616 2503 2672 δὲ
2555 2620 2590 2690 ἡ
2646 2617 2845 2688 ῥάϐδος
2881 2616 3079 2687 διπλῆν
3122 2615 3416 2687 ἐνέργειαν
3460 2617 3712 2689 κέκτηται·

475 2743 643 2784 manu
660 2727 845 2793 ducit;
877 2743 1010 2782 crux
1041 2742 1173 2782 vero
1194 2742 1298 2782 nos
1317 2742 1541 2799 quoque
1590 2743 1759 2783 manu
1786 2730 1972 2797 ducat,
2014 2745 2035 2786 ε

2175 2711 2272 2764 καὶ
2307 2713 2420 2782 γάρ
2457 2710 2712 2783 μαστίζει
2740 2710 2838 2764 καὶ
2864 2713 3234 2782 χειραγωγεῖο
3273 2710 3370 2765 καὶ
3394 2712 3652 2810 όοσταυρὸς
3675 2711 3715 2764 δὲ

473 2821 756 2876 daemones
783 2819 1011 2889 plectat,
1043 2819 1364 2874 necessario
1416 2819 1586 2875 etiam
1633 2819 1786 2893 virga
1848 2822 2033 2879 virtuti

2172 2805 2323 2876 ἡμᾶς
2375 2807 2748 2876 χειραγωγεῖ,
2807 2804 2904 2857 καὶ
2956 2802 3214 2873 μαστιζει
3268 2802 3399 2866 τοὺς
3421 2801 3715 2874 ’δαίμονας⁴

473 2913 626 2968 dicta
651 2921 758 2975 est,
787 2920 982 2982 utpote
1009 2911 1319 2966 istiusmodi
1347 2911 1662 2982 perliciens.
1708 2913 1863 2970 Hanc
1883 2925 2033 2972 auter

2170 2901 2490 2970 ἀναγκαίως
2524 2901 2619 2956 καὶ
2653 2899 2854 2971 ῥάϐδος
2896 2899 3208 2971 δυνάμεως,
3253 2901 3330 2964 ὡς
3362 2898 3574 2954 τοιαῦτα
3601 2901 3716 2970 ὲνερ-

478 3005 626 3061 unde
650 3003 874 3061 Christo
929 3003 1157 3060 emisit?
1187 3004 1263 3059 Ex
1305 3005 1438 3060 Sion
1501 3005 1699 3077 inquit.
1755 3004 1872 3063 Illic
1921 3009 2038 3064 enin

2170 2994 2393 3065 γὴσασα
2427 2993 2665 3064 εἴρηται.
2712 2992 2934 3063 Ταύτην
2977 2991 3036 3045 δὲ
3078 2993 3159 3064 τῷ
3208 2991 3434 3064 Χριστῷ
3487 2992 3628 3046 πόθεν
3653 2992 3716 3058 ἐξ·

477 3098 838 3168 semetipsum
861 3095 1190 3167 Unigenitus
1217 3096 1522 3154 immolavit
1577 3115 1591 3152 :
1660 3099 1770 3155 illic
1825 3100 2037 3170 passion

2171 3085 2525 3151 απέστειλεν;
2571 3084 2665 3138 Ἐκ
2691 3083 2796 3154 τῆς
2838 3081 2999 3150 Σιὼν,
3032 3082 3225 3153 φησιν.
3255 3084 3405 3138 Ἐκεῖ
3427 3084 3529 3152 γὰρ
3568 3083 3715 3137 ἑαυτὸν

479 3190 698 3244 initium
738 3188 938 3244 dedit:
973 3189 1084 3245 illic
1138 3190 1207 3244 ab
1264 3189 1383 3260 ipso
1441 3191 1499 3246 in
1554 3193 2039 3249 rememorationer

2176 3178 2205 3230 6
2234 3176 2550 3248 Μονογενὴς
2569 3175 2764 3228 ἔθυσεν
2783 3188 2799 3205 ο
2832 3174 2952 3228 ἐκεῖ
2977 3172 3058 3243 τῷ
3086 3171 3254 3227 πάθει
3287 3172 3515 3257 δέδωκεν
3543 3172 3713 3242 ἀρχήν·

471 3279 751 3351 passionis
785 3279 983 3336 tradita
1008 3290 1138 3336 sunt
1163 3283 1443 3352 mysteria.

2175 3271 2296 3324 ἐκεῖ
2315 3271 2387 3324 τὰ
2418 3269 2550 3340 παρ’
2581 3266 2748 3324 αὐτοῦ
2781 3265 2920 3340 πρὸς
2945 3267 3262 3338 ἀνάμνησιν
3293 3265 3391 3320 τοῦ
3417 3265 3603 3329 πάθους
3639 3281 3716 3317 πσ-

2174 3364 2472 3436 ραδοθέντα
2513 3363 2813 3434 μυστήρια.

557 3452 723 3510 Vens.
758 3455 812 3510 5.
848 3474 868 3508 ι
907 3454 1138 3522 Tecum,
1161 3455 1502 3527 principium
1553 3457 1608 3512 in
1625 3458 1717 3515 die
1763 3459 2007 3517 virtutis.
2048 3478 2070 3514 ι

2056 3478 2070 3514 ι
2255 3477 2275 3511 ι
2301 3458 2463 3513 Μετά
2492 3457 2589 3511 σοῦ
2610 3457 2645 3528 ὴ
2668 3454 2814 3528 ἀρχὴ
2840 3455 2900 3509 έν
2922 3453 3115 3527 ἡμέρᾳ
3143 3454 3250 3525 τῆς
3283 3454 3578 3527 δυνάμεως.
3599 3473 3616 3508 ι

550 3545 930 3618 Principatum
955 3547 1179 3617 quidem
1211 3548 1416 3603 Christi
1478 3549 1584 3605 hoc
1643 3552 1766 3607 loco
1835 3553 2076 3624 appellat

2261 3550 2465 3622 Ἀρχὴν
2521 3553 2621 3624 μὲν
2671 3554 2911 3610 ἐνταῦθα
2967 3555 3064 3610 τοῦ
3120 3556 3370 3630 Χριστοῦ
3411 3557 3498 3611 τὸν
3529 3554 3716 3626 σταυρὸν

470 3652 736 3703 erucem;
771 3645 963 3708 utpote
991 3637 1045 3691 in
1065 3652 1175 3708 qua
1206 3637 1468 3710 princeps
1497 3650 1554 3696 et
1584 3655 1678 3697 rex
1697 3641 1862 3712 hujus
1879 3659 2030 3698 mum

2178 3644 2338 3699 καλεῖ
2359 3661 2374 3677 ⁸
2401 3646 2480 3710 ὡς
2510 3647 2570 3701 ὲν
2604 3647 2757 3721 αὐτῷ
2785 3649 2888 3720 τῆς
2915 3649 3253 3722 οἰκουμένης
3277 3649 3529 3723 ἄρχοντος
3545 3649 3626 3704 καὶ
3645 3647 3717 3720 βα·

479 3740 774 3802 superatus
823 3731 966 3787 fuit:
993 3731 1139 3788 diem
1178 3747 1314 3788 vero
1337 3733 1562 3789 virtutis
1614 3735 1736 3804 ejus
1764 3736 1965 3792 merito
1996 3737 2039 3791 in

2181 3736 2489 3803 σιλεύοντος
2522 3739 2854 3812 ἡττηθέντος
2877 3756 2893 3772 ο
2928 3741 3148 3813 ἡμέραν
3193 3742 3254 3798 δὲ
3288 3743 3560 3814 δυνάμεως
3589 3741 3715 3796 αὐτοῦ

467 3827 677 3899 'telligit
697 3827 842 3882 diem
871 3826 1090 3892 crucis;
1135 3825 1302 3897 idque
1329 3835 1557 3897 propter
1586 3827 1740 3897 signa
1773 3826 1829 3882 in
1855 3843 1919 3882 ea
1950 3843 2027 3900 pel

2177 3830 2280 3902 τὴν
2313 3831 2535 3903 ἡμέραν
2584 3832 2815 3898 εἰκότως
2847 3833 2942 3887 τοῦ
2971 3833 3211 3906 σταυροῦ
3234 3851 3250 3866 ο
3284 3836 3440 3890 τοῦτο
3469 3836 3521 3890 δὲ
3558 3834 3632 3888 διὰ
3667 3834 3717 3888 τὰ

471 3929 628 3988 acta,
661 3929 722 3974 ut
772 3928 984 3975 motum
1018 3929 1200 3987 terrae,
1249 3919 1384 3976 solis
1452 3918 1754 3986 recessum,
1822 3921 2031 3976 tenebr:

2181 3924 2242 3978 ὲν
2288 3925 2428 3996 αὐτῇ
2495 3924 2815 3996 πραχθέντα
2878 3927 3108 3998 σημεῖα,
3146 3927 3242 3982 τὸν
3277 3929 3440 3982 σάλον
3492 3927 3582 3998 τῆς
3619 3926 3717 3996 γῆς,

479 4014 550 4069 ab
576 4013 709 4068 hora
735 4021 891 4068 sexta
921 4026 1094 4081 usque
1125 4010 1194 4066 ad
1216 4026 1420 4068 nonam
1461 4029 1476 4066 :
1519 4011 1722 4067 deinde
1753 4013 1903 4082 quod
1931 4013 1986 4067 in
2013 4028 2039 4067 e

2179 4015 2279 4086 τὴν
2309 4014 2664 4086 ἀναχώρησιν
2712 4015 2808 4069 τοῦ
2843 4015 3024 4087 ἡλίου,
3057 4017 3119 4071 τὸ
3149 4016 3263 4072 ἀπὸ
3293 4017 3442 4089 ὥρας
3468 4016 3619 4086 ἕκτης
3646 4014 3719 4084 μέ-

479 4104 702 4162 diabolo
729 4104 1006 4160 debellato
1024 4103 1414 4159 obumbratum
1443 4103 1516 4159 sit
1535 4113 1849 4174 peceatum.
1884 4104 1946 4158 In
1977 4104 2039 4159 ha

2183 4124 2308 4180 χρις
2333 4107 2568 4179 ὲννάτης
2596 4108 2789 4172 σκότος
2814 4125 2829 4142 ο
2866 4107 3062 4163 ἒπειτα
3093 4108 3173 4172 ὡς
3219 4111 3281 4163 έν
3309 4109 3443 4180 αὐτῇ
3465 4108 3558 4178 τῆς
3579 4107 3719 4176 άμσρυ

482 4197 653 4269 igitur
690 4196 782 4262 die
819 4196 1219 4268 principatum,
1248 4196 1304 4252 id
1336 4207 1422 4252 est
1451 4211 1698 4262 crucem,
1738 4211 1928 4252 secum
1982 4196 2042 4251 ha

2181 4200 2302 4264 tta;
2329 4199 2690 4270 σκιασθείσης
2717 4200 2810 4260 τοῦ
2840 4200 3089 4256 διαθόλου
3121 4201 3626 4272 καταγωνισθέντος.
3656 4197 3718 4250 Ἐν

473 4291 622 4356 ιὺυὶι,
672 4305 791 4346 non
841 4289 1024 4345 solum
1067 4299 1130 4346 ut
1161 4289 1218 4344 in
1277 4288 1617 4355 easullixus,
1665 4303 1858 4344 verum
1917 4289 2033 4344 etiai

2181 4292 2357 4364 ταύτῃ
2387 4293 2572 4348 τοίνυν
2597 4293 2697 4366 τὴν
2741 4293 2938 4368 ἀρχὴν,
2963 4293 3214 4348 τουτέστι
3239 4295 3332 4350 τὸν
3362 4293 3596 4366 σταυρὸν,
3626 4287 3718 4362 μεθ’

485 4393 744 4452 tanquam
790 4381 936 4436 illam
966 4381 1212 4439 humeris
1249 4389 1491 4453 gestans.
1551 4381 1670 4436 Hoc
1699 4380 1848 4436 enim
1882 4379 2045 4435 clariu

2185 4385 2383 4441 ἑαυτοῦ
2428 4381 2598 4458 εἶχεν,
2650 4387 2715 4441 οὗ
2771 4387 2933 4458 μόνον
2967 4388 3044 4452 ὡς
3093 4389 3154 4441 ὲν
3212 4387 3365 4460 αὐτῷ
3410 4384 3717 4452 καταπαγεὶςς

482 4488 768 4544 exponens
791 4472 954 4530 Isaias
977 4473 1117 4529 dixit
1149 4496 1161 4530 :
1190 4471 1362 4543 Cujus
1416 4471 1747 4542 principatu
1767 4489 1928 4544 super
1959 4473 2042 4526 Jw

2183 4479 2324 4534 ἀλλά
2373 4481 2468 4534 καὶ
2517 4481 2594 4545 ὡς
2642 4480 2736 4535 ἐπὶ
2787 4479 2899 4534 τῶν
2925 4478 3098 4550 ὤμων
3128 4478 3430 4551 βαστάσας.
3458 4476 3613 4531 Τοῦτο
3637 4473 3719 4542 γὰρ

487 4584 692 4622 merum
731 4567 865 4637 ejus.

2238 4573 2521 4643 ιφέστερον
2560 4573 2789 4637 Ἡσαΐας
2819 4572 3116 4644 ἐκθέμενος
3165 4571 3354 4642 ἔλεγεν
3375 4589 3390 4604 ο
3415 4565 3496 4627 Οὗ
3524 4570 3560 4638 ἠ
3595 4563 3718 4633 ἁρχὴ
3795 4606 3798 4614 ι

2168 4662 2275 4721 ἐπὶ
2301 4664 2412 4718 τοῦ
2439 4663 2604 4732 ὤμου
2625 4663 2835 4718 αὐτοῦ.

551 4735 715 4823 θείω,
750 4767 805 4824 5.
844 4784 864 4819 ι
894 4766 1210 4822 Dominusa
1235 4763 1448 4820 dextris
1483 4765 1613 4820 tuis.
1651 4782 1670 4816 ι
1705 4786 1734 4819 ο
1939 4771 1944 4776 “

1483 4765 1613 4820 tuis.
1651 4782 1670 4816 ι
1705 4786 1734 4819 ο
1939 4771 1944 4776 “
2253 4775 2272 4808 ι
2303 4754 2509 4827 Κύριος
2537 4757 2602 4809 έκ
2627 4754 2820 4822 δεξιῶν
2857 4771 2978 4811 σου.
3011 4773 3028 4805 ι

556 4856 724 4914 Vides
744 4856 878 4912 illud
917 4855 1052 4911 Sede
1084 4874 1118 4910 a
1147 4857 1347 4910 dextris
1397 4857 1526 4910 meis
1569 4871 1682 4910 non
1721 4857 1902 4912 locum
1969 4857 2074 4912 ali~

2261 4848 2427 4920 Ὁρᾷς
2474 4849 2559 4901 ὅτι
2610 4848 2692 4915 τὸ,
2736 4847 2937 4903 Κάθου
2981 4847 3052 4902 ἐκ
3101 4847 3321 4913 δεξιῶν
3343 4864 3481 4918 μου,
3507 4843 3564 4899 οὗ
3588 4841 3717 4896 τόπου

475 4964 647 5021 quem
663 4949 1063 5012 demonstrare,
1094 4945 1191 5001 sed
1212 4943 1333 5000 Filii
1358 4961 1482 5000 cum
1511 4945 1674 5002 Patre
1711 4948 2035 5016 unitatem,i

2183 4943 2329 5006 τινός
2357 4941 2474 4994 ἐστι
2503 4940 2821 5012 δηλωτικὸν,
2853 4940 2990 4994 ἀλλά
3016 4942 3115 5012 τῆς
3140 4940 3279 5012 πρὸς
3303 4942 3396 4994 τὸν
3426 4936 3626 5006 Πατέρα
3646 4930 3718 4987 τοῦ

483 5041 789 5100 secundum
812 5040 998 5095 omnia
1051 5039 1439 5110 aequalitatem.
1503 5040 1564 5095 Si
1618 5041 1767 5095 enim
1818 5041 1990 5096 Filius

2190 5034 2322 5088 Υίοῦ
2361 5033 2630 5099 ένώσεωε,
2669 5036 2767 5090 καὶ
2812 5035 2956 5089 κατὰ
2987 5034 3169 5090 πάντα
3212 5031 3554 5106 ίσότητος.Εί
3580 5025 3720 5099 γὰρό

484 5133 692 5191 dextris
729 5130 939 5197 sedeat,
970 5130 1245 5200 quomodo
1276 5145 1469 5186 rursus
1523 5129 1686 5185 Pater
1716 5131 1919 5186 dicitur
1952 5147 2044 5188 ess

2184 5125 2312 5190 Υἱὸς
2339 5126 2404 5179 ὲκ
2423 5125 2612 5192 δεξιῶν
2640 5127 2955 5192 καθέζεται,
2992 5126 3112 5191 πῶς
3136 5127 3303 5182 αὐτοῦ
3333 5125 3490 5180 πάλιν
3515 5124 3541 5176 6
3565 5115 3717 5187 Πατὴρ

484 5243 514 5281 a
538 5224 747 5281 dextris
775 5221 990 5293 ipsius?
1019 5219 1118 5276 Hie
1144 5221 1200 5275 in
1231 5221 1322 5277 die
1348 5221 1443 5276 irae
1462 5237 1577 5276 suae
1600 5219 1914 5293 confringet
1982 5238 2042 5278 re

2181 5211 2323 5270 εἶναι
2371 5217 2438 5270 ὲκ
2475 5216 2585 5272 τῶν
2637 5217 2829 5285 δεξιῶν
2879 5217 3133 5287 λέγεται;
3181 5219 3278 5282 ⁸·ος
3305 5219 3363 5271 έν
3390 5213 3563 5287 ἡμέρᾳ
3581 5205 3720 5280 ὀργῆς

485 5333 581 5391 ges
605 5327 785 5380 terrae,
838 5322 894 5369 et
924 5313 1203 5385 principes
1251 5313 1343 5385 qui
1381 5321 1765 5368 convenerunt
1807 5313 1860 5366 in
1901 5329 2045 5368 unum

2183 5309 2350 5362 αὐτοῦ
2391 5309 2685 5366 συνθλάσει
2725 5311 2966 5382 βασιλεῖς
2995 5310 3094 5382 τῆς
3128 5311 3254 5383 γῆς,
3288 5313 3379 5365 καὶ
3407 5309 3524 5372 τοὺς
3556 5303 3720 5391 ἀρκθνῗ

485 5388 751 5466 adversus
781 5407 1075 5464 Dominum
1106 5417 1162 5463 et
1205 5407 1472 5463 adversus
1519 5404 1798 5460 Christum
1845 5405 1969 5475 ejus
2003 5405 2045 5438 ιδ

2185 5417 2286 5466 τας
2309 5402 2359 5455 οἳ
2389 5403 2738 5474 συνήχθησαν
2771 5404 2866 5456 ἐπὶ
2893 5405 2955 5456 τὸ
2991 5404 3124 5457 αὐτὸ
3151 5407 3296 5458 κατὰ
3321 5401 3412 5457 τοῦ
3436 5397 3620 5472 Κυρίου
3645 5388 3719 5446 καὶ

490 5503 755 5560 Herodem
817 5508 873 5555 et
901 5500 1158 5564 Pilatum,
1188 5501 1405 5554 Annam
1441 5506 1496 5552 et
1527 5495 1850 5568 Caiapham,
1881 5507 1937 5554 et
1983 5513 2050 5555 eo

2182 5495 2328 5549 κατὰ
2371 5495 2466 5548 τοῦ
2525 5496 2769 5568 Χριστοῦ
2820 5497 3024 5552 αὐτοῦ’
3079 5495 3328 5570 Ἡρώδην
3372 5494 3463 5549 καὶ
3505 5487 3715 5546 Πιλάτονο

490 5597 582 5666 qui
606 5612 732 5652 eum
773 5595 906 5661 ipsis
941 5602 1099 5651 erant
1127 5593 1304 5662 Reges
1338 5588 1649 5660 appellans.

2185 5589 2386 5642 Ἄνναν
2430 5589 2524 5643 καὶ
2555 5588 2836 5659 Καϊάφαν,
2868 5591 2966 5645 καὶ
3011 5591 3140 5655 τοὺς
3172 5591 3270 5645 σὺν
3304 5587 3479 5652 αὑταῖς
3513 5574 3716 5655 βασιλεῖς

2183 5681 2380 5748 λέγων.

573 5850 615 5881 ¹¹
652 5849 792 5905 Phil.
827 5863 889 5916 tl,
923 5848 978 5903 6.
1059 5848 1101 5881 “
1124 5846 1268 5902 Psal.
1293 5861 1353 5912 ιι,
1387 5844 1438 5900 9.
1517 5845 1562 5875 ¹⁵
1589 5844 1733 5900 Psal.
1762 5859 1823 5912 ιι,
1854 5846 1909 5900 2.
