3950 6414
446 395 577 459 ι3Ξ³Ἱ

516 525 534 557 ι
564 505 831 559 Sanctum
865 511 920 558 et
941 503 1186 559 terribile
1230 519 1434 559 nomen
1475 504 1617 575 ejus.
1651 523 1670 556 ι

509 600 778 654 Sanctum
805 597 1205 667 quidem,q'uia
1255 606 1457 651 unctus
1522 597 1860 652 nominatur.
1911 595 2021 652 Ista

434 698 620 745 autem
656 689 868 745 Domini
902 690 1091 744 unctio
1114 699 1199 745 est
1227 688 1411 745 omnis
1450 690 1831 745 sanctimoniae
1887 706 2022 746 con-

434 779 751 847 summatio,
790 781 859 837 de
879 796 989 851 quo
1008 779 1252 835 Joannes
1277 780 1354 835 ait
1388 796 1401 833 :
1459 779 1529 834 Et
1577 798 1666 836 vos
1720 783 2020 836 unctionem

372 861 390 878 ⁸
433 873 639 926 habetis
681 890 713 927 a
772 882 956 926 sancto
984 873 1049 925 ".
1111 871 1378 928 Terribile
1418 881 1625 937 autem,
1670 873 1801 943 quia
1855 875 2021 928 etiam

432 965 608 1019 Judex
629 966 849 1031 dicitur,
875 965 953 1020 ait
974 965 1121 1020 enim
1156 984 1170 1019 :
1229 966 1394 1020 Pater
1456 983 1559 1020 non
1596 968 1809 1035 judicat
1840 984 2021 1038 quem-

412 1056 740 1125 ⁵ιιιιαυιμιεά
773 1072 922 1110 omne
945 1056 1204 1124 iudicium
1238 1058 1385 1112 dedit
1412 1058 1551 1112 Filio
1583 1058 1647 1112 ‘9.

984 1148 1308 1205 PSALMUS
1345 1148 1485 1207 CXI.

494 1240 680 1296 Etiam
719 1242 813 1297 hic
858 1242 1104 1312 psalmus
1145 1243 1452 1301 secundum
1498 1242 1856 1312 alphabetum
1904 1243 2019 1297 ele-

403 1344 679 1389 .meutare
720 1336 1067 1406 conscriptus
1114 1345 1223 1391 est.
1271 1336 1380 1390 Sed
1434 1336 1751 1405 praecedens
1798 1336 2019 1407 quidem

431 1425 750 1496 doxologize,
806 1426 895 1480 hic
946 1442 1080 1481 vero
1109 1427 1313 1496 politian
1353 1428 1837 1483 elementationem
1882 1443 2020 1482 con-

433 1517 601 1584 tinet;
647 1517 727 1572 sic
768 1525 830 1571 ut
883 1516 1449 1574 Hebraianeeessario
1499 1521 1718 1589 utrique
1747 1520 2019 1575 elementa

430 1610 987 1666 aceommodaverint.

503 1700 666 1756 Vens.
710 1701 762 1756 Ι.
797 1719 816 1753 ι
864 1701 1065 1759 Beatus
1091 1705 1174 1759 vir
1201 1704 1294 1775 qui
1322 1704 1479 1760 timet
1503 1703 1870 1765 Dominum,»

499 1789 636 1856 Quia
665 1792 760 1862 qui
804 1793 976 1848 Deum
1018 1794 1173 1849 timet
1216 1810 1437 1850 omnem
1479 1804 1704 1850 exercet
1746 1796 2017 1851 malorum

1636 395 2001 455 HESYCHII
2053 394 2441 455 PRESBYTE
2451 396 2530 455 ΠΙ

2060 512 2102 566 Α
2211 520 2231 556 ι
2266 503 2459 572 ’Ἃγιον
2500 504 2595 558 καὶ
2624 484 2855 574 φοᾶῑρὺν
2887 502 2948 555 τὸ
2971 500 3143 573 ὄνομα
3168 500 3353 555 αὐτοῦ.
3394 520 3413 552 ι

3592 390 3729 458 12⁸28

2199 597 2394 667 ’Δγιον
2442 599 2562 669 μὲν,
2614 599 2697 651 ὅτι
2747 596 2982 668 Χριστὸς
3027 594 3378 666 ὀνομάζεται.
3411 595 3490 649 Τὸ
3531 595 3589 648 δὲ
3627 595 3722 649 τοῦ

2124 689 2334 761 κυρίου
2363 689 2597 762 χρίσμα,
2625 692 2810 761 πάσης
2868 690 3019 743 ἐστὶν
3064 688 3381 760 ἁγιωσύνης
3413 689 3722 761 πλήρωμα.

2123 783 2263 853 Περὶ
2297 776 2359 836 οὗ
2393 798 2566 855 φησιν
2617 783 2879 854 Ἰωάννης
2906 798 2921 813 θ
2952 781 3063 838 Καὶ
3092 780 3267 849 ὑμεῖς
3288 782 3524 850 χρίσμα
3552 781 3732 850 ἔχετε

2121 868 2241 923 ἀπὸ
2264 869 2372 925 τοῦ
2397 871 2597 940 ἁγίου.
2629 870 2874 943 «νοσερὸν
2901 870 2987 934 δὲ,
3017 871 3101 924 ὅτι
3132 871 3226 925 καὶ
3257 870 3456 942 κριτὴς
3476 872 3727 938 λέγεται.

2120 960 2260 1029 Φησὶ
2281 961 2389 1031 γάρ
2410 976 2423 991 ⁸
2458 961 2513 1014 Ὀ
2534 961 2738 1030 Πατὴρ
2760 960 2987 1016 οὐδένα
3006 962 3196 1032 κρίνει
3216 979 3229 994 ·
3250 962 3422 1016 ἀλλά
3451 960 3576 1030 τὴν
3600 962 3703 1030 κρῖ
3714 990 3733 1002 -

2120 1068 2229 1106 σιν
2248 1052 2457 1110 πᾶσαν
2476 1053 2701 1108 δέδωκε
2722 1054 2805 1120 τῷ
2842 1052 2973 1118 Υἰῷ.

2653 1146 2952 1199 ΨΔΛΜΟΣ
3021 1145 3136 1198 PIA
3158 1184 3174 1199 .

2194 1238 2305 1293 Καὶ
2340 1230 2498 1303 οὗτος
2555 1241 2587 1293 6
2631 1239 2850 1309 ψαλμὸς
2882 1237 3026 1292 κατὰ
3070 1239 3341 1308 στοιχεῖον
3377 1237 3726 1308 γέγραπται.

2134 1327 2277 1382 Ἀλλ’
2301 1330 2331 1381 6
2383 1329 2484 1400 μὲν
2538 1329 2774 1398 φθάσας,
2826 1328 3142 1397 δοξολογίας
3188 1328 3303 1398 ἔχει
3352 1328 3726 1398 στοιχείωσιν,

2121 1420 2398 1484 πολιτείας
2446 1421 2504 1475 δὲ
2533 1415 2719 1485 οὗτος*
2774 1421 2965 1490 ὥσπερ
3004 1437 3063 1476 τε
3089 1420 3411 1490 ἀναγκαίως
3466 1420 3727 1491 ἑκατέρῳ

2122 1514 2312 1579 παῖδες
2350 1514 2620 1585 Ἐϐραίων
2649 1516 2717 1569 τὰ
2752 1518 2996 1586 στοιχεῖα
3026 1516 3366 1588 ὲνήρμοσαν.

2198 1709 2218 1743 ι
2254 1690 2546 1763 Μακάριος
2569 1690 2711 1763 ἀνὴρ
2737 1693 2767 1746 6
2788 1691 3126 1763 ιροὸούμενος
3155 1692 3247 1746 τὸν
3270 1689 3507 1762 Κύριον.
3539 1707 3563 1742 r

2153 1838 2166 1850 ,
2207 1783 2430 1855 Ἐπειδὴ
2477 1783 2568 1839 τὸν
2591 1784 2726 1841 Θεδν
2747 1786 2778 1838 6
2825 1783 3163 1855 φοϐούμενος
3193 1786 3376 1839 πᾶσαν
3417 1784 3594 1838 ἀσκεῖ
3626 1801 3723 1837 κα-

424 1884 838 1953 abstinentiam,
877 1901 991 1941 non
1019 1886 1309 1957 subjicitur
1338 1902 1688 1951 mammonae,
1719 1888 2015 1944 amicitiam

2145 1875 2239 1929 ιῶν
2260 1876 2497 1947 ἁποχὴν,
2539 1877 2644 1948 οὐχ
2702 1877 3063 1933 ὑποταττεται
3088 1875 3165 1948 τῷ
3197 1876 3506 1947 μαμμωνᾷ,
3536 1874 3723 1942 φιλίαν

428 1992 554 2031 cum
610 1977 816 2032 mundo
866 1977 1095 2033 minime
1141 1978 1513 2050 amplectitur,
1565 1979 1812 2049 judicem
1859 1980 2020 2049 quasi

2124 1967 2263 2038 πρὸς
2306 1968 2399 2025 τὸν
2447 1968 2653 2039 κόσμον
2686 1970 2786 2023 οὐκ
2814 1969 3147 2034 ἀσπάζεται,
3203 1968 3281 2032 ὡς
3331 1968 3591 2038 παρόντα
3632 1967 3721 2021 τὸν

429 2068 530 2122 sibi
565 2078 890 2139 praesentem
922 2069 1112 2125 habet.
1144 2070 1222 2125 Ac
1266 2071 1464 2126 merito
1508 2071 1709 2127 beatus
1740 2072 2015 2127 invenitur

2145 2062 2320 2133 ιριτὴν
2350 2060 2488 2133 ἔχει.
2521 2064 2633 2116 Καὶ
2671 2063 2943 2134 μακάριος
2991 2062 3218 2126 εἰκότως
3264 2060 3388 2115 ὅλον
3428 2059 3609 2115 αὐτοῦ
3635 2062 3721 2115 τὸν

424 2162 518 2229 qui
554 2162 664 2216 Deo
682 2160 1027 2233 gubernante
1053 2171 1223 2217 totam
1246 2162 1415 2219 vitam
1448 2176 1606 2218 suam
1630 2162 1838 2233 dirigit.

504 2250 664 2306 Vens.
695 2251 750 2305 2.
774 2270 792 2303 ι
835 2252 1037 2307 Potens
1067 2251 1121 2305 in
1151 2260 1296 2306 terra
1325 2251 1430 2306 erit
1460 2266 1650 2306 semen
1679 2253 1821 2323 ejus.
1855 2270 1876 2306 ι

503 2343 704 2397 Semen
742 2343 1020 2414 justorum
1061 2352 1193 2399 sunt
1240 2344 1296 2399 hi
1332 2344 1429 2415 qui
1470 2343 1791 2415 disciplinas
1822 2360 2018 2400 eorum

425 2434 755 2506 suscipiunt,
784 2435 901 2493 sive
931 2435 1235 2493 secundum
1260 2451 1484 2493 carnem
1507 2436 1716 2508 proprii
1741 2436 1872 2504 sint,
1899 2437 2018 2493 sive

424 2527 616 2584 alieni.

498 2620 657 2677 Vsus.
699 2623 753 2677 4.
789 2642 807 2675 ι
845 2624 1107 2679 Exortum
1142 2633 1229 2678 est
1258 2624 1313 2678 in
1345 2624 1585 2681 tenebris
1614 2625 1825 2682 lumen.
1846 2646 1867 2680 ι

496 2713 577 2768 Ad
600 2714 731 2789 quid
761 2723 947 2770 autem
962 2715 1116 2769 rectis
1132 2714 1157 2768 ?
1171 2714 1311 2781 Quia
1326 2716 1418 2786 qui
1438 2716 1578 2772 male
1592 2727 1761 2789 agunt
1781 2718 2016 2774 oderunt

424 2807 625 2872 lucem,
654 2820 722 2867 eo
744 2806 888 2877 quod
919 2806 989 2861 ab
1019 2796 1117 2861 illa,
1144 2816 1444 2878 arguantur
1471 2806 1542 2875 ὀ,
1576 2824 1678 2864 nec
1726 2809 1800 2863 illi
1824 2810 2015 2865 oculos

424 2908 557 2948 suos
591 2903 853 2964 praestare
886 2893 1079 2948 velint.
1968 2948 1972 2953 .

504 2988 669 3043 Vsus.
729 2985 782 3039 5.
833 3003 854 3036 ι
907 2983 1108 3039 Suavis
1138 2983 1222 3040 vir
1279 2984 1373 3055 qui
1433 2985 1726 3042 miseretur
1784 2996 1841 3042 et
1870 3002 2014 3043 eom-

424 3082 632 3139 modat.
672 3097 692 3130 ι

493 3173 615 3228 Non
643 3186 769 3227 eum
799 3167 891 3239 qui
924 3166 1247 3238 simpliciter
1273 3167 1603 3234 commodat,
1638 3168 1734 3224 sed
1766 3168 1819 3223 in
1847 3168 2010 3224 mise-

2123 2150 2240 2223 βίον
2272 2152 2368 2207 τοῦ
2390 2153 2524 2207 Θεοῦ
2548 2154 2881 2219 διοικοῦντος
2912 2154 3252 2226 εὑρίσκεται.

2199 2262 2221 2297 ι
2256 2245 2494 2299 Δυνατδν
2521 2247 2581 2299 ὲν
2613 2249 2679 2318 τῇ
2708 2249 2781 2317 γῇ
2818 2246 2969 2301 ἐσται
3000 2247 3061 2300 τὸ
3086 2246 3313 2319 σπέρμα
3334 2246 3534 2301 αὑτοῦ.
3568 2264 3589 2299 ι

2191 2336 2426 2407 Σπέρμα
2448 2337 2558 2390 τῶν
2588 2337 2816 2393 δικαίων
2834 2339 2887 2392 οἰ
2909 2339 3009 2402 τὰς
3041 2337 3223 2395 αὐτῶν
3246 2338 3557 2410 μαθητείας
3576 2341 3718 2410 λαμ·

2122 2427 2404 2495 ϐάνοντες,
2436 2430 2537 2483 κᾶν
2577 2431 2775 2485 οἰκεῖοί
2798 2448 2944 2496 τινες
2970 2424 3075 2487 ὦσι
3102 2432 3202 2503 τὴν
3233 2434 3438 2504 σάρκα,
3470 2433 3582 2488 κᾶν
3628 2433 3718 2490 ἀλ-

2119 2523 2347 2593 λότριοι.

2200 2637 2225 2671 ι
2278 2617 2648 2685 Ἑξανέτειλεν
2666 2619 2729 2671 ιν
2757 2617 2940 2675 σκότει
2968 2617 3105 2687 φῶς.
3134 2637 3154 2670 ι

2187 2708 2290 2763 Διὰ
2313 2710 2365 2762 τί
2396 2709 2453 2762 δὲ
2472 2712 2586 2775 τοῖς
2606 2710 2894 2773 εὐθέσιν;
2920 2710 3111 2782 ἐπειδὴ
3134 2713 3190 2765 οἰ
3216 2712 3286 2767 τὰ
3317 2712 3505 2784 φαῦλα
3535 2715 3713 2786 πράτ-

2116 2819 2305 2866 τοντες
2346 2800 2571 2874 μισοῦσι
2605 2801 2669 2855 τὸ
2709 2801 2847 2870 φῶς,
2877 2801 2955 2865 ὡς
2985 2802 3079 2855 ὑπ’
3119 2803 3290 2858 αὐτοῦ
3331 2804 3705 2877 ἐλεγχόμενοι,

2116 2896 2211 2947 καὶ
2250 2892 2518 2966 παρέχειν
2544 2894 2697 2964 αύτῴ
2729 2894 2858 2957 τοὺς
2880 2894 3198 2966 ὀφθαλμοὺς
3231 2898 3296 2951 οὐ
3323 2898 3633 2970 βούλονται.

2192 3006 2211 3037 ι
2251 2986 2503 3057 Χρηστὸς
2530 2987 2673 3058 ἀνὴρ
2698 2989 2725 3040 ὁ
2756 2986 3042 3058 οἰκτείρων
3069 2989 3166 3044 καὶ
3190 2989 3423 3062 κιχρῶν.
3466 3010 3489 3045 ι

2185 3168 2259 3221 Οὐ
2280 3168 2373 3223 τὸν
2394 3169 2583 3235 ἁπλῶς
2624 3170 2926 3243 κιχρῶντα,
2947 3170 3064 3225 ἀλλ’
3087 3174 3146 3226 ὲν
3177 3171 3258 3244 τῷ
3277 3173 3450 3246 οἴκτῳ
3470 3178 3703 3247 χρηστὸν

418 3263 596 3320 vendo
624 3260 922 3333 benignum
952 3260 1150 3315 merito
1184 3256 1461 3331 Propheta
1498 3260 1773 3331 exposuit.
1815 3259 2004 3332 Siqui-

2146 3260 2341 3325 ἱκότως
2383 3264 2414 3316 6
2463 3264 2761 3335 Προφήτης
2815 3262 3050 3329 ἐξέθετο.
3111 3265 3171 3319 Ὁ
3219 3266 3320 3336 μὶν
3360 3268 3476 3341 γὰρ
3528 3269 3698 3325 ἐλπίδι

421 3355 547 3408 dem
600 3350 690 3405 ille
734 3350 871 3405 lucri
911 3363 1025 3419 spe,
1070 3349 1162 3403 hic
1186 3365 1320 3404 vero
1357 3349 1478 3420 lege
1514 3349 2011 3406 eommiserationis

2152 3354 2363 3425 έρδους,
2392 3358 2422 3411 6
2450 3356 2509 3413 δὲ
2540 3356 2691 3427 νόμῳ
2717 3356 3066 3428 συμπαθείας
3096 3361 3267 3431 κιχρᾷ
3286 3361 3381 3414 καί
3406 3362 3701 3433 μεταδίδω-

420 3448 734 3500 connnodat
783 3440 1103 3511 tribuitque.
1152 3439 1451 3511 PerSpieue
1506 3442 1672 3515 igitur
1730 3442 1836 3499 hoc
1892 3443 2011 3499 loco

2150 3467 2189 3502 ι.
2222 3449 2418 3519 Σαφῶς
2468 3451 2652 3504 τοίνυν
2689 3450 2927 3507 ἐνταῦθα
2957 3453 3273 3523 ὑπογράφει
3298 3454 3391 3510 τὸν
3424 3458 3698 3526 φιλόπτω-

418 3532 686 3590 describit
724 3549 1029 3605 pauperum
1088 3544 1411 3591 amatorem.
1462 3534 1561 3590 llic
1624 3534 1735 3591 Deo
1801 3536 2011 3592 fenera-

2146 3559 2225 3595 ον.
2261 3537 2429 3606 Οὗτος
2472 3542 2708 3607 δανείζει
2750 3541 2912 3614 Θεῷ,
2949 3544 3244 3617 οἰκτείρων
3294 3547 3389 3601 τὸν
3432 3551 3654 3620 πτωχόν
3683 3565 3696 3579 ”

424 3632 535 3693 tur,
592 3627 721 3682 dum
766 3627 1029 3697 pauperis
1088 3627 1382 3682 miseretur
1422 3628 1504 3694 ";
1540 3628 1615 3683 uti
1660 3625 1917 3684 Salomon
1955 3628 2007 3682 in

2145 3653 2184 3699 ις
2212 3634 2466 3707 Σολομῶν
2495 3636 2554 3690 ἐν
2588 3636 2924 3707 Παροιμίαις
2956 3636 3125 3707 λέγει.

419 3716 737 3775 Proverbiis
777 3718 873 3775 ait.

493 3809 664 3867 Vens.
699 3813 751 3865 7.
800 3831 819 3863 ι
859 3808 923 3866 ln
955 3810 1220 3867 memoria
1254 3821 1459 3868 aeterna
1488 3811 1614 3869 erit.
1664 3833 1682 3867 ι

2191 3836 2209 3867 ι
2240 3817 2332 3883 Εἰς
2361 3816 2710 3888 μνημόσυνον
2740 3817 2960 3873 αἰώνιον
2987 3819 3163 3877 ἔσται.
3199 3841 3222 3876 ι

487 3904 626 3960 Cum
662 3904 915 3973 divitum,
972 3905 1055 3959 vel
1090 3922 1301 3978 regum,
1342 3907 1429 3962 vel
1484 3908 1646 3963 aliam
1693 3908 2005 3979 quampiam

2193 3910 2412 3981 Ἐπειδὴ
2454 3911 2566 3964 τῶν
2607 3911 2850 3966 ἐνταῦθα
2879 3912 3347 3990 πλουτούντων,ἢ
3382 3918 3701 3989 βασιλευόν-

419 3993 475 4048 in
536 3992 643 4047 hac
690 3994 802 4049 vita
849 3993 1172 4064 dignitatem
1227 3995 1551 4051 habentium
1600 3998 1881 4051 memoria:
1920 3996 2008 4051 hic

2145 4019 2238 4067 ων,
2284 4000 2317 4072 ἢ
2349 4002 2440 4057 καὶ
2463 4002 2635 4074 ἄλλην
2669 4006 3039 4076 κτησαμένων
3065 4007 3161 4061 τοῦ
3189 4007 3307 4079 βίου
3340 4013 3702 4082 περιφάνειαν

414 4084 526 4137 siut
553 4083 935 4153 temporariae.
976 4083 1278 4139 declaravit
1305 4099 1415 4139 non
1456 4085 1529 4139 ita
1571 4100 1694 4139 esse
1730 4084 2005 4157 justorum

2145 4092 2437 4166 ςρόσκαιροί
2486 4111 2631 4159 τινες
2664 4098 2721 4150 αἰ
2773 4100 2955 4168 μνεῐαι
2988 4099 3356 4170 τυγχάνουσιν
3386 4118 3402 4133 ⁶
3432 4104 3702 4177 ιδήλωσεν

399 4174 731 4258 _rne.morias,
761 4174 857 4230 sed
890 4172 993 4230 has
1026 4185 1261 4233 aeternas
1292 4176 1576 4232 exsistere.

2145 4203 2190 4239 τι
2219 4185 2329 4241 τῶν
2357 4186 2585 4242 δικαίων
2611 4189 2713 4259 οὐχ
2763 4190 2959 4256 οὕτως,
2988 4192 3104 4246 ἀλλ’
3142 4191 3376 4251 αἰώνιοι.

491 4284 509 4318 ι
556 4265 640 4322 Ab
668 4266 954 4323 auditione
977 4267 1121 4323 mala
1152 4284 1261 4323 non
1299 4268 1536 4326 timebit.
1582 4287 1601 4320 ι

2183 4297 2202 4332 ι
2252 4279 2387 4334 Ἀπὸ
2417 4280 2591 4352 ἀκοῆς
2618 4284 2863 4355 πονηρᾶς
2893 4284 2954 4338 ού
2989 4282 3386 4357 φοὸηθήσεται.
3434 4305 3455 4341 ι

486 4357 615 4413 Sive
637 4356 705 4413 de
737 4364 915 4414 morte
938 4358 1166 4425 dixeris,
1198 4360 1316 4415 sive
1351 4370 1706 4431 cognatorum
1743 4374 1834 4420 aut
1863 4365 2003 4422 libe-

2178 4371 2304 4426 Εἴτε
2323 4375 2451 4447 περὶ
2481 4373 2714 4430 θανάτου
2742 4375 2920 4445 λέγοις
2950 4418 2967 4442 ,
2989 4376 3103 4430 etes
3125 4356 3410 4447 συγγενῶν
3433 4380 3468 4452 ἢ
3490 4381 3698 4438 τέκνων

414 4464 603 4506 rerum
644 4449 977 4521 perditione,
1025 4449 1142 4506 sive
1186 4451 1510 4508 facultatum
1548 4454 1786 4526 jactura,
1838 4459 2000 4527 nihil,

2146 4466 2315 4538 πολῆς
2344 4506 2360 4533 ,
2410 4468 2521 4521 εἴτε
2575 4469 2876 4540 χρημάτων
2914 4470 3249 4535 ἐκπτώσεως
3272 4511 3289 4537 ,
3324 4449 3502 4540 οὐδὲν,
3542 4477 3696 4547 φησι,

413 4544 614 4613 inquit,
648 4544 846 4598 horum
872 4543 1246 4613 pertimescet.
1279 4543 1598 4603 Testabitur
1626 4550 1729 4606 hoc
1753 4551 1877 4620 Job,
1908 4553 2001 4623 qui

2145 4558 2215 4611 ὧν
2259 4559 2571 4632 εἰρημένων
2618 4560 3013 4632 φοϐηθήσεται.
3044 4565 3411 4638 Μαρτυρήσει
3440 4568 3500 4623 δὲ
3540 4543 3696 4638 ἰῶ,

412 4638 467 4690 in
495 4635 753 4691 omnibus
773 4635 990 4690 dicebat
1022 4654 1036 4689 :
1072 4634 1265 4695 Nudus
1305 4654 1543 4710 egressu:
1581 4658 1700 4697 sum
1743 4645 1808 4698 de
1850 4654 2002 4700 utero

2145 4653 2202 4706 πὶ
2253 4653 2459 4719 πάσαις
2517 4654 2711 4710 εἰπών·
2743 4656 2991 4725 Γυμνὸς
3053 4634 3325 4726 ἐξῆλθὸνὲ
3365 4662 3435 4716 ἐκ
3467 4634 3699 4731 maiae

409 4728 601 4781 matris
632 4743 782 4793 mete,
805 4736 853 4781 et
876 4732 1047 4782 nudus
1079 4740 1314 4785 revertar
1346 4731 1474 4787 illuc
1504 4736 1572 4799 “,
1604 4746 1709 4791 etc.

2149 4744 2331 4813 ητρός
2369 4761 2491 4817 μου
2516 4785 2533 4812 ,
2563 4748 2793 4818 γυμνὸς
2843 4748 2944 4803 καί
2984 4749 3402 4821 ἀπελεύσαιιαι
3421 4795 3438 4820 ,
3493 4756 3592 4809 καὶ
3633 4728 3700 4812 τά

2103 4832 2251 4903 ἑξῆς·

479 4906 642 4962 Vens.
684 4908 737 4963 9.
784 4926 803 4959 ι
851 4908 1133 4981 Dispersit,
1166 4911 1316 4967 dedit
1355 4916 1712 4986 pauperibus.
1744 4937 1764 4971 ι

2184 4943 2204 4977 ι
2254 4925 2636 4999 Ἐσκόρπισεν,
2661 4929 2831 4986 ἔδωκε
2857 4934 2974 4996 τοῖς
2998 4933 3251 5005 πένησιν.
3280 4955 3300 4989 ι

478 5000 761 5072 Pauperes
784 5002 891 5058 hoc
922 5003 1044 5059 loco
1074 5005 1240 5060 etiam
1274 5006 1548 5079 intelliges
1575 5024 1673 5065 eos
1701 5010 1796 5080 qui
1828 5010 2001 5065 divini

2178 5016 2426 5088 Πένητας
2463 5019 2749 5074 κάνταῦθα
2787 5023 2917 5087 τοὺς
2942 5000 3146 5090 ἐνδεεῖς
3176 5028 3394 5100 νοήσεις
3425 5028 3524 5083 τοῦ
3553 5029 3698 5086 θείου

414 5092 574 5149 Verbi
619 5096 850 5165 penuria
903 5097 1188 5163 laborant,
1245 5098 1459 5155 scilicet
1515 5111 1747 5173 gentes,
1802 5103 2003 5173 quibus

2147 5108 2299 5178 όγου,
2321 5110 2392 5165 τὰ
2437 5109 2566 5182 ἔθνη
2606 5111 2874 5183 δηλονότι,
2897 5108 2982 5180 οἷς
3024 5118 3073 5171 οἰ
3102 5092 3398 5176 ἀπόστολοι
3432 5126 3700 5197 γεωργῶν

406 5186 637 5256 apostoli
665 5188 1033 5259 agricolarum
1081 5190 1255 5246 instar
1279 5190 1527 5262 spiritale
1563 5194 1792 5249 verbum
1820 5195 1999 5251 disse-

2145 5201 2257 5273 ἷκην
2284 5201 2376 5257 τὸν
2401 5204 2593 5276 νοητὸν
2625 5207 2999 5280 κατέσπειραν
3027 5210 3210 5279 λόγον.
3247 5214 3417 5270 Οὐδὲν
3441 5186 3568 5291 γὰρ.
3586 5186 3698 5274 κω·

408 5279 709 5334 minarunt.
732 5279 884 5335 Nihil
914 5282 1061 5337 enim
1096 5281 1354 5353 prohibet
1399 5283 1505 5339 hoc
1530 5284 1698 5341 etiam
1733 5285 1999 5344 historice

2145 5294 2214 5346 ὅει
2245 5292 2339 5347 καὶ
2372 5294 2665 5368 ἰστορικῶς
2694 5298 2829 5353 αὐτὸ
2853 5298 3148 5365 δέξασθαι.
3172 5302 3380 5375 Σπόρον
3413 5279 3559 5362 εἶναι
3596 5311 3696 5381 τὴν

405 5372 675 5442 accipere.
706 5370 1125 5444 Eleemosynam
1158 5372 1401 5430 insinuat
1422 5390 1544 5431 esse
1570 5388 1910 5448 sementem;
1941 5390 1998 5437 et

2145 5386 2473 5459 ιεημοσύνην
2514 5389 2813 5444 αἰνίττεται
2839 5406 2856 5422 θ
2897 5393 2993 5446 καί
3034 5394 3123 5447 διὰ
3152 5370 3315 5450 τοῦτο
3344 5415 3482 5467 φησι
3525 5370 3695 5474 σκορ-

403 5461 606 5517 ideirco
639 5460 774 5517 dicit
792 5463 1224 5519 misericordiam
1255 5464 1517 5538 dispergi,
1546 5476 1607 5522 ut
1645 5470 1841 5526 messis
1879 5473 1996 5528 col-

2152 5477 2261 5531 ίσαι
2289 5478 2380 5534 τὸν
2400 5479 2572 5548 ἔλεον,
2604 5482 2693 5537 ἴνα
2720 5483 2821 5555 τὴν
2853 5486 3178 5557 συναγωγὴν
3209 5488 3307 5543 τοῦ
3337 5460 3537 5562 θέρους
3562 5460 3695 5551 ἀνα.

401 5553 697 5609 lectionem
726 5556 960 5610 sementi
1003 5556 1429 5628 respondentem
1459 5560 1812 5632 accipiamus.
1858 5564 1993 5621 Nam

2145 5570 2276 5637 ὗγως
2323 5571 2404 5642 τῷ
2454 5574 2644 5646 σπόρῳ
2673 5553 3098 5648 δεχώμεθαξὍ
3129 5553 3240 5653 γὰρ
3289 5553 3560 5654 owe-[pter
3598 5589 3689 5643 ἐπ’

382 5644 493 5712 .qui
528 5646 756 5701 seminat
783 5648 840 5701 in
880 5647 1346 5720 benedictionibus,
1380 5654 1444 5707 de
1475 5656 1918 5712 benedictionibus
1944 5670 1992 5712 et

2145 5663 2428 5733 ῐνλογίαις,
2481 5644 2577 5719 ex;
2616 5644 2931 5739 εὐλογίαις
2971 5671 3068 5726 καί
3101 5644 3347 5741 θερίσει.
3371 5644 3565 5746 ’ἀστις
3597 5682 3689 5736 καὶ

475 5845 519 5876 ⁸⁸
562 5848 581 5902 l
611 5844 772 5904 Joau.
803 5865 864 5913 ιι,
892 5850 985 5906 20.
1063 5855 1105 5887 ’³
1142 5854 1300 5909 Joan.
1340 5875 1392 5927 v,
1421 5860 1510 5914 22.
1589 5865 1633 5895 ¹⁰
1662 5862 1818 5919 Joan.
1844 5881 1925 5933 nt,
1963 5867 2015 5921 2t

2145 5871 2174 5901 "
2212 5870 2371 5925 Prov.
2406 5888 2515 5933 nx.
2555 5875 2640 5929 l7.
2718 5879 2762 5909 "
2792 5876 2897 5940 Job
2934 5896 2972 5945 ι.
3001 5881 3087 5936 2t.
