3950 6412
260 373 397 438 I329

1416 383 1883 444 FRAGMENTA
1918 384 1997 444 IN
2034 384 2392 444 PSALMOS.

3407 380 3545 447 1330

259 488 580 561 σκορπίζειν
624 489 849 555 εἰκότως
892 492 1137 562 λέγεται,
1179 493 1275 564 τῆς
1320 494 1501 560 δεξιᾶς
1542 495 1843 567 φιλοτίμως

1965 507 2101 550 nete!
2144 498 2210 552 “.
2256 496 2361 563 Qui
2392 496 2560 551 etiam
2602 494 2800 571 merito
2834 495 3033 551 dicitur
3055 494 3388 567 dispergere,
3415 513 3543 553 cum

257 578 599 650 προϊεμένης
641 579 737 634 τδν
790 579 960 636 ἔλεον.
1022 583 1206 655 Κέρας
1255 585 1365 637 τῶν
1417 585 1643 640 δικαίων
1684 587 1718 655 ἡ
1766 586 1846 659 εἰς

251 669 390 722 Θεὸν
422 670 752 742 πεποίθησις
772 689 785 701 ·
830 673 1003 747 ταύτῃ
1040 674 1152 745 γὰρ
1179 675 1436 739 ἐπιόντας
1464 677 1589 740 τοὺς
1617 676 1846 748 ἐχθροὺς

253 762 641 835 κερατίξομεν.
676 765 848 820 Τοῦτο
877 768 974 821 καὶ
1019 767 1113 821 νῦν
1141 770 1241 838 μέν
1267 768 1418 822 ἐστιν
1445 768 1671 839 ὑψηλὸν,
1708 768 1846 822 ἀλλά

249 856 386 919 τοὺς
425 856 657 921 πολλοὺς
683 857 931 930 λέληθεν.
951 860 1211 930 ’Υψοῦται
1233 862 1412 915 τοίνυν
1441 863 1501 916 ἐν
1526 861 1675 935 δόξῃ,
1700 863 1846 916 κατὰ

246 946 349 1003 τὸν
373 947 547 1002 αίῶνα
577 947 825 1019 δηλονότι
863 950 955 1004 τὸν
992 951 1259 1021 μέλλοντα
1299 952 1415 1018 πῶς
1435 953 1548 1025 ἔχει
1583 953 1848 1024 μεγέθους

253 1039 355 1092 καὶ
393 1038 554 1112 δόξης
583 1042 818 1116 φανεροῦ
827 1059 1011 1113 μενον.

342 1238 361 1269 ι
414 1218 763 1291 Ἀμαρτωλδς
796 1219 1008 1292 ὄψεται,
1035 1222 1134 1277 καὶ
1161 1224 1574 1297 ὁργισθήσεται.
1608 1246 1626 1279 ι

332 1310 536 1384 Βρύχει
587 1314 716 1378 τοὺς
767 1315 981 1381 ὀδόντας
1030 1318 1059 1370 6
1108 1317 1387 1380 διάϐολος·
1432 1319 1600 1374 αὐτοῦ
1639 1319 1751 1391 γὰρ
1789 1321 1851 1373 τὸ

257 1401 565 1473 βρύχεσθαι
603 1406 770 1474 ἴδιον,
812 1407 890 1472 ὡς
934 1409 1215 1480 ἀνημέρου
1255 1409 1466 1476 λέοντος
1497 1429 1509 1441 ·
1563 1410 1701 1467 ἀλλὰ
1757 1414 1852 1466 καὶ

250 1489 419 1560 οὗτος
459 1499 759 1567 τακήσεται
804 1499 886 1572 τῷ
914 1503 1052 1573 πυρὶ
1096 1502 1201 1571 τῆς
1241 1501 1491 1573 γεέννης,
1551 1496 1705 1575 ᾧπερ
1747 1504 1849 1558 ἀπ-

250 1585 550 1658 εκληρὼθη
584 1589 905 1659 τηκόμενος.
940 1592 1128 1646 Ἔνθα
1161 1594 1195 1646 ὁ
1228 1591 1503 1661 βρυγμὸς
1524 1592 1642 1648 τῶν
1673 1594 1846 1650 ὀδόν-

253 1695 403 1745 των,
437 1679 513 1744 ὡς
545 1682 574 1734 6
604 1683 809 1753 Κύριος
831 1682 1010 1752 ἔλεγε.

813 1799 1109 1856 ΨΑΛΜΟΣ
1155 1804 1311 1860 ΡΙΒ¹.

342 1926 362 1957 ι
385 1907 617 1979 Ὑψηλδς
639 1909 732 1963 ἐπὶ
760 1878 939 1967 πάντα
963 1913 1033 1967 τά
1056 1913 1206 1987 ἔθνη,
1235 1919 1264 1971 6
1287 1916 1512 1991 Κύριος.
1542 1938 1562 1971 ι

333 2084 455 2137 Κᾶν
482 2086 589 2158 γὰρ
621 2086 857 2143 ἐνταῦθα
885 2089 1202 2162 δοξάζηται,
1240 2095 1359 2149 ἀλλ’
1389 2095 1468 2159 είς
1511 2097 1602 2151 τδν
1622 2097 1851 2169 οὐρανὸν

258 2173 309 2241 ή,
330 2172 455 2237 δόξα
480 2175 664 2246 τρέχει
683 2216 698 2241 ,
733 2176 863 2231 ἔνθα
891 2179 955 2232 τὸ
986 2181 1405 2254 ἀχειροποίητον
1449 2186 1838 2258 θυσιαστήριον

260 2262 549 2335 κέκτηται,
580 2267 710 2322 ἔνθα
738 2270 1004 2340 διηνεκῶς
1037 2275 1203 2330 αὐτὸν
1241 2279 1296 2330 αί
1328 2279 1579 2348 στρατιαὶ
1608 2279 1717 2333 τῶν
1745 2283 1849 2347 ἀγ-

261 2352 444 2419 γέλων
471 2356 790 2422 δοξάζουσιν
816 2376 830 2390 ·
880 2352 957 2416 ὧν
977 2363 1059 2428 εἰς
1088 2366 1327 2438 μίμησιν
1350 2369 1514 2438 ἡμεῖς
1540 2368 1849 2439 δοξολογίαν

261 2445 575 2515 ἐμάθομεν.

336 2554 355 2586 ι
389 2535 488 2601 Τίς
513 2539 590 2604 ὡς
609 2540 815 2613 Κύριος
847 2547 876 2599 6
913 2546 1048 2612 Θεὸς
1078 2549 1274 2620 ήμῶν;
1306 2570 1326 2602 ι

346 2629 436 2681 Ἐν
472 2630 696 2702 ὑψηλοῖς
723 2635 751 2686 ὁ
772 2636 904 2701 Θεὸς
937 2644 1206 2705 κατοικεῖ,
1239 2643 1300 2695 οὐ
1333 2643 1496 2713 μόνον
1516 2645 1607 2699 διὰ
1638 2647 1728 2701 τὸν
1755 2650 1849 2702 οὐ-

262 2721 430 2789 ρανὸν
470 2721 547 2787 ὡς
575 2723 780 2797 ὑψηλὸν
809 2728 942 2785 ὄντα
965 2770 982 2794 ,
1012 2732 1109 2787 καὶ
1152 2734 1318 2789 αὐτοῦ
1350 2739 1666 2810 οἰκητήριον
1700 2741 1853 2812 λεγό-

266 2827 431 2900 μενον
458 2855 475 2879 ,
514 2813 633 2866 ἀλλ’
665 2818 857 2889 ἐπειδὴ
897 2823 1010 2885 τοῖς
1039 2822 1220 2891 ἁγίοις
1272 2824 1493 2879 ἐνοικεῖ.
1544 2826 1767 2900 Ὺψηλοὶ
1793 2831 1852 2885 δὲ

260 2895 432 2971 οὗτοι,
463 2904 550 2960 διὰ
572 2906 633 2960 τὺ
670 2909 836 2979 μηδὲν
868 2913 1056 2983 γήϊνον
1087 2915 1443 2985 μεταδιώκειν
1466 2895 1798 2989 τυγχάνουσι
1835 2939 1848 2953 ⁸

260 2994 394 3063 περὶ
420 2989 496 3050 ὧν
537 2996 764 3064 Ἡσαΐας
798 3002 963 3073 φησίν
988 3020 1001 3034 ·
1035 3004 1227 3075 Ἄγιος
1275 3008 1491 3077 Κύριος
1523 3012 1555 3064 ό
1590 3010 1661 3064 ἐν
1690 3014 1853 3081 63M-

258 3084 400 3152 ,τοῖς
429 3088 728 3143 κατοικῶν
762 3107 776 3120 ’
823 3093 1065 3164 ὑψηλοὺς
1091 3096 1219 3160 τοὺς
1252 3097 1442 3164 ἁγίους
1482 3099 1671 3155 είπών.

337 3196 358 3229 ι
411 3177 473 3232 '0
503 3181 837 3248 κατοικίζων
870 3186 1094 3258 στείραν
1124 3188 1183 3241 ὲν
1213 3188 1369 3261 οἴκῳ.
1411 3210 1430 3243 ι

336 3270 567 3340 Στείραν
605 3275 717 3328 εἴτε
758 3276 858 3347 τὴν
906 3276 1068 3347 φύσιν
1105 3280 1270 3350 ὃλην,
1301 3282 1413 3335 εἴτε
1453 3283 1553 3354 τήν
1584 3285 1644 3350 ὲξ
1685 3285 1857 3340 ἐθνῶν

274 3361 608 3432 Ἐκκλησίαν
636 3366 847 3436 λέγοις,
877 3370 963 3438 ἐφ’
983 3370 1251 3442 ἑκατέρας
1282 3374 1515 3445 ἁρμόσει
1535 3376 1597 3429 τὸ
1627 3376 1859 3448 λεγόμε-

260 3469 359 3505 νον
386 3470 399 3481 ·
427 3454 517 3508 διὰ
536 3456 657 3528 γὰρ
685 3458 786 3529 τήν
816 3461 1235 3534 είδωλολατρίαν
1256 3466 1602 3536 ὲστείρωντο.
1638 3468 1858 3540 Ταύτην

260 3543 451 3597 τοίνυν
496 3544 603 3611 ἔξω
634 3549 985 3620 ρεμὸομένην
1008 3554 1090 3616 είς
1118 3553 1208 3606 τὸν
1233 3549 1384 3608 οἶκον
1414 3555 1506 3609 τὸν
1536 3557 1732 3611 ἑαυτοῦ
1766 3560 1857 3612 τὸν

263 3635 433 3704 νόμον
448 3637 704 3710 ἐξήγαγε,
728 3643 821 3699 καὶ
850 3644 1062 3716 μητέρα
1083 3645 1290 3701 τέκνων
1306 3646 1415 3701 τῶν
1437 3649 1856 3721 υίοθετηθέντων

261 3725 346 3797 τῷ
377 3726 494 3799 Θεῷ
524 3732 957 3805 εὐφραινομένην
1015 3735 1234 3801 ἔδειξεψ
1266 3735 1333 3811 ἧς
1383 3739 1557 3805 οὕτως
1589 3745 1777 3813 σαφῶς
1796 3747 1856 3800 τὸ

262 3817 567 3884 πρόσωπον
591 3822 860 3887 ὁἩσαΐας
882 3824 1152 3896 ἐξήγαγεν
1167 3846 1178 3859 ·
1201 3830 1389 3898 Ἐρεῖς
1420 3832 1550 3904 γάρ,
1573 3836 1760 3904 φησὶν,
1787 3838 1857 3892 ἐν

264 3908 344 3977 τῇ
364 3911 576 3980 καρδίᾳ
606 3930 743 3970 σου·
781 3918 876 3983 Τίς
889 3917 1183 3987 ἐγέννησέ
1191 3939 1293 3989 μοι
1323 3924 1595 3991 τούτους
1614 3927 1755 3998 Ἐγὼ
1787 3929 1854 3983 δὲ

262 4000 542 4069 ἄτεκνος,
573 4005 671 4058 καὶ
700 4004 857 4076 χήρα
882 4008 1168 4077 πάροικος
1211 4012 1309 4067 καί
1359 4015 1851 4089 ἐγκεκλεισμένη.

262 4095 384 4149 Καὶ
440 4098 688 4165 τούτους
722 4101 815 4166 τίς
858 4101 1145 4173 ἐξέτρεψέ
1187 4124 1290 4175 μοι
1314 4122 1334 4171 ;
1385 4108 1533 4179 Ἐγὼ
1589 4109 1655 4164 δὲ
1717 4128 1855 4166 κατ-

254 4189 555 4258 ελείφθην
579 4194 757 4262 μόντν
788 4189 957 4251 οὗτοι
989 4196 1058 4250 δέ
1085 4215 1205 4267 μοι.
1226 4200 1345 4255 ποῦ
1374 4197 1572 4271 ἦσαν;

818 4308 916 4362 ΨΑ
926 4310 1114 4364 ΛΜΟΣ
1143 4314 1289 4368 PII".

351 4410 372 4441 ς
423 4392 488 4445 Ἡ
518 4392 797 4452 θάλλασσα
828 4394 966 4463 εἶδε,
1002 4403 1098 4454 καὶ
1126 4402 1346 4471 ἔφυγεν.
1390 4426 1410 4458 ι

1948 588 2069 658 ejus
2125 589 2351 644 dextera
2419 587 2723 642 liberaliter
2780 587 3210 643 misericordiam
3283 587 3540 660 porrigat.

1946 680 2133 734 Cornu
2178 681 2454 749 justorum
2492 690 2581 736 est
2633 680 2833 736 Iiducia
2882 680 2937 733 in
2996 678 3213 735 Deum:
3252 680 3354 735 hac
3391 682 3541 737 enim

1947 771 2295 842 insurgentes
2326 774 2516 828 hostes
2552 788 2728 828 cornu
2757 772 3115 831 vcntilamus.
3136 771 3289 827 .Illud
3316 773 3541 841 quidem

1948 863 2248 916 etiamnum
2295 863 2533 918 sublime
2580 870 2684 928 est,
2727 862 2823 918 sed
2866 861 3136 932 plurimos
3184 861 3338 916 latet.
3382 862 3544 917 Erat-

1951 960 2097 1007 tatur
2131 952 2297 1025 igitur
2346 954 2402 1008 in
2441 953 2635 1024 gloria,
2672 953 2894 1024 quando
2939 952 3201 1008 nimirum
3259 951 3316 1007 in
3355 951 3543 1007 futuro

1949 1044 2149 1100 saeculo
2171 1056 2390 1115 quanta:
2418 1044 2813 1117 magnitudinis
2838 1044 3137 1117 gloriaaque
3164 1043 3333 1098 fuerit
3365 1042 3542 1099 mani—

1951 1137 2261 1193 festabitur.

2022 1231 2188 1287 Vsus.
2242 1231 2330 1287 l0.
2359 1250 2378 1284 ι
2406 1231 2671 1288 Peccator
2694 1232 3004 1300 videbit,.ct
3024 1229 3311 1286 irascetur.
3342 1248 3371 1288 ,ι

2023 1318 2280 1375 Diabolus
2301 1320 2486 1377 fremit
2511 1322 2770 1378 dentibus
2805 1340 2820 1376 :
2862 1322 3033 1391 ipsius
3072 1321 3218 1375 enim
3256 1320 3539 1391 proprium

1951 1420 2036 1466 est
2065 1411 2323 1478 fremere,
2358 1420 2549 1482 utpote
2583 1413 2763 1468 leonis
2788 1413 3082 1467 truculenti
3110 1427 3125 1465 :
3157 1420 3537 1467 verumtamen

1952 1501 2074 1573 ipse
2124 1500 2289 1557 etiam
2344 1502 2702 1572 colliquescet
2751 1502 2877 1573 igne
2905 1502 3201 1573 gehennae;
3234 1501 3325 1555 cui
3365 1501 3542 1570 depu-

1954 1601 2100 1648 tatus
2129 1602 2212 1649 est
2246 1594 2553 1650 tabescens.
2590 1594 2686 1650 Ubi
2728 1595 2829 1648 erit
2857 1594 3055 1648 stridor
3089 1594 3326 1647 dentium
3372 1590 3441 1655 “,
3482 1600 3544 1646 ut

1955 1686 2219 1742 Dominus
2248 1687 2345 1743 ait.

2487 1799 2812 1856 PSALMUS
2847 1798 3010 1855 CXII.

2031 1915 2188 1971 Vsus.
2230 1916 2284 1970 4.
2345 1933 2363 1967 ι
2403 1915 2667 1970 Excelsus
2720 1928 2888 1986 super
2940 1927 3135 1969 omnes
3196 1919 3390 1984 gentes
3438 1911 3545 1966 Do-

1957 2008 2159 2064 minus.
2202 2027 2219 2059 ι

2026 2098 2140 2153 Etsi
2180 2098 2327 2153 enim
2376 2098 2467 2154 hic
2517 2097 2879 2170 gloriﬁcetur,
2930 2105 3174 2153 attamen
3233 2096 3289 2150 in
3342 2096 3542 2151 calum

1954 2193 2125 2263 gloria
2157 2191 2350 2258 tendit,
2394 2191 2487 2246 ubi
2536 2190 2703 2245 habet
2734 2190 2906 2244 altare
2950 2203 3061 2243 non
3108 2203 3274 2242 manu
3313 2186 3541 2249 factum,

1954 2286 2011 2339 in
2039 2301 2151 2354 quo
2176 2285 2453 2340 exercitus
2492 2283 2813 2354 angelorum
2846 2287 3114 2350 perpetuo
3152 2280 3332 2349 ipsum
3372 2278 3543 2349 glori-

1955 2377 2157 2441 ﬁcant;
2187 2377 2254 2432 ad
2285 2390 2521 2446 quorum
2554 2373 2920 2429 imitationem
2944 2387 3047 2427 nos
3071 2370 3375 2441 glorificare
3401 2369 3543 2425 didi—

1957 2468 2157 2539 cianus.

2026 2558 2189 2615 Vens.
2219 2559 2277 2615 5.
2324 2577 2343 2610 ι
2366 2556 2498 2624 Quis
2527 2557 2683 2613 sicut.
2699 2555 2962 2611 Dominus
2982 2555 3129 2609 Deus
3150 2551 3382 2607 noster?
3411 2570 3430 2602 ι

2025 2653 2085 2707 In
2113 2652 2346 2707 excelsis
2399 2650 2547 2707 Deus
2598 2650 2833 2715 habitat,
2893 2663 3008 2704 non
3072 2646 3250 2702 solum
3317 2652 3541 2714 propter

1953 2745 2151 2801 cadum
2200 2742 2346 2812 quod
2410 2741 2692 2798 excelsum
2725 2748 2829 2804 est,
2880 2738 3112 2808 ejusque
3168 2735 3541 2791 habitaculum

1948 2843 2325 2905 nuncupatur,
2363 2835 2462 2891 sed
2507 2834 2636 2905 quia
2671 2833 2726 2887 in
2748 2833 2954 2888 sanctis
2989 2829 3218 2885 habitat.
3261 2827 3326 2882 Ili
3357 2835 3544 2881 autem

1955 2932 2119 2987 etiam
2156 2930 2358 2984 excelsi
2394 2938 2544 2990 sunt,
2578 2944 2647 2983 eo
2671 2926 2817 2997 quod
2858 2924 2996 2979 nihil
3028 2934 3306 2980 terrenum
3344 2935 3545 2975 conse-

1955 3031 2174 3079 ctentur
2201 3039 2214 3074 :
2246 3021 2315 3076 de
2340 3020 2538 3090 quibus
2563 3019 2733 3074 Isaias
2756 3018 2835 3072 ait
2859 3035 2872 3071 :
2904 3015 3135 3071 Sanctus
3164 3013 3421 3067 Dominus
3452 3011 3544 3080 qui

1957 3117 2013 3169 in
2051 3114 2266 3169 excelsis
2293 3112 2499 3166 habitat
2527 3112 2672 3174 που,
2701 3111 2949 3167 excelsos
2990 3106 3271 3178 appellans
3299 3112 3542 3160 sanctos.

2039 3207 2204 3261 Vsus.
2243 3206 2295 3262 9.
2335 3224 2353 3258 ι
2393 3203 2497 3271 Qui
2528 3203 2776 3259 habitare
2805 3201 2936 3257 facit
2965 3201 3206 3257 sterilem
3236 3198 3290 3252 in
3322 3198 3539 3252 domo.»

2029 3296 2157 3352 Sive
2186 3304 2441 3350 naturam
2470 3294 2805 3360 universam,
2844 3292 2958 3348 sive
2993 3290 3290 3347 Ecclesiam
3317 3304 3387 3344 ex
3411 3303 3545 3360 gen-

1959 3389 2104 3444 tibus
2134 3386 2376 3442 sterilem
2423 3386 2650 3451 dixeris,
2694 3384 2914 3454 utrique
2959 3380 3252 3453 quadrabit
3300 3379 3352 3434 id
3397 3377 3544 3449 quod

1957 3480 2162 3535 dictum
2194 3486 2297 3540 est,
2331 3478 2590 3547 quoniam
2623 3494 2723 3547 per
2764 3475 3125 3531 idololatriam
3164 3472 3382 3527 steriles
3414 3487 3545 3526 evao

1957 3579 2160 3627 serant.
2189 3571 2339 3626 Illam
2370 3571 2515 3625 enim
2541 3570 2674 3626 foris
2700 3578 2989 3642 vagantem
3026 3569 3081 3623 in
3107 3568 3331 3623 domum
3363 3581 3540 3629 suam,

1958 3662 2166 3717 scilicet
2191 3663 2368 3733 legem
2392 3662 2718 3728 introduxit,
2750 3669 2807 3716 et
2832 3668 3066 3717 matrem
3105 3659 3339 3714 ﬁliorum
3370 3673 3401 3712 a
3434 3657 3544 3712 Deo

1957 3755 2342 3825 adoptatorum
2372 3755 2646 3810 luctantem
2685 3754 3118 3811 demonstravit:
3161 3753 3329 3823 cujus
3352 3768 3542 3823 perso-

1956 3861 2081 3900 nam
2113 3847 2217 3901 hoc
2236 3845 2399 3900 modo
2420 3845 2564 3900 clare
2602 3846 2906 3901 introduxit
2942 3845 3111 3900 Isaias
3142 3861 3154 3897 :
3191 3844 3343 3898 Dices
3370 3843 3539 3909 enim,

1958 3938 2151 4007 inquit,
2199 3941 2253 3992 in
2290 3940 2443 3994 corde
2482 3946 2615 3992 tuo:
2659 3938 2784 4002 Quis
2821 3940 2999 4007 genuit
3054 3937 3181 3992 mihi
3222 3938 3388 3990 istos?
3429 3937 3541 4006 Ego

1956 4039 2133 4084 autem
2169 4030 2359 4101 absque
2400 4031 2595 4096 liberis,
2632 4041 2680 4085 et
2722 4032 2879 4084 vidua
2917 4030 3303 4099 trausmigrata
3344 4036 3393 4081 et
3419 4042 3543 4095 cap-

1956 4120 2083 4173 tiva.
2130 4119 2196 4173 Et
2238 4121 2362 4174 istos
2392 4122 2509 4190 quis
2546 4121 2791 4174 enutrivit
2836 4121 3005 4173 mihi?
3039 4118 3150 4190 Ego
3174 4128 3353 4173 autem
3390 4118 3542 4171 dere-

1956 4212 2080 4266 licta
2113 4231 2227 4267 sum
2249 4213 2397 4280 sola;
2426 4224 2472 4268 et
2498 4215 2584 4267 isti
2616 4214 2745 4267 mihi
2772 4215 2859 4268 ubi
2888 4224 3041 4268 erant
3070 4214 3153 4266 ’3?

2474 4328 2796 4385 PSALMUS
2834 4328 3018 4384 CXIII.

2027 4416 2186 4472 Vens.
2228 4418 2282 4471 5.
2327 4438 2345 4469 ι
2385 4416 2532 4471 Mare
2571 4417 2728 4485 vidit,
2762 4430 2819 4473 et
2850 4418 3003 4490 fugit.
3044 4439 3066 4471 ι

340 4482 529 4578 ἒΓαῦτα
566 4487 664 4556 μὲν
701 4490 833 4554 ἴσως
861 4493 1001 4545 κατὰ
1034 4494 1095 4546 τὸ
1132 4495 1390 4567 αἰσθητὸν
1425 4499 1519 4553 ἐπὶ
1540 4501 1637 4572 τῆς
1668 4503 1848 4569 ἐξόδου

2027 4507 2154 4562 Haec
2199 4508 2339 4577 forte
2382 4509 2606 4578 quidem
2650 4510 2955 4565 secundum
3008 4525 3245 4565 sensum
3283 4509 3355 4565 im
3389 4509 3545 4565 exitu

260 4575 365 4629 τοῦ
401 4576 532 4631 λαοῦ
562 4581 670 4634 τῶν
715 4582 984 4638 Ἰουδαίων
1014 4586 1252 4654 ἐγένετο,
1282 4590 1460 4645 καίτοι
1500 4593 1619 4647 οὐδὲ
1647 4596 1850 4665 φυγοῦ-

264 4683 374 4718 σαν
442 4668 558 4720 ἐκεῖ
614 4671 713 4739 τήν
774 4672 1072 4738 θάλασσαν,
1136 4677 1274 4731 ἀλλὰ
1331 4680 1440 4750 γὰρ
1487 4683 1852 4755 διαιρεθεῖσαν

261 4758 536 4827 ἔγνωμεν,
566 4761 627 4814 Εί
665 4762 722 4815 δὲ
762 4765 858 4816 καὶ
897 4765 1069 4821 ταῦτα
1093 4770 1404 4840 γεγένηται,
1432 4774 1545 4827 ἀλλ’
1570 4777 1754 4833 οὐκέτι
1784 4782 1854 4834 τὰ

263 4848 535 4944 εππόμενα.
585 4854 719 4907 Πότε
762 4854 870 4928 γὰρ
920 4857 1018 4929 ὅρη
1075 4861 1357 4930 ὑψωοέντα
1413 4868 1544 4937 παρ’
1593 4871 1775 4935 αὐτοῖς
1819 4873 1851 4944 ἢ

265 4940 497 5010 βουνοὺς
541 4946 899 5019 ἡκούσαμεν;
934 4951 1074 5006 ὥστε
1107 4954 1287 5025 δῆλον,
1325 4958 1407 5010 ὅτι
1445 4961 1539 5012 καὶ
1567 4963 1708 5034 άπερ
1753 4940 1853 5018 arb;

261 5034 383 5096 τοῖς
411 5035 692 5091 συνέϐαινε
716 5039 973 5112 θαύματα
993 5085 1006 5105 ,
1034 5047 1236 5117 μερικὰ
1269 5047 1368 5119 μὲν
1390 5045 1476 5120 ἦν,
1504 5054 1585 5116 εἰς
1602 5053 1854 5109 ἐκτὺπω-

264 5142 359 5179 σιν
394 5126 596 5221 δὲλτῶν
636 5132 922 5206 ήμετέρων
949 5137 1253 5194 συνέϐαινε.
1295 5139 1585 5197 Θάλασσαν
1619 5147 1728 5216 γὰρ
1752 5149 1853 5221 τὴν

262 5218 519 5287 πονηρὰν
548 5221 642 5272 τοῦ
673 5221 790 5292 βίου
839 5225 1137 5291 πολιτείαν,
1175 5229 1250 5293 ὡς
1286 5231 1519 5287 ἄστατον
1544 5274 1558 5298 ,
1605 5218 1846 5310 ναυάγιά

261 5326 331 5363 τε
365 5312 626 5366 ποιοῦσαν
678 5317 771 5369 καὶ
805 5319 1050 5389 χειμῶνα
1085 5324 1197 5385 τοῖς
1225 5323 1284 5376 ὲν
1312 5325 1448 5396 αὐτῇ
1486 5330 1751 5400 προσήκει
1776 5350 1856 5384 νο⁴

266 5401 530 5472 μίξεσθαι
553 5422 568 5436 ο
606 5406 880 5480 Ἰορδάνην
910 5410 965 5463 ὃέ
997 5427 1059 5478 γε
1085 5412 1185 5483 τὴν
1216 5412 1375 5485 χάριν
1404 5417 1498 5469 τοῦ
1533 5417 1851 5492 βαπτίσμα-

259 5509 382 5556 τος.
408 5494 606 5564 Φεύγει
641 5496 822 5552 τοίνυν
850 5500 882 5571 ή
910 5500 1005 5553 τοῦ
1039 5502 1156 5572 βίου
1186 5505 1430 5560 θάλασσα
1463 5508 1555 5563 τὸν
1598 5511 1851 5582 ἐξομολο-

260 5584 560 5655 γούμενον,
601 5588 820 5662 ἁλμυρά
859 5609 944 5654 τις
972 5589 1106 5649 οὖσα
1129 5638 1143 5662 ,
1178 5599 1270 5651 καὶ
1299 5598 1373 5669 μὴ
1405 5598 1679 5673 δυναμένη
1716 5605 1852 5677 πρὸς

1958 4596 2142 4669 populi
2164 4595 2475 4653 Iudaeorum
2532 4598 2898 4670 contigerunt,
2951 4600 3076 4655 licet
3102 4601 3209 4657 illic
3256 4616 3405 4654 mare
3431 4616 3541 4656 non

1959 4690 2182 4760 fugisse,
2216 4691 2313 4745 sed
2361 4690 2628 4745 difﬁssum
2659 4691 2831 4747 fuisse
2856 4694 3299 4763 cognoverimus.
3342 4693 3539 4747 Verum

1961 4791 2020 4835 ut
2064 4780 2167 4835 ista
2203 4781 2368 4835 etiam
2408 4781 2759 4854 contigerint,
2810 4798 3155 4853 nequaquam
3212 4793 3394 4841 tamen
3450 4802 3541 4841 se-

1960 4871 2202 4940 quentia.
2240 4871 2342 4927 Ubi
2385 4872 2533 4928 enim
2579 4874 2722 4943 apud
2760 4874 2908 4944 ipsos
2964 4882 3180 4931 montes
3236 4876 3320 4931 vel
3370 4877 3540 4932 colles

1961 4962 2225 5017 exaltatos
2255 4963 2421 5019 fuisse
2453 4962 2860 5019 intelleximus?
2888 4966 3032 5021 unde
3065 4966 3415 5022 manifestum
3456 4971 3536 5031 tit,

1956 5056 2046 5110 illa
2106 5057 2364 5112 miracula
2427 5074 2548 5127 quae
2606 5058 2738 5129 ipsis
2792 5070 3122 5128 evenerunt,
3187 5062 3539 5133 particularia

1956 5149 2178 5218 quidem
2205 5148 2395 5216 fuisse,
2427 5150 2523 5205 sed
2561 5151 2630 5206 ad
2664 5153 2933 5207 nostratia
2971 5154 3327 5224 exprimenda
3356 5155 3536 5210 conti-

1955 5240 2117 5309 gisse.
2170 5240 2317 5295 Mare
2367 5241 2512 5298 enim
2564 5243 2993 5299 existimandum
3043 5254 3128 5302 est
3180 5262 3405 5317 pravum
3457 5248 3537 5302 vi-

1959 5333 2117 5386 vendi
2156 5333 2490 5400 institutum,
2529 5345 2722 5406 utpote
2764 5337 3104 5404 inconstans,
3140 5339 3539 5413 naufragiaque

1962 5436 2026 5476 ac
2060 5431 2413 5491 tempestates
2458 5426 2512 5479 in
2541 5441 2608 5481 co
2642 5428 2983 5485 versantibus
3023 5430 3268 5488 excitans
3293 5448 3307 5498 ;
3328 5431 3537 5493 -Jorda—

1958 5527 2084 5566 nem
2126 5530 2258 5569 vero
2295 5506 2418 5570 esse
2457 5518 2709 5587 gratiam
2735 5520 3098 5591 baptismatis.
3149 5520 3321 5594 Hujus
3371 5524 3537 5595 igitur

1959 5603 2080 5659 vitae
2105 5621 2254 5661 mare
2288 5606 2421 5678 fugit
2446 5624 2570 5662 eum
2606 5612 2696 5680 qui
2725 5611 3036 5681 confitetur,
3067 5630 3191 5671 cum
3220 5616 3539 5684 sitsalsmu.

337 5785 389 5817 ⁸³
418 5786 463 5840 II
494 5787 618 5843 Cor.
655 5805 730 5857 ix,
763 5789 815 5844 6.
888 5793 931 5823 ”
955 5790 1144 5846 Matth.
1179 5808 1292 5861 vnt,
1327 5793 1414 5852 l2.
1484 5796 1599 5829 "-‘7
1624 5796 1774 5851 Isaiae
1808 5813 1851 5851 L‘

1974 5800 2051 5853 l5.
2138 5802 2183 5835 ’³
2214 5804 2297 5859 Isa
2355 5822 2496 5875 .\le,
2526 5806 2613 5868 21,
