3950 6414
305 343 445 407 1333

1444 345 1910 406 FRAGMENTA
1950 343 2033 403 IN
2065 344 2424 405 PSALMOS.

3376 310 3377 313 γ
3457 343 3599 409 1334

302 471 403 519 σας
428 452 519 506 τὸν
546 452 853 524 ἄνθρωπον.
879 454 1049 507 Τοῦτο
1078 453 1186 526 γὰρ
1214 454 1353 525 ὑπὲρ
1379 454 1588 518 πάντας
1608 455 1684 517 ὡς
1707 455 1899 524 φιλάν-

2044 454 2284 509 ominem
2343 469 2591 509 servans.
2651 453 2764 508 Hoc
2815 454 2963 509 enim
3036 462 3294 524 tanquam
3348 454 3591 510 hominis

303 546 530 617 θρωπος
561 544 835 616 βούλεται.

384 658 403 691 ι
435 639 642 711 Κύριος
678 640 943 711 μνησθεὶς
975 641 1156 713 ἡμῶν.
1202 658 1222 693 ›

387 729 522 786 Πότε
556 728 666 800 γὰρ
696 730 727 782 6
758 731 891 795 Θεὸς
922 730 1094 802 λήθην
1122 731 1429 803 ἀνθρώπων
1458 731 1679 796 ἐδέξατο
1703 728 1897 795 ;⁹Αλλά

301 819 469 874 τοῦτό
501 824 652 876 ἐστιν
681 820 709 875 ὃ
735 821 825 877 διὰ
856 822 966 877 τῶν
993 824 1307 896 εἰρημένων
1336 824 1662 877 αἰνίττεται.
1680 820 1899 890 Ἐπειδὴ

305 910 421 981 γὰρ
448 912 553 965 ὑπὸ
574 912 821 984 κατάραν
847 914 1020 982 ὄντες,
1037 917 1139 968 οὑκ
1161 914 1335 979 ἄλλως
1356 914 1528 985 αὐτῆς
1562 911 1901 982 ἀπολυθῆναι

304 1004 410 1057 καὶ
458 1002 642 1058 λαϐεῖν
675 1005 928 1074 εὐλογίαν
960 1006 1295 1079 ἠδυνάμεθα,
1339 1007 1389 1059 εί
1433 1005 1509 1076 μὴ
1541 1004 1777 1073 Χριστὸς
1807 1003 1902 1056 ἐπὶ

311 1090 476 1159 ξύλου
494 1097 831 1167 κρεμασθεὶς
860 1098 960 1170 τὴν
988 1099 1234 1171 κατάραν
1251 1097 1349 1168 τὴν
1372 1094 1650 1169 ἡμετέραν
1670 1095 1904 1149 ὲὸἀστα-

311 1202 410 1238 σεν
431 1224 451 1252 ,
480 1187 709 1253 είκότως
753 1190 1064 1261 μνησθῆναι
1100 1192 1193 1244 τὸν
1227 1189 1432 1261 Κύριον
1469 1187 1777 1259 πρότερον’,
1808 1186 1905 1242 καὶ

307 1278 489 1344 οὕτως
512 1282 660 1352 ἡμᾶς
693 1282 986 1352 εὐλογῆσαι
1012 1301 1171 1354 φησι.

397 1390 417 1424 ι
442 1371 500 1425 '0
534 1372 764 1442 οὐρανὸς
792 1373 888 1428 τοῦ
917 1374 1149 1446 ούρανοῦ
1179 1374 1257 1444 τῷ
1284 1374 1493 1445 Κυρίῳ.
1537 1394 1555 1425 ι

385 1464 629 1536 Θεωρεῖς
667 1466 818 1531 ὅπως
860 1466 959 1539 τὴν
993 1467 1365 1539 δημιουργίαν
1411 1470 1441 1519 6
1483 1465 1723 1536 Ποιητὴς
1769 1465 1907 1536 πρὸς

305 1559 468 1627 ἡμᾶς
495 1557 779 1629 μερίζεται
807 1576 821 1590 ·
857 1560 951 1614 καὶ
992 1559 1183 1633 ὥσπερ
1234 1558 1399 1623 αὐτὸς
1429 1559 1666 1629 ἀόρατος
1689 1555 1766 1610 ὣν
1791 1555 1905 1627 ἔχει

308 1651 410 1705 τὸν
446 1652 681 1723 οὐρανὸν
734 1652 830 1707 τοῦ
871 1653 1103 1726 οὐρανοῦ
1134 1654 1227 1709 τὸν
1271 1653 1524 1726 ἀόρατον,
1566 1651 1740 1715 οὕτως
1772 1651 1907 1722 ἡμῖν

308 1748 417 1814 τὴν
448 1745 627 1799 κτίσιν
649 1745 751 1818 τὴν
770 1747 976 1818 ὀρατὴν
1011 1746 1331 1817 ἀπένειμεν.

872 1838 1168 1893 ΨΑΔΜΟΣ
1197 1835 1342 1892 ΡΙΔ’.

396 1946 414 1977 r
468 1927 762 1999 ’Π-,ιάπησα
785 1970 800 1993 ,
826 1928 909 1982 δτι
938 1928 1321 1983 εἰσακούσεται
1346 1930 1572 2000 Κύριος.
1619 1948 1635 1979 ι

400 2014 459 2068 '0
496 2016 664 2071 πάλαι
707 2018 1045 2090 φοϐούμενος
1080 2020 1173 2073 τὸν
1205 2019 1410 2090 Κύριον
1431 2058 1449 2088 ,
1482 2019 1582 2090 ἤδη
1627 2016 1908 2091 προκόψας

313 2107 430 2160 ἀπὸ
488 2108 587 2161 τοῦ
641 2108 832 2179 φόϐου,
871 2110 967 2166 καὶ¹
1022 2110 1268 2182 μεταϐὰς
1309 2111 1404 2164 ἐπὶ
1426 2109 1526 2181 τὴν
1572 2109 1794 2181 ἀγάπην
1813 2110 1908 2162 τοῦ

314 2197 477 2262 Θεοῦ,
516 2199 660 2253 εἴποι
694 2200 783 2264 ἂν,
813 2200 1132 2270 Ἠγάπησα
1158 2218 1172 2233 ο
1215 2202 1339 2255 τίνα
1365 2201 1425 2255 δὲ
1445 2241 1461 2267 ,
1491 2200 1524 2272 ἢ
1559 2201 1764 2273 δηλαδὴ
1795 2200 1911 2254 Κύ-

320 2300 436 2354 ριον
463 2284 554 2337 τὸν
593 2285 727 2339 Θεὸν
761 2286 821 2352 ἐξ
869 2288 997 2358 ὅλης
1030 2288 1277 2360 καρδίας,
1314 2290 1412 2345 καὶ
1456 2290 1768 2360 δυνάμεως,
1816 2292 1911 2344 καὶ

315 2374 522 2446 ψυχῆς,
552 2376 696 2432 ὥστε
726 2377 914 2432 ἕνεκεν
946 2379 1116 2433 αὑτοῦ
1160 2381 1252 2433 καὶ
1285 2379 1450 2452 μέχρι
1494 2380 1728 2436 θανάτου
1761 2383 1911 2450 ἀγω-

317 2467 569 2532 νίζεσθαι
640 2469 782 2542 ὑπὲρ
857 2470 1116 2542 ἀληθείας
1150 2514 1164 2539 ,
1231 2472 1412 2529 πάντα
1479 2491 1537 2528 τε
1618 2476 1911 2546 ὑπομεῖναι

319 2560 653 2631 πειρασμὸν,
676 2561 770 2613 καὶ
801 2563 981 2617 πάντα
1012 2563 1261 2618 κίνδυνον
1286 2565 1590 2636 ὑποστῆναι
1612 2564 1913 2637 προθύμως

315 2651 410 2705 διὰ
435 2650 535 2724 τὴν
568 2651 706 2723 πρὸς
736 2653 869 2707 Θεὸν
901 2655 1151 2725 ἁγάπην;

400 2762 419 2795 t
458 2744 566 2798 Καὶ
591 2744 650 2797 ὲν
673 2746 797 2809 ταῖς
826 2745 1066 2818 ἡμέραις
1103 2765 1206 2818 μου
1234 2748 1659 2819 έπικαλέσομαι.
1690 2767 1708 2800 ι

395 2835 677 2903 Τουτέστι,
723 2836 893 2891 Παντὶ
919 2836 998 2910 τῷ
1027 2838 1207 2910 χρόνῳ
1238 2839 1336 2912 τῆς
1370 2840 1521 2909 ζωῆς
1556 2852 1659 2911 μου
1707 2841 1913 2892 ἐπεκα-

315 2927 601 3002 λεσάμηνο
650 2931 711 2983 ἐν
739 2931 860 2995 ταῖς
894 2932 1134 3003 ἡμέραις
1174 2949 1278 3003 μου
1310 2933 1414 2986 ὑπὸ
1453 2933 1549 2986 τοῦ
1594 2933 1778 2988 Ἠλίου
1818 2936 1916 3004 τῆς

316 3022 677 3096 δικαιοσύνης
721 3025 1065 3097 γενομέναις,
1099 3026 1189 3080 ἀεὶ
1220 3027 1639 3098 πεφωτισμένος
1666 3027 1742 3082 ὣν
1776 3068 1791 3095 ,
1818 3032 1916 3083 ἐπ-

317 3114 704 3187 ικαλεσάμην.

406 3228 425 3261 r
460 3208 652 3279 Θλίψιν
678 3208 773 3264 καὶ
799 3209 996 3281 ὀδύνην
1032 3204 1215 3283 εὖρον.
1256 3231 1275 3265 ι

399 3300 592 3371 Θλίψιν
635 3301 732 3356 καὶ
761 3301 957 3374 ὀδύνην
991 3301 1219 3357 ἐκάλεσε
1250 3303 1349 3375 τὴν
1381 3304 1706 3376 μετάνοιαν·
1742 3306 1921 3377 θλίψιν

323 3393 457 3463 μὲν,
490 3394 569 3459 ὠς
614 3394 928 3464 ἀνάμνησιν
967 3398 1068 3466 τῆς
1106 3396 1385 3469 ἁμαρτίας
1410 3396 1644 3468 ἔχουσαν
1676 3414 1691 3428 ·
1727 3398 1921 3471 ὀδύνην

316 3487 408 3552 δὲ,
442 3486 610 3542 ἕνεκα
640 3484 750 3540 τῶν
772 3486 951 3540 πόνων
983 3486 1105 3555 μεθ’
1121 3480 1196 3541 ὧν
1228 3487 1653 3558 κατορθοῦσθαι,
1686 3489 1921 3555 σάκκου,

317 3582 512 3653 τυχὸν,
541 3580 639 3635 καὶ
658 3579 858 3634 σποδοῦ
925 3581 1020 3634 καὶ
1047 3581 1383 3652 ἀγρυπνίας,
1427 3583 1666 3651 πέφυκε.
1703 3583 1923 3653 Ταύτην

321 3672 527 3744 εὑρὼν,
556 3671 861 3737 τουτέστιν,
884 3672 1207 3744 ἐπιδραμὼν
1226 3673 1389 3744 αὐτῇ,
1419 3674 1484 3725 τὸ
1513 3672 1685 3743 ὄνομα
1712 3673 1921 3745 Κυρίου

318 3767 555 3832 εἰκότως
577 3766 923 3820 ἐπεκαλεῖτο.
966 3765 1121 3838 Εύχὴ
1166 3766 1295 3837 γὰρ,
1334 3767 1433 3837 τῆς
1472 3765 1762 3837 μετανοίας
1790 3768 1925 3821 ὑπό-

324 3876 547 3923 στασις.

408 3969 428 4001 r
461 3950 755 4007 Φυλάσσων
792 3950 862 4006 τὰ
892 3950 1062 4022 νήπια
1084 3952 1112 4004 ὀ
1142 3948 1375 4021 Κύριος.
1427 3968 1447 4000 ι

401 4043 518 4097 Ούκ
546 4041 853 4108 sinerem“
880 4042 981 4097 ούκ
1009 4041 1196 4095 είασεν
1218 4042 1299 4105 είς
1324 4040 1607 4104 κινδύνους
1635 4041 1923 4112 ἐμπεσεῖν,

321 4135 490 4203 ἀλλὰ,
523 4135 665 4206 μετὰ
693 4134 758 4189 τὸ
788 4136 1075 4206 ἐμπεσεῖν,
1103 4134 1385 4189 διέσωσεν.

885 4226 1183 4281 ΨΑΛΜΟΣ
1228 4228 1376 4281 PIE’.

408 4335 431 4369 ι
468 4319 735 4391 Ποτήριον
759 4318 1035 4390 σωτηρίου
1068 4317 1343 4389 λήψομαι.
1380 4339 1399 4370 ι

404 4410 683 4484 Σωτηρίου
721 4411 829 4483 γὰρ
850 4410 1016 4474 ὅντως
1049 4411 1167 4464 ἐστὶ
1205 4412 1488 4482 ποτήριον,
1522 4411 1581 4465 τὸ
1612 4412 1929 4483 ὑμνολογεῖν

1996 555 2210 603 amator
2240 547 2358 602 vult
2397 563 2564 617 super
2594 545 2806 601 omnia.

2071 636 2232 691 Vens.
2260 637 2351 692 ’20.
2392 657 2409 690 ε
2449 638 2714 693 Dominus
2754 653 2962 691 memor
2987 636 3089 691 fuit
3123 638 3319 693 nostri.
3361 658 3380 691 ι

2070 726 2304 794 Quando
2336 729 2482 783 enim
2534 729 2678 783 Deus
2714 728 2999 782 hominum
3051 727 3258 783 oblitus
3298 728 3440 784 fuit?
3485 730 3591 783 Sed

2002 822 2106 878 hoc
2134 828 2220 875 cst
2270 821 2414 891 quod
2463 838 2561 891 per
2606 822 2751 877 dicta
2805 820 3073 875 innuitur.
3136 820 3590 890 Quandoquidem

2002 913 2148 969 enim
2173 913 2274 969 sub
2305 913 2596 968 maledicto
2619 913 2970 979 exsistentes,
3022 913 3164 967 haud
3198 912 3361 968 aliter
3394 912 3465 968 ab
3501 912 3593 966 ἰΙΙυ

2007 1008 2217 1064 absolvi
2257 1018 2312 1063 et
2341 1008 2784 1064 benedictionem
2831 1008 3076 1079 recipere
3112 1017 3448 1077 poteramus,
3486 1007 3591 1062 nisi

2003 1100 2256 1156 Christus
2303 1101 2360 1158 in
2408 1101 2556 1172 ligno
2599 1117 2900 1172 suspensus
2943 1099 3293 1156 maledictum
3341 1109 3590 1155 nostrum

2005 1192 2341 1260 abstulisset,
2369 1194 2567 1249 merito
2597 1193 2731 1249 dicit
2766 1194 3057 1248 Dominum
3091 1193 3243 1263 prius
3278 1193 3452 1247 nostri
3480 1208 3594 1247 me—

2005 1287 2257 1351 minisse,
2288 1295 2452 1355 atque
2482 1286 2555 1340 ita
2582 1288 2802 1343 demum
2833 1286 2993 1342 nobis
3021 1286 3386 1342 benedixisse.

2078 1376 2245 1431 Vsus.
2285 1376 2379 1431 25.
2419 1397 2437 1429 ι
2475 1376 2690 1433 leum
2722 1378 2845 1433 οωιί
2881 1378 3131 1433 Domino.
3168 1398 3187 1429 ι

2083 1469 2246 1525 Vides
2276 1468 2555 1539 quomodo
2599 1484 2784 1524 rerum
2815 1469 3017 1524 Auctor
3050 1478 3272 1539 propter
3300 1483 3401 1521 nos
3440 1482 3596 1520 creao

2011 1575 2187 1619 turam
2224 1562 2532 1632 partiatur:
2568 1572 2626 1617 et
2667 1562 2813 1617 sicut
2857 1562 2975 1632 ipse
3015 1560 3423 1631 inaspectabitis
3456 1558 3597 1614 exsi-

2008 1666 2163 1714 stcns
2214 1656 2383 1713 habet
2424 1657 2626 1713 caelum
2670 1657 2795 1713 caeli
2849 1656 3262 1727 inaspectabile,
3314 1654 3392 1709 sic
3435 1653 3597 1708 nobis

2012 1756 2321 1803 creaturam
2359 1747 2628 1803 visibilem
2658 1747 2961 1801 distribuit.

2530 1836 2854 1893 PSALMUS
2889 1836 3077 1892 CXIV.

2082 1930 2245 1986 Vens.
2279 1932 2330 1985 t.
2367 1949 2388 1983 ι
2428 1930 2625 1992 Dilexi,
2657 1931 2916 1999 quoniam
2958 1929 3214 1984 exaudiet
3247 1926 3527 1985 Dominus.
3568 1947 3585 1979 ι

2077 2016 2181 2082 Qui
2211 2017 2343 2072 olim
2393 2015 2685 2072 Dominum
2734 2015 3013 2083 timuerat,
3046 2017 3140 2072 ubi
3188 2018 3302 2086 jam
3345 2031 3374 2073 a
3405 2016 3600 2072 timore

2011 2110 2325 2180 profecerit,
2355 2118 2413 2165 et
2458 2110 2525 2166 ad
2572 2109 2919 2166 dilectionem
2968 2110 3064 2165 Dei
3109 2109 3412 2175 transierit,
3449 2118 3599 2164 recte

2012 2201 2213 2257 dixerit
2242 2199 2421 2255 Dilexi
2442 2217 2462 2254 :
2490 2216 2654 2271 quem
2682 2207 2886 2265 autem,
2930 2199 3035 2255 nisi
3062 2198 3269 2255 scilicet
3310 2198 3599 2254 Dominum

2015 2292 2184 2348 Deum
2216 2310 2282 2348 ex
2330 2301 2447 2348 toto
2483 2291 2670 2356 corde,
2728 2308 2794 2347 ac
2833 2292 3033 2348 virtute
3082 2301 3247 2362 atque
3287 2291 3495 2355 anima,
3542 2302 3602 2344 ut

2014 2396 2238 2458 propter
2276 2386 2454 2456 ipsum
2477 2386 2641 2441 etiam
2665 2385 2730 2439 ad
2760 2393 2991 2441 mortem
3028 2401 3200 2455 usque
3228 2384 3474 2441 decertet
3500 2399 3601 2453 pro

2014 2478 2266 2542 veritate,
2290 2492 2622 2546 omnemque
2652 2477 2922 2532 sustineat
2952 2476 3333 2541 tentationem,
3358 2484 3413 2529 et
3438 2489 3600 2529 omne

2015 2569 2319 2640 periculum
2358 2567 2524 2622 alacri
2572 2568 2755 2622 animo
2793 2567 2987 2621 subeat
3030 2580 3128 2636 per
3177 2579 3422 2620 amorem
3472 2578 3609 2634 ergo.

2016 2664 2186 2719 Deum
2198 2706 2210 2718 .

2090 2756 2253 2811 Vens.
2284 2755 2339 2810 2.
2375 2775 2393 2807 ι
2424 2753 2493 2808 Ει
2517 2754 2573 2810 in
2606 2755 2800 2810 diebus
2820 2754 2959 2810 meis
2988 2755 3277 2810 invocabo.
3309 2773 3329 2807 ι

2085 2850 2142 2904 ld
2174 2859 2279 2915 est,
2308 2845 2472 2904 Omni
2504 2857 2750 2918 tempore
2797 2847 2924 2903 vita:
2951 2863 3087 2903 mea:
3136 2847 3458 2903 iuvocabam
3494 2863 3508 2898 :
3548 2845 3605 2899 in

2020 2941 2215 2997 diebus
2244 2941 2381 2996 meis
2426 2940 2528 2996 sub
2557 2938 2685 2994 Sole
2711 2938 2938 3008 iustitiae
2966 2939 3277 3005 transactis,
3308 2952 3435 2994 eum
3463 2952 3609 2993 senio

2021 3049 2117 3103 per
2147 3032 2504 3099 illuminarer,
2528 3032 2794 3087 invocavi.

2095 3209 2257 3265 Vens.
2294 3210 2346 3266 5.
2392 3229 2411 3261 ι
2441 3209 2874 3267 Tribulationem
2904 3218 2963 3265 et
2998 3209 3245 3265 dolorem
3268 3209 3477 3264 inveni.
3518 3228 3536 3261 ιι

2096 3304 2533 3361 Tribulationem
2590 3313 2647 3360 et
2691 3305 2936 3360 dolorem
2988 3302 3285 3373 appellavit
3336 3300 3611 3371 poeniten-

2026 3396 2156 3450 tiam
2192 3415 2205 3451 :
2253 3396 2662 3452 tribulationem
2706 3395 2953 3465 quidem,
3004 3403 3196 3464 utpote
3240 3408 3364 3463 qua:
3415 3390 3615 3447 habeat

2021 3490 2235 3561 peccati
2259 3488 2697 3545 recordationem
2727 3487 3009 3553 ;dolorem
3045 3501 3174 3541 vero
3200 3494 3426 3555 propter
3458 3484 3613 3539 labo—

2027 3596 2116 3636 res
2149 3582 2350 3654 quibus
2370 3582 2557 3653 peragi
2585 3582 2745 3645 solet,
2765 3580 2916 3638 verbi
2945 3580 3141 3651 gratia,
3166 3594 3327 3635 sacco
3356 3579 3613 3635 etcinere
3666 3577 3685 3597 ’

2026 3682 2190 3743 atque
2234 3673 2436 3746 vigilia.
2476 3673 2633 3729 Hanc
2658 3672 2752 3743 qui
2783 3672 3011 3742 reperit,
3041 3670 3095 3726 id
3144 3678 3249 3733 est,
3275 3668 3368 3739 qui
3395 3667 3465 3723 ad
3490 3683 3614 3725 eam

2026 3766 2281 3829 accurrit,
2312 3780 2512 3820 nomen
2551 3764 2762 3820 Domini
2782 3764 2906 3833 jure
2938 3762 3139 3818 merito
3170 3762 3409 3817 invocet.
3424 3758 3614 3816 Oratio

2027 3858 2174 3913 enim
2204 3868 2287 3913 est
2313 3857 2616 3913 substantia
2651 3855 3011 3927 paenitentiae.

2012 3992 2017 3997 .
2100 3951 2262 4007 Vens.
2292 3950 2347 4005 6.
2387 3970 2405 4004 ι
2443 3950 2772 4006 Custodiens
2797 3949 3055 4021 parvulos
3083 3946 3368 4001 Dominus.
3411 3964 3430 3996 ι

2100 4044 2219 4100 Non
2246 4044 2402 4112 dixit,
2426 4042 2566 4111 Quia
2588 4058 2694 4099 non
2720 4040 2969 4113 permisit
2989 4040 3043 4095 in
3077 4037 3318 4110 pericula
3352 4035 3610 4100 incidere,

2023 4130 2124 4194 sed
2156 4144 2447 4209 postquam
2475 4137 2529 4191 in
2559 4152 2623 4191 ea
2654 4135 2977 4197 incideram,
3009 4130 3272 4188 servavit.

2555 4225 2879 4283 PSALMUS
2916 4223 3077 4282 CXV.

2055 4358 2061 4366 .
2102 4322 2270 4381 Vens.
2310 4322 2367 4377 4.
2409 4342 2428 4375 r
2474 4319 2714 4377 Calicem
2746 4320 3005 4377 salutaris
3036 4320 3323 4390 accipiam.
3357 4339 3378 4371 ι

2103 4418 2239 4472 Nam
2287 4418 2429 4472 calix
2472 4431 2660 4471 revera
2684 4413 2940 4469 salutaris
2963 4420 3068 4477 est,
3095 4412 3313 4484 hymnis
3339 4409 3619 4467 celebrare

330 4507 428 4560 τὸν
464 4504 574 4558 τῶν
606 4503 745 4559 ὅλων
778 4503 1013 4573 Σωτῆρα
1046 4502 1201 4557 Θεόν.
1238 4504 1428 4574 Τούτῳ
1456 4504 1589 4568 Θεὸς
1637 4506 1917 4576 ἐφήδεται,

2038 4508 2204 4564 Deum
2250 4508 2577 4562 salvatorem
2623 4505 3032 4560 universorum.
3086 4500 3198 4558 Isto
3269 4503 3414 4556 Deus
3469 4499 3618 4555 dele-

329 4593 497 4650 τοῦτο
518 4594 733 4666 δέχεται
762 4596 894 4665 παρ’
925 4595 958 4664 ὴ
969 4594 1086 4663 μῶν
1112 4592 1171 4645 τὸ
1195 4591 1468 4664 θυμίαμα.
1497 4594 1586 4658 Ὠς
1621 4594 1732 4666 γὰρ
1765 4596 1928 4658 αὐτὸς

332 4687 447 4757 ἔφη
483 4686 720 4757 Χριστός
743 4703 756 4716 ·
795 4684 1039 4754 Πνεῦμα
1067 4687 1100 4739 ὁ
1137 4686 1284 4753 Θεός
1310 4702 1322 4716 ·
1356 4685 1455 4739 καὶ
1494 4686 1637 4753 τοὺς
1666 4704 1929 4756 προσκυ.

332 4779 601 4846 νοῦντας
646 4778 834 4833 αὐτὸν
863 4819 879 4843 ,
930 4776 1000 4830 ἐν
1046 4777 1343 4847 πνεύματι
1394 4776 1493 4831 καί
1519 4778 1789 4849 ςὰληθείςι
1839 4780 1935 4834 δεῖ

334 4870 733 4939 προσκυνεῖν.

415 4980 437 5017 ι
473 4964 565 5018 Σοὶ
588 4962 739 5017 θύσω
770 4962 964 5016 θυσίαν
994 4960 1284 5024 αίνέσεως.
1337 4980 1356 5012 ι

425 5055 646 5126 Ἐπειδὴ
685 5054 785 5119 τὰς
834 5054 944 5108 τῶν
971 5054 1184 5123 ἀλόγων
1209 5052 1405 5117 θυσίας
1434 5056 1464 5107 6
1502 5055 1739 5124 Χριστὸς
1772 5056 1930 5128 ἐνδη-

337 5151 531 5223 μήσας
570 5148 915 5215 κατέπαυσε,
941 5151 1044 5219 τὴν
1093 5148 1323 5220 λογικὴν
1363 5149 1421 5204 δὲ
1447 5150 1613 5213 αὐτὸς
1653 5150 1729 5215 ὡς
1755 5152 1930 5220 Λόγος

337 5243 642 5315 εισήγαγεν
664 5259 680 5274 ·
726 5241 956 5305 εἰκότως
984 5241 1085 5295 τὴν
1121 5239 1188 5294 δι’
1225 5240 1491 5302 αἰνέσεως
1538 5242 1872 5313 προσφέρειν
1902 5245 1932 5296 6

338 5338 645 5409 Προφήτης
676 5335 944 5406 ὑπέσχετο
968 5374 984 5399 ,
1023 5332 1360 5405 προσφέρειν
1401 5334 1460 5388 δὲ
1496 5334 1666 5403 αὐτὴν
1714 5338 1774 5391 ἐν
1811 5336 1932 5391 ὀνό-

347 5448 488 5504 ματι
515 5429 761 5503 Κυρίου,
794 5426 998 5500 δηλαδὴ
1030 5429 1090 5481 ὲν
1133 5425 1213 5497 τῷ
1265 5426 1509 5498 Χριστῷ.
1566 5429 1786 5499 Ἐπειδὴ
1837 5430 1934 5484 καὶ

339 5520 491 5577 οὕτω
512 5519 913 5593 προσεύχεσθαι
940 5520 1055 5582 τοῖς
1079 5516 1399 5582 ἀποστόλοις
1420 5517 1747 5573 ὲντέλλεται’
1794 5521 1933 5574 Ἐάν

342 5630 406 5668 τι
435 5612 725 5681 cinia-nte
755 5610 861 5665 τὸν
892 5608 1125 5678 Πατέρα
1170 5608 1241 5661 ἐν
1269 5605 1350 5672 τῷ
1378 5607 1629 5677 ὀνόματί
1654 5627 1797 5678 μοι’,
1827 5607 1936 5663 δώ-

344 5718 448 5759 σει
487 5704 652 5773 ὑμῖν.

424 5810 645 5872 "Joan.
672 5832 747 5879 tv.
777 5816 867 5872 24.
980 5815 1023 5848 ³³
1050 5814 1209 5871 Joau.
1237 5829 1349 5873 xvi.
1374 5813 1467 5867 25.

2030 4607 2233 4663 etatur,
2260 4598 2409 4654 istud
2437 4599 2724 4653 incensum
2748 4613 2778 4652 a
2804 4597 2965 4652 nobis
2995 4595 3218 4664 accipit.
3251 4592 3619 4660 Quemadmo-

2030 4693 2159 4747 dum
2193 4690 2338 4746 enim
2385 4690 2615 4759 ipsemet
2662 4688 2916 4743 Christus
2964 4686 3225 4745 dicebat:
3268 4682 3497 4753 Spiritus
3544 4694 3618 4736 cat

2035 4783 2217 4837 Deus:
2246 4787 2295 4834 et
2332 4796 2420 4834 eos
2462 4780 2551 4849 qui
2586 4779 2815 4833 adorant
2845 4794 2988 4843 eum,
3019 4777 3074 4829 in
3103 4776 3290 4845 spiritu
3322 4784 3371 4827 et
3401 4774 3621 4827 veritate

2034 4879 2233 4943 oportet
2264 4870 2491 4925 adorare
2520 4869 2588 4923 ".

2114 4966 2275 5021 Vens.
2314 4965 2401 5020 l7.
2443 4980 2464 5015 ι
2501 4961 2625 5017 Tibi
2651 4958 2969 5015 sacriﬁcabo
2999 4956 3233 5011 hostiam
3258 4954 3453 5010 laudis.
3488 4972 3508 5005 ι

2108 5056 2558 5127 Quandoquidem
2598 5054 2884 5107 brutornm
2914 5048 3178 5106 sacriﬁcia
3216 5047 3471 5103 Christus
3513 5045 3621 5099 huc

2037 5148 2339 5209 adveniens
2382 5146 2715 5209 aboleverat,
2745 5141 2860 5212 ipse
2906 5155 3037 5215 vero
3077 5149 3336 5208 tanquam
3377 5134 3617 5191 Verbum

2039 5240 2305 5298 rationale
2326 5237 2649 5296 sacriﬁcium
2670 5233 2977 5297 induxerat;
2991 5232 3112 5301 jure
3130 5228 3328 5284 merito
3345 5226 3623 5298 Propheta

2042 5331 2293 5405 promisit
2345 5346 2405 5385 se
2454 5327 2687 5385 hostiam
2737 5324 2914 5380 laudis
2962 5322 3296 5382 oblaturum.
3350 5318 3512 5388 idque
3564 5318 3619 5371 in

2043 5423 2262 5478 nomine
2307 5419 2542 5485 Domini,
2589 5417 2797 5474 scilicet
2848 5414 2901 5468 in
2948 5410 3191 5467 Christo.
3237 5408 3504 5477 Quoniam
3542 5406 3621 5459 sic

2041 5516 2205 5570 etiam
2237 5514 2497 5584 apostolis
2523 5511 2805 5565 intimatur
2837 5515 2894 5561 ut
2924 5512 3107 5560 orent:
3139 5500 3195 5557 St
3219 5500 3345 5573 quid
3364 5497 3629 5568 petieritis

2044 5606 2260 5661 Patrem
2281 5606 2336 5660 in
2366 5604 2573 5659 nomine
2601 5617 2733 5664 meo,
2757 5597 2902 5652 dabit
2930 5596 3069 5649 robt‘s
3104 5592 3171 5648 ⁸³.
