3950 6406
253 350 387 415 1337
463 403 476 415 .

1352 374 1819 437 FRAGMENTA
1856 378 1942 441 IN
1978 383 2343 449 PSALMOS.

3391 395 3533 462 1338

246 459 340 577 ge:
540 463 673 519 Θεὸν
702 465 1014 574 όξῐσραήλ.
1042 474 1194 548 Πύλη
1237 477 1296 536 δὲ
1338 481 1436 535 νῦν
1462 484 1496 554 ἠ
1529 484 1736 553 πίστις,
1767 486 1834 541 δι’

1979 495 2106 550 srael
2140 497 2210 553 ad
2251 496 2424 554 Deum
2458 498 2895 572 ingrediebatur.
2930 504 3088 560 Modo
3139 514 3325 561 autem
3372 516 3530 577 porta

243 548 683 666 ’ἧς-οἰκειότερον
702 561 803 617 νῦν
824 569 1241 643 προσαγόμεθα,
1266 548 1545 650 μαρτυρού
1553 597 1706 650 μενοι
1722 548 1844 635 ’ὑπὸ

2142 548 2210 553 ---
2252 548 2424 554 _-_---
2458 548 2895 572 ---,,--...-.........
2930 548 3086 560 -.νυν
3139 548 3325 561 ..υ-ν...
3377 548 3530 577 εν..-

1979 597 2042 641 sst
2064 586 2220 655 ﬁdes,
2252 605 2352 660 per
2371 607 2534 662 quam
2568 594 2739 666 magis
2768 596 2989 666 proprie
3014 611 3163 651 nunc
3182 596 3532 663 adducimur,

247 649 346 704 τοῦ
377 651 546 724 νόμου
575 656 672 711 καὶ
698 661 1022 733 προφητῶν.

322 761 343 795 ι
380 743 517 810 Θεὸς
552 747 783 819 Κύριος,
818 754 915 808 καὶ
941 757 1222 829 ὲπέφανεν
1252 761 1406 832 ἡμῖν.
1446 778 1467 815 ι
1527 749 1535 763 ’

330 832 597 926 ἶῌνταῦθα
629 840 812 896 τοίνυν
844 847 872 897 6
918 847 1216 920 Προφήτης
1263 851 1363 923 τὴν
1413 853 1695 926 σάρκωσιν
1725 855 1861 909 θαυ-

246 920 438 1015 μάζει,
470 924 555 979 ὅτι
582 926 717 994 Θεὸς
755 929 835 985 ὢν
865 936 965 987 καὶ
1009 937 1215 1009 Κύριος
1265 920 1365 1006 ὣν,
1413 920 1510 997 val
1535 944 1638 1015 τῆς
1666 944 1859 1009 οὐσίας

245 1012 497 1108 εκείνης,
557 1018 899 1090 κατηξίωσεν
959 1028 1317 1102 ἐπιφανῆναι.
1371 1035 1544 1089 Ὅταν
1591 1012 1654 1090 6‘s
1695 1035 1849 1108 εἴπῃ,

260 1105 586 1198 ξΕπέεεανε,
621 1112 721 1185 τὴν
749 1116 1067 1187 οἰκονομίαν
1107 1121 1280 1190 λέγει,
1309 1124 1372 1177 τὸ
1398 1126 1480 1188 είς
1510 1127 1728 1198 μήτραν
1753 1105 1851 1178 £1"-

243 1196 373 1253 θεῖν
402 1200 764 1276 παρθενικὴν,
803 1210 899 1262 καὶ
953 1213 1068 1274 τοῖς
1117 1212 1427 1284 ἀνθρώποις
1478 1196 1849 1289 συναναστρα-

244 1290 444 1362 φῆναι.
466 1292 566 1347 Διὰ
591 1295 656 1365 δὴ
684 1298 866 1366 τοῦτο,
891 1303 1327 1376 Εὐλογήκαμεν
1344 1308 1520 1378 ὑμᾶς,
1549 1309 1737 1381 φησὶν,
1765 1311 1849 1363 ὅτι

239 1383 516 1454 τοιαύτης
549 1387 904 1458 ἀπηλαύσατε
930 1393 1166 1467 dmpsit:
1207 1397 1236 1452 ὃ
1277 1401 1373 1454 καὶ
1398 1400 1426 1452 6
1462 1401 1705 1472 Χριστὸς
1736 1400 1852 1454 ἕλε-

1957 680 2093 751 legis
2125 697 2191 738 ac
2224 685 2618 755 prophetarum
2657 689 2974 745 testimonio
3001 688 3230 745 suﬁ'ulti.

2027 775 2188 831 Vens.
2225 776 2317 832 27.
2345 796 2364 830 ι
2395 778 2537 836 Deus
2562 781 2846 848 Dominus,
2877 791 2932 836 et
2955 782 3131 837 illuxit
3161 782 3342 838 nobis.
3372 800 3392 833 ι

2029 865 2142 922 Hoc
2192 868 2314 925 loco
2366 871 2534 942 igitur
2563 874 2841 944 Propheta
2885 874 3326 931 incarnationem
3360 874 3538 930 admi-

1956 967 2131 1025 ratur,
2163 962 2308 1030 quod
2348 978 2476 1018 cum
2522 963 2664 1020 Deus
2686 974 2834 1021 esset
2880 981 2943 1022 ac
2973 968 3255 1030 Dominus,
3289 974 3345 1022 et
3393 967 3540 1021 illius

1957 1061 2169 1107 natura:
2190 1055 2496 1122 exsisteret,
2519 1057 2769 1130 dignatus
2797 1058 2963 1115 fuerit
2991 1075 3280 1131 apparere.
3306 1059 3540 1126 Quando

1956 1152 2139 1196 autem
2188 1143 2323 1199 dicit
2366 1146 2573 1213 Illuxit,
2627 1147 3091 1222 dispensationem
3151 1152 3443 1223 intelligit,
3478 1160 3538 1206 ut

1952 1234 2097 1304 quod
2124 1234 2181 1288 in
2212 1246 2430 1292 uterum
2462 1240 2765 1311 virgineum
2798 1243 3031 1309 venerit,
3054 1251 3261 1298 etcum
3297 1243 3539 1298 homini—

1952 1326 2053 1377 laus
2107 1336 2468 1383 conversatus
2501 1330 2591 1384 sit.
2642 1330 2911 1397 Quocirca
2957 1333 3112 1401 dicit,
3164 1333 3540 1389 Benediximus

1949 1413 2110 1479 vobis,
2142 1415 2289 1485 quod
2326 1417 2432 1472 tale
2463 1417 2672 1473 donum
2704 1421 2824 1476 sitis
2855 1424 3161 1478 consecuti.
3205 1423 3320 1480 Hoc
3363 1425 3538 1480 etiam

240 1490 320 1585 TE
343 1478 619 1585 11131.1?!
682 1483 989 1585 προφῆται
1040 1489 1141 1543 καί
1186 1488 1411 1547 δίκαιοι
1456 1493 1855 1562 ἐπεθύμησαν

1979 1504 2205 1561 Ξιιτίεῑιιε
2258 1507 2425 1562 dixit:
2482 1508 2644 1564 Multi
2673 1513 2942 1581 prophetas
2989 1522 3039 1568 et
3077 1515 3213 1584 justi
3258 1478 3539 1585 cupi—erunt

242 1566 407 1623 ἰδεῖν
427 1566 463 1625 d
484 1569 699 1639 εἴδετε,
721 1574 818 1629 καὶ
843 1577 956 1631 οὐκ
974 1574 1165 1649 εἶδον,
1189 1581 1290 1635 καὶ
1307 1582 1571 1638 ἀκοῦσαι
1587 1581 1627 1639 ἃ
1644 1583 1855 1639 ἀκούε-

243 1675 345 1726 τε,
375 1660 474 1714 καί
515 1664 626 1717 οὐκ
664 1663 968 1733 ἤκουσαν.

335 1771 354 1806 ι
396 1754 753 1826 Συστήσασθε
786 1759 980 1831 ἑορτὴν
1011 1762 1070 1816 ἐν
1096 1764 1207 1827 τοῖς
1242 1763 1602 1829 πυκάζουσιν.
1643 1785 1664 1819 ι

330 1845 424 1913 Τὸ,
446 1846 517 1901 ἐν
540 1848 664 1914 τοῖς
699 1849 1099 1922 πυκάζουσιν,
1125 1855 1251 1909 ἀντὶ
1273 1855 1368 1909 τοῦ
1398 1858 1854 1929 πεπυκνωμένοις
1883 1838 1925 1893 Β

243 1937 492 1993 τέθεικεο
513 1939 574 1993 τὸ
597 1941 708 2012 γὰρ
738 1944 1189 2016 πεπυκασμένον,
1218 1950 1652 2020 πεπυκνωμένον
1673 1950 1770 2007 καὶ
1800 1953 1851 2007 οἱ

243 2028 366 2095 ἔξω
402 2030 498 2084 τοῦ
529 2031 655 2085 καθ’
678 2033 827 2104 ἡμᾶς
870 2033 1033 2104 λόγου
1070 2037 1353 2094 καλοῦσιν.

336 2140 356 2174 ι
396 2121 534 2187 Θεός
566 2140 670 2194 μου
710 2119 763 2178 εί
787 2126 874 2191 σὺ,
911 2127 1007 2181 καὶ
1031 2127 1505 2203 ἐξομολογησομαί
1540 2151 1642 2189 σοι.
1678 2153 1699 2188 ι

332 2213 451 2269 Τίνι
482 2215 540 2269 δὲ
573 2216 747 2271 ταῦτα
787 2217 958 2288 λέγει,
1006 2220 1038 2291 ἢ
1084 2221 1161 2292 τῷ
1195 2223 1450 2296 ἀνωτέρω
1492 2226 1851 2302 δεδηλωμένῳ

257 2304 452 2374 Κυρίῳ
475 2322 491 2371 ;
517 2305 595 2377 τῷ
616 2308 680 2360 ἐκ
707 2306 941 2378 θλίψεως
966 2311 1258 2384 ῥυσαμένῳ
1283 2314 1466 2380 αὐτὸν,
1496 2315 1574 2387 τῷ
1594 2319 1688 2372 καὶ
1723 2321 1850 2385 τοὺς

259 2395 496 2467 ἐχθροὺς
522 2396 690 2451 αὑτοῦ
726 2399 1153 2470 ταπεινώσαντι,
1204 2402 1284 2474 τῷ
1328 2405 1547 2461 καὶτὸν
1571 2409 1719 2465 λίθον
1756 2412 1850 2466 τδν

259 2487 645 2556 ἀποϐληθέντα
674 2490 811 2562 πρὸς
842 2491 950 2545 τῶν
987 2494 1289 2566 οἰκοδόμων
1320 2497 1619 2568 ὑψώσαντι,
1653 2502 1729 2574 τῷ
1755 2506 1850 2557 καὶ

260 2577 593 2634 εὐοδώσαντι
632 2581 728 2635 καὶ
771 2582 1008 2638 σώσαντι
1066 2586 1193 2652 τοὺς
1241 2589 1321 2653 είς
1361 2590 1525 2647 αὑτὸν
1564 2595 1849 2650 πιστεύουι

258 2688 385 2734 τας.

338 2780 357 2813 ι
407 2763 852 2835 Ἐξομολογεῖσθε
878 2767 956 2839 τῷ
987 2769 1182 2843 Κυρίῳ
1210 2773 1293 2826 ὅτι
1326 2774 1551 2843 ἀγαθός.
1592 2794 1611 2828 ι

334 2853 504 2909 Ὅθεν
536 2858 564 2910 6
594 2858 888 2930 Προφήτης
924 2860 1018 2914 τοῦ
1048 2862 1142 2916 νῦν
1175 2862 1395 2935 ψαλμοῦ
1434 2867 1537 2937 τῆς
1580 2867 1869 2941 μελῳδίας

252 2945 489 3015 ἤρξατο,
518 2950 728 3005 ἐκεῖθεν
784 2951 935 3023 αὐτῷ
978 2954 1074 3008 καὶ
1124 2955 1185 3008 τὸ
1226 2957 1379 3020 τέλος
1412 2958 1708 3031 ἐπέθηκεν,
1758 2961 1851 3017 ἵνα

252 3038 361 3109 τὴν
394 3039 784 3116 ἐξομολόγησιν
834 3044 1003 3117 μέχρι
1050 3048 1252 3114 παντὸς
1303 3049 1395 3103 τοῦ
1436 3050 1563 3121 ,βίου
1592 3053 1849 3122 φυλάξω-

257 3147 390 3203 μεν.
1144 3168 1145 3171 η
1474 3146 1479 3151 ‘

814 3228 1110 3283 ΨΔΛΜΟΣ
1142 3232 1298 3287 PIH'.

339 3335 362 3368 ι
399 3316 678 3388 Μακάριοι
710 3317 760 3371 οί
785 3317 1177 3391 ἐξερευνῶντες
1217 3324 1287 3378 τὰ
1317 3329 1614 3399 μαρτύρια.
1649 3348 1670 3381 ι

335 3410 403 3464 Οἱ
431 3408 700 3482 δεύτεροι,
733 3411 808 3476 ώς
846 3412 941 3466 ἐπὶ
966 3414 1253 3483 κρείττονα
1288 3418 1383 3471 καὶ
1413 3419 1685 3492 ἀνώτερον
1722 3424 1857 3478 ἀνα-

257 3501 543 3567 σαίνοντες
592 3502 824 3575 βαθμὸν,
857 3503 1036 3571 ἄλλως
1072 3506 1314 3577 γίνονται
1343 3512 1629 3584 μακάριοι,
1660 3514 1749 3568 διὰ
1796 3513 1857 3567 τὸ

263 3594 348 3666 μὴ
401 3594 562 3665 μόνον
605 3594 911 3666 κατορθοῦν
959 3598 1054 3653 τὸν
1098 3598 1291 3668 ἠθικὸν
1327 3601 1559 3673 τρόπον,
1609 3603 1724 3658 ἀλλ’
1754 3604 1854 3675 ήδη

258 3694 366 3748 καὶ
391 3690 683 3765 ὲξερευνᾷν
711 3692 780 3747 τὰ
810 3693 950 3765 βάθη
977 3693 1089 3750 τῶν
1134 3698 1455 3770 μαρτυρίων
1486 3698 1676 3755 αὐτοῦ.

343 3807 364 3840 ι
411 3787 502 3841 Ἐν
529 3787 634 3841 τίνι
664 3787 1002 3860 κατορθώσει
1038 3786 1307 3859 νεώτερος
1328 3789 1428 3859 τὴν
1458 3790 1576 3844 ὁδόν
1602 3807 1617 3857 ;
1655 3809 1676 3843 ι

338 3875 630 3947 Νεώτερος
656 3878 704 3946 ⁸ὁ
741 3877 850 3931 ἀπὸ
892 3876 1003 3931 τῶν
1046 3874 1218 3933 ἐθνῶν
1245 3877 1394 3942 λαὸς,
1428 3879 1458 3932 6
1490 3878 1720 3944 σκολιῶς
1752 3880 1859 3951 πρὸ

259 3969 367 4039 τῆς
399 3968 635 4032 πίστεως
665 3966 922 4036 ὁδεύσας,
957 3968 1015 4023 ὲν
1048 3967 1154 4023 τίνι
1184 3970 1525 4041 κατορθώσει
1572 3973 1672 4041 τὴν
1718 3971 1857 4037 ὁδὸν,

260 4059 301 4132 ἦ
326 4058 406 4130 τῷ
440 4059 811 4130 φυλάσσεσθαι
839 4063 966 4125 τοὺς
987 4061 1181 4131 λόγους
1201 4062 1299 4115 τοῦ
1329 4061 1501 4128 Θεοῦ;
1544 4062 1609 4115 Ἢ
1631 4063 1741 4132 γὰρ
1770 4062 1860 4117 ἐν-

263 4165 393 4204 νοια
420 4148 516 4204 τοῦ
549 4149 696 4203 θείου
723 4150 892 4221 νόμου
922 4149 1233 4222 καθαρτικὴ
1263 4151 1360 4205 καὶ
1390 4151 1699 4222 φυλακτικὴ
1730 4151 1861 4206 πάν-

264 4258 383 4295 των
428 4241 567 4299 ἐστί.
617 4239 717 4309 Τὸ,
763 4241 866 4298 Ἐν
904 4242 1024 4296 τίνι
1074 4241 1131 4296 δὲ
1170 4240 1536 4310 κατορθώσει
1574 4243 1861 4312 νεώτερος

264 4332 391 4401 τὴν
421 4331 568 4388 ὁδὸν
601 4333 827 4399 αὐτοῦ;
881 4335 910 4388 6
964 4334 1264 4405 Σύμμαχος
1303 4333 1493 4390 τοῦτον
1546 4336 1860 4407 ἡρμήνευσε

266 4425 367 4480 τδν
410 4425 614 4498 τρόπον
637 4443 652 4459 ο
676 4425 783 4481 Διὰ
812 4426 979 4493 τίνος
1013 4426 1359 4497 λαμπρυνεῖ
1392 4426 1532 4493 νέος
1567 4426 1684 4497 τὴν
1716 4427 1863 4483 ὁδὸν

1879 3182 1931 3246 C
2030 3264 2037 3267 ,

1951 1595 2128 1650 videre
2169 1613 2286 1666 qua:
2335 1599 2525 1655 videtis
2562 1610 2611 1654 et
2652 1618 2754 1656 non
2784 1603 3050 1670 viderunt,
3098 1615 3146 1659 et
3185 1607 3371 1661 audire
3422 1623 3541 1679 qua:

1953 1687 2153 1741 auditis
2175 1696 2223 1741 et
2246 1704 2347 1741 non
2375 1691 2658 1746 audierunt
2682 1692 2749 1748 “.

2028 1797 2049 1830 ι
2085 1778 2414 1837 Constituite
2441 1783 2586 1838 diem
2622 1785 2928 1841 solemnem
2961 1786 3015 1841 in
3053 1787 3373 1843 condensis.
3408 1805 3427 1838 ι

2023 1866 2160 1924 lllud
2203 1870 2261 1923 in
2293 1872 2588 1927 'condensis
2638 1874 2821 1945 posuit
2873 1891 2975 1946 pro
3019 1876 3541 1947 constipatis:nam

1952 1959 2097 2029 quod
2128 1961 2523 2019 condensatum
2568 1974 2673 2033 est,
2708 1966 2765 2021 bi
2794 1982 3017 2038 quoque
3064 1968 3161 2039 qui
3204 1985 3236 2023 a
3285 1984 3543 2024 sermone

1952 2059 2143 2108 nostro
2171 2054 2417 2109 extranei
2448 2062 2577 2110 sunt
2600 2058 2968 2130 constipatum
2992 2071 3210 2117 vocant.

2022 2141 2190 2198 Vens.
2217 2144 2340 2199 28¢
2376 2145 2521 2202 Deus
2552 2163 2709 2203 meus
2741 2164 2802 2205 es
2824 2159 2908 2217 tu,
2939 2159 2997 2207 et
3029 2150 3332 2209 conﬁtebor
3360 2150 3479 2207 tibi.
3512 2169 3534 2201 ι

2021 2233 2120 2291 Cui
2163 2252 2328 2305 porro
2377 2238 2496 2293 haec
2542 2240 2696 2305 dicit,
2733 2241 2842 2296 nisi
2881 2242 3112 2297 Domino
3151 2243 3405 2313 superius
3443 2243 3540 2298 de-

1951 2327 2190 2383 clarato?
2216 2329 2309 2400 qui
2358 2329 2426 2385 de
2473 2331 2827 2389 tribulatione
2872 2333 3051 2403 ipsum
3103 2333 3451 2399 liberaverat,
3484 2342 3541 2387 et

1951 2418 2206 2474 inimicos
2248 2420 2372 2491 ejus
2421 2422 2848 2478 humiliaverat:
2901 2425 2995 2494 qui
3047 2424 3282 2494 lapidem
3318 2437 3539 2493 quoque

1951 2512 2020 2567 ab
2053 2512 2452 2570 aediﬁcantibus
2504 2515 2857 2585 reprobatum
2885 2515 3164 2581 exaltavit,
3190 2514 3285 2586 qui
3315 2523 3370 2569 et
3395 2514 3539 2568 bene

1950 2604 2318 2675 prosperavit,
2346 2613 2402 2659 et
2431 2606 2671 2663 servavit
2696 2606 2984 2663 credentes
3004 2606 3061 2661 in
3087 2605 3289 2678 ipsum.

2025 2788 2191 2845 Vens.
2216 2788 2309 2845 29.
2335 2806 2354 2840 ι
2385 2787 2736 2845 Conﬁtemini
2758 2786 2995 2843 Domino
3020 2784 3280 2855 quoniam
3299 2784 3498 2840 bonus.
3515 2800 3534 2835 ι

2024 2881 2183 2937 Unde
2228 2881 2502 2951 Pr0pheta
2568 2881 2734 2950 hujus
2779 2876 2974 2949 psalmi
3026 2875 3322 2931 melodiam
3382 2890 3546 2929 orsus

1951 2976 2154 3041 fuerat,
2207 2974 2506 3030 identidem
2541 2986 2758 3043 quoque
2808 2970 2888 3026 illi
2936 2969 3103 3025 ﬁnem
3153 2967 3438 3039 imposuit,
3483 2975 3547 3022 ut

1954 3066 2359 3127 confessionem
2387 3082 2488 3138 per
2509 3079 2733 3122 omnem
2760 3063 2929 3119 vitam
2958 3060 3358 3118 custodiamus.

2449 3242 2772 3301 PSALMUS
2811 3238 3045 3301 CXVIII.

2028 3339 2193 3395 Vens.
2230 3338 2286 3393 2.
2325 3356 2345 3389 ι
2376 3334 2646 3405 Bealiqni
2674 3340 2997 3391 scrutantur
3018 3329 3358 3387 testimonia.
3391 3345 3413 3381 ι

2029 3426 2272 3484 Secundi
2304 3433 2564 3495 tanquam
2596 3423 2665 3479 ad
2700 3422 3143 3493 przeslantiorem
3175 3428 3232 3476 et
3259 3416 3548 3474 sublimio-

1957 3533 2073 3574 rem
2100 3516 2330 3590 gradum
2357 3514 2724 3571 ascendentes
2753 3512 2915 3567 aliter
2934 3510 3081 3566 beati
3101 3509 3260 3576 ﬁunt,
3279 3509 3406 3579 quia
3432 3523 3548 3564 non

1956 3611 2133 3667 solum
2181 3606 2446 3663 moralem
2491 3603 2713 3659 modum
2765 3611 2914 3659 recte
2964 3609 3210 3668 teneant,
3242 3600 3340 3656 sed
3377 3600 3545 3657 etiam

1957 3700 2398 3758 testimoniorum
2428 3697 2551 3769 ejus
2578 3695 2851 3767 profunda
2878 3695 3168 3750 rimentur.

2024 3792 2189 3848 Vsus.
2222 3790 2277 3846 9.
2312 3809 2331 3842 ι
2364 3788 2427 3844 In
2452 3803 2562 3860 quo
2587 3787 2830 3859 corriget.
2860 3784 3264 3842 adolescentior
3288 3782 3431 3840 viam
3457 3781 3482 3835 ?
3520 3801 3542 3834 ι

2029 3880 2450 3939 Adulescentior
2492 3879 2585 3934 ille
2624 3879 2864 3949 populus
2890 3893 2957 3933 ex
2992 3877 3270 3950 gentibus,
3292 3875 3386 3946 qui
3416 3883 3547 3929 ante

1960 3976 2123 4033 ﬁdem
2170 3974 2392 4043 oblique
2447 3970 2786 4034 ambulabat,
2845 3970 2903 4025 in
2950 3984 3061 4039 quo
3105 3968 3343 4038 corriget
3401 3966 3545 4021 viam

1960 4084 2140 4133 suam,
2158 4067 2265 4123 nisi
2293 4064 2657 4121 custodiendo
2687 4075 2973 4118 sermones
2993 4060 3132 4115 Dei?
3159 4057 3368 4114 Divinas
3396 4056 3546 4111 enim

1960 4159 2096 4231 legis
2126 4156 2496 4213 consideratio
2523 4153 2802 4226 purgatrix
2832 4160 2891 4208 et
2911 4148 3289 4207 conservatrix
3317 4157 3402 4202 est
3422 4160 3546 4201 om-

1962 4249 2139 4304 nium.
2187 4246 2327 4302 lllud
2376 4253 2583 4310 autem,
2633 4242 2696 4297 In
2742 4256 2845 4313 quo
2890 4241 3113 4312 corriget
3165 4236 3550 4293 adolescentior

1964 4340 2107 4393 uiam
2156 4339 2358 4393 suam?
2395 4332 2758 4406 Symmachus
2804 4333 2910 4387 hoc
2942 4331 3107 4387 modo
3152 4329 3552 4399 interpretatus

1963 4437 2069 4494 est,
2100 4428 2166 4483 In
2194 4442 2296 4499 quo
2324 4425 2599 4480 mundabit
2629 4423 2930 4479 adolescens
2958 4424 3100 4478 viam
3124 4435 3277 4475 suam
3296 4420 3323 4473 7
3352 4417 3551 4473 Docuit

266 4516 496 4584 αὐτοῦς
543 4517 814 4585 Ἐδίδαξεν
856 4519 912 4573 δὲ
959 4519 1043 4573 ὅτι
1094 4520 1305 4601 πολλῆς
1331 4521 1482 4575 ἐστιν
1513 4520 1857 4594 ἀκαθαρσίας

1979 4534 2163 4589 nempe
2197 4517 2386 4572 multis
2411 4516 2666 4571 sordibus
2693 4514 3119 4570 adolescentiam
3141 4525 3266 4568 esse
3287 4507 3551 4581 plenam?

268 4609 375 4665 καὶ
392 4610 683 4681 λρυπαρίας
709 4613 742 4682 ή
770 4611 963 4683 νεότης
1010 4613 1203 4684 μεστή·
1234 4612 1317 4667 διὸ
1339 4613 1433 4668 καὶ
1453 4613 1629 4675 δεῖται
1653 4614 1862 4686 καθάρ-

270 4719 437 4768 σεως.
492 4703 664 4757 Τοῦτο
715 4699 810 4759 οὖν
851 4703 1210 4775 ἐπιζητήσας,
1236 4706 1535 4777 εὑρηκέναι
1587 4706 1725 4779 φησὶ
1768 4708 1862 4761 τὸν

271 4795 502 4867 τρόπον,
546 4796 649 4859 Ἐν
677 4796 758 4862 τῷ
795 4796 1184 4867 φυλάξασθαι
1219 4797 1363 4865 τοὺς
1382 4801 1610 4869 λόγους
1649 4815 1793 4854 σου.

359 4905 379 4938 ι
420 4887 543 4941 Ὀτι
570 4887 641 4943 τὰ
673 4888 952 4961 μαρτύριά
991 4906 1086 4942 σου
1114 4889 1441 4962 ὲξεζήτησα.
1475 4909 1496 4943 ι

352 4979 457 5039 Διά
484 4979 644 5034 τοῦτο
679 4981 879 5051 μηκέτι
915 4999 983 5052 με
1015 4981 1211 5054 κρίνῃς
1260 4982 1410 5048 ἄξιον
1456 4981 1551 5036 τοῦ
1601 4982 1864 5048 ὀνειδίζει

1960 4619 2299 4684 quapropter
2328 4609 2495 4663 etiam
2529 4606 2739 4679 indiget
2789 4604 3139 4676 purgatione.
3193 4603 3332 4659 Cum
3382 4602 3553 4674 igitur

1961 4705 2068 4760 hoc
2114 4702 2442 4772 inquireret,
2467 4699 2544 4753 ait
2573 4714 2634 4754 se
2665 4698 2891 4755 modum
2928 4697 3224 4767 reperisse,
3258 4694 3327 4749 In
3377 4703 3554 4750 custo-

1938 4790 2150 4850 ἀἱεηάο
2180 4806 2443 4848 sermones
2476 4800 2613 4844 tuos.

2034 4887 2199 4942 Vens.
2218 4885 2312 4940 22.
2342 4902 2360 4935 ι
2391 4882 2527 4950 Quia
2558 4879 2868 4938 testimonia
2892 4887 2987 4934 tua
3016 4877 3315 4949 exquisivi.
3358 4895 3379 4931 ι

2037 4978 2247 5034 Idcirco
2272 4991 2345 5031 ne
2372 4974 2608 5045 amplius
2627 4987 2717 5027 me
2746 4972 2963 5042 iudices
2991 4972 3219 5043 dignum
3253 4966 3553 5040 approbrio

276 5073 409 5128 σθαι
448 5074 553 5126 καὶ
589 5072 683 5128 τοῦ
716 5074 1138 5139 ὲξουδενεῒσθαι·
1185 5076 1282 5129 καὶ
1325 5075 1439 5147 γὰρ
1485 5076 1556 5131 τὰ
1586 5075 1857 5148 μαρτύριά

1979 5080 2024 5126 et
2044 5077 2382 5138 contemptu,
2421 5066 2625 5122 etenim
2658 5064 2976 5119 testimonia
3004 5071 3096 5117 tua
3128 5060 3432 5131 exquisivi;
3482 5059 3553 5114 de

276 5183 376 5221 σου
411 5163 716 5239 ἑξεζήτησα
739 5183 755 5199 ο
787 5167 917 5239 περὶ
944 5158 1021 5221 ὧν
1041 5166 1199 5238 ἔφην,
1238 5168 1532 5236 Μακάριοι
1563 5170 1618 5222 οἱ
1639 5167 1872 5238 ἐξερευ-

273 5256 505 5324 νῶντες
540 5256 614 5311 τὰ
634 5258 930 5328 μαρτύρια
962 5259 1173 5314 αὐτοῦ.

357 5367 376 5400 ι
430 5347 817 5419 Ἐνύσταξενιή
840 5347 988 5421 ψυχή
1023 5366 1149 5420 μου.
1180 5368 1199 5401 ι

356 5439 570 5510 Ὥσπερ
599 5439 746 5510 ἀρχὴ
792 5438 1104 5511 κοιμήσεώς
1151 5442 1273 5494 ἐστι
1321 5443 1655 5513 νυσταγμδς,
1689 5441 1864 5505 οὕτως

277 5528 420 5584 ποτὶ
468 5530 560 5585 καὶ
592 5531 627 5601 ἡ
668 5529 819 5600 ψυχὴ
864 5531 923 5582 ἐν
953 5530 1103 5601 ἀρχῇ
1129 5528 1399 5601 γενομένη
1434 5530 1860 5601 ἁμαρτημάτων

277 5619 505 5690 λέγεται
549 5620 878 5686 νυστάζειν,
934 5620 1312 5693 καθελκομὲνη
1368 5621 1468 5693 μὲν
1534 5622 1724 5695 ὥσπερ
1785 5624 1866 5687 είς

393 5796 440 5836 ³9
459 5794 644 5855 Mat-th.
664 5773 797 5865 im,
834 5796 920 5851 17.
1030 5797 1074 5831 ³⁷
1102 5797 1305 5854 Psalm.
1336 5813 1525 5865 cwi,
1552 5798 1610 5858 2,

1967 5163 2169 5233 quibus
2217 5162 2489 5227 dicebam,
2535 5156 2697 5213 Beati
2747 5157 2838 5226 qui
2883 5165 3197 5212 scrutantur
3248 5153 3552 5208 testimonia

1970 5255 2086 5324 ejus
2116 5254 2184 5308 ⁸⁷.

2046 5344 2211 5402 Vens.
2242 5346 2333 5402 28.
2374 5363 2394 5397 ι
2435 5346 2757 5402 Dormitavit
2778 5345 2963 5399 anima
2989 5355 3131 5396 mea.
3174 5358 3193 5391 ι

2043 5438 2512 5505 Quemadmodum
2562 5436 2878 5494 dormitatio
2929 5431 3263 5505 principium
3319 5436 3404 5483 est
3452 5428 3553 5483 ob—

1974 5529 2344 5596 domuitionis,
2382 5529 2461 5584 sic
2508 5530 2672 5584 etiam
2718 5528 2898 5583 anima
2950 5523 3280 5595 quandoque
3329 5519 3461 5574 dum
3496 5517 3554 5571 in

1978 5622 2249 5693 principio
2278 5630 2641 5692 -peccatorum
2697 5628 2951 5673 versatur
2979 5614 3277 5671 dormitare
3327 5611 3552 5674 dicitur,
