3950 6448
262 407 396 474 1341

1319 411 1402 472 ΙΝ
1461 413 1577 472 Xll
1629 411 2073 472 PROPIIETAS
2125 412 2491 472 MINORES.

3419 410 3553 474 1342

260 529 508 596 νήματος
539 522 832 594 χρήσιμον.
861 519 1168 586 Δεδωκότος
1188 521 1246 576 δὲ
1275 521 1370 575 καὶ
1404 522 1533 592 παρ’
1575 521 1733 587 ἀξίαν
1764 519 1847 572 toi

1961 515 2187 588 juvante
2239 530 2424 575 autem
2483 520 2620 574 ultra
2683 520 2939 576 meritum
2989 519 3218 590 Spiritu,
3276 523 3422 592 quod
3473 535 3553 578 est

257 615 607 687 Πνεύματος,
657 614 794 686 ὅπερ
843 616 992 669 ἐστὶν
1049 615 1190 684 ἀγαν
1234 615 1537 682 ἀναγκαῖον
1569 614 1648 684 τῷ
1687 613 1848 684 μελεο

255 710 445 775 τῶντι,
499 706 816 779 προσέθηκα
859 707 1123 777 σύντομον
1149 708 1280 777 ὅσην
1304 706 1406 780 τὴν
1430 706 1540 760 τῶν
1568 707 1790 778 ἀπόρων
1816 706 1848 776 ἢ

255 799 422 870 τυχὸν
457 796 682 865 ἀσαφῶν
713 795 745 865 ἢ
777 796 873 848 καὶ
901 796 1036 859 ὅλως
1068 795 1385 864 ἀμφιϐόλων
1430 794 1716 866 ἐξήγησιν,
1748 809 1852 846 πα-

261 890 456 962 ραθεὶς
489 886 658 958 αὐτὴν
684 888 802 949 τοῖς
848 886 1073 956 στίχοις,
1105 885 1244 939 ὥστε
1279 887 1395 956 ἅμα
1424 888 1492 958 τῇ
1546 883 1850 953 ἀναγνώσει

258 980 618 1037 ἐπιλαϐέσθαι
650 978 747 1049 τῆς
779 976 1067 1046 γνώσεωςο
1113 977 1279 1030 ὅτιδέ
1323 977 1391 1030 τὰ
1435 977 1665 1030 πλεῖστα
1711 975 1850 1046 πρὸς

256 1073 558 1144 ἀναγωγὴν
594 1073 831 1142 εἴρηται,
883 1071 1186 1141 θαυμάζειν
1232 1071 1294 1124 οὐ
1341 1071 1482 1143 χρήο
1541 1069 1850 1141 προφητεία

258 1169 374 1235 γὰρ
401 1165 463 1218 τὸ
510 1164 876 1233 σύγγραμμα.
932 1163 1100 1216 Μὲλει
1135 1163 1192 1217 δὲ
1235 1165 1350 1226 τοῖς
1399 1163 1726 1232 προφήταις,
1771 1161 1850 1231 τῷ

256 1256 512 1311 λαλοῦντι
539 1255 596 1308 δὲ
630 1254 831 1324 μᾶλλον
859 1255 918 1307 ἐν
939 1255 1124 1315 αὐτοῖς
1143 1294 1157 1318 ,
1192 1254 1361 1324 μηδὲν
1390 1254 1589 1321 λέγειν,
1621 1249 1732 1308 οἷον
1755 1254 1850 1306 κα)⁸

255 1352 377 1413 τοῖς
423 1348 606 1410 ἄλλοις
641 1347 865 1417 εὐχερὲς
905 1346 1161 1416 ὑπάρχει,
1208 1349 1320 1409 τοῖς
1378 1346 1454 1417 μὴ
1489 1345 1850 1415 τετυχηκόσιν

258 1442 422 1510 ἁγίου
453 1440 594 1494 ῐῐνεύ
604 1457 792 1511 ματος,
816 1437 1160 1507 διαλέγεσθαι
1179 1455 1192 1468 ’
1221 1437 1320 1502 τὰς
1345 1439 1474 1510 περὶ
1499 1438 1636 1491 Θεοῦ
1658 1437 1714 1490 δὲ
1737 1436 1849 1509 [Ion

255 1531 354 1605 6b}
383 1533 741 1604 προρρήσεις,
802 1530 896 1583 καὶ
922 1522 997 1583 ὧν
1032 1531 1310 1599 οἰκονομεῖ
1340 1527 1850 1600 συγγεγραμμένων

258 1624 564 1695 θαυμάτων
593 1623 694 1695 τὴν
721 1622 984 1693 ἐξήγησιν
1005 1638 1019 1652 ο
1057 1623 1153 1675 καὶ
1186 1623 1481 1692 μυστήρια,
1537 1621 1606 1674 τά
1635 1621 1851 1691 χρόνοις

257 1717 484 1780 πολλοῖς
513 1716 697 1770 αὐτῶν
726 1715 952 1786 ὕστερον
981 1715 1089 1768 τῶν
1118 1715 1260 1785 αὑ,τά
1314 1713 1706 1784 φθεγγομένων
1732 1711 1850 1765 ἐσό-

261 1828 410 1884 μενα
429 1827 447 1843 ⁹
479 1809 624 1881 ἀπερ
643 1809 705 1862 ού
730 1808 836 1879 χρὴ
859 1808 1128 1871 ταπεινῶς
1145 1809 1308 1862 νοεῖν.
1339 1806 1537 1878 ’Υόρις
1552 1805 1663 1876 γὰρ
1690 1804 1850 1858 τοῦτο

258 1905 441 1974 δήπου
487 1900 582 1956 τοῦ
607 1901 977 1973 γνωρίσαντος
1004 1900 1317 1970 πνεύματος
1335 1916 1350 1932 ο
1379 1899 1495 1952 ἀλλ’
1521 1898 1641 1951 ούδέ
1691 1897 1850 1950 δυνα-

257 1997 365 2069 τὴν
390 1997 643 2068 εὑρήσεις
664 1993 775 2048 τῶν
799 1993 1096 2066 προφητῶν
1117 1994 1216 2064 τὴν
1246 1992 1530 2063 ἐξήγησιν,
1564 1989 1852 2060 γυμνῶσαι

258 2089 468 2159 ταύτην
497 2086 789 2156 ἐπιχειρῶν
817 2085 917 2155 τῆς
943 2084 1180 2156 θεωρίας
1206 2083 1302 2138 τοῦ
1322 2081 1730 2153 πνεύματος.Τί
1757 2081 1852 2151 μὲν

261 2180 374 2252 γὰρ
399 2181 543 2252 ἐρεῖς
580 2177 742 2248 Ὠσηὲ
770 2176 944 2230 ταῦτα
975 2175 1348 2246 βούλεσθαιτά
1385 2175 1628 2245 ῥήματα,
1659 2191 1678 2223 ι
1711 2173 1770 2224 '0
1795 2171 1852 2224 δὲ

273 2271 558 2343 Ἐφραῒμ,
623 2268 862 2339 πονηρὸν
931 2268 1186 2338 πνεῦμας
1225 2287 1244 2320 ι
1307 2266 1484 2343 τίνος-
1515 2264 1679 2336 χάριν
1732 2263 1847 2325 καὶ,

269 2362 524 2416 «Ἐλαιον
543 2363 625 2423 είς
646 2359 920 2428 Αἴγυπτον
943 2358 1297 2428 ἐνεπορεύετο
1316 2373 1363 2423 ς»
1387 2356 1481 2409 καί¹
1502 2354 1664 2415 ποίας
1686 2351 1850 2405 τοῦτο

264 2452 550 2525 μέμψεως,
576 2451 724 2515 τίνος
749 2449 1098 2520 ἐγκλήματος
1123 2449 1273 2514 ἄξιον
1296 2467 1311 2515 ;
1343 2448 1400 2501 τί
1426 2447 1484 2500 δέ
1511 2446 1606 2499 τοῦ
1635 2443 1848 2511 ίξευτοῦ

261 2546 322 2600 τὸ
347 2545 541 2614 ἄγγος,
572 2545 710 2614 ὅπερ
752 2541 934 2613 Ἀμὼς
987 2541 1313 2612 παρέδωκες
1351 2538 1404 2592 τί
1437 2539 1528 2590 τὸν
1577 2537 1726 2590 λίθον
1755 2537 1847 2588 τὸν

261 2637 662 2708 κασσιτέρινον,
693 2635 834 2689 ἐπτά
868 2632 1201 2703 ὀφθαλμοὺς,
1234 2631 1310 2695 ὡς
1344 2628 1617 2700 Ζαχαρίας
1639 2628 1844 2698 γέγρα-

260 2741 361 2792 φεν
403 2725 432 2778 ό
464 2723 775 2794 προφήτης,
824 2720 1204 2791 βαστάξοντα;
1260 2718 1353 2773 κα)⁸
1413 2718 1586 2771 πολλὰ
1633 2716 1847 2779 τούτοις

257 2815 424 2888 Ξτερα
449 2813 809 2886 παραπλήσια
823 2831 840 2854 ι’
873 2813 960 2883 ἐφ’
987 2809 1069 2876 οἷς
1119 2812 1281 2875 αὐτὸς
1309 2811 1338 2864 ὁ
1383 2809 1557 2864 ταῦτα
1585 2811 1700 2872 τοῖς
1746 2825 1844 2860 κα·-

253 2905 456 2977 λάμοις
483 2905 592 2960 τῶν
621 2903 916 2976 προφητῶν
933 2903 1334 2974 φθεγξάμενος,
1363 2903 1536 2955 εἰπεῖν
1557 2901 1730 2956 ταῦτα
1753 2900 1846 2952 τὸν

267 2998 434 3066 Ὠσηὲ
471 2996 838 3068 προϐάλλεται
866 3013 880 3027 ο
919 3014 938 3048 ι
974 2995 1118 3064 Ἐγὼ
1155 2994 1376 3066 ὁράσεις
1420 2992 1720 3064 ἐπλήθυνα,
1749 2991 1843 3046 καὶ

250 3093 316 3146 ἐν
335 3092 496 3162 χερσὶ
537 3087 834 3161 προφητῶν
880 3087 1192 3160 ὼμοιώθην.
1229 3105 1249 3140 ι
1313 3086 1519 3142 Τούτου
1559 3085 1617 3140 δέ
1669 3084 1844 3145 οὕτως

250 3185 438 3238 ἐκεῖνο
485 3181 768 3252 συντόμως
818 3183 848 3236 ὁ
891 3179 1050 3250 λόγος
1092 3180 1480 3252 παραδίδωσιν,
1507 3179 1582 3242 ὠς
1613 3178 1664 3231 οἱ
1696 3177 1841 3240 τινὲς

1952 612 2200 681 aperanti
2274 626 2624 680 summopere
2701 612 3132 675 necessarium,
3186 613 3363 682 adjcci
3428 615 3554 670 bre~

1953 717 2075 756 vem
2127 702 2524 772 aliquantulam
2595 700 2892 756 dubiorum
2972 713 3069 757 aut
3143 703 3283 758 forte
3339 705 3550 760 obseuo

1950 808 2178 858 rerum,
2231 803 2326 848 aut
2391 794 2554 849 etiam
2621 794 2848 848 omnino
2906 795 3288 866 ambiguorum
3367 796 3554 866 expla-

1953 887 2272 951 nationem,
2313 902 2472 956 quam
2529 886 2790 957 subjunxi
2828 888 3114 942 versiculis
3142 889 3257 954 ,ita
3322 901 3384 945 ιιι
3435 891 3550 960 ipsa

1950 979 2184 1035 lectione
2242 979 2555 1049 acquiratur
2627 978 2790 1033 simul
2860 988 2916 1035 et
2974 981 3354 1052 intelligentia.
3426 983 3551 1040 Plu-

1951 1067 2086 1121 rima
2127 1075 2312 1120 autem
2383 1065 2616 1136 mystico
2665 1081 2832 1121 sensu
2877 1067 3022 1123 dicta
3081 1085 3206 1126 esse
3263 1086 3373 1126 non
3445 1073 3552 1126 mi-

1953 1159 2132 1214 reris:
2188 1159 2477 1229 pr0phetia
2539 1157 2688 1212 enim
2741 1169 2826 1215 est
2879 1160 2970 1216 ille
3025 1161 3184 1216 liber.
3223 1163 3320 1218 Est
3365 1173 3547 1219 autem

1959 1253 2352 1323 prophetarum
2381 1293 2394 1314 ,
2420 1267 2520 1307 seu
2548 1254 2738 1324 potius
2766 1253 3040 1322 loquentis
3079 1254 3136 1308 in
3189 1255 3322 1324 ipsis
3347 1297 3363 1322 ,
3407 1258 3546 1311 nihil

1959 1345 2142 1400 dicere
2169 1344 2314 1414 quod
2343 1344 2466 1398 aliis
2509 1346 2756 1415 pervium
2784 1345 2876 1412 sit,
2899 1346 3108 1401 scilicet
3154 1346 3388 1418 Spiritus
3416 1365 3545 1404 san-

1952 1439 2031 1492 cti
2069 1437 2386 1508 expertibus
2411 1476 2428 1504 ,
2474 1445 2709 1493 tractare
2735 1453 2934 1507 nempe
2972 1439 3041 1493 de
3079 1440 3190 1494 Deo
3233 1441 3544 1510 praedictio-

1956 1544 2056 1584 nes
2080 1569 2094 1593 ,
2131 1537 2186 1584 et
2219 1529 2592 1584 narrationem
2617 1529 3007 1584 miraculorum
3065 1545 3187 1600 qua:
3237 1532 3543 1602 dispensat,

1955 1630 2010 1676 et
2047 1620 2302 1691 mysteria
2333 1621 2492 1691 longe
2522 1629 2645 1690 post
2670 1623 3014 1677 narrantium
3065 1630 3281 1677 aetatem
3334 1623 3542 1690 futura;

1955 1726 2076 1780 qum
2112 1726 2227 1765 non
2281 1720 2410 1765 sunt
2456 1712 2662 1783 vulgari
2709 1711 2876 1766 modo
2923 1713 3254 1783 cogitanda;
3288 1714 3342 1768 id
3393 1717 3543 1769 enim

1954 1810 2102 1858 esset
2152 1802 2451 1858 revelantis
2506 1801 2744 1872 Spiritus
2782 1805 3145 1859 contumelia.
3192 1804 3546 1876 Nequaquam

1956 1902 2138 1949 autem
2206 1894 2598 1964 pr0phetarum
2650 1895 3093 1964 explanationem
3167 1899 3384 1969 assequi
3444 1915 3543 1969 po-

1959 1987 2103 2052 terit,
2135 1986 2228 2054 qui
2263 1999 2384 2040 eam
2429 2001 2459 2040 a
2511 1983 2747 2055 Spiritus
2805 1986 3020 2042 visione
3050 2003 3335 2059 segregare
3365 1998 3546 2044 tenta-

1956 2075 2116 2134 verit.
2171 2074 2313 2141 Quid
2371 2076 2518 2131 enim
2573 2075 2730 2131 dices
2783 2077 2924 2132 velle
2980 2078 3085 2132 ista
3156 2078 3296 2135 Osee
3334 2081 3539 2134 verba;

1959 2183 1976 2216 ι
2012 2165 2292 2232 Ephraim,
2319 2165 2496 2220 malus
2521 2165 2796 2235 spiritus,»
2823 2167 2889 2220 ad
2907 2167 3036 2236 quid
3062 2188 3077 2217 ι
3099 2167 3277 2222 oleum
3305 2168 3360 2222 in
3383 2167 3544 2239 ASgy-

1953 2265 2106 2326 ptum
2146 2255 2380 2311 ferebat.
2420 2274 2440 2309 ι
2473 2255 2734 2322 Quaenam
2766 2258 2868 2312 ista
2898 2259 3240 2330 obiurgatio?
3270 2259 3401 2329 quid
3454 2261 3544 2315 hic

1956 2348 2392 2416 reprehensione
2450 2349 2724 2419 dignum?
2791 2352 2922 2420 quid
2979 2351 3084 2407 hoc
3133 2352 3345 2422 aucipis
3401 2369 3538 2419 vas,

1949 2437 2095 2508 quod
2124 2440 2292 2495 Amos
2335 2439 2545 2494 tradit?
2573 2440 2701 2510 quid
2734 2441 2883 2496 dices
2913 2442 3059 2497 hunc
3123 2445 3361 2514 lapidem
3389 2454 3542 2500 stan-

1950 2546 2113 2585 neum
2135 2571 2149 2595 ,
2188 2539 2400 2601 septem
2445 2531 2635 2586 oculos
2665 2531 2956 2601 ferentem,
2991 2543 3051 2590 ut
3081 2537 3303 2606 scripsit
3328 2537 3540 2593 Zacha-

1949 2622 2060 2678 rias
2085 2624 2354 2694 propheta
2386 2623 2409 2677 ?
2439 2632 2496 2679 et
2523 2624 2627 2678 alia
2671 2626 2842 2681 multa
2883 2627 2973 2682 his
3016 2628 3214 2682 similia
3245 2646 3260 2695 ;
3293 2629 3361 2684 de
3413 2630 3538 2700 qui-

1949 2715 2054 2770 bus
2096 2716 2186 2772 ille
2233 2717 2352 2787 ipse
2397 2716 2490 2786 qui
2521 2718 2638 2772 haec
2683 2733 2780 2788 per
2821 2720 3213 2792 prophetarum
3268 2723 3537 2777 calamum

1947 2807 2161 2864 locutus
2219 2817 2304 2863 est
2352 2827 2366 2863 :
2412 2810 2666 2878 perhibet
2715 2810 2833 2866 haec
2881 2811 3022 2868 Osee
3075 2813 3280 2869 dixisse
3318 2832 3332 2869 :
3377 2833 3395 2865 ι
3427 2817 3540 2886 Ego

1949 2899 2192 2955 visiones
2260 2901 2619 2970 multiplicavi
2655 2942 2670 2968 ,
2705 2913 2761 2958 et
2805 2904 2859 2957 in
2933 2905 3188 2960 manibus
3243 2907 3540 2977 propheta-

1949 3005 2071 3045 rum
2101 2990 2430 3046 assimilatus
2472 3007 2617 3047 sum.
2648 3011 2668 3044 ι
2708 2991 2884 3062 Hujus
2927 3002 3111 3049 autem
3150 2996 3377 3051 verbum
3406 2996 3537 3052 illud

1942 3082 2184 3138 breviter
2224 3083 2428 3150 tradit,
2462 3083 2673 3140 scilicet
2715 3085 2979 3155 quosdam
3022 3087 3410 3157 prophetarum
3455 3104 3540 3143 rc-

1944 3190 2036 3246 ges
2109 3174 2333 3230 latuisse
2357 3216 2370 3242 ,
2407 3177 2607 3247 quibus
2665 3179 3026 3249 regnantibus
3069 3181 3386 3250 prophetias
3418 3183 3541 3238 edi-

249 3274 371 3328 τῶν
399 3273 696 3344 προφητῶν
746 3272 873 3335 τοὺς
907 3270 1168 3340 βασιλεῖς,
1207 3271 1295 3340 ἐφ’
1328 3261 1403 3325 ὧν
1453 3267 1701 3336 ἐξέθεντο
1745 3265 1842 3334 τὴν

1950 3264 2192 3331 derunt,
2221 3267 2338 3322 sive
2381 3266 2529 3337 quod
2584 3269 2732 3338 apud
2800 3277 2994 3341 gentes
3044 3272 3536 3342 prophetaverunt,

255 3364 623 3436 προφητείαν,
653 3361 900 3435 ἔκρυψαν
929 3380 941 3396 ·
976 3361 1010 3432 ἢ
1037 3361 1170 3431 παρ’
1212 3360 1391 3414 ἔθνεσι
1431 3355 1846 3430 προφητεύσαν-

253 3454 430 3524 τες,ἢ
461 3453 520 3520 ἐξ
561 3449 731 3506 ἐθνῶν
774 3451 1108 3524 ὁρμηθέντες
1145 3449 1473 3520 ἐτύγχανονο
1531 3451 1579 3502 εί
1607 3447 1718 3517 γὰρ
1751 3446 1846 3498 καὶ

255 3544 636 3616 πρωτοτύπως
657 3544 690 3614 ή
717 3543 1027 3616 προφητεία
1045 3543 1126 3613 τῷ
1139 3540 1355 3612 Ἰσραὴλ
1373 3538 1703 3601 ἀπέσταλτο,
1727 3536 1844 3590 ἀλλ’

252 3637 410 3706 ὅμως
461 3634 759 3707 προφητῶν
807 3651 972 3688 τινων
1028 3633 1151 3687 τινὰ
1212 3632 1323 3686 τῶν
1370 3631 1544 3685 ἐθνῶν
1601 3627 1846 3701 ὑπῆρξεν

253 3727 669 3796 ἀκροάσασθαι·
725 3721 762 3798 ἦ
792 3727 916 3797 οὐχὶ
961 3725 1122 3792 τοῦτο
1186 3724 1369 3786 Ἰωνᾶς
1424 3725 1560 3794 ἡμῖν
1609 3720 1845 3794 μάλιστα

255 3818 672 3891 παρασκευάζει
735 3817 1124 3888 στοχάσασθαι,
1163 3816 1326 3879 αὐτός
1352 3833 1413 3869 τε
1447 3815 1507 3880 ἐξ
1551 3813 1722 3868 ἐθνῶν
1753 3828 1844 3881 γε·

252 3910 456 3981 γονὼς,
489 3911 584 3964 καὶ
607 3909 994 3982 προφητεύσας
1022 3911 1081 3963 ὲν
1130 3907 1346 3975 levem;
1395 3907 1711 3970 Νινευῖταις
1744 3905 1844 3975 μὲν

254 4004 372 4075 γὰρ
396 4002 652 4074 κηρύξων
667 4003 696 4056 ὁ
721 4004 1010 4073 προφήτης
1031 4000 1363 4065 ἀπέσταλτο,
1413 3998 1521 4053 ἀπὸ
1539 3998 1597 4052 δέ
1617 4001 1717 4070 τῆς
1741 3998 1780 4050 Γ
1783 3997 1841 4050 ὲθ

253 4095 426 4150 αὐτὸν
451 4094 559 4149 τῶν
600 4092 900 4147 Βασιλειῶν
945 4094 979 4163 ή
1010 4091 1212 4161 βίϐλος,
1244 4090 1366 4162 ἥτις
1413 4085 1483 4160 ἦν
1511 4089 1608 4159 μία
1640 4087 1748 4141 τῶν
1787 4088 1844 4139 ὲν

254 4191 374 4252 τοῖς
424 4186 744 4257 ἀλλοφύλοις
775 4182 1129 4255 σατραπιῶν,
1169 4183 1454 4236 ἐκδίδωσιο
1499 4181 1636 4251 φησὶ
1693 4181 1803 4250 γάρ
1827 4196 1840 4211 ο

260 4297 284 4333 ι
324 4279 507 4350 Ῥῆμα
537 4277 744 4349 Κυρίου
791 4275 929 4330 Θεοῦ
982 4274 1221 4346 Ἰσραὴλ,
1249 4273 1277 4327 ὃ
1301 4273 1569 4340 ἐλάλησεν
1599 4273 1656 4326 ἐν
1700 4270 1844 4341 χειρὶ

252 4374 446 4432 δούλου
477 4372 644 4428 αὐτοῦ
678 4371 852 4435 Ἰωνᾶ,
891 4366 1012 4422 υἱοῦ
1039 4366 1274 4438 Ἀμαθὶ,
1323 4364 1419 4418 τοῦ
1452 4364 1728 4434 προφήτου
1781 4363 1844 4412 ἐκ

254 4466 363 4520 Γέθ
391 4464 595 4535 Χοφέρ.
621 4482 639 4516 ι
673 4463 784 4516 Καὶ
812 4460 1001 4514 τούτου
1020 4457 1182 4529 χάριν
1205 4456 1435 4529 ἄχρονον
1459 4455 1567 4527 ἄρα
1592 4452 1690 4524 τὴν
1713 4468 1844 4522 προ-

1947 3358 2067 3412 sive
2096 3357 2243 3427 quod
2292 3358 2362 3414 de
2391 3360 2652 3430 gentibus
2706 3361 2810 3432 ipsi
2862 3363 3234 3434 prodierunt.
3271 3365 3330 3421 Si
3389 3369 3536 3423 enim

1947 3450 2222 3521 praecipue
2247 3452 2540 3522 prophetia
2570 3453 2639 3508 ad
2669 3453 2837 3510 lsrael
2879 3455 3090 3512 directa
3145 3468 3267 3524 est,
3329 3459 3540 3514 nihilo-

1946 3542 2133 3597 minus
2166 3541 2434 3612 quosdam
2484 3545 2784 3615 prophetas
2840 3547 3072 3618 contigit
3124 3564 3156 3603 a
3207 3550 3538 3618 quibusdam

1946 3629 2202 3700 gentibus
2257 3631 2476 3687 auditos
2525 3631 2719 3688 fuisse.
2769 3631 2966 3690 Nonne
3021 3637 3127 3693 hoc
3168 3637 3335 3694 Jonas
3375 3640 3542 3695 nobis

1945 3723 2253 3794 praesertim
2316 3725 2562 3782 indicare
2627 3726 2886 3793 videtur,
2963 3743 3088 3783 cum
3128 3730 3245 3799 ipse
3287 3741 3435 3787 esset
3468 3749 3542 3789 ει

1946 3812 2202 3882 gentibus
2259 3823 2318 3868 et
2364 3815 2510 3884 apud
2541 3823 2735 3887 gentes
2791 3821 3198 3888 prophetaret:
3271 3821 3549 3879 Ninivitis.

1947 3906 2092 3960 enim
2118 3907 2518 3976 praedicaturus
2553 3911 2820 3980 prepheta
2844 3913 3046 3969 missus
3077 3923 3202 3970 est:
3259 3915 3402 3971 liber
3429 3926 3548 3972 au-~

1948 4003 2059 4050 tem
2105 3995 2314 4067 Regum
2349 3997 2503 4053 illum
2533 3999 2602 4054 de
2633 3999 2773 4055 Geth
2795 4042 2812 4068 ,
2850 4017 2974 4071 quae
3002 4015 3087 4059 est
3135 4021 3241 4060 una
3283 4021 3351 4062 ex
3399 4009 3533 4063 alie-

1945 4089 2033 4144 nis
2066 4090 2341 4159 satrapiis,
2373 4091 2558 4148 tradit.
2596 4092 2746 4148 Dixit
2775 4097 2921 4150 enim
2950 4113 2963 4149 :
3000 4116 3020 4148 ι
3048 4096 3289 4154 Verbum
3321 4102 3542 4158 Domini.

1947 4179 2044 4234 Dei
2089 4179 2255 4234 lsrael
2291 4221 2306 4246 ,
2368 4182 2514 4251 quod
2540 4181 2758 4238 locutus
2793 4193 2878 4239 est
2934 4185 2991 4240 in
3045 4201 3213 4243 manu
3256 4190 3399 4244 servi
3446 4193 3539 4247 sui

1944 4267 2129 4336 Jonaz,
2186 4270 2260 4324 ﬁli
2305 4270 2555 4334 Amathi,
2583 4273 2864 4342 prOpheta
2893 4274 2962 4328 de
2989 4274 3127 4330 Getb
3179 4287 3235 4332 et
3263 4276 3466 4348 Opber,
3505 4300 3534 4333 ι.

1946 4362 2014 4416 Et
2043 4371 2330 4432 prepterea
2377 4362 2584 4432 absque
2606 4370 2853 4434 tempore
2874 4367 3216 4435 prophetiam
3242 4373 3540 4440 exposuit.

1945 4452 2052 4508 Sed
2079 4462 2136 4508 et
2160 4453 2299 4520 Joel,
2324 4469 2450 4511 cum
2502 4455 2816 4525 scripsisset
2840 4457 2921 4513 sic
2953 4457 3072 4528 ipse
3097 4474 3318 4530 quoque
3346 4478 3537 4532 prooe-

256 4559 490 4629 φητείαν
518 4555 809 4626 ἐκθέμενος
831 4569 844 4584 ·
873 4551 1011 4606 ἀλλά
1035 4551 1130 4606 καὶ
1147 4548 1323 4621 Ἰωὴλν
1353 4548 1568 4620 γράψας
1583 4545 1727 4600 οὕτω
1751 4546 1844 4599 καὶ

1950 4547 2148 4602 mium:
2187 4565 2206 4598 ι
2236 4546 2436 4604 Audite
2475 4548 2582 4604 hoc
2608 4587 2624 4614 ,
2676 4564 2861 4616 senes,
2895 4560 2952 4606 et
2980 4554 3206 4609 auribus
3237 4557 3528 4627 percipite,

255 4650 427 4715 αὐτὸς
457 4650 518 4703 τὸ
547 4647 834 4720 προοίμιον
854 4662 868 4675 ·
909 4664 928 4696 ι
955 4643 1254 4698 ’Δκούσατε
1283 4642 1479 4707 ταῦτα,
1509 4641 1559 4694 ot
1597 4638 1845 4710 πρεσϐύ-

254 4759 433 4814 τεροι,
467 4743 561 4794 καὶ
604 4737 959 4803 ἐνωτίσασθε,
997 4738 1202 4800 πάντες
1233 4738 1284 4790 οἱ
1329 4733 1714 4797 κατοικοῦντες
1747 4733 1847 4804 τὴν

252 4836 388 4904 γῆν.
419 4852 437 4884 ι
458 4833 532 4886 Τὸ
545 4832 603 4885 δέ
635 4830 765 4886 αὐτὸ
799 4830 896 4884 καὶ
921 4829 1138 4882 Ἀϐδιού
1161 4845 1178 4859 ο
1215 4829 1443 4899 (Ἀκοὴν
1465 4828 1676 4898 ἥκουσα
1696 4823 1849 4896 παρὰ

254 4923 492 4994 Κυρίου,
523 4923 619 4976 καὶ
666 4921 930 4992 περιοχὴν
971 4921 1052 4983 είς
1084 4919 1156 4973 τά
1203 4919 1329 4991 ἔθνη
1377 4918 1783 4985 ἐξαπέστειλεν.
1821 4937 1842 4970 ι

261 5014 395 5070 Ἔτι
420 5015 516 5069 καὶ
540 5012 769 5084 Ναούμ·
809 5031 827 5064 ι
855 5013 1065 5084 Λῆμμα
1087 5010 1279 5064 Νινευῒ
1311 5009 1508 5078 λέγων,
1531 5010 1694 5080 ὃμοια
1727 5025 1849 5061 στο-

257 5105 526 5179 χάζεσθαι
551 5105 682 5177 περὶ
709 5104 861 5174 σφῶν
880 5101 1298 5171 ἀναγκάζουσιν.
1326 5120 1344 5152 ι
1373 5101 1698 5171 Ἀμϐακοὺμ
1717 5099 1846 5166 γὰρ,

259 5203 313 5254 εί
341 5201 442 5271 μὲν
469 5192 623 5260 οὗτός
660 5198 809 5250 ἐστιν
839 5194 900 5248 ὃν
930 5195 988 5256 ἐς
1029 5192 1128 5263 τὴν
1176 5192 1538 5246 Βαϐυλωνίων
1592 5191 1848 5262 ἁρπάσας

261 5291 604 5360 ἀπεκόμισεν
630 5287 880 5357 ἄγγελος,
910 5287 1084 5338 είπεϊν
1107 5285 1168 5336 τὸ
1202 5284 1372 5353 σαφὲς
1405 5285 1506 5338 οὐκ
1536 5283 1675 5354 ἔχω’
1707 5282 1850 5354 πλὴν

261 5385 386 5438 οὐδὲ
422 5383 584 5444 αὐτὸς
630 5383 687 5433 ἐν
735 5378 1009 5451 προοιμίῳ
1051 5378 1152 5447 τῆς
1182 5377 1392 5447 βίϐλου,
1427 5376 1527 5447 τῆς
1561 5375 1846 5439 Ἰουδαίας,

273 5477 449 5547 τυχὸν,
471 5476 504 5544 ἢ
533 5471 844 5544 Σαμαρείας
863 5510 878 5535 ,
906 5471 939 5540 ἢ
986 5467 1082 5523 τοῦ
1132 5468 1354 5541 Ἰσραὴλ
1384 5467 1682 5540 μέμνηται,
1713 5466 1849 5520 ἀλλά

268 5567 415 5642 ικαὶ]
435 5568 534 5630 τεῆς
563 5567 666 5636 γῆς
695 5564 823 5634 ὅλης
841 5575 856 5593 ⁸
890 5562 1010 5632 οὐχὶ
1040 5561 1151 5632 γὰρ
1179 5561 1349 5632 μόνης
1377 5560 1476 5631 τῆς
1510 5557 1772 5621 Ἰουδαίας
1793 5558 1852 5610 ἐν

264 5663 366 5732 ὅλῃ
390 5657 456 5728 τ’γ,
489 5658 804 5727 προφητικῇ
833 5653 998 5724 βίϐλῳ
1032 5653 1366 5723 κατηγορίαν
1387 5651 1692 5721 είσέρχεται
1711 5665 1727 5681 ·
1756 5647 1852 5718 ζη-

263 5750 380 5805 τῶν
404 5748 461 5802 δὲ
481 5748 571 5801 τὸν
596 5745 905 5815 Μαλαχιὴλ,
943 5743 1198 5812 εὑρήσεις
1231 5744 1343 5804 τοῖς
1386 5740 1564 5794 ἔθνεσι
1589 5739 1649 5791 τὸ
1681 5739 1852 5795 κεφά-

266 5839 541 5907 λαιοντῆς
586 5835 922 5909 προφητείας
948 5833 1200 5902 νέμοντα.
1251 5835 1348 5896 Ὃς
1397 5834 1444 5887 εἰ
1488 5832 1589 5887 καὶ
1620 5831 1850 5900 ἄγγελος

1947 4652 2139 4694 omnes
2157 4639 2532 4695 inhabitantes
2556 4653 2778 4698 terram.
2793 4661 2812 4696 ι
2846 4642 2994 4698 Idem
3017 4654 3201 4700 autem
3224 4657 3281 4702 et
3303 4649 3531 4706 Abdias:

1954 4747 1974 4781 ι
2005 4729 2261 4784 Auditum
2294 4731 2481 4785 audivi
2513 4746 2544 4785 a
2575 4731 2811 4786 Domino
2857 4741 2913 4788 et
2939 4735 3175 4805 legatum
3227 4739 3297 4793 ad
3339 4751 3547 4810 gentes

1947 4819 2116 4874 misit.
2158 4838 2176 4872 ι
2211 4820 2280 4875 Ει
2311 4820 2480 4875 etiam
2522 4820 2740 4877 Nahum
2792 4823 2992 4880 Ninive
3041 4827 3258 4882 titulum
3291 4830 3482 4887 dicens
3514 4852 3530 4889 :

1947 4908 2150 4966 Omnes
2177 4911 2372 4965 similia
2409 4913 2696 4969 intendere
2739 4915 2810 4970 de
2852 4915 2990 4986 ipsis
3027 4929 3250 4990 cogunt.
3297 4920 3373 4978 De
3423 4924 3533 4979 Ba-

1947 5001 2123 5058 bacuc
2146 5002 2320 5066 enim,
2355 5003 2401 5056 si
2453 5003 2544 5057 ille
2575 5005 2796 5074 quidem
2848 5015 2932 5060 est
2979 5025 3141 5079 quem
3196 5012 3250 5065 in
3305 5012 3535 5086 Babylo-

1947 5095 2096 5147 niam
2128 5104 2344 5163 raptum
2367 5097 2665 5164 reportavit
2690 5097 2953 5168 Angelus,
2980 5116 3091 5155 non
3115 5113 3200 5158 est
3227 5104 3360 5160 mihi
3389 5109 3547 5175 quod

1949 5184 2126 5240 dicam
2164 5185 2393 5248 clarum,
2422 5185 2527 5241 nisi
2557 5187 2703 5256 quod
2739 5187 2854 5257 ipse
2879 5189 2937 5242 in
2977 5193 3244 5260 prowmio
3269 5195 3394 5250 libri
3423 5213 3533 5252 non

1949 5276 2113 5330 modo
2143 5277 2209 5330 de
2239 5275 2427 5331 Judaza
2449 5318 2463 5343 ,
2514 5277 2628 5333 sive
2664 5279 2732 5334 de
2768 5279 3034 5348 Samaria,
3085 5283 3200 5340 sive
3251 5286 3318 5342 de
3373 5287 3537 5345 Israel

1956 5369 2299 5422 mentionem
2327 5368 2477 5434 facit,
2511 5370 2608 5425 sed
2641 5371 2802 5427 etiam
2827 5373 2895 5428 de
2916 5383 3026 5430 tota
3050 5385 3214 5434 terra.
3244 5379 3364 5435 Non
3390 5383 3545 5437 enim-

1951 5461 2120 5515 solius
2144 5458 2347 5516 Judaere
2377 5462 2432 5516 in
2474 5471 2588 5518 toto
2618 5465 2938 5535 prophetico
2967 5467 3106 5524 libro
3134 5474 3542 5530 accusationem

1952 5550 2265 5628 introducit.
2300 5553 2619 5612 Malachiam
2641 5567 2820 5613 autem
2848 5560 2892 5614 si
2914 5576 3156 5630 qumras,
3187 5565 3430 5623 invenies
3459 5569 3542 5624 di-

1954 5643 2313 5697 stribuentem
2341 5645 2594 5714 genti-bus
2624 5649 2954 5718 prmcipuam
2974 5654 3272 5722 prophetiae
3304 5669 3540 5724 partem,

1953 5735 2069 5803 qui,
2101 5749 2224 5788 cum
2269 5737 2496 5806 angelus
2521 5737 2734 5792 Domini
2786 5741 3119 5808 nominetur,
3165 5746 3328 5802 homo
3362 5759 3540 5804 tamen

1953 5826 2212 5880 crat:Dei
2265 5826 2410 5881 enim
2462 5832 2636 5900 angeli
2682 5831 2958 5902 prophetae
2998 5837 3362 5908 dicebantur;
3397 5843 3544 5914 quod
