3950 6408
507 359 639 427 1343

1690 369 2047 429 IIESYCIIII
2107 370 2578 429 PIIESBYTEHI

3592 369 3700 429 13H

500 473 840 529 demonstrat
883 473 1109 547 Aggaaus
1151 473 1231 530 sic
1264 474 1485 544 quidem
1526 478 1765 545 seipsuin
1809 478 1889 531 sic
1917 478 2072 531 etiam

2184 479 2322 532 Θεοῦ
2355 481 2742 551 ἑρμηνεύεται,
2775 446 3056 550 άνθρωπος
3087 477 3233 544 ὅμως
3260 468 3344 542 ἦν.
3370 473 3704 549 Ἀγγελοιγαρ

497 577 556 621 et
581 565 716 620 alios
738 567 1034 637 prophetas
1048 582 1270 631 vocans,
1300 567 1498 637 quibus
1515 568 1813 636 prophetia:
1836 583 1949 622 sua:
1980 569 2083 623 ini-

501 656 687 712 nistris
706 658 980 712 utebatur.
1007 658 1143 711 Dicit
1158 657 1324 711 enim:
1347 677 1365 709 ι
1387 657 1453 711 Et
1468 656 1842 729 dixitAggaeus
1858 660 2081 729 angelus

499 748 713 802 Domini
740 750 883 803 inter
904 751 1126 821 angelos
1149 750 1358 805 Domini
1411 751 1633 819 populo.
1665 769 1683 802 ι
1719 750 1881 807 Forte
1914 755 2078 807 etiam

499 856 554 895 Cl
591 843 694 897 hoc
735 858 935 898 nomen
965 844 1245 913 proprium
1285 844 1554 915 prepheta
1593 843 1820 901 sortitus
1842 854 1945 900 est.
1970 844 2079 900 Sed

500 934 723 1003 insuper
752 935 882 988 illud
911 934 1281 1005 adjiciendum
1317 944 1374 990 et
1414 936 1479 990 ad
1513 936 1872 993 sinceriorem
1908 939 2077 994 libro-

500 1041 620 1079 rmn
680 1027 1124 1097 propheticorum
1178 1027 1616 1099 intelligentiam,
1672 1028 1880 1085 scilicet
1934 1031 2078 1084 anti-

495 1132 660 1185 qnam
699 1133 819 1172 esse
849 1118 1150 1187 prophetiae
1180 1120 1449 1190 gratiam:
1480 1121 1687 1190 quippe
1714 1137 1835 1190 qua:
1862 1121 1929 1176 ab
1958 1122 2074 1190 ipsa

496 1208 749 1276 primitus
785 1211 1068 1264 hominum
1102 1211 1381 1266 creatione
1416 1212 1670 1282 incipiat;
1709 1212 1782 1267 ita
1815 1223 1874 1267 ut
1903 1213 2075 1270 Adam

494 1300 564 1352 de
619 1299 726 1354 Eva
780 1300 981 1356 dixerit
1011 1302 1335 1370 prophetico
1377 1302 1537 1372 plane
1570 1302 1752 1358 dono:
1796 1323 1814 1353 ι
1851 1303 2076 1374 l‘ropn-r

496 1392 603 1446 hoc
660 1392 1009 1464 derelinquct
1071 1395 1235 1449 homo
1272 1404 1481 1464 patrem
1539 1409 1697 1449 suum
1749 1405 1804 1450 et
1846 1406 2075 1451 matrem

491 1497 671 1548 suam,
699 1491 755 1538 et
787 1485 1091 1539 adhaerebit
1118 1486 1184 1539 ad
1216 1502 1447 1540 uxorem
1467 1501 1622 1541 suam
1650 1505 1663 1553 ;
1692 1498 1746 1541 et
1778 1499 1945 1542 erunt.
1964 1490 2074 1545 duo

493 1573 549 1627 in
585 1588 807 1630 carnem
837 1592 1025 1631 unam.
1063 1596 1081 1628 ι
1106 1577 1380 1632 Abraham
1412 1580 1678 1649 propheta
1707 1581 1776 1636 ab
1804 1582 1924 1650 ipso
1960 1582 2073 1637 Deo

492 1665 609 1721 haec
629 1667 846 1723 dicente
871 1668 939 1722 ad
965 1668 1305 1733 Abimelech,
1340 1681 1691 1739 nuncupatus
1741 1681 1852 1726 est:
1884 1691 1901 1722 ι
1927 1671 2074 1727 Red-

491 1756 560 1810 de
594 1772 819 1811 uxorem
871 1758 1010 1823 viro,
1041 1760 1168 1828 quia
1201 1760 1469 1829 propheta
1498 1771 1603 1815 est.
1635 1761 1753 1816 Non
1805 1763 1971 1832 igitur
2012 1765 2066 1818 hi

490 1846 591 1900 soli
652 1849 932 1918 propheta:
984 1858 1135 1914 sunt,
1199 1864 1435 1919 quorum
1481 1851 1705 1905 nomine
1744 1852 2071 1908 inscribitur
2103 1838 2142 1893 Β

490 1938 798 2007 prophetia.
823 1938 956 1993 Nam
990 1940 1266 2010 quomodo
1297 1939 1517 1995 Samuel
1547 1942 1802 2013 princeps
1831 1946 2072 2014 prophe-

493 2043 668 2089 tarum
699 2035 995 2090 vocabatur
1024 2036 1048 2089 ?
1077 2035 1364 2102 Quomodo
1396 2036 1491 2092 lilii
1543 2039 1935 2108 prophetarum
1985 2042 2071 2095 di-

487 2125 755 2179 cebantur
800 2127 892 2196 qui
926 2129 1081 2198 juxta
1125 2128 1295 2183 Eliam
1358 2131 1884 2200 congregabantur?
1941 2132 2074 2189 Pro.

488 2216 675 2286 phetia
724 2217 870 2273 enim
914 2218 1024 2273 ulla
1053 2235 1158 2275 nec
1213 2220 1408 2274 horum
1443 2235 1543 2275 nec
1598 2221 1814 2277 illorum
1848 2225 2072 2279 nomine

488 2308 751 2379 inscripta
781 2310 1039 2365 refertur.
1070 2309 1348 2380 Quotquot
1383 2311 1544 2383 igitur
1605 2323 1760 2369 erant
1825 2316 2071 2385 philoso-

486 2400 632 2471 phia:
665 2401 850 2457 forsan
876 2412 1004 2457 ante
1029 2403 1165 2457 alios
1197 2404 1378 2473 periti,
1414 2405 1467 2458 hi
1502 2421 1718 2475 quoque
1749 2408 2072 2476 prophetico

486 2493 670 2547 studio
700 2493 940 2550 illustres
973 2494 1101 2549 facti
1131 2533 1146 2559 ,
1202 2496 1320 2550 sive
1362 2496 1506 2565 quod
1578 2496 1854 2553 historicis
1915 2499 2072 2555 libris

487 2585 768 2656 inspiratae
808 2586 1105 2658 Scripturaa
1131 2603 1472 2658 quaecunque
1523 2590 1847 2659 prophetico
1874 2592 2068 2660 spiritu

487 2678 747 2733 dixerunt
796 2688 891 2734 aut
920 2680 1167 2735 fecerunt
1211 2681 1519 2751 conscripta
1577 2692 1740 2747 sunt,
1788 2684 1933 2736 sicut
1969 2683 2071 2738 Sa-

488 2771 667 2836 muel,
704 2769 847 2827 Elias
898 2780 955 2826 et
991 2773 1255 2839 Elizaeus;
1284 2773 1397 2828 sive
1419 2774 1564 2843 quod
1598 2775 1769 2829 libros
1822 2775 1921 2845 ipsi
1946 2792 2072 2846 pro-

488 2864 781 2934 pheticos,
824 2864 1043 2920 aﬂlante
1099 2865 1308 2935 Spiritu
1347 2907 1362 2931 ,
1406 2866 1819 2933 condiderunt,
1880 2870 2071 2938 quales

488 2955 643 3011 fuere
675 2956 963 3011 duodecim
994 3000 1008 3023 ,
1069 2966 1125 3011 et
1156 2957 1324 3013 Isaias
1353 2999 1367 3023 ,
1423 2969 1480 3013 et
1513 2958 1779 3014 Jcremias
1800 3000 1815 3025 ,
1848 2970 1904 3015 ct
1938 2961 2072 3016 Eze-

487 3048 655 3114 chiel,
688 3058 741 3103 et
776 3049 988 3104 Daniel.
1024 3049 1173 3104 Inter
1190 3066 1327 3119 quos
1356 3050 1608 3106 Ezechiel
1638 3052 1859 3122 quidem
1882 3061 1937 3108 et
1964 3054 2072 3108 Da-

488 3136 619 3201 niel,
655 3138 883 3208 Aggzeus
909 3146 965 3193 et
987 3138 1300 3203 Zacharias,
1335 3139 1637 3209 captivitati
1669 3142 1850 3210 populi
1876 3140 2069 3196 Judai-
2097 3166 2142 3226 ο

487 3228 538 3282 ci
567 3228 712 3298 apud
744 3228 999 3300 Assyrios
1032 3230 1369 3299 posteriores
1400 3231 1751 3299 prephetant.
1804 3232 2072 3289 Jeremias

488 3327 673 3373 autem
705 3319 848 3373 hanc
881 3320 1054 3389 ipsam
1083 3320 1458 3389 captivitatem
1482 3321 1831 3377 vaticinatur.
1859 3321 2074 3393 Sopho-

488 3410 612 3477 nias
656 3426 770 3465 nou
824 3418 942 3465 toto
972 3420 1220 3481 tempore
1275 3426 1391 3466 sua:
1422 3413 1748 3482 prophetiae,
1792 3414 1886 3468 sed
1919 3424 2074 3484 parte

490 3510 743 3567 tantum,
794 3500 978 3556 ﬂoruit
1026 3510 1307 3573 regnante.
1362 3502 1548 3569 Josia;
1605 3519 1716 3575 quo
1753 3504 1919 3559 etiam
1982 3521 2071 3561 re-

488 3603 692 3664 gnante
722 3592 995 3649 Jeremias
1016 3594 1313 3649 vaticinari.
1332 3594 1647 3665 incipiebat.
1669 3597 1866 3651 ϐαδιοτί
1888 3606 2073 3652 autem

490 3684 645 3739 Isaiae
693 3687 915 3755 quidem
944 3687 1434 3757 contemporanei,
1485 3688 1581 3743 sed
1623 3688 1878 3743 Samuele
1902 3728 1916 3751 ,
1956 3690 2074 3745 Elia

488 3784 546 3831 et
578 3776 773 3832 Illiszeo
806 3778 1159 3833 recentiores.
1193 3777 1251 3833 Id
1285 3794 1351 3834 ex
1374 3793 1441 3833 eo
1490 3787 1644 3849 patet
1692 3780 1838 3849 quod
1878 3781 2074 3836 Elisaeo

488 3870 746 3925 morienti
775 3870 949 3924 adluit
996 3871 1269 3937 Joas,rex
1316 3870 1504 3926 Israel.
1549 3873 1605 3925 In
1633 3873 1830 3927 diebus
1888 3883 2072 3928 autem

488 3961 816 4025 Jeroboam,
849 3977 960 4017 non
991 3962 1087 4017 ﬁlii
1142 3963 1356 4018 Nabatb
1385 4003 1399 4028 ,
1433 3964 1530 4019 sed
1581 3963 1677 4018 ﬁlii
1720 3964 1848 4020 Joas
1869 4007 1883 4031 ,
1934 3965 2074 4020 Osee

487 4054 832 4123 prophetiam
863 4053 994 4109 edit.
1035 4054 1210 4119 Simul
1234 4070 1359 4109 cum
1388 4070 1455 4110 eo
1517 4053 1823 4110 ﬂoruerunt
1880 4056 2070 4120 Amos,

489 4145 748 4202 Michmas
781 4154 837 4199 et
862 4144 1065 4209 Isaias;
1114 4145 1259 4201 sicut
1295 4146 1602 4201 enumerati
1643 4147 1698 4200 in
1730 4146 1911 4201 fronte
1958 4148 2076 4201 sin-

487 4237 739 4305 gulorum
770 4236 1072 4305 prophetia:
1100 4251 1260 4308 reges
1285 4238 1532 4292 studiose
1558 4237 1822 4306 quaerenti
1839 4247 1895 4292 et
1920 4254 2074 4294 scru-

490 4328 626 4381 tanti
662 4329 906 4383 indicare
974 4337 1227 4398 possunt.
1264 4328 1418 4394 Quod
1446 4338 1632 4384 autem
1667 4330 1826 4384 deest
1846 4331 2074 4401 prologo

487 4418 806 4475 necessario
857 4420 1153 4475 addemus:
1197 4421 1433 4484 scilicet,
1466 4421 1634 4474 Amos
1666 4428 1723 4474 et
1753 4419 1895 4474 Osee
1926 4421 2072 4490 apud

2188 572 2326 624 Θεοῦ
2358 573 2409 624 oi
2433 572 2711 642 προφῆται
2759 571 3035 638 έλέγοντφ
3070 567 3217 637 δηλοί
3246 567 3301 619 δὲ
3330 567 3563 634 ’Δγγαίος
3589 570 3705 625 οὕτω

2191 665 2290 733 μὲν
2327 666 2540 728 ἑαυτὸν,
2589 664 2733 719 οὔτω
2766 663 2824 716 δὲ
2848 662 2944 716 καὶ
2966 662 3093 723 τοὺς
3140 660 3328 721 ἄλλους
3360 661 3615 728 προφήτας
3636 678 3709 715 κε-

2187 754 2403 825 κληκὼς
2430 749 2510 819 οἷς
2526 754 2828 825 ὑπηρέταις
2842 755 2942 823 τῆς
2961 750 3156 807 ἑαυτοῦ
3178 748 3503 821 προφητείας
3523 751 3711 823 ἐκέχρη-

2184 863 2267 903 το.
2292 848 2430 917 Φησὶ
2460 848 2570 919 γάρ
2592 863 2607 877 ·
2648 865 2668 898 ι
2698 846 2809 900 Καὶ
2837 840 2995 900 εἶπεν
3024 845 3275 912 Ἀγγαῖος
3304 841 3520 910 ἄγγελος
3538 843 3709 912 Κυρίου

2185 940 2244 991 ἐν
2264 940 2518 1007 ἀγγέλοις
2553 939 2761 1009 Κυρίου
2793 938 2874 1009 τῷ
2915 936 3051 1008 λαῷ.
3082 954 3103 987 ι
3148 936 3306 997 Ἴσως
3334 933 3390 986 δὲ
3439 932 3528 987 καὶ
3572 932 3709 1004 όνοιια

2182 1030 2342 1083 τοῦτο
2367 1030 2556 1102 κύριον
2579 1033 2608 1085 ὁ
2658 1031 2947 1101 προφήτης
2973 1028 3260 1097 ἐκέκτητο.
3306 1024 3466 1079 Ἀλλὰ
3495 1023 3590 1095 μὴν
3630 1028 3707 1080 κὰ-

2184 1128 2332 1180 κεῐνο
2360 1126 2676 1196 προσθεῖναι
2699 1127 2835 1197 πρὸς
2860 1122 3262 1195 ἀκριϐεστέραν
3299 1120 3497 1188 γνῶσιν
3522 1120 3619 1172 τῶν
3648 1120 3710 1190 βί-

2182 1216 2324 1270 6λων
2348 1217 2457 1271 τῶν
2485 1217 2839 1289 προφητικῶν
2865 1216 3038 1281 ἄξιον,
3060 1214 3138 1279 ὼς
3183 1214 3409 1284 ἀρχαῖον
3438 1210 3530 1281 μὲν
3557 1206 3617 1279 ἦν
3635 1216 3711 1280 τῆς

2182 1308 2523 1378 προφητείας
2572 1308 2632 1362 τὸ
2657 1308 2925 1378 χάρισμα,
2966 1307 3027 1374 ἐξ
3055 1303 3232 1374 αὐτῆς
3260 1301 3464 1358 ἄνωθεν
3495 1304 3588 1371 τῆς
3629 1301 3711 1354 τῶν

2180 1397 2277 1452 ἀνθ
2288 1400 2485 1468 ρώπων
2518 1395 2890 1468 δημιουργίας
2914 1396 3253 1467 ἀρξάμενον,
3276 1394 3434 1450 Ὥστε
3465 1389 3549 1443 τὸν
3575 1390 3712 1459 ’Δδὰμ

2180 1492 2309 1557 περὶ
2335 1490 2437 1559 τῆς
2471 1489 2614 1554 Εὐας
2637 1490 2840 1557 λέγειν,
2862 1485 3187 1559 προφητικῷ
3212 1482 3468 1553 δηλονότι,
3484 1482 3710 1552 χαρίσμα-

2178 1597 2251 1633 τισ
2276 1580 2531 1634 «Ἕνεκεν
2557 1581 2748 1635 τούτου
2770 1580 3086 1648 καταλείψει
3115 1576 3403 1647 ἄνθρωπος
3433 1573 3519 1625 τὸν
3544 1573 3711 1640 πατέρα

2177 1672 2366 1737 αὑτοῦ,
2397 1674 2492 1727 καὶ
2518 1674 2619 1745 τὴν
2655 1672 2866 1743 μητέρα
2912 1671 3101 1735 αὐτοῦ,
3159 1669 3257 1724 καί⁵
3289 1663 3709 1737 προσκολληθήσε-

2174 1781 2264 1818 ται
2297 1766 2436 1836 πρὸς
2464 1766 2563 1837 τὴν
2586 1769 2823 1836 γυναῖκα
2859 1764 3056 1828 αὐτοῦ,
3095 1762 3191 1816 καὶ
3221 1760 3439 1813 ἔσονται
3465 1758 3513 1811 οί
3550 1756 3631 1810 δύο
3652 1758 3709 1819 εἰς

2175 1856 2355 1927 σάρκα
2384 1858 2532 1928 μίαν.
2576 1877 2596 1910 υ
2633 1856 2964 1928 Ἀϐραὰμδὲ
2998 1849 3448 1926 προφήτης,παρ’
3479 1845 3709 1902 αὐτοῦτοῦ

2172 1947 2331 2012 Θεοῦ,
2366 1949 2541 2003 ταῦτα
2570 1951 2706 2019 πρὸς
2736 1949 2829 2002 τὸν
2858 1947 3155 2017 ’Δῆιμέλεχ
3184 1943 3457 2004 είπόντος,
3484 1940 3711 2011 προσηγό-

2175 2059 2361 2112 ρευται
2381 2057 2397 2073 ·
2427 2059 2447 2093 ι
2470 2042 2694 2105 ’Δπόδος
2721 2040 2819 2110 τὴν
2840 2041 3074 2109 γυναῖκα
3100 2036 3179 2106 τῷ
3198 2032 3492 2104 ἀνθρώπῳ,
3514 2032 3589 2085 ὅτι
3613 2047 3712 2099 προ-

2173 2136 2353 2207 φήτης
2396 2133 2567 2189 ἐστίν.
2601 2152 2621 2186 ι
2681 2134 2756 2187 Οὐ
2792 2132 2943 2203 μόνοι
3007 2130 3188 2183 τοίνυν
3221 2126 3496 2195 προφῆται
3530 2123 3713 2191 γεγόνα-

2173 2244 2259 2279 σιν
2279 2267 2293 2291 ,
2326 2219 2403 2279 ὧν
2432 2225 2713 2297 ἔγγραφος
2739 2226 2791 2295 ὴ·
2821 2221 3130 2292 προφητεία
3183 2219 3414 2289 φέρεται
3433 2230 3445 2244 ⁸
3477 2215 3586 2267 ἐπεὶ
3627 2213 3711 2276 πιῖις

2176 2318 2274 2389 μὲν
2307 2322 2334 2372 ὁ
2355 2316 2610 2388 Σαμουὴλ
2644 2314 2940 2387 προφητῶν
2970 2313 3199 2383 ἔξαρχος
3230 2306 3601 2378 ὲπωνόμαστο;
3625 2304 3712 2368 πῶς

2171 2410 2228 2463 δὲ
2265 2410 2373 2462 υἱοὶ
2408 2408 2705 2478 προφητῶν
2737 2408 2786 2459 οἱ
2811 2404 3169 2474 συναγόμενοι
3197 2398 3355 2471 παρὰ
3378 2398 3465 2451 τὸν
3495 2396 3712 2450 Ἐλισαῖον

2172 2499 2455 2568 έλέγοντο;
2489 2500 2802 2571 Προφητεία
2850 2496 2960 2567 γὰρ
3009 2496 3291 2566 ἔγγραφος
3321 2490 3383 2545 ού
3425 2487 3610 2541 τούτων
3639 2486 3712 2555 μὲν

2172 2588 2285 2656 οὖν,
2316 2591 2439 2644 οὐδὲ
2474 2591 2696 2644 ἐκείνων
2730 2588 2976 2660 φέρεται.
2997 2587 3154 2640 Ὅσοι
3178 2584 3360 2638 τοίνυν
3388 2577 3519 2652 ἦσαν
3539 2578 3624 2647 τὴν
3643 2595 3711 2646 φι-

2171 2682 2427 2751 λοσοφίαν
2458 2683 2590 2743 ἴσως
2618 2679 2762 2749 ὑπὲρ
2783 2678 2914 2741 τοὺς
2938 2677 3131 2739 ἄλλους
3161 2673 3459 2739 ἐξαίρετοι,
3477 2662 3609 2723 οὗτοι
3642 2668 3712 2719 καὶ

2170 2774 2270 2845 τὴν
2297 2771 2641 2845 προφητικὴν
2674 2772 2912 2842 θεωρίαν
2933 2768 3220 2840 γεγονότες
3248 2765 3525 2835 ἐπίσημοι,
3556 2761 3586 2832 ἦ
3619 2760 3712 2820 ταῖς

2176 2867 2475 2935 ἱστορικαῖς
2525 2864 2726 2934 βίϐλοις
2763 2863 2869 2933 τῆς
2928 2859 3299 2915 θεοπνεύστου
3344 2855 3587 2926 Γραφῆςς
3635 2851 3713 2904 ὅσα

2173 2954 2503 3026 προφητικῷ
2528 2954 2813 3024 Πνεύματι
2835 2952 3083 3015 είπόντες
3112 2948 3471 3021 ἢπράξαντες
3493 2942 3712 3011 ὑπῆρχον.

2171 3045 2583 3115 ἀνεγράφησαν,
2603 3043 2793 3114 ὥσπερ
2828 3041 3109 3112 Σαμουὴλ,
3142 3039 3336 3101 Ἰίλίας
3370 3054 3427 3090 τε
3457 3035 3543 3088 καὶ
3574 3031 3710 3085 Ἐὶισ-

2173 3139 2321 3200 σαίος
2340 3152 2354 3166 ⁸
2388 3136 2421 3206 ἢ
2448 3135 2689 3205 βίϐλους,
2715 3133 3113 3206 ἐπιτραπέντες
3126 3131 3287 3200 παρὰ
3311 3127 3405 3183 τοῦ
3426 3124 3713 3193 Πνεύματος,

2176 3229 2331 3284 αὐτοὶ
2379 3226 2726 3299 προφητικὰς
2762 3224 3059 3289 συνέταξαν
3078 3240 3091 3252 ’
3135 3218 3242 3277 οἷοὶ
3274 3238 3416 3285 τινες
3446 3220 3495 3272 οἱ
3524 3216 3713 3278 δώδεκα,

2186 3321 2418 3384 Ἡσαΐας
2448 3337 2528 3384 τε,
2552 3321 2645 3373 καὶ
2676 3318 2964 3389 Ἱερεμίας,
3001 3316 3097 3371 καὶ
3119 3314 3410 3383 ἰεζεκιὴλ,
3441 3311 3530 3366 καὶ
3552 3305 3712 3376 Δανιὴλ

2174 3414 2462 3482 γεγόνασιν
2483 3428 2497 3443 ’
2525 3404 2600 3465 ὧν
2618 3409 2880 3478 Ἰεζεκιὴλ
2912 3409 3008 3479 μὲν
3047 3407 3140 3461 καὶ
3166 3406 3392 3475 Δανιὴλ,
3422 3400 3645 3471 ’Δγγᾶιός
3664 3415 3711 3451 τι

2174 3506 2268 3559 καὶ
2302 3504 2600 3575 Ζαχαρίας,
2636 3504 2735 3572 τῆς
2794 3500 3048 3563 ἁλώσεως
3091 3499 3191 3569 τῆς
3251 3498 3313 3562 ἐξ
3343 3493 3624 3565 Ἀσσυρίων
3653 3490 3711 3558 τῲ

2173 3596 2288 3667 λαῷ
2314 3596 2602 3666 συμϐάσης
2631 3594 2743 3648 τῶν
2770 3593 3063 3656 Ἰουδαίων,
3106 3589 3330 3660 ὕστεροι
3385 3583 3710 3660 προφητεύουο

2176 3705 2281 3742 σιν.
2326 3687 2597 3757 Ἱερεμίας
2624 3686 2681 3738 δὲ
2704 3684 2914 3755 ταύτην
2946 3680 3286 3754 προφητεύει
3319 3681 3419 3749 τὴν
3465 3674 3711 3732 ἅλωσινθὸ

2176 3777 2436 3847 Σοφονίας
2463 3778 2524 3831 οὐ
2553 3777 2732 3831 πάντα
2766 3777 2857 3831 τὸν
2891 3775 3083 3846 καιρὸν
3113 3774 3216 3844 τῆς
3247 3773 3593 3843 προφητείας,
3622 3764 3710 3819 ἀλλ’

2174 3868 2283 3921 ἀπὸ
2315 3867 2518 3937 μέρους
2550 3868 2923 3937 συνήκμασεν,
2984 3863 3080 3918 ἐπὶ
3106 3863 3208 3933 τῆς
3233 3860 3440 3916 Ἰωσίου
3484 3854 3711 3928 βασιλείας

2177 3959 2602 4030 προφητεύσας·
2655 3959 2741 4026 ἐφ’
2797 3950 2861 4010 οὗ
2919 3956 3019 4025 τῆς
3075 3955 3422 4025 προφητείας
3491 3945 3710 4017 ἰεριμίας

2175 4051 2404 4123 ἧρξατο·
2431 4053 2480 4105 οί
2496 4050 2675 4104 λοιποὶ
2700 4050 2759 4103 δὲ
2788 4048 3008 4102 Ἡσαΐου
3033 4047 3132 4116 μὲν
3161 4046 3475 4115 σύγχρονοι,
3500 4038 3618 4094 ἀλλὰ
3642 4036 3713 4088 καί

2176 4142 2452 4212 Σαμουὴλ,
2479 4142 2571 4195 καὶ
2589 4138 2798 4204 Ἠλίου,
2821 4137 2917 4192 καὶ
2948 4136 3254 4190 Ἐλισσαίου
3284 4133 3551 4203 νεώτεροι.
3574 4126 3707 4197 Δῆλον

2175 4235 2285 4303 γὰρ
2312 4235 2407 4301 ἀφ’
2459 4226 2535 4288 ὧν
2573 4232 2650 4300 τῷ
2686 4232 2785 4301 μὲν
2831 4228 3126 4297 Ἐλισσαίῳ
3156 4226 3343 4297 παρῆν
3397 4224 3544 4284 ἰωᾶς
3585 4220 3610 4271 ό
3638 4215 3708 4269 τοῦ

2175 4324 2391 4395 Ἰσραὴλ
2421 4324 2695 4394 βασιλεὺς,
2722 4322 2813 4376 τὸν
2845 4320 2960 4391 βίον
2994 4318 3387 4390 μεταλλάττεν
3416 4318 3472 4368 ὲν
3516 4310 3709 4382 ἡμέραις

2173 4418 2232 4471 δὲ
2264 4418 2566 4487 Ἰεροὸοὰμ,
2582 4417 2644 4470 οὐ
2664 4415 2761 4469 τοῦ
2787 4415 2905 4467 υίοῦ
2928 4412 3141 4476 Ναυὰτ,
3166 4410 3303 4465 ἀλλὰ
3324 4408 3420 4462 τοῦ
3443 4406 3553 4460 υίοῦ
3571 4401 3706 4461 ἰωᾱς.

484 4512 731 4568 Judaeum
778 4520 836 4566 et
895 4509 1196 4566 Samariam
1252 4510 1721 4581 prephetaverunt
1765 4528 1779 4564 :
1842 4522 1897 4566 et
1946 4514 2072 4568 ideo

2187 4509 2351 4578 Ὠσηὲ
2402 4509 2505 4579 τὴν
2562 4508 2904 4579 προφητείαν
2958 4505 3273 4559 ἐκτίθεται·
3333 4500 3506 4570 τούτῳ
3550 4496 3600 4548 δὲ
3640 4491 3711 4545 καὶ

485 4607 631 4659 inter
693 4618 849 4675 reges
923 4601 1079 4657 Iuda:
1140 4602 1476 4666 Jcroboam,
1548 4602 1641 4672 qni
1704 4603 1896 4659 decem
1967 4602 2069 4659 tri-

483 4696 655 4752 buum
692 4694 859 4749 Israel
903 4703 1275 4764 separatarnm
1324 4695 1501 4749 tenuit
1537 4703 1836 4764 sceptrum,
1886 4713 2061 4752 annu-

487 4792 723 4840 merant.
762 4784 916 4839 Patet
945 4792 1129 4838 autem
1161 4784 1436 4837 Amasiam
1498 4786 1838 4841 sacerdotem
1874 4787 2067 4843 Bethel

484 4875 605 4932 haec
636 4874 704 4929 ad
731 4873 898 4929 Amos
920 4874 1155 4929 dixisse:
1193 4895 1211 4927 ι
1235 4874 1547 4944 Trasmigra
1604 4875 1660 4929 in
1702 4885 1902 4931 terram
1925 4879 2066 4934 Iuda

486 4974 545 5021 et
590 4966 663 5020 ibi
700 4966 821 5020 vive
850 5005 865 5030 ,
898 4973 956 5019 et
983 4965 1057 5019 ibi
1126 4965 1515 5036 prophetabis:
1549 4965 1609 5020 In
1646 4965 1836 5022 Bethel
1883 4980 2065 5024 autem

488 5072 601 5112 non
631 5057 878 5127 adiicias.
914 5076 932 5109 ι
971 5056 1250 5125 Quotquot
1275 5064 1458 5109 autem
1482 5055 1681 5111 futura:
1713 5056 1914 5114 Iudaeae
1933 5075 2065 5130 pro-

490 5150 735 5219 phetiam
795 5149 1263 5218 praedicaverunt,
1300 5148 1560 5202 hisolum
1618 5165 1777 5220 reges
1843 5151 1897 5205 in
1940 5168 2062 5207 eam

488 5252 781 5312 regnantes
811 5248 1256 5296 commemorant.

2189 4599 2370 4671 ’Δμὼς
2396 4602 2491 4654 καὶ
2517 4600 2756 4670 Μιχαίας
2788 4600 2881 4653 καὶ
2921 4598 3149 4661 Ἡσαΐας
3185 4596 3567 4667 συνήκμασαν·
3594 4586 3655 4648 ὡς
3673 4581 3709 4635 οε

2174 4694 2614 4764 προτεταγμένοι
2672 4696 2774 4761 τῆς
2833 4691 3068 4744 ἑκάστου
3121 4685 3460 4759 προφητείας
3511 4675 3709 4751 βασιλεῖς

2175 4786 2465 4839 παιδεῦσαι
2495 4786 2586 4838 τὸν
2617 4785 2726 4838 άπὸ
2756 4782 2992 4849 σπουδῆς
3032 4779 3346 4851 μελετῶντά
3372 4794 3431 4829 τε
3466 4773 3553 4827 καὶ
3568 4768 3709 4838 ψηλα-

2173 4878 2361 4947 φῶντα
2384 4879 2661 4933 δύνανται.
2695 4878 2875 4947 Ὅπερ
2904 4877 2961 4928 δὲ
2992 4874 3179 4927 λοιπόν
3207 4874 3326 4925 ἐστι
3363 4868 3441 4939 τῷ
3478 4861 3708 4937 προλόγῳ.

2172 4970 2487 5037 ἀναγκαίως
2523 4969 2906 5040 προσθήσομεν
2929 4984 2942 4996 ·
2980 4966 3055 5028 ὡς
3081 4962 3264 5034 Ἀμὼς
3294 4961 3386 5015 καὶ
3422 4957 3569 5025 Ὠσηὲ
3601 4948 3709 5004 κατό

2171 5059 2270 5130 τὴν
2296 5059 2555 5114 Ἰουδαίαν
2581 5060 2675 5112 καὶ
2706 5057 3021 5127 Σαμάρειαν
3039 5053 3513 5125 προφητεύσαντες
3533 5045 3706 5111 ἔτυχον,

2171 5154 2268 5207 καὶ
2302 5156 2495 5207 τούτου
2546 5154 2707 5225 χάριν
2753 5154 2865 5214 τοῖς
2901 5148 3185 5220 βασιλεῦσι
3225 5148 3321 5215 τῆς
3359 5140 3606 5199 Ἰουδαίας
3637 5132 3708 5228 τξν

2183 5247 2247 5300 Ἰε
2257 5247 2419 5318 ροὸοὰ
2427 5265 2466 5317 μ
2493 5247 2586 5300 τὸν
2605 5245 2673 5298 τὰ
2691 5244 2826 5297 δέκα
2854 5242 3113 5312 σκῆπτρα
3146 5239 3248 5307 τῆς
3267 5230 3631 5305 άφορισθείσης

489 5335 712 5408 Ἰσραὴλ
744 5333 1017 5405 βασιλείας
1068 5334 1343 5404 ἐσχηκότα
1380 5335 1713 5401 συνέταξαν
1742 5336 1902 5407 δῆλον
1943 5338 2001 5390 δὲ
2029 5339 2111 5393 ὃτι
2154 5314 2484 5409 ἈμασίαςἾὸ
2533 5341 2714 5409 ἱερεὺς
2747 5338 2947 5407 Βαιθὴλ
2994 5333 3224 5389 τοιαῦτα
3265 5330 3397 5402 πρὸς
3441 5326 3527 5379 τὸν

488 5405 791 5495 ἐφθέγξατο
821 5437 836 5452 ⁸
875 5420 1261 5493 «Ἐκχώρησον
1297 5427 1378 5489 είς
1420 5427 1524 5495 γῆν
1563 5426 1772 5493 Ἰούδα,
1798 5405 1805 5407 ἡ
1833 5427 1925 5481 καὶ
1971 5430 2090 5481 ἐκεῖ
2141 5405 2437 5495 καταδεου,
2492 5405 2735 5484 καὶ-ἐκεῖ
2790 5405 3217 5500 προφητεύσεις.
3251 5443 3270 5476 ι
3317 5422 3409 5483 El;
3452 5417 3504 5469 δὲ
3534 5405 3701 5476 Βαιθίβ

491 5519 677 5577 οὐκέτι
706 5517 952 5589 προσθῇς
975 5535 991 5551 ·
1021 5522 1137 5575 ὅσοι
1165 5518 1223 5572 δὲ
1267 5518 1367 5590 τῆς
1405 5519 1671 5585 Ἰουδαίας
1703 5521 1968 5592 ἐσομένης
2009 5521 2109 5593 τὴν
2150 5524 2484 5596 προφητείαν
2531 5521 2824 5595 ἐκήρυξαν,
2859 5515 3002 5574 οὗτοι
3029 5519 3190 5591 μόνον
3209 5516 3316 5571 τῶν
3333 5516 3389 5567 ὲν
3419 5510 3547 5579 αὐτῇ
3576 5505 3702 5571 βασι*

488 5610 799 5671 λευσάντων
830 5616 1158 5681 μέμνηνται.
