3950 6412
239 384 379 453 1345

495 528 847 585 ΚΕΦΑΛΑΙΑ
883 531 961 603 (ὃ)
995 531 1170 585 ΩΣΗΕ
1200 529 1594 583 ΠΡΟΦΗΤΟΥ.

306 651 381 701 α’.
404 644 590 700 Είκὼν
625 645 726 715 τῆς
747 644 856 698 τῶν
906 645 1180 699 Ἰουδαίων
1225 642 1577 713 συναγωγῆς,
1629 638 1690 705 ἐξ
1716 632 1784 711 ἦς
1812 638 1840 691 ὁ

234 738 481 811 Χριστὸς
497 738 558 792 τὸ
574 741 716 794 κατὰ
751 740 928 809 σάρκα
956 737 1199 793 τίκτεται
1223 753 1234 767 ο
1264 736 1358 790 καὶ
1391 731 1522 789 λαοῦ
1554 733 1614 787 τὸ
1646 732 1742 803 μέν
1783 731 1840 783 ἐν

239 832 475 988 ἓπιστίᾳ
516 833 753 904 ἔμεινεν,
784 832 922 886 τὸδέ
976 832 1201 903 ὕστερον
1230 829 1551 901 ἐπιστρέφει
1594 826 1689 881 καὶ
1734 818 1840 877 σώ-

277 943 423 980 εται.

277 943 423 980 εται.

328 1032 396 1110 β’.
426 1037 654 1107 Ἀπειλὴ
677 1036 819 1092 κατά
844 1036 946 1107 τῆς
985 1035 1310 1104 συναγωγῆς
1332 1073 1346 1098 ,
1377 1035 1458 1087 ὅτι
1485 1032 1704 1087 πάντων
1734 1031 1842 1085 τῶν

239 1130 513 1186 δοθέντων
537 1132 677 1201 αὐτῇ
705 1128 855 1200 παρὰ
881 1127 1017 1182 Θεοῦ
1049 1126 1291 1197 ἀγαθῶν,
1340 1126 1479 1180 ἀλλά
1501 1124 1603 1178 καῖ
1629 1117 1704 1178 ὧν
1726 1124 1842 1177 ἕδο-

242 1223 344 1292 ξεν
371 1224 437 1278 ἐκ
460 1222 569 1276 τῶν
597 1221 834 1275 εἰδώλων
871 1220 1040 1291 ἔχειν,
1070 1218 1520 1291 γυμνωθήσεται.

319 1323 391 1384 γ’.
414 1315 749 1387 Πρόρρησις,
777 1314 925 1376 ὅπως
951 1314 983 1385 ἡ
1005 1312 1104 1383 μὲν
1125 1309 1427 1382 Συναγωγὴ
1447 1310 1554 1363 τῶν
1572 1307 1845 1362 Ἰουδαίων

240 1406 623 1471 ταπεινοῦται,
648 1406 743 1460 καὶ
758 1405 856 1475 τῆς
886 1402 1133 1467 δουλείας
1151 1402 1250 1472 τῆς
1272 1401 1381 1456 τῶν
1413 1399 1650 1453 εἰδώλων
1672 1398 1847 1457 παύε-

241 1516 341 1554 ται
363 1516 375 1529 ·
404 1500 456 1553 oi
496 1496 555 1565 ἐξ
574 1497 750 1568 αὐτῆς
779 1497 836 1551 δὲ
892 1495 1286 1558 πιστεύσαντες
1330 1493 1723 1564 κοινωνήσουσι
1751 1491 1849 1561 τῆς

237 1592 384 1656 νέας
415 1588 705 1661 διαθήκης,
738 1588 834 1643 καὶ
864 1586 973 1640 τῶν
999 1589 1059 1641 ἐν
1085 1584 1306 1657 Χριστῷ
1359 1583 1681 1657 μυστηρίων
1734 1584 1850 1647 τοῖς

237 1684 455 1739 ἔθνεσι.

324 1800 389 1855 δ’.
419 1797 741 1871 Κατηγορία
760 1800 861 1870 τῆς
887 1796 1344 1866 Συναγωγῆς,ὂτι
1372 1794 1528 1865 παρὰ
1548 1792 1685 1848 Θεοῦ
1713 1793 1850 1862 ἀγα-

1310 386 1406 447 ΙΝ
1432 387 1547 446 XII
1589 383 2036 446 PROTIIETAS
2077 378 2442 440 MlNORES.

1861 509 1910 564 Α

3388 360 3521 427 1246

2294 520 2381 577 CA
2391 518 2545 574 PITA
2580 516 2759 573 OSEE
2800 508 3214 569 PROPIIETAS.

2008 637 2052 693 ἴ.
2096 635 2310 709 Eﬂigies
2335 636 2629 706 Synagogce
2655 631 2970 687 Judreorum
3011 643 3074 682 ex
3125 640 3233 695 qua
3270 620 3523 677 Christus

1940 730 2241 786 secundum
2278 742 2503 782 carnem
2551 723 2822 788 nascitur,
2859 730 2915 777 et
2940 717 3130 792 populi
3164 714 3184 789 [
3216 713 3310 785 qui
3341 711 3363 785 1
3411 709 3525 781 pri-

1941 838 2091 877 mum
2136 821 2356 893 quidem
2410 820 2464 873 in
2518 815 2905 873 incredulitate
2967 807 3292 883 permansit,
3339 812 3525 876 postea

1940 930 2072 969 vero
2110 923 2169 969 Se
2207 912 2477 968 convertit
2504 919 2559 964 et
2596 909 2857 964 salvatnr.

2012 1023 2081 1080 Il.
2127 1023 2286 1078 hlium
2347 1022 2612 1078 adversus
2657 1018 3020 1091 Synagogam,
3077 1011 3287 1068 scilicet
3346 1005 3529 1061 omni-

1942 1118 2047 1174 bus
2108 1131 2137 1170 a
2191 1116 2300 1170 Deo
2332 1114 2574 1184 acceptis
2604 1111 2766 1169 bonis
2791 1151 2808 1178 ,
2843 1108 2975 1179 quin
3004 1104 3173 1162 etiam
3218 1103 3286 1157 iis
3312 1114 3434 1171 quae
3459 1096 3530 1153 ab
3568 1124 3577 1139 -

1945 1211 2105 1266 idolis
2132 1209 2380 1264 obtinere
2411 1208 2513 1263 sibi
2528 1207 2642 1263 visa
2668 1213 2774 1271 est,
2808 1204 3066 1259 nudatam
3087 1198 3172 1255 iri.

2019 1303 2107 1358 Ill.
2156 1301 2451 1357 Praedictio
2509 1299 2786 1370 quomodo
2858 1295 3175 1352 Judazorum
3246 1289 3531 1362 Synagoga

1948 1384 2287 1465 humiliatur,
2319 1404 2378 1448 et
2410 1408 2442 1448 a
2478 1391 2744 1447 servitute
2796 1387 3064 1443 idolorum
3110 1385 3393 1441 liberatur.
3427 1378 3533 1446 Qui

1949 1504 2017 1544 ex
2047 1503 2111 1543 ea
2141 1484 2480 1542 crediderint
2538 1479 3027 1538 communicabunt
3095 1491 3222 1532 cum
3280 1472 3535 1547 gentibus

1950 1596 2149 1637 novum
2183 1579 2364 1636 [cadus
2395 1585 2451 1632 et
2501 1575 2557 1631 in
2592 1573 2812 1628 Christo
2856 1567 3135 1642 mysteria.

2024 1794 2131 1865 IV.
2157 1790 2453 1847 Accusatio
2492 1786 2814 1859 Synagogze,
2845 1779 3013 1853 quod,
3050 1792 3172 1834 cum
3212 1791 3242 1831 a
3275 1775 3385 1830 Dee
3413 1772 3539 1829 dili~

244 1892 489 1964 πωμένη
516 1861 630 1954 τοίς
651 1861 914 1954 ἐἰδώλοις
967 1861 1322 1962 προσέδραμε
1342 1905 1358 1921 θ
1389 1861 1486 1942 καὶ
1515 1886 1844 1959 πρόρρησις,

1993 1861 2170 1943 eretur
2196 1926 2213 1950 ,
2253 1883 2320 1939 ad
2363 1881 2507 1937 idola
2550 1894 2611 1935 se
2665 1873 2985 1933 contulerit.
3003 1872 3072 1926 Et
3093 1867 3374 1940 prmdictio
3400 1880 3540 1936 quo-

242 1985 410 2048 ὄπως
439 1983 754 2054 ὁλοκλήρως
779 1982 920 2053 αὐτῇ
952 1982 1023 2037 τὰ
1059 1981 1158 2051 τῆς
1188 1980 1424 2051 ἀρχαίας
1446 1978 1720 2043 πολιτείας
1744 1979 1845 2051 ἁρ-

244 2077 428 2148 γήσῃ,
451 2075 588 2144 αὐτὴ
611 2074 670 2127 δὲ
703 2074 1009 2146 ἐπιστρέψῃ
1042 2072 1180 2145 πρὸς
1208 2072 1300 2128 τὸν
1322 2072 1560 2143 Χριστὸν
1582 2073 1661 2136 εἰς
1691 2070 1849 2126 ὓστε-

250 2184 376 2240 ρον.

326 2290 369 2338 ε’
379 2326 395 2342 .
426 2285 693 2356 Διήγησις
729 2277 806 2337 ὧν
825 2283 854 2337 ό
879 2281 1007 2346 λαὸς
1037 2281 1148 2335 τῶν
1175 2280 1447 2335 Ἰουδαίων
1474 2280 1567 2334 καὶ
1586 2279 1636 2334 οἱ
1663 2278 1853 2334 τούτου

253 2377 430 2446 ἱερεῖς
451 2373 690 2446 ἠσέϐουν
716 2374 812 2428 καὶ
833 2373 1179 2445 ἡμάρτανον.
1326 2369 1378 2455 ς,

338 2468 413 2535 ς’.
440 2467 766 2540 Κατηγορία
790 2468 901 2521 τῶν
927 2465 1238 2522 Ἰουδαϊκῶν
1263 2458 1543 2538 ἀρχόντων
1563 2482 1575 2496 ⁸
1599 2466 1679 2521 ὅτι
1705 2464 1857 2536 παρά

253 2562 364 2633 τὴν
394 2560 579 2616 αὐτῶν
607 2560 788 2615 αἰτίαν
816 2562 845 2613 ὁ
892 2558 1022 2623 λαὸς
1070 2556 1449 2631 ἐξημάρτανε·
1480 2558 1575 2612 καὶ
1618 2557 1860 2626 γνησίως

261 2656 372 2727 μὲν
389 2655 527 2726 πρὸς
551 2655 645 2708 τὸν
673 2653 809 2707 Θεδν
858 2653 961 2705 οὐκ
990 2652 1351 2723 ἐπέστρεφον,
1401 2652 1540 2723 μετὰ
1570 2650 1774 2704 Θυσιῶν
1805 2649 1863 2702 δέ

258 2747 432 2802 αὐτὸν
455 2746 669 2815 ἀλόγων
703 2734 913 2815 ἐζήτει,
944 2744 1039 2797 καὶ
1059 2744 1148 2797 διὰ
1171 2742 1331 2797 τοῦτο
1357 2743 1457 2814 οὐχ
1485 2741 1739 2815 ηὕρισκε.

339 2860 409 2926 ζ’.
438 2860 800 2934 Πρόσταγμα,
851 2858 1197 2931 κηρυχθῆναι
1245 2854 1337 2912 οἷα
1383 2858 1425 2909 δ’
1464 2855 1592 2921 λαδς
1627 2855 1726 2927 μέν
1758 2855 1866 2909 τῶν

260 2954 548 3010 Ἰουδαίων
578 2954 918 3027 ἐξήμαρτεψ
970 2953 999 3007 ὁ
1029 2949 1267 3023 Χριστὸς
1298 2949 1356 3003 δὲ
1397 2947 1487 3002 διὰ
1515 2946 1614 3001 τοῦ
1653 2963 1867 3019 μυστη-

267 3045 395 3118 ρίου
429 3047 525 3100 καὶ
548 3046 649 3118 τῆς
681 3045 1039 3109 ἀναστάσεως
1064 3042 1162 3098 καὶ
1187 3043 1288 3113 τῆς
1321 3041 1643 3112 ἀναλήψεως
1673 3040 1772 3111 τῆς
1790 3042 1869 3105 εἰς

264 3140 538 3211 οὐρανοὺς
568 3136 823 3210 ἔπραξεν.

343 3261 419 3324 η’.
462 3252 729 3319 Ἔνδειξις
749 3253 849 3323 τῆς
885 3250 980 3305 τοῦ
1004 3247 1141 3304 Θεοῦ
1174 3247 1611 3323 φιλανθρωπίας,
1649 3246 1748 3302 καὶ
1775 3246 1864 3323 τῆς

2048 3230 2189 3289 Vlll.
2232 3225 2647 3286 Demonstratio
2717 3220 2888 3278 divini
2928 3217 2986 3273 in
3051 3211 3306 3270 homines

272 3337 391 3401 τῶν
421 3346 696 3401 Ἰουδαίων
754 3344 1155 3416 ἀγνωμοσύνης
1178 3359 1191 3372 ·
1233 3341 1330 3396 καὶ
1364 3341 1689 3414 παραίνεσις
1740 3338 1877 3411 πρὸς

273 3440 505 3505 αὐτοὺς,
531 3438 750 3502 ἴνατοῖς
788 3435 968 3492 ἔθνεσι
988 3435 1091 3506 τῆς
1125 3433 1471 3504 ἐπιστροφῆς
1500 3431 1595 3486 καὶ
1634 3430 1736 3501 τῆς
1785 3428 1878 3495 ἐξ·

275 3531 669 3603 ομολογήσεως
696 3529 775 3600 τῷ
792 3529 965 3603 ληστῇ
980 3525 1058 3600 τῷ
1088 3526 1233 3582 κατά
1253 3525 1345 3580 τὸν
1368 3524 1565 3596 καιρὸν
1591 3522 1686 3577 τοῦ
1711 3538 1879 3577 σταυ-

279 3626 385 3700 ροῦ
414 3625 645 3678 σωθέντι
670 3621 1068 3691 κοινωνήσωσι.

359 3719 427 3774 θ’.
453 3715 781 3787 Κατηγορία
829 3713 923 3767 τοῦ
950 3708 1210 3782 αἰσθητοῦ
1258 3707 1499 3781 Ἰσραὴλ,
1540 3708 1643 3761 ὅσα
1675 3707 1756 3770 εἰς
1790 3705 1882 3760 τὸν

278 3812 526 3884 Χριστὸν
548 3809 822 3881 διαφόρως
857 3805 1167 3879 ἐξὴμαρτε’
1214 3804 1310 3857 καὶ
1349 3804 1433 3857 ὅτι
1468 3800 1884 3869 παλαιωθείσης

277 3902 476 3959 αὐτῶν
497 3903 599 3967 τῆς
623 3898 900 3960 πολιτείας
916 3895 1015 3949 οὐκ
1041 3893 1366 3965 ᾐσθάνοντο,
1388 3890 1672 3961 ἐζήλωσαν
1694 3888 1753 3942 δέ
1776 3887 1886 3940 τῶν

280 3995 467 4051 ἐθνῶν
508 3993 608 4064 τὴν
638 3989 873 4064 ἀρχαίαν
905 3986 1186 4054 ἀσέὄειαν,
1241 3982 1357 4038 ἀνθ’
1382 3975 1459 4038 ὧν
1485 3982 1671 4046 αὐτοῖς
1696 3977 1890 4034 ταπεί-

281 4105 464 4144 νωσιν
490 4085 780 4156 ἠπείλησε.

374 4188 426 4236 ι’.
465 4180 680 4252 Θρῆνος
706 4177 804 4231 τοῦ
832 4173 965 4229 λαοῦ
995 4171 1105 4227 τῶν
1138 4168 1433 4232 Ἰουδαίων,
1452 4164 1541 4222 οἶα
1575 4165 1674 4238 μὲν
1700 4164 1780 4228 είς
1801 4163 1893 4217 τὸν

281 4272 435 4329 ,Θεὸν
473 4270 805 4342 ἐξήμαρτεν,
839 4259 929 4321 οἷα
972 4263 1031 4317 δὲ
1072 4260 1203 4334 παρ’
1226 4259 1398 4314 αὐτοῦ
1445 4255 1851 4327 ἐπαιδεύθησαν
1876 4270 1891 4285 ο

291 4366 402 4422 καὶ
425 4366 573 4428 ὅπως
604 4363 694 4418 διὰ
717 4361 818 4434 τὴν
845 4357 1060 4429 πλάνην
1091 4355 1198 4410 τῶν
1224 4350 1459 4407 εἰδώλων
1488 4348 1762 4419 ἀπόληται
1801 4348 1899 4402 αὐ-

1951 1980 2113 2036 modo
2144 1991 2307 2034 suum
2357 1975 2433 2029 illi
2461 1973 2744 2041 antiquum
2788 1966 3031 2038 regimen
3069 1961 3294 2018 omnino
3328 1959 3540 2013 irritum

1952 2075 2086 2139 ﬁet;
2121 2073 2240 2143 ipsa
2269 2082 2402 2125 vero
2440 2081 2498 2121 se
2526 2070 2812 2121 convertet
2840 2066 3028 2131 postea
3068 2055 3134 2112 ad
3175 2053 3484 2110 Christum.

2024 2260 2094 2315 ν.
2133 2257 2390 2313 Narratio
2420 2268 2614 2310 eorum
2643 2251 2698 2306 in
2731 2249 2934 2320 quibus
2955 2244 3273 2301 Iudaeorum
3305 2240 3545 2310 populus

1957 2362 2014 2410 et
2037 2354 2159 2425 ejus
2185 2348 2497 2405 sacerdotes
2532 2343 2699 2414 impie
2721 2346 2951 2412 egerunt
2977 2346 3033 2392 et
3060 2339 3446 2406 peccaverunt.

2031 2422 2117 2501 Vi.
2172 2440 2465 2499 Accusatio
2505 2437 2823 2493 Judamrum
2876 2428 3189 2500 principum
3214 2466 3228 2490 ,
3266 2422 3411 2493 quod
3451 2436 3549 2491 per

1960 2554 2153 2595 eorum
2194 2537 2412 2605 culpam
2437 2528 2675 2602 populus
2704 2523 2986 2597 peccavit,
3022 2534 3128 2574 nec
3157 2520 3396 2587 ingenue
3428 2512 3550 2582 qui-

1963 2634 2085 2688 dem
2121 2631 2186 2687 ad
2223 2630 2397 2684 Deum
2462 2640 2521 2680 se
2554 2619 2849 2684 convertit;
2881 2615 2979 2672 sed
3011 2628 3137 2668 eum
3197 2624 3321 2665 cum
3374 2603 3550 2676 illegi-

1967 2725 2114 2781 timis
2160 2722 2396 2779 victimis
2446 2715 2646 2789 quaerit
2700 2720 2757 2768 ct
2781 2716 3073 2782 propterea
3105 2718 3216 2759 non
3248 2698 3480 2755 invenit.

2037 2840 2151 2896 VII.
2191 2836 2373 2894 Jnssio
2397 2841 2461 2891 ut
2514 2830 2872 2889 denuntietur
2909 2837 3031 2894 quae
3060 2818 3296 2892 populus
3337 2812 3556 2869 Judan-

1971 2948 2092 2990 rum
2137 2928 2487 3003 peccaverit;
2518 2940 2641 2995 quae
2698 2928 2884 2977 autem
2938 2915 3202 2973 Christus
3245 2924 3344 2981 per
3376 2919 3559 2961 resur-

1972 3026 2235 3085 rectionis
2264 3031 2323 3078 et
2349 3017 2685 3078 ascensionis
2701 3010 3021 3086 mysterium
3044 3004 3310 3063 ell‘ecerit.

3361 3206 3566 3263 amoris

1978 3324 2403 3391 Judaeorumque
2454 3313 2795 3372 immemoris
2829 3308 3020 3366 animi.
3066 3305 3136 3360 Et
3167 3303 3236 3360 ad
3283 3302 3428 3373 ipsos
3472 3314 3565 3352 ex-

1979 3413 2220 3472 hortatio
2249 3421 2311 3467 ut
2335 3409 2579 3483 gentium
2598 3400 2981 3461 conversionis
3009 3407 3066 3454 et
3086 3392 3318 3451 latronis
3348 3392 3405 3447 in
3430 3400 3571 3444 tem-

1981 3520 2115 3576 pore
2138 3501 2317 3558 crucis
2342 3497 2536 3555 salvati
2565 3493 2864 3566 participes
2895 3489 3046 3544 ﬁant.

2053 3690 2148 3747 IX.
2190 3685 2485 3745 Accusatio
2514 3683 2779 3740 adversus
2825 3673 3139 3733 sensualem
3171 3668 3342 3726 Israel
3363 3666 3575 3723 scilicet

1985 3795 2119 3857 quot
2152 3791 2210 3838 et
2262 3786 2470 3851 quanta
2517 3776 2573 3830 in
2616 3771 2902 3830 Christum
2958 3763 3297 3838 peccaverit,
3333 3770 3392 3816 et
3427 3758 3576 3830 quod

1987 3849 2332 3941 antiquatum
2360 3879 2524 3921 suum
2549 3861 2795 3933 regimen
2850 3871 2961 3912 non
2996 3852 3255 3918 senserit,
3285 3849 3384 3906 sed
3404 3864 3578 3905 aemu-

1989 3937 2136 4020 latus
2165 3961 2235 4017 sit
2262 3956 2510 4030 gentium
2542 3952 2826 4023 antiquam
2859 3946 3196 4017 impietatem
3220 3984 3237 4010 ,
3300 3955 3402 4011 pro
3454 3937 3578 4009 qui-

1990 4058 2095 4113 bus
2142 4048 2465 4109 criminibus
2504 4043 2941 4101 humiliationem
2990 4036 3122 4109 ipsis
3162 4035 3431 4089 minatur.

2064 4146 2135 4201 X.
2177 4138 2525 4200 Lamentatio
2551 4135 2738 4208 populi
2759 4131 3098 4193 Judaeorum,
3132 4133 3336 4198 quanta
3357 4122 3581 4194 quidem

1996 4242 2052 4296 in
2086 4239 2260 4294 Deum
2295 4229 2630 4307 peccaverit,
2666 4224 2888 4298 quantis
2916 4236 3048 4278 vero
3077 4220 3146 4275 ab
3207 4218 3330 4289 ipso
3383 4214 3585 4271 multa-

2001 4342 2088 4389 tus
2136 4330 2229 4396 sit,
2281 4335 2338 4383 et
2369 4321 2646 4396 quomodo
2699 4325 2925 4390 propter
2982 4310 3306 4369 idololatriae
3343 4319 3588 4363 errorem

289 4457 414 4512 τῶν
445 4457 473 4510 ὁ
495 4400 621 4517 νάιος
668 4400 786 4506 καὶ¹
807 4450 843 4522 ή
883 4400 1069 4519 χά»ρέιῖ
1096 4400 1192 4498 καὶ

2001 4425 2271 4500 perierint
2296 4435 2490 4477 eorum
2524 4414 2792 4487 templum
2822 4419 2879 4467 et
2908 4411 3111 4474 locum,
3136 4412 3194 4462 et
3242 4418 3368 4476 quae
3395 4416 3427 4456 a
3477 4400 3590 4455 Deo

295 4549 443 4604 Θεοῦ
468 4549 699 4619 νόμιμα.

382 4670 472 4718 ια’.
510 4660 848 4729 Ἀπόγνωσις
875 4654 975 4727 τῆς
1007 4651 1307 4721 Ἱουδαῖκῆς
1336 4647 1533 4721 χαρᾶς,
1563 4644 1679 4700 ἀνθ’
1706 4636 1781 4698 ὧν
1807 4660 1899 4714 μι-

306 4758 624 4833 μησάμενοι
648 4751 759 4807 τῶν
788 4748 958 4804 ἐθνῶν
991 4746 1092 4820 τὴν
1133 4742 1410 4809 ἀσέϐειαν,
1438 4739 1538 4803 τὰς
1582 4735 1775 4799 θυσίας
1803 4735 1898 4788 τοῦ

1932 4547 1976 4604 D
2005 4515 2320 4589 acceperint
2349 4508 2562 4582 lcgalia.

2074 4630 2172 4685 XI.
2212 4621 2464 4682 Deiectio
2494 4619 2811 4676 Judteorum
2842 4611 3050 4686 gaudii,
3088 4618 3143 4664 et
3171 4621 3237 4661 ex
3269 4602 3415 4677 quod
3455 4615 3592 4673 gen-

2010 4725 2147 4780 tium
2182 4716 2523 4789 impietatem
2554 4708 2798 4770 imitati,
2853 4704 2951 4759 Dei
2986 4696 3276 4756 sacriﬁicia
3332 4700 3389 4749 et
3444 4690 3596 4747 obla-

357 4786 374 4812 ῐ
395 4786 464 4812 υυι
513 4786 624 4811 eum
648 4786 758 4807 -ιων
788 4786 957 4804 suum
1003 4786 1043 4801 ι..
1074 4786 1089 4800 ν
1133 4786 1383 4799 ...ην-η..
1449 4786 1536 4803 η..
1590 4786 1773 4799 ---ἾἸ
1818 4786 1853 4788 ,γ

303 4786 452 4905 ἓοῦ
470 4786 576 4904 ἑκαὶ.
600 4849 697 4912 τὰς
723 4840 958 4905 σπονδὰς
981 4786 1269 4910 ἐμδλυναν,
1294 4786 1515 4903 καὶῖτὴν
1533 4828 1646 4883 τῶν
1665 4824 1864 4881 είδώλω

2011 4821 2188 4874 tiones
2212 4803 2707 4869 contaminaverint
2731 4809 2787 4855 et
2816 4795 3086 4853 idolorum
3109 4802 3354 4846 errorem
3380 4786 3439 4839 in
3467 4791 3598 4838 tem-

310 4946 529 5017 πλάνην
558 4942 639 5007 εἰς
667 4939 759 4994 τὸν
791 4935 920 4992 ναὸν
949 4933 1265 5005 εἰσήγαγον.

385 5056 476 5129 ιβ’.
502 5056 694 5117 Ὅπως
710 5050 804 5106 τὸν
835 5045 1056 5120 Ἰσραὴλ
1083 5039 1383 5113 ἀγαπητῶς
1404 5036 1580 5102 ὁΘεδς
1605 5033 1907 5103 ἐξελέξατο,

312 5121 475 5206 αὐτοὶ
499 5144 558 5199 δέ
577 5141 820 5205 εἰδώλοις
847 5136 1251 5213 προσέδραμον,
1278 5129 1374 5185 καὶ
1389 5125 1484 5182 τοῦ
1505 5124 1642 5180 Θεοῦ
1664 5122 1765 5194 τῆς
1787 5121 1878 5175 δου
1892 5150 1911 5161 ο

2011 4912 2164 4983 plum
2204 4897 2631 4962 introduxerint.

2085 5021 2202 5079 XII.
2248 5015 2534 5087 Quomodo
2568 5010 2735 5068 Israel
2791 5008 2934 5062 Deus
2966 5003 3129 5061 unice
3185 4997 3292 5055 sibi
3323 4991 3548 5087 elegerit
3578 5007 3596 5087 ξ

2002 5118 2116 5198 ipsi
2182 5129 2315 5171 vero
2397 5110 2468 5166 ad
2515 5104 2808 5163 simulacra
2873 5099 3257 5154 cucurrerunt,
3320 5095 3377 5143 et
3428 5100 3460 5139 a
3501 5081 3598 5137 Dei

355 5177 788 5204 U'suawasuwnvs
854 5177 887 5193 ..
927 5177 1049 5192 ν---
1091 5177 1123 5187 ..
1174 5177 1251 5198 -.,
1279 5177 1373 5185 .-η
1517 5177 1631 5180 --μ
1681 5177 1764 5194 ,_,

312 5177 374 5295 λε
385 5239 471 5303 ίας
496 5177 841 5305 ἀπέστησαῦ,
870 5177 967 5285 util.
987 5177 1108 5283 οὐδὲ
1129 5177 1189 5289 ἐξ
1210 5220 1390 5277 αὐτῶν
1416 5218 1509 5274 τὸν
1525 5215 1763 5289 Χριστὸν
1787 5231 1864 5284 σα4

2002 5192 2280 5265 servitute
2297 5202 2670 5261 desciverunt,
2688 5208 2792 5250 nec
2820 5192 2963 5247 inter
2985 5202 3081 5259 eos
3102 5182 3385 5240 Christum
3417 5177 3607 5231 incar-

2552 5292 2557 5301 ι
2604 5299 2614 5305 -
2735 5284 2834 5305 κέλ-
2871 5281 3006 5305 =_-:-
3038 5272 3364 5305 :mn--.....:n
3395 5266 3603 5305 uniti-

316 5266 469 5303 Λειας
496 5266 841 5305 απιυιιιυυιγ,
873 5266 967 5285 σενι-υ
987 5266 1108 5283 νννν.
1129 5266 1189 5289 ...τ
1210 5266 1277 5277 ..ν
1294 5266 1385 5276 ...η
1427 5266 1503 5274 --ν
1526 5266 1662 5289 --δ-η
1682 5266 1725 5270 η
1745 5266 1753 5269 ν
1798 5266 1808 5267 ,
1861 5266 1864 5284 Ι

315 5332 574 5389 κωθέντα
600 5326 939 5401 ᾐδέσθησαν
970 5321 1095 5376 ὅθεν
1126 5316 1310 5379 αὐτοῖς
1342 5310 1456 5384 ἀρὰ
1482 5306 1790 5380 ἀκαρπίας,
1818 5319 1864 5358 κι

2014 5311 2206 5358 natum
2240 5295 2465 5354 reveriti
2491 5292 2662 5356 sunt;
2695 5284 2842 5344 unde
2871 5281 3009 5355 ipsis
3038 5272 3364 5348 imprecatio
3395 5266 3603 5326 sterili-

2097 5393 2110 5401 ·
2222 5399 2228 5401 Α
2273 5389 2285 5401 ·
2472 5394 2483 5401 α
2506 5400 2541 5401 η
2590 5382 2694 5401 Δμμ
2715 5376 2939 5401 -_-:....:..
2976 5370 3256 5401 κηληιιειη..

316 5427 425 5499 τῆς
453 5424 537 5490 είς
564 5421 638 5478 τὰ
667 5420 798 5492 ἔθνη
826 5415 1127 5487 διασπορᾶς
1161 5409 1452 5478 ἐπάγεται.

2017 5393 2144 5450 tatis
2179 5399 2238 5448 et
2272 5389 2329 5446 in
2360 5394 2552 5461 gentes
2579 5376 2943 5452 diSpersionis
2976 5370 3275 5429 inducitur.

1868 5567 2105 5627 NOTAE.

403 5743 482 5820 ('5)
533 5741 857 5815 Κεφάλαια.
892 5736 1033 5792 Cum
1095 5732 1182 5787 his
1230 5724 1470 5785 conferri
1513 5727 1748 5793 possunt
1789 5715 1889 5770 illa
1932 5713 2180 5779 Eusebii,
2221 5724 2344 5783 quae
2394 5703 2663 5776 Procopio
2695 5697 2920 5758 Parisiis
2970 5694 3120 5750 edito
3168 5690 3221 5746 in

325 5833 575 5896 praenxa.

3264 5683 3459 5744 Isaiam
3481 5687 3609 5737 sunt
