3950 6414
209 370 343 436 Ιῖἰὶθ

1280 374 1362 434 ΙΝ
1400 372 1516 433 XII
1563 368 2011 432 PROPHETAS
2054 372 2425 435 MINORES.

3346 371 3485 442 13Ξο

204 490 300 559 τῆς
327 485 424 540 τοῦ
446 487 566 544 νέου
590 485 724 541 λαοῦ
746 487 1048 556 πολιτείας,
1071 489 1168 546 καὶ
1198 490 1308 546 τῶν
1331 491 1636 562 μελλόντων
1657 488 1796 542 κατά

1943 491 2026 546 ovi
2057 495 2243 564 p0puli
2267 491 2567 566 rcgiminis,
2588 499 2642 549 et
2669 491 2978 549 futurorum
3009 493 3064 549 in
3096 503 3342 566 tempore
3361 510 3488 551 con-

199 580 294 633 τὸν
319 579 516 649 καιρὸν
537 578 640 650 τῆς
666 580 983 646 συντελείας
1007 580 1249 640 ἔσεσθαι.

274 675 340 725 ε’.
385 668 718 724 ⁴διδασκαλία
759 671 870 726 τῶν
909 673 1013 744 τῆς
1055 673 1350 746 μετανοίας
1404 671 1661 745 τρόπων,
1707 670 1804 725 καὶ

201 760 344 814 Θεοῦ
389 762 738 833 συμπαθείας
775 764 1095 837 ὑπόσχεσις,
1119 768 1216 820 καὶ
1257 764 1567 838 προφητεία
1591 780 1802 834 μυστη-

201 852 344 923 ρίων
368 851 437 905 δι’
459 846 535 907 ὧν
563 855 597 925 ἡ
623 854 914 909 δυναστεία
934 855 1026 909 τοῦ
1048 856 1298 910 διαϐόλου
1324 857 1622 911 πέπαυται.

281 943 359 1009 ς’.
401 946 720 1018 Πρόρρησις
752 948 852 1016 τῆς
882 949 974 1002 διὰ
1010 950 1250 1021 σταυροῦ
1270 949 1566 1022 σωτηρίας,
1593 947 1689 1002 καὶ
1703 947 1803 1015 τῆς

201 1033 319 1086 τῶν
343 1036 662 1106 μυστηρίων
683 1037 791 1088 τῶν
813 1037 948 1090 νέων
967 1039 1342 1107 παραδόσεως,
1362 1039 1467 1093 ἀπε
1475 1055 1507 1108 ρ
1527 1040 1556 1090 ό
1570 1037 1803 1107 Χριστὺς

206 1126 644 1199 ὲνανῦρωπήσας
675 1131 754 1192 είς
793 1130 1111 1202 ἀποτροπὴν
1142 1131 1248 1183 τῶν
1287 1129 1598 1202 ἔμπροσθεν
1616 1129 1802 1182 κακῶν

203 1219 290 1290 τῷ
329 1219 546 1290 Ἰσραὴλ
575 1220 817 1292 μάλιστα
843 1221 919 1292 τῷ
943 1222 1119 1293 νοητῷ
1138 1222 1466 1292 δεδώρηται.

283 1311 352 1376 ζ’.
390 1313 716 1383 ’Υπόσχεσις
748 1313 847 1382 τῆς
874 1314 1174 1384 καθολικῆς
1201 1315 1410 1386 δωρεᾶς
1443 1313 1539 1366 καὶ
1573 1311 1801 1367 καθόλου

205 1401 308 1454 τοῦ
333 1402 650 1473 Ιῐνεόματος
668 1421 681 1434 ·
706 1403 802 1457 καὶ
824 1405 1132 1476 πρόρρησις
1156 1404 1277 1458 τίνα
1313 1408 1370 1458 ὲν
1405 1403 1483 1474 τῷ
1507 1403 1685 1473 καιρῷ
1707 1404 1804 1474 τῆς

210 1493 531 1558 συντελείας
555 1494 712 1547 ἔσται
733 1534 748 1558 ,
778 1497 873 1549 καὶ
914 1497 1058 1560 τίνες
1075 1498 1123 1549 οἱ
1148 1497 1270 1551 τότε
1293 1497 1614 1567 σωζόμενοι.

284 1591 360 1655 η’.
398 1585 625 1656 Ἀπειλὴ
648 1585 884 1656 κρίσεως
925 1587 1066 1640 κατὰ
1095 1586 1367 1656 δαιμόνων
1400 1585 1654 1655 μάλιστα,
1677 1584 1806 1638 ἀνθ’

207 1668 290 1728 ὧν
312 1675 408 1728 τοῦ
429 1675 564 1728 Θεοῦ
583 1673 674 1729 τὸν
704 1675 835 1730 λαδν
853 1677 932 1740 είς
951 1675 1158 1747 ἡδονῶν
1173 1675 1419 1730 δουλείαν
1440 1676 1536 1730 καὶ
1551 1674 1807 1746 λατρείαν

214 1767 454 1819 είδώλων
487 1766 818 1837 Ἑλληνικῶν
850 1767 1153 1837 ἀπέδοντο,
1193 1770 1290 1823 καὶ
1329 1769 1428 1839 τῆς
1465 1766 1806 1837 ἐπιστροφῆς

213 1860 330 1911 τῶν
359 1856 574 1911 ἀσεϐῶν
613 1858 930 1929 ὑπόσχεσις.

287 1950 355 2004 0'.
398 1949 694 2022 Προτροπὴ
721 1949 866 2004 θείου
898 1949 1087 2022 ζήλου,
1121 1951 1219 2005 καὶ⁹
1247 1951 1446 2022 ἀπειλὴ
1473 1953 1576 2022 τῆς
1600 1967 1814 2016 παγκο-⁹

216 2041 384 2112 σμίου
427 2041 664 2112 κρίσεως
695 2081 712 2109 ,
758 2042 857 2096 καὶ
902 2042 1226 2114 παραίνεσις
1268 2043 1480 2116 ἀρετῶν
1531 2043 1814 2114 κατορθώ-

217 2150 384 2196 σεως.

294 2223 358 2279 ι¹.’
391 2224 709 2296 Προφητεία
737 2224 846 2278 τῶν
876 2224 1018 2278 κατά
1052 2225 1144 2278 τὸν
1168 2225 1362 2298 καιρὸν
1391 2226 1694 2296 γεγονότων
1718 2226 1813 2280 τοῦ

221 2316 594 2388 σταυροῦ,κώ
620 2317 896 2387 ἀγιασμοῦ
919 2318 1017 2388 τῆς
1042 2318 1168 2382 νέας
1195 2318 1572 2391 Ἰερουσαλὴμ,
1604 2319 1699 2373 καὶ
1717 2321 1816 2404 τῇς

218 2407 331 2460 τῶν
361 2407 674 2462 ἀποστόλων
701 2408 798 2461 καὶ
824 2408 1122 2480 προφητῶν
1146 2410 1468 2480 συμφωνίας
1495 2411 1592 2464 καὶ
1625 2427 1819 2480 μυστι-

223 2501 326 2570 κῆς
358 2500 567 2570 πηγῆς,
601 2501 723 2573 ἥτις
756 2499 817 2566 ἐξ
847 2501 998 2555 οῐκου
1030 2501 1238 2573 Κυρίου
1278 2503 1381 2573 τῆς
1419 2503 1664 2575 πλευρᾶς
1717 2503 1818 2570 τῆς

223 2593 565 2664 Δεσποτικῆς
603 2593 836 2664 ερρευσε
857 2609 872 2624 ο
907 2592 1004 2646 καὶ⁵
1044 2594 1356 2666 ἀφανισμοῦ
1385 2595 1688 2666 δαιμόνων⁸
1724 2595 1817 2648 καὶ

222 2685 560 2758 ἐκδικήσεως
588 2685 686 2739 τοῦ
723 2685 897 2757 ’Δδάμ
915 2701 931 2718 ·
975 2687 1070 2741 καὶ
1097 2687 1393 2759 ὑπόσχεσις
1421 2689 1669 2742 διαϐόλου
1698 2688 1820 2761 κρί-

224 2794 364 2842 σεως
385 2791 399 2806 ⁸
434 2777 531 2831 καὶ
566 2778 666 2849 τῆς
693 2778 752 2832 ἐν
781 2781 848 2851 τῇ
887 2777 1028 2832 Σιὼν
1054 2781 1122 2850 τῇ
1149 2781 1314 2852 νοητῇ
1349 2782 1748 2849 κατοικήσεως.

293 2869 453 2941 Ἰωὴλ
473 2869 546 2942 (5)
573 2869 940 2941 ἑρμηνεύεται
969 2872 1280 2942 ἀγαπητὸς
1313 2874 1556 2942 Κυρίου,
1575 2872 1608 2944 ἢ
1627 2871 1810 2941 ἀρχή.

223 2957 398 3024 Οἰτος
425 2957 494 3031 ἦν
533 2962 601 3014 ἐκ
641 2964 740 3034 τῆς
770 2961 947 3032 φυλῆς
979 2962 1224 3034 Ῥουϐὴν,
1256 2964 1427 3036 ἀγροῦ
1460 2965 1781 3038 μεθομόρων
1800 2983 1814 2997 ·

219 3057 278 3109 ἐν
313 3055 512 3127 εἰρήνη
541 3053 804 3120 ἀπέθανε,
836 3057 932 3110 καὶ
962 3057 1141 3125 ἐτάφη
1174 3058 1314 3111 ἐκεῖ.

507 3207 857 3262 ΚΕΦΑΛΑΙΔ
900 3210 1090 3264 AMOS
1133 3208 1530 3266 ΠΡΟΦΗΤΟΥ.

295 3319 368 3377 α’.
413 3320 738 3392 Προφητεία
759 3322 860 3392 τῆς
892 3321 1309 3396 ἀποφανθείσης
1349 3324 1505 3398 παρὰ
1539 3325 1635 3382 τοῦ
1679 3328 1817 3399 Χρι-

218 3414 355 3468 στοῦ
387 3414 501 3478 τοῖς
537 3413 814 3477 Ἰουδαίοις
835 3412 1202 3484 ἐρημώσεως.
1754 3484 1759 3490 ι

295 3507 367 3578 β’.
405 3506 630 3578 Ἀπειλὴ
680 3505 826 3560 κατὰ
869 3504 980 3559 τῶν
1032 3506 1425 3575 γειτονούντων
1471 3509 1551 3580 τῷ
1600 3509 1821 3582 Ἰσραὴλ

218 3597 425 3663 ἐθνῶν,
456 3596 573 3650 ἀνθ’
594 3589 670 3650 ὧν
694 3597 775 3659 είς
802 3596 968 3649 αὐτόν
989 3612 1051 3649 τε
1079 3595 1340 3660 ποικίλως
1360 3597 1817 3671 ἐπλημμέλησαν,

217 3692 321 3746 καὶ
354 3692 437 3753 είς
463 3689 598 3743 Θεὸν
631 3686 934 3758 ἠσέϐησαν.

295 3781 372 3852 γ’,
408 3778 636 3849 Ἀπειλὴ
669 3777 815 3832 κατά
841 3777 938 3832 τοῦ
974 3775 1147 3831 Ἰούδα
1175 3776 1270 3832 καὶ
1297 3777 1392 3832 τοῦ
1420 3779 1658 3852 Ἰσραὴλ,
1689 3782 1822 3844 ἀνθῖ

218 3871 300 3930 ὧν
327 3874 422 3928 τὸν
469 3871 569 3942 μὲν
608 3871 774 3942 νόμον
814 3867 1162 3942 παρέϐησαν,
1195 3869 1289 3922 καὶ
1330 3869 1422 3923 τὸν
1450 3870 1686 3942 Χριστὸν
1710 3873 1820 3926 ἀπ-

221 3969 429 4029 έδοντο,
459 3966 554 4018 καὶ
584 3965 666 4028 είς
702 3963 829 4027 τοὺς
859 3960 1026 4016 αὐτοῦ
1062 3961 1317 4033 μαθητὰς
1351 3961 1817 4035 ἐπλημμέλησαν·

221 4065 285 4115 ὲν
318 4059 402 4131 τῷ
431 4057 546 4128 ναῷ
572 4057 630 4111 δὲ
657 4055 1001 4124 ἠσέλγαινον,
1024 4055 1118 4109 καί
1139 4055 1386 4126 ἐνεργεῖν
1409 4055 1535 4120 τοὺς
1557 4056 1614 4110 ὲν
1637 4059 1821 4123 αὐτοῖς

222 4151 721 4222 πνευματοφόρους
751 4147 1016 4202 ἐκώλυον.

299 4242 366 4299 δ’.
390 4244 514 4297 Ὀτι
542 4239 696 4314 παρά
724 4237 819 4294 τοῦ
853 4237 992 4292 Θεοῦ
1028 4237 1246 4310 Ἰσραὴλ
1278 4238 1605 4310 δπιλεχθεὶς,
1626 4240 1824 4313 ἠθέτη-

227 4354 331 4392 σεο
370 4335 464 4390 καὶ
507 4334 598 4389 διὰ
641 4331 804 4386 τοῦτο
841 4330 1196 4403 μαστίζεταιο
1233 4331 1330 4385 καὶ
1371 4333 1454 4386 ὅτι
1486 4335 1638 4388 πᾶσα
1674 4335 1824 4408 παρὰ

224 4429 371 4485 Θεοῦ
414 4425 636 4480 παιδεία
665 4424 1016 4495 ἐπιφέρεται,
1047 4422 1142 4476 καὶ
1173 4423 1306 4493 παρ’
1330 4422 1496 4477 αὐτοῦ
1533 4426 1646 4489 τοίς
1687 4442 1823 4498 προ-

227 4523 440 4594 φήταις
465 4515 812 4590 γνωρίζεται.

306 4623 369 4671 ε’.
413 4613 735 4687 Κατηγορία
754 4612 863 4666 τῶν
891 4613 951 4667 ἔν
981 4615 1046 4684 τῇ
1077 4612 1367 4685 Σαμαρείᾳ
1397 4612 1820 4687 πλημμεληθέν-

1909 585 2308 640 summationis.

1980 674 2043 727 V.
2081 675 2480 732 Documentum
2517 676 2588 733 de
2613 675 2950 748 poenitentia:
2980 675 3290 731 rationibus
3321 683 3377 730 et
3407 675 3491 730 di-

1909 763 2049 820 vinze
2078 769 2475 838 compassionis
2504 767 2800 840 promissio
2821 779 2876 823 et
2898 767 3183 838 prophetia
3210 766 3468 838 mysterio

1909 869 2030 908 rum
2069 871 2167 925 per
2200 873 2320 927 quae
2348 857 2637 928 imperium
2662 855 2866 911 diaboli
2903 855 3140 911 deletur.

1985 943 2069 999 VI.
2108 946 2402 1003 Praedictio
2451 948 2645 1003 salutis
2677 963 2776 1018 per
2803 961 3054 1014 crucem,
3096 956 3150 1002 et
3183 946 3494 1002 traditionis

1910 1051 2174 1092 novorum
2205 1041 2595 1108 mysteriorum
2626 1053 2748 1108 quae
2771 1037 3024 1100 Christus
3073 1037 3253 1092 factus
3293 1038 3489 1101 Immo,

1911 1128 1978 1182 ad
2007 1129 2301 1184 avertenda
2341 1131 2520 1200 priora
2571 1131 2745 1197 mala,
2780 1128 2965 1184 lsraeli
3018 1131 3326 1200 praesertim
3378 1131 3493 1200 spi-

1911 1221 2052 1274 ritali
2097 1221 2342 1277 donavit.

1982 1311 2094 1367 VII.
2140 1313 2435 1369 Promissio
2456 1315 2708 1371 catholici
2734 1315 2864 1371 doni
2889 1328 2945 1372 et
2964 1317 3204 1372 universi
3235 1315 3491 1386 spiritus,

1910 1413 1966 1460 et
1994 1406 2274 1475 prmdictio
2297 1405 2604 1461 futurorum
2629 1407 2683 1459 in
2707 1415 2950 1477 tempore
2973 1405 3492 1472 consummationis;

1913 1503 1967 1547 et
1992 1495 2084 1564 qui
2125 1494 2235 1548 sint
2263 1503 2394 1550 tunc
2432 1494 2650 1550 salvati.

1985 1584 2122 1642 VIII.
2176 1584 2331 1640 Minae
2367 1586 2558 1657 judicii
2627 1587 2932 1657 praesertim
2987 1585 3042 1641 in
3088 1586 3397 1648 damones,
3431 1600 3498 1641 eo

1913 1678 2057 1747 quod
2127 1679 2389 1750 populum
2457 1679 2554 1733 Dei
2615 1679 2941 1734 tradiderint
3021 1679 3079 1734 in
3156 1679 3499 1748 voluptatum

1915 1770 2258 1834 servitutem,
2285 1779 2339 1825 et
2381 1771 2664 1840 gentilium
2709 1773 3094 1826 simulacorum
3135 1770 3340 1825 cultum
3373 1785 3504 1825 ven-

1839 1849 1883 1903 Β
1913 1861 2172 1925 diderint,
2199 1869 2253 1915 et
2273 1861 2654 1916 conversionis
2689 1861 2979 1930 impiorum
3015 1861 3325 1930 promissio.

1986 1954 2078 2010 IX.
2120 1954 2371 2010 lncitatio
2415 1955 2613 2011 divinae
2657 1954 3041 2019 aemulationis,
3087 1963 3143 2009 et
3177 1953 3342 2008 mima
3381 1953 3503 2008 uni-

1912 2048 2144 2104 versalis
2195 2047 2436 2120 judicii;
2493 2056 2550 2104 et
2601 2047 2908 2104 exhortatio
2947 2047 3014 2103 ad
3070 2047 3332 2103 virtutum
3389 2048 3504 2103 cul-

1916 2151 2051 2198 tum.

1984 2232 2053 2288 Χ.
2095 2231 2428 2288 Vaticinium
2454 2248 2649 2287 eorum
2682 2247 2804 2302 qua:
2842 2232 2983 2289 facta
3017 2241 3146 2287 sunt
3168 2231 3222 2286 iu
3255 2241 3504 2301 tempore

1914 2323 2132 2391 crucis;
2199 2334 2259 2379 et
2311 2323 2767 2379 sanctiﬁcationis
2837 2339 2997 2379 novae
3041 2322 3387 2390 Jerusalem;
3449 2330 3506 2379 et

1914 2416 2219 2472 concordia:
2288 2417 2661 2488 apostolorum
2727 2427 2783 2472 et
2815 2417 3242 2489 prophetarum;
3279 2427 3336 2473 et
3385 2432 3506 2488 my-

1920 2508 2050 2563 stici
2087 2507 2292 2572 I‘ontis.
2324 2509 2416 2580 qui
2468 2525 2532 2563 ex
2573 2510 2736 2565 domo
2785 2508 3034 2576 Domini,
3068 2509 3238 2565 latere
3299 2509 3505 2564 scilicet

1917 2598 2237 2664 Dominico,
2285 2599 2531 2666 eIl'quit;
2579 2608 2636 2656 et
2683 2600 2998 2657 abolitionis
3061 2601 3403 2666 daemonum,
3451 2610 3507 2656 et

1917 2706 2093 2761 praua}
2123 2692 2353 2757 Adami;
2387 2703 2444 2748 et
2481 2693 2780 2762 promissio
2805 2693 2998 2765 judicii
3027 2693 3233 2750 diaboli
3261 2701 3319 2750 et
3349 2691 3508 2750 habi-

1921 2780 2142 2836 tationis
2177 2782 2232 2836 in
2259 2782 2488 2852 spiritali
2523 2782 2677 2838 Sion.

1987 2871 2105 2926 Joel
2131 2872 2400 2943 signiﬁcat
2425 2873 2648 2929 dilectus
2689 2873 2801 2928 Deo
2825 2874 2941 2930 sive
3003 2876 3344 2945 principium.
3377 2875 3510 2930 Erat

1921 2979 1986 3018 ex
2028 2963 2170 3018 tribu
2201 2963 2426 3028 Ruben,
2459 2981 2524 3020 ex
2558 2981 2688 3037 agro
2725 2966 3062 3023 vicinorum.
3105 2967 3164 3022 In
3197 2983 3330 3038 pace
3361 2983 3508 3024 mor-

1922 3065 2050 3110 tuus
2091 3063 2174 3110 est
2218 3065 2273 3110 et
2309 3056 2559 3126 sepultus
2591 3057 2818 3111 ibidem.

2240 3211 2495 3267 CAPITA
2532 3210 2719 3267 AMOS
2755 3209 3177 3266 PBOPHETE.

1995 3325 2034 3380 l.
2081 3323 2419 3380 Vaticinium
2467 3324 2836 3381 manifestata
2865 3339 2897 3378 a
2924 3322 3148 3378 Christo
3184 3321 3387 3378 Judteis
3421 3337 3512 3378 va-

1922 3422 2198 3477 stationis.

1994 3512 2057 3566 II.
2097 3513 2254 3568 Minae
2283 3512 2342 3566 in
2383 3511 2595 3566 vicinas
2653 3509 2843 3565 Israeli
2881 3518 3106 3580 gentes,
3143 3522 3210 3562 co
3253 3507 3396 3576 quod
3453 3507 3510 3560 in

1922 3607 2078 3661 illum
2130 3603 2280 3659 varie
2335 3604 2688 3676 peccaverint
2723 3613 2780 3658 et
2823 3603 2883 3657 in
2930 3603 3100 3656 Deum
3151 3599 3320 3670 impie
3383 3615 3514 3670 ege-

1920 3698 2054 3752 rint.

1995 3784 2082 3839 III.
2119 3783 2278 3840 Minae
2323 3782 2589 3838 adversus
2643 3783 2839 3839 ludam
2870 3792 2926 3838 et
2961 3781 3219 3839 lsraelem
3254 3798 3322 3839 eo
3365 3785 3512 3856 quod

1919 3878 2095 3948 legem
2135 3875 2459 3946 transgressi
2499 3875 2632 3941 sint,
2658 3875 2942 3929 Christum
2973 3874 3318 3930 vendiderint
3357 3885 3412 3930 et
3456 3877 3511 3930 in

1921 3969 2095 4040 ipsius
2123 3967 2420 4038 discipulos
2467 3966 2841 4037 peccaverint,
2873 3975 2930 4020 et
2956 3967 3218 4036 templum
3245 3966 3513 4020 contami-

1921 4061 2194 4128 naverint,
2229 4069 2285 4116 et
2342 4060 2398 4115 in
2434 4059 2565 4130 ipsis
2619 4057 2815 4130 Spiritu
2896 4057 3091 4128 plenas
3130 4058 3515 4129 prohibuerint

1922 4152 2055 4222 quin
2080 4159 2326 4222 agerent.

1995 4242 2083 4298 IV.
2119 4242 2276 4310 Quod
2323 4238 2490 4295 Israel
2552 4253 2582 4294 a
2653 4239 2765 4294 Deo
2798 4238 3009 4294 electus
3049 4237 3348 4294 desciverit
3385 4280 3401 4305 ,
3458 4247 3515 4294 et

1923 4345 2214 4406 propterea
2276 4333 2606 4406 castigatur;
2661 4340 2718 4387 et
2765 4331 2912 4403 quod
2960 4331 3141 4387 omnis
3172 4333 3441 4388 correctio
3483 4348 3515 4387 a

1928 4427 2039 4482 Deo
2083 4427 2364 4483 inducitur
2405 4433 2462 4481 et
2491 4425 2560 4480 ab
2609 4424 2731 4496 ipso
2759 4423 3048 4496 prophetis
3076 4422 3440 4496 signiﬁcatur.

1987 4611 2054 4665 ν.
2106 4610 2398 4666 Accusatio
2458 4619 2807 4681 peccatorum
2849 4607 2906 4662 in
2960 4606 3222 4664 Samariae
3253 4606 3513 4662 commiso

229 4725 367 4775 των,
407 4708 503 4762 καὶ
541 4705 740 4777 ἀπειλὴ
773 4704 877 4776 τῆς
905 4704 1104 4776 νοητῆς
1134 4704 1312 4776 Τύρου
1331 4745 1346 4771 ,
1375 4707 1471 4760 καὶ
1516 4707 1811 4780 πρόρρησις

1943 4717 2125 4764 .orum,
2155 4710 2212 4757 et
2257 4701 2419 4756 minae
2464 4700 2721 4771 spiritalis
2746 4699 2896 4771 Tyri,
2943 4708 2999 4754 et
3023 4695 3309 4769 praedictio
3338 4695 3515 4752 Israe-

229 4803 319 4856 ὅτι
347 4802 376 4854 ό
404 4797 622 4870 Ἰσραὴλ
652 4797 761 4852 ἀπὸ
791 4796 994 4868 μέρους
1028 4795 1358 4868 σωθήσεται.

307 4890 388 4958 ς’.
426 4890 745 4962 Προφητεία
771 4888 880 4948 τῶν
909 4887 1342 4959 συμϐησομένων
1367 4891 1434 4961 τῇ
1469 4889 1826 4962 Ἰερουσαλὴμ

231 4987 336 5040 καὶ
360 4987 430 5056 τῇ
452 4983 614 5054 λοιπῇ
650 4981 903 5052 Ἰουδαία,
938 4981 1056 5036 ἀνθ’
1081 4998 1156 5037 ων
1185 4982 1276 5036 τὸν
1307 4983 1501 5052 νόμον,
1538 4983 1676 5054 πρὸς
1708 4987 1822 5046 τοῖς

232 5077 418 5140 ἄλλοις
469 5074 692 5140 θύοντες
743 5073 851 5140 ἔξω
897 5073 992 5128 τοῦ
1033 5071 1202 5128 τόπου
1238 5072 1335 5127 τοῦ
1364 5074 1821 5146 προσταχθέντος,

233 5168 599 5241 παρέϐαινον.

309 5262 376 5329 ζ’.
419 5263 686 5334 Διήγησις
713 5253 789 5316 ὧν
814 5259 1040 5332 ἔμελλεν
1058 5260 1090 5316 δ
1109 5259 1241 5325 λαὸς
1263 5259 1375 5314 τῶν
1409 5259 1683 5314 Ἰουδαίων
1703 5259 1825 5312 πεί-

237 5353 452 5420 σεσθαι,
469 5352 568 5407 καλΙ
586 5344 662 5410 ὧν
685 5349 921 5407 πέπονθε
946 5348 1212 5422 πρότερον
1231 5365 1246 5380 ο
1279 5349 1376 5404 καὶ
1398 5349 1706 5422 προφητεία
1725 5349 1826 5419 τῆς

233 5443 338 5502 τοῦ
369 5445 625 5517 Σωτῆρος
651 5443 909 5515 ἀφίξεως.

1921 4793 2027 4847 lem
2059 4800 2210 4862 parte
2243 4791 2507 4846 salvatum
2537 4789 2624 4844 iri.

1995 4888 2084 4942 VI.
2121 4885 2450 4942 Vaticinium
2489 4897 2679 4939 eorum
2741 4895 2865 4950 quae
2922 4888 3321 4951 superventura
3385 4891 3515 4937 sunt

1927 4980 2230 5037 Jerusalem
2254 4987 2310 5034 et
2347 4977 2569 5047 reliqua:
2606 4974 2808 5029 Judatze
2851 4987 2953 5045 pro
2993 4987 3061 5028 eo
3103 4971 3248 5042 quod
3293 4973 3466 5043 legem
3493 5015 3509 5038 ,

1927 5081 2129 5144 praeter
2163 5078 2360 5126 caetera
2411 5065 2785 5123 sacriﬁcantes
2837 5071 2992 5119 extra
3029 5063 3210 5118 locum
3261 5061 3512 5133 praescri-

1930 5174 2086 5238 ptum
2126 5162 2450 5234 transgressi
2487 5167 2639 5216 sunt.

2005 5257 2116 5314 VII.
2152 5254 2401 5312 Narratio
2455 5267 2647 5309 eorum
2676 5264 2796 5322 qua:
2852 5261 3117 5320 passurus
3167 5255 3249 5302 est
3278 5245 3514 5317 populus

1929 5349 2273 5414 Iudaeorum,
2303 5355 2359 5403 et
2386 5361 2508 5417 quae
2533 5359 2728 5415 passus
2756 5352 2840 5399 est
2871 5341 3043 5415 prius.
3081 5338 3148 5396 Et
3195 5339 3513 5396 vaticinium

1932 5443 2200 5498 adventus
2230 5437 2552 5496 Salvatoris.

1763 5639 1997 5697 NOTIE.

317 5800 402 5873 (ὅ)
444 5795 600 5869 Ἰωὴλ
633 5788 787 5860 οὗτος
813 5791 882 5868 ἦν
912 5794 971 5862 ἐξ
1002 5793 1170 5865 ἀγροζ
1203 5789 1422 5866 Βηθώρ,
1453 5789 1654 5862 Epiph.
1680 5809 1695 5860 ;
1722 5794 1811 5850 vici

1965 5811 2094 5866 agro
2130 5793 2412 5858 Bethoron,
2455 5791 2686 5848 Dorotlt.
