3950 6446
509 381 641 449 I351

1703 377 2002 440 IIESYCII
2011 381 2069 439 II
2111 379 2587 441 PBESBYTERI

3617 389 3724 456 I352

576 492 713 552 VIII.
754 490 1085 551 Vaticinium
1120 487 1189 544 ad
1219 500 1550 561 synagogam
1575 484 1863 543 Iudaicam
1891 487 2087 559 integri

2262 492 2334 557 η’.
2375 484 2692 557 Προφητεία
2720 485 2787 555 τῇ
2821 482 3083 555 Ἰουδαῖκῇ
3115 485 3414 560 Συναγωγῇ
3443 486 3537 563 τῆς
3565 510 3727 554 mm-

504 601 686 645 casus.
742 583 809 639 Et
859 580 1173 639 exhortatio
1225 587 1286 634 ut
1317 576 1384 632 ad
1452 572 1625 630 Deum
1683 585 2087 642 convertatur;

2190 577 2317 642 λοῦς
2349 578 2683 641 ἐκπτώσεως
2703 593 2718 608 ο
2750 576 2848 630 καὶ
2872 577 3201 646 ⁴παραίνεσις
3230 579 3332 649 τῆς
3358 582 3487 652 πρὸς
3511 584 3594 639 τὸν
3625 588 3730 646 Θεὸν

505 688 565 737 et
605 677 899 752 prophetia
936 689 1128 732 eorum
1160 688 1283 743 quae
1321 670 1378 724 in
1402 666 1687 725 Christum
1715 669 2092 738 delinquentes

2213 670 2531 738 :marpocpﬁ;
2549 684 2562 700 ο
2598 669 2694 723 καὶ
2722 666 2925 738 ἀπειλὴ
2955 660 3029 722 ὧν
3058 666 3295 740 ἔμελλον
3320 671 3399 734 είς
3420 672 3510 729 τὸν
3542 675 3731 748 Χριστὶν

505 772 724 845 passuri
761 780 911 829 sunt.

579 862 671 917 IX.
729 862 1037 917 Consilium
1114 861 1182 916 de
1254 859 1404 917 culto
1474 857 1662 914 divino
1712 863 1771 910 et
1803 852 2094 926 promissio

2195 758 2649 829 παρανομοῦντες
2687 758 3001 813 πείσεσθαι.

2268 850 2336 904 θ’.
2376 851 2668 924 Συμόουλὴ
2699 852 3036 919 θεοσεὸείας,
3066 852 3166 906 καὶ
3193 854 3495 928 πρόρρησις
3522 862 3606 917 τοῦ
3631 866 3734 922 Ἰου.

516 954 916 1010 tamentationis
954 952 1293 1016 Iudaeorum,
1326 960 1384 1006 ct
1423 964 1614 1005 eorum
1653 962 1777 1018 quae
1829 955 2095 1001 eventura

2213 941 2384 998 ia't’xoii
2416 943 2639 1016 θρήνου,
2664 948 2759 999 καὶ
2788 943 2896 999 τῶν
2925 944 3207 1015 ἐσομένων
3233 950 3346 1013 τοῖς
3372 950 3681 1024 ἁμαρτωλοῖς
3694 964 3735 1017 ἐν

508 1056 640 1102 sunt
685 1044 1068 1117 peccatoribus
1108 1045 1165 1099 in
1188 1044 1276 1098 die
1306 1043 1520 1114 judicii.

578 1135 647 1191 Χ.
681 1136 1016 1206 Repudiatio
1075 1135 1473 1192 sacriﬁciorum
1571 1132 1928 1190 Judaicorum
1959 1173 1975 1195 ,
2040 1139 2100 1186 et

509 1229 783 1284 accusatio
812 1228 954 1299 quod
987 1227 1278 1283 servierint
1307 1226 1466 1282 idolis
1495 1225 1799 1281 vicinarum
1828 1222 2097 1295 gentium,

513 1326 637 1380 licet
665 1339 899 1380 numero
928 1332 986 1380 et
1011 1323 1222 1379 viribus
1259 1323 1532 1393 majores,
1568 1330 1624 1378 et
1649 1321 1927 1393 quomodo
1972 1336 2102 1391 pro-

511 1424 634 1489 pter
688 1413 1099 1470 multitudinem
1154 1415 1529 1485 voluptatum,
1559 1410 1812 1469 conversi
1865 1420 1997 1467 sunt
2033 1412 2101 1465 ad

514 1505 807 1561 luxuriam.

585 1595 676 1649 XI.
708 1595 867 1651 Minae
901 1595 1226 1652 vastationis
1290 1594 1483 1663 Israel,
1526 1604 1580 1650 et
1612 1594 1853 1649 narratio
1910 1607 2102 1648 eorum

512 1704 635 1759 qua:
663 1687 928 1744 adversus
961 1687 1140 1759 legem
1179 1696 1234 1743 et
1262 1687 1434 1743 Deum
1463 1695 1848 1758 peccaverunt,
1881 1694 2104 1756 propter

518 1794 640 1850 quae
686 1779 977 1849 Babylonis
1009 1794 1070 1834 se
1098 1779 1450 1835 inducturum
1514 1779 1775 1833 minatur.

2198 1038 2267 1105 τῇ
2304 1036 2493 1108 ἡμέρᾳ
2522 1036 2624 1105 τῆς
2651 1036 2917 1107 κρίσεως.

2275 1122 2329 1177 ι’.
2368 1123 2715 1195 Ἀποστροφὴ
2744 1126 2854 1179 τῶν
2891 1126 3203 1183 Ἰουδαϊκῶν
3247 1127 3483 1185 θυσιῶν
3524 1136 3610 1190 καὶ
3642 1157 3734 1195 κατ·

2200 1213 2400 1284 ηγορία
2434 1216 2517 1269 ὅτι
2563 1216 2678 1280 τοῖς
2720 1216 2961 1282 εἰδώλοις
2995 1218 3283 1275 ἐδούλευον
3315 1222 3426 1275 τῶν
3451 1226 3732 1297 ὁμορούντων

2201 1304 2394 1370 ἐθνῶν,
2429 1304 2607 1359 καίτοι
2640 1305 2886 1376 μείζονες
2915 1309 3136 1381 ἀριθμῷ
3184 1312 3283 1365 καὶ
3323 1313 3545 1384 δυνάμει
3586 1326 3734 1394 cum.

2202 1414 2387 1461 νοντες
2407 1413 2420 1428 ⁸
2448 1399 2546 1452 καὶ
2572 1399 2720 1463 ὅπως
2745 1401 2851 1453 ὑπὸ
2876 1402 3118 1473 πλήθους
3136 1403 3360 1475 τρυφῆς
3380 1407 3668 1482 ἐτράπησαν
3684 1419 3736 1480 είς

2204 1489 2520 1558 ἀσέλγειαν.

2276 1589 2367 1638 ια’.
2406 1581 2631 1654 Ἀπειλὴ
2666 1583 2767 1654 τῆς
2806 1583 3149 1655 ἐρημώσεως
3178 1586 3278 1641 τοῦ
3315 1588 3550 1661 Ἰσραὴλ,
3584 1595 3738 1652 ttulit.

2206 1674 2409 1744 ἡγησις
2448 1665 2531 1726 ὧν
2576 1674 2657 1735 εἰς
2696 1673 2791 1726 τὸν
2835 1673 3005 1744 νόμον
3050 1676 3148 1728 καὶ
3180 1676 3278 1731 τὸν
3302 1677 3438 1732 Θεὸν
3464 1681 3736 1754 ἡμάρτανον,

2210 1763 2353 1834 ὑπὲρ
2376 1757 2452 1817 ὧν
2476 1763 2854 1827 Βαὸυλωνίους
2884 1766 3181 1838 ἐπιφέρειν
3212 1768 3528 1840 ἠπείλησεν.

588 1871 704 1928 XII.
762 1839 1048 1928 Praedictio
1105 1871 1468 1942 expeditionis
1526 1869 1944 1940 Babyloniorum
1978 1907 1994 1933 ,
2047 1875 2106 1922 et

2285 1860 2373 1930 ιβ’.
2413 1860 2728 1931 Πρόρρησις
2768 1861 2867 1932 τῆς
2900 1861 3267 1917 Βαϐυλωνίων
3308 1863 3736 1936 ἑπιστρατεύσεως,

522 1970 769 2018 venturae
826 1961 1031 2017 Iudaeis
1058 1975 1236 2031 paenae
1278 1960 1334 2015 in
1367 1966 1613 2030 tempore
1646 1958 1856 2026 futuro,
1911 1968 1969 2015 et
1999 1960 2100 2012 atl-

521 2060 720 2108 ventus
751 2049 1053 2107 Salvatons
1086 2051 1140 2105 in
1189 2065 1375 2116 carne,
1410 2058 1469 2104 et
1495 2065 1688 2105 eorum
1722 2065 1844 2121 qum
1874 2065 1941 2104 ex
1987 2050 2107 2120 ipso

513 2141 702 2225 futura
747 2150 879 2198 sunt
907 2140 1134 2197 Iudaeis.

589 2325 732 2382 XIII.
765 2324 1017 2380 Narratio
1078 2324 1400 2382 insidiarum
1440 2327 1744 2384 sacerdotis
1804 2328 1998 2386 Bethel
2048 2330 2104 2384 in

514 2415 869 2486 prophetam,
904 2423 961 2470 et
986 2429 1174 2470 eorum
1205 2430 1329 2485 quae
1357 2417 1628 2488 propheta
1658 2404 1953 2486 sacerdoti,
1994 2420 2108 2474 Deo

516 2509 769 2580 iubente,
795 2508 1036 2563 minatus
1063 2516 1169 2563 est.

590 2598 733 2656 XIV.
762 2599 1090 2655 Vaticinium
1129 2601 1302 2656 ruina:
1348 2601 1538 2673 templi
1591 2618 1623 2657 a
1657 2601 1880 2660 Christo
1944 2603 2107 2660 indu-

520 2698 624 2745 alte
651 2728 667 2754 ,
710 2698 767 2743 et
792 2688 1080 2759 prophetia
1099 2702 1305 2754 eorum
1330 2704 1451 2759 quae
1495 2691 1552 2745 iu
1583 2690 1834 2747 Sahbatis
1865 2700 1920 2747 ct
1968 2690 2113 2747 Neo-

520 2778 724 2835 Ineniis
760 2778 1003 2850 populus
1038 2768 1352 2833 Iudaeorum
1399 2781 1671 2849 peccavit,
1709 2792 1936 2854 propter
1960 2782 2110 2854 quod

522 2881 717 2923 eorum
755 2874 905 2921 terra
932 2880 1058 2921 cum
1089 2866 1289 2922 incolis
1316 2867 1646 2938 castigatur.

592 3051 711 3108 XV.
742 3052 1042 3124 Prophetia
1069 3052 1459 3106 miraculorum
1488 3051 1548 3106 in
1576 3067 1742 3107 cruce
1790 3051 2105 3109 futurorum

2209 1954 2307 2008 καὶ
2354 1954 2453 2024 τῆς
2496 1953 2941 2024 ἐπελευσομένης
2974 1956 3089 2017 τοῖς
3125 1954 3411 2018 Ἰουδαίοις
3449 1955 3596 2027 δίκης
3619 1960 3664 2011 ἐν
3688 1963 3739 2029 τῷ

2207 2046 2366 2100 αίῶνι
2406 2043 2488 2115 τῷ
2538 2043 2811 2115 μέλλοντι,
2845 2044 2942 2097 καὶ
2985 2044 3086 2114 τῆς
3129 2045 3190 2097 ἐν
3240 2044 3411 2115 σαρκὶ
3434 2045 3522 2099 τοῦ
3552 2048 3738 2120 Σωτῆρος

2208 2136 2471 2206 ἀφίξεως,
2495 2135 2590 2189 καὶ
2619 2134 2729 2189 τῶν
2764 2134 3071 2207 μελλόντων
3093 2135 3155 2201 ἐξ
3184 2135 3359 2209 αὐτῆς
3386 2139 3494 2201 τοῖς
3528 2139 3739 2205 Ἰουδαίοις

2207 2230 2453 2286 ἔσεσθαι.

2282 2329 2373 2392 ιγ’.
2412 2322 2678 2394 Διήγησις
2713 2321 2817 2390 τῆς
2861 2319 2958 2373 τοῦ
3008 2318 3206 2392 ίερέως
3256 2318 3462 2389 Βαιθὴλ
3508 2320 3738 2391 ἐπιϐουλῆς

2210 2416 2355 2469 κατά
2372 2413 2466 2468 τοῦ
2491 2414 2796 2486 προφήτου,
2814 2413 2910 2465 καὶ
2929 2404 3006 2466 ὧν
3032 2413 3061 2464 δ
3081 2411 3380 2482 προφήτης
3402 2411 3477 2482 τῷ
3496 2411 3618 2483 ἱερεί
3635 2414 3738 2483 παρὰ

2206 2508 2302 2564 τοῦ
2332 2505 2470 2561 θεοῦ
2503 2504 2986 2578 προστεταγμένος
3014 2503 3315 2574 ἠπείλησε.

2276 2598 2365 2652 ιδ’.
2410 2596 2727 2669 Προφητεία
2784 2595 2888 2666 τῆς
2935 2594 3333 2666 ἐπενεχθείσης
3373 2592 3451 2665 τῷ
3497 2594 3596 2665 ναῷ
3634 2594 3740 2665 παρὰ

2210 2691 2451 2765 Χριστοῦ
2479 2691 2806 2763 πορθήσεως
2826 2706 2842 2723 ⁸
2870 2691 2967 2743 καὶ
2986 2689 3244 2760 διήγησις
3271 2682 3348 2742 ὧν
3369 2689 3430 2743 ἐν
3452 2691 3555 2752 τοῖς
3583 2688 3741 2741 Σειδθά-

2208 2803 2323 2850 τοις
2356 2785 2452 2839 καὶ
2479 2786 2601 2847 ταῖς
2630 2781 2973 2854 Νουμηνίαις
2993 2783 3020 2835 ό
3044 2779 3172 2844 λαὸς
3194 2780 3306 2833 τῶν
3335 2779 3588 2836 Ἰουδαίων
3606 2780 3739 2851 ἡμάρ-

2212 2896 2395 2944 τανεν,
2420 2876 2539 2934 ἀνθ’
2561 2872 2638 2931 ὧν
2669 2875 2855 2941 αὐτοῖς
2886 2877 2920 2946 η
2950 2875 3022 2945 γῆ
3044 2874 3207 2948 ,μετὰ
3233 2873 3344 2929 τῶν
3372 2872 3738 2929 οἱκούντωνπρι·

2211 2971 2454 3025 δεύεται.

2287 3070 2369 3118 ιε’.
2412 3063 2729 3135 Προφητεία
2772 3062 2882 3117 τῶν
2930 3061 3025 3116 ἐπὶ
3066 3060 3163 3115 τοῦ
3216 3057 3454 3131 σταυροῦ
3498 3053 3738 3125 γενομένων

520 3154 582 3201 et
618 3145 888 3200 malorum
920 3158 1042 3214 quae
1068 3143 1294 3211 Iudaeis,
1319 3145 1490 3217 gratia
1514 3144 1583 3200 ab
1610 3144 1744 3216 ipsis
1769 3145 2106 3215 discedente,

2215 3158 2530 3228 θαυμάτων,
2568 3158 2663 3211 καὶ
2693 3155 2802 3211 τῶν
2834 3155 3023 3209 κακῶν
3046 3152 3084 3208 ἀ
3112 3155 3236 3219 τοῖς
3270 3149 3535 3213 Ἰουδαίοις
3561 3144 3737 3217 συμσαὶ-

526 3244 930 3308 superventura
973 3242 1132 3290 sunt.

597 3326 739 3383 XVI.
784 3326 1079 3398 Prophetia
1139 3341 1331 3383 eorum
1373 3344 1497 3399 quae
1530 3328 1791 3386 Christus
1840 3331 2111 3387 facturum

525 3435 586 3475 se
616 3418 823 3491 populo
867 3427 923 3474 et
955 3418 1160 3489 templo
1207 3420 1449 3475 minatus
1501 3430 1606 3489 est,
1651 3430 1708 3476 et
1761 3423 1991 3494 insuper
2017 3438 2115 3478 eos

528 3509 784 3581 obiurgat
816 3515 1076 3578 tanquam
1110 3524 1225 3564 non
1253 3509 1437 3565 minus
1468 3510 1682 3566 alienos
1706 3526 1871 3582 quam
1901 3521 2115 3569 caetera:

525 3605 716 3670 gentes
745 3604 1154 3652 extraneorum.

600 3687 766 3743 XVII.
820 3686 1110 3754 Quomodo
1141 3686 1318 3743 ﬁdelis
1356 3687 1529 3744 Israel
1577 3703 1645 3746 ex
1686 3684 1901 3745 infideli
1938 3704 2118 3745 secer-

524 3783 679 3836 nitur
717 3797 818 3853 per
861 3781 1161 3838 Salvatoris
1190 3781 1507 3847 adventum,
1540 3789 1597 3836 et
1649 3797 1877 3853 regnum
1945 3780 2118 3837 David

526 3873 583 3928 in
613 3874 743 3944 ipsis
771 3882 1091 3937 renovatur,
1125 3883 1182 3928 et
1204 3873 1376 3928 simul
1418 3888 1545 3929 cum
1576 3873 1696 3946 lege
1745 3872 1906 3929 bonis
1932 3871 2119 3945 gratiae

525 3967 803 4022 fruentur.
1878 3974 1881 3977 ‘

599 4060 768 4113 Amos
809 4056 1081 4130 signiﬁcat
1125 4057 1359 4128 ﬁrmitas
1399 4058 1516 4114 sive
1571 4059 1751 4112 robur.
1803 4058 1971 4113 Amos
2001 4065 2120 4113 erat

527 4166 598 4206 ex
632 4148 882 4216 Thecue;
951 4157 1006 4204 et
1052 4150 1304 4205 Amasias
1375 4150 1573 4205 crebro
1626 4149 1776 4204 fuste
1826 4157 2119 4206 contusum

535 4240 759 4297 tandem
823 4240 1005 4310 gladio
1035 4241 1272 4297 necavit.
1317 4238 1424 4306 Qui
1475 4254 1600 4296 cum
1659 4241 1841 4296 adhuc
1886 4242 2121 4311 spiraret

530 4318 814 4405 regressus
863 4341 950 4388 est
1005 4332 1062 4387 in
1100 4342 1303 4388 terram
1336 4346 1517 4387 suam.
1551 4331 1643 4403 Et;
1668 4339 1795 4402 post
1832 4332 1970 4389 duos
2002 4333 2120 4391 dies

530 4436 782 4482 mortuus
816 4433 899 4482 est
930 4425 1005 4480 ibi
1031 4432 1086 4480 et
1109 4424 1372 4495 sepultus.

814 4580 1065 4638 CAPITA
1106 4579 1336 4634 ABDle
1390 4578 1616 4636 PROPH
1626 4580 1806 4637 ΕΤΛΕ.

603 4697 649 4752 I.
685 4696 845 4756 Minae
881 4701 1149 4758 adversus
1195 4701 1475 4758 diabolum
1516 4710 1573 4756 et
1604 4699 1892 4772 praedictio
1931 4715 2123 4758 eorum

533 4805 657 4860 qua:
702 4790 820 4861 ipse
850 4807 1117 4862 passurus
1150 4801 1272 4861 εει,
1301 4802 1359 4848 et
1393 4793 1484 4862 qui
1520 4793 1622 4848 sub
1674 4794 1796 4864 ipso
1849 4793 1907 4848 in
1935 4808 2125 4849 errore

534 4890 591 4937 et
620 4881 901 4952 impietate
932 4883 1139 4955 degunt
1189 4885 1257 4940 ab
1289 4886 1556 4956 apostolis
1598 4893 1653 4942 et
1717 4886 1788 4943 ab
1830 4887 1900 4943 iis
1931 4888 2025 4959 qui
2057 4903 2123 4943 ex

533 4974 815 5045 impiatate
841 4978 1092 5031 conversi
1123 4986 1275 5032 sunt.

605 5065 673 5122 ll.
706 5065 865 5122 Minae
899 5068 1168 5125 adversus
1198 5070 1477 5135 eumdem,
1503 5072 1713 5127 scilicet
1783 5086 1857 5128 ne
1883 5072 2119 5144 gaudeat

535 5161 604 5217 de
632 5160 878 5231 gentium
909 5176 1098 5217 errore
1123 5203 1138 5227 ,
1173 5174 1230 5217 et
1258 5162 1538 5232 praedictio
1579 5163 1967 5234 mysteriorum
1994 5164 2118 5235 qui-

535 5251 641 5310 bus
689 5251 949 5308 fruuntur
979 5268 1077 5323 per
1113 5254 1456 5309 vocationem
1494 5254 1886 5326 evangelicam.

606 5345 700 5403 Ill.
746 5346 1034 5413 Quomodo
1061 5346 1155 5419 qui
1214 5346 1267 5400 in
1306 5346 1601 5403 virtutibus
1649 5363 1711 5404 se
1743 5357 2051 5412 exercent,
2089 5346 2126 5401 ii

535 5442 758 5515 quidem
810 5443 1139 5515 spiritalium
1170 5451 1550 5499 extraneorum
1581 5453 1638 5500 et
1663 5443 1978 5507 Iudaeorum
2011 5444 2128 5500 hae-

2214 3264 2352 3313 νειν,
2382 3250 2483 3318 τῆς
2511 3247 2739 3319 χάριτος
2766 3246 2825 3313 ἐξ
2849 3244 3031 3300 αὐτῶν
3067 3241 3491 3316 ἀναχωρούσης,
3516 3235 3711 3309 ἔμελλεν.

2286 3338 2382 3404 ις’.
2426 3340 2740 3411 Πρὸρρησις
2766 3332 2846 3393 ὧν
2870 3339 2900 3391 ὁ
2926 3336 3161 3409 Χριστὸς
3179 3337 3432 3405 ποιήσειν
3449 3331 3534 3385 τὸν
3554 3329 3657 3384 ναὸν
3670 3327 3736 3381 καὶ

2215 3429 2306 3484 τὸν
2339 3428 2467 3482 λαὸν
2496 3428 2794 3499 ἠπείλησεο
2828 3427 2926 3479 καὶ
2972 3425 3112 3497 πρὸς
3144 3424 3365 3487 τούτοις
3408 3418 3654 3474 ὠνείδισεν
3683 3415 3735 3477 ὡς

2215 3522 2478 3584 ἀποίκους
2510 3522 2764 3591 καθάπερ
2792 3519 2861 3573 τά
2885 3517 3048 3572 λοιπὰ
3079 3517 3210 3587 ἔθνη
3233 3516 3346 3570 τῶν
3371 3509 3648 3580 ἀλλοφύλων
3663 3507 3732 3558 ὐπ-

2218 3610 2510 3681 άρχοντοις.

2294 3702 2383 3767 ιζ’·
2409 3702 2599 3765 Ὅπως
2630 3703 2659 3755 ὁ
2696 3701 2888 3766 πιστὸς
2922 3699 3141 3772 Ἰσραὴλ
3163 3699 3232 3753 ἐκ
3259 3696 3355 3752 τοῦ
3382 3694 3595 3751 ἀπίστου
3615 3686 3734 3760 χωρί-

2219 3793 2374 3857 ζεται
2405 3793 2497 3847 διὰ
2534 3793 2639 3863 τῆς
2664 3792 2759 3847 τοῦ
2792 3793 3046 3865 Σωτῆρος
3077 3791 3340 3861 ἀφίξεως,
3376 3788 3469 3842 καὶ
3494 3787 3523 3857 ἡ
3550 3779 3733 3853 βασιλεία

2218 3885 2314 3940 τοῦ
2340 3885 2506 3940 Δαυῒδ
2538 3886 2596 3939 ἐν
2628 3886 2814 3950 αὐτοῖς
2843 3883 3189 3950 ἀνανεοῦται,
3225 3884 3321 3938 καὶ
3345 3880 3480 3954 μετά
3506 3874 3589 3930 τοῦ
3615 3873 3733 3943 νόμου

2219 3980 2613 4053 καρπώσονται
2644 3980 2743 4035 καλ⁵
2767 3980 2840 4035 τά
2869 3980 3013 4034 καλὰ
3040 3980 3144 4051 τῆς
3178 3981 3423 4050 χάριτος.

2291 4072 2477 4144 ’Λμὼς
2505 4075 2871 4145 ἑρμηνεύεται
2894 4073 3225 4143 στερέωσις
3253 4074 3285 4146 ἢ
3320 4072 3518 4142 ἰσχύς
3535 4066 3677 4141 ’Λμῶς
3690 4059 3734 4136 ἦν

2221 4168 2287 4220 ἐκ
2315 4165 2520 4220 Θεκουὲ
2541 4183 2556 4198 ο
2595 4169 2690 4220 καὶ
2726 4166 2995 4237 Ἀμασίας
3030 4165 3106 4237 (6)
3148 4166 3358 4237 συχνῶς
3388 4164 3540 4218 αὐτὸν
3575 4174 3730 4230 τυμπα-

2221 4257 2396 4324 νίσας,
2420 4258 2581 4322 τέλος
2613 4258 2826 4313 ἀνεῖλεν
2865 4258 3030 4312 αὑτὸν
3076 4257 3256 4326 ξίφει·
3286 4256 3367 4311 ἔτι
3394 4254 3452 4311 δὲ
3479 4252 3733 4325 ἐμπνέοντος

2221 4348 2387 4402 αὑτοῦ
2412 4346 2646 4420 ἀνῆλθεν
2682 4349 2763 4412 εἰς
2791 4348 2892 4419 τὴν
2932 4349 3041 4419 γῆν
3086 4347 3284 4402 αὐτοῦ·
3314 4346 3406 4402 καὶ
3452 4343 3562 4415 μεθ’
3580 4341 3733 4413 ἡμέρας

2221 4441 2314 4494 δύο
2339 4440 2601 4510 ἀπέθανε,
2639 4441 2734 4495 καὶ
2768 4441 2946 4512 ἐτάφη
2979 4442 3117 4495 ἐκεῖ.

2682 4597 3038 4652 ΚΕΦΑΛΔΙΔ
3077 4597 3349 4653 ΑΒΔΙΟΥ.

2291 4707 2363 4764 α’.
2401 4708 2631 4783 ’Δπειλὴ
2660 4710 2804 4764 κατά
2825 4710 2920 4765 τοῦ
2950 4711 3202 4766 διαϐόλου
3227 4726 3241 4742 ’
3272 4711 3368 4765 καὶ
3396 4705 3666 4780 πρόρρησις
3686 4694 3735 4753 ὧν

2221 4798 2448 4870 ἔμελλεν
2475 4800 2640 4865 αὐτός
2661 4818 2720 4855 τε
2747 4802 2852 4855 ὑπὸ
2872 4801 2983 4857 τῶν
3006 4803 3323 4859 ἀποστόλων
3343 4797 3550 4857 καὶτῶν
3574 4793 3622 4859 ἐξ
3642 4789 3734 4843 ἀσε-

2223 4890 2375 4955 ϐείας
2406 4892 2878 4964 ἐπιστρεψάντων,
2911 4894 3008 4949 καὶ
3038 4896 3089 4949 οί
3117 4896 3210 4949 ὑπ’
3235 4896 3398 4950 αὑτὸν
3420 4895 3476 4947 ὲν
3505 4887 3652 4954 πλάνῃ
3673 4894 3732 4930 τε·

2226 4984 2447 5050 λοῦντες
2482 4987 2578 5041 καὶ
2607 4986 2836 5060 ἀσεϐείᾳ
2867 4987 3174 5042 πείσεσθαι.
3286 4980 3291 4983 ’
3394 4980 3397 4983 ’

2300 5074 2365 5147 β’.
2405 5075 2629 5146 Ἀπειλὴ
2662 5077 2807 5130 κατὰ
2843 5076 2938 5131 τοῦ
2980 5076 3184 5145 αὐτοῦ,
3221 5079 3295 5149 μὴ
3340 5067 3633 5144 ἐπιχαρῆναι
3655 5061 3732 5113 τῶν

2219 5168 2392 5223 ἐθνῶν
2418 5168 2626 5241 πλάνῃ·
2655 5170 2752 5223 καὶ
2780 5169 3088 5242 πρόρρησις
3123 5168 3452 5242 μυστηρίων,
3483 5155 3552 5217 ὧν
3577 5155 3648 5210 διὰ
3662 5149 3731 5216 τί(

2222 5261 2587 5333 εὐαγγελικῆς
2611 5262 2949 5316 ἀπολαύουσι
2979 5263 3251 5334 κλήσεως.

2295 5359 2367 5422 γ’.
2392 5331 2584 5418 Ὅπιιλς
2602 5353 2655 5408 οι
2683 5354 2783 5418 τὰς
2814 5353 3020 5426 ἀρετὰς
3041 5331 3376 5426 ἀσκούμενοι
3401 5347 3540 5406 αὐτοί
3567 5331 3730 5426 plu?“

2228 5444 2339 5499 τῶν
2373 5446 2582 5517 νοητῶν
2610 5424 2928 5517 ἀλλοφύλων
2953 5449 3050 5503 καὶ
3083 5447 3194 5505 τῶν
3226 5424 3483 5503 Ἰουδαίων
3506 5436 3616 5499 τοὺς
3632 5424 3731 5496 κλθ⁶

2064 5599 2297 5658 NOTE.

610 5751 687 5827 (ρ)
735 5753 1043 5827 Ἀμασίας.
1081 5752 1144 5827 ᾯ
1192 5753 1371 5825 ἱερεὺς
1400 5754 1605 5827 Βαιθὴλ
1628 5797 1642 5819 ,
1678 5754 1952 5827 Epiphan.
1979 5758 2120 5813 Ibid.

539 5818 750 5873 ἀνεῖλεν
776 5818 961 5875 αὐτόν.
985 5818 1052 5866 ἑ-
1088 5825 1147 5876 '0
1182 5818 1297 5888 υίὸς
1346 5818 1635 5896 Ἀμασίου,
1670 5818 1890 5898 ρόπᾶλῳ
1915 5829 2127 5896 πλήξας

2231 5761 2395 5817 αὐτὸν
2435 5761 2579 5816 κοιτά
2630 5761 2723 5816 τοῦ
2769 5762 3067 5833 κροτάφου.
3119 5761 3264 5817 Idem
3307 5756 3545 5833 Epiphan.
3577 5753 3619 5803 el
3645 5741 3720 5796 00'

2236 5833 2381 5886 roth.
2420 5833 2538 5888 Mox
2566 5834 2752 5888 malim
2780 5831 2957 5905 legere
2985 5834 3240 5903 ἐμπνέων
3263 5831 3428 5894 αὐτὸς.
