3950 6416
516 391 656 457 1355

1727 387 2087 449 IIESYCIIII
2122 387 2597 449 PRESBYTERI

3594 401 3702 470 “56

510 509 688 582 inquit
710 550 725 570 .
759 507 997 580 lapidem
1031 506 1357 562 clamantem
1386 507 1656 568 luctuose,
1681 513 1737 559 et
1768 504 2093 558 cantharum

2200 503 2420 574 ᾤκησεν
2441 503 2499 557 ὲν
2523 505 2593 573 γῇ
2629 501 2849 573 Σαραὴρ
2882 501 3139 573 [Edwin
3168 503 3490 581 Theophyt].
3518 513 3709 574 ἀπέθανε

509 605 748 675 ligneum
776 601 844 655 ad
874 599 1043 654 Deum
1075 600 1412 670 loquentem,
1438 608 1568 653 tunc
1593 612 1761 669 prope
1792 596 1897 651 erit
1924 596 2093 651 salus.

508 695 668 750 Tunc
693 693 959 749 videbunt
984 692 1289 747 Jerusalem
1324 698 1491 745 totam
1532 698 1759 744 stratam
1814 704 1988 759 usque
2024 688 2093 743 ad

505 787 862 842 fundamenta
884 825 899 850 ,
929 793 986 839 et
1027 784 1082 839 in
1110 798 1180 838 ea
1214 798 1410 838 omnes
1436 790 1628 854 gentes
1651 780 1958 836 adorabunt
1986 779 2093 833 Do-

509 879 718 933 minum
735 919 752 944 ,
780 887 836 931 et
866 874 1198 933 transierent
1216 873 1425 944 lapides
1456 888 1647 929 versus
1666 888 1929 930 occasum
1947 871 2099 935 solis,

506 981 561 1025 et
590 971 662 1026 ibi
696 970 802 1025 erit
858 966 1115 1024 adoratio
1172 965 1324 1022 uncti
1368 962 1648 1038 (Christi),
1681 980 1748 1022 eo
1794 964 1939 1036 quod
1995 964 2064 1019 de

504 1070 691 1132 specta
733 1060 897 1116 fuerit
922 1056 1223 1113 Jerusalem
1264 1056 1322 1113 in
1343 1056 1565 1113 deserto
1598 1056 1840 1113 ferarum
1885 1064 1942 1111 et
1972 1070 2095 1110 om-

506 1154 595 1210 nis
633 1153 1012 1210 immunditize.
1056 1153 1125 1208 Et
1174 1161 1306 1208 tunc
1336 1150 1523 1208 veniet
1553 1150 1678 1206 linis
1739 1150 1921 1207 omnis
1976 1150 2096 1204 ani-

506 1261 630 1300 mae.

504 1335 729 1412 κυνήσει
775 1339 853 1412 τῷ
902 1338 1131 1422 Κυρίῳ·
1186 1339 1280 1393 καὶ¹
1334 1337 1702 1415 μεταθήσουσι
1754 1334 2102 1408 [μεθήσουςι

2200 594 2259 647 δὲ
2293 593 2433 660 ἐκεῖ,
2460 593 2558 648 καὶ
2584 593 2761 665 ἐτάφη
2798 593 2856 643 ἐν
2901 593 3153 664 σπηλαίῳ
3180 595 3368 661 Κενέζ,
3402 602 3568 669 κριτοῦ
3593 623 3715 674 γενο.

2206 685 2371 757 μένου
2421 686 2480 739 ὲν
2530 685 2766 758 ἡμέραις
2813 686 2913 756 τῆς
2949 687 3246 757 ἀναρχίας·
3280 690 3369 743 και
3411 692 3557 747 εδωκε
3585 700 3713 769 τέρας

2203 778 2338 833 πολὺ
2370 780 2484 839 ἐπὶ
2536 778 2618 852 [ἐν
2655 780 2984 852 Theophyl.]
3024 781 3235 855 Ἰσραὴλ
3283 787 3371 838 καὶ
3418 788 3625 862 ἐφ’ὃλην
3643 797 3716 867 τὴν

2204 872 2310 943 γῆν
2332 888 2346 904 .
2375 872 2526 939 ὅταν,
2559 873 2746 942 φησὶν,
2776 872 2963 927 ἴδωσιν
2996 874 3142 928 λίθον
3168 874 3371 946 βοῶντα
3399 881 3625 953 οἰκτρῶς,
3647 890 3719 943 καὶ

2203 965 2478 1034 κάνθαρον
2530 965 2639 1019 ἀπὸ
2689 964 2848 1030 ξύλου
2899 967 3037 1037 πρὸς
3081 967 3212 1022 Θεὸν
3247 968 3607 1041 φθεγγόμενον,
3627 980 3719 1033 τότε

2203 1055 2442 1126 ἐγγίζειν
2490 1057 2588 1129 τὴν
2631 1058 2907 1129 σωτηρίαν
2930 1076 2944 1090 ·
2979 1060 3103 1113 τότε
3135 1060 3352 1130 ὄψονται
3383 1064 3473 1135 τὴν
3502 1067 3719 1137 Ίερουτα.

2200 1147 2315 1219 λὴμ
2342 1144 2726 1219 ἠδαιρὶσμὲνην
2757 1148 2770 1221 ι
2793 1150 3175 1221 ὴφανισμένην
3207 1151 3518 1229 TheOphyl.]
3543 1157 3637 1222 ἕως
3656 1161 3745 1215 ϐω

2207 1239 2410 1310 μελίων
2440 1240 2589 1309 ὃλην,
2611 1242 2705 1295 καὶ
2729 1242 2811 1306 εἰς
2838 1242 3008 1313 αὐτὴν
3031 1244 3209 1299 πάντα
3240 1246 3306 1299 τὰ
3335 1246 3453 1319 ἔθνη
3479 1248 3573 1322 [ἐν]
3596 1270 3721 1323 προσ.

2147 1333 2479 1407 Theophle
2527 1336 2652 1398 τοὺς
2700 1335 2883 1400 λίθους
2918 1337 3062 1391 κατὰ
3096 1337 3310 1410 δυσμὰς
3342 1341 3504 1412 ήλίου,
3528 1350 3610 1400 καὶ
3638 1353 3721 1404 ἐκεί

504 1436 659 1490 ἔσται
708 1438 742 1506 ἡ
792 1437 1172 1508 προσκύνησις
1225 1433 1322 1488 τοῦ
1368 1433 1693 1505 ἡλημμένου
1746 1430 2107 1504 [ἡλειμμένου
2153 1428 2522 1502 Theophyl.],
2575 1431 2664 1484 διά
2706 1431 2768 1483 τὸ
2799 1431 2898 1502 τὴν
2934 1433 3296 1505 Ἰερουσαλὴμ
3341 1434 3720 1511 βδελυχθῆναιέν

505 1529 790 1601 ἐρημώσει
826 1528 1036 1601 θηρίων
1080 1526 1176 1582 καὶ¹
1207 1527 1395 1600 πάσης
1433 1525 1801 1596 ἀκαθαρσίας,
1838 1528 1935 1581 καὶ
1984 1525 2107 1579 τότε

787 1683 1037 1742 CAPITA
1059 1682 1366 1741 MlCHZEJE
1404 1682 1814 1740 PROPHETIE.

580 1803 625 1857 l.
670 1799 999 1856 Vaticinium
1035 1799 1309 1856 adventus
1354 1798 1584 1865 Christi,
1614 1784 1691 1854 'et
1740 1813 1931 1853 eorum
1977 1812 2100 1867 qua:

507 1901 909 1964 superventura
933 1902 1064 1948 sunt
1101 1893 1307 1964 populo
1336 1891 1671 1969 Judzeorum.

578 1986 639 2039 ll.
673 1986 993 2041 Exhortatio
1014 1986 1084 2042 ad
1115 1985 1317 2057 impias
1346 1994 1540 2056 gentes
1569 2001 1640 2041 ne
1680 1984 1970 2042 derideant
2022 1984 2102 2038 ls-

506 2078 621 2133 rael
647 2079 795 2149 quod
820 2078 892 2134 ab
924 2078 1058 2149 ipsis
1088 2077 1426 2149 impietatem
1466 2078 1695 2134 edoctus
1724 2087 1808 2133 est
1836 2094 1850 2143 ;
1892 2087 1949 2133 et
1973 2092 2103 2131 nar-

512 2171 653 2227 ratio
688 2186 877 2227 eorum
905 2186 1028 2242 qua:
1069 2169 1217 2226 Deus
1254 2169 1438 2225 lsraeli
1472 2169 1711 2224 minatus
1748 2177 1850 2224 est.

575 2357 667 2415 ιιι.
682 2357 990 2424 Praedictio,
1008 2371 1260 2428 quaenam
1278 2354 1850 2433 pleriqueJudazorum
1878 2363 2101 2427 propter

504 2448 765 2521 injuriam
806 2447 865 2502 in
895 2445 1181 2517 Christum
1219 2446 1432 2517 passuri
1465 2445 1598 2509 sint,
1634 2458 1887 2515 quwnam
1917 2454 2101 2499 autem

504 2540 768 2613 evenient
794 2538 862 2594 iis
894 2538 988 2609 qui
1020 2555 1086 2593 ex
1112 2539 1249 2610 ipsis
1280 2538 1638 2595 crediderint.

576 2626 660 2684 IV.
691 2625 854 2682 Minae
883 2627 937 2681 in
957 2627 1236 2698 principes
1255 2625 1569 2687 Judazorum
1604 2638 1661 2684 et
1688 2643 1881 2684 eorum
1920 2643 2098 2698 pseu-

504 2719 900 2791 doprophetas,
952 2727 1144 2789 utpote
1221 2718 1315 2788 qui
1361 2718 1573 2785 faciunt
1618 2728 1807 2773 contra
1864 2718 1915 2772 id
1954 2718 2099 2787 quod

503 2811 723 2865 docent.
753 2806 823 2864 Et
854 2807 1136 2879 praedictio
1166 2823 1278 2863 non
1302 2809 1417 2878 jam
1447 2807 1567 2864 fore
1606 2808 1768 2863 ﬁdem
1798 2809 2100 2878 prephetia:

384 2923 387 2926 ’
503 2902 651 2974 apud
680 2902 850 2973 ipsos,
869 2900 1173 2957 Jerusalem
1190 2909 1375 2958 autem
1400 2901 1684 2970 antiquam
1708 2910 1766 2955 et
1789 2900 1920 2954 Sion
1944 2916 2097 2955 ever-

506 2996 698 3050 tendas
725 2994 861 3050 fore.

576 3086 657 3143 V..
692 3085 1028 3142 Vaticinium
1073 3085 1207 3142 doni
1238 3084 1477 3158 Spiritus
1503 3087 1562 3141 in
1591 3101 1783 3143 omnes
1810 3086 2098 3143 credentes

2147 1525 2267 1596 ἥξει
2298 1526 2357 1579 τὸ
2388 1525 2541 1589 τέλος
2574 1525 2759 1598 πάσης
2801 1526 2995 1594 πνοῆς.

2438 1684 2793 1739 ΚΕΦΛΛΑΙΑ
2831 1685 3133 1741 ΜΙΧΑῙΟΥ
3172 1687 3546 1747 ΠΡΟΦΗΤΟΥ.

2279 1807 2349 1855 α’.
2390 1800 2713 1871 Προφητεία
2741 1800 3038 1873 ἐπιδημίας
3066 1803 3343 1874 Χριστοῦ,
3376 1807 3466 1860 καὶ
3495 1808 3591 1862 τῶν
3630 1810 3721 1879 μελ-

2136 1866 2176 1922 B
2204 1891 2407 1946 λόντων
2437 1866 2661 1963 τῷνλναῷ
2696 1891 2806 1946 τῶν
2845 1866 3130 1948 Ἰουδαίων·
3151 1866 3537 1967 συμϐήσεσθαι.

2282 1982 2350 2056 β’,
2393 1983 2726 2056 Παραίνεσις
2752 1983 2889 2054 πρὸς
2915 1984 2984 2039 τά
3012 1984 3318 2039 ἀσεϐοῦντα
3346 1988 3451 2041 τῶν
3479 1989 3639 2055 ἐθνῶν,
3671 1992 3721 2063 μὴ

2205 2075 2469 2147 ἐπιγελᾷν
2517 2074 2857 2147 τῷἸσραὴλ,
2893 2074 3083 2146 ἐπειδὴ
3132 2076 3194 2129 τὸ
3237 2078 3450 2131 ἀσεϐεῖν
3492 2080 3545 2144 ἐξ
3588 2082 3723 2137 αὐτῶν

2204 2166 2603 2237 ἐδιδάχθησαν·
2654 2166 2753 2219 καὶ
2798 2166 3053 2237 διήγησις
3102 2160 3180 2222 ὧν
3228 2170 3257 2222 ὁ
3299 2168 3426 2233 Θεὸς
3463 2172 3534 2241 τῷ
3558 2171 3722 2245 Ἰσραὴλ

2211 2256 2403 2326 ἢπείλη
2413 2272 2491 2308 σε.

2276 2356 2348 2419 γ’.
2392 2347 2729 2421 upupam,
2758 2350 2881 2404 τίνα
2936 2352 3038 2422 μὲν
3087 2355 3116 2406 ὀ
3166 2353 3416 2418 πλεῖστος
3455 2355 3641 2428 Ἰσραὴλ
3661 2355 3723 2411 διὰ

2202 2443 2302 2514 τὴν
2331 2444 2413 2506 είς
2442 2443 2680 2511 Χριστὸν
2708 2444 3059 2513 παρανομίαν
3082 2445 3376 2514 πάσχουσι,
3409 2446 3521 2499 τίνα
3540 2448 3587 2500 δέ
3610 2447 3723 2503 ἔσται

2202 2537 2314 2597 τοῖς
2345 2533 2405 2597 ἐξ
2436 2533 2616 2586 αὐτῶν
2641 2534 3011 2589 πιστεύουσιν.

2271 2626 2333 2680 δ’.
2376 2625 2599 2695 Ἀπειλὴ
2626 2625 2769 2679 κατὰ
2787 2625 3228 2680 τῶνΊουδαῖκῶν
3250 2629 3534 2699 ἀρχόντων.
3556 2631 3724 2687 καὶτῶν

2202 2719 2334 2788 παρ’
2360 2719 2543 2777 αὐτοῖς
2568 2716 3057 2789 ψευδοπροφητῶν,
3082 2718 3161 2782 ὡς
3191 2722 3407 2774 ἐναντία
3431 2722 3724 2777 διδασκόντιιιν

2200 2803 2281 2873 οἷς
2309 2809 2606 2880 ἔπραττονσ
2641 2810 2737 2864 καὶ
2765 2811 3101 2881 πρόρρησις,
3131 2814 3213 2874 ὡς
3240 2813 3424 2868 οὐκέτι
3450 2814 3540 2885 μὲν
3564 2833 3720 2886 προφη-

2198 2901 2325 2954 τεία
2373 2901 2507 2972 παρ’
2543 2900 2729 2964 αὐτοῖς
2777 2900 3233 2973 πιστευθήσεται,
3252 2904 3586 2976 Ἰερουσαλὴμ
3625 2907 3668 2959 δέ
3699 2911 3722 2975 ἡ

2200 2990 2403 3063 ἀρχαία
2433 2990 2525 3044 καὶ
2561 2989 2705 3045 Σιὼν
2734 2988 3163 3062 πορθηθήσεται.

2268 3088 2332 3135 ε’,
2375 3081 2693 3153 Προφητεία
2712 3081 2812 3151 τῆς
2837 3082 2929 3134 ἐπὶ
2955 3083 3165 3148 πάντας
3195 3085 3322 3150 τοὺς
3345 3088 3553 3151 πιστοὺς
3565 3087 3724 3158 δωρεᾶς

502 3178 687 3244 emisi,
723 3186 781 3233 et
805 3179 1055 3249 gentium
1090 3178 1373 3250 ingressus
1399 3178 1454 3235 in
1484 3194 1681 3235 novam
1706 3177 2012 3240 Jerusalem
2041 3187 2094 3233 et

2198 3174 2536 3244 ἐκχεομένης
2574 3173 2672 3226 τοῦ
2712 3172 3062 3244 Πνεύματος’
3105 3178 3208 3231 καὶ
3232 3178 3347 3232 τῶν
3386 3178 3543 3234 ἐθνῶν
3566 3181 3630 3244 εις
3654 3180 3727 3249 τὴν

502 3271 656 3335 Sion,
691 3281 748 3327 et
777 3272 928 3343 pacis
960 3273 1227 3342 ipsarum,
1257 3271 1419 3343 cuius
1459 3270 1742 3329 Christum
1786 3273 2096 3344 principem

504 3364 788 3419 habebunt
822 3381 836 3418 :
864 3372 921 3419 et
950 3364 1227 3433 quomodo
1254 3362 1495 3421 Ecclesia
1525 3373 1650 3435 post
1678 3379 1993 3436 pressuram
2026 3362 2097 3419 ab

503 3471 718 3523 errore,
759 3456 1077 3527 recipietur.
1619 3467 1636 3480 ‘

576 3643 663 3699 Vl.
700 3642 1088 3715 Reprehensio
1114 3643 1171 3697 in
1209 3641 1556 3715 Synagogam
1588 3649 1817 3714 propter
1850 3655 2093 3698 errorem

501 3736 879 3801 anteriorem;
915 3744 972 3791 et
1019 3733 1372 3790 annuntiatio
1418 3740 1611 3790 contra
1669 3734 1948 3789 damones
1997 3747 2097 3802 per

514 3829 780 3884 virtutem
809 3826 1027 3892 Crucis,
1053 3827 1109 3881 in
1131 3841 1324 3883 eorum
1354 3825 1587 3899 gratiam
1608 3826 1704 3898 qui
1723 3841 1790 3882 ex
1813 3824 2093 3898 Synagoga

501 3917 856 3974 crediderint.

576 4006 686 4063 Vll.
726 4006 1061 4065 Vaticinium
1105 3998 1445 4066 annuntians
1493 4008 1775 4065 Christum
1814 4024 1881 4064 ex
1925 4008 2096 4064 Beth-

501 4102 645 4158 leem
676 4119 692 4171 ;
724 4111 780 4181 et
836 4101 1114 4173 quomodo
1141 4104 1236 4173 qui
1289 4117 1358 4158 ex
1397 4100 1654 4174 gentibus
1703 4108 2096 4157 convertentur

501 4211 604 4267 per
628 4195 974 4267 evangelicas
1007 4196 1383 4253 beatitudinea
1406 4206 1465 4254 et
1492 4195 1640 4252 dono
1668 4195 1908 4268 Spiritus
1927 4196 2094 4253 liber-

502 4297 670 4345 tatem
701 4302 767 4344 ex
795 4287 1063 4345 diabolica
1101 4289 1368 4346 servitute
1397 4298 1829 4360 consequentur.
1907 4354 1913 4359 ι

572 4470 717 4527 Vill.
748 4470 1060 4534 Praedictio.
1081 4434 1360 4546 apostolos
1387 4475 1506 4533 fore
1536 4476 1794 4548 gentibus
1820 4442 2092 4537 terribiles

2199 3266 2325 3319 νέαν
2357 3265 2717 3338 Ἰερουσαλὴμ
2758 3266 2854 3319 καὶ
2892 3267 3036 3320 Σιὼν
3067 3268 3425 3335 ἀναϐάσεως·
3460 3273 3650 3344 εἰρήνης
3682 3287 3722 3323 τε

2196 3356 2398 3420 αὐτῶν,
2422 3357 2490 3428 ἢν
2526 3357 2586 3410 ἐν
2615 3356 2839 3428 Χριστῷ
2873 3357 3267 3427 βραϐεύονται·
3298 3363 3394 3417 καὶ
3423 3364 3560 3430 ὅπως
3583 3364 3611 3436 ἡ
3633 3363 3722 3416 Ἐκ-

2146 3495 2154 3507 ,
2195 3445 2397 3519 κλησία
2426 3448 2566 3519 μετὰ
2594 3448 2696 3517 τὴν
2728 3447 3021 3520 συντριὸὴν
3050 3450 3154 3522 τὴν
3198 3452 3267 3507 ἐκ
3294 3454 3497 3526 πλάνης
3521 3453 3723 3525 sextum.

2194 3559 2310 3599 ται.
3084 3584 3103 3591 ι

2269 3642 2345 3700 ς’.
2384 3635 2734 3708 Ἐπιτίμησις
2759 3640 2824 3709 τῇ
2849 3643 3165 3712 συναγωγῇ,
3186 3642 3293 3714 τῆς
3312 3642 3516 3715 πλάνης
3532 3643 3617 3714 τῆς
3632 3658 3725 3713 προ-

2195 3725 2472 3799 λαὸούσης
2508 3727 2700 3784 ἐνεκαο
2750 3732 2848 3785 καὶ
2881 3731 3289 3805 εὐαγγελισμὸς
3332 3736 3469 3791 κατὰ
3510 3735 3724 3807 δαιμόνων

2193 3819 2287 3874 διὰ
2316 3820 2554 3893 σταυροῦ
2581 3821 2905 3888 δυναστείας
2932 3826 3050 3888 τοῖς
3076 3825 3139 3890 ἐξ
3167 3826 3346 3897 αὐτῆς
3381 3825 3675 3881 πιστεύουσι.

2266 4004 2335 4070 ζ’.
2378 4005 2695 4078 Προφητεία
2722 4006 2816 4061 τὸν
2847 4008 3086 4078 Χριστὸν
3112 4010 3178 4063 ἐκ
3204 4008 3457 4082 Βηθλεέμ
3480 4010 3723 4081 κηρύττω-

2197 4113 2298 4152 σα’
2334 4097 2432 4151 καὶ
2476 4097 2626 4162 ὅπως
2670 4099 2722 4153 οἱ
2771 4098 2831 4166 ἐξ
2864 4098 3037 4154 ἐθνῶν
3082 4102 3527 4174 ἐπιστρέφοντες,
3553 4101 3628 4155 διὰ
3646 4096 3722 4154 τῶν

2194 4191 2575 4263 εὐαγγελικῶν
2605 4192 3105 4266 μακαρισμῶν,καὶ
3128 4194 3239 4252 τῶν
3255 4196 3475 4271 δωρεῶν
3497 4195 3581 4249 τοῦ
3601 4192 3723 4248 Πνεῦ-

2199 4302 2392 4357 ματος,
2415 4282 2735 4357 ἐλευθερίαν
2763 4286 2864 4358 τῆς
2888 4285 3203 4358 summa;
3225 4288 3538 4360 τυραννίδος
3560 4284 3720 4356 λαμῶ·

2196 4394 2399 4432 νουσιν.

2266 4470 2336 4543 η’.
2379 4470 2717 4543 Πρόρῤησις,
2750 4470 3018 4543 φοϐεροὺς
3047 4472 3162 4536 τοῖς
3186 4470 3368 4526 ἔθνεσι
3396 4471 3520 4535 τοὺς
3545 4466 3725 4525 ἀποστό-

501 4563 793 4630 videndos,
826 4575 881 4620 et
900 4565 1021 4621 fore
1062 4540 1134 4620 ιιι.
1156 4568 1485 4637 praevaleant
1520 4540 1711 4624 contra
1741 4567 2021 4649 daemones
2051 4563 2087 4616 ii

2195 4540 2321 4628 λους
2364 4540 2732 4635 ὀφθήσεσθαι,
2764 4540 3155 4619 *δυναστεύσειν
3190 4582 3269 4625 ,τε
3323 4566 3465 4619 κατὰ
3512 4563 3726 4634 δαιμόνων

500 4655 595 4726 qui
632 4670 701 4711 ex
728 4654 897 4711 Israel
933 4655 1292 4725 crediderint,
1322 4670 1613 4731 postquam
1653 4674 1726 4714 ex
1782 4656 1917 4728 ipsis
1962 4671 2088 4728 per-

501 4745 671 4802 ierint
696 4744 927 4802 fallaeia‘.
966 4746 1241 4805 idolorum
1268 4750 1537 4823 symbola.

573 4835 667 4890 lX.
708 4837 985 4893 Judieinm
1016 4839 1109 4895 Dei
1131 4839 1187 4895 in
1215 4841 1401 4905 Israel,
1459 4850 1687 4912 propter
1734 4841 1887 4896 varia
1916 4841 2090 4897 bene-

503 4928 627 4984 ﬁcia
663 4944 787 4999 quae
820 4929 925 5000 ipsi
947 4932 1192 4987 cerualit
1224 4951 1240 5000 ;
1277 4942 1335 4988 et
1366 4934 1434 4989 ad
1466 4933 1722 4989 eumdem
1756 4932 2086 5000 exhortatio,

501 5019 635 5090 quid
663 5019 876 5075 scilicet
903 5018 1158 5077 faciendo
1184 5022 1370 5077 salvus
1398 5022 1523 5077 erit.

574 5109 645 5167 Χ.
667 5109 972 5166 Consilium
989 5112 1056 5167 ad
1089 5110 1277 5176 Israel,
1306 5120 1366 5167 ut
1387 5113 1457 5168 ab
1478 5111 1769 5183 iniquitate
1795 5111 2088 5181 abstineat,

501 5211 558 5259 et
592 5203 948 5259 comminatio
990 5204 1113 5259 illos
1137 5204 1403 5261 delendos
1433 5204 1569 5268 fore,
1600 5213 1660 5260 et
1693 5205 1921 5277 mystica
1946 5205 2091 5262 bona

501 5310 616 5352 non
639 5304 955 5368 gustaturos
979 5311 1122 5362 esse,
1145 5304 1201 5351 et
1220 5296 1476 5368 gentibus
1495 5296 1553 5352 in
1576 5297 1932 5369 opprobrium
1950 5298 2087 5356 fore.

573 5482 667 5538 XL
697 5482 1046 5539 Lamentatio
1074 5482 1359 5554 prophetae
1389 5483 1461 5540 de
1491 5483 1780 5540 sterilitate
1810 5483 2016 5555 populi,
2035 5493 2092 5540 et

501 5575 810 5632 exhortatio
839 5591 911 5630 ne
946 5582 1154 5629 tantam
1194 5572 1250 5627 in
1272 5575 1388 5628 suis
1415 5582 1674 5644 quantam
1706 5574 1762 5630 iu
1792 5575 1906 5631 Deo
1944 5575 2088 5630 ﬁdu-

502 5666 641 5721 ciam
680 5666 896 5719 habeat.

572 5757 692 5812 Xll.
717 5756 987 5811 Allocutio
1017 5755 1270 5810 Ecclesia:
1298 5756 1365 5811 ad
1394 5756 1730 5830 Synagogam
1763 5774 1834 5814 ne
1855 5759 2090 5831 gaudeat

510 5858 735 5917 propter
774 5847 1059 5917 antiquam
1087 5847 1450 5917 impietatem.
1481 5850 1604 5921 Ipsa
1640 5853 1786 5907 enim
1842 5851 2088 5907 Ecclesia

2195 4656 2322 4719 τοὺς
2372 4655 2432 4722 ἐξ
2456 4655 2678 4728 Ἰσραὴλ
2728 4654 3150 4722 πιστεύσαντας,
3198 4658 3331 4712 ὅταν
3363 4658 3421 4725 ἐξ
3452 4657 3615 4711 αὐτῶν
3634 4653 3724 4706 ὀλο·

2194 4747 2396 4819 θρευθῇ
2426 4748 2526 4819 τῆς
2555 4748 2774 4819 ἀπάτης
2805 4746 2918 4802 τῶν
2943 4747 3178 4802 εἰδώλων
3201 4749 3272 4802 τὰ
3299 4748 3558 4819 σύμϐολα.

2264 4838 2331 4893 θ’.
2372 4839 2569 4912 Κρίσις
2602 4838 2697 4893 τοῦ
2727 4838 2865 4893 Θεοῦ
2895 4840 3035 4911 πρὸς
3068 4839 3158 4895 τὸν
3186 4839 3424 4911 Ἰσραὴλ,
3452 4839 3531 4909 ἐφ’
3556 4830 3628 4897 οἷς
3651 4831 3723 4885 αὺ-

2195 4930 2289 4985 τὸν
2324 4931 2587 4996 ποικίλως
2619 4932 2961 5003 εὐηργέτησε
2982 4948 2996 4963 ο
3037 4932 3133 4986 ita).
3176 4933 3500 5003 παραίνεσις
3522 4932 3642 5000 προς
3661 4925 3725 4979 τὸν

2194 5024 2378 5091 αὐτὸν,
2408 5025 2463 5077 τί
2497 5026 2734 5094 ποιήσας
2765 5026 3093 5096 σωθήσεται.

2268 5120 2320 5166 ι’.
2364 5113 2654 5186 Συμϐουλὴ
2687 5113 2767 5186 τῷ
2799 5114 3410 5187 Ἶσραὴλ,παρανομίας
3435 5108 3725 5183 ἀπέχεσθαι·

2195 5207 2290 5261 καὶ
2319 5207 2520 5278 ἀπειλὴ
2546 5208 2885 5279 ἀφανισμοῦ,
2914 5210 3142 5264 καὶτῶν
3171 5209 3395 5278 ἀγαθῶν
3423 5209 3504 5263 ὅτι
3527 5205 3626 5259 τῶν
3652 5218 3728 5272 μυ-

2198 5302 2399 5355 στικῶν
2422 5302 2484 5355 οὐ
2512 5301 2825 5369 γεύσονται,
2859 5302 2996 5357 ἀλλὰ
3024 5302 3122 5357 καὶ
3151 5304 3262 5365 τοῖς
3288 5301 3497 5357 ἔθνεσιν
3520 5302 3591 5362 είς
3614 5296 3727 5349 ὀνει-

2191 5392 2385 5463 δισμὸν
2416 5392 2654 5449 ἔσονται.

2268 5482 2357 5540 ια’.
2400 5484 2766 5555 Σχετλιασμὸς
2787 5483 2880 5539 τοῦ
2905 5485 3183 5557 προφήτου
3208 5484 3302 5537 ἐπὶ
3322 5488 3388 5556 τῇ
3409 5479 3636 5552 ἀκαρπίᾳ
3653 5472 3724 5530 τοῦ

2196 5574 2357 5628 λαοῦ’
2391 5574 2488 5629 καὶ
2520 5575 2867 5647 παραίνεσις,
2899 5575 2975 5647 μὴ
3001 5575 3255 5630 τοσοῦτον
3287 5577 3383 5628 ἐπὶ
3415 5575 3521 5636 τοῖς
3545 5567 3725 5626 οἰκείοις

2195 5667 2320 5721 ὅσον
2347 5665 2491 5737 ἔχειν
2517 5668 2609 5720 ἐπὶ
2641 5666 2761 5739 Θεῷ
2797 5668 2897 5737 τὴν
2925 5667 3270 5739 πεποίθησιν.

2265 5758 2351 5828 ιβ’.
2394 5758 2793 5830 Προσφώνησις
2820 5757 2921 5828 τῆς
2944 5757 3276 5830 Ἐκκλησίας
3317 5756 3451 5830 πρὸς
3492 5753 3584 5825 τὴν
3617 5749 3724 5802 Συν-

2192 5849 2436 5921 αγωγὴν,
2471 5849 2547 5922 μὴ
2592 5851 2898 5922 ἐπιχαίρειν
2942 5852 3030 5907 διὰ
3062 5848 3164 5921 τὴν
3206 5851 3441 5922 ἀρχαίαν
3471 5846 3722 5904 ἀσέὃειαν·
