3950 6442
239 436 377 506 1357

1315 430 1397 492 ΙΝ
1439 430 1554 491 ΧΠ
1598 429 2048 491 PROPHETAS
2085 432 2455 498 MINORES.

2436 310 2523 325 -φιη

3379 436 3512 500 1¹158

235 551 377 624 αῦτη
423 552 523 624 μὲν
550 552 664 624 γὰρ
695 551 730 623 ή
751 547 1056 621 Ἐκκλησία
1081 546 1172 601 διὰ
1207 543 1497 617 μετανοίας
1526 542 1832 643 ἀναστήσε-

1965 550 2029 591 er
2080 538 2468 607 paenitentiam
2526 558 2817 618 resurget;
2871 547 2962 602 illa
3010 556 3195 603 autem
3246 549 3514 621 legalibus

227 661 347 710 ται,
377 644 566 715 ὲκείνη
598 644 656 697 δὲ
685 644 782 697 καὶ
810 642 923 696 τῶν
948 639 1199 712 νομίμων
1223 638 1565 704 ἐκπεσεῖται,
1589 635 1689 690 καὶ
1715 637 1829 699 τοῖς

1965 627 2161 695 xcidet,
2187 638 2244 684 et
2270 631 2656 701 spiritualibus
2686 637 2925 711 Assyriis
2957 638 3227 695 tradetur.

227 740 449 810 νοητοῖς
475 737 793 809 Ἀσσυρίοις
819 732 1292 805 παραδοθήσεται.

306 835 398 899 ιγ’.
437 827 775 902 Παραίνεσις
806 826 885 899 τῷ
907 822 1130 898 Ἰσραὴλ
1154 864 1168 891 ,
1201 824 1292 878 διὰ
1325 821 1564 896 σταυροῦ
1597 823 1828 894 ποιμαίο

225 922 421 979 νεσθαι
442 938 456 953 ⁸
494 922 592 976 καὶ
623 921 967 994 πρόρρησις,
995 919 1151 983 ὅπως
1185 918 1254 972 τὰ
1291 917 1393 989 μὲν
1425 916 1553 989 ἔθνη
1584 917 1695 970 τῶν
1714 917 1830 972 δαι-

230 1017 418 1087 μόνων
466 1014 895 1087 αἰσχυνθήσεται
923 1054 937 1080 ,
986 1013 1149 1084 ἡμεῖς
1200 1011 1259 1064 δὲ
1303 1011 1393 1066 διὰ
1448 1010 1831 1091 βαπτίσματος

225 1108 434 1178 ἄφεσιν
473 1107 896 1179 ἁμαρτημάτων
925 1106 1080 1177 παρὰ
1105 1103 1246 1158 Θεοῦ
1270 1102 1579 1175 ληψόμεθα.

306 1218 544 1289 Μιχαίας
572 1215 944 1290 ἑρμηνεύεται
976 1215 1409 1286 ταπείνωσις-,ἢ
1434 1216 1827 1287 ταπεινούμε-

224 1326 363 1378 νος.
392 1304 563 1374 Οὗτος
588 1304 660 1381 ἦν
684 1309 797 1364 ἀπὸ
819 1308 1068 1380 Μοραθεὶ
1093 1307 1169 1379 (9)
1198 1307 1441 1381 [Μοραθὶ
1472 1307 1827 1381 Theopltyl.],

225 1404 300 1455 ἐκ
330 1402 506 1472 φυλῆς
530 1400 807 1473 Ἐφραίμ⁴
832 1395 991 1464 οὗτος
1016 1400 1189 1455 πολλὰ
1221 1401 1458 1472 ποιήσας
1487 1400 1567 1474 τῷ
1590 1401 1826 1472 Ἀχαὰϐ,

226 1493 344 1547 ὑπὸ
371 1493 583 1565 Ἰωρὰμ
629 1493 725 1547 τοῦ
777 1492 901 1547 υἱοῦ
948 1491 1117 1549 αὐτοῦ
1168 1492 1409 1567 ἀνῃρέθη
1459 1493 1715 1565 κρημνῷ,
1748 1495 1829 1549 ὅτι

225 1585 473 1657 ἡλεγχεν
507 1586 674 1640 αὐτὸν
719 1587 815 1641 ἐπὶ
840 1588 961 1650 ταῖς
992 1585 1274 1649 ἀσεϐείαις
1301 1584 1409 1639 τῶν
1438 1587 1713 1660 πατέρωνί
1731 1587 1830 1641 αὐ-

225 1678 331 1732 τοῦ
351 1694 365 1708 ·
403 1678 500 1732 καί
529 1678 707 1750 ἐτάφη
740 1682 801 1733 ὲν
823 1681 889 1752 τῇ
915 1682 986 1751 γῇ
1007 1678 1173 1736 αὐτοῦ
1209 1679 1393 1751 μόνος,
1427 1680 1696 1751 σύνεγγυς
1729 1698 1830 1737 πο-

227 1768 523 1842 λυανδρίου
545 1767 828 1842 Ἐνακείμ.

410 1928 767 1983 ΚΕΦΔΛΑΙΔ
801 1928 1051 1993 ΝΑΟΥΜ
1089 1929 1230 1992 ΤΟΥ
1269 1930 1660 1985 ΠΡΟΦΗΤΟΥ.

309 2061 380 2112 α’.
411 2055 682 2123 Ἔνδειξις
711 2058 948 2130 ἀπειλῆς
979 2060 1141 2129 Θεοῦ,
1176 2063 1274 2117 καὶ
1305 2064 1407 2135 τῆς
1437 2065 1520 2130 είς
1557 2065 1620 2120 τὸ
1659 2082 1835 2138 τιμω-

231 2147 455 2219 ρεῖσθαι
482 2149 770 2221 δυνάμεως
789 2167 803 2181 ο
828 2153 968 2207 κατὰ
991 2152 1261 2227 δαιμόνων
1282 2155 1418 2227 ὁμοῦ
1444 2157 1539 2211 καὶ
1564 2154 1835 2213 Ἰουδαίων

231 2240 527 2313 ἑκάτερον.

313 2333 380 2404 β’.
416 2333 645 2408 ’Δπειλὴ
691 2337 837 2392 κατὰ
881 2339 1132 2394 διαϐόλου
1155 2357 1170 2374 ο
1211 2342 1306 2395 καὶ
1350 2347 1741 2416 προσφώνησις
1764 2346 1834 2416 τῇ

238 2420 543 2495 Ἐκκλησία
573 2426 673 2497 τῆς
718 2426 831 2481 τῶν
875 2428 1111 2485 εἰδώλων
1150 2430 1511 2505 ἀπαλλαγῆς·
1549 2434 1641 2488 καὶ
1665 2435 1836 2503 εὐαγ-

232 2517 502 2589 γελισμὺς
527 2521 622 2575 τοῦ
663 2521 937 2597 σωτηρίου
977 2524 1354 2597 κηρύγματος,
1392 2527 1601 2602 ἑορτῶν
1636 2545 1697 2583 τε
1727 2527 1838 2585 τῶν

233 2609 333 2665 διὰ
377 2612 618 2683 Χριστοῦ
644 2654 660 2680 ,
700 2618 796 2671 καὶ
830 2618 1143 2690 ἀφανισμοῦ
1179 2616 1454 2692 δαιμόνων
1500 2621 1597 2676 καὶ
1633 2619 1838 2694 συγχύ-

240 2720 415 2767 σεως.

316 2797 390 2869 γ’.
432 2800 753 2873 Πρόρῥησις
795 2803 1148 2871 ἀναστάσεως
1174 2802 1415 2879 Χριστοῦ
1446 2807 1542 2862 καὶ
1567 2809 1678 2863 τῶν
1710 2825 1840 2864 συν-

238 2894 631 2963 ανισταμένων
658 2896 811 2968 αὐτῷ
835 2895 1049 2969 ψυχῶν,
1084 2899 1181 2954 καὶ
1225 2896 1327 2972 τῆς
1373 2900 1498 2955 τότε
1545 2903 1840 2976 γινομένης

239 2986 482 3042 θανάτου
516 2988 613 3042 καὶ
642 2989 890 3055 διαϐόλου
926 2991 1183 3064 ἁρπαγῆς
1210 2992 1305 3047 καὶ
1329 2992 1694 3061 σκυλεύσεως.

314 3101 384 3159 δ’.
422 3102 650 3175 ’Δπειλὴ
691 3105 836 3160 κατὰ
882 3103 977 3160 τοῦ
1028 3105 1329 3161 Ἰουδαϊκοῦ
1368 3106 1538 3170 λαοῦ,
1577 3108 1674 3163 καὶ
1719 3127 1842 3181 σχε-

240 3190 517 3265 τλιασμδς
538 3193 639 3264 τῆς
652 3194 1040 3269 Ἰερουσαλήμ·
1066 3198 1160 3251 καὶ
1185 3197 1493 3270 πρόρρησις
1521 3192 1598 3255 ὧν
1616 3200 1844 3271 ἔμελλεν

242 3286 307 3338 ἐν
335 3287 405 3357 τῇ
439 3283 642 3339 ἁλώσει
673 3289 739 3359 τῇ
771 3287 1062 3361 Ῥωμαϊκῇ
1107 3290 1423 3356 πείσεσθαι,
1460 3289 1581 3345 ἀνθ’
1607 3285 1684 3347 ὧν
1730 3296 1844 3359 τοῖς

245 3376 464 3433 ἔθνεσιν
492 3380 521 3432 ὁ
545 3378 673 3444 λαδς
694 3379 917 3450 ἐγένετο
951 3382 1308 3454 πρόσκομμα.

321 3492 386 3547 ε’.
427 3494 654 3567 Ἀπειλὴ
709 3496 853 3551 κατά
916 3496 1016 3567 τῆς
1067 3495 1427 3570 Ἱερουηλὴμ
1483 3499 1573 3555 ἐπ’
1610 3500 1844 3575 αἰσχύνῃ

248 3587 593 3660 γυμνὼσεως
611 3605 626 3619 ·
657 3588 754 3644 καὶ
782 3590 930 3654 ὅπως
958 3589 1186 3660 ζητήσει
1226 3591 1326 3661 μὲν
1353 3592 1386 3662 ή
1422 3590 1721 3664 Ἐκκλησία
1745 3595 1844 3665 τῆς

261 3678 625 3754 Ἰερουσαλήμ
658 3681 1032 3754 παράκλησιν,
1052 3682 1192 3754 αὐτὴ
1221 3683 1278 3736 δὲ
1301 3683 1565 3750 ποικίλοις
1593 3685 1847 3760 ὁμιλήσει

248 3776 451 3839 κακοῖς
481 3774 862 3847 Ἰερουσαλὴμ,
892 3775 984 3831 διὰ
1015 3776 1076 3830 τὸ
1103 3777 1334 3848 νοσῆσαι
1367 3778 1569 3832 κακίαν
1598 3778 1842 3852 ὰνυπέρ·

249 3867 477 3939 ϐλητον.
1360 3891 1364 3894 ‘

328 3961 532 4032 Ναοὺμ
577 3962 947 4034 ἑρμηνεύεται
977 3962 1366 4033 παράκλητος·
1406 3963 1799 4038 [παράκλησις
1828 4007 1843 4032 ,

251 4052 589 4127 Theopbyl.j
618 4047 790 4118 Οὗτος
810 4051 880 4126 ἦν
909 4054 1021 4109 ἀπὸ
1046 4055 1326 4110 Ἐλκεσεὶν
1343 4054 1365 4129 [
1381 4056 1643 4112 Ἑλκασαῖ
1671 4058 1848 4132 πέραν

248 4142 356 4200 τοῦ
393 4144 662 4217 Ἰορδάνου
712 4147 794 4209 εἰς
840 4146 1109 4219 Βιγαϐρὶ,
1143 4146 1475 4222 Theophyl.]
1519 4149 1700 4222 πέραν
1750 4150 1849 4207 τοῦ

249 4237 568 4313 Τηνϐαρεὶν
595 4237 731 4310 (10),
768 4239 835 4292 ὲκ
875 4239 1046 4310 φυλῆς
1078 4239 1327 4311 Συμεών.
1360 4234 1531 4307 Οὗτος
1575 4243 1716 4315 μετὰ
1756 4244 1848 4300 τὸν

2004 810 2142 868 Xlll.
2174 812 2493 870 Exhortatio
2516 814 2584 870 ad
2618 813 2781 871 Israel
2812 824 2870 870 ut
2925 829 3026 884 per
3052 828 3273 870 crucem
3303 821 3525 888 regatur

1930 913 1988 960 et
2042 906 2322 975 quomodo
2352 918 2546 979 gentes
2598 908 2821 980 quidem
2850 925 2881 965 a
2909 908 3252 966 daemonibus
3283 908 3523 964 confun-

1929 996 2135 1053 deutur
2171 1014 2189 1065 ;
2252 1014 2355 1055 nos
2398 1013 2582 1056 autem
2625 1017 2725 1073 per
2760 1002 3091 1075 baptismum
3144 1001 3523 1060 remissionem

1931 1097 2284 1159 peccatorum
2308 1107 2339 1146 a
2371 1092 2481 1148 Deo
2503 1094 2864 1166 accipientur.

2002 1201 2256 1259 Michaeas
2288 1204 2561 1277 signiﬁcat
2587 1209 2862 1264 humilitas
2899 1209 3017 1266 sive
3049 1209 3389 1266 humiliatus.
3428 1208 3528 1265 llle

1931 1303 2049 1350 erat
2086 1308 2155 1350 ex
2185 1294 2439 1365 Moratbi,
2471 1299 2541 1355 dc
2568 1300 2713 1355 tribu
2739 1299 3027 1371 prraim.
3078 1301 3128 1358 ls
3171 1317 3298 1360 cum
3353 1301 3524 1357 multa

1933 1387 2160 1446 fecisset
2208 1391 2419 1458 Achab,
2451 1409 2481 1448 a
2537 1393 2651 1449 lilio
2696 1393 2818 1463 ejus
2853 1392 3038 1451 Joram
3084 1409 3331 1467 praeceps
3364 1395 3528 1451 datus

1933 1483 2117 1553 periit,
2154 1486 2285 1557 quia
2315 1486 2369 1543 ei
2414 1487 2713 1560 objiciebat
2744 1488 3057 1560 impietates
3113 1498 3332 1561 patrum
3384 1489 3526 1561 ejus.

1933 1576 2001 1630 Et
2032 1579 2283 1649 sepultus
2315 1590 2402 1637 est
2447 1582 2503 1637 in
2547 1590 2690 1638 terra
2721 1597 2818 1639 sua
2853 1583 3027 1651 solus,
3061 1597 3236 1655 prope
3268 1592 3530 1641 eamete-

1933 1668 2087 1724 rium‘
2110 1671 2366 1728 Enacim.

2215 1921 2472 1980 CAPITA
2523 1925 2771 1981 NAHUM
2825 1927 3246 1987 PROPHETE.
3335 1923 3339 1928 ’

2005 2051 2049 2107 1.
2081 2052 2438 2112 Denuntiatio
2466 2053 2741 2114 minarum
2776 2058 2868 2116 Dei
2899 2070 2958 2117 et
2982 2061 3106 2134 ejus
3136 2063 3206 2120 ad
3236 2063 3529 2122 vindican-

1920 2126 2066 2197 Idum
2096 2144 2400 2214 potestatis,
2446 2155 2560 2203 tum
2600 2158 2790 2206 contra
2836 2126 3142 2221 daemones,
3196 2163 3311 2210 tum
3364 2156 3531 2213 etiam

1936 2246 2126 2293 contra
2145 2236 2394 2295 Iudaeos.

2009 2329 2076 2385 ll.
2117 2329 2278 2387 Minae
2308 2332 2575 2392 adversus
2601 2335 2909 2403 diabolum,
2940 2347 2997 2394 et
3023 2339 3289 2399 allocutio
3320 2341 3391 2397 ad
3423 2340 3530 2398 Ec-

1938 2422 2164 2479 clesiam
2225 2425 2292 2481 de
2325 2425 2658 2485 liberatione
2710 2430 2779 2486 ab
2815 2430 3023 2489 idolis:
3070 2443 3129 2489 et
3184 2435 3534 2492 annuntiatio

1939 2512 2352 2583 praedicationis
2385 2518 2581 2576 salutis
2608 2527 2665 2576 et
2693 2520 3058 2597 l‘estivitatum
3094 2540 3192 2596 per
3210 2524 3531 2593 Christum,

1939 2614 1995 2660 et
2022 2604 2337 2664 abolitionis
2366 2608 2677 2667 daemonum
2725 2622 2782 2668 et
2809 2612 3175 2674 confusionis.

2017 2788 2102 2846 lll.
2136 2790 2427 2850 Przedictio
2452 2796 2877 2853 resurrectionis
2908 2797 3118 2855 Christi
3149 2810 3206 2857 et
3229 2817 3537 2860 animarum

1940 2896 2067 2938 cum
2089 2883 2209 2955 ipso
2230 2888 2809 2958 conresuscitatarum,
2840 2899 2896 2947 et
2927 2891 3101 2950 ruinze
3119 2902 3177 2951 et
3195 2895 3539 2967 spoliationis

1942 2972 2136 3033 mortis
2154 2986 2210 3034 et
2234 2979 2436 3035 diaboli
2475 2988 2609 3037 tunc
2637 2980 2856 3041 futurae.

2014 3092 2107 3148 lV.
2141 3093 2301 3151 Minae
2326 3095 2382 3153 in
2407 3098 2673 3169 populum
2704 3097 3022 3170 Iudaicum,
3056 3110 3115 3159 et
3146 3103 3416 3162 desolatio
3442 3105 3541 3162 Je-

1945 3186 2208 3252 rusalem,
2238 3197 2295 3243 et
2313 3191 2600 3259 praedictio
2628 3207 2820 3250 eorum
2844 3210 2965 3265 qute
3001 3197 3057 3252 in
3086 3196 3333 3256 Romana
3354 3199 3543 3271 direp-

1950 3277 2102 3335 tione
2144 3295 2379 3351 passura
2416 3293 2527 3349 est,
2561 3301 2662 3356 pro
2698 3302 2767 3344 eo
2791 3288 2938 3360 quod
2970 3292 3230 3362 gentibus
3292 3294 3531 3364 populus

1944 3367 2122 3428 factus
2152 3382 2236 3430 est
2283 3376 2626 3436 scandalum.

2016 3485 2084 3541 ν.
2112 3487 2275 3544 Ilium
2293 3502 2488 3548 contra
2511 3492 2825 3565 Jerusalem
2838 3497 2907 3553 de
2926 3498 3223 3570 opprobrio
3244 3500 3510 3558 nuditatis
3533 3515 3549 3565 ;

1945 3589 2004 3636 et
2029 3586 2307 3650 quomodo
2331 3593 2542 3653 quaeret
2581 3585 2828 3643 Ecclesia
2877 3587 3182 3647 Jerusalem
3209 3591 3546 3647 consolatio-

1896 3685 1911 3701 '
1946 3688 2096 3741 nem,
2122 3672 2239 3744 ipsa
2268 3682 2453 3729 autem
2485 3676 2542 3732 in
2559 3677 2745 3739 ‘variis
2786 3679 2948 3735 malis
2989 3681 3425 3749 conversabitur,
3459 3694 3545 3739 ut-

1946 3773 2078 3836 pote
2108 3780 2234 3837 qua;
2254 3766 2471 3824 laboret
2494 3769 2705 3824 malitia
2736 3770 3192 3845 inexsuperabili.

2018 3953 2240 4008 Nabum
2270 3952 2546 4025 signiﬁcat
2596 3957 2902 4012 consolator
2937 3958 3055 4014 sive
3100 3961 3408 4018 consolatio.
3446 3963 3544 4021 lllu

1948 4052 2068 4099 erat
2088 4061 2157 4100 ex
2180 4044 2463 4112 Helcesin,
2488 4047 2632 4103 ultra
2680 4047 2989 4116 Timbarin,
3015 4052 3083 4107 de
3111 4054 3256 4110 tribu
3289 4054 3537 4114 Simeon.

1949 4135 2045 4193 Ille
2066 4148 2192 4208 post
2217 4138 2411 4194 Ionam
2445 4140 2662 4212 signum
2694 4142 2886 4211 edidit,
2923 4145 3136 4201 scilicet
3181 4150 3339 4217 aquis
3365 4150 3545 4208 dulci-

1949 4230 2055 4286 bus
2092 4240 2149 4287 et
2200 4231 2325 4305 igne
2375 4235 2676 4304 perituram
2707 4233 2943 4292 Niniven
2982 4255 2997 4304 ;
3048 4241 3195 4311 quod
3246 4252 3301 4298 et
3334 4245 3542 4301 evenit.

265 4331 464 4385 Ἶωνᾶν
494 4330 662 4403 τέρας
708 4330 933 4397 ἔδωκεν,
962 4331 1046 4386 ὅτι
1081 4331 1191 4386 ἀπὸ
1232 4332 1445 4388 ὑδάτων
1471 4335 1722 4404 γλυκέων
1757 4338 1840 4391 καῖ

1965 4322 2132 4391 Lacus
2162 4325 2310 4380 enim
2337 4327 2433 4396 qui
2465 4343 2589 4383 eam
2619 4327 2996 4387 circumdabat
3019 4333 3284 4390 demersit
3322 4351 3443 4392 eam
3486 4338 3544 4394 in

250 4424 434 4495 πυρὸς
459 4423 743 4479 ἀπολεῖται
771 4426 804 4497 ή
830 4425 1050 4479 Νινευῖ⁸
1072 4423 1103 4478 ὃ
1124 4424 1220 4478 xal
1238 4425 1432 4495 γέγονε
1449 4443 1464 4458 ο
1499 4428 1532 4497 ή
1562 4428 1671 4502 γὰρ
1692 4446 1849 4502 περι.

226 4518 464 4589 κέχουσα
510 4517 683 4588 αὐτὴν
727 4517 891 4589 λίμνη
936 4517 1275 4573 κατέκλυσεν
1320 4518 1492 4591 αὐτήν
1522 4523 1583 4575 ὲν
1612 4523 1843 4596 σεισμῷ,

1953 4422 2115 4483 ωτι-αξ
2155 4426 2330 4481 motu,
2371 4426 2431 4472 et
2479 4418 2622 4490 ignis
2654 4435 2721 4474 ex
2755 4421 2985 4477 deserto
3032 4424 3373 4495 superiorem
3423 4429 3547 4498 ejus

1952 4516 2162 4578 partem
2192 4509 2517 4568 combussit.
2560 4511 2806 4571 Mortuus
2860 4524 2948 4573 est
2975 4526 3163 4573 autem
3196 4519 3252 4573 in
3298 4535 3453 4592 pace,
3489 4530 3547 4577 et

245 4586 497 4680 καὶπῦρ
524 4612 589 4664 ὲκ
618 4586 717 4680 τῆς
743 4586 956 4682 έρήμου
987 4610 1264 4686 [ἐπελθὸν]
1289 4611 1353 4666 τδ
1381 4586 1718 4687 ὑψηλότερον
1735 4586 1840 4672 ἀὲ»

1965 4601 2208 4672 sepultus
2230 4609 2317 4659 est
2350 4602 2409 4658 in
2432 4613 2577 4661 terra
2603 4621 2724 4662 sua.

246 4701 360 4771 τῆς
405 4701 571 4771 μέρος
618 4701 928 4773 ἐνέπρησεν
954 4719 970 4736 ·
1022 4702 1264 4757 ἀπέθανε
1309 4703 1355 4756 δ’
1389 4708 1447 4759 ἐν
1490 4706 1706 4781 εἰρήνῃ,
1759 4711 1855 4764 καὶ

247 4792 435 4864 ἐτάφη
462 4795 519 4847 ὲν
550 4794 614 4866 τῇ
648 4796 719 4865 γῇ
754 4793 942 4852 αὑτοῦ.

349 4945 705 5002 ΚΕΦΑΛΑΙΑ
742 4948 1140 5003 ΑΜΒΑΚΟΥΜ
1178 4949 1322 5004 ΤΟΥ
1358 4952 1756 5011 ΠΡΟΦΗΤΟΥ.

332 5068 403 5116 α’.
446 5060 818 5132 Σχετλιασμδς
846 5059 943 5115 τοῦ
970 5063 1254 5133 προφήτου
1278 5065 1530 5136 περὶτῆς
1559 5068 1618 5120 ἐν
1642 5066 1720 5140 τῷ
1745 5068 1847 5142 βίῳ

251 5152 689 5225 πολιτευομένης
741 5151 988 5215 ἀδικίας·
1040 5154 1135 5207 καὶ
1192 5155 1502 5227 πρόρρησις
1558 5158 1653 5212 τοῦ
1704 5164 1848 5217 κατὰ

249 5246 497 5319 Χριστὸν
530 5246 857 5318 μυστηρίου,
891 5247 988 5301 καὶ
1015 5248 1117 5319 τῆς
1143 5247 1252 5301 τῶν
1278 5249 1451 5303 ἐθνῶν
1476 5250 1725 5323 κλήσεως
1753 5257 1851 5310 καὶ
1876 5272 1892 5283 α

250 5337 601 5401 δυναστείας,
633 5339 692 5391 ὲν
793 5338 1011 5403 παίζειν
1039 5338 1134 5392 καὶ
1163 5337 1450 5411 καθαίρειν
1475 5340 1568 5395 τὸν
1601 5340 1850 5400 διάϐολον

255 5428 458 5501 μέλλον
466 5444 539 5484 σι.

2216 4952 2475 5013 CAPITA
2503 4954 2823 5016 HABACUC
2867 4959 3287 5023 PROPIIETE.

2022 5064 2067 5121 1.
2089 5064 2321 5133 Querela
2347 5072 2629 5142 prophetae
2660 5074 2729 5130 de
2760 5075 3048 5146 iniquitate
3078 5081 3460 5138 administrata
3488 5088 3544 5139 in

1954 5156 2067 5213 vita
2096 5176 2113 5214 :
2144 5167 2201 5214 et
2234 5162 2561 5217 vaticinium
2596 5166 2842 5236 mysterii
2868 5166 2923 5221 in
2954 5167 3197 5236 Christo,
3217 5180 3275 5227 et
3295 5173 3544 5244 gentium

1956 5248 2277 5317 Mationis,
2307 5264 2363 5309 et
2393 5255 2611 5312 virtutis
2662 5273 2771 5328 qua
2805 5259 3035 5317 illudent
3059 5262 3277 5320 diabolo
3304 5280 3546 5338 eumque

1954 5344 2260 5403 destruent.

1793 5618 2029 5675 NOTAE.

331 5752 414 5825 (9)
446 5753 724 5838 Mg‘pgoe‘l.
762 5746 1590 5838 bigpaﬁijtlipipb:etIDorotb.

256 5819 474 5904 snitu.-
513 5823 606 5894 Τῷ
652 5819 882 5904 ’Ᾱχαςίῇ
926 5819 1115 5904 iidem.
1143 5819 1302 5904 ’lbid.
1338 5823 1376 5877 Ι.
1429 5839 1686 5904 tuus-ut;
1708 5823 1849 5904 'l'ai'c

255 5890 590 5957 ἀσεϐείαις.
647 5890 821 5949 Αὑτοῦ
860 5891 954 5944 καὶ
984 5890 1094 5947 τῶν
1138 5894 1392 5962 πατέρων
1421 5894 1607 5960 αὐτοῦ,
1644 5894 1846 5967 Epiph.

2029 5755 2141 5841 (I9)
2183 5731 2913 5841 Πέρᾳζῶςβηθψτφ.
2965 5766 3188 5825 Doroth.
3226 5767 3409 5841 Πέραν
3451 5765 3545 5822 τοῦ

1968 5825 2236 5899 Ἰορδάνου
2263 5825 2354 5894 ἐίς
2380 5825 2662 5905 Βηγαϐἀρξ
2701 5825 2901 5907 Epiph.
