3950 6406
352 394 481 462 1361
1385 407 1466 467 IN
1504 407 1618 466 XII
1659 407 2101 469 PROPHE'TAS
2131 412 2490 475 MINORES.

349 509 688 581 μυστηρίων,
718 510 862 582 ἅπερ
887 514 945 565 ἐν
968 514 1104 584 αὐτῇ
1131 512 1283 586 παρὰ
1310 515 1549 586 Χριστοῦ
1578 516 1888 570 τετέλεσται

2035 522 2281 590 mysteria
2304 538 2426 591 qua:
2459 523 2514 576 in
2537 524 2651 594 ipsa
2679 541 2708 580 a
2741 525 2960 583 Christo
2978 529 3216 598 perfecta
3239 541 3383 594 sunt,
3408 543 3462 588 ct
3481 536 3595 605 glo-

269 673 281 682 ,
345 603 440 654 καὶ
473 603 570 672 τῆς
616 603 797 673 δόξης,
823 605 887 674 ἦν
921 605 955 672 ἡ
1001 603 1300 675 Ἐκκλησία
1329 605 1472 659 κατὰ
1505 608 1687 660 πᾶσαν
1713 606 1815 676 τὴν
1842 607 1901 658 οἰ·

2035 615 2118 667 riae
2138 630 2258 683 quae
2287 617 2544 672 Ecclesia:
2574 635 2672 688 per
2712 622 3029 678 universum
3070 625 3278 688 orbem,
3331 644 3594 684 conversa

346 694 652 764 κουμένην,
725 697 1163 768 ἐπιστρεφούσης
1221 697 1321 767 τῆς
1381 697 1759 767 αἰχμαλωσίας
1813 697 1901 750 τῶτ

2035 703 2287 760 servitute
2314 717 2681 776 peccatorum,
2714 711 2925 782 obtigit.

342 783 459 850 ἀμα
468 783 705 853 ρτωλῶν,
735 783 916 856 ἔλαχε.

417 874 680 942 Σοφονίας
708 877 1075 947 ἑρμηνεύεται
1093 879 1317 932 σκοπιὰ
1333 882 1572 947 Κυρίου.
1593 875 1838 951 Οῦτοςῆν
1853 884 1918 933 ἐκ

343 968 518 1038 φυλῆς
549 969 800 1037 Συμεὼν,
843 969 1014 1041 ἀγροῦ
1061 969 1322 1041 Σαϐαρὼθ
1375 972 1486 1041 (1‘2)
1533 972 1626 1026 καὶ
1672 974 1915 1042 προεφή-

343 1053 503 1111 τευσε
551 1060 811 1131 περὶτῆς
848 1061 1055 1124 πόλεως
1107 1061 1464 1133 Ἰερουσαλὴμ
1511 1062 1606 1116 καὶ
1648 1063 1779 1132 περὶ
1822 1063 1916 1116 τέ-

2091 889 2398 958 Sophonias
2429 891 2698 962 significat
2734 894 2948 964 specula
2985 895 3214 952 Domini.
3250 895 3349 953 Hic
3382 908 3498 954 erat
3526 915 3590 956 ex

2021 979 2163 1034 tribu
2195 982 2438 1045 Simeon,
2465 998 2494 1037 e
2516 985 2735 1055 regione
2753 986 3040 1042 Sabaroth.
3079 988 3144 1043 Et
3165 990 3492 1046 vaticinatus
3511 1003 3593 1048 cst

2017 1071 2086 1125 de
2119 1072 2252 1126 urbe
2279 1071 2603 1138 Jerusalem,
2635 1087 2688 1130 et
2718 1077 2787 1132 de
2811 1078 2917 1133 ﬁne
2941 1079 3103 1135 Israel
3135 1090 3191 1135 et
3219 1082 3287 1136 de
3317 1081 3594 1136 suﬁ‘ectio-

344 1149 470 1213 λους
499 1150 738 1221 Ἰσραὴλ,
759 1153 854 1204 καὶ
876 1154 1292 1223 ἀντεισαγωγῆς
1309 1155 1404 1208 καὶ
1425 1155 1698 1225 σωτηρίας
1724 1154 1901 1220 ἐθνῶν.

2035 1177 2086 1216 ie
2103 1163 2345 1232 gentium
2365 1164 2418 1218 in
2438 1166 2557 1236 ejus
2577 1166 2696 1222 loco
2710 1183 3008 1239 earumque
3020 1171 3214 1238 salute,
3236 1183 3291 1227 et
3307 1173 3377 1227 de
3399 1173 3591 1227 conl‘u—

344 1242 438 1294 καὶ
491 1241 755 1312 αἰσχύνης
801 1244 1036 1310 ἀσεϐῶν,
1071 1246 1166 1297 καὶ
1197 1245 1353 1315 δόξης
1379 1245 1627 1311 δικαίων,
1673 1247 1765 1300 καὶ
1794 1263 1901 1316 κρι-

2035 1253 2172 1308 sione
2201 1254 2512 1323 impiorum,
2539 1267 2595 1311 et
2623 1258 2689 1313 de
2713 1259 2884 1328 gloria
2907 1261 3210 1329 iustorum,
3228 1271 3285 1316 et
3312 1263 3382 1317 de
3407 1263 3590 1333 judice

341 1331 436 1384 τοῦ
487 1332 664 1403 πάσης
713 1335 912 1404 πνοῆς·
948 1335 1044 1388 καὶ
1089 1334 1271 1391 θανὼν
1319 1338 1491 1409 ἐτάφη
1538 1340 1594 1391 ἐν
1638 1338 1715 1408 τῷ
1759 1337 1901 1410 ἀγριξ

2035 1344 2196 1398 nonis
2228 1344 2472 1414 spiritus.
2527 1346 2593 1400 Et
2621 1357 2872 1405 mortuus
2900 1351 3146 1421 sepultus
3169 1361 3254 1408 est
3281 1351 3336 1407 in
3371 1331 3590 1424 regione

340 1441 529 1477 αυτου.

2035 1452 2136 1492 sua.

564 1587 910 1643 ΚΕΦΑΛΑΙΑ
947 1589 1242 1644 ΑΓΓΑΙυΥ
1297 1591 1685 1647 ΠΡΟΦΙΙΤΟΥ.

406 1704 476 1752 α’.
540 1700 937 1771 Ἀγανάκτησις
984 1701 1120 1756 Θεοῦ
1170 1705 1313 1758 κατά
1359 1705 1467 1758 τῶν
1523 1705 1911 1776 ῥᾳθυμούντων

2295 1600 2545 1656 CAPITA
2604 1602 2835 1660 AGGAEI
2890 1603 3304 1662 PROPHETIE.

2087 1712 2124 1766 l.
2154 1713 2460 1784 Indignatio
2491 1714 2587 1767 Dei
2614 1723 2808 1768 contra
2846 1714 3170 1784 pigritantes
3199 1715 3251 1768 in
3277 1715 3590 1770 aediﬁcatio-

334 1790 432 1858 τῆς
463 1791 748 1862 οἰκοδομῆς
792 1791 887 1846 τοῦ
936 1794 1100 1848 ναοῦ⁶
1155 1796 1250 1849 καὶ
1297 1796 1549 1868 διήγησις
1593 1799 1695 1852 ὅσα
1726 1799 1901 1864 αὐτοῖς

2035 1822 2086 1862 ιο
2116 1808 2329 1878 templi;
2345 1817 2401 1864 et
2433 1808 2727 1880 exponitur
2749 1817 2884 1881 quot
2905 1810 3042 1882 ipsis
3072 1809 3202 1868 inde
3225 1811 3366 1867 mala
3393 1826 3586 1884 supcr-

334 1882 581 1936 ὲντεῦθεν
611 1884 808 1958 συνέϐη
847 1886 1015 1950 κακὰ,
1047 1888 1147 1942 ὅσα
1173 1887 1230 1942 δὲ
1259 1890 1353 1951 καὶ
1384 1890 1745 1962 συμὸήσεται.

405 1973 471 2043 β’.
532 1973 776 2047 ’Υπακοὴ
822 1976 932 2030 τῶν
963 1979 1265 2048 ἀρχόντων,
1315 1980 1482 2035 αὐτοῦ
1514 1998 1574 2035 τε
1605 1983 1700 2036 τοῦ
1740 1983 1905 2037 λαοῦ’

333 2067 428 2120 καὶ
472 2067 676 2138 σπουδὴ
710 2067 938 2137 περὶτὰ
982 2069 1120 2141 ἔργα
1161 2071 1255 2125 τοῦ
1304 2074 1467 2128 ναοῦε
1505 2074 1600 2129 καὶ
1633 2075 1728 2128 τοῦ
1771 2076 1906 2131 Θεοῦ

331 2156 470 2226 πρὸς
497 2158 692 2223 αὐτοὺς
719 2158 1127 2230 προσφώνησις,
1157 2163 1504 2234 ἀνδρίζεσθαι
1533 2167 1628 2221 καὶ
1657 2167 1904 2241 θαρρεῖν,

331 2249 423 2300 καὶ
452 2248 742 2316 γινώσκειν
776 2252 869 2305 τὸν
901 2251 1034 2307 Θεὸν
1064 2254 1230 2308 αὑτὸν
1276 2254 1505 2330 [αὐτῶν]
1544 2261 1908 2331 ἐφιστάμενον

327 2340 574 2411 ἔχοντας.

399 2438 468 2498 γ’.
503 2434 812 2506 Πρόρρησις
847 2435 956 2492 τῶν
984 2439 1076 2492 ἐπὶ
1102 2438 1196 2493 τοῦ
1225 2441 1458 2512 σταυροῦ
1483 2445 1596 2507 τοῖς
1622 2442 1905 2515 στοιχείοις

330 2526 800 2595 συμϐησομένων·
839 2529 935 2583 καὶ
977 2531 1077 2602 τῆς
1126 2531 1235 2584 τῶν
1284 2533 1456 2587 ἐθνῶν
1504 2536 1901 2606 καρποφορίας,

330 2617 426 2668 καὶ
456 2617 552 2687 τῆς
585 2619 678 2670 τοῦ
713 2620 835 2673 νέου
865 2621 995 2676 ναοῦ
1019 2621 1179 2693 δόξης
1203 2639 1219 2654 °
1253 2625 1348 2678 καὶ
1375 2626 1472 2696 τῆς
1504 2628 1748 2699 εἰρήνης,
1782 2630 1905 2700 ἥτις

339 2708 491 2778 παρὰ
521 2709 614 2762 τοῦ
663 2711 899 2782 Χριστοῦ
929 2713 1016 2768 διὰ
1064 2715 1159 2770 τοῦ
1207 2718 1442 2789 σταυροῦ
1478 2719 1590 2783 τοῖς
1621 2720 1906 2775 εὐσεϐοῦσι

332 2799 715 2871 κατώρθωται.

395 2897 458 2950 δ’.
517 2896 837 2966 Κατηγορία
893 2899 1181 2962 Ἰουδαίων,
1229 2900 1306 2964 ὡς
1351 2900 1477 2955 οὔτε
1523 2903 1907 2976 ἀγιαζομένων

322 2989 442 3050 ταῖς
492 2988 724 3056 θυσίαις,
761 2991 852 3045 καὶ
882 2994 1207 3061 μιαινόντων
1237 2997 1357 3059 ταῖς
1403 2997 1586 3051 αὐτῶν
1620 3000 1905 3071 πονηρίαις

321 3080 452 3141 τοὺς
493 3080 842 3150 ἐγγίζοντας·
886 3083 984 3136 καὶ
1031 3084 1285 3157 διήγησις
1318 3081 1393 3143 ὧν
1441 3073 1596 3144 αῦτοί
1620 3109 1679 3146 τε
1721 3094 1816 3147 καὶ
1854 3095 1904 3148 οἱ

1941 1873 1982 1928 Β
2011 1873 2245 1954 ventura
2281 1873 2411 1954 sint.

2079 1987 2148 2044 ll.
2177 1988 2472 2045 Obauditio
2491 1990 2798 2062 principum
2825 2006 3040 2047 necnon
3069 2003 3122 2048 et
3163 1993 3448 2062 ipsiusmct
3489 2009 3586 2065 po-

2009 2081 2145 2151 puli,
2174 2091 2230 2137 et
2266 2084 2508 2140 studium
2542 2101 2681 2156 opus
2711 2085 2920 2156 templi.
2954 2087 3021 2142 Et
3064 2087 3318 2142 allocutio
3377 2089 3469 2142 Dei
3518 2088 3583 2142 ad

2009 2171 2154 2241 ipsos
2197 2181 2255 2227 ut
2275 2173 2655 2230 confortentur
2675 2183 2730 2230 et
2746 2176 2972 2232 viriliter
2996 2185 3225 2248 agantet
3245 2178 3422 2232 sciant
3459 2179 3584 2249 quia

2008 2264 2275 2321 Dominus
2314 2266 2432 2338 ipse
2459 2277 2566 2324 stat
2587 2281 2755 2340 super
2779 2285 2880 2356 eos
2900 2268 2994 2340 qui
3027 2281 3402 2341 perseverant.

2075 2450 2164 2507 Ill.
2199 2452 2488 2508 Pnedictio
2524 2468 2718 2509 eorum
2745 2467 2868 2524 quae
2894 2452 2952 2508 in
2981 2465 3147 2508 cruce
3175 2453 3463 2509 elementis
3490 2469 3582 2508 su-

2008 2545 2411 2614 pervenient,et
2436 2544 2680 2616 gentium
2707 2544 3078 2611 fecunditatis,
3125 2552 3182 2599 et
3228 2543 3412 2614 gloriae
3454 2542 3582 2598 novi

2010 2635 2217 2706 templi.
2238 2643 2294 2690 et
2325 2636 2474 2706 pacis
2491 2652 2614 2707 qum
2641 2650 2672 2690 a
2699 2635 2918 2692 Christo
2949 2651 3046 2705 per
3067 2633 3296 2690 Crucem
3319 2634 3583 2706 disposita

2005 2738 2092 2784 est
2118 2728 2339 2784 sanctis.

2079 2916 2168 2971 IV.
2195 2915 2490 2971 Accusatio
2512 2912 2852 2978 Judmor'um,
2877 2913 3081 2983 quippe
3113 2911 3206 2984 qui
3240 2927 3350 2968 non
3378 2913 3582 2968 sancti-

2008 3010 2169 3071 ﬁcant
2199 3011 2501 3077 sacriﬁciis,
2539 3014 2636 3069 sed
2680 3012 3038 3084 coinquinant
3061 3013 3177 3068 suis
3207 3013 3429 3067 malitiis
3457 3027 3582 3082 pro—
3645 3073 3650 3078 _

2006 3101 2200 3158 ximos.
2226 3101 2292 3157 Et
2320 3104 2588 3174 expositio
2615 3120 2805 3159 eorum
2828 3103 3029 3174 quibus
3058 3111 3114 3157 et
3148 3102 3253 3172 ipsi
3281 3109 3336 3156 et
3373 3101 3583 3156 fructus

324 3175 528 3242 καρποὶ
560 3175 660 3244 τῆς
686 3175 788 3245 γῆς
816 3175 902 3230 διὰ
933 3176 1029 3248 τὴν
1057 3177 1151 3231 τοῦ
1183 3178 1314 3233 λαοῦ
1364 3183 1630 3253 πονηρίαν
1661 3185 1901 3255 ὑπέστη-

2035 3208 2167 3249 errze
2183 3204 2409 3265 propter
2437 3196 2621 3267 pepuli
2657 3195 2918 3250 mali-tiam
2965 3195 3380 3265 subiacuerunt,
3408 3202 3464 3249 et
3490 3193 3579 3248 fu-

324 3282 461 3319 σανο
499 3268 594 3319 καὶ
634 3270 733 3338 τῆς
779 3269 1046 3340 ἐσομένης
1087 3269 1175 3324 διὰ
1215 3273 1456 3344 Χριστοῦ
1486 3275 1738 3346 εὐλογίας
1763 3280 1899 3335 ὑπό-

324 3374 532 3428 σχεσις.

394 3456 456 3502 ε’.
512 3450 822 3522 Πρόρρησις
876 3456 1264 3527 καταστροφῆς
1309 3457 1601 3530 δαιμόνων,
1654 3466 1749 3520 καὶ
1789 3466 1899 3520 τῶν

325 3542 458 3613 παρ’
503 3542 728 3596 ἐκείνων
781 3546 1226 3617 ἐνεργουμένων*
1283 3552 1590 3623 προφητεία
1643 3555 1700 3610 δέ
1746 3560 1899 3629 παρά

323 3632 439 3704 [ἵσ.
474 3652 533 3686 τε
564 3633 713 3707 περὶ]
745 3637 1005 3707 Χριστοῦ,
1037 3641 1130 3693 καὶ
1155 3641 1254 3712 τὴν
1281 3643 1596 3715 οίκονομίαν
1623 3648 1724 3719 τῆς
1762 3668 1898 3722 σαρ-

324 3727 420 3790 κὸς
451 3727 542 3780 καὶ
580 3728 680 3797 τῆς
711 3728 962 3800 θεότητος
997 3733 1295 3803 μηνύουσα.

408 3820 659 3886 Ἀγγαῖος
681 3819 970 3906 eam:de
990 3823 1374 3896 ἑρμηνεύεται.
1409 3822 1580 3896 οὗτος
1601 3833 1794 3906 ἐτέχθη
1818 3838 1899 3901 εἰς

325 3907 639 3972 Βαϐυλῶνα,
676 3904 743 3981 ἦν
784 3910 842 3964 δὲ
875 3912 940 3965 ἐκ
973 3913 1148 3984 φυλῆς
1193 3917 1325 3971 Λευϊ
1348 3933 1362 3949 ·
1414 3921 1509 3976 καὶ
1547 3921 1626 3976 ἔτι
1659 3904 1791 3989 νέος
1823 3925 1899 3981 ὢν

322 3995 488 4069 ¹ῆλθεν
513 4001 617 4053 ἀπὸ
643 4001 958 4067 Βαϐυλῶνος
989 4007 1068 4068 εἰς
1109 4006 1493 4082 Ἰερουσαλήμο
1521 4013 1614 4068 καὶ
1648 4017 1900 4088 φανερῶς

325 4089 586 4159 περὶτῆς
634 4092 970 4164 ἐπιστροφῆς
1024 4096 1118 4150 τοῦ
1163 4097 1293 4153 λαοῦ
1346 4105 1754 4175 προεφήτευσε·
1806 4110 1900 4162 καὶ

322 4176 462 4234 εἶδεν
489 4183 552 4236 ἐκ
583 4183 782 4254 μέρους
809 4185 907 4256 τὴν
939 4188 1229 4260 οἰκοδομὴν
1255 4192 1350 4246 τοῦ
1381 4194 1509 4249 ναοῦ
1531 4210 1544 4224 ·
1579 4197 1670 4250 καὶ
1695 4200 1900 4254 ἀποθα-

322 4273 430 4326 νὼν
467 4277 525 4328 ἐν
571 4275 951 4350 Ἰερουσαλὴμ,
976 4279 1150 4352 ἐτάφη
1207 4283 1438 4355 πλησίον
1473 4289 1645 4358 τάφου
1695 4289 1800 4343 τῶν
1826 4293 1900 4346 ίε-

327 4368 462 4438 ρέων
488 4369 734 4435 ἐνδόξως,
765 4371 839 4436 ὡς
871 4373 1046 4440 αὐτοὶ,
1083 4377 1270 4449 ἐπειδὴ
1311 4381 1404 4432 καὶ
1434 4380 1597 4446 αὐτὸς
1620 4379 1689 4452 ἦν
1716 4384 1784 4436 ἐκ
1815 4385 1900 4453 γέ-

321 4474 444 4522 νους
474 4460 768 4531 ἱερατικοῦ.

518 4619 866 4674 ΚΕΦΑΛΛΙΑ
902 4621 1250 4678 ΖΑΧΑΡΙΟΥ
1297 4626 1685 4686 ΠΡΟΦΗΤΟΥ.

389 4739 455 4785 α’.
519 4731 807 4804 Προτροπὴ
860 4733 997 4804 πρὸς
1054 4735 1376 4806 μετάνοιαν,
1437 4740 1532 4794 καὶ
1590 4743 1895 4816 ὀνειδισμὸς

315 4822 411 4877 τοῦ
456 4824 746 4878 Ἰουδαϊκοῦ
790 4824 942 4893 λαοῦ,
991 4827 1072 4880 ὅτι
1111 4829 1220 4884 τῶν
1254 4831 1532 4900 προγόνων
1562 4833 1662 4904 τὴν
1693 4837 1893 4893 κακίαν

315 4915 617 4986 ἐζήλωσαν.

388 5007 455 5078 β’.
509 5007 825 5079 Προφητεία
855 5008 1071 5080 δρόμων
1095 5012 1490 5082 ἀποστολικῶν,
1523 5021 1619 5073 καὶ
1650 5021 1893 5076 ἀνανεώ-

314 5117 474 5162 σεως,
511 5099 618 5162 ἓως
645 5099 746 5168 τῆς
783 5098 1158 5174 Ἰερουσαλὴμ,
1187 5104 1309 5176 ἣτις
1345 5107 1485 5179 αὐτὴ
1515 5109 1605 5165 διὰ
1634 5112 1736 5183 τῆς
1764 5112 1890 5178 νέας

310 5193 630 5261 γεγένηται.

383 5291 452 5352 Υ.
505 5285 746 5354 Αίνιγμα
773 5285 881 5339 τῶν
913 5287 1278 5356 Εὐαγγελίων,
1306 5291 1365 5358 ἐξ
1397 5285 1473 5347 ὧν
1499 5293 1566 5348 τὰ
1586 5294 1714 5367 ἔθνη
1747 5298 1887 5352 κατά

308 5378 410 5446 τῆς
459 5375 808 5446 Ἰερουσαλὴμ
855 5378 954 5448 τῆς
986 5380 1218 5450 ἀρχαίας
1246 5381 1580 5453 ὠξύνθησαν.

381 5467 445 5519 δ’.
498 5468 831 5538 Προφητεία,
854 5471 952 5540 τὴν
980 5471 1106 5524 νέαν
1149 5472 1499 5548 Ἰερουσαλὴμ
1529 5478 1618 5533 διὰ
1647 5481 1886 5552 Χριστοῦ

1922 4553 1982 4615 11

2002 3295 2138 3342 tunc
2178 3303 2276 3358 per
2301 3288 2580 3344 Christum
2611 3287 3008 3344 benedictionis
3028 3286 3339 3358 promissio.

2075 3471 2140 3526 ν.
2163 3471 2451 3529 Prazdictio
2489 3475 2661 3528 ruinm
2685 3474 3081 3528 daemoniorum
3107 3479 3166 3526 et
3191 3471 3258 3525 ab
3291 3470 3425 3540 ipsis
3448 3483 3578 3541 pos-
3611 3551 3616 3556 _

2001 3579 2300 3629 sessorum,
2335 3575 2391 3620 et
2428 3565 2714 3636 praphctia
2751 3566 2818 3620 de
2834 3565 3073 3630 Christo,
3119 3562 3428 3636 signiﬁcans
3463 3563 3577 3656 dis-

2001 3658 2326 3730 positionem
2376 3658 2558 3716 carnis
2590 3667 2644 3712 et
2666 3656 2981 3714 divinitatis.

2069 3839 2297 3910 Aggaaus
2335 3830 2604 3908 signiﬁcat
2632 3834 2907 3906 festivam.
2937 3833 3037 3888 Hic
3067 3841 3228 3888 natus
3254 3839 3338 3886 est
3371 3831 3425 3885 in
3472 3831 3575 3885 Ba-

2002 3930 2219 4002 bylone,
2246 3939 2301 3984 et
2339 3935 2461 3983 erat
2482 3927 2550 3984 de
2590 3919 2737 3982 tribu
2777 3926 2927 3981 Levi.
2961 3926 3027 3980 Et
3058 3941 3192 3995 puer
3223 3940 3345 3980 cum
3397 3923 3576 3978 adhuc

2001 4030 2165 4086 esset,
2221 4019 2374 4076 venit
2418 4035 2488 4075 ex
2535 4018 2807 4089 Babylone
2840 4017 2895 4071 in
2935 4016 3254 4081 Jerusalem,
3289 4024 3346 4070 et
3397 4017 3573 4085 palam

2001 4111 2353 4183 prophetavit
2383 4111 2455 4166 de
2489 4108 2846 4166 conversione
2875 4107 3061 4179 populi
3091 4117 3146 4163 et
3172 4107 3308 4162 vidit
3341 4107 3394 4161 in
3420 4115 3574 4176 parte

2001 4205 2420 4262 aediﬁcationem
2450 4202 2660 4273 templi.
2689 4202 2758 4256 Et
2778 4210 3025 4255 mortuus
3049 4200 3103 4254 in
3137 4199 3458 4264 Jerusalem,
3488 4213 3574 4254 se-

2002 4297 2188 4368 pultus
2215 4307 2299 4352 est
2322 4311 2492 4366 prepe
2514 4295 2845 4365 sepulturam
2871 4293 3234 4359 sacerdotum,
3259 4292 3448 4346 eodem
3477 4292 3574 4345 ho-

2002 4402 2140 4441 nore
2174 4403 2284 4458 quo
2312 4385 2490 4457 etipsi
2523 4403 2534 4439 :
2564 4391 2754 4456 utpote
2803 4384 2895 4454 qui
2927 4391 3048 4438 erat
3075 4396 3138 4440 ex
3167 4397 3368 4454 genere
3395 4397 3574 4439 sacer-

2000 4477 2192 4535 dotali.

2245 4631 2497 4689 CAPITA
2521 4629 2893 4688 ZACIIARUE
2917 4627 3323 4688 PROPHETAB.

2071 4745 2111 4800 Ι.
2151 4745 2476 4802 Exhortatio
2503 4745 2571 4800 ad
2605 4745 3006 4816 pmnitentiam,
3035 4751 3092 4801 et
3128 4746 3434 4820 objurgatio
3473 4766 3569 4820 po-

2001 4837 2114 4907 puli
2149 4835 2389 4902 Judaici,
2415 4851 2483 4892 eo
2505 4836 2650 4906 quod
2675 4845 2890 4906 patrum
2911 4851 3139 4894 suorum
3170 4839 3430 4894 malitiam
3460 4841 3579 4896 imi-

2001 4925 2094 4981 tati
2135 4935 2283 4980 sunt.

2063 5017 2130 5072 IL
2164 5015 2498 5072 Vaticinium
2545 5031 2804 5073 cursuum
2843 5016 3216 5087 apostolorum
3251 5027 3308 5073 et
3341 5033 3569 5074 renova-

1999 5111 2164 5168 tionis
2201 5111 2499 5169 Jerusalem
2525 5125 2648 5180 quae
2673 5109 2790 5178 ipsa
2813 5109 3026 5165 novalis
3045 5107 3188 5165 facta
3217 5118 3320 5165 est.

2069 5296 2160 5353 ill.
2195 5295 2464 5352 Indicium
2491 5297 2812 5352 nuntiorum
2851 5311 2917 5352 ex
2948 5298 3145 5368 quibus
3161 5307 3351 5369 gentes
3377 5308 3565 5353 contra

1995 5391 2274 5461 antiquam
2303 5389 2606 5446 Jerusalem
2639 5390 2867 5446 infensa:
2891 5399 3039 5447 sunt.

2067 5481 2154 5536 IV.
2179 5482 2510 5538 Vaticinium
2547 5498 2745 5537 novam
2783 5481 3080 5539 Jerusalem
3105 5499 3138 5538 a
3172 5482 3391 5539 Christo
3438 5482 3559 5537 fun-

306 5555 718 5628 κτισθήσεσθαι,
751 5557 846 5612 καὶ
879 5559 1081 5630 πλῆθος
1125 5563 1414 5620 οἰκούντων
1447 5568 1623 5633 ἓξεινσ
1658 5573 1752 5625 καὶ
1783 5572 1878 5625 τοῦ

2035 5581 2170 5627 alam
2202 5573 2291 5643 iri,
2324 5583 2380 5630 et
2423 5571 2829 5630 multitudinem
2862 5573 3229 5630 habitantium
3273 5572 3376 5645 ipsi
3409 5573 3554 5628 futu~

1851 5721 2085 5779 ΝΟΤᾸΞ.

383 5843 822 5916 (1‘2)£a60pd)6.
883 5813 1198 5917 Σαραῦαθά,
1243 5850 1438 5924 Epiph.
1501 5857 1879 5926 Sabarthatha,
1907 5860 2133 5916 Doroth.
