3950 6412
465 365 602 455 i353
1669 389 2030 450 nssrcnn
2066 389 2542 453 PRESBYTER!
3561 403 3674 472 1364

460 524 575 562 ram
617 520 762 570 esse,
795 515 850 560 et
879 504 1118 577 Spiritus
1158 504 1577 576 inspirationem
1621 503 1722 574 ipsi
1756 519 1854 573 pro
1879 504 2020 557 'muri

2114 534 2124 562 ι
2157 505 2477 574 ιῖνεύματος
2509 507 2646 579 αὐτῇ
2693 507 2791 581 τὴν
2837 509 3120 585 ἐνέργειαν
3166 511 3287 566 ἀντὶ
3327 514 3517 585 τείχους
3541 527 3674 588 γενή-

483 616 598 656 ore.
2025 635 2038 644 .

2025 635 2038 644 .
2165 597 2368 650 σεσθαι.

535 692 600 748 V.
647 692 872 750 Vocatio
900 693 1141 765 gentium
1175 691 1232 746 in
1261 707 1456 746 novam
1483 690 1614 747 Sion
1635 731 1650 756 ,
1695 701 1753 747 et
1787 691 1950 748 minas
1993 693 2048 747 In

2229 687 2292 742 ε’.
2347 688 2560 758 Κλῆσις
2609 689 2717 742 τῶν
2751 689 2922 744 ἐθνῶν
2975 694 3056 756 εἰς
3101 693 3198 764 τὴν
3247 695 3372 748 νέαν
3417 697 3575 750 Σιὼνο
3605 705 3680 756 καὶ

465 784 761 851 daemones,
787 794 842 840 et
867 785 1214 839 annuntiatio
1251 783 1524 838 adventus
1569 783 1786 862 Dognini
1818 783 1873 838 in
1915 783 2025 840 Sion

2157 778 2356 850 ἀπειλὴ
2404 778 2548 833 κατά
2582 778 2888 850 δαιμόνων·
2929 783 3022 835 καὶ
3070 783 3454 855 εὐαγγελισλμδς
3497 790 3583 858 τῆς
3605 795 3680 846 τοῦ

462 892 590 931 cum
621 892 810 944 carne,
841 892 940 947 per
967 891 1130 947 quem
1162 884 1355 948 gentes
1395 874 1464 930 ad
1497 873 1677 946 ipsum
1723 886 2022 932 converten

2160 873 2365 945 Κυρίου
2389 873 2527 943 μετά
2562 873 2764 945 σαρκὸς
2791 875 2871 938 εἰς
2896 873 2994 945 τὴν
3027 875 3166 928 Σιὼν
3191 876 3438 945 ἀφίξεως,
3465 880 3526 933 δι’
3550 877 3608 954 ἧς
3631 885 3685 938 τὰ

465 976 574 1022 tur.
2159 963 2286 1034 ἔθνη
2317 964 2456 1035 πρὸς
2486 965 2649 1018 αὐτὸν
2679 965 3122 1035 ἐπιστρέφουσιν.

537 1056 628 1111 VI.
659 1058 912 1113 Narratio
942 1057 1272 1128 expiationis
1291 1056 1424 1112 Jesu
1468 1058 1614 1129 apud
1636 1057 1786 1130 ipsos
1812 1066 1944 1114 tunc
1967 1072 2052 1113 sa-

2232 1064 2306 1122 c'.
2353 1059 2614 1127 Διήγησις
2647 1057 2751 1127 τῆς
2792 1056 2967 1127 Ἰησοῦ
2997 1056 3092 1110 τοῦ
3122 1057 3251 1128 παρ’
3279 1058 3455 1121 αὐτοῖς
3482 1061 3592 1113 τότε
3627 1062 3687 1116 ίε-

463 1147 717 1210 eerdotis,
737 1157 794 1202 et
826 1149 1150 1218 protestatio
1175 1147 1241 1204 ad
1268 1147 1544 1215 eumdem,
1578 1163 1828 1218 quaenam
1859 1148 2022 1204 obser

2163 1148 2299 1219 ρέως
2334 1150 2656 1219 καθάρσεως
2681 1165 2694 1178 °
2727 1150 2822 1203 καὶ
2854 1149 3223 1221 διαμαρτυρία
3253 1149 3386 1220 πρὸς
3417 1151 3501 1204 τὸν
3535 1155 3687 1221 αὑτὸν,

464 1254 594 1293 vare
624 1239 835 1294 deceat.

2157 1241 2280 1295 τίνα
2311 1240 2602 1308 φυλάττειν
2633 1241 2897 1312 προσῆκε.

533 1329 646 1386 VII.
701 1331 1037 1386 Vaticiuium
1109 1333 1380 1387 adventus
1435 1329 1752 1399 Salvator-is,
1785 1332 1840 1386 in
1887 1349 2052 1404 quem

2232 1329 2300 1393 ζ’.
2348 1330 2663 1402 Προφητεία
2704 1330 2803 1401 τῆς
2839 1330 3075 1400 ἀφίξεως
3119 1327 3214 1383 τοῦ
3265 1330 3528 1403 Σωτῆρος,
3556 1334 3691 1402 egra»

465 1433 676 1492 septem
695 1423 838 1478 dona
867 1424 1106 1494 Spiritus
1135 1425 1488 1494 requiescunt
1519 1442 1532 1488 ;
1570 1433 1623 1478 et
1657 1425 1940 1494 prazdictio
1969 1425 2025 1481 fu

2159 1425 2215 1478 αἱ
2251 1422 2390 1477 ἐτττά
2429 1423 2524 1476 τοῦ
2571 1422 2888 1491 Πνεύματος
2935 1423 3137 1494 δωρεαὶ
3186 1423 3572 1477 ἀναπαύονται·
3621 1429 3691 1481 καὶ

466 1520 601 1566 turae
633 1530 731 1584 per
761 1513 1058 1570 Salvatoris
1083 1515 1392 1586 passionem
1425 1515 1764 1570 remissionis
1795 1526 2020 1586 peccato

2160 1518 2469 1589 πρόρρησις
2499 1517 2596 1588 τῆς
2649 1516 2914 1587 ἐσομένης
2941 1517 3029 1572 διὰ
3075 1516 3171 1570 τοῦ
3216 1517 3478 1587 σωτηρίου
3523 1519 3693 1583 πάθους

467 1621 612 1669 rum,
645 1613 701 1660 et
721 1607 1094 1676 possessionis
1126 1608 1484 1678 mysticorum
1509 1609 1798 1665 bonorum.

2159 1609 2576 1681 ἁμαρτημάτων
2611 1608 2880 1678 ἀφέσεως,
2913 1608 3004 1660 καὶ
3047 1607 3328 1678 μυστικῶν
3357 1607 3564 1675 ἀγαθῶν
3591 1611 3693 1664 ἀπο-

2158 1702 2424 1766 λαύσεως.

536 1785 671 1842 VIII.
708 1787 912 1843 Notitia
933 1788 1226 1862 imaginum
1264 1791 1420 1861 pretii
1450 1801 1504 1848 et
1529 1790 1865 1862 operationis
1885 1792 2052 1863 Spiri-

2230 1802 2302 1865 η’.
2349 1795 2565 1866 Θεωρία
2595 1795 2706 1848 τῶν
2737 1795 2960 1848 εἰκόνων
2992 1793 3093 1864 τῆς
3127 1794 3288 1857 ἀξίας
3322 1794 3415 1847 καὶ
3459 1794 3693 1866 ἐνεργείας

469 1885 558 1932 tus
601 1888 658 1933 et
683 1879 819 1950 legis
843 1880 990 1936 circa
1024 1882 1226 1952 ipsum,
1253 1890 1310 1938 et
1344 1883 1531 1954 gratiae
1560 1893 1616 1939 et
1644 1884 1864 1938 virtutis
1891 1885 2022 1940 Chri

2160 1889 2254 1943 τοῦ
2286 1890 2624 1960 Πνεῦματος,
2674 1888 2770 1941 καὶ
2815 1888 2982 1956 νόμου
3035 1887 3165 1958 περὶ
3193 1886 3347 1948 αὐτὸ,
3388 1887 3474 1940 καὶ
3513 1887 3695 1958 χάριτος

465 1966 558 2024 sti.
596 1968 664 2022 Et
694 1971 1051 2040 reprehensio
1085 1973 1350 2032 adversus
1401 1976 1701 2045 diabolum,
1731 1979 1889 2050 quasi
1929 1990 2020 2036 ten

2163 1982 2258 2034 καὶ
2298 1981 2585 2052 δυνάμεως
2626 1979 2864 2050 Χριστοῦ
2887 1993 2900 2007 ·
2934 1978 3030 2032 καὶ
3056 1976 3310 2048 ἐπιτιμία
3336 1977 3473 2029 κατά
3495 1977 3578 2030 τοῦ
3604 1979 3693 2032 δια-

469 2069 675 2119 tantem
701 2062 972 2134 impedire
997 2065 1448 2136 praedicationem
1479 2069 1694 2126 salutis.

2161 2073 2341 2138 δόλου,
2373 2073 2449 2137 ὡς
2478 2071 2793 2143 ἐμποδίζειν
2822 2069 3228 2142 ἐπιχειροῦντος
3258 2068 3337 2140 τῷ
3363 2069 3599 2141 σωτηρίῳ
3621 2088 3697 2143 κη-

2163 2164 2428 2237 ρύγματι.

536 2245 628 2307 ΙΧ.
663 2247 992 2306 Vaticinium
1010 2250 1080 2307 de
1104 2251 1327 2330 Christo
1353 2263 1412 2311 et
1434 2257 1849 2326 operationibus
1875 2258 2052 2330 Spiri-

2233 2255 2299 2311 θ’.
2354 2254 2669 2325 Προφητεία
2717 2252 2847 2322 περὶ
2879 2251 3120 2325 Χριστοῦ
3165 2251 3265 2306 καὶ
3306 2251 3414 2306 τῶν
3449 2253 3697 2324 ἐνεργειῶν

467 2346 555 2391 tus
582 2338 634 2392 in
655 2339 772 2408 ipso
795 2350 884 2406 ;et
905 2343 1111 2414 effigies
1137 2325 1269 2416 legis
1298 2355 1354 2402 et
1384 2325 1594 2418 gratiae,
1621 2358 1678 2404 ct
1706 2366 1898 2407 eorum
1916 2325 2027 2422 qua

2160 2347 2269 2401 τῶν
2300 2348 2358 2401 ἐν
2388 2347 2539 2418 αὐτῷ
2570 2344 2664 2399 τοῦ
2699 2343 3053 2415 Πνεῦματοςο
3086 2343 3181 2396 καὶ
3224 2340 3392 2396 εἰκὼν
3434 2341 3586 2412 νόμον
3624 2342 3696 2393 καὶ

465 2430 935 2488 subministranda
960 2442 1088 2489 sunt
1121 2435 1174 2490 in
1213 2438 1559 2507 apparitione
1588 2439 1844 2511 Spiritus.

2161 2442 2404 2513 χάριτος,
2437 2441 2532 2495 καὶ
2559 2439 2668 2493 τῶν
2716 2438 3021 2509 μελλόντων
3047 2434 3441 2507 ὑπηρετεῖσθαι
3468 2437 3529 2506 τῇ
3564 2450 3696 2503 φανε-

2165 2533 2334 2605 ρώσει
2364 2533 2458 2588 τοῦ
2491 2532 2634 2586 Πνεύ
2643 2549 2833 2602 ματος.

529 2615 600 2673 Χ.
639 2615 800 2675 Minae
831 2619 887 2674 in
918 2619 1068 2678 fures
1093 2633 1150 2678 et
1174 2623 1451 2693 periuros,
1477 2628 1634 2697 quasi
1662 2643 1770 2684 una
1804 2644 1928 2686 cum
1955 2631 2052 2688 do-

2234 2631 2286 2679 t'.
2356 2625 2576 2696 Ἀπειλὴ
2609 2625 2749 2679 κατά
2778 2621 3026 2677 κλεπτῶν
3058 2621 3150 2675 καὶ
3174 2622 3469 2693 ἐπιόρκων,
3498 2620 3565 2685 ὡς
3593 2638 3701 2674 παν-

467 2723 559 2762 mo
581 2709 913 2776 perdendos.

2159 2718 2272 2774 0th.
2308 2718 2614 2790 μελλόντων
2645 2717 3052 2790 ὀλοθρεύεσθαι.

542 2801 631 2856 XI.
665 2803 883 2875 Eﬂigies
919 2805 1226 2877 iniquitatis
1275 2805 1417 2865 inter
1453 2811 1709 2869 homines
1753 2818 2048 2888 regnantis,

2233 2811 2324 2866 ια’.
2376 2811 2555 2866 Εἱκὼν
2589 2810 2686 2880 τῆς
2718 2812 2776 2862 ἐν
2818 2809 3127 2881 ἀνθρώποις
3174 2805 3588 2877 πολιτευομένης
3611 2803 3697 2857 ἀδι-

466 2907 632 2962 quam
661 2896 883 2964 pariunt
905 2898 1068 2954 simul
1091 2910 1378 2970 peceatum
1403 2911 1462 2957 et
1483 2901 1738 2974 impietas
1767 2921 1822 2963 et
1853 2925 1975 2979 quae
1997 2910 2026 2964 ii

2161 2907 2306 2970 κίας,
2342 2905 2409 2976 ἢν
2449 2904 2695 2975 ἁμαρτία
2733 2902 2831 2972 μὲν
2863 2903 3159 2972 συγκροτεῖ
3193 2903 3290 2953 καὶ
3321 2899 3554 2960 ἀσέὁεια,
3584 2899 3632 2949 ἐν
3655 2893 3698 2948 δέ

369 3059 378 3069 ⁸
467 2983 792 3042 confusione
824 2991 1040 3052 erroris.
1066 2992 1463 3052 habitationem
1486 2998 1675 3052 sortita
1699 3009 1802 3053 est.

2159 3001 2226 3068 τῇ
2265 2994 2525 3065 συγχύσει
2559 2995 2661 3064 τῆς
2695 2994 2904 3064 πλάνης
2939 2994 3040 3063 τὴν
3069 2992 3360 3045 κατοικίαν
3394 2989 3642 3057 κέκτηται.

540 3073 655 3132 XII.
682 3080 896 3152 Elligies
927 3084 1209 3154 regiminis
1225 3087 1369 3157 quod
1399 3090 1783 3160 generationes
1814 3097 2051 3165 prophe-

2233 3089 2322 3160 ιβ’.
2371 3087 2548 3142 Είκὼν
2578 3087 2877 3150 πολιτείας,
2908 3086 2974 3156 ἣν
3005 3085 3062 3138 ai
3101 3083 3293 3150 γενεαὶ
3324 3082 3598 3153 προφητῶν
3627 3077 3697 3132 καὶ

451 3179 647 3229 tarum
668 3181 731 3228 et
755 3173 912 3245 legis,
936 3178 1371 3248 patriarcharum
1407 3190 1462 3237 et
1490 3185 1882 3254 prophetarum
1923 3205 2011 3258 per

1962 3205 2047 3243 er-
2080 3233 2124 3291 ϐ
2161 3184 2350 3255 νόμον,
2382 3181 2739 3254 πατριαρχῶν
2775 3180 2871 3233 καὶ
2901 3177 3242 3242 ἀποστόλων,
3276 3177 3522 3248 ἔδραμον.

465 3273 780 3322 currerunt.

536 3354 681 3411 XIII.
712 3356 979 3415 Indicium
1029 3376 1360 3418 coronarum
1392 3379 1512 3434 qua:
1542 3364 1740 3420 futurae
1773 3377 1902 3422 sunt
1968 3369 2055 3424 his

2234 3365 2322 3428 ιγ’.
2385 3361 2627 3426 Λίνιγμα
2679 3357 2790 3410 τῶν
2849 3356 3121 3427 ἐσομένων
3182 3356 3464 3426 στεφάνων
3510 3356 3611 3418 τοῖς
3654 3352 3698 3418 ἐξ

465 3448 561 3517 qui
591 3465 657 3504 ex
693 3461 920 3520 peccato
947 3455 1198 3510 conversi
1233 3454 1460 3519 fuerint,
1505 3472 1736 3526 quorum
1777 3459 2025 3528 specinICI

2158 3452 2435 3524 ἁμαρτίας
2467 3451 2909 3520 ἐπιστρέφουσιν,
2941 3446 3017 3503 ὧν
3045 3449 3137 3502 τὸν
3180 3449 3394 3520 Ἰησοῦν
3419 3449 3530 3501 τότε
3560 3445 3695 3514 ἱερέα,

404 3538 411 3546 ’
465 3540 653 3601 Iesum
684 3551 814 3597 tunc
847 3544 1213 3612 sacerdotem,
1243 3546 1393 3604 velut
1422 3562 1518 3616 per
1548 3547 1925 3617 paenitentiam
1959 3564 1964 3618 ι

2158 3547 2231 3607 ὡς
2271 3543 2358 3596 διὰ
2382 3542 2672 3612 μετανοίας
2715 3540 3088 3612 καθαρθέντα,
3131 3539 3463 3612 χαρακτῆρα
3499 3535 3695 3610 προϐάλ-

467 3631 763 3697 rificatum,
794 3635 1025 3704 profert.

794 3635 1025 3704 profert.
2157 3637 2328 3692 λεται.

540 3722 686 3778 XIV.
719 3725 968 3782 Narratio
1012 3743 1206 3783 eorum
1229 3744 1350 3799 qua:
1379 3729 1600 3800 quidam
1634 3745 1790 3801 reges
1812 3729 2054 3802 gentium

2231 3727 2311 3781 ιδ’.
2356 3725 2636 3798 Διήγησις,
2667 3719 2756 3779 οἶα
2786 3724 3037 3796 περὶτῆς
3067 3725 3308 3779 κιϐωτοῦ
3340 3725 3568 3795 βασιλεῖς
3587 3737 3696 3785 τινες

465 3815 534 3875 ad
557 3832 736 3872 arcam
752 3819 1033 3874 mittentes
1050 3819 1437 3877 siscitabantur
1459 3832 1543 3887 ;et
1563 3823 1842 3878 accusatio
1865 3821 2025 3878 Israel

2157 3818 2326 3872 ἐθνῶν
2382 3817 2701 3888 πέμψαντες
2758 3817 3149 3872 ἐπυνθάνοντοο
3212 3819 3313 3872 καὶ
3365 3817 3574 3887 ἐλεγχος
3626 3812 3697 3867 τοῦ

466 3910 612 3978 quod
644 3927 754 3966 non
786 3912 1088 3968 secundum
1121 3928 1347 3984 scopum
1385 3912 1475 3969 D'ei
1505 3915 1758 3986 jejunant
1792 3924 1848 3971 et
1894 3932 2020 3970 man

2171 3909 2410 3980 Ἰσραὴλ,
2441 3910 2523 3963 ὅτι
2565 3910 2638 3981 μὴ
2694 3908 2837 3962 κατά
2886 3909 3088 3962 σκοπὸν
3121 3907 3263 3962 Θεοῦ
3313 3906 3695 3982 νηστεύουσινῆ

467 3997 693 4054 ducant.

2157 4001 2427 4054 ἐσθίουσιν

541 4087 656 4143 XV.
693 4089 1005 4145 Admonitio
1053 4107 1303 4162 quaenam
1340 4092 1452 4147 sint
1477 4093 1676 4163 quibus
1727 4091 1868 4150 Deus
1921 4111 2053 4152 con-

2230 4095 2310 4148 ιε’.
2352 4095 2640 4158 Νουθεσία,
2669 4096 2777 4149 τίσι
2797 4094 2929 4160 Θεὸς
2967 4095 3297 4166 ἀρέσκεται*
3320 4095 3414 4148 καὶ
3440 4087 3697 4162 κατηγορία

468 4192 677 4247 tentus,
721 4192 776 4238 et
804 4184 1083 4240 accusatio
1125 4185 1517 4246 inobedientizu,
1556 4185 1765 4256 populi,
1799 4196 1853 4240 et
1892 4186 2028 4243 mina

2155 4186 2255 4255 τῆς
2282 4185 2376 4239 τοῦ
2418 4185 2548 4238 λαοῦ
2594 4185 2878 4257 παρακοῆς
2901 4201 2914 4214 ·
2949 4186 3042 4239 καὶ
3069 4185 3270 4256 ἀπειλὴ
3302 4185 3592 4256 διασπορᾶς
3616 4180 3696 4233 τῶν

468 4273 1041 4342 dispersioniscorum
1083 4287 1140 4332 et
1157 4277 1505 4349 perditionis.

1310 4277 1505 4333 .tionis.
2157 4275 2338 4329 αὐτῶν
2371 4276 2465 4330 καὶ
2493 4277 2832 4348 πορθήσεως.
2867 4343 2870 4346 Α

538 4363 678 4420 XVI.
719 4366 1002 4423 Praedictio
1034 4368 1305 4424 bonorum
1338 4384 1460 4439 quae
1505 4367 1816 4424 Jerusalem
1873 4367 2054 4425 futura

2232 4366 2329 4432 ις’.
2388 4367 2702 4440 Πρόρῤησις
2756 4367 2865 4420 τῶν
2917 4368 3193 4438 ἐσομένων
3243 4371 3312 4440 τῇ
3388 4364 3697 4438 Ἰερουσαλὴμ

469 4467 598 4513 sunt
616 4474 712 4528 per
744 4459 1042 4516 Salvatoris
1069 4460 1395 4517 adventum.

2161 4459 2381 4529 ἀγαθῶν
2411 4459 2498 4513 διὰ
2528 4461 2624 4531 τῆς
2653 4461 2745 4513 τοῦ
2771 4459 3026 4531 Σωτῆρος
3052 4461 3309 4530 ἀφίξεως.

546 4551 706 4607 XVII.
741 4552 1023 4626 Expositio
1053 4571 1303 4633 quaenam
1329 4553 1501 4610 veteri
1532 4553 1737 4634 popqu
1769 4565 1897 4612 ante
1920 4556 2054 4612 azdi-
2086 4577 2106 4632 ι

2233 4552 2319 4616 ιζ’.
2373 4553 2654 4623 Διήγησις,
2688 4547 2776 4606 οἷα
2822 4551 2901 4621 τῷ
2946 4553 3160 4623 ἀρχαίῳ
3189 4552 3326 4623 λαῷ,
3359 4553 3488 4624 πρὶν
3528 4548 3695 4605 οίκοδοα

470 4646 778 4702 Iicationem
815 4647 1001 4718 templi
1040 4648 1159 4713 Dei,
1189 4661 1438 4718 quaenam
1482 4661 1614 4702 vero
1653 4663 1795 4702 novo
1851 4650 2030 4720 populi

2161 4646 2400 4718 μηθῆναι
2433 4645 2523 4700 τὸν
2555 4643 2647 4699 τοῦ
2678 4645 2814 4698 Θεοῦ
2843 4645 2990 4711 ναὸν,
3018 4638 3105 4697 οἷα
3138 4644 3195 4698 δὲ
3233 4645 3374 4715 μετά
3413 4645 3507 4716 τὴν
3533 4639 3697 4696 οἰκοδο-

467 4749 594 4810 post
641 4741 788 4794 illius
816 4739 1255 4806 aediﬁcationem,
1291 4756 1320 4795 a
1355 4739 1466 4795 Deo
1511 4739 1652 4796 facta
1692 4739 1899 4796 fuerint
1933 4758 1950 4808 ;
1999 4756 2027 4795 e

2159 4739 2268 4807 μὴν
2301 4737 2400 4808 τὴν
2434 4737 2647 4803 τούτου,
2673 4736 2750 4807 τῷ
2778 4738 2885 4806 νέῳ
2914 4735 3029 4806 λαῷ
3063 4735 3214 4807 παρά
3239 4736 3376 4790 Θεοῦ
3411 4734 3693 4804 γεγένηται’

427 4875 434 4885 .
468 4831 761 4889 instructio
785 4833 1053 4904 quidnam
1072 4833 1350 4905 corrigere
1377 4833 1640 4889 debeant.

2015 4903 2018 4905 Α
2155 4830 2251 4885 καὶ
2282 4829 2602 4884 διδασκαλία
2629 4828 2682 4881 τί
2717 4825 3018 4898 κατορθοῦν
3047 4827 3344 4894 ὀφείλουσι.

541 4924 730 4980 XVIII.
763 4926 1086 4982 Exhortatio
1110 4926 1180 4982 ad
1205 4926 1476 4997 jejunium
1532 4925 1620 4982 his
1648 4925 1741 4997 qui
1782 4926 2052 4982 confiten-

2228 4920 2316 4990 ιη’.
2350 4919 2640 4992 Προτροπὴ
2671 4920 2926 4990 νηστείας
2953 4920 3065 4982 τοῖς
3089 4917 3604 4989 ἐξομολογουμένοις,
3638 4911 3696 4976 ὥς

471 5027 579 5080 tur,
603 5018 756 5087 quasi
790 5019 842 5072 in
870 5033 937 5074 eo
967 5018 1227 5089 gaudium
1251 5016 1467 5072 naeturi
1502 5018 1614 5073 sint
1651 5035 1666 5084 ;
1695 5027 1748 5073 et
1772 5017 2031 5088 praedictii

2154 5015 2212 5068 ἐν
2244 5014 2383 5084 αὐτῇ
2414 5012 2512 5082 τὴν
2541 5010 2883 5082 εὐφροσύνην
2907 5009 3123 5081 ἔχουσι’
3156 5010 3250 5063 καὶ
3276 5011 3572 5094 πρόρρησις
3601 5007 3694 5058 ἐιιιι⁴

469 5111 845 5166 conversionis
871 5111 1119 5180 gentium
1137 5127 1235 5182 per
1259 5110 1562 5166 Salvatoris
1589 5110 1910 5165 adventum.

2155 5109 2398 5178 στροφῆς
2427 5103 2597 5158 ἐθνῶν
2623 5103 2713 5158 διὰ
2740 5104 2839 5173 τῆς
2868 5102 2962 5156 τοῦ
2999 5103 3251 5173 Σωτῆρος
3279 5103 3529 5170 ἀφίξεως.

541 5203 684 5258 ΧΙΧ.
728 5204 1057 5259 Vaticininm
1096 5203 1412 5260 abolitionis
1446 5202 1653 5257 erroris
1683 5201 1826 5272 apud
1862 5208 2052 5272 gentes

2228 5198 2312 5251 ιθ’.
2362 5197 2677 5267 Προφητεία
2713 5195 3024 5265 ἀφανισμοῦ
3071 5195 3278 5264 πλάνης
3325 5193 3580 5264 ἐσομένης
3604 5190 3694 5250 τοῖς

471 5297 638 5349 futuri
681 5313 695 5358 ;
727 5305 784 5350 et
818 5295 1100 5366 praedictio
1131 5296 1256 5350 fidei
1293 5309 1415 5365 quae
1442 5293 1498 5347 in
1531 5293 1663 5363 ipsis
1692 5293 2030 5364 plantabitur

2154 5291 2366 5346 ἔθνεσι·
2416 5289 2512 5342 καὶ
2559 5289 2864 5360 πρόρρησις
2895 5289 2993 5358 τῆς
3041 5289 3100 5341 ὲν
3129 5289 3311 5351 αὐτοῖς
3356 5283 3693 5356 φυτευομένης

471 5404 566 5457 per
593 5404 752 5459 quam
779 5404 888 5442 non
906 5388 1019 5459 jam
1043 5388 1366 5445 diabolieam
1386 5389 1746 5459 direptionem
1775 5396 2029 5443 metuunt

2154 5384 2412 5446 πίστεως,
2460 5381 2529 5434 δι’
2574 5381 2642 5452 ἢν
2683 5382 2787 5434 οὐκ
2826 5380 2908 5433 ἐτι
2950 5379 3049 5451 τὴν
3088 5378 3396 5449 διαϐολικὴν
3429 5373 3691 5430 ἀπελασίαν

2151 5475 2442 5530 δεδοίκασι.

543 5576 662 5630 XX.
684 5575 1016 5631 Vaticinium
1050 5577 1120 5632 de
1149 5575 1394 5641 Christo,
1421 5576 1695 5645 quomodo
1713 5575 1884 5630 asinae
1913 5571 2050 5628 insi-

2226 5567 2296 5622 κ’.
2323 5566 2641 5638 Προφητεία
2679 5564 2808 5635 περὶ
2840 5562 3101 5635 Χριστοῦ,
3121 5565 3267 5626 ὅπως
3302 5563 3401 5632 τὴν
3445 5561 3555 5613 ὄνον
3582 5552 3687 5608 καθ·

469 5669 606 5726 dens
632 5667 914 5722 Judaicam
934 5669 1248 5738 superbiam
1279 5667 1736 5739 destruit,pacem
1759 5681 1888 5721 vero
1913 5681 2029 5720 con.

2156 5661 2297 5724 ίσας,
2335 5657 2435 5730 τὴν
2499 5657 2794 5726 Ἰουδαῖκὴν
2823 5657 3140 5721 ἀλαζονείαν
3171 5655 3426 5709 ἀπόλλυσι
3449 5670 3463 5683 ο
3496 5649 3686 5721 εἰρήνην

471 5759 625 5814 ciliat
648 5758 926 5829 gentibus,
958 5759 1224 5814 ministris
1254 5774 1383 5814 usus
1406 5760 1669 5829 apostolis
1718 5758 1776 5814 in
1812 5753 2031 5826 evange-

2151 5753 2208 5807 δὲ
2253 5751 2582 5822 πρυτανεύει
2608 5751 2720 5814 τοῖς
2755 5748 2954 5812 ἔθνεσι,
2984 5749 3238 5820 ὀργάνοις
3266 5751 3377 5810 τοῖς
3404 5740 3683 5798 ἀποστόλοις

473 5849 632 5914 licam
671 5849 1140 5926 praedicationem,
1184 5851 1239 5905 in
1272 5851 1704 5908 destructionem
1732 5849 1958 5915 erroris,
1993 5847 2033 5901 ir

2152 5847 2231 5909 εἰς
2258 5845 2319 5899 τὸ
2344 5842 2700 5914 εὐαγγελικὸν
2728 5843 3011 5915 κήρυγμα,
3056 5842 3150 5897 καὶ
3179 5843 3277 5914 τὴν
3311 5839 3572 5895 ἀπώλειαν
3600 5832 3676 5901 τῆς
