3950 6412
371 375 519 441 1365

1428 383 1510 443 ΙΝ
1537 384 1655 445 XII
1694 383 2138 445 PROI’IIETAS
2170 389 2538 451 MINORES.

3502 388 3641 455 1366‘

368 488 604 555 πλάνης,
639 486 733 542 καὶ
764 488 874 542 τῶν
911 491 1229 563 μυστηρίων
1256 492 1357 565 τὴν
1384 494 1713 566 φανέρωσιν,
1747 495 1844 548 καὶ
1860 496 1954 566 τὴν

2080 502 2444 570 nystcriurum
2504 503 3044 563 manifestationem.
3114 505 3170 560 in
3222 504 3637 560 conversioucm

367 581 715 652 ἐπιστροφήν
736 582 847 636 τῶν
871 584 1307 657 πεπλανημένων
1338 588 1705 660 χρησάμενος.

443 678 552 727 κα’.
605 674 727 726 Ὀτι
765 675 918 745 παρὰ
961 676 1097 730 Θεοῦ
1134 679 1228 732 καὶ
1274 681 1377 751 τὴν
1424 681 1587 752 χάριν
1617 684 1701 737 δεῖ
1732 686 1828 738 καὶ
1865 685 1956 739 τὸν

367 764 537 833 νόμον
575 765 1012 836 προσδέχεσθαι·
1046 768 1142 823 καὶ
1193 770 1413 842 διαϐολὴ
1462 773 1573 827 τῶν
1626 775 1956 847 Ἑλληνικῶν

372 855 651 923 μάντεων,
704 857 800 908 καὶ
856 858 1056 929 ἀπειλὴ
1109 860 1219 914 τῶν
1277 864 1587 919 Ἰουδαῖκῶν
1644 867 1951 937 ποιμένων·

369 949 467 1001 xa't
498 954 804 1021 προφητεία
828 953 929 1023 τῆς
956 954 1045 1008 διὰ
1065 954 1172 1007 τῶν
1202 957 1517 1011 ἀποστόλων
1549 961 1813 1031 ἐσομένης
1844 961 1957 1013 ἐπι·-

372 1043 616 1113 στροφῆς
637 1044 724 1098 διὰ
755 1044 1132 1116 βαπτίσματος
1161 1050 1254 1101 καὶ
1294 1051 1582 1118 μετανοίας
1608 1053 1670 1104 ἐκ
1700 1054 1799 1121 τῆς
1826 1052 1954 1106 πλά-

369 1150 470 1202 νης
498 1136 613 1198 τοῖς
644 1135 846 1190 ἔθνεσι.

442 1249 545 1318 κβ’.
594 1252 908 1322 Πρόῤῥησις
961 1254 1167 1307 εἰσόδου
1206 1255 1344 1326 πρὸς
1389 1256 1455 1309 τὰ
1492 1256 1620 1329 ἐθνη
1655 1257 1748 1311 τοῦ
1788 1258 1955 1312 Πνεῦ-

373 1353 578 1403 ματος·
613 1340 706 1390 καὶ
739 1339 974 1393 εἰδώλων
1011 1341 1302 1407 πτώσεως·
1327 1345 1421 1398 καὶ
1452 1344 1651 1417 θρήνου
1683 1345 1789 1400 τῶν
1826 1348 1954 1401 Ἰου-

366 1426 573 1480 δαῖκῶν
604 1430 899 1500 ποιμένων,
932 1433 1020 1502 ἐφ’
1050 1428 1131 1497 οἷς
1166 1438 1523 1505 καταργεῖται
1571 1436 1640 1490 τά
1688 1440 1819 1507 παρ’
1856 1439 1954 1491 αῦ-

365 1521 481 1582 τοίς
514 1519 808 1591 καθάρσια.

350 1637 356 1644 ’
441 1608 549 1677 κγ’.
598 1613 912 1683 Προφήτεία
946 1616 1074 1687 περὶ
1105 1617 1364 1687 Χριστοῦ,
1398 1620 1707 1689 ποιμαίνειν
1736 1620 1953 1694 εὐδοκία

365 1703 460 1756 τοῦ
511 1704 727 1773 Πατρδς
780 1705 847 1759 τὰ
891 1706 1082 1778 πρώην
1133 1710 1450 1764 ἀπολωλότα
1494 1712 1799 1781 μέλλοντος.
1856 1714 1953 1768 καὶ

2058 606 2248 646 eorum
2275 595 2366 664 qui
2400 604 2741 650 erraverant.

2130 682 2271 739 XXI.
2294 686 2451 752 Quod
2481 704 2509 741 a
2538 687 2649 743 Deo
2682 699 2795 744 tum
2820 689 2926 754 lex,
2955 699 3067 744 tum
3097 689 3290 761 gratia.
3311 691 3636 759 accipienda

2058 775 2145 829 sil.
2168 776 2231 829 Et
2261 778 2522 834 detractio
2557 782 2840 851 gentilium
2865 789 3070 847 vatum,
3104 792 3159 836 et
3187 782 3350 837 mina:
3386 780 3644 836 Iudaici:-

2060 878 2179 916 rum
2211 875 2516 934 pastorum.
2545 869 2876 924 Vaticiniunt
2919 870 3295 924 Conversionis
3334 887 3399 925 ex
3452 884 3639 923 errore

2059 965 2156 1018 per
2173 956 2446 1020 apostolos
2469 956 2722 1026 gentibus
2749 957 2946 1013 futurae
2972 973 3069 1028 per
3090 958 3421 1028 baptismum
3453 965 3509 1011 et
3527 972 3642 1026 pw-

2059 1042 2375 1100 nitentium:

2130 1247 2292 1302 XXII.
2321 1248 2609 1309 Praedictio
2629 1254 2981 1325 ingresxionis
3008 1254 3244 1326 Spiritus
3272 1254 3327 1309 in
3353 1261 3564 1325 gentes,
3586 1258 3642 1307 et

2057 1340 2229 1394 ruina:
2266 1341 2555 1408 idolorum,
2590 1354 2645 1398 et
2678 1346 3087 1400 lamentationis
3128 1345 3483 1401 Judaicorum
3542 1360 3639 1414 pa-

2055 1437 2284 1492 storum,
2314 1445 2379 1484 eo
2400 1433 2540 1502 quod
2558 1432 2736 1486 Cessat
2764 1432 2904 1503 apud
2930 1432 3076 1503 ipsos
3091 1431 3270 1488 hostia
3290 1430 3637 1502 expiationis.

2126 1613 2321 1667 XXlil.
2347 1613 2675 1670 Vaticinium
2707 1615 2775 1670 de
2804 1616 3046 1681 Christo,
3075 1618 3168 1687 qui
3190 1632 3257 1672 ex
3276 1618 3420 1672 bona
3445 1618 3641 1672 volun-

2059 1713 2169 1759 tate
2204 1704 2382 1758 Patris
2416 1720 2639 1774 pascere
2670 1707 2914 1764 dehctea
2938 1724 3060 1777 qua:
3089 1716 3216 1763 ante
3243 1707 3540 1778 perierant.
3573 1708 3647 1785 Et

366 1794 565 1865 ἀπειλὴ
597 1796 699 1867 τῆς
728 1797 836 1851 τῶν
875 1799 1142 1854 Ἰουδαίων
1163 1803 1501 1873 πορθήσεως,
1530 1805 1751 1874 Καῖάφα
1767 1822 1827 1859 τε
1858 1808 1952 1861 καὶ

2080 1792 2221 1846 nime
2249 1793 2575 1862 direptionis
2616 1793 2951 1861 Iudaeorum,
2982 1805 3037 1850 et
3086 1794 3378 1851 ablationis
3416 1794 3642 1866 Caipbze

366 1887 602 1942 Πιλάτου
638 1891 731 1944 καὶ
771 1890 1014 1962 Ἡρώδου
1082 1892 1377 1964 ἐξὰρσεως,
1445 1897 1612 1968 νόμου
1656 1915 1716 1951 τε
1744 1898 1949 1969 ἐγγρά-

364 1995 472 2046 φου
508 1981 600 2032 καὶ
639 1981 870 2049 φυσικοῦ
922 1984 1267 2054 μεταθέσεως
1316 1989 1396 2052 εἰς
1444 1989 1641 2043 αὐτόν·
1686 1990 1950 2061 ἐκατέρου

364 2067 677 2138 διόρθωσιν.

441 2177 543 2235 κδ’.
597 2182 911 2252 Προφητεία
941 2184 1041 2255 τ’ἠς
1071 2187 1334 2258 ἐσομένης
1366 2190 1425 2243 ἐν
1457 2192 1569 2254 τοῖς
1600 2190 1776 2247 ἔθνεσι
1809 2191 1951 2261 γνὼ-

370 2288 533 2340 σεως,
583 2275 681 2329 καὶ
729 2276 829 2345 τῆς
874 2277 968 2345 τοῦ
1017 2278 1223 2350 Κυρίου
1273 2283 1627 2350 φαντασίας,
1663 2285 1758 2338 καὶ
1804 2286 1952 2351 ὅπως

364 2365 541 2437 αὐτῆς
578 2366 677 2437 μὲν
714 2367 978 2439 ἀδόκιμον
1026 2369 1241 2442 ἐδείχθη
1288 2372 1347 2425 τὸ
1395 2373 1680 2445 ἀργύριον,
1730 2377 1763 2447 ή
1814 2377 1954 2449 πρὸς

362 2460 461 2512 τὸν
496 2459 624 2515 λαὸν
649 2459 705 2514 δέ
739 2461 848 2514 τῶν
894 2462 1164 2517 Ἰουδαίων
1190 2463 1421 2536 διαθήκη
1459 2469 1784 2539 κατηγορία.

439 2556 540 2604 κε’.
592 2553 928 2625 Προφήτεία,
961 2554 1014 2607 τί
1046 2556 1144 2627 μὲν
1173 2558 1201 2609 ὁ
1235 2556 1602 2629 Ἀντίχριστος
1633 2561 1875 2634 ποιήσει,
1904 2563 1955 2617 τί

361 2639 424 2694 δὲ
464 2642 557 2695 καὶ
590 2642 776 2713 μέλλει
807 2644 1117 2701 πείσεσθαι.

439 2764 554 2821 κς’.
601 2758 911 2832 ηρόρρησις
940 2759 1049 2815 τῶν
1081 2762 1385 2832 μελλόντων
1403 2767 1471 2836 τῇ
1507 2764 1867 2840 Ἰερουσαλήμ
1898 2771 1955 2824 ἐν

358 2851 435 2919 τῇ
490 2849 754 2921 πορθήσει
808 2852 1191 2923 συμϐήσεσθαι
1243 2857 1335 2909 καὶ
1375 2856 1486 2910 τῶν
1538 2858 1815 2929 ἐσομένων
1869 2861 1958 2915 διὰ

363 2942 665 3011 μετανοίας
712 2945 1046 3013 σωζομένοις
1076 2946 1318 3015 ἀγαθῶν,
1352 2948 1503 3013 ὅπως
1549 2951 1707 3004 αὐτοὶ
1747 2953 1847 3023 μὲν
1876 2954 1956 3016 εἰς

360 3037 471 3105 τὴν
500 3034 656 3101 τάξιν
682 3036 793 3090 τῶν
833 3037 1057 3100 δικαίων
1090 3038 1473 3109 ἀναϐήσονται,
1510 3043 1591 3106 είς
1620 3042 1678 3097 δὲ
1717 3044 1817 3113 τὴν
1849 3046 1959 3099 τῶν

361 3126 614 3194 ἀγγέλων
647 3130 695 3180 οἱ
733 3128 951 3182 δίκαιοι.

441 3220 541 3284 κζ’.
597 3221 909 3292 Προφητεία
936 3223 1213 3289 ἀπωλείας
1238 3225 1529 3297 δαιμόνων,
1560 3229 1654 3282 καὶ
1674 3231 1773 3300 τῆς
1799 3229 1949 3301 ἰσχύ-

364 3328 507 3376 σεως
535 3312 637 3382 τῆς
669 3314 764 3368 ἐπὶ
794 3317 921 3379 τοὺς
964 3316 1191 3381 πιστοὺς
1224 3317 1518 3389 γινομένης
1554 3319 1652 3373 τοῦ
1701 3322 1948 3394 Πνεῦμα-

359 3422 459 3468 τος
477 3420 493 3435 ο
523 3406 619 3458 καὶ
661 3404 769 3459 τῶν
810 3407 1086 3478 ἐσομένων
1113 3409 1171 3462 ἐν
1194 3409 1275 3480 τῷ
1316 3410 1496 3481 καιρῷ
1519 3412 1619 3483 τῆς
1647 3414 1960 3479 συντελείας

359 3498 485 3562 τοῖς
528 3497 804 3561 Ἰουδαίοις
830 3499 1055 3553 κακῶν·
1086 3499 1324 3555 εἰδώλων
1347 3518 1409 3555 τε
1448 3503 1542 3556 καὶ⁵
1567 3503 1666 3557 τοῦ
1709 3504 1960 3575 πνεὺμα⁹

363 3606 462 3654 τος
493 3590 593 3661 τῆς
627 3589 837 3662 πλάνης
882 3591 1283 3665 ὁλοθρεύσεως·
1324 3593 1417 3647 καὶ
1467 3590 1559 3648 οἷα
1604 3594 1682 3665 τῷ
1733 3596 1961 3667 Χριστῷ

362 3680 628 3753 ἐξαίρετα
658 3683 1056 3756 προφητεύοντι
1081 3686 1235 3758 παρὰ
1259 3686 1356 3741 τοῦ
1384 3686 1516 3741 λαοῦ
1545 3686 1654 3742 τῶν
1688 3687 1959 3743 Ἰουδαίων

363 3776 683 3846 γενήσεται.

442 3874 553 3939 κη’.
607 3869 923 3941 Προφητεία
952 3869 1047 3925 τοῦ
1080 3872 1417 3927 Δεσποτικοῦ
1449 3872 1705 3945 σταυροῦ,
1737 3873 1833 3928 καὶ
1860 3875 1959 3945 τῆς

363 3958 656 4030 ἀρνήσεως
688 3958 785 4013 τοῦ
817 3961 1048 4032 Πέτρου,
1093 3963 1190 4016 καὶ
1228 3963 1328 4034 τῆς
1353 3962 1464 4016 τῶν
1498 3964 1815 4020 ἀποστόλων
1841 3964 1960 4018 δια-

368 4050 606 4120 σπορᾶς,
653 4051 748 4103 καὶ
796 4051 894 4120 τῆς
942 4052 1054 4106 τῶν
1110 4053 1381 4108 Ἰουδαίων
1423 4053 1814 4124 ὀλοθρεύσεως,
1867 4055 1963 4110 καὶ

366 4141 736 4214 προσλήψεως
759 4143 869 4198 τῶν
900 4144 960 4198 ἐν
988 4144 1173 4209 αὐτοῖς
1203 4145 1489 4200 σωθέντων
1525 4147 1594 4199 δι’
1626 4146 1959 4217 ἐξομολογή-

368 4248 535 4296 σεως,
566 4233 664 4287 καὶ
685 4233 923 4305 Χριστοῦ
953 4236 1310 4307 στρατηγίας,
1340 4236 1409 4306 ῆν
1439 4236 1576 4308 πρὸς
1601 4238 1727 4299 τοὺς
1767 4237 1960 4309 δαίμο-

364 4343 470 4390 νας
505 4327 644 4399 ὑπὲρ
667 4330 766 4399 τῆς
793 4328 1070 4400 σωτηρίας
1098 4330 1207 4383 τῶν
1237 4328 1408 4383 ἐθνῶν
1438 4330 1862 4401 παρατάττεται.

441 4416 548 4472 κθ’.
591 4418 907 4491 Πρόρρησις
948 4422 1047 4492 τῆς
1088 4421 1181 4475 τοῦ
1233 4421 1472 4493 Χριστοῦ
1517 4422 1861 4494 ἀναλήψεως,
1901 4423 1962 4489 ἐξ

2056 1893 2111 1938 ct
2166 1882 2415 1948 Herodis,
2458 1884 2591 1956 legis
2638 1893 2768 1963 tum
2825 1885 3042 1956 scriptae
3088 1896 3203 1939 tum
3270 1883 3539 1939 naturalis
3584 1885 3640 1939 in

2054 1974 2332 2030 Christum
2371 1976 2905 2044 transformatiouis;
2940 1978 3230 2048 utriusque
3258 1977 3607 2033 instauratio.

2125 2181 2315 2238 XXIV.
2349 2180 2679 2237 Vaticinium
2704 2181 2903 2237 futura:
2923 2181 2976 2235 in
3011 2179 3269 2252 gentibus
3291 2178 3641 2251 cognitionis.

2055 2286 2108 2331 et
2131 2276 2491 2346 apparitionis
2518 2274 2737 2331 Domini
2773 2292 2790 2342 ;
2819 2284 2876 2329 et
2904 2273 3179 2329 accusatio
3204 2274 3479 2344 quomodo
3516 2274 3641 2328 nul-

2057 2367 2162 2422 lius
2212 2369 2368 2437 pretii
2401 2369 2578 2423 visum
2622 2376 2709 2423 est
2747 2375 3034 2437 argentum
3072 2365 3217 2437 ejus,
3250 2365 3464 2422 scilicet
3513 2380 3641 2423 cum

2054 2458 2258 2529 populo
2286 2458 2599 2514 Judaeorum
2634 2458 2831 2514 fmdus.

2127 2548 2292 2605 XXV.
2325 2551 2655 2607 Vaticinium
2682 2553 2813 2622 quid
2852 2552 3221 2608 Antichristus
3249 2549 3496 2606 facturus
3545 2545 3639 2611 sit.

2055 2643 2191 2714 quid
2231 2660 2363 2699 vero
2395 2660 2680 2716 passurus.

2131 2755 2321 2814 XXVI.
2352 2756 2639 2815 Praedictio
2666 2773 2856 2818 eorum
2874 2773 2994 2829 quae
3014 2755 3318 2814 Jerusalem
3344 2754 3401 2809 in
3427 2754 3643 2809 destru-

2059 2850 2246 2907 ctione
2285 2858 2694 2921 superrentura
2732 2858 2886 2915 sunt,
2916 2858 2973 2905 et
3010 2834 3642 2907 bonorum‘futurorum

2062 2943 2149 2998 his
2176 2941 2267 3013 qui
2312 2960 2411 3014 per
2446 2942 2830 3014 paenitentiam
2859 2944 2995 2999 salvi
3027 2942 3267 2999 faciendi
3307 2947 3470 3004 sunt;
3501 2952 3640 3008 quo-

2064 3035 2225 3091 modo
2254 3035 2309 3089 hi
2332 3036 2555 3106 quidem
2588 3035 2644 3090 in
2676 3035 2930 3091 ordinem
2956 3035 3254 3105 iustorum,
3290 3031 3425 3103 justi
3456 3037 3642 3113 autem

2066 3127 2122 3181 in
2156 3127 2407 3182 ordinem
2430 3130 2747 3199 angelorum
2788 3128 3109 3183 ascendent.

2138 3217 2354 3273 XXVII.
2389 3219 2725 3276 Vaticinium
2754 3219 3081 3290 perditionis
3102 3218 3511 3280 daamonum,et
3529 3216 3645 3271 for-

2066 3312 2316 3367 titudinis
2343 3328 2442 3380 per
2468 3311 2734 3381 Spiritum
2774 3311 3029 3367 ﬁdelibus
3048 3309 3269 3376 futurae,
3302 3318 3361 3364 ct
3377 3309 3644 3363 malorum

2060 3404 2598 3461 Iudaeis-futurorum
2642 3404 2696 3458 in
2721 3412 2966 3473 tempore
3029 3399 3540 3465 consummationis,
3591 3406 3647 3452 ct

2060 3497 2238 3554 ruina:
2278 3498 2550 3553 idolorum
2610 3505 2666 3551 et
2709 3495 2948 3565 Spiritus
2992 3493 3214 3559 erroris,
3279 3500 3337 3547 et
3393 3505 3645 3560 quaenam

2058 3592 2283 3648 Christo
2334 3590 2536 3646 eximia
2591 3587 2941 3661 prOpltelanti
2989 3601 3019 3640 a
3068 3587 3270 3657 populo
3329 3584 3645 3640 Iudaeorum

2058 3685 2214 3741 ﬁent.

2135 3866 2379 3923 XXVIII.
2399 3866 2733 3923 Vaticinium
2765 3867 2947 3923 crucis
2977 3867 3297 3932 Dominicas,
3322 3878 3380 3924 et
3398 3872 3647 3941 negatio-

2059 3958 2147 4014 nis
2175 3958 2347 4025 Petri,
2382 3965 2439 4013 et
2469 3956 2827 4028 dispersionis
2856 3957 3251 4027 apostolorum,
3297 3966 3355 4014 et
3379 3958 3645 4029 perditio-

2060 4051 2148 4108 nis
2176 4050 2516 4114 Iudaeorum,
2562 4058 2618 4105 et
2646 4048 2984 4119 aceeptionis
3013 4065 3204 4104 eorum
3257 4051 3353 4121 qui
3405 4065 3470 4106 ex
3512 4050 3645 4122 ipsis

2061 4157 2160 4213 per
2214 4140 2615 4198 confessionem
2653 4139 2846 4196 salvati
2893 4138 3118 4204 fuerint,
3184 4147 3242 4195 et
3284 4140 3647 4211 expeditionis

2061 4233 2268 4289 Christi
2297 4249 2459 4304 quam
2481 4244 2673 4289 contra
2711 4231 2991 4288 daemones
3025 4240 3250 4302 propter
3281 4232 3527 4303 gentium
3553 4247 3640 4287 sa-

2061 4328 2231 4382 lutem
2264 4326 2530 4395 disponit.

2135 4418 2337 4474 XXIX.
2355 4418 2644 4475 Predictio
2695 4417 3106 4489 Assutnptionis
3152 4418 3381 4483 Christi,
3438 4432 3505 4472 ex
3539 4431 3646 4487 qua

363 4504 439 4580 ἧς
466 4508 529 4562 τὸ
562 4513 859 4583 μυστήριον
889 4513 969 4575 είς
1006 4513 1105 4567 ὅλα
1154 4515 1436 4584 μερίζεται
1490 4514 1591 4583 τῆς
1632 4516 1954 4601 οἰκουμένης

2080 4512 2382 4583 nysterium
2429 4510 2778 4566 distribuitur
2808 4512 2863 4565 in
2910 4511 3164 4565 universa
3221 4510 3369 4564 orbis
3407 4509 3645 4574 climata,

364 4600 708 4677 τάοκλίματα
729 4618 742 4634 ο
770 4607 865 4658 καὶ
891 4608 1199 4677 προφητεία
1236 4605 1346 4661 τῶν
1372 4607 1647 4677 ἐσομένων
1675 4609 1733 4660 ἐν
1760 4600 1956 4681 ἐκείνῳ

362 4691 451 4764 τῷ
481 4693 658 4765 καιρῷ
689 4695 1006 4767 θαυμάτων,
1039 4699 1135 4752 καὶ
1177 4699 1278 4768 τῆς
1310 4698 1419 4753 τῶν
1450 4699 1623 4754 ἐθνῶν
1654 4700 1955 4771 ὑποταγῆς,

366 4788 469 4842 καὶ
520 4787 875 4861 Ἰερουσαλὴμ
902 4791 1001 4862 τῆς
1044 4790 1172 4853 νέας
1206 4793 1600 4864 κατοικήσεως.

442 4898 512 4955 λ’.
570 4900 797 4971 ’Δπειλὴ
831 4903 973 4956 κατὰ
1004 4902 1113 4956 τῶν
1162 4903 1236 4975 μὴ
1264 4904 1712 4977 ἐπιστρεψάντων
1745 4905 1917 4961 ἐθνῶν
1940 4920 1955 4935 ·

366 4990 472 5045 καὶ
518 4991 772 5063 διήγησις
811 4992 906 5046 τοῦ
965 4993 1197 5047 πλούτου
1247 4996 1358 5049 τῶν
1405 4996 1954 5069 ἐξομολογουμένων

367 5083 469 5138 καὶ
499 5084 779 5154 ἀπόφασις
806 5086 949 5140 κατά
978 5086 1088 5139 τῶν
1117 5088 1229 5157 ἁμα
1241 5088 1481 5158 ρτωλῶν,
1508 5090 1587 5153 ὡς
1617 5078 1969 5161 πεισομένων

365 5179 487 5243 τοῖς
520 5177 779 5233 ἀσεϐέσιν
810 5180 991 5246 ὃμοια.

441 5269 546 5323 λα’.
606 5270 923 5342 Προφητεία
956 5270 1271 5341 ἀφανισμοῦ·
1302 5270 1515 5341 πλάνης
1543 5269 1813 5343 ἐσομένης
1847 5274 1959 5337 τοῖς

368 5360 590 5415 ἔθνεσυ
628 5363 726 5416 καὶ
772 5362 1081 5436 πρόρρησις
1116 5363 1216 5434 τῆς
1264 5366 1323 5416 ἐν
1352 5364 1538 5427 αὐτοῖς
1583 5365 1959 5435 φυτευομένης

368 5454 636 5516 πίστεως.
674 5454 742 5508 δι’
775 5456 993 5525 ήν.οὺκ
1037 5454 1118 5508 ἐτι
1161 5456 1260 5526 τήν
1299 5454 1611 5527 διαϐολικὴν
1657 5456 1958 5510 ἀπελασίαν

365 5544 698 5600 δεδοίκασιν.

446 5635 547 5706 λβ’.
613 5636 837 5709 Ἀπειλὴ
869 5637 1011 5691 κατά
1038 5637 1147 5690 τῶν
1176 5637 1251 5708 μὴ
1277 5637 1739 5709 παραϐαλλόντων
1763 5641 1830 5710 τῇ
1860 5638 1958 5711 νέᾳ

378 5727 767 5801 Ἰερουσαλὴμ,
795 5728 940 5785 ὥστε
971 5729 1039 5783 τὰ
1068 5729 1165 5785 νέα
1195 5730 1288 5784 τοῦ
1315 5730 1554 5801 Χριστοῦ
1588 5731 1958 5803 πανηγυρίσαι

368 5823 654 5896 μυστήρια
676 5839 688 5852 ’
736 5824 830 5877 καὶ
862 5823 1187 5897 πρόρρησις,
1223 5824 1301 5894 τῷ
1340 5823 1685 5895 εὐαγγελικῷ
1721 5822 1957 5895 λόγῳτᾶ

2062 4612 2120 4659 et
2148 4602 2467 4659 vaticinium
2509 4602 2821 4658 futurorum
2868 4619 2935 4657 eo
2963 4611 3210 4673 tempore
3233 4601 3645 4668 miraculorum,

2062 4706 2119 4753 et
2143 4696 2508 4767 subiectionis
2540 4696 2814 4768 gentium,
2835 4704 2893 4751 et
2920 4694 3277 4750 habitationis
3307 4708 3465 4749 nova
3487 4691 3645 4748 Jeru-

2063 4789 2261 4845 salem.

2132 4899 2301 4955 XXX.
2332 4899 2493 4955 Minae
2520 4901 2573 4954 in
2621 4915 2719 4955 eos
2750 4902 2844 4970 qttl
2876 4915 2942 4954 ex
2972 4899 3224 4971 gentibus
3257 4913 3366 4952 non
3396 4896 3645 4953 conversi

2062 4993 2287 5061 fuerint,
2331 4993 2677 5063 etespositio
2706 4992 3016 5048 divitiarum
3059 5006 3249 5046 eorum
3285 4991 3376 5061 qui
3408 4987 3643 5044 confessi

2062 5085 2289 5151 fuerint,
2327 5095 2382 5142 et
2410 5087 2681 5141 sententia
2708 5095 2901 5141 contra
2923 5093 3262 5155 peccatores,
3287 5084 3479 5139 eadem
3530 5083 3643 5139 sci-

2062 5179 2191 5235 licet
2220 5194 2478 5249 passuros
2498 5193 2621 5233 esse
2648 5195 2771 5249 qua:
2800 5178 2974 5249 impii.

2132 5271 2323 5327 XXXI.
2362 5271 2693 5328 Vaticinium
2724 5271 2791 5326 de
2809 5286 2993 5325 errore
3010 5269 3288 5340 gentilium
3320 5266 3642 5328 auferendo.

2060 5372 2117 5417 et
2148 5361 2432 5432 praedictio
2459 5361 2526 5415 de
2548 5361 2840 5431 plantanda
2876 5361 3020 5416 inter
3046 5375 3141 5415 eos
3171 5360 3298 5423 fide,
3339 5373 3502 5430 quam
3532 5374 3645 5413 am-

2060 5456 2203 5527 plexi
2236 5456 2383 5511 haud
2416 5455 2650 5526 amplius
2679 5455 2881 5511 diaboli
2911 5455 3346 5525 persecutionem
3388 5452 3605 5508 timent.

2129 5638 2348 5695 XXXII.
2371 5638 2527 5694 Minae
2545 5649 2733 5695 contra
2752 5654 2847 5695 cos
2868 5639 2961 5709 qui
2977 5655 3086 5693 non
3101 5638 3464 5694 adhaerebunt
3483 5652 3642 5695 novae

2057 5727 2388 5794 Jerusalem,
2421 5728 2494 5782 ita
2530 5737 2590 5783 ut
2620 5743 2759 5783 nova
2786 5726 2993 5782 Christi
3026 5727 3305 5783 celebrent
3352 5727 3643 5797 mysteria,

2059 5831 2112 5879 et
2134 5820 2419 5893 pradictio
2443 5828 2637 5893 gentes
2660 5820 2978 5894 evangelico
3004 5821 3173 5878 verbo
3191 5819 3485 5877 frenandas
3503 5818 3639 5876 fore.
