3950 6470
390 387 517 453 13¹Π

1568 389 1935 451 HESYCHII
1978 388 2456 451 PRESBYTERI

3536 377 3664 445 1312

387 498 645 556 ebrietati
673 508 727 557 et
755 514 1048 557 munerum
1081 497 1389 572 acceptioni
1411 497 1736 571 indulgent;
1768 510 1826 555 et
1844 508 1981 555 vati-

2122 500 2233 573 ,ίοῃ
2259 518 2318 555 τε
2344 501 2446 555 καὶ
2480 496 2783 572 δωροδοκίᾳ
2813 492 3190 567 σχολαζόντων
3209 508 3225 522 ⁸
3257 488 3356 547 καὶ
3379 495 3671 565 προφητεία

391 593 595 648 ciuium
615 593 881 649 malorum
905 593 1107 665 quibus
1129 592 1184 647 hi
1209 592 1473 664 puniendi
1492 600 1623 649 sunt
1642 609 1657 660 ;
1675 600 1729 646 et
1750 592 1984 663 promis-

393 684 479 740 sio
502 683 801 740 vocationis
832 688 1078 755 gentium
1108 690 1163 738 et
1193 681 1523 753 evangelicae
1552 681 1979 752 praedicationis,

393 786 450 832 et
474 775 904 847 perturbationis
928 790 1090 846 quam
1120 774 1246 829 inde
1271 772 1524 829 diabolus
1550 788 1819 843 passurus
1846 783 1953 827 est.

466 867 557 924 IX.
594 867 865 939 Aspectus
897 868 1082 940 gloriae
1128 867 1243 931 Dei,
1291 874 1348 921 et
1394 866 1646 933 stationis
1676 880 1894 920 necnon
1931 872 1986 918 et

397 960 647 1016 melodiae
670 961 981 1032 Seraphim.
1007 960 1218 1016 Electio
1242 960 1526 1031 propheta:
1543 959 1610 1015 ad
1639 957 1985 1026 arguendum

394 1049 613 1107 Judaeos
648 1051 819 1118 missi,
851 1060 908 1105 et
936 1052 1003 1106 ad
1034 1052 1446 1121 praedicandum
1481 1067 1544 1107 ea
1581 1066 1703 1122 quae
1747 1066 1816 1106 ex
1854 1050 1988 1105 obe-

280 1184 293 1195 .
398 1144 601 1199 dientia
630 1144 762 1214 ipsis
788 1145 1216 1214 exspectandum
1242 1154 1345 1201 est.

469 1232 537 1287 Χ.
578 1231 828 1315 Narratio
871 1233 1241 1304 expeditionis
1284 1234 1429 1306 regis
1475 1233 1740 1288 Samaria:
1796 1242 1988 1289 contra

401 1340 581 1397 regem
622 1323 798 1391 Judae,
847 1335 905 1381 et
935 1326 1113 1397 jussio
1157 1326 1248 1381 Dei
1284 1328 1351 1382 ad
1387 1328 1734 1396 prophetam,
1770 1325 1990 1382 confor-

401 1426 604 1472 tantem
648 1432 832 1488 regem
871 1416 1047 1483 ludar,
1090 1419 1304 1474 scilicet
1340 1419 1677 1489 insurgentis
1715 1419 1770 1473 in
1811 1419 1989 1490 ipsum

2093 586 2170 646 ὧν
2209 587 2357 649 οὗτοι
2387 592 2752 665 τιμωρεῖσθαι
2777 588 3061 660 μέλλουσι·
3090 586 3195 641 καὶ
3226 584 3525 655 ὑπόσχεσις
3551 585 3672 655 κλή-

2093 702 2233 750 σεως
2264 686 2462 753 ἐθνῶν,
2494 687 2591 741 καὶ
2622 683 2991 751 ἀποστολικοῦ
3033 678 3430 752 κηρύγματος,
3466 678 3559 732 καὶ
3594 678 3675 733 θο-

2093 778 2261 849 ρύϐου
2294 780 2354 833 ὃν
2380 779 2634 834 ἐντεῦθεν
2658 777 2890 848 ἔμελλεν
2910 778 2939 830 ό
2970 774 3226 837 διάϐολος
3261 772 3571 826 πείσεσθαι.

2168 869 2234 923 θ’.
2274 869 2493 943 Θεωρία
2510 871 2670 942 δόξης
2687 867 2849 934 Θεοῦ,
2879 868 2978 921 καὶ
3005 867 3110 936 τῆς
3136 865 3254 919 τῶν
3276 863 3537 933 Σεραφὶμ
3562 862 3679 917 στά-

2095 959 2234 1025 σεώς
2263 978 2323 1015 τε
2346 964 2441 1015 καὶ
2458 962 2489 1014 ὑ
2498 961 2738 1033 μνῳδίας
2763 976 2776 989 ο
2796 960 2893 1012 καὶ
2912 955 3226 1029 χειροτονία
3248 953 3348 1008 τοῦ
3388 955 3679 1025 προφήτου,

2093 1053 2477 1126 κατηγορῆσαι
2511 1053 2623 1108 τῶν
2678 1051 2954 1106 Ἰουδαίων
2976 1047 3369 1119 πεμφθέντος,
3404 1046 3499 1098 καὶ
3526 1048 3682 1117 κηρύ-

2096 1146 2184 1211 ξαι
2206 1144 2353 1218 ἆπερ
2381 1147 2445 1200 ἐκ
2474 1147 2572 1216 τῆς
2610 1145 2865 1212 ὑπακοῆς
2885 1143 3112 1216 ἔμελλον
3134 1140 3574 1211 ὑποστήσεσθαι.

2168 1236 2221 1291 ι’.
2262 1239 2530 1310 Διήγησις
2554 1237 2649 1292 τοῦ
2681 1237 2945 1307 βασιλέως
2966 1234 3291 1307 Σαμαρείας
3319 1233 3467 1288 κατά
3486 1233 3577 1286 τοῦ
3604 1233 3685 1304 βα-

2099 1330 2291 1393 σιλέως
2325 1332 2425 1399 τῆς
2455 1330 2715 1394 Ἰουδαίας
2755 1327 3220 1391 ἐπαναστάσεως·
3255 1326 3357 1380 καὶ
3372 1326 3686 1398 πρόσταγμα

2096 1420 2193 1475 τοῦ
2227 1420 2366 1475 Θεοῦ
2409 1421 2543 1492 πρὸς
2575 1421 2667 1475 τὸν
2718 1421 3031 1492 προφήτην,
3065 1417 3578 1490 παραθαρρύνοντα
3610 1419 3687 1471 τὸν

398 1522 539 1562 vana
574 1507 854 1571 statuisse,
895 1523 1021 1563 cum
1055 1509 1302 1564 Samaria
1337 1511 1440 1565 sub
1469 1500 1699 1580 imperio
1749 1510 1992 1583 Assyrio-

2122 1513 2324 1567 ιασιλὲα
2365 1514 2462 1583 τῆς
2497 1512 2781 1580 Ἰουδαίας,
2830 1512 2908 1576 ὡς
2961 1512 3072 1565 τῶν
3119 1508 3563 1564 ἐπαναστάντων
3580 1512 3684 1563 κατ’

403 1612 524 1652 rum
556 1598 630 1653 sit
656 1599 975 1670 redigenda.

2122 1606 2267 1659 ιύτοῦ
2337 1606 2544 1676 μάταια
2604 1605 3084 1675 βουλευσαμένων,
3124 1602 3443 1673 μελλούσης
3503 1602 3557 1654 δὲ
3603 1601 3687 1670 τῆς

2101 1697 2420 1768 Σαμαρείας
2445 1698 2553 1751 ὑπὸ
2568 1697 2670 1770 τὴν
2700 1696 2982 1769 βασιλείαν
3011 1695 3328 1767 ’Δσσυρίων
3354 1693 3682 1763 γενήσεσθαι.

475 1779 567 1834 XI.
598 1778 929 1836 Vaticinium
961 1782 1332 1852 generationis
1356 1780 1655 1839 Salvatoris
1684 1800 1748 1840 ex
1773 1785 1994 1857 Virgine

2177 1789 2268 1846 ια’.
2314 1790 2632 1860 Προφητεία
2660 1791 2759 1861 τῆς
2789 1789 2888 1843 τοῦ
2916 1789 3172 1860 Σωτῆρος
3198 1790 3268 1841 ἐκ
3292 1786 3400 1855 τῆς
3431 1784 3685 1856 Παρθένου

407 1873 501 1928 Dei
534 1872 833 1939 Genitricc,
864 1881 920 1929 et
943 1874 1332 1931 miraculorum
1365 1890 1485 1946 quae
1524 1875 1781 1935 Christus
1818 1879 2001 1934 adhuc

2122 1882 2203 1951 ςῆς
2228 1881 2494 1936 Θεοτόκου
2529 1883 2872 1953 γεννήσεως*
2910 1880 3005 1934 καὶ
3038 1874 3116 1933 ῶν
3145 1881 3173 1932 ό
3209 1876 3455 1948 Χριστὸς
3493 1875 3683 1946 θαυμα-

408 1964 668 2033 parvulus
721 1972 1048 2035 operaturus
1086 1974 1235 2031 erat,
1277 1974 1388 2020 tum
1446 1968 1549 2038 ipsi
1598 1967 1800 2041 Iudaeae
1840 1970 2003 2026 bene-

2122 1973 2357 2042 τουργεῖν
2400 1971 2482 2025 ἔτι
2517 1971 2717 2043 βρέφος
2754 1970 2830 2025 ὣν
2870 1969 3118 2041 ἔμελλεν,
3156 1968 3342 2039 αὐτήν
3362 1981 3424 2021 τε
3445 1967 3542 2036 τὴν
3575 1966 3687 2019 Ἰουο

405 2057 635 2123 faciens,
672 2065 784 2110 tum
816 2065 1004 2127 gentes
1038 2073 1262 2122 vocans,
1304 2066 1420 2113 tum
1456 2059 1736 2116 diabolum
1783 2061 2000 2117 irritum

2122 2064 2261 2117 ῑαίαν
2285 2064 2620 2135 εὐεργετῶν.
2653 2064 2749 2118 καὶ
2778 2064 2846 2118 τὰ
2872 2063 3002 2134 ἔθνη
3040 2061 3255 2127 καλῶν,
3284 2061 3382 2114 καὶ
3412 2059 3504 2113 τὸν
3531 2058 3686 2112 διάϐοο

408 2151 637 2217 faciens,
677 2157 790 2205 tum
827 2152 1016 2222 gratia:
1050 2152 1253 2208 fontem
1296 2154 1589 2225 aperiens,
1635 2166 1751 2210 tum
1796 2156 2000 2212 sterili-

407 2252 576 2300 tatem
607 2253 766 2300 terrae
786 2243 843 2299 in
885 2245 1150 2301 virtutum
1178 2246 1575 2304 fecunditatem
1603 2257 2000 2307 transmutans.

483 2334 600 2390 XII.
639 2336 928 2394 Praedictio
972 2341 1303 2412 evangeliea:
1345 2340 1652 2414 Scriptura:
1708 2359 1739 2399 a
1780 2343 1900 2416 lege
1948 2352 2005 2400 et

406 2429 692 2499 prophetis
724 2431 1007 2488 aﬂirmataa
1038 2441 1095 2488 et
1126 2434 1501 2504 generationis
1536 2434 1768 2504 Christi,
1811 2447 1867 2494 et
1909 2437 2006 2495 dc-

410 2520 732 2579 structionis
762 2522 989 2579 diaboli.

480 2610 624 2671 XIII.
667 2613 829 2671 Minae
848 2615 904 2672 in
926 2615 1166 2685 Judazos,
1197 2633 1299 2689 pro
1322 2634 1389 2676 eo
1411 2621 1561 2690 quod
1579 2621 1815 2677 verbum
1828 2637 2005 2678 evan-

410 2707 598 2777 gelicae
627 2709 819 2780 gratiae
854 2720 1196 2778 renuerunt;
1233 2722 1290 2769 et
1311 2713 1433 2770 ideo
1452 2715 1554 2769 sub
1580 2730 1772 2772 errore
1804 2715 2007 2772 diaboli

412 2803 802 2855 versabuntur.
857 2801 924 2857 Et
972 2804 1383 2860 animadversio
1431 2814 1627 2897 contra
1684 2807 2004 2876 daemones,

412 2889 625 2945 scilicet
652 2892 909 2961 quamvis
942 2894 1010 2949 ad
1050 2902 1268 2966 tempus
1296 2889 1487 2952 contra
1526 2914 1627 2954 nos
1652 2900 2005 2969 praevaleant,

413 2991 678 3052 attamen,
712 2984 825 3040 Deo
852 2987 1271 3057 commilitante,
1290 2989 1603 3046 vincentur.
1638 2993 1707 3047 Et
1733 2993 2011 3048 accusatio

411 3076 727 3134 Judaaorum
760 3082 907 3151 quod
952 3082 1178 3139 Christo
1219 3099 1331 3139 non
1368 3083 1725 3151 crediderint,
1767 3093 1822 3138 et
1862 3084 2010 3154 quod

2103 2158 2197 2213 λον
2245 2158 2568 2229 καταργῶν,
2620 2159 2719 2212 καὶ
2762 2156 2863 2228 τὴν
2919 2156 3086 2227 χάριν
3125 2153 3433 2225 πηγάζων,
3479 2152 3571 2205 καὶ
3605 2151 3687 2218 τὴν

2104 2250 2388 2321 ἀκαρπίαν
2404 2251 2504 2322 τῆς
2518 2251 2621 2321 γῆς
2639 2251 2720 2314 είς
2742 2249 2953 2321 ἀρετῶν
2969 2247 3351 2320 καρπογονίαν
3372 2242 3682 2315 μεταϐαλών.

2175 2342 2263 2413 ιβ’.
2312 2342 2630 2415 Πρόρρησις
2669 2341 3041 2411 εύαγγελικῆς
3083 2336 3454 2410 συγγραφῆς,
3494 2334 3593 2387 ὑπὸ
3616 2335 3694 2386 νόω

2110 2457 2214 2509 μου
2260 2439 2357 2493 καὶ
2401 2437 2701 2508 προφητῶν
2747 2434 3242 2508 μαρτυρουμένης,
3269 2430 3369 2484 καὶ
3407 2427 3683 2499 γεννήσεως

2106 2529 2371 2603 Χριστοῦ,
2400 2529 2498 2584 καὶ
2531 2529 2785 2584 διαϐόλου
2817 2527 3167 2600 πορθήσεως.

2182 2622 2271 2693 ιγ’.
2326 2623 2550 2694 Ἀπειλὴ
2571 2625 2715 2678 κατὰ
2736 2621 2846 2675 τῶν
2879 2619 3173 2684 Ἰουδαίων,
3199 2617 3322 2672 ἀνθ’
3340 2609 3419 2671 ὧν
3439 2613 3525 2667 τὸν
3549 2612 3681 2680 λόγον

2108 2713 2207 2784 τῆς
2252 2712 2622 2782 εύαγγελικῆς
2679 2712 3071 2785 παρῃτήσαντο
3132 2710 3391 2782 χάριτος,
3437 2706 3530 2759 καὶ
3593 2702 3680 2757 ὑπὸ

2108 2805 2207 2877 τὴν
2246 2805 2461 2873 πλάνην
2503 2802 2601 2856 τοῦ
2639 2801 2894 2855 διαϐόλου
2919 2800 3007 2855 διὰ
3034 2797 3197 2854 τοῦτο
3221 2799 3566 2867 γενήσονται.
3589 2789 3678 2846 Καὶ

2111 2897 2371 2968 ἐπιτιμία
2405 2894 2552 2950 κατὰ
2587 2894 2884 2965 δαιμόνων,
2921 2894 3005 2947 ὅτι
3046 2892 3153 2946 κᾶν
3184 2889 3329 2960 πρὸς
3368 2886 3552 2959 καιρὸν
3577 2882 3677 2957 καθ’

2113 2991 2271 3061 ἡμῶν
2295 2988 2615 3058 ίσχύσωσιν,
2637 2987 2776 3040 ἀλλὰ
2790 2984 2895 3039 ¹τοῦ
2916 2982 3054 3039 Θεοῦ
3089 2979 3518 3053 συμμαχοῦντος
3537 2978 3675 3047 ήττη·

2114 3084 2395 3154 θήσονται.
2432 3080 2543 3133 Καὶ
2565 3078 2877 3149 κατηγορία
2919 3074 3217 3140 Ἰουδαίων,
3244 3074 3325 3136 ὡς
3345 3068 3679 3126 ἀπειθούντων

415 3171 603 3227 vivant
630 3173 688 3227 in
738 3174 1033 3246 hypocrisi,
1068 3187 1268 3247 sponte
1303 3177 1476 3249 legem
1518 3178 2007 3247 transgredientes,

2122 3175 2192 3245 τῷ
2216 3172 2461 3245 Χριστῷ,
2490 3171 2586 3225 καὶ
2612 3170 2911 3238 διαγόντων
2942 3169 3042 3239 μὲν
3090 3171 3149 3223 ἐν
3184 3165 3499 3238 ὑποκρίσει,
3526 3159 3676 3215 ἑκοντὶ

415 3274 473 3322 et
506 3265 706 3323 frustra
732 3267 1006 3338 jactantes
1033 3284 1188 3324 suam
1221 3269 1279 3324 in
1321 3270 1490 3325 Deum
1524 3271 1938 3326 confidentiam.

488 3456 633 3513 XIV.
675 3458 968 3530 Prophctia
992 3460 1303 3532 adeptionis
1325 3462 1560 3517 ﬁliorum
1588 3477 1686 3533 per
1708 3461 2011 3527 Christum,

415 3551 568 3621 juxta
604 3552 845 3622 prodigia
887 3553 954 3607 ab
995 3553 1114 3624 ipso
1156 3555 1421 3625 patranda
1472 3554 1525 3609 in
1578 3553 1918 3619 Jerusalem;
1960 3564 2017 3608 et

419 3644 690 3700 dissuasio
727 3661 796 3699 ne
834 3647 1152 3705 intendatur
1190 3647 1258 3702 ad
1307 3649 1546 3718 gentiles
1603 3648 2014 3715 divinationes;

421 3746 477 3792 et
505 3737 782 3793 accusatio
829 3739 1151 3795 Judaeorum
1200 3739 1347 3810 quod
1388 3749 1667 3810 acceptam
1726 3741 1902 3811 legem
1937 3740 2017 3798 eis

421 3844 532 3881 non
561 3828 878 3885 adlizercndi
917 3845 1025 3884 non
1061 3831 1424 3898 servaverint,
1460 3840 1516 3886 ct
1553 3832 1679 3886 ideo
1712 3832 1767 3887 in
1805 3832 2019 3905 magnis

390 3905 399 3921 ’
423 3917 825 3974 calamitatibus
854 3919 1122 3975 incidunt.

496 4008 615 4064 XV.
654 4009 879 4066 Vocatio
913 4013 1157 4082 gentium
1207 4022 1265 4068 et
1313 4012 1633 4069 vaticinium
1677 4012 2021 4070 liberationis

423 4119 637 4170 earum,
659 4113 714 4160 et
736 4104 956 4160 malitia:
977 4107 1309 4173 daemonum,
1329 4117 1385 4162 et
1408 4106 1571 4177 pravi.
1589 4107 1690 4161 zeli
1707 4104 2020 4163 Iudaeorum

425 4200 495 4251 de
543 4197 896 4267 generatione
939 4196 1143 4254 Christi
1188 4200 1284 4270 qui
1345 4215 1575 4271 regnum
1624 4199 1796 4255 David
1853 4215 2021 4261 reno-

428 4295 603 4341 varet.

500 4377 636 4432 XVI.
678 4376 967 4432 Ριθωιίίοιίο
1014 4378 1422 4448 correptionum
1459 4393 1489 4432 a
1550 4376 1664 4433 Deo
1706 4379 2022 4448 missarum,

429 4481 546 4527 tum
575 4467 799 4532 Iudaeis,
836 4476 949 4523 tum
979 4468 1063 4524 his
1091 4469 1182 4538 qui
1210 4477 1575 4523 contemnunt
1614 4483 1810 4522 novam
1852 4468 2022 4537 Sion;

2115 3269 2173 3323 δὲ
2199 3268 2290 3321 τὸν
2325 3267 2492 3337 νόμον
2538 3264 3021 3334 παραϐαινόντων,
3058 3262 3155 3315 καὶ
3186 3260 3374 3331 μάτην
3401 3254 3677 3327 αὐχούντων

2115 3359 2215 3432 τήν
2244 3360 2323 3421 είς
2349 3357 2484 3411 Θεὸν
2509 3354 2855 3426 πεποίθησιν.
3534 3350 3545 3357 ’

2190 3452 2272 3505 ιδ’.
2318 3449 2637 3520 Προφήτεία
2677 3446 2960 3511 υἱοθεσίας
2995 3445 3083 3500 διὰ
3114 3443 3365 3516 Χριστοῦ
3414 3439 3547 3494 κατὰ
3590 3435 3675 3490 τῶν

2118 3542 2399 3613 ἐσομένων
2433 3541 2566 3612 παρ’
2600 3538 2769 3594 αὐτοῦ
2804 3539 3049 3609 σημείων
3088 3538 3148 3591 ἐν
3191 3533 3576 3608 Ἰερουσαλήμ·
3604 3525 3675 3581 καὶ

2119 3636 2408 3707 ἀποτροπὴ
2430 3635 2523 3688 τοῦ
2556 3634 2850 3707 προσέχειν
2890 3631 3235 3702 Ἑλληνικαῖς
3274 3627 3574 3701 μαντείαις·
3601 3619 3675 3674 καὶ

2120 3729 2432 3800 κατηγορία
2462 3728 2569 3781 τῶν
2636 3725 2933 3791 Ἰουδαίων,
2962 3724 3049 3778 ὄτι
3092 3723 3266 3793 νόμον
3298 3719 3545 3778 λαϐόντες
3562 3713 3674 3767 ὥστε

2121 3823 2334 3887 τούτοις
2381 3824 2456 3893 μὴ
2496 3822 2810 3891 προσέχειν,
2860 3819 2960 3872 οὐκ
3011 3816 3330 3885 ἐφύλαξαν·
3386 3811 3478 3866 καὶ
3519 3805 3674 3865 κακοῖς

2121 3915 2211 3969 διὰ
2241 3914 2402 3967 τοῦτο
2439 3913 2700 3981 μεγάλοις
2729 3910 3146 3980 περιπίπτουσι.

2201 4013 2284 4061 ιε’.
2327 4006 2539 4077 Κλῆσις
2578 4003 2771 4068 ἐθνῶν,
2835 4004 2931 4057 καὶ
2993 4001 3309 4073 προφητεία
3362 3998 3461 4067 τῆς
3506 3991 3672 4046 τούτων

2125 4100 2465 4172 ἐλευθερίας,
2515 4099 2610 4152 καὶ
2629 4099 2732 4169 τῆς
2779 4097 2891 4150 τῶν
2934 4095 3210 4166 δαιμόνων
3280 4089 3555 4161 πονηρίας,
3602 4080 3672 4172 κα)

2126 4195 2298 4267 ζήλου
2321 4170 2575 4264 πονηροῦ
2606 4191 2716 4246 τῶν
2764 4189 3055 4252 Ἰουδαίων,
3094 4189 3188 4241 ἐπὶ
3235 4190 3304 4258 τῇ
3340 4182 3574 4252 γεννήσει
3598 4170 3670 4226 τοῦ

2124 4285 2387 4360 Χριστοῦ,
2424 4287 2575 4348 ὅστις
2599 4283 2696 4354 τὴν
2725 4281 3005 4354 βασιλείαν
3033 4279 3129 4334 τοῦ
3161 4278 3328 4332 Δαυῒδ
3359 4273 3619 4365 ἀνενεωσε.
3646 4354 3665 4365 η

2199 4387 2298 4447 ις’.
2342 4379 2661 4450 Πρόῤῥησις
2731 4376 2841 4429 τῶν
2900 4371 3327 4427 ἀποσταλέντων
3385 4364 3524 4437 παρὰ
3562 4360 3668 4413 Θεοῦ

2128 4470 2390 4527 παιδειῶν
2437 4471 2552 4531 τοῖς
2602 4485 2664 4521 τε
2710 4467 2991 4528 Ἰουδαίοις
3058 4465 3153 4519 καὶ
3209 4467 3325 4526 τοῖς
3375 4450 3669 4524 ἐξουθενοῦςι

429 4573 487 4620 et
516 4561 788 4619 detractio
817 4560 1132 4617 Judaeorum
1170 4561 1508 4631 principum,
1555 4576 1624 4616 eo
1657 4561 1806 4631 quod
1840 4576 2007 4633 popu-

2129 4567 2230 4637 τὴν
2258 4563 2387 4618 νέαν
2440 4563 2612 4616 Σιὼνο
2646 4561 2742 4613 καὶ
2774 4558 3000 4628 διαϐολὴ
3024 4560 3136 4611 τῶν
3183 4551 3489 4610 Ἰουδαϊκῶν
3506 4543 3666 4637 ἀρχόν-

431 4657 546 4711 lum
586 4654 643 4708 in
677 4669 924 4711 errorem
963 4653 1300 4710 induxerint.
1329 4652 1397 4707 Et
1420 4655 1671 4710 narratio
1709 4656 2019 4725 correptio-

432 4764 564 4809 num
595 4763 717 4818 quae
744 4747 878 4817 ipsis
911 4746 1008 4802 Dei
1045 4747 1238 4802 dextra
1272 4748 1437 4803 illatae
1481 4755 1634 4803 sunt.
1676 4746 1744 4800 Et
1789 4754 2023 4815 questus

433 4849 627 4897 contra
670 4840 859 4909 inique
891 4839 1225 4909 iudicantes,
1273 4840 1421 4910 quod
1472 4841 1748 4895 excitetur
1802 4837 1882 4893 ira
1924 4836 2021 4892 Dei

435 4931 713 5003 praecipue
742 4945 935 4986 eorum
971 4946 1158 4987 causa.

509 5119 673 5177 XVII.
715 5120 873 5174 Minae
923 5135 980 5173 in
1029 5117 1307 5189 Assyrios,
1350 5117 1454 5174 sub
1502 5131 1736 5187 quorum
1788 5132 2022 5187 persona

436 5216 715 5271 daemones
755 5204 965 5268 indicat
1009 5220 1219 5267 etcum
1260 5210 1342 5265 eis
1382 5209 1686 5277 diabolum,
1735 5210 1893 5281 quasi
1940 5210 2029 5265 in-

437 5314 752 5378 surgentem
803 5314 997 5359 eontra
1040 5302 1235 5368 Deum,
1264 5309 1322 5356 et
1349 5300 1701 5356 al‘fectantem
1742 5300 2025 5356 universa:

440 5409 600 5456 terrae
614 5397 1063 5460 dominationem,
1093 5411 1198 5451 nec
1223 5394 1558 5464 cogitantem
1590 5407 1650 5448 se
1674 5407 1772 5463 per
1806 5407 2028 5448 conceso

438 5492 651 5549 sionem
684 5487 741 5548 in
769 5486 1045 5541 modicum
1075 5484 1451 5556 praevaluisse.

511 5582 703 5639 XVIII.
737 5583 1010 5640 Allocutio
1049 5582 1196 5639 ﬁdeli
1235 5582 1440 5653 p0pulo
1481 5597 1550 5637 ne
1592 5581 1783 5638 timeat
1816 5580 2028 5637 daemo-

440 5688 562 5737 nes,
614 5683 805 5744 utpote
833 5690 1068 5747 quorum
1098 5673 1343 5747 tyrannis
1383 5689 1509 5729 mox
1544 5674 1617 5729 sit
1649 5671 2022 5738 conterenda;

443 5774 501 5821 et
531 5765 796 5820 indicium
831 5767 1170 5835 operationis
1205 5765 1489 5821 diabolica:
1519 5782 1683 5836 quam
1723 5766 1778 5820 in
1824 5763 2028 5820 Iudaeis

447 5869 548 5925 per
573 5853 774 5910 caedem
806 5869 1103 5930 puerorum
1149 5856 1217 5909 ab
1252 5854 1463 5912 llcrodc
1491 5866 1853 5913 mactatorum
1892 5870 2027 5926 ope-

2123 4634 2254 4724 των,
2292 4656 2380 4727 ἐφ’
2428 4651 2512 4719 οἷς
2541 4655 2635 4708 τὸν
2670 4655 2798 4707 λαὸν
2835 4654 3119 4707 ἐπλάνων’
3167 4650 3265 4705 καλ⁵
3312 4649 3547 4717 διήγησις
3583 4634 3668 4689 τῶν

2125 4749 2410 4814 παιδειῶν,
2449 4748 2686 4811 αἵτινες
2736 4747 2922 4810 αὐτοῖς
2970 4747 3037 4799 ἐκ
3092 4745 3190 4817 τῆς
3224 4742 3320 4819 τοῦ
3371 4737 3497 4793 Θεοῦ
3521 4728 3664 4819 δεξιᾶς

2126 4771 2410 4814 παιοειων,
2449 4771 2508 4802 αι
2538 4771 2686 4811 τινες
2736 4771 2922 4810 αυτυις
2970 4771 3037 4799 εκ
3092 4771 3189 4817 της
3224 4771 3320 4819 των
3372 4771 3496 4793 υευυ
3521 4771 3663 4794 νυν-’ν

2126 4844 2535 4912 ἐπενέχθησανο
2580 4842 2675 4895 καὶ
2727 4839 3114 4911 σχετλιασμδς,
3158 4836 3301 4892 κατὰ
3333 4833 3440 4887 τῶν
3473 4771 3678 4920 παρανξί

2129 4955 2243 5008 μως
2272 4935 2588 5005 κρινόντων,
2619 4934 2694 4997 Co;
2724 4931 3084 5004 ἀκμαζούσης
3114 4930 3216 5000 τῆς
3241 4927 3405 5000 ὀργῆς
3436 4920 3522 4976 τοῦ
3537 4916 3660 4973 Θεοῦ.

2127 5027 2307 5083 αὐτῶν
2335 5025 2502 5079 ἕνεκα
2539 5022 2792 5095 μάλιστα.
3072 5073 3078 5077 .

2199 5119 2286 5183 ιζ’.
2341 5117 2569 5187 Ἀπειλὴ
2602 5117 2747 5170 κατά
2790 5114 3119 5189 Ἀσσυρίων,
3154 5117 3211 5169 ἐν
3242 5109 3417 5189 ᾖτοὺς
3449 5104 3661 5174 δαίμονας

2127 5212 2448 5272 αἰνίττεται,
2485 5210 2583 5263 καὶ
2610 5210 2710 5263 σὺν
2745 5210 2932 5273 αὐτοῖς
2955 5208 3048 5263 τὸν
3085 5206 3349 5270 διάϐολον,
3376 5203 3445 5264 ὡς
3468 5192 3661 5268 ἀρθέντα

2128 5304 2271 5360 κατὰ
2294 5303 2453 5369 Θεοῦ,
2495 5302 2591 5356 καὶ
2630 5301 2816 5371 πάσης
2843 5300 2945 5370 τῆς
2976 5299 3080 5369 γῆς
3108 5297 3377 5368 κρατῆσαι
3404 5281 3656 5362 προσδοκή-

2129 5415 2323 5466 σαντα,
2345 5400 2438 5451 καὶ
2478 5396 2552 5469 μὴ
2586 5394 2972 5464 λογισάμενον,
3003 5392 3197 5463 ὅτιπερ
3221 5392 3287 5444 ἐκ
3317 5379 3656 5455 συγχωρήσεως

2127 5488 2264 5545 Θεοῦ
2302 5486 2441 5559 πρὸς
2472 5485 2652 5555 ὀλίγον
2683 5484 2985 5556 ἐκράτησε.
3174 5471 3181 5477 ’

2202 5586 2291 5650 ιη’·
2336 5552 2864 5650 ΪῙροσφῶνησιςσῷ
2918 5571 3098 5644 πιστῷ
3153 5571 3290 5642 λαῷ,
3345 5568 3413 5639 μὴ
3468 5552 3654 5614 δεδιέναι

2126 5675 2256 5737 τοὺς
2295 5673 2581 5742 δαίμονας,
2616 5670 2692 5733 ὡς
2725 5668 2889 5738 τάχος
2923 5666 3107 5721 αὐτῶν
3152 5663 3444 5737 μελλούσης
3581 5657 3652 5742 τίν

2131 5736 2848 5836 ραννίδοςίσυντρίϐεσθάιγ·
2880 5757 2975 5810 κοιλ⁸
3008 5736 3243 5826 αἴνιγμα
3282 5752 3377 5824 τῆς
3398 5736 3652 5800 διαϐολικῆε

2132 5835 2435 5926 ἐνεργείας,
2463 5855 2531 5919 ἢν
2551 5856 2609 5907 ἐν
2640 5854 2751 5916 τοῖς
2794 5848 3070 5913 Ἰουδαίοις
3092 5848 3180 5901 διὰ
3200 5847 3298 5917 τῆς
3332 5835 3539 5911 Ἡρώδου
3557 5838 3649 5880 παν
