3950 6456
406 676 413 727 i

459 384 593 449 i373

1638 372 1999 435 IIESYCHII
2039 371 2514 433 PRESBYTER!

3555 370 3666 436 I376

453 494 712 563 gentibus
732 490 986 548 ﬁdelibus
1015 488 1231 545 eveniet
1262 501 1335 543 ex
1366 485 1637 542 idolorum
1669 483 1935 540 servitute
1960 483 2028 537 li-

2150 496 2233 549 νην
2269 484 2382 545 τοῖς
2430 481 2642 543 πιστοῖς
2683 477 2894 533 ἔθνεσιν
2939 477 3006 532 ἐκ
3032 477 3129 548 τῆς
3172 476 3282 531 τῶν
3314 477 3533 541 εἰδώλων
3565 483 3666 554 αἰχ-

456 589 524 642 bc
557 587 820 641 ationem.

530 676 728 731 XXXI.
768 676 931 732 Minm
971 677 1026 728 in
1067 673 1284 744 impios,
1319 682 1376 725 et
1403 670 1644 741 mysticae
1687 684 1890 723 mensae
1912 667 2043 721 vati-

2144 571 2425 642 μαλωσίας
2457 570 2760 642 γύμνωσιν.
3170 644 3179 652 ’

2209 662 2312 717 λα’.
2361 663 2585 735 Ἀπειλὴ
2637 663 2780 717 κατά
2802 663 2912 717 τῶν
2955 660 3205 716 ἀσεϐῶν·
3260 662 3355 716 καὶ
3403 662 3677 733 προφητεία

458 768 697 830 ciuium;
730 777 785 823 et
805 778 1060 837 aspectus
1081 763 1486 836 praedicationis
1515 761 1659 817 Petri
1689 769 1745 829 et
1774 761 1947 825 Pauli,
1987 768 2042 813 et

2150 754 2240 824 τῆς
2266 754 2539 825 μυστικῆς
2560 753 2846 826 τραπέζης
2867 769 2880 782 ·
2918 754 3016 807 καὶ
3045 750 3254 823 θεωρία
3285 752 3380 804 τοῦ
3409 754 3674 823 κηρύγμα.

458 862 660 915 Christi
704 860 756 914 in
811 862 927 914 suis
987 855 1462 920 commorationis,
1495 868 1793 927 perquam
1833 853 2041 922 deiecta

2150 864 2231 910 ro;
2261 847 2474 918 Πέτρου
2504 847 2602 901 καὶ
2635 845 2874 911 Παύλου,
2905 845 3003 899 καὶ
3040 844 3139 914 τῆς
3167 842 3428 913 ἐνδημίας
3455 844 3543 899 τοῦ
3567 847 3679 916 Χρι.

460 962 589 1009 situt
620 953 930 1007 daemonum
956 950 1273 1004 simulacra.

532 1043 747 1100 XXXII.
788 1041 1017 1097 Vocatio
1061 1041 1304 1112 gentium
1351 1050 1406 1096 et
1463 1039 1746 1110 praedictio
1792 1053 2041 1093 commu-

461 1136 642 1191 nionis
673 1134 1075 1204 mysteriorum,
1119 1143 1176 1188 et
1214 1133 1609 1203 prtenttntiatio
1655 1131 2047 1188 destructionis

464 1230 694 1284 telorum
730 1210 1022 1280 idolorum.

532 1319 776 1374 XXXIII.
815 1316 1101 1387 Tragmdia
1130 1315 1330 1370 veteris
1357 1315 1681 1381 Jerusalem,
1711 1324 1767 1370 t-t
1796 1329 2043 1384 quamam

463 1412 537 1466 illi
568 1428 599 1466 a
627 1412 885 1482 gentibus
910 1425 1030 1479 qtae
1065 1408 1404 1464 crediderint
1449 1409 1749 1479 patientur,
1795 1422 1864 1463 eo
1900 1408 2043 1478 quod

464 1522 654 1561 eorum
682 1505 903 1573 quidem
938 1500 1322 1572 paenitentiam
1369 1500 1689 1567 celaverint,
1741 1499 1920 1555 minas
1945 1514 2046 1555 au.-

465 1610 575 1653 tcm
605 1598 700 1651 Dei
733 1595 1064 1665 spreverint.

536 1688 775 1743 XXXIV.
816 1687 1105 1743 Praedictio
1156 1685 1520 1743 sacerdotium
1559 1683 1871 1741 Judteorum
1917 1701 2047 1754 pcr-

466 1783 694 1845 iturum,
723 1777 934 1833 Christi
983 1785 1169 1833 autem
1218 1776 1274 1831 in
1323 1775 1446 1846 ejus
1486 1774 1608 1831 loco
1656 1790 2041 1830 successurum
2078 1816 2122 1875 Β

466 1886 755 2015 ess)fXXVI.
797 1958 1091 2030 Prophetia
1132 1957 1445 2028 perdendos
1491 1970 1613 2011 esse
1659 1972 1855 2011 avaros
1908 1970 2049 2024 quos

468 2052 574 2109 sub
621 2054 793 2123 ﬁgura
838 2057 1213 2106 mercatorum
1264 2048 1433 2103 maris
1479 2047 1770 2117 exposuit;
1821 2061 2049 2101 casuros

463 2158 588 2199 esse
617 2143 783 2197 etiam
810 2141 1087 2213 Assyrios,
1128 2138 1404 2211 spiritales
1444 2138 1722 2204 videlicet,
1751 2146 1808 2192 et
1841 2137 2048 2192 daemo-

464 2250 586 2299 nes,
618 2235 857 2290 minatus
881 2241 984 2289 est.
1025 2232 1351 2289 Salvandam
1386 2247 1512 2288 esse
1540 2246 1640 2303 per
1670 2230 2048 2301 paenitentiam

466 2325 766 2382 Ecclesiam
793 2325 1036 2397 gentium
1062 2324 1334 2394 promisit,
1368 2323 1471 2379 sub
1508 2320 1681 2393 ﬁgura
1722 2320 1851 2393 Tyri
1903 2321 2048 2376 illam

463 2418 772 2474 delineans.
1090 2442 1093 2447 ·

531 2508 778 2565 XXXVI.
846 2509 1097 2564 Narratio
1167 2507 1477 2563 futurorum
1539 2504 1926 2576 peccatoribus
1994 2512 2052 2559 et

456 2601 628 2670 justis
655 2600 711 2655 in
734 2599 935 2655 saeculo
975 2607 1232 2663 venturo,
1276 2606 1335 2653 et
1374 2604 1905 2667 superventurorum
1935 2592 2050 2649 ele-

464 2692 665 2748 mentis
699 2692 755 2745 in
795 2690 1295 2755 consummatione,
1336 2698 1394 2745 et
1437 2688 1624 2759 gloriae
1667 2686 1893 2752 Christi,
1942 2702 2051 2757 qua

463 2784 800 2856 gloriﬁcatus
822 2792 907 2840 est
927 2784 1240 2854 appareudo
1262 2784 1317 2837 in
1342 2796 1531 2837 carne.

432 3002 438 3007 -
531 2966 803 3024 XXXVII.
845 2966 1089 3041 Hymnus
1121 2967 1189 3024 ad
1221 2965 1389 3023 Deum
1416 2982 1521 3039 pro
1551 2982 1619 3022 eo
1650 2969 1799 3038 quod
1823 2967 2055 3023 Jerusa‘

463 3063 571 3117 lem
616 3070 776 3117 vetus
818 3069 1044 3131 propter
1081 3059 1421 3131 impietatem
1467 3059 1691 3127 cecidit,
1744 3060 2051 3115 ﬂoruerunt

2145 938 2294 1002 στοῦ,
2317 938 2384 992 δι’
2411 933 2479 1010 ἦς
2502 938 2815 1010 κατεϐλήθη
2844 939 2913 991 τά
2937 938 3048 990 τῶν
3077 936 3353 1005 δαιμόνων
3376 935 3576 992 εἴδωλα.

2212 1029 2311 1100 λβ’.
2354 1030 2565 1100 κλῆσις
2593 1029 2787 1094 ἐθνῶν,
2819 1028 3029 1098 καὶτῆς
3050 1026 3348 1103 κοινωνίας
3374 1026 3479 1080 τῶν
3507 1045 3683 1101 μυστη-

2147 1122 2280 1191 ρίων
2317 1121 2650 1192 πρόρρησις,
2679 1122 2776 1177 καὶ
2809 1121 2909 1190 τῆς
2956 1119 3067 1174 τῶν
3113 1117 3414 1173 εἰδωλικῶν
3455 1118 3715 1192 τοξευμά.,

2145 1227 2252 1263 των
2280 1210 2557 1276 ἀπωλείας
2589 1211 3013 1283 προαγόρευσις.

2215 1302 2314 1371 λγ’.
2356 1303 2651 1374 Τραγῳδία
2716 1304 2814 1374 τῆς
2862 1303 3097 1374 ἀρχαίας
3169 1302 3558 1374 Ἰερουσαλήμ*
3611 1309 3686 1362 καὶ

2147 1390 2476 1459 προφητεία,
2528 1384 2617 1443 οἷα
2657 1390 2805 1458 παρά
2851 1390 2959 1444 τῶν
3008 1388 3180 1443 ἐθνῶν
3212 1391 3326 1445 τῶν
3358 1393 3686 1448 πιστευόντων

2147 1482 2448 1547 πείσονται,
2475 1482 2591 1536 ἀνθ’
2619 1475 2693 1537 ὧν
2726 1481 2971 1554 ἔκρυψαν
3001 1482 3101 1554 μὲν
3121 1482 3184 1548 ἐξ
3214 1482 3400 1537 αὐτῶν
3428 1484 3524 1555 τὴν
3551 1489 3687 1555 μετά·
3723 1489 3732 1501 '

2145 1589 2317 1639 νοιαν,
2347 1572 2449 1643 τῆς
2475 1574 2706 1645 ἀπειλῆς
2738 1573 2797 1626 δὲ
2822 1573 2917 1627 τοῦ
2944 1573 3083 1627 Θεοῦ
3116 1575 3552 1646 κατεφρόνησαν.

2217 1661 2314 1716 λδ’.
2358 1662 2694 1733 Πρόρῤησις,
2762 1663 2860 1735 τὴν
2911 1663 3023 1716 τῶν
3094 1662 3370 1717 Ἰουδαίων
3426 1665 3688 1738 ίερωσύνην

2150 1751 2554 1825 φθαρήσεσθαι,
2601 1753 2699 1825 τὴν
2744 1752 2839 1807 τοῦ
2887 1753 3128 1828 Χριστοῦ
3160 1753 3223 1809 δέ
3249 1756 3368 1811 ἀντ’
3394 1756 3559 1826 αὐτῆς
3587 1760 3691 1813 ἀνα-

2151 1843 2465 1914 στήσεσθαι.

2217 1934 2692 2010 λε’.,[1ροφητεία,
2742 1939 3061 1995 ἀπολεῖσθαι
3144 1942 3277 2004 τοὺς
3336 1941 3689 2015 φιλαργύρους,

2148 2026 2244 2092 οὓς
2272 2028 2351 2093 είς
2371 2028 2602 2101 αἴνιγμα
2625 2030 2734 2085 τῶν
2763 2032 3022 2103 ἐμπόρων
3048 2032 3149 2103 τῆς
3175 2032 3455 2105 θαλάσσης
3476 2035 3687 2102 ἐξέθετο·

2150 2120 2435 2174 πεσεῖσθαι
2482 2121 2542 2177 δὲ
2597 2122 2855 2188 καὶτοὺς
2895 2125 3219 2196 Ἀσσυρίους
3264 2126 3545 2197 ἠπείλησε,
3591 2130 3691 2192 τοὺς

2150 2217 2375 2285 νοητοὺς
2425 2215 2693 2287 δηλονότι,
2747 2219 2874 2282 τοὺς
2924 2217 3230 2289 δαίμονας·
3270 2218 3600 2291 σωθήσεσθαι
3621 2220 3691 2276 διὰ

2154 2306 2445 2375 μετανοίας
2497 2308 2599 2380 τὴν
2645 2306 2710 2362 ἐκ
2763 2306 2870 2364 τῶν
2919 2309 3092 2364 ἐθνῶν
3155 2310 3502 2383 Ἐκκλησίαν,
3534 2292 3692 2378 sic/to

2150 2398 2448 2469 πρόσωπον
2480 2399 2653 2470 αὐτὴν
2684 2398 2863 2471 Τύρου
2892 2403 3338 2475 χαρακτηρίσας,
3370 2404 3635 2476 ὑπέσχετο.

2221 2490 2330 2556 λς’.
2372 2493 2640 2563 Διήγησις
2665 2493 2773 2548 τῶν
2811 2494 3086 2565 ἐσομένων
3111 2498 3226 2560 τοῖς
3262 2497 3594 2568 ἁμαρτωλοῖς
3619 2502 3691 2553 καὶ

2151 2584 2262 2646 τοῖς
2294 2583 2523 2648 δικαίοις
2560 2586 2616 2637 ἐν
2677 2583 2754 2656 τῷ
2798 2584 2961 2641 αἰῶνι
2982 2584 3061 2657 τῷ
3095 2585 3387 2658 μέλλοντι·
3423 2588 3512 2640 καὶ
3530 2590 3622 2642 τῶν
3645 2591 3690 2642 ἐν

2150 2678 2217 2747 τῇ
2242 2676 2526 2747 συντελείᾳ
2553 2679 2665 2742 τοῖς
2705 2679 2972 2750 στοιχέοις
3002 2679 3448 2751 συμϐησομένων
3466 2698 3478 2712 ·
3514 2682 3691 2752 καὶτῆς

2150 2768 2313 2840 δόξης
2335 2769 2430 2823 τοῦ
2460 2766 2722 2841 Χριστοῦ,
2754 2768 2823 2843 ἢν
2850 2770 2942 2826 διὰ
2972 2773 3179 2843 σαρκὸς
3219 2772 3391 2827 αὐτὸν
3434 2774 3691 2845 ἐμφανίσε-

2154 2859 2288 2917 σθαι,
2305 2861 2640 2928 δεδόξασται.

2224 2952 2326 3019 λζ’.
2377 2955 2709 3026 ’Υμνολογία
2758 2955 2918 3021 Θεοῦ,
2948 2957 3035 3028 ἐφ’
3060 2951 3142 3022 οἷς
3184 2958 3542 3030 Ἰερουσαλὴμ
3562 2960 3590 3030 ή
3612 2961 3692 3031 ἀρ-

2152 3045 2285 3115 χαία
2332 3044 2409 3108 ὡς
2458 3046 2736 3100 ἀσεϐοῦσα
2786 3048 3005 3113 ἔπεσεν,
3042 3047 3253 3120 ήνθησε
3291 3049 3349 3103 δέ
3394 3049 3489 3122 τῆς
3527 3052 3690 3122 Ἰερου-

463 3164 649 3209 autem
705 3168 862 3209 novae
904 3151 1208 3208 Jerusalem
1287 3153 1578 3222 mysteria,
1627 3161 1685 3208 et
1734 3153 1911 3208 deleta
1965 3158 2047 3209 cst

2155 3135 2338 3208 σαλὴμ
2370 3137 2471 3209 τῆς
2502 3137 2626 3202 νέας
2651 3138 2721 3192 τὰ
2752 3141 3055 3211 μυστήρια·
3082 3140 3177 3194 καὶ
3224 3143 3545 3215 κατηργήθη
3572 3145 3691 3216 μένό

465 3262 636 3313 mors,
665 3254 723 3301 et
754 3247 1073 3303 conculcata
1102 3254 1189 3302 est
1215 3245 1485 3301 idolorum
1520 3245 1790 3316 impietas,
1827 3259 2047 3301 necnon

2154 3226 2406 3293 θάνατος,
2444 3229 2760 3299 πεπάτηται
2804 3229 2861 3284 δὲ
2909 3229 3017 3285 τῶν
3049 3230 3292 3286 εἰδώλων
3322 3233 3355 3304 ή
3387 3235 3598 3290 ἀσέϐεια
3619 3239 3690 3289 καὶ

463 3348 521 3395 et
548 3340 711 3411 hujus
742 3349 934 3396 auctor
965 3340 1254 3407 diabolus;
1289 3348 1489 3410 praeter
1520 3339 1665 3407 quod
1704 3338 2047 3394 vocationem

464 3434 711 3505 gentium
772 3449 869 3506 per
916 3449 1071 3506 spem
1127 3434 1184 3490 in
1232 3432 1401 3488 Deum
1452 3431 1704 3503 praedixit
1764 3439 2051 3504 propheta:

464 3526 728 3581 calamus.

537 3618 824 3674 XXXVIII.
863 3618 1146 3676 Canticum
1195 3620 1480 3689 prophetae
1528 3619 1896 3690 perditionem
1925 3620 2049 3677 dia-

466 3711 599 3779 boli,
632 3720 687 3766 ct
707 3711 1020 3767 Iudaeorum
1050 3712 1411 3783 ignorantiam
1439 3719 1494 3766 et
1534 3711 1795 3767 invidiam
1825 3728 2045 3767 annun-

468 3801 627 3865 hians,
669 3810 727 3856 et
776 3802 1079 3873 praedicans
1138 3802 1356 3872 piorum
1416 3817 1569 3872 spem
1615 3803 1671 3857 in
1716 3802 1909 3868 Deum,
1953 3803 2051 3873 qui

464 3890 696 3948 suscitat
721 3900 966 3949 mortuos
990 3908 1129 3965 quos
1160 3893 1357 3949 medici
1387 3908 1498 3949 non
1527 3902 1784 3964 possunt.

534 4073 777 4130 XXXIX.
819 4075 1156 4141 Consolatio,
1206 4075 1300 4131 Dei
1345 4076 1557 4132 scilicet
1600 4076 1738 4132 iram
1771 4077 2048 4143 imminui,

464 4170 540 4226 ita
568 4179 629 4224 ut
669 4170 945 4225 diabolum
991 4170 1281 4235 destruat;
1327 4178 1384 4224 et
1429 4169 1709 4226 accusatio
1744 4171 2051 4227 sterilitatis

462 4260 807 4325 Judaeorum;
840 4269 894 4315 et
925 4258 1244 4313 vaticinium
1274 4266 1476 4314 terram
1517 4259 1583 4313 ad
1609 4258 1887 4315 Christum
1916 4278 2052 4317 ven-

464 4362 646 4409 turam
671 4368 687 4417 ;
721 4361 778 4407 et
797 4352 1089 4421 promissio
1119 4352 1387 4407 salvatum
1419 4351 1536 4406 fore
1563 4366 1595 4406 a
1626 4351 1847 4408 Christo
1880 4354 2051 4411 Israel

466 4458 817 4504 conversum.
853 4451 910 4497 et
934 4442 1265 4498 destruenda
1303 4443 1473 4507 idola,
1494 4452 1551 4499 et
1587 4442 1918 4502 dedicandos
1959 4462 2051 4502 ra-

468 4534 758 4591 tionabiles
781 4548 934 4591 oves.

540 4705 654 4760 XL.
696 4703 923 4760 Vocatio
971 4703 1263 4759 mulierum
1301 4720 1422 4775 qua:
1494 4704 1751 4762 viderunt
1797 4722 2047 4762 resurre-

465 4799 699 4853 ctionem
731 4796 933 4852 Christi
959 4813 974 4864 ;
997 4805 1054 4851 et
1076 4796 1359 4867 prmdictio
1388 4798 1663 4867 quomodo
1694 4814 1793 4868 per
1821 4814 2051 4871 evange-

464 4891 626 4947 licam
679 4888 1121 4960 praedicationem
1164 4888 1362 4958 peribit
1414 4889 1687 4959 impietas.
1733 4889 1818 4944 lra
1861 4899 2046 4946 autem

467 4985 524 5039 in
573 4981 814 5045 Judaeos,
849 4995 917 5036 eo
964 4980 1112 5050 quod
1151 4994 1262 5034 non
1310 4979 1491 5034 solum
1541 4980 1810 5035 idolorum
1858 4997 2048 5039 errore

466 5072 722 5130 inebriati
781 5080 955 5138 sunt,
998 5071 1092 5127 sed
1150 5077 1211 5126 et
1260 5070 1631 5141 przedicationi
1664 5074 2045 5144 apostolorum

462 5176 571 5215 non
601 5159 971 5226 crediderunt,
996 5159 1142 5214 unde
1172 5158 1472 5216 incredulis
1492 5161 1754 5232 perditio,
1775 5164 1925 5219 salus
1952 5181 2049 5219 au-

468 5262 576 5309 tem
609 5250 963 5307 credentibus
986 5257 1257 5320 speratur.

535 5342 671 5400 XLI.
713 5343 872 5399 Minae
917 5345 973 5399 in
1013 5358 1109 5399 eos
1142 5344 1238 5414 qui
1286 5344 1605 5400 existimant
1656 5360 1723 5402 se
1767 5347 2048 5417 impietate

467 5436 803 5506 adjuvandos
863 5434 1013 5503 fore;
1071 5443 1128 5490 et
1180 5435 1492 5493 exhortatio
1556 5438 1624 5493 ad
1679 5439 2045 5494 obediendum

467 5525 707 5591 Christo,
733 5525 847 5595 qui,
887 5533 1012 5595 post
1041 5525 1524 5592 resurrectionem,
1558 5528 1695 5582 iram
1729 5529 2046 5597 incredulis,

468 5616 699 5670 salutem
745 5630 876 5671 vero
924 5624 1195 5672 Summam
1252 5618 1369 5673 orbi
1407 5627 1565 5675 terra:
1618 5620 1812 5683 mittit,
1848 5631 1901 5676 ct
1956 5624 2046 5693 qui

467 5704 708 5774 primum
759 5704 875 5777 lege
919 5716 974 5763 et
1021 5718 1209 5778 postea
1256 5713 1545 5780 praeceptis
1572 5714 1900 5783 (at-angelicis
1950 5734 2047 5773 nos

470 5794 656 5853 coluit.

2150 3320 2179 3373 ὁ
2203 3320 2410 3390 ταύτην
2440 3322 2741 3391 ἐνεργήσας
2764 3321 3007 3385 διάϐολος
3025 3340 3040 3354 θ
3066 3323 3153 3391 ἐφ’
3180 3320 3267 3389 οἷς
3298 3326 3399 3396 τὴν
3431 3326 3534 3380 τῶν
3553 3327 3691 3382 ἐθνῶν

2152 3411 2345 3481 κλῆσιν
2376 3412 2464 3466 διὰ
2483 3413 2583 3482 τῆς
2613 3414 2693 3476 είς
2720 3412 2854 3466 Θεὸν
2875 3413 3091 3476 ἐλπίδος
3120 3417 3149 3469 ό
3176 3431 3217 3468 π
3228 3418 3521 3490 ροφητιχδς
3551 3438 3688 3491 προσ.

2150 3500 2333 3573 εφώνη
2342 3518 2401 3555 σε
2431 3501 2697 3573 κάλαμος.

2221 3593 2323 3666 λη’.
2376 3593 2498 3666 ’ῼδὴ
2527 3594 2622 3648 τοῦ
2655 3596 2963 3667 προφήτου,
3008 3597 3297 3653 ἀπώλειαν
3347 3599 3442 3655 τοῦ
3481 3601 3690 3655 διαϐόλου

2151 3685 2247 3739 καὶ
2273 3684 2382 3737 τῶν
2417 3684 2697 3760 ςιουδαίων
2726 3686 2950 3754 ἄγνοιαν
2980 3687 3075 3740 καὶ
3101 3689 3299 3758 φθόνον
3330 3693 3688 3761 καταγγέλλου-

2153 3796 2253 3833 σα’
2286 3779 2381 3832 καὶ
2419 3779 2529 3833 τῶν
2557 3778 2799 3834 εὐσεϐῶν
2822 3781 2920 3853 τὴν
2949 3781 3145 3836 ἐλπίδα
3181 3786 3267 3846 είς
3291 3784 3427 3838 Θεὸν
3452 3782 3580 3840 εἶναι
3609 3804 3688 3856 κη-

2155 3870 2442 3944 ρύττουσα,
2476 3870 2569 3925 τὸν
2610 3871 2897 3943 ἐγείροντα
2936 3875 3065 3939 τοὺς
3108 3878 3365 3946 νεκροὺς,
3412 3876 3503 3941 οὒς
3550 3879 3690 3950 ἰατροὶ

2156 3961 2232 4034 μὴ
2264 3961 2545 4018 δύνανται.

2224 4054 2321 4110 λθ’.
2365 4053 2718 4126 Παραίνεσις,
2751 4054 2852 4126 τὴν
2884 4055 3057 4128 ὀργὴν
3094 4056 3186 4111 τοῦ
3228 4057 3369 4113 Θεοῦ
3408 4058 3688 4113 ὑποστέλλε-

2154 4142 2298 4209 σθαι,
2329 4144 2405 4210 ὡς
2436 4146 2531 4199 καὶ
2556 4140 2724 4199 αύτῖλν
2757 4146 3000 4217 ἀναιρεῖν
3025 4147 3116 4201 τὸν
3140 4148 3392 4204 διάϐολον
3410 4148 3685 4220 μέλλουσαν

2152 4236 2247 4289 καὶ
2295 4237 2604 4309 κατηγορία
2655 4237 2757 4308 τῆς
2806 4237 2914 4292 τῶν
2966 4239 3239 4293 Ἰουδαίων
3298 4241 3589 4314 ἀκαρπίαςο
3618 4244 3688 4294 καὶ

2153 4330 2484 4401 προφητεία,
2537 4332 2637 4401 τὴν
2685 4333 2790 4402 γῆν
2836 4330 2914 4400 τῷ
2951 4332 3176 4403 Χριστῷ
3225 4335 3684 4405 προσελεύσεσθαι·

2153 4422 2248 4477 καὶ
2282 4423 2599 4493 ὑπόσχεσις,
2645 4422 2991 4494 σωθήσεσθαι
3024 4426 3177 4496 παρὰ
3221 4425 3461 4500 Χριστοῦ
3484 4427 3567 4481 τὸν
3593 4429 3688 4480 ἐπι-

2152 4515 2454 4588 στρέφοντα
2493 4515 2732 4591 Ἰσραὴλρ
2785 4515 2880 4569 καὶ
2922 4516 3251 4593 ἀπολεῖσθαι
3300 4520 3370 4574 τὰ
3420 4518 3686 4585 εἴδωλα,τὰ

2149 4608 2344 4678 λογικά
2368 4607 2424 4662 δὲ
2446 4608 2820 4680 ἀναϐήσεσθαι
2843 4608 3114 4681 πρόϐατα.

2223 4705 2297 4771 μ’.
2338 4700 2549 4771 Κλῆσις
2634 4701 2931 4770 γυναικῶν,
2987 4702 3190 4766 αἵτινες
3260 4703 3563 4775 ἐθεώρησαν
3613 4700 3685 4754 τοῦ

2150 4793 2393 4864 Χριστοῦ
2420 4794 2520 4864 τὴν
2558 4794 2893 4849 ἀνάστασιν
2944 4796 3038 4849 καὶ
3089 4796 3398 4868 πρόρρησις
3441 4797 3579 4859 ὅπως
3619 4793 3687 4846 διὰ

2149 4885 2244 4939 τοῦ
2271 4884 2630 4954 εὐαγγελικοῦ
2672 4885 3027 4957 κηρύγματος
3077 4886 3360 4942 ἀπολεῖται
3395 4889 3427 4959 ή
3467 4885 3683 4941 ἀσέϐεια’

2148 4978 2288 5048 όργὴ
2317 4978 2376 5032 δὲ
2406 4980 2523 5042 τοῖς
2564 4978 2861 5042 Ἰουδαίοις,
2896 4979 3013 5033 ἀνθ’
3045 4973 3120 5032 ὧν
3150 4980 3213 5033 οὐ
3257 4980 3416 5050 μόνον
3448 4982 3511 5050 τῇ
3541 4977 3685 5047 πλάνῃ

2148 5069 2261 5124 τῶν
2304 5070 2537 5124 εἰδώλων
2580 5066 2984 5141 ἐμεθύσθησαν,
3007 5071 3147 5125 ἀλλὰ
3182 5070 3374 5142 καὶτῷ
3407 5069 3683 5141 κηρύγματι

2147 5160 2261 5215 τῶν
2292 5161 2608 5215 ἀποστόλων
2651 5163 2754 5215 οὐκ
2787 5159 3150 5231 ἐπείσθησαν·
3176 5160 3235 5227 ἐξ
3256 5153 3316 5214 οῦ
3336 5164 3445 5225 τοῖς
3472 5159 3681 5219 ἀπίστοις

2150 5253 2420 5318 ἀπώλεια,
2456 5255 2703 5327 σωτηρία
2731 5251 2788 5308 δέ
2815 5256 2929 5318 τοῖς
2960 5256 3176 5318 πιστοῖς
3208 5253 3501 5317 ἐλπίζεται.

2224 5342 2335 5414 μα’.
2391 5345 2616 5417 ’Δπειλὴ
2664 5344 2805 5399 κατά
2861 5340 2970 5397 τῶν
3022 5343 3286 5414 οἰομένων
3326 5342 3428 5396 ὑπὸ
3468 5342 3556 5410 τῆς
3580 5342 3683 5417 ase-

2152 5435 2301 5499 ϐείας
2354 5434 2696 5506 βοηθεῖσθαι’
2743 5434 2837 5488 καὶ
2885 5434 3233 5505 παραίνεσις,
3284 5431 3574 5486 ὑπακοῦσαι
3619 5426 3679 5495 τῷ

2150 5528 2393 5601 Χριστῷ,
2429 5528 2508 5599 τῷ
2541 5529 2681 5599 μετὰ
2738 5527 2838 5599 τὴν
2887 5527 3190 5581 ἀνάστασιν
3237 5526 3406 5597 ὀργὴν
3435 5527 3535 5585 τοῖς
3577 5518 3710 5603 sua

2153 5639 2321 5687 στοις,
2353 5621 2629 5691 σωτηρίαν
2659 5620 2718 5672 δέ
2746 5619 3012 5690 σύντομον
3040 5620 3423 5673 ἀποστέλλοντι
3449 5618 3507 5687 τῇ
3530 5616 3677 5667 οίκου·

2155 5714 2314 5786 μένῃ,
2357 5713 2619 5784 κήρυγμα
2661 5711 2756 5765 καὶ
2800 5712 3071 5782 πρότερον
3118 5710 3194 5781 τῷ
3244 5711 3411 5781 νόμῳ,
3446 5707 3532 5761 καὶ
3564 5698 3676 5774 μετὰ

2150 5806 2308 5859 τοῦτο
2326 5809 2447 5867 ταῖς
2473 5803 2860 5873 abundanti;
2886 5803 3032 5873 ἡμᾶς
3062 5804 3302 5868 ἐντολαῖς
3324 5797 3674 5874 γεωργήσαντι.
