3950 6410
218 399 399 467 -1371

1698 402 1780 462 ΙΝ
1824 402 2113 463 ISAIAM.

3394 403 3531 466 1378

332 511 444 585 μβ’.
485 512 858 583 Σχετλιασμὸς
891 510 1031 565 κατά
1052 510 1154 580 τῆς
1177 479 1412 583 ἀρχαίας
1444 509 1842 580 Ἰερουσαλήμ

2019 506 2176 562 XLII.
2219 506 2453 573 Querela
2498 507 3045 564 adversuS‘veterem
3096 506 3426 575 Jerusalem,
3476 522 3531 566 et

250 609 354 661 καὶ
379 606 582 677 ἀπειλὴ
622 606 766 674 κατά
802 604 1100 675 δαιμόνων,
1135 603 1244 657 τῶν
1271 602 1445 671 αὐτὴν
1468 602 1847 671 τυραννησάν-

250 718 368 755 των
389 717 402 729 ⁸
434 700 529 754 καὶ
557 697 866 767 κατηγορία
898 697 999 766 τῆς
1025 695 1137 748 τῶν
1174 694 1452 748 Ἰουδαίων
1484 692 1802 765 πωρώσεως
1828 709 1843 723 ο

254 795 357 848 καὶ
385 794 536 857 ὅπως
572 792 635 845 τὸ
684 788 1023 858 Εὑαγγὲλιον
1067 789 1182 849 τοῖς
1246 785 1530 848 Ἰουδαίοις
1574 784 1847 855 ἐσφράγι-

252 906 411 954 σται,
441 886 722 954 ἀγνοεῖται.
753 883 809 937 δὲ
842 884 974 953 πρὶν
997 882 1067 935 τά
1100 881 1218 935 θεῖα
1253 879 1631 951 παιδευθῆναι.

334 987 449 1052 μγ’.
491 977 822 1049 Κατηγορία
866 975 976 1049 [ἷσ.
1020 973 1360 1046 προφητεία]
1408 973 1507 1043 τῆς
1559 970 1669 1024 τῶν
1717 970 1849 1024 ’Ῑου-

255 1075 428 1130 δαίων
457 1071 865 1142 κατακρίσεως,
897 1068 997 1123 καὶ
1032 1067 1340 1139 πρόρρησις
1395 1065 1497 1135 τῆς
1533 1064 1643 1118 τῶν
1674 1063 1848 1118 ὲθνῶν

258 1166 620 1237 θεογνωσίας,
656 1166 750 1217 καὶ
781 1163 882 1232 τῆς
917 1159 1200 1220 ἀπωλείας
1228 1158 1338 1213 τῶν
1382 1157 1528 1229 ἔργῳ
1574 1157 1671 1211 καὶ
1703 1156 1848 1227 λόγῳ

259 1260 356 1314 τὸν
399 1257 530 1312 λαὸν
581 1253 1087 1319 σκανδαλιζόντων’
1112 1254 1219 1312 ,καὶ
1248 1251 1401 1314 ὅπως
1429 1252 1543 1312 τοῖς
1575 1248 1671 1302 τοῦ
1712 1250 1848 1319 Χρι-

260 1352 396 1407 στοῦ
430 1350 678 1421 θαύμασι
713 1347 782 1401 τὰ
816 1347 916 1416 μὲν
944 1343 1072 1414 ἔθνη
1109 1342 1556 1414 παιδευθήσεται,
1599 1341 1848 1395 Ἰουδαῖοι

256 1445 321 1498 δὲ
358 1441 841 1513 αἰσχυνθήσονται,
892 1437 969 1500 ὡς
1018 1435 1359 1497 ἀποστάντες
1416 1432 1578 1498 Θεοῦ,
1604 1432 1700 1486 καὶ
1752 1431 1846 1493 τοῦ

259 1535 461 1606 νοητοῦ
490 1533 590 1603 τὴν
623 1529 949 1602 συμμαχίαν
985 1527 1259 1597 ἑλόμενοι.

338 1628 444 1699 μδ.
486 1625 676 1688 Ὅπως
725 1623 795 1676 τὰ
849 1621 1002 1691 παρά
1049 1618 1165 1673 τῶν
1213 1616 1495 1690 δαιμόνων
1552 1614 1845 1684 ἀνωφελῆ’

259 1721 497 1783 τούτους
534 1718 645 1788 γάρ
692 1718 805 1778 τοῖς
847 1713 1063 1784 θηρίοις
1121 1710 1486 1780 παρείκασεν,
1516 1708 1655 1778 ὅπερ
1685 1706 1744 1757 ἐν
1771 1705 1850 1757 εί-

260 1815 385 1869 κόνι
429 1812 532 1882 τῆς
572 1806 942 1879 εὐαγγελικῆς
988 1802 1176 1874 βίϐλου
1209 1800 1423 1873 γράψαι
1481 1801 1509 1852 ὁ
1556 1798 1849 1869 προφήτης

260 1905 583 1960 κελεύει-δαν
623 1902 719 1955 καὶ
747 1901 896 1962 ὅπως
924 1896 1150 1951 ἀκούειν
1182 1895 1429 1949 Ἰουδαῖοι
1456 1893 1526 1946 τά
1557 1891 1677 1946 θεῖα
1709 1907 1854 1962 παρ-

263 1996 614 2070 αιτούμενοι,
656 1992 862 2064 πτῶμα
889 1990 1113 2047 ἀνίατον
1138 1989 1424 2042 πίπτουσι.

340 2099 451 2163 με’.
492 2088 825 2160 Παραίνεσις
863 2082 1156 2155 μετανοίας
1194 2080 1275 2150 τῷ
1319 2077 1560 2149 Ἰσραὴλ,
1600 2076 1695 2129 καὶ
1723 2074 1855 2128 ἀνά-

262 2201 473 2256 μνησις
504 2177 593 2235 οἷα
620 2179 782 2234 αὐτοὶ
809 2174 1150 2236 ἀποστάντες
1179 2170 1288 2228 ἀπὸ
1323 2167 1461 2224 Θεοῦ
1499 2165 1855 2221 ἐϐουλεύσανο

257 2295 349 2339 το,
380 2279 411 2330 ὁ
436 2272 675 2346 Χριστὸς
700 2271 761 2326 δὲ
787 2269 876 2323 διὰ
906 2270 1006 2339 τῆς
1027 2264 1239 2328 οἰκείας
1281 2260 1615 2334 σαρκώσεως
1644 2260 1853 2311 οίκονο-

254 2371 396 2441 μεῖν
425 2369 520 2421 εὖτ
529 2365 808 2438 ρέπισται.

340 2492 466 2558 μς⁹.
511 2482 829 2555 Πρόρῤησις
863 2476 963 2532 τοῦ
1016 2470 1266 2547 Χριστοῦ
1301 2470 1403 2542 τῆς
1440 2467 1712 2539 δευτέρας
1752 2466 1858 2558 ἀφ-

265 2556 432 2647 ίξεως
449 2592 462 2607 ·
485 2577 579 2629 καὶ
595 2571 798 2644 ἀπειλὴ
826 2569 966 2625 κατά
987 2567 1098 2622 τῶν
1116 2566 1401 2635 ἀποκεχρη
1412 2561 1587 2631 μένων
1615 2557 1696 2630 τῷ
1724 2556 1858 2628 οἴκῳ

261 2671 367 2726 τοῦ
397 2666 557 2733 Θεοῦ,
593 2665 689 2720 καὶ
716 2663 861 2719 κατά
903 2661 998 2715 τοῦ
1033 2656 1282 2713 διαϐόλου
1324 2655 1422 2708 καὶ
1451 2651 1561 2706 τῶν
1584 2653 1673 2705 ἐπ’
1706 2650 1858 2722 αὐτῷ

264 2761 651 2819 πεποιθότωνο
688 2757 783 2812 καὶ
829 2754 1043 2825 ὅπωςὴ
1098 2749 1194 2806 τοῦ
1252 2747 1511 2819 Σωτῆρος
1568 2743 1857 2815 ἐπιδημία,

262 2858 562 2929 ἀναίρεσις
597 2855 699 2925 της
721 2849 936 2912 πλάνης
961 2845 1072 2902 τῶν
1102 2841 1362 2908 εἰδώλων,
1397 2841 1496 2895 καὶ
1522 2838 1618 2893 τοῦ
1650 2836 1860 2907 ταύτην

264 2955 363 3008 ὲνε
375 2950 683 3022 ργήσαντος
710 2941 946 3013 γίνεται.

346 3019 477 3115 ρξ’.
500 3033 872 3109 Μακαρισμδς
899 3033 1009 3086 τῶν
1038 3028 1421 3101 φυλαττόντων
1450 3024 1551 3115 τὴν
1578 3020 1716 3093 πρὸς
1761 3019 1858 3075 Ἱε-

265 3112 562 3211 ροῦσαλὴμ
599 3132 701 3203 τὴν
732 3128 931 3200 νοητὴν
979 3124 1327 3193 συγγένειαν,
1359 3112 1477 3193 ὲνῇ
1513 3117 1742 3211 φανεροί
1762 3114 1862 3211 τῇς

1949 600 2111 654 minae
2144 598 2200 652 in
2224 598 2505 654 dremoncs
2521 598 2616 668 qui
2642 613 2762 653 eam
2794 600 3158 671 subegerunt;
3182 609 3239 655 et
3257 602 3535 657 accusatio

1949 691 2170 747 duritiae
2192 690 2527 756 Iudaeorum,
2567 702 2624 747 et
2655 691 2931 762 quomodo
2951 693 3304 764 Evangelium
3332 692 3538 761 Iudaeis

1949 784 2221 840 sancitum
2251 794 2367 850 est;
2397 800 2507 841 non
2548 787 2818 857 accipitur
2860 798 3043 842 autem
3089 787 3407 857 priusquam
3447 786 3537 840 di-

1948 877 2076 931 vina
2106 877 2461 934 edoceantur.

2023 966 2209 1022 XLIII.
2248 969 2543 1039 Prophetia
2570 971 3120 1040 judiciiJudreorum,
3161 980 3219 1025 et
3248 969 3538 1040 praedictio

1948 1059 2156 1115 notitia:
2194 1059 2290 1114 Dei
2328 1062 2472 1130 apud
2498 1073 2712 1132 gentes,
2743 1070 2800 1117 et
2840 1062 3164 1133 perditionis
3206 1077 3398 1116 eorum
3443 1061 3536 1130 qui

1948 1150 2118 1207 verbo
2150 1160 2205 1206 et
2229 1166 2397 1221 opere
2426 1152 2691 1222 populum
2721 1154 3135 1217 scandalizant;
3175 1160 3231 1207 et
3260 1152 3539 1221 quomodo

1950 1252 2140 1315 gentes
2170 1243 2376 1298 Christi
2412 1244 2697 1323 miraculis
2737 1245 3103 1304 docebuntur.
3152 1243 3324 1300 Judaei
3352 1252 3536 1297 autem

1950 1334 2383 1399 confundentur,
2411 1334 2615 1404 quippe
2645 1334 2740 1404 qui
2766 1351 2795 1389 a
2821 1334 2931 1391 Deo
2962 1336 3288 1399 defecerint,
3336 1334 3540 1390 diaboli

1952 1434 2136 1481 autem
2166 1426 2436 1481 auxilium
2462 1426 2831 1496 praetulerint.

2025 1609 2209 1665 XLIV.
2245 1609 2534 1676 Quomodo
2577 1625 2699 1681 quae
2734 1626 2765 1665 a
2807 1611 3171 1675 daemonibus,
3213 1621 3346 1667 sunt
3377 1627 3540 1669 vana.

1955 1700 2063 1756 Ilos
2091 1701 2237 1756 enim
2271 1699 2403 1755 feris
2426 1699 2695 1755 assimilat
2720 1718 2733 1767 ;
2759 1701 2900 1772 quod
2934 1702 2986 1754 in
3021 1701 3191 1774 ﬁgura
3219 1702 3340 1756 libri
3374 1717 3546 1756 evan-

1954 1792 2109 1861 gelici
2167 1791 2412 1847 scribere
2448 1791 2715 1862 prepheta
2753 1793 2999 1864 jubetur.
3040 1792 3109 1849 Et
3136 1793 3412 1862 quomodo
3451 1808 3548 1846 au-

1955 1884 2072 1938 dire
2091 1882 2275 1938 divina
2299 1879 2472 1936 Judaei
2517 1897 2642 1938 cum
2685 1885 2997 1949 renuerint,
3050 1884 3210 1939 ruina
3255 1885 3546 1940 insanabili

1955 1976 2182 2031 cadent.

2028 2067 2188 2123 XLV.
2233 2068 2558 2125 Exhortatio
2579 2068 2917 2139 pcenitentia:
2945 2068 3012 2123 ad
3044 2068 3244 2134 Israel;
3280 2077 3335 2123 et
3377 2083 3550 2123 reme-

1958 2160 2191 2215 moratio
2219 2160 2403 2231 qualia
2434 2160 2563 2231 ipsi,
2607 2174 2732 2214 cum
2769 2172 2800 2212 a
2849 2159 2960 2215 Deo
2999 2159 3328 2224 defecerint,
3360 2160 3546 2215 consi-

1956 2252 2068 2307 liati
2099 2252 2238 2319 sint;
2276 2251 2531 2308 Christus
2556 2261 2740 2307 autem
2772 2266 2871 2322 per
2908 2267 3061 2307 suam
3117 2253 3549 2307 incarnationem

1959 2345 2159 2400 bonam
2183 2344 2589 2402 institutionem
2625 2350 2803 2415 parat.

2033 2458 2215 2515 XLVI.
2277 2458 2569 2515 Praedictio
2615 2458 2844 2515 secundi
2894 2460 3162 2514 adventus
3213 2457 3449 2520 Christi;
3496 2466 3554 2512 et

1959 2551 2121 2607 minae
2151 2552 2204 2606 in
2235 2566 2331 2606 eos
2359 2552 2452 2622 qui
2482 2552 2637 2606 abusi
2673 2560 2806 2605 sunt
2828 2550 2994 2605 domo
3035 2550 3150 2614 Dei,
3188 2559 3237 2605 et
3273 2550 3325 2602 in
3358 2549 3553 2605 diabo-

1959 2645 2071 2699 lum
2107 2654 2163 2700 et
2202 2645 2259 2699 in
2300 2659 2396 2700 eos
2445 2644 2536 2715 qui
2587 2644 2873 2698 conﬁdunt
2907 2643 2961 2697 in
3016 2657 3103 2697 eo.
3158 2643 3227 2697 Et
3272 2643 3551 2711 quomodo

1960 2735 2261 2791 Salvatoris
2289 2734 2560 2790 adventus
2586 2734 2679 2789 ﬁat
2706 2733 3015 2789 destructio
3043 2732 3246 2788 erroris
3287 2733 3555 2787 idolorum

1959 2837 2016 2883 et
2036 2827 2162 2898 ejus
2185 2826 2280 2897 qui
2301 2840 2422 2882 eam
2447 2825 2699 2897 inspirat.
2868 2856 2875 2861 -
3370 2808 3373 2811 ’

2034 3013 2242 3070 XLVII.
2282 3013 2574 3070 Beatitudo
2620 3027 2811 3069 eorum
2856 3011 2948 3083 qui
2991 3020 3215 3067 servant
3256 3010 3555 3080 spiritalem

1962 3124 2088 3165 cum
2135 3105 2438 3164 Jerusalem
2509 3107 2932 3179 cognationem,
2985 3106 3186 3175 inqua
3238 3104 3557 3160 manifestat

264 3193 485 3288 δὶκείας
504 3193 829 3292 ’ἐπιδημίας
854 3193 899 3270 ὁ·
932 3213 1173 3286 Χριστὸς
1200 3212 1273 3265 τά
1309 3211 1611 3282 μυστήρια,
1644 3204 1739 3261 καὶ
1761 3203 1859 3275 τὴν

1973 3197 2221 3254 Christus
2260 3197 2345 3252 sui
2381 3197 2655 3253 adventus
2691 3194 2969 3267 mysteria,
3015 3203 3072 3249 et
3113 3193 3425 3248 Iudaeorum
3462 3209 3557 3249 su-

265 3321 386 3377 τῶν
433 3315 707 3377 Ἰουδαίων
762 3308 1086 3375 ἀλαζονείαν
1138 3304 1327 3371 παύει,
1378 3301 1587 3373 βεσαιοῖ
1647 3300 1706 3355 δὲ
1754 3296 1864 3351 τῶν

266 3411 491 3470 πιστῶν
518 3411 620 3482 τὴν
646 3404 961 3462 εὐσέϐειαν.

356 3534 471 3600 μη’.
511 3518 935 3593 Εὐαγγελισμδς
976 3515 1090 3571 τῶν
1130 3511 1495 3583 Ἐκκλησιῶν,
1529 3508 1626 3563 καὶ
1664 3506 1866 3579 θρῆνος

272 3621 391 3676 τῶν
422 3615 737 3673 Ἰουδαϊκῶν
773 3606 1111 3680 συναγωγῶν
1135 3623 1148 3637 ο
1170 3606 1268 3659 καὶ
1296 3602 1498 3674 ἀπειλὴ
1521 3602 1621 3668 τῆς
1662 3600 1865 3670 Ἰερου-

276 3711 470 3781 σαλὴμ
499 3705 857 3779 ἐρημώσεως,
893 3701 1092 3771 μέχρις
1109 3697 1177 3751 ἂν
1204 3695 1425 3765 δέξηται
1455 3690 1554 3762 τὴν
1583 3686 1866 3781 κοινωνίαν

274 3804 377 3860 τοῦ
407 3779 747 3872 ΪῘνεύματος,
778 3796 845 3866 ἢν
871 3793 941 3847 τὰ
978 3791 1110 3859 ἔθνη
1135 3788 1427 3858 δεχόμενα,
1464 3780 1731 3851 ἐλεύθερα
1762 3779 1867 3833 πά·-

278 3916 386 3970 σης
424 3895 629 3968 βλάϐης
657 3890 1014 3964 φυλάττεται,
1059 3882 1309 3959 Ἰουδαῖοι
1357 3879 1414 3934 δι
1463 3872 1767 3948 διασπορὰς
1790 3872 1869 3964 ὡς

277 3988 643 4052 ἀπειθοῦντες
668 3983 969 4040 πείσονται.
1774 3978 1777 3983 ·

358 4105 472 4179 μθν.
512 4099 804 4171 Δοξολογία
834 4094 975 4155 Θεοῦ
1004 4093 1101 4151 καὶ
1114 4091 1224 4145 τῶν
1250 4086 1492 4179 ἀγαθῶν,
1531 4085 1676 4179 ἅπερ
1707 4078 1872 4179 mare;

280 4173 607 4274 χαρίζεταιο
649 4193 746 4248 καὶ
799 4189 1131 4263 πρόρρησις,
1171 4177 1696 4274 φθαρήσεσθαιτὴν
1740 4173 1871 4274 ἀσέῗ

281 4264 445 4349 astat»)
476 4290 543 4344 δι’
570 4284 924 4346 ἀναστάσεως
965 4275 1213 4351 Χριστοῦ
1250 4273 1349 4329 καὶ
1385 4267 1731 4340 ἀναλήψεως,
1777 4264 1875 4318 καὶ

284 4390 401 4447 τ’ὦν
432 4386 608 4444 ἄλλων
644 4378 989 4455 μυστηρίων»
1030 4375 1178 4445 ειπερ
1218 4371 1301 4434 είς
1344 4364 1654 4437 ἀφανισμδν
1693 4362 1874 4455 πάσηῖ

283 4483 505 4548 πλάνης
552 4453 797 4532 ἐπιτελεῖ
849 4467 1265 4543 σαρκούμενοςο
1295 4462 1357 4528 ἐξ
1387 4455 1462 4514 ὧν
1518 4456 1658 4511 Σιὼν
1711 4453 1874 4548 μὲνὴ

281 4578 388 4633 νέα
419 4546 716 4633 ἀσάλευτος
738 4566 916 4631 ἔσται,
947 4564 1003 4617 αί
1037 4546 1357 4631 συναγωγαὶ
1383 4551 1440 4611 δὲ
1461 4549 1572 4604 τῶν

287 4668 553 4725 σείονται.

362 4784 431 4835 ν’.
473 4774 789 4847 Πρόρρησις
821 4763 1135 4826 συντελείας
1162 4760 1261 4831 τῆς
1296 4755 1582 4828 ὁρωμένης
1622 4750 1880 4813 κτίσεως,

292 4871 422 4927 καθ,
450 4846 912 4940 ἢνὰῴανίζονται
958 4856 1119 4928 θυμῷ
1156 4852 1253 4909 τοῦ
1284 4852 1421 4907 θεοῦ
1459 4847 1599 4921 μετὰ
1626 4846 1730 4916 τῆς
1758 4846 1886 4897 ἀσε.
1984 4846 2039 4883 ιη
2075 4846 2180 4897 qua
2206 4846 2296 4879 uel
2325 4846 2511 4878 turum
2542 4846 2800 4876 uetcutur
2823 4846 2879 4873 cs
2910 4846 3163 4888 ιιιινιυιᾶθ
3194 4846 3252 4873 ct
3280 4846 3316 4872 ιι
3342 4846 3433 4888 qui

1212 4922 1215 4927 -
1576 4939 1579 4940 ,
1678 4938 1720 4940 ,_
1833 4935 1869 4940 Α-
1984 4916 2168 4940 ..2-.-.2
2206 4912 2554 4940 ...Ιιιηιοιη-ηηο
2621 4908 2721 4940 ιηῖἶο
2766 4916 2947 4940 nnlnm
2995 4908 3231 4940 Annon-n-
3259 4907 3459 4940 Iani-nt“

1532 4907 1781 4993 εὐσεέέσι
1826 4935 1884 4988 δὲ
1984 4916 2169 4988 pietati
2205 4912 2582 4976 adhaeserunt,
2621 4908 2724 4980 piis
2765 4916 2949 4964 autem
2994 4908 3231 4964 donatur
3259 4907 3569 4964 haereditas.

293 4964 453 5028 εείας
484 4962 535 5015 οἱ
569 4959 743 5029 ταύτῃ
790 4951 1314 5027 προσχωρήσαντες,
1368 4944 1484 5006 τοῖς

292 5051 639 5127 κληρονομία
669 5049 896 5104 δίδοται.

371 5121 474 5203 ναί.
514 5121 934 5213 Εὐαγγελισμδς
994 5135 1092 5190 τοῦ
1138 5133 1240 5203 τῆς
1287 5124 1616 5197 Ἐκκλησίας
1666 5121 1882 5183 ἄνθους,

296 5245 396 5300 καὶ⁵
424 5241 537 5295 τῶν
568 5235 867 5307 θαυμάτων
898 5231 936 5287 δ.
975 5224 1285 5300 σαρκωθεὶς
1306 5225 1337 5280 ό
1367 5218 1604 5293 Χριστὸς
1641 5214 1883 5281 ἐδέξατο,

298 5338 402 5393 καὶ
431 5333 542 5389 τῶν
573 5327 796 5400 ἀγαθῶν
829 5326 926 5397 τῆς
947 5322 1159 5395 δωρεᾶς
1185 5316 1281 5371 τοῦ
1309 5313 1709 5388 βαπτίσματος.

376 5447 478 5521 νβ’.
556 5446 846 5516 Διήγησις,
902 5434 991 5493 οἷα
1048 5432 1333 5504 Ῥαψάκης
1387 5428 1455 5521 τῇ
1528 5418 1890 5521 Ἰερουσαλὴμ

1071 5521 1406 5582 ἀποσταλεὶς
1437 5515 1704 5587 ἠπείλησε
1726 5527 1741 5542 ·
1793 5528 1859 5564 κα

1991 5512 2181 5569 cberib
2217 5509 2439 5572 missus,
2463 5504 2767 5560 Jerusalem
2796 5504 3035 5558 minatus
3057 5510 3162 5563 est,
3198 5510 3254 5555 et
3279 5501 3573 5570 quomodo,

301 5544 465 5613 παρά
517 5536 613 5592 τοῦ
657 5531 1025 5605 Σεναχειρεὶμ

1966 3291 2174 3361 perbiae
2220 3289 2385 3345 ﬁnem
2441 3289 2695 3360 imponit,
2735 3297 2792 3344 et
2832 3286 3127 3344 continuat
3165 3286 3408 3342 ﬁdelium
3445 3288 3561 3357 pie-

1970 3391 2133 3438 tatem
2142 3419 2156 3434 .

2039 3491 2270 3550 XLVIII.
2313 3491 2524 3549 Laetitia
2550 3490 2914 3547 Ecclesiarum
2936 3498 2991 3544 et
3016 3490 3343 3547 lamentatio
3367 3491 3558 3548 Iudai-

1967 3599 2159 3641 carum
2210 3597 2602 3655 synagogarum
2632 3591 2689 3637 et
2730 3580 2893 3636 minae
2943 3580 3300 3636 d'esolationis
3333 3581 3558 3637 Jerusa-

1969 3677 2113 3742 lem,
2162 3675 2336 3731 donec
2392 3672 2624 3744 recipiat
2676 3671 3237 3728 communicationem
3284 3671 3558 3743 Spiritus,

1970 3781 2133 3837 quam
2161 3764 2490 3835 recipientes
2513 3772 2727 3834 gentes,
2749 3762 3024 3816 immunes
3052 3772 3345 3819 servantur
3372 3762 3557 3816 omnis

1972 3875 2164 3927 noxae;
2207 3856 2384 3914 Judaei
2430 3865 2619 3911 autem
2666 3870 2766 3927 pro
2794 3869 2894 3910 sua
2926 3853 3310 3910 incredulitate
3350 3853 3561 3924 disper-

1973 3954 2192 4008 sionem
2224 3949 2526 4021 patientur.

2043 4065 2233 4124 XLIX.
2275 4064 2611 4123 Gloriﬁcatio
2640 4061 2735 4117 Dei
2762 4070 2813 4117 et
2847 4061 3121 4117 honorum
3149 4076 3272 4132 qua:
3304 4060 3420 4131 ipse
3454 4060 3559 4114 lar-

1974 4162 2156 4234 gitur;
2183 4168 2240 4215 et
2265 4157 2550 4231 praedictio
2584 4152 3009 4233 disperdendam
3040 4152 3159 4208 fore
3201 4152 3562 4223 impietatem,

1974 4270 2072 4325 per
2095 4249 2298 4308 Christi
2328 4249 2785 4306 resurrectionem
2833 4254 2890 4300 et
2923 4245 3304 4300 ascensionem
3344 4243 3558 4313 aliaque

1978 4345 2234 4418 mysteria
2257 4359 2380 4415 quae
2412 4343 2469 4398 in
2492 4340 2841 4396 abolitionem
2875 4337 3059 4394 omnis
3082 4337 3288 4393 erroris
3316 4337 3566 4407 perﬁciet

1977 4438 2317 4500 incarnatus,
2371 4449 2472 4505 per
2512 4447 2635 4503 quae
2683 4445 2828 4487 nova
2872 4428 3007 4484 Sion
3054 4429 3380 4485 inconcussa
3435 4429 3566 4492 erit,

1607 4522 1876 4602 ἰουδαίωψ
1909 4555 1953 4610 ι)
1979 4545 2265 4603 synagoga:
2296 4538 2478 4584 autem
2509 4524 2820 4582 Iudaeorum
2853 4522 3192 4594 quatientur.

2050 4706 2120 4789 VL.
2163 4730 2455 4787 Praedictio
2475 4726 2968 4789 consummationis
2990 4725 3285 4783 creationis
3318 4723 3567 4788 visibilis,

1984 4829 2039 4883 in
2075 4842 2180 4897 qua
2205 4824 2296 4879 Dei
2325 4822 2511 4878 furore
2542 4821 2801 4876 delentur
2823 4828 2879 4873 et
2909 4818 3163 4888 impietas
3194 4826 3252 4873 et
3280 4817 3316 4872 ii
3342 4818 3433 4888 qui
3463 4818 3569 4871 im-

2062 5121 2151 5175 Ll.
2189 5118 2398 5174 Laetum
2429 5113 2685 5171 nuntium
2718 5110 2868 5179 floris
2906 5108 3190 5176 Ecclesia,
3239 5119 3295 5166 et
3333 5109 3575 5165 miracu-

1987 5215 2163 5268 lorum
2191 5226 2313 5279 qua:
2331 5207 2582 5262 Christus
2609 5203 2926 5260 incarnatus
2946 5201 3199 5272 perfecit,
3222 5213 3279 5257 et
3302 5202 3573 5257 bonorum

1990 5305 2117 5360 doni
2156 5298 2520 5372 baptismatis.

2064 5417 2175 5473 LII.
2217 5413 2494 5484 Expositio
2529 5412 2793 5467 malorum
2823 5425 2944 5481 quae
2984 5409 3275 5471 Rahsaces,
3306 5421 3337 5462 a
3367 5405 3575 5463 Senna-

297 5593 456 5696 δνπως
486 5630 586 5700 τὴν
623 5593 855 5696 ἀπειλήν
895 5593 1146 5686 ζΕζεκίας
1202 5610 1410 5686 μαθὼν,
1470 5605 1629 5700 πρὸς
1667 5602 1859 5700 Ἡσαῖα

1995 5606 2081 5661 his
2108 5601 2327 5664 auditis,
2364 5598 2629 5654 Ezechias
2658 5597 2723 5651 ad
2763 5596 2957 5651 Isaiam
3010 5594 3159 5649 misit
3189 5594 3279 5665 qui
3311 5609 3436 5650 eum
3478 5593 3578 5648 de-

300 5694 605 5794 τοὺςήύπξρ
633 5694 1087 5790 αύτῆςδεηθῆναι
1117 5700 1573 5794 παρακαλοῦντας
1606 5696 1703 5750 ἕπε
1715 5694 1891 5794 μψεν

1996 5704 2352 5768 precarentur
2378 5700 2438 5745 ut
2458 5699 2644 5744 oraret
2674 5704 2773 5757 pro
2800 5687 2882 5745 eis
2913 5704 2926 5740 :
2974 5686 3063 5742 ille
3093 5697 3274 5742 autem
3317 5685 3577 5741 securita-

463 5779 953 5881 ἀσφιάλειαννπαρά
976 5779 1112 5857 Θεοῦ
1138 5803 1205 5870 τῇ
1238 5795 1419 5857 πόλει,
1447 5787 1803 5881 ἀποστροφὴν
1838 5785 1859 5836 δ

1998 5800 2106 5845 tem
2142 5804 2171 5842 a
2198 5787 2309 5842 Deo
2351 5783 2577 5850 civitati,
2615 5796 2918 5851 regressum
2958 5797 3087 5837 vero
3119 5780 3494 5838 Sennacherib
3524 5779 3579 5833 in

304 5907 407 5965 τοῦ
434 5905 767 5976 Σεναχειρὶμ
792 5902 872 5965 εἰς
905 5899 1000 5970 τὴν
1031 5894 1216 5967 χώραν
1256 5888 1355 5961 τὴν
1386 5883 1597 5941 οἰκείαν
1629 5880 1892 5953 ἐμήνυσε.

2000 5894 2154 5938 suam
2191 5877 2469 5949 regionem
2493 5871 2862 5929 annuntiavit.
