3950 6410
246 402 391 473 1381

1594 411 1599 417 η
1694 387 1775 446 ΙΝ
1818 387 2106 447 ISAIAM.

3390 376 3533 447 1383

329 517 427 585 ξβν.
474 509 870 583 Προσφώνησις
936 508 1048 567 τοῖς
1104 501 1412 572 στοιχείοις,
1466 499 1555 553 διὰ
1598 498 1699 570 τὴν
1746 496 1842 551 τοῦ

2021 497 2183 552 LXII.
2226 498 2496 553 Alloentio
2530 497 2602 552 ad
2652 496 2920 551 elementa
2974 505 3033 550 ut
3074 492 3429 566 propter'Dei
3477 498 3533 552 in

253 605 395 661 Θεοῦ
449 603 583 672 περὶ
622 600 730 653 τῶν
774 596 1079 669 ἀνθρώπων
1106 590 1525 663 φιλανθρωπίαν
1553 589 1841 661 εὐφραίνε-

1953 589 2202 644 homines
2226 590 2666 645 benevolentiam
2691 589 2963 644 laetentur.
2989 588 3055 645 Et
3082 589 3442 660 reprehensio
3477 590 3533 643 in

258 695 417 750 σθαιο
451 694 544 746 καὶ
572 689 830 759 ἐπιτιμία
863 690 976 751 τοῖς
1008 684 1304 754 ἐγκαλοῦσι
1339 682 1416 754 τῷ
1463 681 1688 756 Χριστῷ
1714 682 1844 752 περὶ

1993 698 2046 738 os
2073 682 2164 752 qui
2200 681 2498 738 detrahunt
2523 681 2749 737 Christo
2773 682 2841 737 de
2870 682 2957 738 his
2983 698 3106 752 quae
3142 681 3383 747 ordinat,
3409 697 3536 736 eum

254 781 335 843 ὧν
361 787 661 871 οίκονομεϊ,
702 783 824 834 δέον
858 779 1166 849 δοξολογεῖν
1196 772 1258 832 οὗ
1292 778 1457 848 μόνου
1490 774 1844 847 προγνώστου

256 879 358 932 καὶ
385 868 618 947 ποιητοῦ,
646 873 1008 943 τυγχάνοντος
1032 887 1045 900 ·
1082 871 1178 923 καὶ
1227 870 1315 923 διὰ
1352 869 1513 923 τοῦτο
1543 868 1847 940 τρεχόντων

259 972 402 1042 πρὸς
428 969 590 1022 αὐτὸν
615 966 726 1020 τῶν
756 963 927 1018 ἐθνῶν
960 964 1041 1027 εἰς
1074 964 1478 1035 προσκύνησιν.

336 1080 439 1154 gf,
502 1081 825 1155 Προφητεία
886 1078 1229 1151 Ἐκκλησιῶν
1314 1075 1705 1149 ἑγκαινισμοῦ·
1754 1077 1851 1131 καὶ

261 1179 415 1240 ὅπως
441 1179 469 1230 ὁ
521 1176 758 1246 Χριστὸς
788 1173 864 1236 ὡς
906 1171 1040 1235 Θεὸς
1081 1169 1179 1224 καὶ
1226 1171 1570 1241 Δημιουργὸς
1621 1169 1852 1239 μάταιον

267 1272 371 1342 μὲν
405 1269 557 1322 οὐδὲν
586 1267 665 1338 τῷ
710 1265 930 1338 Ἰσραὴλ
963 1261 1298 1330 ἐντέλλεται,
1328 1263 1397 1317 τὰ
1431 1263 1560 1330 ἔθνη
1595 1262 1654 1316 δὲ
1685 1262 1850 1316 καλεῖ

264 1364 364 1415 καὶ
386 1360 572 1424 σώζει·
595 1360 694 1413 καὶ
716 1358 867 1427 αὑτῴ
900 1358 998 1429 μὲν
1021 1358 1129 1410 πᾶν
1155 1356 1284 1425 γόνυ
1307 1355 1544 1426 κάμψειο
1565 1354 1635 1408 τὰ
1650 1352 1849 1408 είδωλα

260 1453 323 1507 δὲ
356 1452 491 1522 παρ’
525 1452 693 1505 αὐτοῦ
744 1450 1168 1520 συντριϐήσεται
1200 1464 1213 1478 ⁸
1246 1448 1340 1501 καὶ
1385 1447 1698 1518 κατηγορία
1750 1446 1847 1498 τοῦ

280 1542 501 1614 Ἰσραὴλ
551 1543 648 1596 ἐπὶ
691 1544 756 1613 τῇ
806 1542 1062 1612 είδωλικῇ
1119 1540 1337 1612 πλάνῃ’
1368 1538 1467 1591 καὶ
1497 1537 1849 1609 παραίνεσις,

267 1636 649 1707 προσδραμεῖν
669 1635 747 1705 τῷ
778 1633 1001 1705 Χριστῷ
1021 1633 1099 1697 ὡς
1126 1634 1433 1703 οἰκονομεῖν
1467 1630 1534 1683 τὰ
1576 1631 1854 1702 μυστήρια

270 1730 545 1801 μέλλοντι,
606 1728 753 1798 ἅπερ
803 1729 883 1790 είς
951 1725 1225 1797 σωτηρίαν
1293 1724 1373 1796 τῷ
1442 1724 1663 1796 Ἰσραὴλ
1723 1742 1857 1796 προ-

268 1818 449 1872 έθετο.

348 1934 445 2000 ξδ’.
474 1930 871 2002 Προσφώνησις
902 1934 967 2001 τῇ
1011 1930 1223 2000 ἀρχαίᾳ
1291 1929 1649 2000 Ἰερουσαλὴμ
1672 1971 1687 1995 ,
1723 1945 1857 1981 πεν-

269 2029 395 2082 θεῖν
424 2026 511 2080 διά
532 2026 632 2096 τὴν
653 2023 930 2087 ἀσέϐειαν,
966 2024 1091 2076 ὅθεν
1119 2023 1257 2094 αὐτῇ
1303 2021 1365 2074 τὸ
1397 2023 1499 2093 τῆς
1538 2019 1857 2083 Βαϐυλῶνος

269 2119 608 2193 περιέθηκεν
659 2117 974 2188 πρόσωπον,
1007 2116 1083 2179 ὡς
1122 2115 1192 2169 τὰ
1239 2114 1459 2185 ἐκείνης
1497 2117 1860 2187 μιμησαμένη

272 2211 461 2266 κακά’
494 2212 591 2264 καὶ
639 2209 864 2280 ἀπειλὴ,
896 2209 988 2262 τὸν
1047 2208 1296 2263 διάϐολον
1349 2209 1430 2271 είς
1483 2208 1544 2262 τὸ
1601 2208 1712 2280 πῦρ
1760 2210 1863 2279 τῆς

272 2309 508 2378 γεέννης
543 2302 990 2376 πεμφθήσεσθαι.

357 2422 449 2487 ξε⁹.
499 2418 823 2495 Κατηγορία
868 2416 967 2486 τῆς
1020 2415 1116 2468 τοῦ
1154 2414 1374 2486 Ἰσραὴλ
1426 2411 1769 2484 ύποκρίσεώς
1803 2427 1864 2465 τε

276 2514 386 2569 καὶ
409 2510 845 2583 σκληροκαρδίας
866 2525 881 2539 ο
922 2509 1018 2561 καὶ
1047 2506 1417 2578 διαμαρτυρία
1442 2505 1551 2559 τῶν
1588 2503 1867 2575 ἐσομένων

277 2607 356 2677 τῇ
404 2601 706 2672 Ἐκκλησία
759 2599 1099 2670 μυστηρίων,
1134 2598 1231 2651 καὶ
1284 2597 1381 2666 τῆς
1427 2594 1522 2649 τοῦ
1573 2590 1865 2650 Ἰουδαῖκοῦ

279 2694 419 2748 λαοῦ
442 2689 935 2761 ἀπαλλοτριώσεως
960 2703 975 2720 ·
1018 2689 1113 2742 καὶ
1141 2687 1218 2751 ὡς
1247 2689 1275 2740 ὁ
1300 2685 1541 2757 Χριστὸς
1566 2684 1727 2747 αὐτὸς
1761 2682 1869 2753 πρὸ

279 2786 502 2842 αἰώνων
554 2783 652 2838 καὶ
696 2782 786 2836 ἐπ’
809 2781 1057 2853 ἐσχάτων
1102 2779 1375 2834 ἐστί’καὶ
1425 2777 1736 2848 ὀνειδισμὸς
1791 2774 1870 2846 τῷ

293 2862 537 2951 Ἰσραὴλ,
554 2878 630 2941 ῶς
656 2875 757 2947 οὐχ
775 2873 1156 2928 ὑπακούσαντι
1178 2889 1190 2903 ·
1219 2871 1413 2943 κλῆσις
1432 2870 1490 2925 δὲ
1521 2873 1632 2934 τοῖς
1670 2870 1867 2934 ἔθνεσι,

281 2972 380 3026 καὶ
413 2971 705 3042 ὑπόσχεσις
733 2968 832 3040 τῆς
858 2967 1047 3039 πηγῆς
1070 2965 1166 3020 τοῦ
1190 2965 1587 3038 βαπτίσματος.

360 3083 467 3149 ξςδ.
503 3081 716 3153 Κλῆσις
774 3079 967 3147 ἐθνῶν,
999 3077 1095 3132 καὶ
1136 3076 1442 3150 προφητεία
1484 3074 1580 3129 τοῦ
1609 3073 1871 3148 Χριστοῦ,

281 3178 366 3239 ὡς
397 3178 477 3240 είς
519 3174 709 3229 δούλου
743 3172 959 3245 μορφὴν
991 3170 1185 3226 ἐαυτὸν
1225 3169 1319 3222 ἐπὶ
1366 3168 1615 3239 σωτηρίᾳ
1640 3168 1752 3220 τῶν
1781 3167 1873 3220 ἐθ-
1902 3202 1945 3261 C

284 3270 399 3325 νῶν
436 3268 798 3342 κηρύξαντος,
832 3264 1013 3338 καιρῷ
1053 3280 1113 3317 τε
1148 3261 1321 3333 αὐτὴν
1354 3259 1771 3331 οίκονομοῦντος
1799 3259 1878 3330 τῷ

285 3362 489 3416 δέοντι.

365 3453 469 3521 ξξν.
504 3451 901 3525 Προσφώνησις
940 3452 1064 3521 ,τοῖς
1117 3448 1426 3520 στοιχείοις,
1456 3446 1738 3518 ἑορτάξειν
1775 3445 1879 3515 τῆς

295 3546 576 3618 σωτηρίας
610 3545 718 3599 τῶν
744 3543 1050 3616 ἀνθρώπων
1078 3543 1245 3596 ἕνεκα
1272 3555 1285 3569 ·
1317 3540 1412 3594 καὶ
1439 3539 1736 3610 ὑπόσχεσις
1778 3537 1879 3606 τῆς

291 3640 567 3714 ἐσομένης
620 3639 1006 3703 πολυπαιδίας,
1049 3635 1219 3691 ἐθνῶν
1259 3652 1318 3688 τε
1377 3631 1725 3703 συναγωγὴς,
1783 3629 1880 3684 καὶ

290 3732 548 3787 διαϐόλου
571 3731 936 3794 σκυλεύσεως,
964 3726 1240 3792 ἀπωλείας
1258 3742 1319 3780 τε
1338 3725 1632 3797 δαιμόνων,
1658 3725 1753 3776 καὶ⁵
1771 3720 1881 3774 τῶν

294 3825 511 3880 πιστῶν
538 3823 886 3897 λυτρὼσεως.

372 3937 478 4009 ξηί.
522 3933 859 4005 Ὀνειδισμὸς
878 3932 956 4003 τῷ
998 3932 1242 4003 Ἰσραὴλ,
1275 3931 1369 3985 καὶ
1401 3927 1501 4000 τῆς
1534 3925 1666 3997 παρ’
1699 3924 1883 3988 αὐτοῖς

296 4029 632 4100 συναγωγῆς
654 4026 897 4094 ἀποσολὴ
924 4038 938 4054 ·
972 4024 1070 4078 καὶ
1099 4022 1327 4089 ἔνδειξις
1362 4020 1547 4092 ἰσχύος
1581 4015 1719 4073 Θεοῦ
1744 4034 1760 4049 ο
1788 4014 1886 4069 καὶ

296 4118 614 4194 προφητεία
642 4117 752 4171 τῶν
776 4115 873 4170 τοῦ
901 4114 1110 4182 Κυρίου
1146 4111 1334 4166 παθῶν
1355 4126 1369 4142 ο
1393 4109 1488 4163 καὶ
1522 4107 1721 4176 ἀπειλὴ
1742 4104 1886 4160 κατὰ

293 4212 414 4267 τῶν
451 4208 749 4273 Ἰουδαίων,
781 4207 858 4270 ὡς
883 4207 1065 4260 αὐτῶν
1100 4202 1488 4258 σκευασάντων
1535 4200 1636 4271 τὴν
1680 4196 1886 4252 οἰκείαν

296 4302 604 4360 ἀπώλειαν.

380 4416 480 4482 ξθ⁹,
513 4413 912 4487 Προσφῶνησις
937 4412 1015 4484 τῷ
1047 4411 1290 4482 Ἰσραὴλ,
1323 4408 1620 4480 προσέχειν
1657 4406 1772 4475 τοῖς
1793 4401 1886 4457 τοῦ

297 4510 482 4579 τάφου
530 4509 626 4562 τοῦ
669 4506 1005 4561 Δεσποτικοῦ
1044 4504 1288 4575 θαύμασι
1319 4518 1333 4534 ·
1370 4498 1593 4555 καὶτοῦ
1635 4496 1887 4569 ’Δϐραὰμ
1921 4544 1963 4599 D

298 4602 409 4670 τὴν
433 4598 685 4669 εὐλογίαν
714 4598 1031 4667 λογίζεσθαι
1052 4614 1065 4627 ’
1101 4595 1325 4665 καὶτῆς
1354 4591 1495 4648 Σιὼν
1526 4587 1887 4660 ἐγκαινισμδν

303 4694 732 4767 προσδέχεσθαι,
773 4691 946 4746 ἐθνῶν
997 4688 1383 4760 προσέλευσιν,
1441 4684 1536 4739 καὶ
1581 4683 1693 4737 τῶν
1745 4698 1892 4736 στοι-

299 4786 475 4859 χείων
507 4785 825 4840 συντέλειαν
856 4801 869 4817 ⁸
907 4785 1001 4837 καλ⁵
1026 4781 1356 4853 παραίνεσις
1385 4779 1498 4842 τοῖς
1534 4778 1781 4840 πιστοῖς,
1816 4773 1892 4845 μὴ

302 4877 596 4948 φοϐεῖσθαι
623 4876 734 4930 τῶν
759 4875 1006 4928 ἀπίστων
1035 4874 1103 4926 τὰ
1134 4870 1470 4942 σκώμματα.
1786 4864 1791 4875 ’

382 4987 447 5043 ο’.
498 4986 858 5058 Παράκλησις
887 4987 952 5055 τῇ
993 4980 1371 5053 Ἰερουσαλὴμ,
1404 4980 1480 5043 ὼς
1524 4976 1655 5031 λαοῦ
1697 4974 1894 5029 πιστοῦ

302 5086 372 5140 ἐν
400 5083 539 5153 αὐτῇ
567 5079 983 5136 συνελεύσεσθαι
1019 5075 1323 5148 μέλλοντος
1349 5074 1444 5127 καὶ
1472 5070 1777 5144 προτροπὴ.
1803 5070 1897 5123 ἐπὶ

304 5175 436 5246 8εῷ
472 5172 823 5227 πεποιθέναιο
876 5170 971 5224 καὶ
1028 5168 1354 5237 ὑπόσχεσις,
1406 5165 1505 5237 τὴν
1549 5163 1670 5217 κατ’
1726 5162 1898 5231 αὐτῆς

307 5267 488 5338 ὀργὴν
512 5264 655 5320 κατὰ
690 5257 1391 5335 δαιμόνων-τραπήσεσθαι.

276 5382 295 5391 “
388 5384 490 5433 οαν.
542 5377 878 5448 Παραίνεσις
931 5377 999 5446 τῇ
1055 5371 1227 5436 Σιὼν,
1263 5372 1338 5434 ὼς
1369 5370 1470 5441 τῆς
1522 5366 1900 5439 αἰχμαλωσίας

312 5469 593 5545 μελλούσῃ
612 5465 1069 5522 ἀπαλλάττεσθαι’
1096 5465 1191 5518 καὶ
1216 5463 1545 5534 ἀνάμνησις,
1565 5457 1652 5513 οἷα
1684 5458 1903 5530 Ἰσραὴλ

310 5570 346 5618 ὁ
389 5562 620 5626 παλαιὸς
664 5561 928 5631 ηνόμησεο
969 5559 1065 5612 καὶ
1092 5557 1396 5630 πρόρρησις
1417 5596 1433 5622 ,
1463 5554 1537 5617 ὼς
1594 5552 1842 5624 ἐνδημῶν
1875 5554 1903 5605 ὁ

310 5653 553 5726 Χριστὸς
583 5653 681 5707 καὶ
706 5650 964 5722 γνωρίζει
988 5650 1056 5703 τὰ
1087 5650 1264 5703 οἰκεῖα
1291 5648 1589 5719 μυστήρια,
1611 5648 1706 5701 καὶ
1731 5646 1907 5700 ἀπαλ-

310 5745 494 5817 λαγὴν
541 5744 722 5807 αὐτοῖς
777 5743 878 5812 τῆς
925 5740 1161 5812 ἀρχαίας
1209 5739 1567 5812 Ἰερουσαλὴμ
1594 5739 1669 5805 ὡς
1698 5755 1904 5809 τυγχα-

313 5833 519 5905 νούσης
548 5833 862 5905 ἀκαθάρτου
898 5830 1205 5903 χαρίζεται.

1953 776 2337 848 gloriﬁcandus
2362 776 2435 831 sit
2474 783 2731 847 tanquam
2768 774 2964 830 unicus
2994 774 3164 830 futuri
3200 773 3461 844 praescius
3485 782 3534 827 et

1955 878 2189 934 creator,
2226 875 2281 923 et
2326 878 2619 939 propterea
2658 868 2726 923 ad
2757 881 2883 922 eum
2918 874 3256 922 concurrant
3275 863 3538 919 nationes

1956 961 2024 1015 ad
2057 959 2423 1015 adorandum.

2026 1069 2213 1125 LXIII.
2256 1069 2583 1125 Vaticinium
2628 1069 2997 1125 renovationis
3048 1067 3442 1129 Eccleslarnm,
3486 1047 3541 1117 et

1958 1164 2234 1234 quomodo
2265 1162 2538 1229 Christus,
2563 1172 2625 1217 ut
2651 1162 2792 1218 Deus
2820 1170 2877 1216 et
2895 1170 3131 1223 creator,
3156 1158 3296 1214 nihil
3320 1155 3541 1226 quidem

1960 1255 2082 1310 vani
2114 1255 2181 1309 ad
2211 1254 2374 1308 Israel
2395 1253 2573 1324 jubet,
2614 1262 2804 1324 gentes
2842 1260 3024 1307 autem
3056 1258 3215 1305 vocat
3252 1259 3307 1303 et
3331 1248 3538 1313 salvat;

1962 1357 2017 1401 et
2054 1346 2157 1415 ipsi
2205 1359 2367 1398 omne
2410 1358 2555 1414 genu
2596 1344 2879 1410 ﬂectetur;
2934 1341 3076 1396 idola
3126 1356 3257 1396 vero
3300 1339 3369 1393 ab
3421 1337 3543 1408 ipso

1963 1446 2339 1494 conterentur.
2378 1437 2446 1491 L‘t
2486 1435 2764 1489 accusatio
2805 1434 2968 1488 Israel
3006 1441 3231 1502 propter
3272 1430 3542 1485 idolorum

1962 1543 2201 1586 errorem
2226 1546 2241 1596 ;
2276 1538 2330 1583 et
2356 1527 2664 1582 exhortatio
2694 1527 2759 1581 ad
2789 1524 3117 1580 currendum
3141 1514 3207 1577 ad
3240 1522 3542 1588 Christum,

1962 1628 2164 1698 quippe
2198 1627 2290 1694 qui
2324 1622 2738 1693 dispensaturus
2772 1619 2845 1675 sit
2881 1619 3136 1688 mysteria
3175 1629 3297 1685 qua:
3350 1628 3548 1685 ιιι-ονο-

1963 1720 2075 1775 suit
2097 1719 2164 1773 ad
2194 1716 2426 1796 salutem
2457 1713 2645 1769 Israel.

2032 1914 2220 1974 LXIV.
2260 1916 2537 1972 Allocutio
2566 1913 2633 1967 ad
2659 1922 2901 1967 veterem
2923 1906 3247 1971 Jerusalem,
3282 1914 3338 1960 ut
3363 1903 3548 1959 doleat

1962 2030 2117 2070 suam
2153 2012 2514 2081 impietatem,
2549 2005 2692 2061 unde
2718 2004 2821 2075 ipsi
2846 2001 3132 2074 Babylonis
3162 1998 3380 2055 induxit
3412 1999 3546 2069 ligu-

1962 2123 2099 2173 ram,
2161 2114 2417 2175 tanquam
2469 2097 2746 2155 imitatrici
2810 2094 3034 2149 malitiae
3065 2093 3205 2164 ejus.
3266 2090 3331 2146 Et
3385 2090 3550 2143 minae

1963 2202 2241 2258 diabolum
2269 2195 2599 2254 mittendum
2626 2193 2746 2250 fore
2769 2192 2823 2248 in
2854 2190 3032 2264 ignem
3064 2188 3346 2260 geheunzn.

2039 2398 2201 2454 LXV.
2254 2394 2547 2451 Aeeusatio
2608 2390 2909 2464 hypocrisis
2980 2397 3035 2444 et
3094 2385 3310 2442 duritiae
3366 2382 3551 2439 ccrdis

1969 2493 2152 2557 Israel,
2186 2499 2241 2545 et
2276 2486 2651 2545 testimonium
2691 2484 3005 2539 futurorum
3053 2478 3313 2534 Ecclesite
3358 2486 3554 2547 myste-

1970 2588 2173 2640 riorum
2214 2591 2265 2637 et
2309 2578 2522 2636 Iudaici
2578 2577 2765 2648 populi
2809 2572 3261 2637 abalienationis;
3302 2577 3358 2624 et
3403 2567 3554 2639 quod

1970 2676 2221 2752 Christus
2238 2680 2322 2728 est
2342 2680 2471 2726 ante
2499 2668 2696 2725 saecula
2725 2679 2780 2723 et
2800 2669 2853 2721 in
2884 2665 3068 2720 linem.
3100 2662 3167 2718 Et
3192 2660 3545 2732 exprobratio

1971 2769 2039 2823 ad
2084 2765 2274 2830 Israel,
2304 2779 2370 2820 eo
2401 2763 2551 2834 quod
2592 2776 2703 2816 non
2737 2755 3065 2814 obediverit.
3114 2752 3338 2809 Vocatio
3368 2759 3556 2807 autem

1974 2861 2241 2935 gentium,
2264 2868 2321 2914 et
2344 2857 2635 2930 promissio
2659 2853 2828 2909 fontis
2856 2848 3223 2921 baptismatis.

2047 3064 2232 3122 LXVI.
2277 3062 2503 3118 Vocatio
2553 3057 2798 3131 gentium
2845 3062 2902 3108 et
2952 3048 3272 3105 vaticinium
3332 3040 3558 3107 Christi,

1981 3171 2237 3228 tanquam
2275 3157 2330 3210 in
2368 3154 2597 3208 formam
2624 3148 2767 3204 servi
2800 3146 3043 3216 seipsum
3072 3143 3127 3196 in
3163 3140 3392 3196 salutem
3423 3147 3560 3207 gen-

1981 3254 2115 3308 tium
2164 3246 2564 3309 annuntiantis,
2616 3253 2671 3298 et
2716 3254 2840 3296 eam
2887 3231 3257 3306 dispensantis
3316 3240 3561 3301 tempore

1979 3352 2312 3416 opportuno.

2053 3434 2263 3491 LXVII.
2300 3430 2573 3487 Allocutio
2601 3426 2671 3482 ad
2704 3426 2974 3480 elementa
3000 3428 3061 3474 ut
3082 3416 3321 3489 jubilent
3342 3421 3565 3484 propter

1982 3530 2267 3587 hominum
2310 3526 2562 3588 salutem,
2594 3530 2650 3576 et
2669 3515 2958 3589 promissio
2974 3512 3173 3568 futura:
3214 3505 3567 3564 fecunditatis

1980 3630 2035 3677 et
2071 3617 2313 3692 gentium
2351 3606 2811 3681 congregationis,
2855 3613 2911 3659 et
2961 3599 3161 3658 diaboli
3198 3593 3566 3668 spoliationis,

1982 3686 2293 3769 daemonum
2351 3714 2535 3761 autem
2578 3697 2922 3772 perditionis,
2968 3702 3025 3750 et
3074 3690 3316 3747 ﬁdelium
3353 3686 3566 3742 redem-

1985 3803 2208 3876 ptionis.

2057 3912 2288 3972 LXVIII.
2313 3904 2677 3980 Exprohratio
2689 3903 2756 3958 ad
2781 3897 2968 3962 Israel,
2991 3906 3046 3952 et
3063 3894 3359 3968 Synagoga:
3377 3901 3567 3980 eorum

1985 4005 2283 4079 abnegatio,‘
2314 4021 2330 4069 ;
2357 3979 2413 4057 et
2437 3993 2839 4056 demonstratio
2876 3988 3134 4063 potentia
3169 3984 3302 4046 Dei,
3340 3990 3395 4036 et
3426 3979 3569 4035 vati-

1986 4076 2192 4158 cinium
2227 4093 2440 4152 Domini
2463 4091 2802 4164 passionum,
2839 4094 2897 4141 et
2926 4083 3089 4138 minae
3123 4081 3179 4134 in
3214 4076 3455 4141 Judmos,
3508 4080 3572 4127 ut

1986 4191 2079 4263 qui
2106 4189 2209 4261 ipsi
2249 4186 2353 4244 sibi
2382 4181 2698 4256 paraverint
2725 4192 2882 4234 suam
2912 4172 3304 4246 perditionem.

2063 4397 2252 4456 LXIX.
2289 4392 2559 4450 Allocutio
2585 4388 2653 4444 ad
2676 4385 2863 4449 Israel,
2902 4390 2963 4438 ut
3016 4377 3265 4435 attendat
3293 4370 3573 4430 miraculis

1993 4492 2231 4566 sepulcri
2284 4486 2501 4545 Domini
2527 4494 2583 4540 et
2623 4481 2895 4537 rationem
2926 4475 3126 4530 habeat
3166 4464 3568 4526 benedictionis

1991 4587 2256 4651 Abrahae;
2290 4580 2703 4637 renovationem
2732 4574 2886 4637 Sion,
2911 4569 3154 4642 gentium
3179 4561 3571 4622 accessionem,

1993 4690 2049 4737 et
2084 4679 2481 4734 elementorum
2505 4664 3037 4725 consummationem
3068 4661 3368 4726 exspectat.
3390 4653 3457 4705 Et
3475 4664 3581 4706 ex-

1997 4768 2235 4835 hortatio
2267 4766 2332 4821 ad
2364 4763 2552 4819 fideles
2584 4768 2645 4814 ut
2668 4754 3075 4813 incredulorum
3107 4747 3341 4804 ludibria
3371 4757 3482 4798 non
3516 4740 3578 4797 ti-

1996 4870 2202 4918 meant.

2066 4972 2230 5030 LXX.
2263 4967 2581 5027 Consolatio
2604 4964 2672 5019 ad
2698 4959 3023 5023 Jerusalem,
3045 4970 3109 5012 ex
3136 4969 3203 5008 eo
3227 4948 3371 5021 quod
3405 4960 3580 5017 popu-

1997 5073 2084 5127 Ius
2111 5066 2283 5124 ﬁdelis
2307 5065 2364 5120 in
2395 5077 2516 5117 eam
2546 5065 2810 5114 venturus
2844 5053 2937 5118 sit,
2967 5059 3022 5106 et
3050 5043 3358 5103 exhortatio
3384 5050 3443 5095 ut
3467 5038 3581 5094 Deo

1999 5162 2206 5225 credat,
2229 5164 2284 5213 et
2306 5152 2601 5226 promissio
2623 5146 2768 5218 quod
2802 5146 2882 5200 ira
2911 5157 3032 5211 quae
3069 5148 3259 5195 contra
3288 5148 3408 5189 eam
3440 5140 3577 5195 erat,

2002 5256 2056 5309 in
2087 5254 2365 5309 daemones
2398 5250 2777 5301 convertetur.

2076 5364 2262 5421 LXXI.
2294 5358 2612 5416 Exhortatio
2646 5355 2715 5410 ad
2746 5351 2877 5408 Sion
2930 5359 3186 5416 tanquam
3213 5359 3242 5397 a
3268 5337 3582 5410 captivitate

2003 5456 2338 5514 liberandam
2364 5461 2455 5519 ;et
2476 5445 2859 5505 rememoratio
2875 5449 3075 5512 quanta
3097 5447 3254 5493 vetus
3270 5432 3429 5489 Israel
3455 5445 3580 5500 pec-

2004 5548 2233 5612 caverit,
2282 5554 2344 5602 et
2393 5541 2676 5615 praedictio
2705 5537 2984 5593 Christum
3024 5532 3079 5586 in
3113 5545 3212 5584 sua
3270 5525 3581 5580 venientem

2006 5641 2406 5715 patefacturum
2435 5650 2533 5691 sua
2569 5631 2845 5704 mysteria,
2877 5636 2933 5684 et
2953 5626 3034 5682 eis
3063 5620 3441 5678 liberationem
3486 5628 3585 5674 ve-

2006 5734 2139 5792 teris
2167 5729 2469 5789 Jerusalem
2504 5739 2764 5800 tanquam
2793 5721 3013 5794 pollutae
3045 5716 3389 5788 largiturum.
