3950 6448
440 429 577 494 I383
1625 413 1986 476 HESYCHII
2026 410 2502 472 PRESBYTERI
2900 451 2907 459 .
3541 406 3657 468 1m

512 537 724 604 LXXII,
752 534 1083 591 Vaticinium
1117 531 1303 603 gloria
1332 529 1536 584 Christi
1588 537 1644 581 et
1673 527 1793 597 eius
1824 525 1878 579 in
1915 538 2012 579 sua
2043 531 2072 583 Α

2186 519 2286 589 οβ’.
2314 515 2629 589 Προφήτεία
2649 517 2750 585 τῆς
2780 512 2877 566 τοῦ
2913 512 3148 584 Χριστοῦ
3178 510 3359 583 δόξης,
3384 512 3472 564 καί
3495 514 3584 583 τῆς
3611 518 3657 571 έν

438 632 696 703 passione
719 624 1209 692 humiliationis;et
1226 622 1503 694 quomodo
1528 627 1750 690 propter
1780 627 1998 671 nostran

2120 611 2235 672 τοῖς
2266 607 2473 679 πάθησι
2512 603 2737 678 [ἔθνεσι]
2781 602 3165 667 ταπεινώσεως
3188 618 3206 636 ο
3261 603 3537 666 καὶ-ὅπως
3577 607 3661 676 τῆς

439 694 674 778 salutem
707 721 950 791 seipsum
986 719 1042 773 in
1070 716 1349 772 victimam
1379 712 1619 777 tradidit,
1642 726 1804 782 quam
1838 708 1999 763 Pater

2122 699 2400 771 ἡμετέρας
2427 697 2595 751 ἓνεκα
2631 696 2908 767 σωτηρίας
2951 694 3142 749 ἑαυτὸν
3170 696 3252 758 είς
3279 694 3469 750 θυσίαν
3490 696 3665 750 ἐπέδωο

442 825 754 872 nostrorum
800 821 1150 884 peccatorum
1202 807 1632 878 redemptionem
1677 795 1999 874 dispensans

2121 805 2235 844 amr
2267 793 2335 861 ἥν
2364 791 2393 844 ὁ
2423 790 2632 859 Πατὴρ,
2667 787 2769 858 τὴν
2819 785 2927 840 τῶν
2969 787 3255 858 ἡμετέρων
3290 787 3667 859 ἁμαρτημάτων

442 907 677 979 benigne
705 880 939 976 excepit.

2120 884 2391 956 λύτρωσιν
2419 880 2746 953 οἰκονομῶν,
2776 880 3060 947 εὐδόκησε.
3369 929 3381 941 ,

513 971 746 1051 LXXIII.
776 971 1064 1052 Pradictio
1085 993 1266 1065 gaudii
1299 1000 1356 1048 et
1383 989 1707 1046 incrementi
1740 987 2020 1053 Ecclesia,

2192 973 2292 1044 ογ’.
2345 974 2738 1047 Προσφιίηησις
2793 976 2860 1044 τῇ
2902 971 3197 1044 Ἐκκλησία
3266 974 3436 1043 χαρᾶς
3484 989 3541 1024 τε
3591 975 3669 1028 καὶ

440 1098 501 1144 et
524 1085 922 1157 quod,modico
960 1094 1205 1155 tempore
1239 1080 1616 1153 castigationis
1648 1095 1816 1137 causa
1844 1095 1875 1135 a
1910 1079 2000 1133 Det

2125 1069 2405 1138 αὐξήσεως
2428 1083 2443 1097 ’
2496 1066 2592 1121 καὶ
2649 1067 2733 1121 ὅτι
2782 1067 2972 1138 χρόνον
3022 1066 3204 1134 ὀλίγον
3241 1065 3426 1118 ἕνεκεν
3456 1065 3671 1129 παιδείας

445 1180 723 1242 derelicta,
748 1176 1203 1247 reprehendetur.
1220 1174 1290 1231 Et
1317 1174 1619 1246 prophetia
1651 1173 1838 1245 gloria
1868 1186 2005 1227 nova

2124 1159 2553 1230 καταλειφθείσα
2598 1159 2753 1230 παρὰ
2812 1160 2948 1214 Θεοῦ
2996 1157 3564 1229 προσμεμφθήσεται·
3595 1161 3674 1213 καὶ

440 1266 738 1323 Jerusalem
772 1264 993 1330 futura,
1013 1273 1070 1319 et
1096 1265 1404 1319 daemonum
1431 1261 1534 1332 ipsi
1565 1261 1905 1316 infensorum
1923 1260 2000 1315 de

2125 1252 2430 1323 προφητεία
2463 1253 2562 1321 τῆς
2596 1251 2864 1321 ἐσομένης
2897 1254 2964 1323 τῇ
3000 1252 3095 1322 νέᾳ
3129 1247 3488 1321 Ἰερουσαλήμ
3518 1249 3672 1319 δόξης.

441 1361 780 1417 structionis.

2126 1344 2221 1397 καὶ
2275 1344 2576 1413 δαιμόνων,
2624 1344 2733 1397 τῶν
2784 1343 3185 1413 ἐκθραινόντων
3239 1340 3675 1415 [ἐχθραινόντων]

2128 1435 2264 1506 πρὸς
2297 1436 2488 1508 αὐτὴν,
2523 1436 2905 1507 ὀλοθρεύσεως.

510 1530 748 1595 LXXIV,
767 1522 1126 1584 Adnuntiatio
1159 1526 1495 1583 harcditatis
1514 1525 1779 1596 gentium,
1794 1532 1849 1580 et
1871 1539 2027 1595 aqua

2196 1526 2290 1583 05'.
2351 1528 2682 1596 Ἐπαγγελία
2736 1527 3106 1601 κληρονομίας
3150 1524 3352 1591 ἐθνῶν,
3385 1524 3477 1578 καὶ
3518 1524 3678 1589 Maso;

444 1625 709 1696 mystica,
739 1632 795 1677 et
816 1622 1041 1678 hederis
1064 1619 1386 1691 evangelici,
1421 1628 1479 1674 et
1507 1616 1844 1673 adorationis
1867 1615 2004 1671 Chril

2194 1620 2420 1688 ιστικοῦ,
2452 1620 2547 1675 καὶ
2587 1620 2855 1692 διαθήκης
2885 1619 3274 1689 εὑαγγελικῆς,
3314 1617 3408 1672 καὶ
3438 1617 3594 1671 ἐθνῶν
3614 1619 3680 1682 είς

448 1718 518 1771 sti
548 1732 579 1769 ο
630 1716 903 1787 gentibus.
958 1714 1027 1768 Et
1066 1713 1372 1768 exhortatio
1421 1714 1486 1767 ad
1523 1710 1925 1783 paenitentiam,
1973 1724 2004 1764 e

2128 1713 2365 1785 Χριστὸν
2404 1713 2828 1786 προσκυνήσεως
2850 1727 2864 1743 ο
2914 1713 3009 1768 καὶ
3059 1710 3351 1783 προτροπὴ
3402 1710 3678 1780 μετανοίας,

448 1808 740 1878 promissio
762 1806 1125 1861 multitudinis
1144 1806 1410 1859 bonorum
1445 1819 1545 1874 per
1572 1818 1718 1858 eam.

2129 1808 2225 1860 καὶ
2255 1806 2475 1877 ἀγαθῶν
2521 1807 2760 1875 πλήθους
2790 1806 2881 1859 διὰ
2908 1806 3115 1876 ταύτης
3146 1804 3463 1874 ὑπόσχεσις.

515 1896 727 1951 LXXV.
756 1896 1068 1952 Declaratio
1097 1912 1196 1967 pro
1235 1895 1484 1950 Sabbatis
1528 1895 1622 1949 Dei
1655 1894 1828 1950 teneri
1859 1893 2027 1949 absti—
2060 1885 2075 1944 I

2201 1905 2294 1953 σε’.
2344 1899 2647 1966 Ἀπόφασις
2686 1897 2824 1953 Θεοῦ
2868 1897 3163 1953 Σαόϐἁτων
3200 1894 3454 1967 ἡγεῖσθαι
3475 1895 3567 1966 τὴν
3592 1896 3680 1949 τῶν

449 1990 690 2045 nentiam
721 2006 751 2043 a
784 1988 944 2054 malo,
975 1997 1031 2043 et
1058 1986 1196 2043 ultra
1230 1987 1462 2043 tiliornm
1497 1986 1901 2056 generationem
1934 1984 2009 2038 lia

2130 1989 2319 2043 κακῶν
2347 1989 2581 2061 ἀποχὴν.
2619 1990 2714 2043 καὶ
2735 1988 2875 2060 ὑπὲρ
2917 1988 3270 2058 τεκνογονίαν
3300 1985 3558 2057 τιμᾶσθαι
3578 1989 3680 2055 παρ’

450 2081 562 2136 licri
580 2080 720 2149 apud
745 2080 919 2149 ipsum
943 2079 1320 2135 mandatorum
1348 2085 1547 2132 rectam
1567 2076 2003 2131 observationem

2131 2081 2280 2152 αὐτῷ
2306 2081 2417 2136 τῶν
2453 2082 2684 2136 ἐντολῶν
2728 2083 2829 2152 τὴν
2875 2080 3237 2151 κατόρθωσιν·
3272 2081 3369 2133 καὶ
3414 2080 3684 2151 κατηγορία

450 2172 517 2227 Et
549 2171 826 2227 accusatio
868 2170 1052 2236 Israel,
1085 2184 1152 2223 eo
1185 2168 1327 2239 quod
1360 2168 1534 2239 legem
1565 2182 1673 2221 non
1716 2166 1929 2231 fecerit,
1977 2180 2005 2220 ε

2131 2172 2225 2226 τοῦ
2263 2174 2501 2245 Ἰσραήλ,
2535 2173 2611 2239 ὡς
2643 2175 2767 2227 οὔτε
2791 2174 2882 2227 τὸν
2913 2175 3076 2243 νόμον
3109 2171 3418 2242 μειοῦντος,
3445 2171 3536 2227 καὶ
3564 2172 3683 2225 ἀσω-

449 2262 799 2320 dissolutioni
831 2278 889 2317 se
917 2262 1150 2317 dederit.

1062 2262 1150 2316 rit.
2132 2265 2225 2336 τίᾳ
2254 2265 2622 2337 σχολάζοντος.

508 2375 1037 2433 LXXVI.Accusatio
1055 2375 1385 2439 Judaornm,
1403 2374 1494 2444 qui
1514 2373 1833 2444 perniciem,
1847 2386 2031 2442 quam,

2209 2388 2316 2447 οςσ.
2353 2383 2678 2453 Κατηγορία
2719 2383 2829 2435 τῶν
2871 2381 3144 2436 Ἰουδαίων
3193 2381 3270 2452 μὴ
3304 2379 3586 2435 συνιέντων
3606 2380 3683 2449 τὴν

445 2472 668 2527 Christo
694 2471 930 2542 perdito,
964 2469 1285 2533 subierunt,
1326 2482 1437 2523 non
1471 2466 1878 2529 intellexerunt,
1914 2462 2005 2518 ido

2141 2473 2369 2544 βλάὅην,
2398 2474 2467 2544 ἢν
2494 2475 2587 2527 τὸν
2609 2475 2845 2545 Χριστὸν
2877 2474 3252 2545 ζημιωθέντες
3282 2473 3604 2544 ὑπέστησαν,
3622 2476 3684 2527 εί-

453 2566 519 2620 lis
540 2573 723 2620 autem
759 2578 820 2619 se
850 2563 1122 2619 dederunt
1155 2578 1170 2629 ;
1193 2569 1251 2617 et
1288 2570 1516 2633 propter
1542 2558 1855 2629 superbiam
1876 2573 1905 2611 a
1926 2556 2013 2611 Dei

2138 2565 2328 2628 δώλοις
2374 2566 2433 2619 δὲ
2486 2566 2887 2637 σχολασάντων,
2927 2567 3022 2620 καὶ
3054 2566 3123 2620 δι’
3155 2565 3534 2635 ὑπερηφανίαν
3574 2565 3685 2618 ἀπο-

448 2656 788 2714 delecerunt.
816 2656 883 2713 Et
921 2654 1269 2726 exprobratio
1303 2652 1604 2709 Jerusalem
1633 2649 1922 2709 simulacra
1944 2664 2006 2703 su

2142 2658 2383 2715 στάντων
2408 2658 2565 2711 Θεοῦ·
2594 2660 2688 2713 καὶ
2716 2659 3017 2751 ὀνειδισμὸς
3043 2660 3144 2730 τῆς
3178 2659 3548 2730 Ἰερουσαλὴμ,
3574 2657 3687 2728 ὑπὲρ

453 2765 549 2821 pra
562 2748 734 2804 Deum
767 2748 1032 2805 timentis.
1049 2746 1116 2801 Et
1145 2745 1443 2818 promissio
1473 2744 1652 2799 salvos
1679 2742 1794 2797 fore
1829 2741 2013 2795 ﬁdeles

2138 2749 2230 2803 τὸν
2257 2749 2392 2803 Θεὸν
2424 2750 2760 2822 φοϐηθείσης
2794 2751 2864 2807 τὰ
2900 2741 3112 2807 είδωλω
3148 2752 3251 2807 καὶ
3280 2752 3582 2821 ὑπόσχεσις,
3614 2749 3687 2804 τὸν

443 2858 454 2867 ι
732 2849 736 2853 ·
2140 2844 2332 2897 πιστὸν
2368 2843 2735 2913 σωθήσεσθαι.

522 2950 781 3007 LXXVII.
808 2949 1042 3006 Jubctur
1075 2942 1357 3021 propheta
1390 2948 1701 3004 Judaorum
1750 2949 1889 3003 mala
1939 2948 2038 3003 (Ie-

2207 2951 2307 3015 oC'.
2350 2951 2693 3024 Πρόσταγμα
2744 2952 2823 3024 τῷ
2871 2953 3132 3024 προφήτῃ
3173 2953 3247 3006 τὰ
3298 2951 3410 3005 τῶν
3454 2951 3687 3009 Ἰουδαίων

455 3046 756 3112 nuntiare;
781 3054 837 3101 et
866 3044 1092 3114 exponit
1119 3043 1265 3099 Deus
1297 3058 1401 3112 qua
1434 3043 1502 3097 de
1528 3057 1690 3096 causa
1722 3041 2015 3097 Judaorun

2142 3043 2381 3118 κηρῦξαι
2414 3046 2596 3099 κακά’
2630 3045 2726 3098 καὶ
2761 3046 3023 3117 ἐξήγησις
3072 3043 3169 3098 τοῦ
3208 3042 3372 3105 Θεοῦ,
3425 3045 3562 3107 τίνος
3611 3043 3686 3114 μὲν

450 3138 723 3208 jejunium
761 3136 1048 3208 abjecerit,
1096 3136 1257 3206 quale
1281 3133 1551 3205 jejunium
1594 3134 1698 3188 sibi
1752 3143 2010 3202 acceptum

2143 3137 2303 3207 χάριν
2333 3135 2443 3189 τῶν
2482 3137 2757 3191 Ἰουδαίων
2782 3138 2883 3205 τὴν
2913 3136 3169 3207 νηστείαν
3191 3134 3437 3192 ἀπέϐαλε
3457 3174 3472 3199 ,
3506 3137 3620 3207 ποίᾳ
3644 3135 3687 3188 δὲ

456 3229 549 3289 sit.
578 3228 829 3299 qualibus
861 3228 1111 3284 Sabbatis
1143 3228 1462 3282 delectetur.

2144 3229 2371 3303 νηστείᾳ
2408 3229 2710 3301 τέρπεται,
2745 3231 2919 3293 ποίοις
2947 3229 3251 3294 Σαϐϐάτοις
3290 3229 3590 3301 ἀρέσκεται.

530 3319 816 3375 LXXVIII.
854 3320 1136 3391 Expositio
1196 3336 1294 3374 cur
1358 3319 1503 3375 Deus
1532 3317 1694 3373 Israel
1726 3318 1947 3384 oderit;
1984 3328 2040 3372 et

2214 3326 2317 3390 οη’.
2362 3319 2678 3390 Ἐξήγησις,
2717 3320 2865 3385 τίνος
2914 3320 3077 3392 χάριν
3116 3322 3145 3374 ὁ
3182 3320 3320 3384 Θεὸς
3370 3320 3460 3373 τὸν
3512 3317 3688 3389 Ἰσραήλ

457 3414 584 3484 quia
612 3414 768 3469 malis
790 3415 1051 3484 operibus
1079 3413 1387 3480 studentes,
1422 3429 1488 3468 ex
1526 3412 1634 3468 illis
1661 3400 1871 3467 nullum
1927 3411 2012 3465 l‘ru

2145 3412 2562 3485 ἀπέστραπταιο
2604 3414 2704 3467 καί⁸
2757 3415 2840 3468 ὅτι
2888 3412 3103 3486 πονηρά
3153 3412 3520 3484 μελετῶντες,
3566 3411 3687 3464 οὐδὲν

459 3516 607 3561 ctum
644 3507 970 3573 retulerunt,
1007 3506 1099 3561 sed
1132 3506 1186 3560 in
1212 3505 1529 3577 ignorantia
1557 3505 1857 3562 cacitatem
1888 3503 2019 3560 ceci.

2145 3502 2336 3575 κέρδος
2369 3504 2429 3568 ἐξ
2462 3504 2643 3558 αὐτῶν
2673 3504 3080 3576 ἀπηνέγκαντο,
3105 3503 3227 3559 ἀλλ’
3262 3506 3346 3568 είς
3383 3505 3481 3575 τὴν
3510 3502 3686 3573 τύφλω-

461 3600 679 3654 derunt.

2148 3612 2231 3649 σιν
2267 3596 2368 3666 τῆς
2397 3596 2623 3667 ἀγνοίας
2651 3597 2938 3652 ἐνέπεσαν.

532 3711 776 3769 LXXIX.
797 3713 1183 3783 Prosopopceia
1201 3714 1478 3783 propheta
1499 3714 1901 3769 accusationem
1928 3728 2039 3768 ma-

2215 3705 2313 3761 00'.
2350 3706 2772 3778 Προσωποποιῖα
2801 3707 2894 3762 τοῦ
2939 3710 3246 3783 προφήτου,
3273 3711 3593 3781 κατηγορίαν
3612 3706 3688 3777 τῆς

460 3804 592 3859 litia
614 3804 925 3860 Iudaeorum
947 3805 1188 3873 habens;
1206 3806 1434 3860 etmina
1454 3804 1707 3860 vindictae
1727 3804 1820 3859 Dei
1842 3805 1896 3860 in
1923 3819 2020 3860 eos

2147 3796 2348 3860 κακίας
2374 3795 2483 3850 τῶν
2521 3797 2793 3853 Ἰουδαίων
2844 3798 3042 3868 ἔχουσα
3066 3816 3079 3829 ⁸
3129 3802 3229 3856 καὶ
3270 3801 3470 3872 ἀπειλή
3502 3799 3590 3871 τῆς
3616 3796 3687 3851 τοῦ

466 3891 526 3946 Et
565 3893 846 3962 pradictio
892 3893 1268 3948 conversionis
1296 3893 1538 3964 gentium
1576 3900 1633 3947 et
1656 3892 1871 3965 Christi
1905 3906 2026 3964 pra‘

2146 3888 2283 3945 Θεοῦ
2316 3892 2436 3947 κατ’
2471 3893 2655 3947 αὐτῶν
2701 3892 3069 3966 ἐκδικήσεωςο
3100 3896 3197 3950 καὶ
3221 3896 3531 3969 πρόρρησις
3553 3891 3689 3948 ἐθνῶν

461 3985 655 4041 sentia
697 3994 753 4040 et
785 3985 1007 4041 faderis
1038 3985 1360 4061 evangelici,
1395 3985 1600 4056 Spiritu
1633 3985 1856 4056 quidem
1896 3985 2021 4040 obsi

2146 3983 2506 4056 ἐπιστροφῆς,
2557 3986 2651 4039 καὶ
2694 3985 2933 4057 Χριστοῦ
2963 3988 3295 4059 παρουσίας,
3339 3990 3434 4043 καὶ
3465 3987 3687 4057 διαθήκης

461 4075 632 4149 gnati,
669 4076 1046 4132 indesinenter
1071 4086 1251 4133 autem
1279 4076 1535 4149 gentibus
1580 4077 1879 4132 observati.

2146 4075 2528 4147 εὐαγγελικῆς,
2561 4076 3003 4149 σφραγιζομένης
3032 4079 3131 4150 μὲν
3154 4081 3453 4151 πνεύματι,
3468 4076 3687 4150 διηνεκῶς

2146 4167 2202 4221 δὲ
2242 4169 2628 4241 μελετωμένης
2657 4171 2771 4234 τοῖς
2808 4170 3011 4227 ἔθνεσι.

536 4257 754 4314 LXXX.
786 4260 1146 4316 Annuntiatio
1174 4262 1482 4332 praesentiae
1526 4262 1729 4317 Christi
1761 4277 1916 4320 nova
1955 4264 2046 4319 .Ie-

2218 4259 2292 4316 π’.
2326 4262 2742 4330 Εὐαγγελισμὸς
2775 4265 2842 4334 τῇ
2875 4263 2973 4335 νέα
3016 4263 3379 4336 Ἰερουσαλὴμ
3428 4261 3686 4334 παρουσίας

464 4352 725 4418 rusalem,
766 4362 823 4406 et
850 4353 1283 4424 congregationis
1317 4352 1582 4423 gentium,
1611 4361 1668 4407 et
1692 4369 1886 4409 cursus
1908 4371 2024 4427 apo

2148 4353 2423 4424 Χριστοῦ,
2473 4356 2568 4408 καὶ
2617 4356 2952 4426 Συναγωγῆς
2996 4355 3188 4423 ἐθνῶν,
3240 4358 3338 4412 καὶ
3372 4350 3684 4410 ἀποστολικσῦ

465 4441 665 4505 stolici,
691 4451 748 4496 et
781 4441 979 4496 futura
1003 4442 1263 4498 Ecclesia
1293 4443 1501 4512 gloria,
1523 4443 2025 4517 illuminationisqtn

2146 4445 2374 4515 δρρμου,
2406 4446 2501 4500 καὶ⁵
2529 4449 2630 4517 τῆς
2663 4448 2934 4518 ἐσομένης
2961 4450 3026 4519 τῇ
3066 4448 3371 4521 Ἐκκλησία
3404 4449 3570 4519 δόξης,
3598 4462 3685 4514 φω-

464 4540 720 4601 aterna;
754 4544 809 4590 et
854 4533 1179 4590 incrementi
1207 4548 1380 4605 usque
1422 4534 1489 4589 ad
1518 4534 1791 4592 inﬁnitum
1846 4554 2024 4595 nume-

2148 4538 2347 4607 τισμοῦ
2391 4556 2451 4593 τε
2506 4540 2750 4605 αίωνίου,
2799 4540 2896 4594 καὶ
2925 4541 3205 4612 αὐξήσεως
3251 4544 3351 4613 τῆς
3389 4543 3467 4603 είς
3493 4538 3685 4611 ἀριθμὸν

466 4640 609 4681 rum.

2151 4631 2395 4702 ἄπειρον.

541 4736 782 4793 LXXXI.
824 4738 1157 4797 Vaticinium
1188 4738 1454 4794 adventus
1503 4738 1706 4794 Christi
1738 4746 1794 4793 et
1844 4738 2047 4810 pradi-

2227 4753 2336 4801 πα’.
2370 4748 2685 4819 Προφητεία
2709 4749 3013 4820 παρουσίας
3040 4748 3281 4821 Χριστοῦ
3312 4768 3405 4804 και
3434 4747 3684 4820 κηρύγμα-

464 4830 700 4884 eationis
747 4830 1096 4902 evangelica,
1135 4839 1191 4885 et
1215 4830 1417 4886 latitia
1457 4831 1512 4885 in
1553 4831 1685 4886 Sion
1727 4830 1924 4886 futura
1975 4831 2024 4886 dt

2204 4856 2243 4900 »ς
2268 4840 2651 4906 εὐαγγελικοῦ,
2688 4841 2783 4894 καὶ
2821 4841 2921 4912 τῆς
2967 4842 3234 4912 ἐσομένης
3264 4843 3437 4913 χαρᾶς
3463 4842 3552 4910 τῆς
3577 4835 3687 4891 Σιὼν
3756 4870 3764 4883 ο

466 4921 891 4994 congregatione
918 4921 1185 4993 gentium,
1212 4923 1537 4994 quibuscum
1565 4931 1834 4979 aternum
1865 4923 2026 4980 foedu:

2147 4930 2241 4983 ἐπὶ
2266 4933 2331 5001 τῇ
2364 4933 2663 5003 Συναγωγῇ
2696 4933 2803 4986 τῶν
2834 4932 3025 5000 ἐθνῶν,
3074 4928 3157 4998 οἷς
3200 4934 3418 4987 αἰώνιον
3457 4932 3683 4999 διαθήκην

471 5012 619 5067 Deus
650 5011 774 5067 init.

2144 5024 2174 5076 ὁ
2207 5023 2337 5087 Θεὸς
2369 5024 2680 5083 διατίθεται.

537 5102 799 5160 LXXXII.
845 5103 1151 5161 Declaratio
1173 5105 1531 5177 iucunditatis
1570 5124 1637 5162 ex
1672 5108 1826 5164 vultu
1868 5108 2045 5164 ﬁdelis

2219 5116 2329 5186 πβ¹.
2389 5116 2768 5188 Ἀναφώνησις
2824 5120 3167 5191 εὐφροσύνης
3212 5122 3275 5174 ἐκ
3311 5119 3582 5193 προσώπου
3606 5111 3679 5168 τοῦ

467 5196 653 5265 pepuli
690 5196 1012 5265 prodeuntis
1052 5214 1068 5264 ;
1111 5206 1168 5253 et
1191 5199 1537 5254 annuntiatio
1561 5198 1691 5255 Sion
1722 5200 1922 5257 futura
1945 5216 2027 5270 pet

2146 5208 2340 5262 πιστοῦ
2367 5208 2522 5263 λαοῦο
2555 5211 2649 5265 καὶ
2679 5212 3077 5283 εὐαγγελισμὸς
3106 5216 3207 5284 τῆς
3234 5212 3370 5266 Σιὼν
3399 5211 3491 5279 τῆς
3520 5205 3678 5278 ἐσομέ-

465 5286 746 5342 Christum
773 5288 976 5358 gloria,
1012 5298 1067 5343 et
1091 5290 1334 5360 ejusdem
1365 5305 1489 5345 cum
1514 5291 1631 5361 ipso
1661 5292 2025 5362 desponsatio-

2145 5316 2245 5369 νης
2282 5300 2420 5374 αὐτῇ
2473 5300 2566 5354 διὰ
2604 5303 2845 5371 Χριστοῦ
2895 5288 3056 5374 δᾶξης
3104 5305 3327 5374 καὶτῆς
3373 5304 3499 5372 πρὸς
3548 5295 3675 5351 αὑτὸν

471 5377 578 5442 nis,
607 5387 666 5432 et
686 5377 998 5433 divinorum
1024 5380 1410 5450 mysteriorum
1441 5382 1825 5451 possessionis,
1860 5391 1915 5438 et
1945 5397 2031 5453 po‘

2145 5371 2522 5459 νυμφειῗσεως,
2551 5393 2646 5445 καὶ
2683 5391 2842 5445 θείων
2871 5393 3190 5464 μυστηρίων
3230 5391 3579 5452 ἀπολαύσεως,
3604 5383 3676 5438 καὶ

471 5468 583 5537 puli
615 5468 860 5540 gentium
886 5470 1218 5527 accessionis
1244 5480 1301 5526 et
1333 5472 1761 5543 redemptionis.

2143 5481 2244 5550 τῆς
2277 5481 2368 5536 τοῦ
2417 5482 2552 5536 λαοῦ
2600 5483 2712 5537 τῶν
2761 5483 2933 5538 ἐθνῶν
2982 5486 3347 5557 προσαγωγῆς
3388 5482 3475 5537 καί.
3502 5473 3676 5549 λυτρὼ·

2147 5588 2302 5635 σεως.

548 5651 833 5706 LXXXIII.
854 5650 1095 5718 Quastio
1117 5653 1185 5711 de
1205 5655 1405 5711 Christi
1438 5657 1694 5726 passione
1709 5674 1739 5714 a
1765 5658 1904 5715 facie
1930 5662 2045 5716 vir-

2218 5669 2330 5732 πγ’.
2364 5664 2570 5728 Πεῦσις
2601 5683 2667 5719 πε
2679 5667 2731 5737 pi.
2775 5665 2871 5720 τοῦ
2906 5667 3190 5739 Κυριακοῦ
3221 5666 3420 5729 πάθους
3446 5666 3506 5718 ἐκ
3536 5672 3674 5730 προσσ

469 5745 648 5831 tutum
685 5742 991 5796 caelestium
1027 5761 1042 5801 :
1079 5754 1135 5800 et
1186 5749 1472 5817 responsio
1497 5749 1700 5805 Christi
1732 5768 1790 5807 se
1821 5761 2029 5824 proptel

2145 5753 2299 5807 ώπου
2325 5756 2437 5811 τῶν
2465 5758 2737 5828 οὐρανίων
2788 5760 3071 5831 δυνάμεων
3093 5780 3108 5795 υ
3166 5762 3260 5816 καὶ
3306 5759 3571 5828 ἀπόκρισις
3599 5746 3671 5802 τοῦ

473 5830 756 5888 hominum
797 5836 1024 5895 salutem
1058 5852 1123 5893 ea
1159 5836 1511 5906 sustinuisse,
1545 5842 1610 5896 de
1661 5844 1861 5912 quibus
1891 5843 2033 5898 illum

2147 5846 2421 5913 Χριστοῦ,
2453 5848 2529 5912 ὡς
2560 5849 2660 5921 τῆς
2704 5853 2977 5923 σωτηρίας
3021 5854 3120 5927 τῆς
3172 5851 3504 5927 ἀνθρωπίνης
3540 5844 3667 5899 ἕνεκα
