3950 6406
255 360 396 426 1335
1370 351 1830 414 FRAGMENTA
1865 351 1941 410 ΙΝ
1976 349 2481 412 EZECHIELEM.
3378 342 3511 409 138'}

254 469 589 537 κατεδέξατο
610 509 624 534 ,
656 467 743 540 ἐφ’
773 462 853 530 οἷς
895 465 1056 520 αὐτὸν
1084 464 1113 516 ὁ
1155 463 1444 536 προφήτης
1485 461 1673 530 ὑμνεῖ·
1704 475 1814 512 κατι

1950 459 2208 527 propheta
2237 457 2505 512 collaudat
2541 472 2552 508 :
2597 454 2810 508 incusat
2835 460 3014 506 autem
3043 451 3278 517 Iudaeos,
3314 460 3370 505 et
3398 451 3510 524 pris

255 569 454 639 ηγορεί
497 565 555 619 δὲ
587 564 698 617 τῶν
738 562 1044 628 Ἰουδαίων,
1079 560 1177 614 καὶ
1214 559 1321 611 τῶν
1361 555 1655 626 θαυμάτων
1702 551 1815 606 ἀνα·

1526 555 1655 607 ίιτων
1702 551 1832 606 ἀνα·
1945 546 2086 600 stina
2119 546 2366 617 prodigia
2397 545 2452 598 in
2490 543 2808 602 memoriam
2850 551 3086 600 revocat.

255 658 565 730 μιμνήσκει
601 656 707 709 τῶν
742 654 1076 726 ἔμπροσθεν.

327 725 436 802 πδί
468 747 749 811 Ἐντευξις
777 725 870 799 τοῦ
908 745 1192 817 προφήτου
1241 740 1374 812 πρὸς
1409 739 1500 791 τὸν
1532 736 1664 788 Θεὸν
1695 733 1836 802 ὑπὲρ

2015 728 2295 783 LXXXIV.
2335 727 2656 798 Deprecatio
2682 727 2957 797 propheta:
2995 725 3060 781 ad
3091 726 3258 782 Deum
3303 741 3399 800 pro
3437 726 3513 782 ls-

252 841 354 893 τοῦ
397 841 632 911 Ἰσραὴλ,
661 841 736 904 ὡς
773 838 1162 910 παροφθέντος,
1189 836 1276 889 διὰ
1307 836 1406 906 τὴν
1442 831 1812 902 πρόσκρουσιν

1955 821 2078 886 rael,
2113 830 2170 875 ut
2197 829 2326 890 pote
2345 821 2432 889 qui
2460 829 2684 890 pr0pter
2723 818 3052 873 offensiones
3078 819 3427 888 despiciatur,
3458 828 3515 874 et

253 933 355 989 καὶ
402 935 501 996 τὰς
556 910 831 1004 ἁμαρτίας
881 931 962 983 ἔτι
1014 928 1216 1000 μᾶλλον
1268 923 1692 982 πλεονάσαντος·
1742 935 1813 975 κα

1955 912 2038 982 qui
2070 920 2292 982 peccata
2329 927 2426 966 sua
2457 911 2688 982 amplius
2711 911 2875 964 etiam
2907 910 3230 980 multiplicet
3263 928 3276 976 ;
3309 920 3363 964 et
3387 925 3515 986 sup-

257 1025 532 1095 ἰκετηρία,
679 1001 842 1095 μέχρι
873 1023 1062 1085 τέλους
1097 1017 1531 1090 παρασιωπῆσαι
1563 1013 1655 1066 τὸν
1682 1011 1814 1064 Θεὸν

1954 1003 2166 1072 plicatio
2205 1018 2276 1057 ne
2312 1003 2454 1056 Deus
2487 1002 2643 1056 sileat
2671 1001 2722 1056 in
2756 1001 2916 1056 linem
2943 1002 3034 1058 sed
3063 1017 3218 1056 suum
3257 1001 3514 1076 populum

254 1091 533 1170 ἁλλὰ-*τὸν
570 1091 940 1169 εαυτοῦ-λαὸν
975 1115 1072 1168 καὶ
1100 1112 1196 1187 τὴν
1231 1106 1585 1184 Ἰερουσαλὴμ
1617 1103 1811 1156 ὲπισκέ

1002 1115 1072 1168 ίαὶ
1100 1112 1196 1187 τὴν
1231 1106 1585 1184 Ἰερουσαλὴμ
1617 1103 1840 1156 ἐπισκέ-
1947 1103 2001 1148 et
2026 1091 2328 1149 Jerusalem
2362 1094 2562 1152 visitet.

269 1213 486 1265 ἀσθαι.

251 1228 293 1279 ψ
328 1302 438 1357 πε’.
493 1302 822 1373 ’Υπόσχεσις
864 1301 1126 1372 Χριστοῦ,
1159 1301 1270 1362 τοῖς
1301 1298 1510 1351 ἔθνεσιν
1540 1294 1700 1349 αὑτὸν
1734 1294 1806 1366 ἐμ

2016 1275 2274 1332 LXXXV.
2311 1276 2607 1332 Promissio
2632 1277 2856 1341 Christi,
2893 1277 3142 1331 videlicet
3165 1291 3223 1330 se
3264 1277 3515 1348 gentibus

254 1394 698 1466 φανισθήσεσθαι
723 1411 736 1423 ·
775 1395 868 1447 καὶ
892 1392 1092 1462 ἀπειλὴ
1121 1390 1262 1444 κατὰ
1292 1389 1400 1443 τῶν
1442 1387 1731 1450 Ἰουδαίων,
1763 1385 1814 1436 ὠ.

1953 1367 2426 1422 manifestaturum
2471 1385 2485 1432 ;
2527 1377 2582 1421 et
2625 1368 2787 1422 minae
2829 1369 2883 1420 in
2911 1369 3148 1435 Judzeos,
3189 1383 3254 1423 eo
3279 1369 3422 1438 quod
3459 1372 3513 1421 in

251 1457 674 1556 ἀπειθησάντων
692 1488 748 1539 ὲν
772 1485 848 1554 τῷ
875 1457 1113 1555 σταυρῷ,
1129 1481 1223 1534 καὶ
1245 1479 1482 1544 εἰδώλοις
1506 1478 1604 1550 μὲν
1620 1476 1806 1530 δουλευ

1953 1457 2121 1513 Cruce
2151 1475 2261 1513 non
2292 1459 2646 1524 crediderint,
2673 1467 2728 1513 et
2771 1459 2926 1514 idolis
2959 1461 3176 1528 quidem
3206 1460 3513 1520 servierint,

252 1577 490 1640 σάντων,
542 1577 769 1638 ἑαυτοὺς
813 1575 870 1628 δὲ
931 1574 1322 1638 δικαιούντων,
1356 1571 1498 1642 ὑπὲρ
1542 1565 1619 1625 ὧν
1656 1569 1812 1620 αὺτοί

1956 1550 2155 1618 seipsos
2193 1560 2377 1606 autem
2410 1552 2776 1606 condemnent
2801 1551 2869 1606 iis
2891 1566 2989 1622 pro
3009 1553 3208 1622 quibus
3235 1552 3367 1626 ipsis
3387 1566 3516 1625 pce-

249 1665 560 1723 ἁποδώσειν
588 1668 687 1728 τὰς
720 1662 1002 1736 ἁμαρτίας
1024 1665 1348 1734 ἠπείλησεν.

1337 1701 1348 1716 ,
1946 1652 2194 1700 catorum
2230 1645 2498 1699 ultionem
2527 1644 2768 1700 minatus
2791 1653 2897 1710 est,

224 1771 231 1826 ἓ
333 1763 459 1823 σις’.
501 1734 804 1826 Ἀπόφασις
848 1734 1020 1820 ήΘεοῦ,
1058 1758 1152 1810 τὸν
1186 1754 1404 1826 Ἰσραὴλ
1454 1753 1529 1825 μὴ
1564 1753 1643 1815 εἰς
1686 1749 1784 1805 τέλι

2022 1734 2306 1790 LXXXVI.
2339 1736 2643 1791 Declaratio
2675 1735 2767 1790 Dei
2807 1751 2918 1794 non
2943 1735 3003 1790 in
3030 1735 3190 1792 ﬁnem
3219 1735 3381 1794 Israel
3425 1752 3521 1806 pe-

220 1824 663 1919 ’φθαρήσεσθας
725 1848 863 1902 ἀλλὰ
914 1848 1042 1910 τοὺς
1093 1824 1453 1908 ἀπειθοῦντας
1499 1824 1780 1897 ἀπολεῖσθο

1961 1828 2200 1889 'iturum.
2225 1829 2322 1882 sed
2344 1828 2658 1886 incredulos
2682 1828 2903 1898 quidem
2932 1827 3240 1898 perdendos
3265 1827 3521 1893 fore,Deo

250 1940 383 2002 τοὺς
409 1941 758 2002 δουλεύοντας
786 1939 843 1991 δὲ
891 1937 1010 2008 Θεῷ
1045 1939 1140 1991 καὶ
1185 1937 1501 2008 μυστηρίων
1537 1934 1806 1988 ἁπόλαυσι

1959 1928 2130 1973 autem
2160 1919 2483 1984 servientes,
2535 1928 2646 1974 tum
2679 1922 3062 1990 mysteriorum
3094 1920 3519 1992 possessionem,

253 2033 354 2084 καὶ
398 2032 664 2102 ὀνόματος
711 2030 902 2085 καινοῦ
956 2029 1265 2094 τεύξεσθαι,
1315 2028 1412 2081 καὶ
1463 2025 1540 2096 τῷ
1593 2024 1708 2094 ναῷ
1739 2026 1813 2094 τῆι

1960 2025 2059 2063 .um
2079 2026 2278 2065 nomen
2299 2026 2501 2064 novum
2517 2012 2810 2066 sortituros
2837 2025 2978 2076 esse,
2995 2020 3051 2066 et
3067 2011 3123 2065 in
3143 2011 3345 2081 templo
3366 2027 3520 2066 nova-

252 2126 384 2186 νέας
434 2101 788 2195 Ἰερουσαλὴμ
831 2123 1044 2194 ἀρετῶν
1081 2121 1303 2173 ἔσεσθαι
1350 2118 1668 2186 τελειότητα
1697 2156 1710 2178 ,
1745 2131 1812 2168 κα

1963 2101 2244 2156 Ierusalem
2281 2103 2545 2158 virtutum
2590 2103 2982 2172 perfectionem
3022 2104 3262 2158 futuram
3304 2118 3426 2159 esse
3468 2111 3523 2158 et

253 2216 365 2269 τῶν
397 2216 574 2268 πόνων
603 2215 712 2267 τῶν
749 2215 967 2268 οἰκείων
997 2214 1322 2268 ἀπόλαυσιν.

1317 2252 1322 2265 ,
1836 2264 1844 2269 ,
1946 2195 2191 2249 laborum
2225 2211 2448 2250 suorum
2481 2196 2877 2251 liberationem.

324 2309 433 2373 πξν.
477 2307 974 2376 Ἀπόφασιςθεοῦ,
1027 2305 1210 2369 οἴκους
1243 2303 1536 2376 αἰσθητοὺς
1579 2301 1654 2373 μὴ
1688 2300 1839 2354 ἐκλέ-

2011 2286 2318 2353 LXXXVII,
2342 2287 2640 2344 Declaratio
2664 2289 2759 2344 Dei
2782 2291 2973 2345 domos
2987 2291 3270 2345 sensuales
3292 2305 3402 2349 non
3425 2289 3521 2344 eli-

257 2403 472 2466 γεσθαι,
511 2400 648 2470 μηδὲ
671 2402 791 2464 ταῖς
818 2398 878 2463 ἐξ
899 2398 1111 2462 ἀδικίας
1139 2397 1351 2458 θυσίαις
1375 2393 1720 2467 ἀρέσκεσθαι·
1747 2409 1817 2446 κα

1962 2380 2017 2451 ;i,
2039 2395 2140 2436 nec
2165 2396 2225 2435 se
2248 2381 2488 2438 victimis
2517 2398 2584 2437 ex
2617 2382 2902 2453 iniquitate
2941 2392 3254 2438 contentum
3283 2397 3421 2438 esse.
3457 2384 3522 2438 Et

259 2491 582 2558 παραίνεσις
629 2493 744 2554 τοῖς
807 2495 1020 2554 πιστοῖς
1051 2529 1066 2555 ,
1116 2488 1466 2554 ἀνεξικακίαν
1522 2487 1658 2558 πρὸς
1713 2485 1819 2538 τοὺς

1965 2471 2252 2527 :xhortatio
2274 2473 2340 2527 ad
2363 2473 2578 2540 'Iideles,
2621 2482 2679 2528 ut
2714 2473 3028 2543 patientiam
3061 2473 3126 2528 ad
3159 2473 3407 2531 inimicos
3437 2488 3525 2528 os-

258 2581 491 2653 ὲχθροὺς
526 2581 900 2635 ἐνδείκνυσθαι
925 2599 938 2612 ·
968 2581 1062 2634 καὶ
1097 2581 1404 2652 πρόρρησις
1455 2578 1550 2631 τοῦ
1587 2577 1818 2648 τεχθησο

1963 2564 2199 2628 endam,
2225 2565 2298 2618 Et
2335 2565 2619 2635 praedictio
2656 2566 2842 2636 populi
2889 2566 2943 2620 in
2980 2566 3113 2621 Sion
3156 2567 3440 2632 nascituri,
3468 2575 3523 2620 et

263 2673 428 2743 μένου
465 2670 595 2726 λαοῦ
643 2673 710 2741 τῇ
756 2673 854 2741 νέα
896 2670 1064 2724 Σιών·
1108 2673 1202 2724 καὶ
1235 2669 1620 2740 προσφώνησις
1644 2669 1823 2737 εὐφρο·

1965 2657 2232 2725 )rzedictio
2268 2658 2628 2729 iucunditatis
2655 2660 2722 2714 de
2767 2658 2926 2714 bonis
2958 2674 3080 2729 quae
3111 2674 3266 2714 nova:
3309 2658 3525 2716 Jerusa-

261 2762 431 2833 σύνης
479 2765 573 2816 ἐπὶ
611 2767 724 2826 τοῖς
755 2762 1012 2830 ἀγαθοῖς,
1052 2762 1088 2816 ἃ
1120 2765 1186 2832 τῇ
1227 2762 1324 2832 νέᾳ
1373 2758 1727 2832 Ἰερουσαλὴμ
1750 2758 1842 2811 εὑ.
1951 2749 2056 2804 lem
2089 2759 2488 2819 prmparantur.

257 2853 599 2924 τρεπίζεται.
757 2870 762 2873 ·

323 2950 439 3010 πη¹.
483 2943 800 3015 Προφητεία
831 2943 1090 3014 δευτέρας
1116 2943 1356 3016 Χριστοῦ
1392 2943 1719 3015 παρουσίας,
1753 2943 1845 2996 καί

2019 2936 2354 3002 LXXXVIII,
2386 2936 2718 2994 Vaticinium
2752 2939 2978 2994 secundi
3011 2937 3213 2997 Christi
3239 2939 3527 3002 adventus,

257 3035 540 3100 ἀπωλείας
565 3037 673 3088 τῶν
699 3037 936 3089 ἀσεϐῶνο
969 3040 1061 3088 καὶ
1087 3038 1394 3107 πρόρῤησις
1414 3037 1512 3105 τῆς
1531 3037 1642 3090 τῶν
1674 3035 1814 3089 ἐθνῶ

1972 3040 2010 3086 et
2033 3031 2323 3101 impiorum
2358 3030 2726 3098 perditionis;
2778 3038 2834 3083 et
2851 3029 3132 3100 praedictio
3179 3029 3532 3100 ingressionis

261 3127 412 3198 μετὰ
441 3127 598 3196 δόξης
643 3128 723 3191 εἰς
771 3129 872 3199 τὴν
905 3129 1032 3184 νέαν
1076 3127 1436 3198 Ἰερουσαλὴμ
1470 3128 1713 3193 συνόδου,
1749 3145 1820 3180 κα

1974 3126 2200 3197 gentium
2229 3141 2351 3180 cum
2387 3126 2557 3197 gloria
2597 3126 2651 3179 in
2679 3139 2876 3179 novam
2916 3124 3238 3190 Jerusalem,
3285 3133 3342 3179 et
3377 3139 3534 3180 nova:

257 3192 362 3287 τῆς
399 3219 490 3277 διὰ
522 3192 760 3288 Ξέριστοῦ
790 3192 988 3289 καινῆς
1027 3192 1277 3284 κτίσεως·
1437 3221 1583 3282 ὅπως
1603 3219 1674 3272 τὰ
1700 3192 1817 3273 κατ

1977 3235 2053 3273 »δι’
2105 3219 2387 3274 Christum
2427 3219 2722 3274 creationis
2755 3235 2768 3283 ;
2803 3226 2858 3272 et
2904 3219 3179 3288 quomodo
3238 3233 3359 3288 quae
3408 3224 3537 3272 sunt

255 3310 356 3366 τοῦ
413 3309 544 3362 λαοῦ
584 3311 692 3364 τῶν
741 3312 1012 3366 Ἰουδαίων
1055 3315 1168 3376 τοῖς
1227 3312 1440 3366 ἔθνεσιν
1491 3314 1571 3375 εἰς
1621 3311 1815 3382 θεωρία

1977 3320 2146 3365 eontra
2177 3310 2418 3374 Iudaeos,
2451 3310 2707 3380 gentibus
2733 3310 2788 3364 in
2811 3309 3305 3365 considerationem
3334 3321 3537 3381 propo-

257 3402 646 3472 προκείσεται.

622 3442 646 3457 ..
1959 3412 2182 3468 nentur,

350 3491 584 3556 Ἡσαΐας
621 3494 650 3545 ὁ
681 3495 973 3565 προφήτης
1007 3496 1229 3564 ἐγένετο
1263 3497 1364 3566 μὲν
1395 3500 1454 3550 ὲν
1499 3497 1858 3568 Ἰερουσαλὴμ

2028 3497 2194 3550 Isaias
2233 3497 2498 3566 propheta
2539 3504 2702 3550 natus
2731 3502 2815 3548 est
2845 3493 2898 3546 in
2933 3492 3232 3548 Jerusalem
3281 3492 3348 3548 de
3393 3493 3537 3547 tribu

259 3583 331 3633 ἐκ
360 3582 536 3650 φυλῆς
585 3584 774 3650 Ἰούδα,
809 3585 1034 3656 θνήσκει
1077 3587 1134 3639 δὲ
1176 3588 1282 3640 ὑπὸ
1310 3589 1577 3658 Μανασσῆ
1621 3588 1716 3641 τοῦ
1761 3588 1819 3658 βα

1975 3588 2098 3642 Iuda
2121 3597 2401 3652 ;mortuus
2423 3596 2509 3642 est
2528 3596 2714 3642 autem
2738 3595 3004 3657 regnante
3032 3585 3086 3639 in
3101 3585 3239 3640 Juda
3268 3585 3535 3644 Manasse.

257 3672 463 3737 σιλέως
479 3674 652 3728 Ἰούδα
670 3675 878 3747 [πρίονι
903 3677 1514 3750 ξυλίνῳ](16)πρισθεὶς
1535 3679 1613 3740 εἰς
1629 3677 1742 3744 δύο,
1760 3695 1817 3731 κα

1979 3682 2139 3749 ςεεπιι
2189 3679 2394 3748 lignea)
2423 3688 2609 3732 sectus
2643 3677 2697 3731 in
2727 3678 2859 3742 duo,
2885 3686 2940 3731 et
2999 3676 3245 3747 sepultus
3307 3686 3391 3731 est
3438 3678 3539 3732 sub

257 3761 430 3831 ἐτέθη
479 3764 737 3820 ὑποκάτω
784 3765 948 3836 δρυδς
983 3767 1216 3837 Ῥωγὴλ,
1262 3767 1499 3838 ἐχόμενα
1531 3769 1633 3838 τῆς
1661 3767 1817 3821 διαὸἀ

1978 3787 2166 3841 ιυετοιι
2199 3770 2444 3843 Rhogel,
2486 3773 2642 3841 juxta
2704 3769 3134 3840 praeterﬂuentes
3177 3786 3366 3841 aquas,
3401 3785 3538 3842 quas

263 3868 411 3914 σεως
435 3853 544 3906 τῶν
573 3857 806 3924 ὑδάτων,
841 3852 916 3912 ὧν
948 3858 1233 3916 ἀπώλεσεν
1257 3858 1516 3923 Ἐζεκίας
1542 3863 1570 3914 ὁ
1598 3861 1821 3932 βασιλεῦ

1505 3878 1516 3923 ;
1542 3863 1570 3914 ὁ
1598 3861 1854 3932 βασιλεὺς
1961 3863 2198 3933 perdidit
2223 3863 2487 3918 Ezechias
2515 3879 2609 3920 rex
2634 3873 2777 3919 terra
2803 3863 3065 3933 defossas,

262 3943 454 4016 χώσας
483 3950 641 4006 αὑτά.

971 4297 1687 4388 FRAGMENTA
1797 4301 1924 4390 IN
2043 4299 2852 4394 EZECHIELEM.

1474 4489 1921 4560 (VILLALPmnus,
1963 4503 2002 4550 t.
2039 4495 2082 4561 I,
2108 4511 2166 4565 p.
2202 4495 2351 4567 I30.)

349 4814 485 4884 Cap.
520 4812 612 4878 IX,
645 4831 698 4869 v.
731 4814 785 4869 6.
834 4833 852 4867 ι
889 4815 956 4871 Ει
998 4830 1026 4869 a
1055 4816 1372 4870 sanctuario
1406 4832 1528 4872 meo
1555 4817 1800 4890 incipite.
1834 4837 1856 4871 ι
1892 4826 1938 4881 D
1965 4817 2429 4876 Murmurantihus
2476 4818 2655 4870 Aaron
2698 4827 2754 4874 et
2803 4813 2969 4873 Maria
3007 4816 3275 4872 adversus
3317 4816 3544 4883 Mosen,

275 4904 553 4970 Quoniam
592 4905 783 4963 habitu
815 4905 992 4961 solum
1031 4907 1230 4974 sancti,
1260 4924 1372 4962 non
1399 4923 1589 4964 revera
1621 4928 1636 4966 :
1664 4926 1789 4965 nam
1820 4911 1866 4966 si
1965 4911 2057 4966 illa
2087 4911 2312 4980 punitur
2343 4910 2515 4981 lepra,
2559 4909 2650 4963 ille
2704 4909 2977 4964 innocuus
3031 4908 3233 4963 evadit.
3277 4909 3458 4963 Aaron
3491 4919 3549 4968 et

278 4999 606 5054 habuissent
638 4999 853 5070 signum
875 5041 889 5065 ,
925 5015 1036 5054 non
1070 5017 1260 5056 revera
1287 5042 1301 5066 ,
1335 5010 1500 5072 atque
1529 5003 1620 5057 alii
1651 5004 1867 5059 delendi
1967 5001 2180 5075 Moyses
2204 5002 2530 5074 delinquunt
2560 5001 2627 5057 ad
2653 5015 2824 5072 aquas
2850 4999 3320 5065 contradictionis,
3353 4999 3546 5058 conni-

278 5091 553 5155 fuissent,
612 5101 720 5146 etc.
765 5092 976 5147 Novum
1035 5108 1209 5164 genus
1260 5094 1425 5149 audio
1483 5096 1866 5165 providentiae,
1966 5107 2060 5154 vet
2090 5097 2236 5150 Deus
2264 5097 2482 5166 utrique
2513 5094 2683 5150 multo
2711 5102 2984 5164 tempore,
3018 5093 3371 5163 quantumvis
3402 5103 3550 5152 esset

279 5182 516 5238 Domine
566 5184 711 5238 Deus
739 5227 753 5251 ,
804 5185 1070 5241 adversus
1112 5187 1395 5242 ministros
1435 5189 1734 5244 sanctuarii
1767 5189 1866 5244 tui.
1969 5188 2305 5260 indignatus.
2333 5187 2634 5242 Abiatharo
2658 5185 2824 5257 digno
2854 5194 3031 5240 morte
3066 5183 3241 5256 parcit
3267 5184 3550 5246 Salomon,

279 5271 421 5328 Olim
478 5277 626 5330 enim
672 5279 985 5333 errantibus
1041 5280 1374 5336 connivebas
1395 5321 1411 5347 ,
1454 5283 1718 5350 parcebas
1769 5283 1864 5336 de-
1972 5280 2101 5350 quia
2133 5281 2335 5336 tulerat
2355 5294 2535 5334 arcam
2563 5277 2800 5333 Domini.
2827 5279 2896 5330 At
2924 5292 3070 5333 nunc
3091 5276 3193 5331 erit
3218 5277 3352 5330 sicut
3381 5291 3549 5346 popu-

281 5364 699 5436 linquentibus;
732 5383 841 5442 quo
882 5378 975 5424 tuo
1007 5371 1214 5424 nomini
1243 5382 1298 5426 et
1340 5371 1535 5428 honori
1586 5389 1858 5444 parceres.
1972 5373 2073 5438 lus,
2105 5373 2182 5427 sic
2208 5370 2491 5426 sacerdos‘
2519 5371 2541 5424 ?
2568 5371 2676 5425 imo
2702 5383 2830 5424 vero
2862 5369 3001 5428 sicut
3035 5366 3310 5432 sacerdos,
3335 5366 3414 5422 sic
3444 5380 3544 5439 po-

365 5547 383 5578 ⁸
418 5543 526 5601 Isa.
560 5561 706 5612 xxiv,
737 5546 792 5602 2.

1803 5663 2031 5722 NOTAE.

355 5783 479 5856 (I6)
507 5785 709 5850 ΙΙρίονι
735 5783 984 5850 ξυλίνῳ.
1023 5784 1076 5839 Id
1107 5802 1171 5839 ex
1204 5787 1420 5842 Justino
1450 5784 1705 5874 Martyre.

543 5880 820 5942 PATROL.
869 5883 985 5945 (in.
1035 5883 1251 5947 XCIII.
2883 5877 2966 5945 ,Μ
