3950 6408
497 366 628 430 1387
1649 359 2016 423 HESYCHII
2057 358 2528 421 PBESBYTERI
3580 362 3693 429 1388

493 477 675 547 pulus,
712 472 1023 531 interfectis
1069 473 1278 528 sanctis
1326 479 1452 526 ante
1505 472 1844 542 populares?
1876 471 2079 526 Verum
2109 485 2156 540 Α
2187 469 2463 540 supplicio
2495 482 2712 540 quoque
2743 476 2968 524 anteeat
3004 471 3311 540 populares,
3343 481 3400 527 ut
3426 473 3599 543 quibus
3622 493 3693 533 oc-

493 571 575 625 Ias
599 577 706 636 est,
738 585 770 624 ο
805 570 953 638 justc
982 566 1152 637 judex
1179 607 1196 634 ,
1242 581 1368 620 eum
1412 564 1504 636 qui
1548 566 1798 636 exemplo
1852 575 2077 620 caeteros
2187 564 2338 618 casio
2365 561 2470 617 fuit
2496 563 2694 628 ruinae,
2724 561 3036 632 exemplum
3067 563 3139 617 sit
3179 563 3346 618 necis.
3386 561 3585 634 Tempus
3621 582 3697 636 αι,

495 663 807 734 pra-cedere
845 662 1130 717 debuisset
1153 703 1169 725 .
1217 660 1266 716 si
1309 659 1520 716 scelere
1548 659 1790 730 reliquos
1828 658 2078 724 excellat,
2185 659 2264 714 ait
2291 659 2507 724 Petrus,
2534 669 2592 712 ut
2625 657 2845 726 incipiat
2871 655 3132 727 judicium
3159 672 3190 710 a
3215 658 3362 711 domo
3385 656 3476 712 Dei
3495 660 3534 714 '.

567 802 589 833 ²
616 802 635 855 1
658 800 806 857 Petr.
831 819 904 869 Iv,
940 800 1027 856 I7.

1218 1145 2042 1234 FRAGMENTUM
2151 1144 2279 1233 IN
2387 1141 3048 1232 DANIELEM.

1277 1336 1430 1406 (Anc.
1472 1335 1601 1401 MAI,
1628 1335 1887 1404 Scriptor.
1926 1333 2037 1389 Vel.
2060 1333 2304 1399 ϐοηθεῖ..
2333 1346 2370 1392 ι.
2405 1335 2451 1401 1,
2487 1344 2627 1407 part.
2656 1353 2738 1402 ιιι,
2764 1353 2820 1408 p.
2844 1335 2961 1406 54.)

566 1668 700 1740 Cap.
723 1666 789 1734 ll,
809 1685 862 1722 ν.
891 1667 983 1722 55.
1014 1686 1033 1720 ι
1052 1665 1259 1722 Pedum
1280 1665 1526 1737 quaedam
1551 1681 1678 1735 pars
1698 1675 1814 1722 erat
1830 1665 2030 1721 ferrea.
2059 1678 2081 1715 ι

2266 1683 2286 1716 ‹
2327 1664 2390 1718 Οἱ
2429 1665 2589 1730 πόδες
2633 1665 2803 1736 μέρος
2835 1664 2936 1736 μέν
2969 1683 3020 1719 τι
3059 1663 3338 1736 σιδηροῦν.
3368 1683 3387 1719 ι
3423 1664 3602 1733 Πόδας
3641 1664 3715 1739 si}:

495 1759 602 1815 Per
615 1763 768 1831 pedes
785 1761 1076 1831 imperium
1095 1760 1401 1815 Romanum
1419 1756 1692 1829 designat,
1715 1759 1918 1829 quippe
1938 1773 2055 1828 quoi

2189 1755 2302 1808 τῶν
2345 1754 2636 1826 Ῥωμαίων
2667 1755 2948 1826 βασιλείαν
2985 1755 3061 1820 ὡς
3105 1757 3367 1826 ἐσχάτην·
3397 1755 3715 1824 σιδηροῦς-δὲ

498 1851 788 1918 ultimum;
824 1853 1019 1925 ferreos
1047 1867 1181 1908 vero
1219 1860 1406 1924 utpote
1443 1851 1684 1907 validum
1729 1858 1785 1906 et
1837 1852 2058 1906 omnium

2190 1847 2266 1911 ὡς
2314 1848 2546 1919 ἰσχυρὰν
2581 1848 2676 1902 καὶ
2731 1848 3111 1916 ὑποτακτικὴν
3164 1847 3422 1901 ἁπάντων
3459 1845 3715 1916 τυγχάνου-

491 1944 811 2000 dominator
835 1944 1128 2001 exsistens.
2195 1955 2317 1994 σαν.

928 2241 1653 2383 FRAGMENTA
1758 2274 1887 2364 IN
1995 2273 2284 2364 ACTA
2390 2274 3334 2367 APOSTOLOBUM.

567 2656 709 2726 Cap.
741 2653 803 2720 ll,
835 2669 888 2707 ν.
921 2651 1014 2705 27.
1070 2668 1091 2702 ι
1125 2649 1396 2716 Quoniam
1441 2663 1556 2704 non
1584 2647 1934 2718 derelinques
1964 2647 2086 2704 ani-
2117 2657 2127 2716 ι

2264 2671 2283 2704 ι
2323 2653 2449 2707 Ὅτι
2502 2651 2603 2706 οὐκ
2658 2651 3086 2724 ἐγκαταλείψεις
3149 2655 3254 2727 τὴν
3312 2658 3489 2731 ψυχήν
3534 2677 3620 2730 μου
3665 2664 3723 2725 εἰς

504 2762 649 2803 mam
681 2759 861 2800 meam
912 2743 967 2797 in
1024 2741 1260 2797 inferno.
1301 2740 1773 2808 Quemadmodum
1812 2741 2064 2812 justorun

2189 2745 2345 2817 ᾅδην.
2378 2764 2398 2797 ι
2435 2745 2650 2814 Ὥσπερ
2676 2745 2732 2798 αἱ
2761 2744 2934 2815 ψυχαὶ
2977 2746 3087 2801 τῶν
3110 2747 3346 2804 δικαίων
3375 2752 3509 2822 μετὰ
3533 2751 3615 2804 τοῦ
3641 2754 3723 2805 Σω-

501 2840 703 2894 anima:
743 2853 812 2891 ex
857 2833 1212 2889 inferioribus
1241 2833 1379 2887 locis
1408 2847 1534 2887 cum
1566 2832 1847 2888 Salvatore
1894 2848 2058 2888 ascen

2187 2838 2256 2906 τῆ
2269 2855 2361 2907 ρος
2397 2839 2460 2890 ἐκ
2510 2837 2620 2890 τῶν
2651 2837 2806 2892 κάτω
2835 2841 3056 2909 χωρίων
3097 2840 3333 2913 ἐτριψαν
3361 2846 3720 2900 ἀναϐαίνουσαι.

499 2932 727 2986 derunt.

2195 2928 2452 3001 [ΟιιΑιιειι.
2475 2927 2571 2995 IlI,
2607 2927 2725 3000 47.]

575 3022 713 3092 Cap.
749 3020 839 3084 1V,
873 3035 924 3072 ν.
955 3017 1048 3071 27.
1091 3034 1110 3068 ι
1135 3015 1530 3071 Convenerunt
1568 3015 1714 3072 enim
1740 3029 1869 3071 vere
1902 3015 2093 3071 adver-

2267 3040 2286 3073 ‹
2319 3021 2679 3091 Συνήχθησαν
2729 3021 2840 3093 γὰρ
2896 3022 2985 3076 ἐπ’
3031 3023 3298 3094 ἀληθείας
3351 3030 3443 3080 ἐπὶ
3486 3029 3570 3081 τὸν
3604 3029 3723 3093 ἅγιον

501 3130 602 3170 sus
630 3121 879 3168 sanctum
904 3124 1134 3180 puerum
1165 3118 1316 3163 tuum
1346 3107 1589 3163 Jesum.»
1624 3106 1912 3162 Dominum
1935 3121 2061 3162 voca

2193 3115 2361 3168 παῖδά
2392 3131 2486 3167 σου
2532 3113 2764 3183 Ἰησοῦν.
2821 3132 2840 3167 ι
2895 3115 3104 3187 Κύριον
3165 3119 3332 3172 καλεί
3386 3121 3475 3175 τὸν
3506 3123 3721 3192 κΠατέρα.

505 3208 753 3271 Patrem,
775 3204 1060 3260 Christum
1080 3202 1205 3272 jure
1222 3201 1445 3256 Filium.
1473 3201 1688 3256 Insidiae
1712 3200 1860 3254 enim
1880 3200 1938 3253 in
1956 3199 2065 3253 Uni

2193 3206 2428 3273 Χριστὸν
2457 3205 2688 3269 εἰκότως
2720 3205 2814 3260 τὸν
2844 3206 2995 3260 Υἱόνο
3020 3210 3086 3278 τῇ
3119 3207 3234 3277 γὰρ
3266 3209 3406 3264 κατὰ
3430 3210 3517 3263 τοῦ
3541 3212 3727 3276 Mox/07:-

509 3299 757 3371 genitum
788 3295 1112 3350 ceciderunt
1139 3293 1196 3347 in
1228 3290 1446 3346 Patrem
1496 3291 1588 3361 qui
1626 3292 1681 3344 in
1719 3289 1854 3344 Filio
1893 3289 2069 3357 injuri:

2192 3296 2318 3359 νοῦς
2348 3296 2638 3367 ἐπιϐουλῇ,
2667 3294 3130 3368 ὡς’ὐῦριζόμενον
3166 3301 3224 3352 ὲν
3250 3301 3422 3370 αὐτῷ,
3447 3302 3531 3354 τὸν
3553 3300 3723 3372 Πατέρα

509 3389 743 3444 allicitur
773 3428 787 3453 ,
837 3386 964 3455 quia
995 3383 1338 3454 beneplaciio
1367 3381 1543 3436 Patris
1590 3382 1722 3436 fecit
1761 3379 2069 3450 Unigenitu:

2195 3388 2540 3453 συνέπλεξεν·
2573 3390 2872 3460 ἐπειδήπερ
2903 3390 3122 3462 εὐδοκία
3168 3392 3266 3444 τοῦ
3302 3393 3529 3464 Πατρδς.
3569 3392 3666 3445 ὅλον
3684 3391 3723 3443 ri

508 3480 772 3554 quidquid
802 3480 870 3534 de
905 3475 1306 3546 redemptionis
1332 3483 1536 3530 nostrae
1567 3472 1827 3546 mysterio
1855 3472 1984 3544 egit.

2193 3481 2337 3553 ὑπὲρ
2370 3482 2528 3552 ἡμῶν
2561 3482 2861 3553 μυστήριον
2907 3482 2936 3534 ὁ
2968 3481 3294 3556 Μονογενὴς
3338 3485 3581 3556 ἔπραξεν.
3607 3482 3724 3554 [Clu~

2193 3589 2318 3629 IER.
2347 3573 2438 3638 111,
2469 3573 2556 3628 81.

575 3657 715 3726 Cap.
742 3654 856 3720 VII,
891 3671 945 3710 ν.
979 3652 1071 3707 57.
1116 3672 1137 3705 ι
1165 3652 1476 3708 Clamantcs
1514 3667 1664 3708 vero.
1702 3670 1723 3704 ι
1772 3650 1912 3707 Cum
1945 3650 2093 3705 enim

2193 3589 2318 3629 ιιειι.
2348 3578 2438 3638 ιιι,
2469 3578 2602 3651 81.]

2272 3681 2290 3715 ι
2327 3662 2641 3732 Κράζοντες
2679 3659 2734 3714 δὲ
2777 3663 2956 3731 φωνῇ.
3010 3679 3030 3712 ι
3073 3661 3163 3714 Ἐν
3187 3662 3301 3734 γάρ
3358 3664 3469 3726 τοῖς
3507 3660 3725 3722 Ἰουδαίοις

507 3749 715 3806 Iudaeis
761 3747 831 3801 ob
877 3760 1071 3800 eorum
1119 3744 1561 3800 incredulitatem
1609 3743 1916 3815 indigeret,
1967 3757 2067 3797 eun

2195 3754 2363 3809 αὐτὴν
2389 3753 2480 3806 διὰ
2509 3752 2610 3824 τὴν
2632 3752 2860 3807 ἐκείνων
2896 3753 3162 3808 ἀπιστίαν
3185 3755 3486 3825 πενόμενον
3525 3753 3725 3805 πλουτεῖν

511 3841 768 3913 gentibus
803 3837 1086 3892 abundare
1124 3835 1257 3892 fecit
1280 3876 1295 3901 ,
1334 3846 1622 3907 postquam
1659 3851 1692 3890 a
1744 3835 1948 3890 dextris
1978 3834 2071 3890 sui:

2197 3845 2504 3916 πεποίηκεν
2534 3845 2591 3898 ὲν
2623 3846 2735 3906 τοῖς
2788 3843 3021 3910 ἔθνεσιν,
3069 3845 3134 3898 ὲκ
3189 3845 3387 3910 δεξιῶν
3431 3844 3582 3898 αὑτοῦ
3621 3859 3726 3910 παρ-

498 3932 800 3991 collocavit
829 3948 842 3984 :
871 3929 1017 4000 quod
1040 3937 1099 3983 tu
1128 3929 1351 3998 quidem
1386 3928 1642 3997 exiguum
1669 3933 1726 3982 et
1761 3927 1882 3983 leve
1909 3935 2058 3997 putas

2201 3936 2376 4001 ιστὰς,
2420 3937 2558 4005 ὅπερ
2603 3936 2668 3988 σὺ
2712 3935 2811 4004 μὲν
2835 3934 3010 3998 δοκεῖς
3041 3931 3184 3988 εἶναι
3225 3936 3501 3998 ταπεινὸν,
3549 3934 3645 3986 ἐστι
3688 3931 3727 3984 δὲ

496 4042 637 4083 cum
662 4022 926 4080 eximium
966 4021 1125 4076 valde
1167 4019 1273 4086 sit,
1301 4026 1357 4074 et
1395 4019 1463 4074 de
1506 4019 1623 4074 solo
1650 4018 1790 4074 Filio
1833 4028 2056 4088 tanquar

2197 4025 2402 4096 σφόδρα
2440 4024 2664 4094 ὑψηλὸν,
2711 4026 2804 4078 καὶ
2855 4025 2986 4094 περὶ
3029 4026 3193 4094 μόνου
3227 4025 3360 4078 Υῐοῦ
3407 4026 3480 4089 ὡς
3516 4025 3634 4078 Θεοῦ
3662 4022 3727 4074 καὶ

507 4117 656 4182 Deo,
687 4113 865 4167 Patris
906 4111 1124 4181 aequali,
1161 4110 1266 4164 dici
1299 4111 1494 4180 possit.
1537 4109 1691 4165 Sicut
1731 4110 1879 4165 enim
1923 4109 2067 4164 Filiu

2196 4116 2486 4187 ὁμοουσίου
2515 4115 2818 4186 δυνάμενον
2853 4115 3133 4184 λέγεσθαι.
3167 4118 3385 4187 Ὥσπερ
3431 4117 3537 4186 γὰρ
3585 4114 3725 4175 ὁΥΞὺς

506 4223 624 4262 non
659 4205 837 4262 solum
871 4218 902 4256 a
933 4203 1142 4257 dextris
1169 4201 1350 4256 Patris
1388 4201 1562 4266 sedet,
1601 4201 1697 4256 sed
1742 4208 1798 4256 et
1829 4215 1860 4255 a
1889 4200 2063 4256 dextri

2195 4209 2258 4261 οὐ
2301 4207 2461 4277 μόνον
2491 4207 2728 4278 κάθηται
2765 4209 2830 4260 ὲκ
2875 4207 3065 4273 δεξιῶν
3097 4208 3192 4262 τοῦ
3228 4209 3466 4279 Πατρὸς,
3495 4207 3616 4262 ἀλλὰ
3661 4206 3727 4256 καὶ

514 4307 660 4361 stat,
693 4295 1007 4364 Stephanus
1037 4293 1184 4348 enim
1211 4293 1289 4347 ait
1317 4311 1332 4349 :
1375 4291 1496 4347 Vidi
1516 4293 1666 4348 catos
1693 4302 1923 4362 apertos,
1952 4301 2058 4347 etc.

2197 4303 2262 4356 ὲκ
2310 4299 2502 4369 δεξιῶν
2536 4301 2773 4355 ἵσταται.
2828 4301 2971 4371 Φησὶ
3027 4301 3138 4371 γὰρ
3189 4301 3218 4353 ὁ
3273 4301 3562 4370 Στέφανος·
3593 4296 3729 4353 Εἶδον

514 4391 589 4444 ita
623 4396 679 4443 et
712 4387 876 4441 Pater
921 4393 1066 4439 stare
1097 4377 1298 4439 dicitur
1349 4399 1381 4438 a
1432 4384 1640 4439 dextris
1680 4383 1831 4451 Filii,
1879 4395 1940 4439 ut
1971 4384 2074 4438 indi

2198 4391 2338 4458 τοὺς
2383 4392 2682 4460 οὐρανοὺς
2722 4391 3142 4462 ἀνεῳγμένους
3167 4408 3182 4424 ·
3217 4391 3367 4447 οὕτω
3399 4393 3490 4446 καὶ
3512 4393 3553 4443 .ὀ
3585 4389 3729 4454 Πατὴρ

516 4485 794 4538 discamus
849 4477 1095 4533 eamdem
1147 4491 1269 4532 esse
1298 4475 1423 4531 Filii
1451 4485 1508 4532 et
1539 4477 1723 4533 Patris
1752 4477 2072 4550 dignitatem

2200 4483 2456 4538 ἵστασθαι
2485 4484 2561 4555 (1)
2617 4485 2683 4538 ὲκ
2711 4484 2907 4552 δεξιῶν
2956 4483 3182 4553 λέγεται
3220 4484 3318 4537 τοῦ
3355 4484 3504 4548 Υἱοῦ,
3535 4482 3612 4534 ἵνα
3639 4480 3730 4549 μίαν

859 4589 864 4593 ’
2201 4577 2363 4645 ἡμεῖς
2409 4575 2568 4642 ἀξίαν
2621 4575 2753 4629 Υἱοῦ
2811 4576 2909 4630 καὶ
2963 4576 3180 4648 Πατρὸς
3241 4575 3528 4647 μάθωμεν.
3564 4573 3730 4646 [11ὀιι.

2199 4668 2394 4722 Anecd.
2429 4669 2596 4725 Graec.
2623 4678 2662 4722 t.
2703 4667 2788 4733 111,
2811 4685 2866 4739 p.
2893 4669 3040 4740 155.]

576 4764 720 4835 “Cap.
741 4763 890 4827 XIII,
918 4780 971 4819 ν.
999 4765 1092 4820 35.
1139 4785 1160 4818 ‹
1190 4765 1344 4822 Sicut
1374 4775 1429 4822 et
1472 4767 1530 4822 in
1579 4768 1792 4838 psalmo
1831 4767 2100 4838 scriptum

2278 4780 2296 4812 ‹
2325 4761 2409 4825 Ὠς
2440 4761 2537 4815 καὶ
2583 4763 2641 4814 ὲν
2671 4759 2876 4832 ψαλμῷ
2920 4761 3236 4832 γέγραπται
3259 4776 3275 4792 ·
3309 4760 3443 4823 Υἱός
3473 4775 3567 4829 μου
3588 4751 3631 4809 εἶ
3671 4753 3732 4813 σὺ.

514 4866 598 4910 est
626 4873 639 4910 :
675 4856 846 4911 Filius
876 4871 1031 4910 meus
1058 4873 1118 4912 es
1172 4865 1251 4923 tu,
1303 4873 1403 4928 ego
1424 4858 1590 4913 hodie
1617 4859 1779 4929 genui
1806 4868 1878 4913 te.
1911 4878 1930 4910 ι
1977 4858 2074 4912 Hm

2204 4853 2315 4922 ἐγὼ
2363 4854 2604 4924 σήμερον
2663 4852 2976 4924 γεγέννηκά
3034 4869 3114 4906 σε.
3155 4869 3174 4901 ι
3211 4849 3403 4904 Ταῦτα
3424 4853 3485 4921 τῇ
3513 4845 3734 4914 ὲνανθρω-

515 4948 680 5004 verba
713 4949 766 5002 in
798 4949 1229 5004 incarnationem
1281 4949 1490 5005 Christi
1540 4951 1767 5006 omnino
1807 4952 2075 5021 quadram

2205 4949 2369 5014 πήσει
2403 4944 2497 4997 τοῦ
2543 4944 2785 5016 Χριστοῦ
2831 4945 3035 5016 πρέπει
3069 4943 3241 5015 δήπου
3296 4942 3368 4996 τὰ
3400 4943 3628 5013 ῥήματα,
3646 4938 3735 5005 ἥτις

514 5026 636 5112 quae
679 5042 732 5095 in
755 5048 1011 5111 tempore
1038 5057 1096 5097 se
1127 5042 1394 5098 exseruit.
1429 5043 1604 5099 Voces
1652 5045 1798 5098 enim
1854 5045 2006 5099 hodie
2049 5062 2074 5100 e

2203 5036 2463 5107 χρονικὴν
2519 5033 2636 5107 εἶχε
2681 5036 2782 5106 τὴν
2811 5036 3213 5107 ἐπιφοίτησιν.
3245 5034 3332 5089 Τά
3373 5035 3483 5104 γὰρ
3522 5030 3736 5098 σήμερον

515 5149 633 5188 cras
664 5134 783 5188 dies
815 5133 1080 5188 inferunt.
1116 5131 1340 5188 APatre
1369 5133 1512 5188 enim
1541 5143 1669 5188 ante
1699 5144 1936 5206 tempus,
1958 5153 2075 5207 quoi

2206 5131 2299 5183 καὶ
2331 5131 2542 5199 αὔριον
2589 5127 2817 5200 ἡμερῶν
2873 5129 2993 5180 ἐστι
3043 5127 3476 5198 παραστατιγόν.
3517 5120 3736 5207 Ἀχρόνφς

515 5231 572 5278 et
599 5224 989 5280 haereticorum
1023 5223 1121 5279 ﬁlii
1149 5225 1500 5296 proﬁtentur,
1528 5227 1781 5298 gignitur.
1820 5205 1829 5206 ί
1974 5205 1991 5207 _

2205 5222 2313 5293 γὰρ
2360 5222 2511 5292 παρὰ
2565 5221 2658 5274 τοῦ
2715 5219 2930 5292 Πατρδς
2975 5219 3052 5282 ὡς
3102 5219 3198 5271 καὶ
3260 5219 3454 5279 παῖδες
3498 5205 3737 5282 αἱρετικιῖιν

2134 5359 2180 5413 D
2207 5313 2555 5383 ὁμολογοῦσι,
2590 5316 2863 5367 τίκτεται.
2896 5310 3108 5384 [κνοω.
3139 5310 3238 5364 Ioc.
3271 5309 3363 5362 cit.
3400 5303 3556 5413 175.1
3674 5309 3678 5313 ’

591 5401 656 5459 ν.
692 5404 785 5459 55.
832 5424 851 5456 ι
881 5403 1002 5460 Non
1058 5406 1347 5477 permittes
1402 5415 1654 5462 sanctum
1705 5415 1858 5460 tuum
1911 5381 2151 5462 viderel

2175 5381 2180 5403 ’
2244 5381 2252 5383 ἡ
2287 5424 2304 5456 ι
2337 5381 2411 5458 Οὖ
2441 5405 2637 5468 δώσεις
2668 5405 2762 5458 τὸν
2806 5381 2954 5457 ὃσιδν
2991 5421 3085 5456 σου
3140 5401 3267 5454 ἰδεῖν
3300 5392 3603 5463 διαφθοράν.
3638 5407 3653 5439 ι
3694 5381 3735 5434 Ὁ

517 5495 951 5568 corruptionem.
985 5517 1004 5550 ι
1047 5497 1300 5553 Christus
1345 5498 1494 5552 enim
1540 5508 1786 5568 tempore
1829 5495 2077 5566 passioni:

2207 5498 2316 5568 γὰρ
2346 5499 2585 5568 Χριστὸς
2633 5497 2776 5551 κατὰ
2808 5495 2900 5549 τὸν
2944 5494 3137 5562 καιρὸν
3171 5490 3264 5544 τοῦ
3298 5487 3499 5550 πάθους
3539 5484 3621 5536 καὶ
3661 5477 3734 5546 τὴν

511 5699 673 5829 mags)
708 5702 1048 5759 ἰστασθαι.
1079 5701 1336 5760 Fortasse
1370 5703 1596 5775 respicit
1622 5702 1818 5761 Noster
1838 5703 1979 5774 psal.
2017 5717 2064 5759 ει

2172 5705 2241 5774 δ’,
2279 5705 2375 5777 qui
2405 5713 2491 5761 est
2513 5701 2889 5775 propheticus,
2916 5699 2982 5756 ad
3025 5695 3270 5752 Messium
3303 5695 3360 5749 in
3391 5689 3568 5763 primis
3599 5677 3732 5759 perti-
