3950 6408
249 354 388 418 1397

1627 364 2123 437 QUz‘ESTIONES

3393 357 3532 424 1398

257 469 515 532 Ἰάκωϐος
574 471 670 524 καί
712 471 990 544 Ἰωάννης,
1036 476 1141 530 ὑπὸ
1196 476 1438 547 Χριστοῦ
1498 477 1829 548 ἐκλήθησαν.

1955 481 2154 545 Postea,
2182 479 2646 550 quemadmodum
2675 487 2863 533 narrat
2902 477 3102 537 Lucas,
3133 483 3256 544 post
3299 474 3528 543 piscium

247 558 408 628 Εἶτα,
439 561 626 626 καθὼς
668 565 887 629 Λουκᾶς
925 569 1155 640 ίστορεῖ,
1190 571 1328 640 μετὰ
1356 568 1458 639 τὴν
1483 569 1594 623 τῶν
1640 569 1838 640 ίχθύων

245 658 451 725 ἄγραν,
481 654 666 725 ἔργοις
707 657 809 727 τῆς
849 658 1137 728 δυνάμεως
1171 660 1338 714 αὑτοῦ
1370 647 1840 733 πεῖραν,ἐίληφό-

245 763 364 811 τες,
438 751 534 802 καὶ
587 747 853 817 θάμϐους
906 751 1260 821 πλησθέντες,
1315 753 1630 823 ὁλοκλήρως
1687 753 1838 824 αὑτῷ

249 839 651 910 ἠκολούθησαν.
1117 856 1126 873 '

909 935 966 988 Ἀ
975 936 1176 1004 Impia.

321 1024 480 1084 Τίνος
505 1023 672 1093 χάριν
697 1026 725 1077 6
753 1025 1035 1091 Ματθαίος
1063 1031 1156 1082 καὶ
1187 1032 1216 1084 6
1245 1031 1462 1094 Λουκᾶς
1492 1029 1839 1101 ἐνηλλαγμέ-

245 1135 357 1181 νως
391 1119 518 1180 τοὺς
545 1121 891 1188 πειρασμοὺς
920 1123 1358 1194 προσενεχθῆναι
1387 1125 1493 1178 ὑπὸ
1521 1125 1616 1178 τοῦ
1655 1123 1839 1178 διαϐό-

244 1207 342 1260 λου
378 1207 457 1278 τῷ
487 1209 683 1278 Κυρίῳ
713 1209 984 1276 ἐξέθεντο,
1025 1216 1084 1268 έν
1114 1214 1193 1285 τῷ
1224 1217 1507 1288 πτερυγίῳ
1546 1217 1642 1271 καὶ
1667 1217 1728 1269 ὲν
1759 1214 1837 1286 τῷ

243 1299 441 1370 ὑψηλῷ
464 1299 584 1371 δρει
609 1300 687 1372 (6)
715 1301 1006 1374 ἀναχθέντι
1037 1321 1054 1372 ;

931 1399 1145 1465 Λύσις.

317 1489 434 1540 Οὑκ
460 1490 838 1558 ὲναντιολογία
865 1491 1023 1544 τοῦτο
1043 1509 1058 1524 ο
1088 1491 1179 1544 διὰ
1198 1508 1258 1544 τε
1281 1491 1341 1544 τὸ
1371 1494 1430 1544 ὲν
1461 1495 1666 1563 στιγμῇ
1703 1493 1835 1563 χρό-

241 1593 342 1628 νου
379 1578 643 1650 ἑκάτερον
674 1581 1026 1652 γεγενῆσθαι,
1052 1582 1144 1636 διά
1165 1599 1225 1634 τε
1255 1584 1319 1636 τὸ
1341 1583 1837 1653 συμπεπλεγμένον

239 1667 350 1737 τῆς
412 1670 744 1736 κενοδοξίας,
774 1673 1162 1743 ὑπερηφανίας
1206 1691 1266 1726 τε
1301 1675 1397 1728 καὶ
1443 1675 1836 1746 φιλαργυρίας,

239 1761 395 1831 ἅπερ
429 1762 697 1816 ὑπέλαϐεν
722 1765 874 1835 αύτῷ
904 1768 932 1818 6
964 1765 1160 1835 ἐχθρός
1180 1781 1194 1797 ο
1227 1759 1412 1834 ὦνπερ
1443 1766 1504 1819 τό
1533 1782 1593 1818 τε
1626 1764 1834 1836 πτερύο

237 1868 372 1919 γιον
400 1894 413 1918 ,
449 1855 511 1908 τό
537 1872 596 1909 τε
624 1857 830 1928 ὑψηλὸν
863 1858 1013 1929 ὅρος,
1043 1859 1253 1929 ὑπῆρχε
1284 1858 1556 1929 σύμϐολον
1581 1875 1596 1890 ο
1632 1858 1710 1929 τῷ
1738 1858 1840 1930 μὲν

233 1945 448 2011 είπεῖν,
482 1947 640 2002 Βάλε
667 1949 931 2002 σεαυτὸν
971 1948 1151 2012 κάτω,
1187 1952 1267 2014 είς
1317 1950 1628 2015 κενοδοξίαν
1671 1951 1838 2004 αὑτὸν

236 2036 516 2105 ἐρεθίζων
552 2056 564 2068 ·
596 2043 664 2110 τῇ
691 2041 748 2094 δὲ
779 2042 1071 2112 ὑποσχέσει
1107 2043 1206 2114 τῆς
1233 2043 1438 2106 δόσεως
1472 2045 1570 2115 τῆς
1601 2043 1840 2114 δειχθεί-

240 2144 356 2198 σης
387 2129 540 2200 αὑτῷ
566 2131 853 2202 ἀπατηλῆς
885 2133 1067 2202 δόξης,
1098 2134 1180 2196 είς
1213 2133 1584 2206 φιλαργυρίαν
1615 2137 1709 2189 καὶ
1738 2135 1838 2189 τύ-

239 2234 351 2284 φον
386 2221 552 2274 αὑτὸν
604 2223 1074 2294 προτρεπόμενος.
1137 2225 1279 2279 Ἀλλ’
1312 2229 1371 2282 ἐν
1398 2228 1644 2299 ἑκατέρα
1691 2229 1839 2300 πάλῃ

237 2313 661 2382 πτωματισθεὶς
677 2315 1046 2386 ,κατῃσχύνθη
1059 2357 1072 2370 .

923 2407 1191 2475 Ἀπορία.

320 2491 477 2556 Τίνος
524 2493 686 2564 χάριν
748 2497 1232 2568 παρηλλαγμένως
1274 2500 1401 2563 τοὺς
1449 2501 1838 2572 μακαρισμοῖκ

238 2585 534 2649 Ματθαῖός
563 2602 620 2639 τε
650 2588 745 2640 καὶ
775 2590 996 2653 Λουκᾶς
1025 2592 1409 2662 ἀνεγράψαντο
1436 2611 1451 2660 ;

944 2682 1155 2744 Λύσις.

324 2767 445 2820 Ὅτι
496 2766 778 2840 διαφόροις
828 2774 1042 2839 καιροῖς
1081 2772 1407 2844 ἐλέχθησαν.
1440 2775 1504 2826 Οί
1539 2775 1636 2845 μὲν
1666 2778 1723 2828 ὲν
1758 2775 1837 2846 τῷ

234 2858 370 2928 ὃρει
402 2860 710 2928 καθημένου
739 2859 833 2914 τοῦ
859 2863 1094 2932 Κυρίου,
1126 2864 1217 2917 καὶ
1245 2864 1355 2917 τῶν
1389 2865 1648 2936 μαθητῶν
1672 2866 1838 2921 αὑτοῦ

236 2948 656 3018 περιεστώτων,
684 2953 778 3004 καὶ
810 2951 906 3004 τοῦ
940 2951 1130 3006 λοιποῦ
1162 2953 1322 3022 δχλου
1357 2957 1511 3010 κάτω
1542 2957 1840 3025 ἑστηκότος

235 3041 347 3094 καὶ
399 3042 777 3112 ἀκροωμένου.
815 3045 878 3096 Oi
927 3043 982 3096 δὲ
1031 3045 1088 3096 ἐν
1119 3045 1273 3115 τόπῳ
1303 3046 1505 3114 πεδινῷ
1543 3046 1697 3116 παρὰ
1747 3047 1838 3099 τοῦ

240 3132 458 3204 Κυρίου
493 3135 628 3205 πρὸς
657 3136 784 3200 τοὺς
815 3135 1150 3200 ἀποστόλους
1182 3137 1551 3210 ἐξεφώνησαν.

924 3228 1190 3296 Ἀπορία.

319 3318 477 3370 Διατί
522 3319 804 3382 Μαῖθαῖος
837 3320 935 3388 μὲν
973 3321 1114 3390 μετὰ
1155 3323 1284 3383 τοὺς
1321 3324 1717 3393 μακαρισμοὺς
1745 3326 1840 3378 καὶ

235 3407 341 3460 τὸν
369 3409 787 3480 ἑκατόνταρχον,
821 3410 957 3479 φησὶ
985 3411 1076 3464 τὸν
1110 3413 1316 3482 Κύριον
1353 3414 1622 3467 εἰσελθεῖν
1649 3417 1727 3478 είς
1745 3415 1839 3468 τὸν

237 3494 404 3553 οἷκον
455 3499 550 3553 τοῦ
603 3502 838 3572 Πέτρου,
882 3503 978 3555 καὶ
1027 3503 1368 3573 θεραπεῦσαι
1411 3505 1511 3576 τὴν
1569 3505 1840 3578 πενθερὰν

241 3593 465 3646 αὐτοῦ’
491 3597 706 3658 Λουκᾶς
742 3594 798 3648 δὲ
837 3595 1203 3666 προλεχθῆναι
1239 3597 1367 3660 τοὺς
1408 3600 1835 3668 μακαρισμοὺς,

243 3687 386 3755 πρὶν
417 3687 743 3755 προσελθεῖν
771 3687 862 3740 τὸν
889 3688 1284 3759 ἑκατόνταρχον
1302 3729 1318 3753 ,
1346 3690 1482 3758 φησὶ
1510 3690 1602 3742 τὸν
1633 3690 1838 3758 Κύριον

243 3778 510 3832 ἰάσασθαι
534 3779 744 3846 αὑτήν;
775 3780 932 3841 Τίνος
959 3780 1016 3832 δὲ
1051 3783 1212 3850 χάριν
1244 3782 1338 3834 καὶ
1370 3781 1464 3832 τὸν
1498 3781 1836 3850 παράλυτον,

242 3868 531 3930 Ματθαίος
587 3869 685 3938 μὲν
733 3871 813 3931 εἰς
862 3870 964 3941 τὴν
1019 3870 1162 3922 ἰδίαν
1210 3870 1366 3924 πόλιν
1409 3871 1510 3940 τῆς
1553 3871 1836 3943 Ναζαρὲτ,

243 3960 481 4031 Μάρκος
525 3960 583 4014 δὲ
623 3963 718 4014 καὶ
748 3963 964 4024 Λουκᾶς
1002 3963 1082 4026 είς
1132 3963 1533 4033 Καπερναοὺμ,
1582 3964 1840 4038 Ἰωάννης

238 4053 300 4105 δὲ
336 4054 396 4105 ἐν
437 4053 835 4125 Ἱεροσολύμοις
861 4055 1013 4122 λέγει
1043 4055 1136 4109 τὸν
1167 4054 1375 4124 Κύριον
1407 4055 1666 4110 ἰάσασθαι
1692 4073 1707 4121 ;

931 4148 1140 4214 Λύσις.

331 4236 430 4289 Ἐκ
459 4237 664 4292 τούτων
689 4238 969 4292 δείκνυται
1009 4239 1084 4310 μὴ
1115 4239 1277 4308 μόνον
1300 4239 1427 4303 τοὺς
1450 4240 1842 4311 μακαρισμοὺς

237 4329 309 4380 ἐκ
351 4327 606 4400 δευτέρου
647 4329 910 4385 ἐκθέσθαι
962 4331 1053 4385 τὸν
1102 4332 1330 4403 Κύριον,
1361 4330 1498 4385 ἀλλὰ
1543 4331 1841 4402 διαφόρους

320 4507 365 4538 ⁸⁸
397 4506 532 4560 Luc.
563 4523 614 4567 ν,
641 4507 694 4562 9.
774 4508 816 4539 "
842 4507 1032 4563 Matth.
1061 4525 1134 4570 ιν,
1159 4509 1210 4572 -Ι,
1244 4518 1382 4569 etc.;
1419 4506 1552 4562 Luc.
1594 4524 1668 4572 iv,
1701 4507 1751 4572 l,
1803 4516 1912 4563 etc.

239 4577 288 4608 ⁸ο
322 4576 454 4631 Luc.
489 4591 565 4642 tv,
601 4577 689 4632 38.
768 4579 810 4611 "
849 4578 1041 4634 Matth.
1084 4596 1158 4644 ιι,
1191 4579 1239 4632 1.
1317 4579 1362 4610 ³³
1386 4577 1546 4631 Joan.
1590 4595 1643 4644 ν,
1685 4579 1740 4631 2.

1947 580 2253 638 capturam,
2289 585 2416 625 cum
2447 585 2513 625 ex
2543 570 2802 640 operibus
2825 567 3223 638 experientiam
3252 566 3532 634 cepissent

1947 662 2165 716 virtutis
2203 661 2368 726 illius,
2415 677 2478 716 ac
2531 672 2743 732 stupore
2782 661 2973 732 repleti
3024 658 3252 714 fuissent
3302 657 3366 724 η,
3413 673 3532 712 etu-

1947 754 2080 808 nino
2109 754 2280 809 secuti
2312 766 2437 809 sunt
2466 771 2614 809 eum.

2553 942 2841 1018 Difficultas
2871 953 2928 993 ν.

2016 1035 2132 1103 Qua
2158 1037 2225 1092 de
2253 1053 2415 1092 causa
2458 1037 2748 1094 Matthaeus
2775 1048 2830 1094 et
2868 1042 3046 1095 Lucas
3093 1038 3310 1095 diverso
3341 1037 3534 1093 ordine

1947 1133 2278 1186 tentationes
2320 1130 2548 1186 Domino
2576 1148 2671 1202 per
2705 1133 2978 1188 diabolum
3018 1132 3192 1188 illatas
3237 1133 3404 1186 fuisse
3445 1146 3533 1184 re-

1948 1221 2212 1278 tulerunt.
2261 1220 2316 1274 in
2364 1221 2721 1291 pinnaculum
2767 1232 2823 1278 et
2862 1223 2916 1277 in
2961 1223 3238 1280 excelsum
3286 1231 3530 1277 montem

1945 1313 2183 1368 adducto
2211 1314 2252 1345 "
2276 1313 2300 1366 ?

2635 1407 2840 1463 Salutio
2855 1449 2870 1465 .

2013 1495 2132 1552 Non
2178 1497 2284 1553 hoc
2327 1507 2413 1554 est
2455 1501 2851 1564 contradictio,
2907 1507 3021 1553 tum
3070 1499 3195 1569 quia
3237 1509 3532 1566 utrumque

1943 1598 2223 1645 momento
2261 1591 2522 1661 temporis
2567 1592 2822 1662 contigit;
2866 1600 2980 1645 tum
3015 1591 3086 1645 ob
3128 1588 3530 1645 connexionem

1943 1681 2122 1738 inanis
2155 1684 2362 1755 gloriae,
2411 1685 2683 1755 superbiae
2711 1694 2765 1739 et
2790 1681 3056 1748 avaritias,
3097 1699 3218 1752 qua:
3268 1680 3396 1734 vitia
3429 1680 3532 1749 ipsi

1944 1776 2213 1846 suggessit
2243 1775 2524 1841 inimicus,
2555 1792 2902 1846 quorumque
2935 1775 3240 1847 symbolum
3265 1781 3383 1826 erat
3415 1773 3536 1842 pin-

1857 1847 1912 1930 ,Β
1944 1867 2198 1922 naculum
2227 1877 2284 1922 et
2319 1883 2477 1922 mons
2509 1869 2795 1934 excelsus;
2825 1867 3082 1930 dicendo,
3122 1865 3272 1919 Mitte
3304 1873 3354 1918 te
3381 1865 3536 1917 deor-

1937 1976 2074 2025 sum,
2111 1960 2179 2014 ad
2214 1975 2408 2015 vanam
2439 1961 2670 2032 gloriam
2710 1975 2837 2015 eum
2878 1959 3134 2020 incitans,
3172 1955 3536 2028 promissione

1937 2059 2122 2104 autem
2144 2049 2277 2104 doni
2305 2058 2540 2104 ostensa;
2571 2049 2650 2104 illi
2684 2048 2892 2103 fallacis
2921 2047 3129 2118 gloriae,
3163 2045 3216 2099 in
3247 2043 3532 2099 avaritiam

1939 2151 1994 2196 et
2040 2141 2241 2196 fastum
2282 2143 2576 2197 inducens.
2607 2143 2810 2197 Verum
2847 2141 2904 2195 in
2949 2149 3179 2210 utraque
3211 2139 3357 2192 lucta
3384 2136 3538 2207 deje-

1938 2241 2060 2288 ctus
2091 2233 2386 2305 ignominia
2420 2233 2653 2289 allectus
2680 2240 2784 2289 est.

2508 2405 2800 2474 Diﬂlcnltas
2847 2419 2898 2460 νι
2911 2445 2923 2458 .

2007 2495 2186 2562 Quare
2215 2504 2524 2566 permutato
2549 2497 2742 2551 ordine
2771 2497 3138 2553 beatitudines
3161 2495 3449 2553 Mattbaeus
3474 2502 3531 2551 et

1941 2585 2115 2641 Lucas
2136 2585 2569 2656 conscripserint
2601 2587 2669 2641 ¹⁸.

2625 2677 2856 2734 Salutio.

2011 2766 2149 2832 Quia
2182 2767 2345 2821 variis
2383 2767 2726 2836 temporibus
2767 2768 2929 2824 dictae
2983 2768 3227 2824 fuerunt.
3261 2765 3366 2822 Illae
3410 2767 3527 2837 qui-

1941 2860 2065 2914 dem
2094 2859 2352 2923 Memmi,
2387 2875 2512 2914 cum
2545 2861 2806 2919 Dominus
2833 2862 3067 2916 sedisset
3096 2862 3150 2915 in
3181 2868 3390 2923 monte,
3421 2859 3528 2912 dis-

1941 2953 2218 3022 cipulique
2241 2953 2362 3022 ejus
2391 2953 2846 3019 circumstarent,
2880 2964 2936 3010 et
2968 2954 3174 3024 reliqua
3211 2953 3369 3007 turba
3394 2951 3532 3006 infra

1943 3054 2110 3098 staret
2138 3055 2302 3114 atque
2332 3043 2566 3098 audiret.
2601 3047 2696 3098 lla:
2723 3060 2851 3099 vero
2885 3044 3067 3109 Lucae,
3097 3044 3150 3098 in
3181 3043 3299 3097 loco
3324 3058 3536 3112 campe-

1947 3137 2046 3191 stri
2072 3134 2438 3206 pronuntiata:
2466 3143 2595 3188 sunt
2619 3151 2651 3190 a
2691 3135 2924 3191 Domino
2961 3136 3028 3191 ad
3070 3134 3372 3206 apostolos.

2529 3226 2825 3295 Diﬁicultas
2859 3243 2958 3280 vu.

2019 3318 2130 3372 Cur
2185 3318 2471 3376 Matthqu
2548 3319 2770 3389 quidem
2851 3326 2976 3389 post
3031 3313 3403 3391 beatitudincs
3480 3321 3537 3368 et

1946 3410 2350 3475 centurionem,
2412 3409 2489 3464 ait
2547 3409 2842 3464 Dominum
2903 3409 3144 3463 intrasse
3194 3407 3251 3461 in
3307 3406 3534 3460 domum
3579 3432 3583 3436 -

1945 3498 2116 3566 Petri,
2150 3510 2205 3555 et
2231 3517 2454 3558 curasse
2481 3518 2698 3557 socrum
2729 3502 2850 3571 ejus
2876 3502 2960 3568 ¹⁹;
2992 3501 3165 3555 Lucas
3187 3513 3341 3560 vero,
3373 3507 3534 3553 antc-

1937 3608 2100 3663 quam
2136 3593 2506 3648 beatitudines
2552 3595 2778 3664 prolata:
2810 3592 3066 3660 fuissent,
3101 3601 3396 3663 antequam
3437 3608 3533 3647 ac-

1937 3685 2194 3739 cessisset
2230 3686 2504 3752 centurio,
2536 3686 2674 3741 dicit
2698 3684 2994 3742 Dominum
3023 3700 3145 3740 eam
3181 3699 3408 3740 sanasse
3445 3685 3534 3741 ὀἳ

1937 3773 2118 3840 Quare
2147 3776 2312 3830 etiam
2331 3776 2684 3847 paralyticum
2702 3794 2734 3831 a
2754 3779 2985 3833 Domino
3014 3785 3264 3833 sanatum
3298 3775 3529 3831 fuisse"

1937 3867 2069 3921 dicit
2099 3867 2387 3924 Matthmus
2428 3869 2483 3923 in
2515 3885 2614 3924 sua
2649 3871 2870 3925 civitate
2891 3870 3182 3932 Nazareth,
3221 3867 3436 3924 Marcus
3478 3875 3535 3922 et

1939 3959 2116 4016 Lucas
2144 3961 2200 4017 in
2230 3960 2597 4033 Capernaum,
2621 3962 2862 4019 Joannes
2885 3962 3276 4034 Hierosolymis
3302 3962 3392 4015 "1'

2629 4053 2856 4109 Salutio.

2006 4146 2087 4202 Ex
2117 4146 2205 4202 his
2231 4154 2379 4216 patet
2409 4162 2520 4201 non
2559 4147 2724 4202 modo
2757 4147 3046 4202 Dominum
3087 4147 3172 4202 bis
3237 4144 3532 4217 protulisse

1939 4240 2326 4307 beatitudines,
2362 4240 2457 4296 sed
2487 4249 2543 4295 et
2587 4240 2821 4296 diversis
2857 4240 3089 4312 leprosis
3128 4256 3192 4296 ac
3223 4237 3534 4311 paralyticis

1939 4333 2231 4388 sanitatem
2281 4332 2601 4388 contulisse.
2666 4331 2948 4402 Siquidem
3004 4333 3124 4388 illas
3182 4331 3330 4404 apud
3394 4329 3536 4385 Mat-

2015 4507 2059 4538 “
2101 4506 2296 4563 Matth.
2330 4524 2382 4574 v,
2420 4509 2481 4577 5;
2516 4508 2648 4564 Luc.
2681 4525 2755 4576 τι,
2779 4507 2871 4565 20.
2979 4509 3020 4541 ⁸³
3056 4490 3248 4564 Matth.
3279 4524 3400 4576 vm,
3440 4508 3530 4568 14.

1777 4738 2012 4795 NOTAE.

324 4894 398 4966 (θ)
419 4894 526 4951 Ἔν
550 4897 629 4974 τῷ
660 4899 880 4974 ὑψηλῷ
902 4902 1046 4970 ὄρει.
1083 4898 1301 4974 Petrum
1322 4903 1634 4974 Possinum,
1657 4905 1831 4960 homi-

1955 4901 2190 4956 :xamin0
2214 4918 2226 4953 :
2262 4898 2428 4974 ανέὸη
2455 4901 2482 4951 6
2514 4897 2723 4974 Ἰησούς
2740 4898 2820 4960 εἰς
2927 4899 3093 4974 ίεριὲι.
3112 4897 3537 4974 Οὑδαμρῦᾲεὺρί.

236 4983 372 5020 nem
435 4983 542 5020 non
582 4969 884 5037 indoctum,
932 4969 1213 5026 immerito
1257 4969 1630 5031 turbaverunt
1667 4976 1831 5030 verba

238 5041 470 5107 Catena;
506 5037 560 5091 in
592 5039 857 5106 Marcum,
885 5042 1030 5099 circa
1065 5044 1427 5100 tentationem
1462 5045 1829 5107 Dominicam,

241 5123 373 5180 non
398 5106 547 5180 adeo,
580 5125 712 5164 sane
756 5113 990 5166 obscura
1021 5130 1034 5167 :
1063 5111 1164 5164 Διὰ
1224 5113 1384 5169 τοῦτο
1427 5116 1485 5169 δὲ
1521 5117 1598 5180 ὡς
1649 5117 1742 5169 ἐπὶ
1774 5106 1838 5166 τδ

242 5177 504 5256 πλεῖστον
529 5179 813 5256 ᾁναϐαίνει
837 5199 850 5212 ·
905 5183 990 5235 ἵνα
1029 5185 1103 5256 τῇΔ
1125 5184 1333 5256 ἐρημίᾳ
1360 5185 1456 5239 τοῦ
1490 5177 1659 5240 τόπου
1699 5185 1836 5256 0αρ-

244 5249 427 5327 ξῄδες
457 5286 474 5308 ,
529 5249 867 5327 θρασύτερον
923 5249 1245 5327 rit-90666129"
1275 5249 1426 5327 αύτῷ
1483 5259 1511 5309 6
1570 5249 1838 5327 διάϐολος.

243 5315 590 5392 Efwosan‘P
642 5315 1051 5392 μεμόνωμένὸις
1102 5315 1234 5392 ἡμῖν
1271 5315 1424 5380 οὖσιν
1459 5327 1545 5380 ἀεὶ
1599 5315 1844 5379 ἐπιτίθε-

246 5387 398 5441 σθαι.
433 5387 682 5464 [locem
713 5387 999 5456 Propterea
1031 5387 1154 5448 verti
1177 5403 1229 5446 ut
1248 5395 1536 5464 plurimum
1559 5397 1793 5451 ascendit
1819 5412 1836 5457 ;

244 5475 371 5533 seu,
429 5459 682 5533 Christus
744 5465 1064 5533 plerumque
1104 5464 1158 5517 in
1223 5459 1466 5520 montem
1521 5467 1838 5522 ascendisse

249 5528 491 5608 refertur
529 5531 598 5585 ab
639 5528 990 5608 e_\'angelistis
1034 5535 1156 5608 :_Ut
1199 5534 1297 5590 loci
1334 5537 1622 5591 solitudine
1673 5539 1838 5608 fretus

245 5599 518 5676 diabolus,
570 5599 828 5658 audacius
888 5621 1003 5676 cum
1052 5605 1165 5674 ipso
1222 5609 1643 5676 congrederetur.
1673 5599 1837 5660 'Solet

247 5670 392 5722 enim
432 5673 494 5748 in
532 5688 621 5724 nos
655 5690 865 5748 semper
899 5670 1102 5748 irruere
1127 5717 1140 5740 ,
1174 5693 1293 5730 cum
1320 5670 1386 5731 ab
1428 5679 1549 5732 aliis
1579 5677 1839 5748 segregati

248 5739 461 5813 nc__soli
504 5759 706 5797 sumus.
742 5739 940 5813 Accipe
995 5746 1171 5799 locum
1206 5749 1499 5802 notabilem
1549 5739 1686 5802 orat.
1717 5739 1842 5805 “7.

1939 4989 2091 5033 σκεις
2122 4965 2994 5039 καταϐαίνοντα,’λλνέϐαινενἁπδ
3026 4965 3234 5039 Ἰεριχῲ
3266 4965 3346 5029 είς
3372 4965 3537 5037 Ἰερο-

1941 5043 2176 5109 σόλυμα,
2197 5039 2368 5108 ἀνέϐη
2402 5040 2482 5110 είς
2510 5038 2572 5090 τὸ
2603 5037 2749 5110 ὅρος.
2772 5039 2952 5110 "Quen
2982 5036 3536 5110 γὰρ’Θεδςηὲκεῖ-κιῂ

1940 5100 2226 5174 ἀνάϐασις.
2259 5100 2544 5180 Μακαριος
2577 5100 2739 5180 ἀνὴρ,
2774 5100 2837 5180 οὗ
2873 5100 3022 5162 ἐστιν
3061 5100 3357 5176 ἆντίληψις
3381 5107 3536 5180 αὑτῷ

1944 5183 2096 5251 παρὰ
2130 5181 2224 5234 σοῦ
2251 5223 2266 5245 ,
2320 5176 2492 5249 Κύριε
2514 5219 2540 5251 ,ί
2567 5181 2623 5232 αί
2657 5176 2954 5251 ἀναβάσεις
2988 5196 3082 5231 σου
3127 5181 3185 5230 ιν
3219 5179 3286 5251 τῇ
3333 5176 3535 5251 καρδία

1945 5247 2132 5307 αὑτοῦ.
2178 5253 2355 5305 Ὅπου
2389 5247 2591 5320 ἁρετὴ,
2653 5249 2943 5320 ἀνάϐασις,
2972 5251 3115 5320 ίόπου
3143 5249 3334 5310 κακία,
3365 5247 3535 5320 κατά-

1947 5322 2126 5385 ϐασις.
2159 5320 2366 5374 .Ῥῦσαί
2418 5317 2486 5389 με
2515 5320 2624 5372 ἀπὸ
2659 5319 2769 5371 τῶν
2810 5319 3250 5373 καταϐαινόντων
3278 5321 3358 5381 είς
3401 5317 3536 5372 λάκ·

1946 5410 2061 5446 κον.
2115 5392 2173 5446 ld
2227 5401 2332 5450 est,
2374 5390 2619 5444 Ascendit
2669 5389 2820 5443 Jesus
2851 5391 2904 5442 in
2943 5391 3214 5458 templum.
3254 5391 3536 5456 Nusquam

1945 5463 2174 5516 invenies
2199 5461 2350 5514 illum
2378 5462 2702 5514 descendere.
2733 5460 2974 5516 Ascendit
2993 5479 3026 5514 ο
3051 5460 3254 5513 Jericlm
3287 5458 3536 5512 Hieroso-

1946 5534 2166 5604 lymam.
2215 5531 2460 5604 Ascendit
2493 5532 2551 5604 in
2592 5540 2841 5604 montem.
2881 5531 3147 5604 Ubihenim
3177 5529 3450 5604 θείαικὶὸὶ
3481 5533 3534 5604 et

1947 5598 2202 5656 (iscensio.
2235 5601 2432 5654 Beatus
2452 5603 2532 5655 vir
2555 5602 2707 5670 cujus
2740 5611 2814 5654 est
2837 5601 3098 5653 auxilium
3129 5601 3222 5654 abs
3251 5612 3318 5659 te,
3351 5598 3534 5651 Domi-

1951 5689 2049 5735 ne;
2071 5673 2398 5725 escensiones
2428 5683 2531 5726 tua’
2555 5674 2612 5723 in
2632 5674 2785 5724 corde
2813 5672 2994 5735 ipsius.
3023 5673 3115 5727 Ubi
3145 5672 3324 5730 virtus.
3353 5683 3535 5721 ascen-

1954 5745 2071 5805 sio;
2112 5743 2196 5795 ubi
2224 5742 2404 5796 vitiant
2427 5783 2440 5809 ,
2482 5743 2778 5797 descensus.
2817 5737 2978 5811 Eripe
3006 5759 3084 5795 me
3107 5761 3139 5794 a
3173 5737 3534 5794 (lesccridenti-

251 5807 752 5884 t.V.Chrysostomi
783 5807 1036 5873 Saxriliani
1063 5832 1114 5885 p.
1135 5817 1258 5885 75?},
1278 5829 1539 5885 extrema,
1565 5835 1726 5889 quem
1747 5832 1856 5873 non
1957 5815 2049 5868 bus
2076 5815 2128 5867 iu
2154 5813 2348 5866 lacum.
