3934 6398
215 356 345 421 1409

1565 344 2089 414 QUIEST‘IONES.

3328 341 3466 405 1410

211 467 383 517 Ὅταν
405 453 588 523 λαλῇ,
615 452 683 508 τὸ
722 452 954 523 ψεῦδος
976 452 1047 506 ἐκ
1069 451 1188 507 τῶν
1222 453 1389 507 totum
1416 452 1615 507 ,λαλεῒο
1649 453 1779 508 ’ὅτι

1905 458 2092 511 iacium
2122 472 2186 511 ex
2212 456 2441 527 propriis
2459 457 2727 528 loquitur;
2754 458 2879 528 quia
2920 458 3144 512 mendas:
3168 468 3264 523 est,
3289 468 3338 513 et
3367 477 3468 529 pa—

209 558 468 630 ιειεύστης
493 550 687 617 ἐστὶν,
716 552 815 604 καὶ
841 552 874 604 ό
898 549 1097 617 πατὴρ
1123 548 1337 604 αὐτοῦ.

891 642 1108 707 Λύσις.

274 735 524 794 Διάόολον
551 734 810 800 ἐνταῦθα,
835 735 870 805 ἦ
914 734 1004 787 τὸν
1035 732 1452 804 Ἀντίχριστονά
1472 731 1624 787 λαλεῖ
1646 730 1780 804 (16),

1883 556 1962 600 ter
1989 546 2104 615 ejus
2133 546 2197 600 “.

2564 632 2792 695 Salutio.

1951 730 2067 788 Hoc
2089 731 2208 788 loco
2250 731 2527 788 diabolum
2589 742 2765 799 vocat,
2802 734 2887 788 vel
2934 734 3354 800 Antichristum,
3405 736 3472 804 fi-

210 831 310 887 τὸν
340 828 472 883 υἱὸν
508 826 622 896 τῆς
661 827 969 893 ἀπωλείας
1020 825 1166 880 κατὰ
1216 825 1454 891 Παῦλον,
1501 825 1559 888 ὃς
1601 824 1677 878 ὅτ’
1717 824 1782 877 ἂν

1905 828 2014 882 ium
2045 828 2351 898 perditionis
2381 827 2449 894 “,
2480 843 2545 882 ex
2579 826 2781 894 Paulo;
2805 829 2897 899 qui
2945 831 3292 886 mendacium
3343 841 3470 887 cum

211 924 335 993 λέγῃ
353 921 413 974 τὸ
444 919 663 990 ψεῦδος,
691 918 1000 973 διαϐάλλων
1031 918 1122 973 τὸν
1155 918 1393 989 Χριστὸν
1416 918 1494 981 ὡς
1515 917 1787 982 άντίθεον,“

215 1016 302 1070 καὶ
337 1011 525 1068 ἑαυτὸν
574 1010 843 1065 συνιστῶν
881 1010 956 1074 ὡς
988 1009 1122 1063 Θεὸν
1146 1048 1163 1075 ,
1198 1011 1265 1064 ὲκ
1295 1009 1403 1063 τῶν
1436 1009 1582 1062 ἰδίων
1611 1008 1783 1076 λαλεῖ,

213 1105 440 1176 ψεύστης
478 1100 575 1167 ὢν,
606 1102 867 1172 καθάπερ
903 1105 931 1156 ὁ
958 1103 1146 1173 πατὴρ
1179 1101 1352 1157 αὑτοῦ
1392 1102 1421 1154 6
1451 1102 1720 1164 Σατανᾶςυ
1752 1100 1785 1172 ἢ

214 1197 298 1249 τὸν
326 1195 487 1259 Κάῖν,
502 1189 563 1247 οὗ
585 1192 755 1248 τέκνα
774 1193 1002 1259 δικαίως
1020 1195 1149 1258 τοὺς
1182 1193 1471 1258 Ἰουδαίους
1500 1192 1785 1257 ἐκάλεσεν,

214 1288 518 1360 εἰρηκότας,
547 1286 702 1350 υἱοὺς
733 1283 875 1341 εἶναι
903 1284 1001 1339 τοῦ
1039 1285 1317 1357 Ἀδραάμ·
1343 1285 1433 1340 διά
1456 1285 1518 1339 τὸ
1542 1285 1790 1356 μιμητάς

215 1377 539 1450 γεγενῆσθαι
567 1377 678 1432 τῶν
706 1376 805 1432 τοῦ
837 1378 980 1432 Κάῖν
1009 1378 1231 1449 τρόπων
1251 1418 1268 1444 ,
1308 1376 1403 1431 τοῦ
1437 1376 1789 1449 ψευσαμένου

217 1467 311 1539 μὲν
334 1466 425 1520 τὸν
454 1465 611 1532 Θεὸν,
639 1467 700 1521 ἐν
714 1465 794 1537 τῷ
811 1469 986 1521 εἰπεῖν
1001 1483 1016 1497 ’
1045 1465 1145 1535 Μὴ
1165 1466 1372 1537 φύλαξ
1389 1467 1496 1522 τοῦ
1517 1466 1791 1537 ἀδελφοῦ

209 1574 320 1626 μου
332 1574 351 1622 ;
370 1554 593 1628 πρώτου
613 1556 671 1610 δὲ
693 1556 890 1627 φθόνον
920 1557 1016 1612 καὶ
1035 1557 1196 1627 φόνον
1217 1559 1473 1623 τεκόντος
1495 1560 1551 1612 ὲν
1580 1558 1795 1631 ἀνθρὼ-

215 1666 332 1714 ποις
369 1647 513 1722 (17),
545 1649 799 1723 καθάπερ
832 1649 928 1704 καὶ
972 1650 1002 1703 6
1033 1649 1197 1703 τούτο
1231 1650 1417 1721 πατὴρ
1462 1652 1491 1704 6
1520 1650 1792 1715 Σατανᾶς.

871 1741 1130 1809 Ἁπορία.

1884 920 2102 986 dixerit,
2126 921 2465 976 calumnians
2490 920 2770 977 Christum
2802 932 2864 977 ut
2893 920 3005 978 Deo
3066 925 3380 990 adversum,
3417 934 3476 980 et

1887 1011 2235 1081 semetipsum
2261 1012 2657 1068 commendans
2674 1013 2831 1082 quasi
2858 1014 3126 1079 Deum,ex
3152 1016 3388 1085 propriis
3403 1017 3478 1071 Ιο⁴

1888 1101 2095 1169 quitur,
2147 1109 2332 1170 utpote
2362 1101 2620 1167 mendax,
2649 1103 2793 1157 sicut
2841 1111 2995 1172 pater
3026 1103 3145 1172 eius
3205 1102 3474 1173 Satanas;

1888 1191 1977 1246 vel
2003 1190 2255 1257 Cainum,
2285 1192 2452 1275 cuius
2475 1193 2614 1249 ﬁlios
2632 1194 2756 1263 jure
2787 1194 2982 1249 merito
3003 1194 3222 1251 Judaaos
3285 1197 3478 1267 appel-

1889 1282 2043 1348 lavit,
2089 1298 2214 1338 cum
2252 1282 2520 1343 dixissent
2569 1300 2629 1339 se
2683 1301 2806 1341 esse
2836 1287 2974 1341 ﬁlios
3003 1287 3277 1354 Abrahae;
3329 1290 3479 1359 quod

1890 1386 2076 1428 mores
2094 1371 2253 1429 Caiui
2290 1372 2657 1439 imitarentur,
2705 1375 2799 1444 qui
2828 1376 2900 1430 ad
2929 1376 3096 1431 Deum
3143 1378 3480 1433 mendaciter

1892 1463 2070 1521 dixit:
2104 1463 2249 1519 Num
2289 1473 2463 1518 custos
2500 1466 2685 1536 {rati-is
2732 1467 2836 1521 mei
2862 1484 2978 1520 sum
3008 1470 3053 1500 "
3074 1469 3097 1521 ?
3119 1469 3325 1540 quique
3364 1470 3480 1540 pri-

1892 1571 2017 1614 mus
2043 1556 2186 1614 inter
2214 1556 2466 1614 homines
2516 1556 2778 1612 invidiam
2814 1567 2871 1612 et
2904 1560 3261 1614 homicidium
3290 1561 3479 1628 edidit,

1892 1648 2350 1717 quemadmodum
2376 1658 2430 1703 et
2460 1649 2632 1719 ipsius
2665 1660 2819 1719 pater
2841 1648 3092 1707 Satanas.

2489 1738 2784 1809 Dinicultas
2806 1757 2896 1796 xx.

178 1886 181 1893 ,
274 1831 424 1885 Διατί
459 1832 687 1896 Λουκᾶς
722 1832 883 1902 φησὶ,
930 1834 1045 1896 τοῖς
1094 1831 1476 1904 ἑϐδομήκοντα
1510 1834 1791 1905 εἰρηκέναι

1969 1830 2147 1897 Quare
2174 1831 2350 1886 Lucas
2376 1832 2476 1898 ait,
2513 1833 2858 1905 septuaginta
2892 1833 3000 1888 illis
3043 1833 3247 1889 dixisse
3295 1833 3486 1890 Domi-

212 1924 296 1977 τδν
328 1922 557 1994 Κύριον*
593 1922 748 1978 Ἰδοὺ
783 1922 898 1993 ἐγὼ
933 1924 1299 1979 ἀποστέλλω
1324 1922 1482 1995 ὑμᾶς
1527 1926 1607 1992 ὠς
1642 1926 1790 1994 πρό-

216 2017 353 2069 ϐατα
385 2015 454 2067 ἐν
497 2013 674 2083 μέσῳ
716 2016 944 2081 λύκων,
979 2016 1074 2069 καὶ
1110 2016 1179 2071 τά
1213 2018 1361 2088 ἑξῆς·
1406 2016 1687 2080 Ματθαῖος
1735 2015 1792 2070 δὲ

216 2111 319 2172 τοῖς
348 2105 598 2173 δώδεκα;
635 2107 748 2160 Καὶ
786 2106 933 2171 τίνος
959 2109 1120 2180 χάριν
1169 2110 1198 2162 6
1231 2108 1449 2171 Λουκᾶς
1487 2107 1598 2162 τῶν
1647 2106 1795 2161 ἐϐδο-

219 2202 457 2272 μήκοντα
490 2201 773 2272 μέμνηται
804 2201 1007 2272 μόνους

892 2294 1109 2361 Λύσις.

283 2380 401 2436 Ὀτι
450 2382 723 2448 πολλάκις
764 2383 863 2456 τὴν
897 2383 1069 2455 αὐτὴν
1117 2383 1473 2439 διδασκαλίαν
1515 2383 1732 2452 ἐξέθετο
1769 2386 1799 2438 6

219 2474 432 2546 Κύριος,
476 2476 541 2528 οὐ
572 2475 750 2544 λόγων
781 2475 1029 2547 ἀπορῶν,
1060 2476 1196 2532 ἀλλὰ
1224 2478 1355 2542 τοὺς
1395 2476 1674 2549 ἀκροατὰς
1705 2476 1797 2548 βε-

217 2566 399 2621 6αιῶν.
440 2565 612 2620 Ὅθεν
652 2568 888 2633 καὶτοῖς
928 2568 996 2639 ιβ’
1037 2569 1131 2623 καὶ
1180 2568 1297 2634 τοῖς
1347 2567 1389 2623 o'
1428 2571 1487 2623 ὲν
1515 2569 1797 2640 διαφόροις

220 2661 422 2729 καιροῖς
452 2658 525 2712 τά
551 2659 694 2714 αὐτὰ
720 2659 961 2724 ἐξέθετο.

830 2765 839 2770 ·
860 2751 1127 2823 Ἀπορία.

281 2843 431 2908 Τίνος
460 2845 624 2916 χάριν
656 2846 821 2916 φησὶν
855 2848 884 2899 ὁ
919 2846 1128 2918 Κύριος
1163 2846 1299 2918 πρὸς
1334 2848 1676 2918 Νικόδημον,
1717 2847 1799 2900 ὅτι

223 2936 420 3003 Οὐδεὶς
451 2938 827 3006 ἀναϐέϐηκεν
853 2941 944 3006 εἰς
980 2941 1089 2994 τὸν
1130 2940 1412 3007 οὐρανὸν,
1445 2942 1496 2994 sl
1530 2938 1618 3008 μὴ
1659 2942 1691 2993 ό
1730 2938 1799 2991 ἐκ
1844 2953 1851 2962 ·

219 3027 319 3082 τοῦ
348 3029 612 3096 οὐρανοῦ
640 3032 924 3097 καταϐὰς,
951 3034 984 3085 ό
1004 3031 1138 3097 Υἱὸς
1159 3031 1267 3085 τοῦ
1301 3030 1620 3099 ἀνθρώπου
1652 3031 1684 3083 ὁ
1715 3028 1802 3093 ὢν

216 3121 286 3174 ἐν
316 3121 393 3187 τῷ
431 3121 713 3190 οὐρανῷς
746 3122 810 3176 Ei
857 3123 956 3193 μὲν
989 3122 1100 3196 γὰρ
1135 3122 1265 3176 Υίδν
1307 3122 1599 3193 ἀνθρώπου
1626 3136 1792 3191 προσ-

220 3212 334 3281 ήκει
365 3213 610 3266 νοεῖσθαι
643 3213 742 3284 τὴν
783 3213 1212 3285 ἀνθρωπότητα,
1263 3211 1405 3284 αὕτη
1456 3211 1516 3277 ἐξ
1558 3209 1796 3282 οὐρανοῦ

219 3303 274 3356 οὐ
302 3305 529 3376 κατέϐηο
570 3306 619 3358 εἰ
670 3304 728 3358 δὲ
776 3304 900 3358 ὅλον
934 3304 1026 3358 τὸν
1062 3304 1425 3375 σαρκωθέντα
1453 3304 1637 3373 λόγον,
1681 3303 1800 3368 πῶς

221 3396 377 3466 μήπω
424 3395 769 3466 ἀναληφθεὶς
817 3395 1201 3468 ἀναληφθῆναι
1229 3395 1312 3458 είς
1357 3393 1627 3467 οὐρανοὺς
1681 3393 1803 3447 ἐλέ-

219 3500 338 3552 γετο
355 3502 370 3553 ;

901 3577 1116 3644 Λύσις.

279 3671 380 3726 Τὸν
419 3670 743 3742 Νικόδημον
802 3671 868 3725 ὲκ
908 3672 1008 3743 τῆς
1056 3668 1362 3741 Ἰουδαϊκῆς
1407 3668 1803 3739 ταπεινότητος

212 3767 285 3831 ei;
313 3768 373 3822 τὸ
392 3768 503 3822 τῶν
536 3767 835 3839 δογμάτων
871 3766 1006 3837 ὕψος
1049 3768 1351 3836 ἀναγαγεῖν
1374 3766 1402 3819 6
1430 3765 1640 3836 Κύριος
1676 3763 1803 3834 βου-

213 3857 451 3928 λόμενος,
499 3859 602 3913 καὶ
647 3860 778 3928 περὶ
818 3858 921 3928 τῆς
968 3859 1352 3930 πνευματικῆς
1382 3857 1802 3928 άναγεννήσεως

214 3950 396 4005 τοῦτον
424 3952 892 4022 μυσταγωγῆσαι,
922 3951 999 4015 ὡς
1027 3946 1140 4005 εἶδε
1188 3952 1326 4022 πρὸς
1366 3950 1430 4004 τὸ
1480 3949 1616 4021 ὕψος
1665 3949 1802 4018 ἰλιγ-

214 4042 432 4111 γιῶντα,
466 4044 661 4116 φησιν·
696 4047 766 4099 Et
794 4044 867 4100 τὰ
884 4044 1119 4115 ἐπίγεια
1153 4041 1330 4100 εἷπον
1365 4043 1548 4115 ὑμῖν,
1586 4043 1688 4098 καὶ
1717 4044 1791 4098 οὐ

1892 1939 2061 1981 num:
2106 1923 2240 1980 Ecce
2266 1940 2358 1993 ego
2390 1925 2541 1978 mitto
2568 1941 2657 1979 vos
2687 1926 2823 1980 sicut
2861 1942 3026 1997 agnos
3062 1926 3201 1979 inter
3232 1925 3383 1995 lupos
3416 1928 3483 1993 “,

1893 2027 1950 2071 et
1973 2032 2095 2086 qua:
2124 2024 2429 2086 sequuntur
2462 2034 2477 2069 :
2515 2015 2804 2075 Matthasus
2832 2032 2962 2073 vero
2986 2017 3093 2072 illis
3137 2018 3427 2073 duodecim
3460 2019 3485 2073 ?

1895 2106 1965 2162 Et
1999 2123 2169 2177 quare
2190 2108 2338 2163 solus
2386 2108 2563 2166 Lucas
2592 2110 2929 2168 mentionem
2956 2108 3086 2166 facit
3142 2124 3333 2165 eorum
3397 2124 3485 2165 se-

1895 2201 2180 2273 ptuaginta
2207 2202 2251 2233 ⁸⁷
2277 2201 2301 2255 ?

2170 2313 2173 2317 '
2571 2291 2794 2353 Salutio.

1965 2381 2104 2449 Quia
2131 2398 2277 2454 saepe
2311 2383 2573 2442 Dominus
2596 2386 2844 2441 eamdem
2868 2385 3174 2444 doctrinam
3235 2387 3485 2457 protulit,

1897 2489 2007 2529 non
2040 2476 2223 2545 inopia
2248 2491 2584 2545 sermonum,
2621 2478 2717 2533 sed
2771 2484 2833 2534 ut
2866 2478 3143 2533 auditores
3193 2477 3488 2534 confirma-

1899 2576 2003 2622 ret.
2032 2567 2376 2642 Quapropter
2403 2579 2455 2624 et
2486 2570 2773 2630 duodecim
2804 2579 2859 2626 et
2891 2571 3235 2646 septuaginta
3266 2587 3366 2646 per
3392 2587 3489 2627 va-

1899 2661 1979 2715 ria
2010 2668 2255 2731 tempora
2282 2662 2471 2717 eadem
2508 2663 2781 2733 exposuit.

2469 2754 2763 2827 Difﬁcultas
2801 2773 2912 2811 XXI.

1971 2849 2143 2920 Cujus
2160 2848 2236 2904 rei
2250 2864 2413 2906 causa
2430 2849 2497 2903 ad
2525 2849 2881 2903 Nicodemum
2905 2847 2981 2902 ait
3002 2845 3299 2913 Dominus;
3325 2846 3493 2902 Nemo

1902 2943 2137 2996 ascendit
2161 2943 2217 2996 in
2236 2942 2445 3005 caelum,
2460 2940 2563 2995 nisi
2577 2941 2665 3013 qui
2681 2941 2946 2994 descendit
2971 2940 3035 2994 de
3047 2940 3195 3007 εοείο,
3214 2938 3385 2997 Filius
3400 2940 3495 2994 ho-

1903 3034 2084 3100 minis,
2108 3036 2197 3104 qui
2218 3034 2367 3087 estin
2392 3032 2518 3089 σωίο
2541 3033 2619 3085 °'?
2642 3032 2700 3086 Si
2724 3034 2871 3087 enim
2894 3048 2990 3103 per
3013 3032 3210 3087 Filium
3253 3035 3494 3091 hominis

1904 3123 2131 3198 intelligi
2156 3128 2351 3181 debeat
2381 3126 2621 3209 humapa
2669 3136 2886 3191 natura,
2915 3128 3028 3199 ipsa
3085 3129 3154 3183 de
3193 3129 3334 3186 cmlo
3384 3144 3491 3183 non

1900 3218 2219 3286 descendit;
2271 3219 2357 3274 sin
2420 3234 2550 3275 vero
2608 3230 2783 3274 totum
2834 3217 3076 3277 Verbum
3130 3219 3494 3284 incarnatum,

1897 3325 2135 3381 quonam
2164 3310 2349 3375 modo,
2380 3308 2472 3381 qui
2529 3310 2774 3365 nondum
2828 3321 3142 3382 assumptus
3196 3308 3394 3375 fuerat,
3442 3307 3496 3362 in

1898 3401 2068 3456 caelos
2088 3394 2407 3471 assumptus
2436 3398 2726 3455 dicebatur
2747 3398 2772 3454 Υ

2567 3576 2795 3634 Salutio.

1969 3672 2172 3729 Volens
2198 3671 2464 3727 Dominus
2495 3669 2851 3725 Nicodemum
2885 3683 2949 3723 ex
2993 3667 3218 3725 Iudaica
3271 3668 3499 3723 humili-

1901 3775 2011 3822 tate
2038 3766 2091 3820 in
2122 3767 2438 3837 dogmatum
2478 3763 2868 3819 sublimitatem
2897 3761 3153 3826 evehere,
3190 3761 3351 3831 eique
3382 3776 3499 3832 my-

1897 3859 2125 3915 sterium
2152 3857 2364 3929 aperire
2416 3855 2713 3927 spiritualis
2771 3853 3223 3925 regenerationis,
3253 3861 3312 3906 ut
3358 3852 3497 3907 vidit

1898 3963 2023 4003 eum
2051 3949 2118 4003 ad
2144 3948 2486 4002 altitudinem
2524 3945 2678 4015 quasi
2705 3943 2972 4015 vertigine
2989 3943 3261 4005 laborare,
3297 3940 3381 4006 Si,
3407 3941 3495 3996 in-
3541 3959 3555 3969 ί

1896 4040 2036 4112 quit,
2068 4048 2276 4093 terrena
2303 4039 2417 4093 dixi
2447 4037 2609 4104 vobis,
2650 4045 2699 4090 et
2730 4051 2833 4089 non
2874 4035 3087 4090 creditis
3108 4034 3175 4088 ".
3208 4034 3364 4092 Unde
3409 4051 3497 4090 as-

277 4221 498 4280 "Joan.
520 4238 649 4284 vm,
678 4223 771 4279 ὁὸ.
874 4223 920 4257 ⁸⁸
946 4223 991 4279 ll
1016 4224 1212 4280 Thess.
1257 4240 1318 4290 ιι,
1351 4225 1402 4279 5.
1506 4223 1552 4254 ⁸⁸
1581 4222 1722 4277 Gen.
1764 4236 1796 4274 ιτ

1905 4258 1920 4273 .
1997 4219 2043 4251 ⁶⁶
2072 4218 2206 4273 Luc.
2248 4232 2306 4283 κ,
2338 4216 2392 4272 5.
2468 4216 2512 4248 ⁸⁷
2545 4212 2734 4269 Matth.
2768 4229 2823 4278 x,
2855 4211 2945 4269 16.
3020 4211 3067 4244 ⁸⁸
3096 4210 3255 4267 Joan.
3289 4226 3377 4280 ιιι,
3407 4211 3499 4267 15.

212 4290 431 4363 "Joan.
459 4310 547 4363 ιιι,
581 4293 674 4351 12.

1518 4406 1758 4464 VARUE
1799 4405 2214 4462 LECTIO‘NES.

276 4499 305 4542 ἀ
330 4500 372 4572 Ῑ.
401 4502 586 4559 καλεῖ.

1743 4587 1977 4645 NOTAE.
2020 4644 2029 4655 ,

303 4749 866 4821 16)Ἀντίχριστον.
899 4744 1182 4821 objicient
1229 4744 1425 4821 procul
1459 4743 1630 4800 dubio
1656 4758 1804 4821 non-
1837 4748 1882 4804 ι)
1908 4758 2038 4821 non.
2076 4743 2378 4821 substituat
2432 4743 2494 4821 έν
2544 4742 2658 4797 τῶν
2696 4742 2952 4813 κεράτων
2970 4743 3021 4821 _?_
3062 4760 3084 4794 ι
3134 4741 3500 4821 ᾼίιιιιι-θιιῑιγι

280 4749 389 4875 με)
416 4749 866 4818 Ἀντίχριστον.
899 4749 1182 4818 Objicient
1229 4749 1425 4817 procul
1459 4749 1630 4800 dubio
1659 4758 1804 4798 non-

212 4835 280 4875 nu
305 4822 360 4883 Ii,
387 4836 478 4876 me
507 4819 851 4875 necessariis
891 4816 1367 4872 observationibus
1395 4814 1804 4886 prsetermissis,

210 4901 459 4947 externas
490 4890 786 4960 minusque
825 4889 992 4944 utiles
1034 4898 1196 4943 notas
1220 4883 1566 4960 procudere.
1616 4883 1806 4957 Neque

209 4959 416 5017 inﬁcias
454 4962 614 5026 iero;
668 4956 832 5031 spero
878 4968 1061 5013 tamen
1108 4958 1326 5031 veniam
1384 4956 1805 5031 impetraturum

210 5046 294 5086 me
321 5034 389 5087 ab
411 5046 577 5101 aequo
619 5027 849 5093 lectore,
870 5044 979 5098 quo
999 5044 1122 5083 cum
1148 5027 1339 5101 morbo
1368 5027 1589 5101 aSSiduo
1614 5027 1806 5085 conlli-

209 5111 381 5170 etans,
422 5098 552 5158 cum
593 5117 704 5158 non
730 5102 961 5171 possim
1005 5114 1147 5154 nova
1190 5098 1545 5171 investigare,
1585 5106 1805 5171 veteres

209 5167 713 5228 animadversiones
753 5167 918 5226 velut
983 5168 1309 5240 protrudere
1374 5167 1671 5240 contendo,
1733 5183 1803 5222 ne

209 5239 456 5314 funditus
500 5253 692 5312 pereat
748 5237 1273 5314 quantuluscunque
1313 5253 1472 5314 meus
1519 5238 1575 5293 in
1615 5237 1814 5314 litteris

208 5310 378 5367 labor.
406 5308 601 5382 itaque
630 5308 797 5375 nunc,
827 5310 1139 5382 occasione,
1172 5308 1261 5382 vi);
1295 5309 1607 5382 occasione.
1646 5308 1812 5382 {inti-

209 5382 420 5449 christi,
453 5378 664 5438 foedum
686 5397 930 5439 errorem
952 5396 984 5436 e
1013 5380 1218 5436 Catena
1247 5379 1302 5432 in
1331 5378 1571 5434 Marcum
1599 5379 1807 5444 tollam,

210 5465 328 5523 cap.
365 5455 454 5520 15,
506 5469 651 5509 vers.
700 5453 771 5507 20
809 5471 828 5508 -:
860 5453 999 5505 Φασὶ
1038 5452 1150 5521 γάρ
1187 5466 1336 5513 τινες
1363 5449 1494 5571 τγλία
1523 5449 1620 5519 ἐτη
1644 5454 1808 5519 γενή-

213 5526 400 5571 σεσοαι.
451 5523 555 5571 τὴν
594 5524 954 5571 ἐπικράτειαν
1003 5521 1103 5571 τοῦ
1164 5522 1386 5571 Ἀντινο
1416 5537 1566 5571 στου.
1614 5520 1703 5571 διά
1745 5519 1807 5571 τὸ

213 5519 400 5595 σεσθαι
440 5519 576 5595 Frth
594 5524 954 5595 ἐπικράτειαν
1003 5519 1126 5595 τοῦ
1164 5519 1703 5595 ’ᾼντιχρίστουηδιά
1745 5519 1807 5572 τὸ

213 5594 465 5663 εἰρῆσθαι
506 5589 587 5665 τῷ
618 5589 839 5666 Δανιὴλ,
883 5591 1081 5664 καιρὸν
1108 5592 1203 5645 καὶ
1231 5589 1462 5662 καιροὺς
1508 5589 1603 5644 καὶ
1632 5595 1802 5711 ﬁli).th

213 5667 513 5711 nom-rixaan
571 5665 766 5711 καιοοῦ
813 5665 875 5711 τὸ
922 5665 979 5711 ὲν
1029 5662 1106 5711 τῶ
1146 5662 1406 5711 κεοάτω·
1449 5659 1478 5711 ὃ
1521 5659 1652 5711 δηλο
1710 5660 1802 5711 τὸν

213 5659 513 5786 uiuiﬁcus:
558 5659 784 5738 ’καιροῦ
813 5665 875 5717 τὸ
922 5659 996 5716 ἐν’
1029 5662 1106 5733 τῷ
1146 5659 1367 5733 κεράιτῴ
1392 5677 1406 5690 ·
1449 5659 1478 5713 ὃ
1521 5659 1679 5731 δηλοῖ
1710 5660 1802 5713 τὸν

224 5733 238 5754 ’
286 5735 618 5786 ντίγοιστον.
679 5737 982 5786 Monstrum
1042 5731 1297 5786 lectionis
1345 5729 1405 5784 τὸ
1469 5731 1529 5782 ἐν
1576 5729 1654 5786 τῶ
1708 5747 1802 5783 κε-

224 5729 618 5805 ’Ᾰντίχριστοψ
670 5729 982 5790 'Mon'strum
1042 5729 1297 5805 lectionis
1325 5729 1405 5805 τὸ
1469 5729 1654 5805 ἐν-τῴ
1708 5747 1803 5805 κε-

211 5799 620 5874 ράτῳῗγετιιιιι
674 5807 828 5864 nullo
858 5805 1083 5876 negotio
1117 5802 1409 5861 domabile.
1463 5799 1599 5868 Quis
1626 5799 1802 5856 ‘enim

1909 4814 2132 4885 quidam
2154 4814 2397 4885 triennio
2417 4814 2740 4869 duraturam
2770 4813 3115 4884 tyrannidem
3147 4813 3500 4885 Antichristi;

1909 4884 2057 4955 quod
2097 4901 2126 4939 a
2164 4884 2388 4939 Daniele
2417 4885 2625 4939 dictum
2657 4885 2750 4948 sit,
2784 4900 2882 4954 per
2915 4894 3133 4955 tempus
3170 4894 3227 4939 ct
3258 4884 3504 4955 tempora

1909 4966 1965 5011 et
1999 4955 2286 5011 dimidium
2315 4955 2582 5025 temporis
2602 4957 3013 5025 praevaliturum
3039 4971 3209 5010 unum
3254 4970 3286 5009 e
3316 4957 3504 5025 corni-

1906 5026 2223 5151 bus,2i5nud
2286 5023 2445 5098 quod
2491 5023 2763 5096 signiﬁcat
2818 5026 3241 5081 Antichristum.
3289 5044 3310 5078 ι
3364 5023 3503 5079 Dan.

1910 5114 2014 5151 vn.
2126 5137 2139 5150 .

1910 5114 2014 5163 vn,
2046 5114 2139 5151 τε).

1980 5169 2027 5239 (l
2042 5169 2094 5237 7)
2114 5164 2484 5239 ’Δγ-θρώποις.
2499 5167 2748 5239 Ostendit
2764 5164 2902 5239 mihi
2920 5166 3213 5239 aliquando
3228 5166 3280 5219 in
3303 5180 3504 5239 magno

1909 5236 2093 5311 magni
2124 5238 2226 5291 viri
2244 5237 2523 5311 Glossario
2541 5238 2977 5311 charissimuset
2997 5236 3334 5311 clarissimus
3363 5237 3503 5288 alni.

1909 5308 2344 5364 cus’communis
2370 5308 2512 5362 hanc
2542 5324 2733 5363 vocem
2765 5326 2778 5361 :
2833 5326 2852 5359 ι
2884 5308 3158 5377 AntOpius
3185 5309 3504 5377 Anonytnus

1907 5379 2168 5435 Barensis
2210 5379 2266 5433 in
2306 5377 2520 5442 ,Chron.
2576 5394 2707 5432 ann.
2768 5378 2927 5434 1046.
3000 5376 3133 5431 ιΕι
3185 5376 3506 5432 ceciderunt

1906 5450 2079 5505 Graeci
2123 5459 2200 5515 et,
2243 5449 2396 5504 multi
2425 5448 2655 5517 antepii,
2686 5458 2790 5504 etc.
2828 5467 2845 5498 ι
2903 5448 3205 5517 Expressit.
3253 5448 3307 5501 ni
3344 5447 3505 5501 fallor

1904 5536 2100 5576 vocem
2154 5520 2331 5575 Grmc.
2394 5516 2710 5589 ἄνθρώποι,
2784 5518 2904 5589 viri.
2946 5516 2998 5569 ιθ
3032 5516 3284 5586 Dixitque
3341 5533 3505 5585 posse

1911 5592 2078 5646 etiam
2124 5591 2228 5661 legi
2268 5588 2787 5661 εηιορίἰ,ὲντόπιοι.
2818 5588 2931 5658 Ego
2966 5602 3134 5661 vero,
3167 5598 3221 5643 ut
3267 5589 3507 5661 varietas

1909 5658 2237 5748 opinionum
2270 5658 2527 5728 delectat,
2571 5658 2872 5715 retinebam
2913 5659 3138 5731 antopii,
3174 5661 3278 5716 hoc
3297 5668 3387 5716 est
3410 5659 3510 5715 ἀν*

1908 5748 2128 5788 τωπιοι.
