3934 6406
462 357 596 424 1411

1654 341 2019 408 HESYCHII
2077 339 2561 400 PRESBYTERI

3577 343 3688 415 ιιιι
3725 308 3728 311 ’

457 477 592 530 serit
613 473 894 528 neminem
937 467 1254 525 ascendisse
1284 465 1338 521 in
1367 464 1588 531 coelum,
1623 463 1729 518 nisi
1784 476 1913 517 eum
1963 461 2055 530 qui

2176 457 2499 512 πιστεύετε.
2531 453 2698 509 Ὅθεν
2724 451 2860 524 φησι
2887 450 3091 521 μηδένα
3122 449 3504 524 ἀναὸεὖηκέναι
3530 458 3597 520 εἰς
3615 462 3688 512 τὸν

457 568 526 622 de
561 566 700 620 cmlo
729 563 1052 628 descendit;
1085 560 1264 630 ipsum
1293 573 1351 613 se
1384 556 1714 628 signiﬁcans,
1743 569 1843 625 per
1863 568 2054 608 ascen-

2162 553 2419 623 οὐρανὸν,
2454 551 2504 604 εί
2540 549 2617 620 μὴ
2651 547 2747 601 τὸν
2776 548 2841 599 ἐκ
2875 544 2972 598 τοῦ
3002 544 3233 616 οὐρανοῦ
3256 545 3563 611 καταϐάντα,
3589 551 3691 606 tau.

459 672 580 711 sum
605 663 660 709 et
691 655 1041 716 descensum,
1077 664 1144 704 eo
1189 653 1334 720 quod
1361 649 1574 720 sejungi
1622 662 1736 702 non
1765 647 1939 717 possit
1987 646 2056 701 ab

2176 647 2254 700 τὸν
2290 644 2597 715 σημαίνων,
2647 642 2738 695 διά
2778 658 2838 694 τε
2873 640 2974 711 τῆς
3007 638 3324 702 ἀναϐάσεως
3367 640 3455 693 καὶ
3493 645 3694 698 καταϐά-

461 747 702 802 humana
726 753 942 806 natura,
979 757 1090 812 quo
1119 741 1253 796 dicit
1284 740 1596 795 devenisse.
1628 740 1932 794 Ascensum
1959 739 2058 793 ita-

461 853 587 908 que,
612 853 721 890 non
743 836 894 889 illum
927 833 1179 904 intelligit
1202 832 1292 902 qui
1329 832 1420 887 hic
1450 847 1576 887 cum
1609 847 1774 888 carne
1806 831 2055 902 contigit,

461 932 556 986 sed
583 931 732 984 illum
763 932 856 998 qui
880 947 979 1002 pro
1011 933 1177 986 variis
1207 927 1450 997 antiquis
1506 925 2014 996 dispensationibus
2041 941 2056 991 ;

461 1023 529 1076 de
549 1021 747 1091 quibus
765 1023 838 1076 ait
852 1023 1130 1092 Scriptura
1153 1039 1166 1076 :
1191 1021 1437 1075 Ascendit
1461 1019 1600 1074 Deus
1617 1019 1682 1072 ab
1701 1019 1970 1072 Abraham
1989 1019 2055 1084 ⁷ο,

465 1122 759 1182 postquam
804 1113 1042 1168 cessavit
1075 1114 1144 1168 ad
1199 1128 1329 1168 eum
1381 1111 1573 1181 loqui;
1604 1121 1660 1165 et
1705 1125 1826 1179 qua:
1865 1108 2059 1177 hujus-

462 1204 629 1258 tnodi.
655 1204 809 1270 Quod
845 1206 889 1258 si
910 1203 1105 1258 Filium
1132 1205 1373 1260 hominis
1397 1203 1633 1274 appellet
1656 1209 1777 1272 post
1806 1201 2061 1255 incarna-

465 1297 667 1351 tionem
715 1298 885 1353 Deum
940 1296 1207 1368 Verbum,
1259 1299 1459 1354 mirum
1489 1297 1660 1352 videri
1709 1311 1816 1350 non
1873 1295 2058 1359 debet,

465 1389 686 1458 quando
714 1400 770 1445 et
794 1407 884 1445 rex
916 1400 971 1447 et
1004 1392 1296 1461 praefectus
1345 1390 1508 1456 bello,
1537 1389 1631 1460 qui
1665 1389 1799 1444 emit
1845 1402 2060 1459 agrum,

466 1488 563 1533 aut
609 1481 1018 1536 matrimonium
1058 1483 1332 1537 contraxit
1355 1490 1482 1536 ante
1508 1495 1736 1552 regnum
1766 1487 1822 1534 et
1865 1476 2062 1549 praefe~

466 1579 700 1634 cturam.
727 1587 838 1625 non
865 1572 1047 1626 minus
1076 1581 1266 1642 postea
1293 1572 1466 1638 audit,
1499 1570 1646 1642 quod
1668 1585 1763 1625 rex
1787 1568 1870 1624 vel
1920 1583 2062 1640 pra:-

467 1663 644 1718 fectus
672 1679 860 1734 agrum
887 1665 1199 1734 acquisivit.

1024 1862 1320 1933 Difﬁcultas
1365 1878 1498 1916 χχιι.

540 1957 714 2025 ριιριιι
759 1957 812 2010 ἰιι
841 1955 1062 2011 modum
1115 1955 1302 2009 retulit
1343 1953 1586 2009 Joannes
1622 1951 1828 2007 dixisse
1887 1950 2068 2004 Domi-

468 2067 600 2106 num
623 2049 690 2104 ad
723 2047 973 2104 Judmos:
1005 2046 1117 2118 Ego
1141 2055 1188 2100 et
1230 2045 1398 2100 Pater
1423 2059 1588 2098 unum
1608 2059 1790 2097 sumus
1825 2042 1907 2106 ";
1942 2056 2066 2096 cum

469 2145 614 2200 idem
645 2145 860 2210 dixerit,
915 2153 1252 2213 postremum
1298 2140 1442 2194 diem
1476 2153 1656 2208 neque
1681 2135 1923 2207 angelos,
1967 2148 2068 2188 ne-

469 2255 575 2310 que
598 2238 794 2293 Filium
820 2239 981 2300 scire,
1013 2236 1108 2290 sed
1139 2236 1315 2290 solum
1344 2234 1560 2288 Patrem
1585 2231 1653 2284 ".

1144 2347 1374 2404 Salutio.

539 2445 698 2514 Quod
728 2444 844 2500 ﬁeri
879 2451 1117 2514 nequeat
1148 2451 1208 2496 ut
1237 2439 1560 2496 saeculorum
1591 2435 1772 2508 opifex
1799 2435 1945 2491 diem
1974 2441 2071 2488 aut

471 2541 664 2595 horam
703 2551 1003 2594 extremam
1047 2537 1280 2607 ignoret,
1317 2533 1370 2588 id
1408 2518 1623 2588 cunctis
1688 2530 1878 2599 liquet.
1915 2527 2067 2593 Quo-

471 2631 616 2685 circa
660 2629 834 2684 tribus
878 2628 1056 2683 modis
1081 2625 1388 2681 ostenditur
1441 2638 1596 2678 suam
1628 2621 1932 2676 doctrinam
1973 2635 2072 2675 ex-

471 2722 704 2792 plieasse
725 2721 1036 2784 Dominum,
1061 2727 1116 2772 et
1137 2713 1245 2772 alia
1261 2717 1480 2786 quidem
1508 2724 1766 2784 tanquam
1794 2713 2072 2767 hominem

473 2814 783 2879 disserere;
818 2821 878 2866 ut
901 2810 1249 2882 praepositum
1291 2807 1624 2878 capitulum;
1654 2815 1709 2861 et
1747 2805 1876 2860 illud
1905 2822 1917 2856 :
1956 2804 2074 2858 Tri-

475 2903 570 2957 stis
601 2912 672 2956 est
696 2902 878 2954 anima
904 2917 1019 2954 mea
1044 2915 1205 2970 usque
1237 2899 1307 2952 ad
1327 2896 1637 2952 mortem".
1663 2895 1906 2965 Itemque
1937 2896 2070 2949 hoc:
2097 2943 2114 2954 ,

477 2993 635 3048 Nunc
663 2994 846 3046 anima
879 3009 994 3046 mea
1019 2991 1231 3044 turbata
1264 2989 1422 3043 est“.
1454 2987 1731 3042 Interdum
1766 3001 1893 3041 vero
1929 2982 2075 3055 loqui

475 3093 537 3140 ut
579 3086 784 3150 Deum;
829 3083 1048 3154 quando
1090 3098 1288 3152 nempe
1321 3080 1434 3135 ait:
1469 3079 1582 3150 Ego
1611 3088 1659 3133 et
1689 3079 1855 3132 Pater
1910 3093 2073 3130 unum

2165 757 2327 803 σεως,
2367 737 2458 791 διά
2490 736 2553 788 τὸ
2587 735 2662 806 μὴ
2694 733 2960 787 δύνασθαι
2991 730 3376 801 διαζευχθῆναι
3402 730 3492 799 τῆς
3524 733 3695 804 ἀνθρω.

2166 831 2405 898 πότητος
2425 826 2518 880 τὸν
2540 825 2677 879 Θεὸν
2695 824 2893 892 Λόγον,
2914 815 2977 876 οὗ
2993 838 3157 892 φησιν
3173 820 3573 891 κατεληλυθέναι
3588 823 3694 893 (18).

2183 921 2478 975 Ἀνάϐασιν
2511 919 2613 989 μέν
2654 933 2764 984 τοι,
2819 917 2880 970 οὺ
2936 916 3038 986 τὴν
3088 915 3227 986 μετά
3269 913 3462 984 σαρκὸς
3505 915 3698 971 ἐνταῦθα

2166 1015 2338 1082 λέγει,
2369 1011 2511 1066 ἀλλά
2534 1011 2634 1084 τὴν
2665 1009 2808 1081 ὑπὲρ
2833 1007 3112 1078 διαφόρων
3139 1005 3382 1077 ἀρχαίων
3401 1007 3696 1075 οἰκονομιῶν,

2167 1107 2297 1177 περὶ
2311 1097 2388 1159 ὧν
2415 1121 2580 1175 φησιν
2603 1101 2872 1174 ήΓραφή’
2901 1099 3102 1166 Ἀνέϐη
3125 1101 3157 1152 δ
3179 1099 3322 1163 Θεὸς
3341 1097 3698 1168 ἀπδἊσέαάμι

2167 1198 2332 1268 ἡνίκα
2370 1195 2654 1252 ἐπαύσατο
2695 1193 2878 1246 λαλεῖν
2909 1189 3060 1260 αὐτῷ
3083 1230 3098 1252 ,
3128 1189 3226 1243 καὶ
3271 1190 3369 1242 ὅσα
3410 1189 3630 1245 τοιαῦτα.
3657 1192 3702 1246 Ei

2167 1290 2226 1343 δὲ
2275 1289 2404 1342 Υίὸν
2449 1285 2744 1358 ἀνθρώπου
2777 1283 2938 1338 καλεῖ
2980 1280 3124 1351 μετὰ
3169 1281 3270 1351 τὴν
3315 1280 3701 1351 σάρκωσινμθ).

2167 1383 2261 1438 τὸν
2288 1383 2422 1437 Θεὸν
2454 1381 2653 1451 Λόγον,
2677 1381 2742 1434 οὐ
2772 1379 3113 1450 θαυμαστόν·
3141 1375 3332 1446 ἐπειδὴ
3367 1375 3459 1431 καὶ
3499 1375 3702 1446 βασιλεὺς

2168 1476 2265 1530 καὶ
2307 1475 2636 1546 στρατηγὸς,
2675 1473 2842 1544 ἀγρὸν
2876 1468 3192 1542 ἠγορακὼς,
3226 1468 3261 1538 ἦ
3297 1465 3457 1537 γάμῳ
3487 1465 3702 1522 aevum.

2170 1567 2268 1634 ξας
2316 1567 2424 1639 πρὸ
2472 1569 2574 1638 τῆς
2623 1565 2904 1636 βασιλείας
2954 1567 3050 1619 καὶ
3081 1563 3178 1633 τῆς
3224 1559 3569 1632 στρατηγίας,
3590 1561 3702 1629 ὅμως

2173 1661 2312 1733 μετά
2347 1660 2523 1716 ταῦτα
2554 1659 2800 1728 λέγεται,
2831 1658 2914 1712 ὅτι
2963 1655 3222 1727 βασιλεὺς
3269 1653 3362 1707 τὸν
3399 1651 3556 1724 ἀγρὸν
3581 1654 3704 1726 ὲκτή-

2172 1771 2306 1808 σατο
2331 1754 2364 1824 ἢ
2389 1754 2419 1806 ό
2451 1751 2780 1824 στρατηγός.

2831 1864 3100 1929 Ἀπορία.

2242 1959 2367 2022 Πῶς
2392 1959 2484 2012 τὸν
2511 1957 2715 2029 Κύριον
2749 1957 3038 2028 εἰρηκέναι
3067 1956 3183 2018 τοῖς
3234 1952 3530 2014 Ἰουδαίοις,
3559 1950 3702 2016 ἔλεγεν

2183 2052 2463 2123 Ἰωάννης·
2502 2051 2642 2120 Ἐγὼ
2666 2051 2764 2104 καὶ
2787 2053 2819 2103 ό
2846 2047 3050 2117 Πατὴρ
3074 2047 3144 2102 ἓν
3165 2047 3388 2116 ἐσμεν
3413 2043 3564 2097 αὑτοῦ
3588 2047 3705 2114 em.

2170 2145 2351 2210 κότος,
2387 2144 2486 2216 τὴν
2539 2143 2779 2215 ἐσχάτην
2835 2141 3052 2212 ἡμέραν
3114 2139 3256 2211 μηδὲ
3302 2138 3429 2200 τοὺς
3469 2137 3704 2206 ἀγγέλους,

2175 2237 2311 2308 μηδὲ
2341 2238 2435 2290 τὸν
2470 2237 2598 2289 Υίὸν
2638 2235 2866 2297 εἰδέναι,
2900 2231 3040 2286 ἀλλὰ
3079 2232 3244 2302 μόνον
3275 2230 3368 2283 τὸν
3402 2229 3630 2300 lla-ripa;

2860 2350 3076 2414 Λύσις.

2249 2442 2374 2496 Ὀτι
2423 2441 2515 2497 τὸν
2550 2443 2658 2496 τῶν
2705 2441 2918 2496 αἰώνων
2973 2441 3210 2510 ποιητὴν
3264 2437 3478 2510 ἡμέραν
3525 2437 3554 2506 ἦ
3593 2436 3706 2506 ὥραν

2173 2538 2445 2608 ἀγνοῆσαι
2491 2538 2795 2608 ἀμήχανον,
2845 2533 3007 2588 τοῦτο
3063 2535 3204 2588 πᾶσι
3255 2532 3435 2601 δῆλον.
3466 2530 3610 2582 Ὅθεν
3635 2529 3708 2582 δεξ-

2175 2646 2373 2684 κνυται
2407 2629 2551 2682 κατά
2583 2632 2733 2700 τρεῖς
2766 2629 3006 2699 τρόπους
3050 2626 3148 2698 τὴν
3190 2623 3362 2679 αὑτοῦ
3411 2621 3707 2678 διδασκαλίαν

2176 2719 2437 2774 ἐκθέσθαι
2467 2719 2560 2774 τὸν
2595 2719 2827 2790 Κύριον.
2864 2719 2976 2773 Καὶ
3009 2718 3078 2772 τὰ
3107 2719 3210 2788 μὲν
3235 2717 3311 2780 ὼς
3343 2716 3606 2787 ἄνθρωπον
3625 2714 3708 2766 δια·

2175 2810 2457 2881 λέγεσθαι·
2492 2811 2570 2874 ὡς
2603 2813 2665 2864 τὺ
2696 2810 2962 2882 προτεθὲν
2991 2810 3318 2880 κεφάλαιον’
3346 2809 3438 2862 καὶ
3475 2807 3550 2873 τὸ,
3577 2806 3708 2874 Περί-

2175 2904 2376 2968 λυπός
2407 2903 2581 2957 ἐστιν
2608 2903 2646 2970 ἡ
2684 2904 2855 2973 ψυχή
2895 2921 3017 2972 μου
3051 2902 3166 2969 ἓως
3222 2900 3501 2958 θανάτου·
3532 2899 3612 2952 καὶ
3649 2898 3710 2961 τὸ,

2177 2996 2308 3050 Νῦν
2339 2997 2376 3064 ἡ
2423 2995 2596 3065 ψυχή
2647 3013 2767 3066 μου
2824 2995 3200 3062 τετάρακται.
3238 2993 3377 3048 Ποτὲ
3405 2989 3552 3053 δὲὼς
3587 2987 3707 3040 Θεόνο

2178 3088 2256 3141 ὅτ’
2297 3088 2361 3141 άν
2406 3104 2592 3157 φησιν·
2643 3085 2786 3156 Ἐγὼ
2836 3087 2931 3140 καὶ
2971 3089 3002 3140 ὀ
3041 3085 3248 3154 Πατὴρ
3286 3084 3357 3138 ἓν
3400 3084 3596 3152 ἑσμειυ
3626 3079 3711 3141 Idi.

475 3194 678 3232 sumus.
709 3177 773 3230 Et
798 3194 809 3228 :
841 3177 1173 3246 Quaecunque
1202 3175 1351 3228 habet
1377 3173 1557 3238 Pater,
1585 3189 1700 3226 utea
1732 3181 1851 3225 sunt
1872 3170 1936 3234 ⁷³,
1967 3185 2068 3224 ca:-

2183 3181 2315 3233 ’Ὂτι
2337 3179 2456 3232 ὅσα
2484 3180 2610 3247 ἔχει
2640 3181 2671 3233 ὁ
2705 3179 2926 3248 Πατὴρ,
2949 3178 3061 3248 ἐμά
3084 3180 3225 3231 εἰσιο
3263 3178 3357 3231 καὶ
3389 3177 3484 3229 ὅσα
3514 3171 3709 3226 τοιαῦτα.

478 3280 704 3339 teraque
733 3269 950 3324 similia.
993 3267 1274 3322 Interdum
1305 3267 1383 3320 uti
1418 3265 1589 3319 Deum
1649 3271 1705 3318 et
1755 3262 2072 3326 .hominem,

477 3363 621 3418 sicut
653 3378 776 3417 cum
804 3361 935 3417 dicit
964 3379 976 3414 :
1013 3358 1124 3431 Ego
1155 3377 1272 3414 sum
1304 3359 1479 3428 panis,
1509 3357 1600 3428 qui
1630 3357 1693 3410 de
1717 3355 1841 3410 caelo
1866 3357 2078 3409 descen-

478 3456 534 3509 di
557 3457 620 3507 ⁷⁸.
652 3456 815 3510 Panis
839 3455 1008 3520 enim,
1032 3468 1232 3524 corpus
1255 3461 1360 3517 est,
1389 3462 1444 3506 et
1463 3451 1628 3516 Deus,
1654 3450 1745 3519 qui
1769 3449 2074 3504 descendit.

477 3547 545 3603 Et
575 3564 701 3604 cum
730 3548 895 3603 dicit:
926 3546 1249 3600 Potestatem
1269 3545 1433 3598 habeo
1463 3543 1692 3613 ponendi
1729 3542 1990 3607 animam,
2028 3551 2076 3594 et

477 3647 671 3699 iterum
698 3641 939 3697 sumendi
963 3655 1083 3694 eam
1105 3639 1168 3692 ".
1195 3636 1411 3692 Etenim
1443 3651 1509 3690 ex
1542 3641 1842 3707 postestatc
1871 3647 2078 3702 ponere

477 3747 535 3792 et
551 3751 787 3799 sumere,
808 3731 1110 3788 divinitatis
1127 3738 1210 3785 est
1230 3746 1246 3796 ;
1263 3729 1446 3782 anima
1467 3737 1672 3792 autem,
1698 3724 2075 3780 humanitatis.

371 3894 376 3900 _
477 3824 594 3881 Hoc
627 3839 788 3893 porro
842 3822 895 3876 in
953 3822 1073 3876 loco
1104 3817 1468 3890 ignorantiam
1537 3832 1650 3887 prae
1677 3831 1735 3870 se
1788 3815 1933 3878 tulit,
1967 3828 2076 3883 quo

475 3916 872 3986 discipulorum
916 3912 1292 3968 curiositatem
1355 3919 1770 3980 compesceret;
1801 3922 1871 3961 ne
1931 3920 2075 3978 aegre

479 4011 688 4067 ferrent
716 4029 730 4074 ;
757 4007 904 4079 quod
926 4023 1034 4062 non
1065 4005 1187 4076 soli,
1217 4005 1314 4060 sed
1345 4013 1402 4060 et
1433 4019 1559 4058 cum
1591 4001 1796 4072 angelis
1828 4000 1972 4055 diem
2010 3999 2074 4052 il-

478 4105 592 4166 lum
623 4106 956 4178 ignorarent.

1025 4217 1319 4288 Difﬁcultas
1344 4230 1500 4270 χχιιι.

549 4313 782 4383 Propter
811 4311 940 4381 quid
967 4309 1170 4367 Judazis
1198 4309 1336 4364 dixit
1360 4306 1659 4362 Dominus:
1695 4311 1886 4364 Omnes
1916 4319 2072 4383 quot-

478 4417 603 4485 quot
635 4416 883 4459 venerunt
913 4413 1037 4456 ante
1060 4419 1160 4467 me,
1193 4403 1334 4473 fures
1382 4412 1430 4455 et
1462 4401 1694 4456 latrones
1708 4412 1830 4455 sunt
1857 4405 1946 4458 '9?
1987 4407 2068 4460 Αη

478 4507 648 4580 igitur
685 4503 860 4560 Moses
885 4505 941 4558 ei
972 4495 1251 4571 pmphela’.
1282 4495 1521 4548 latrones
1553 4495 1752 4549 erant?

546 4773 592 4804 "°
616 4771 755 4826 Gen.
789 4787 938 4836 xvu,
992 4771 1082 4827 22.
1197 4772 1242 4804 ⁷⁸
1274 4770 1435 4826 Joan.
1471 4788 1503 4826 ιι
1526 4812 1542 4837 ,
1587 4772 1675 4828 30.

477 4841 524 4877 "’
561 4841 718 4901 Joan.
755 4859 866 4904 xw,
906 4841 994 4896 15.
1071 4843 1118 4876 ⁷⁸
1147 4841 1305 4897 Joan.
1332 4857 1411 4908 vt,
1442 4843 1532 4897 41.

1787 4776 1832 4806 ⁷²
1869 4773 2059 4828 Matth.
2107 4791 2234 4828 XXIV
2261 4817 2275 4837 ,
2309 4766 2408 4828 56.

1610 4845 1652 4875 ⁷⁷
1678 4842 1842 4898 Joan.
1868 4861 1922 4910 x,
1956 4845 2041 4899 18.
2119 4845 2163 4876 ⁷⁸
2198 4845 2333 4899 ibid.
2373 4846 2425 4897 8.

2183 3273 2320 3326 Ποτὲ
2368 3272 2424 3325 δὲ
2470 3272 2545 3335 ὡς
2587 3272 2720 3324 Θεὸν
2761 3275 2855 3325 καὶ
2904 3273 3194 3343 ἄνθρωπον
3219 3286 3234 3304 ⁸
3269 3272 3348 3334 ὡς
3395 3270 3470 3324 ὅτ’
3499 3267 3558 3321 ἂν
3582 3264 3710 3331 λέγει’

2192 3365 2340 3434 Ἐγώ
2368 3367 2487 3435 ειμι
2540 3368 2572 3418 d
2618 3365 2798 3432 ἄρτος
2832 3368 2864 3418 ό
2895 3365 2963 3418 ἐκ
3023 3365 3132 3418 τοῦ
3166 3361 3435 3432 οὐρανοῦ
3477 3354 3709 3420 καταϐάς.

2183 3459 2384 3528 "Apto;
2414 3459 2523 3526 γάρ
2568 3457 2628 3509 τὸ
2662 3458 2844 3527 σῶμα,
2882 3457 3016 3518 Θεὸς
3065 3456 3121 3508 δὲ
3169 3459 3201 3510 ὁ
3235 3452 3498 3517 καταϐάς.
3535 3451 3629 3503 Καὶ
3657 3446 3711 3500 ὅτ’

2179 3549 2246 3604 ἂν
2274 3549 2446 3617 λέγει·
2492 3548 2814 3614 Ἑξουσίαν
2843 3548 2962 3618 ἔχω
3015 3547 3206 3603 θεῖναι
3264 3549 3367 3620 τὴν
3416 3545 3601 3618 ψυχὴν,
3643 3541 3712 3594 καὶ

2179 3643 2371 3697 πάλιν
2399 3643 2608 3696 λαϐεῖν
2645 3642 2863 3711 αὑτήν.
2899 3643 2971 3695 Τὸ
3003 3643 3111 3713 γὰρ
3149 3642 3274 3695 κατ’
3309 3641 3550 3708 ἐξουσίαν
3583 3638 3712 3692 θεῖναι

2180 3734 2278 3787 καὶ
2307 3734 2520 3798 λαϐεῖν,
2551 3733 2808 3806 θεότητος
2829 3751 2842 3764 ·
2879 3735 2912 3805 ὴ
2960 3734 3017 3787 δὲ
3071 3734 3223 3808 ψυχὴ
3247 3775 3262 3798 ,
3324 3730 3711 3806 ἀνθρωπὸτητος.

2193 3824 2461 3878 Ἐνταῦθα
2491 3825 2589 3896 μὲν
2615 3825 2714 3896 τὴν
2744 3825 2990 3894 ἄγνοιαν,
3023 3827 3134 3879 τῶν
3172 3825 3438 3898 μαθητῶν
3457 3825 3515 3878 τὸ
3539 3820 3713 3894 περίερ-

2179 3934 2277 3986 γον
2323 3917 2642 3972 ἀναστεῖλαι
2687 3917 3055 3988 βουλόμενος,
3099 3919 3507 3990 προεϐάλλετο·
3549 3916 3624 3971 ἵνα
3657 3911 3712 3983 μὴ

2179 4009 2512 4080 ἀσχαλῶσιν·
2553 4010 2629 4074 ὼς
2680 4011 2741 4063 οὐ
2792 4013 2966 4081 μόνοι,
3001 4011 3140 4066 ἀλλὰ
3189 4011 3292 4068 καὶ
3346 4009 3486 4082 μετά
3516 4006 3712 4078 ἀγγέλων

2176 4102 2275 4174 τὴν
2309 4104 2528 4174 ἡμέραν
2562 4105 2780 4175 ἐκείνην
2812 4105 3168 4172 ἀγνοοῦντες.

2414 4224 2421 4232 “
2843 4216 3097 4286 Ἀπορία.

2247 4310 2402 4363 Διατί
2435 4312 2547 4374 τοῖς
2608 4310 2887 4374 Ἰουδαίοις
2937 4311 3125 4378 ἔλεγεν
3176 4311 3204 4364 ὁ
3247 4311 3455 4382 Κύριος
3483 4325 3496 4339 ⁸
3531 4306 3712 4369 Πάντες

2177 4402 2309 4456 ὅσοι
2336 4399 2528 4473 ἦλθον
2556 4403 2670 4471 πρὸ
2698 4403 2865 4472 ἐμοῦ,
2906 4403 3161 4458 κλέπται
3188 4404 3288 4457 καὶ
3311 4402 3532 4471 λῃσταί
3557 4401 3710 4457 εισιν;

2176 4491 2326 4566 τΑρα
2356 4494 2451 4548 οὖν
2482 4495 2680 4567 λῃτταὶ
2727 4497 2970 4568 Μωῦσῆς
3009 4497 3105 4550 καὶ
3134 4497 3186 4550 οἱ
3215 4497 3496 4569 προφῆται
3525 4491 3711 4561 ὲτύγχα·

2102 4606 2147 4662 ι)
2176 4605 2265 4642 νον
2289 4607 2304 4656 ;

2515 4766 2561 4796 ⁷³
2600 4764 2794 4842 Matth,
2833 4782 3005 4841 xxvt,
3045 4767 3136 4826 58.
3247 4768 3292 4800 ⁷⁸
3318 4767 3482 4836 Joan.
3510 4761 3712 4836 111,27.

2024 5024 2263 5082 ΝΟΤΕ.

550 5183 670 5255 (18)
702 5174 780 5236 Οὗ
816 5199 1010 5253 φησιν
1035 5182 1537 5255 κατεληλυθέναι.
1569 5182 1628 5236 In
1658 5200 1760 5238 ms.
1795 5185 2065 5253 scriptum

475 5253 600 5308 erat
618 5253 678 5307 οὐ
712 5271 881 5322 φησιν
901 5295 914 5317 ,
940 5254 1086 5323 quod
1109 5257 1413 5309 mutatione
1437 5264 1699 5308 accentus
1713 5257 1927 5309 correxi
1953 5272 1968 5318 ;
1991 5256 2072 5308 si-

482 5327 704 5396 mulque
737 5326 1054 5396 recordatus
1081 5340 1200 5377 sum
1234 5327 1336 5380 loci
1376 5325 1652 5378 Plutarchi
1675 5325 1816 5378 libro
1847 5325 1923 5379 De
1954 5342 2072 5378 ma-

482 5394 725 5464 lignitate
772 5394 1064 5460 Herodoti,
1124 5411 1287 5464 quem
1353 5405 1480 5448 ante
1533 5396 1744 5460 aliquot
1785 5410 1962 5449 annos
2007 5412 2072 5449 ex

480 5466 838 5534 professionis
877 5482 1012 5519 meae
1047 5467 1226 5536 ollit-io
1276 5466 1520 5536 legebam
1547 5504 1559 5525 ,
1597 5465 1679 5516 ἔτι
1727 5467 1912 5536 τοίνυν
1961 5469 2076 5529 τοῖς

479 5537 575 5614 ἀπ’
622 5536 844 5614 egena;
877 5535 1261 5614 cumulo/tat
1293 5535 1480 5596 κακῶς
1515 5536 1738 5602 λέγουσι
1776 5535 2073 5589 δυσκολίαν

479 5605 767 5686 ἐπικαλεῖν
815 5607 1273 5686 κάλ’(ὶρασύτητα
1317 5607 1414 5686 καὶ
1457 5608 1680 5675 μανίαν,
1726 5607 1821 5658 ἐὰν
1856 5610 1933 5676 μὴ
1971 5625 2071 5677 με·

480 5673 802 5752 τριάζωσιν..
846 5675 945 5752 Uh_i
990 5673 1297 5752 interpres:
1341 5673 1510 5729 Porro
1542 5679 1631 5752 qui
1677 5673 1866 5747 aperte
1904 5673 2076 5730 male.

482 5743 663 5820 dicere
706 5745 943 5820 soluite"L
991 5749 1350 5820 morositatem
1391 5743 1742 5820 expulibrare',
1792 5749 2070 5818 ferociam,

485 5811 776 5877 insaniam,
815 5814 915 5867 nisi
964 5818 1180 5868 modum
1229 5808 1466 5869 servent.-
1499 5808 1894 5888 Conjeeta‘bam
1943 5833 2074 5871 vero

2179 5202 2283 5257 ego
2314 5186 2475 5242 scribi
2512 5184 2714 5257 debere
2744 5184 2861 5238 ἐστι
2887 5193 2942 5239 et
2967 5186 3029 5240 οὗ
3053 5185 3173 5247 ,hoc
3204 5196 3286 5241 est
3320 5203 3332 5238 :
3371 5205 3387 5236 ι
3417 5183 3557 5257 Licet
3583 5176 3714 5257 igitur

2181 5251 2250 5312 iis
2272 5257 2362 5326 qui
2391 5265 2539 5310 recta
2566 5256 2658 5310 ubi
2687 5257 2878 5310 volunt
2911 5257 3265 5320 maledicunt,
3292 5269 3420 5320 ete.,
3455 5256 3496 5310 si
3531 5251 3711 5326 modum

2182 5323 2304 5381 non“
2361 5337 2640 5381 servent.)
2725 5327 2967 5395 Eamque
3022 5331 3415 5396 conjecturam,
3465 5323 3578 5394 quia
3626 5332 3712 5372 non

2183 5397 2461 5466 displicet,
2512 5398 2600 5451 hic
2639 5414 2703 5452 ex
2737 5399 3025 5452 occasione
3069 5412 3372 5468 proponere
3413 5409 3579 5467 Opera:
3611 5403 3712 5460 pre-

2184 5469 2317 5523 tium
2351 5467 2499 5524 duxi.

2260 5539 2368 5607 (l9)
2399 5539 2558 5591 Μετὰ
2592 5537 2707 5604 τὴν
2741 5536 3073 5604 σάρκωσιι·.
3125 5539 3332 5594 Sensus
3374 5547 3483 5601 est,
3517 5530 3712 5607 post

2183 5603 2556 5663 carnationem
2585 5619 2886 5678 peractam,
2923 5611 3051 5664 dum
3086 5612 3153 5665 de
3188 5610 3364 5664 Verbo
3398 5603 3709 5678 nondmu_in-_

2183 5691 2411 5733 curuato
2451 5670 2632 5732 εει-ιιιό
2680 5670 2935 5739 habetur,
2993 5697 3195 5735 nomen
3240 5682 3356 5735 Filii
3389 5678 3601 5733 hominis
3629 5670 3708 5740 ipsi

2186 5750 2441 5823 inditum.
2481 5749 2610 5823 Vide
2647 5751 2691 5823 si
2721 5758 2878 5823 vacat
2922 5750 3216 5823 Origcnem
3259 5754 3310 5806 in
3357 5747 3602 5823 principio
3627 5745 3711 5796 H0:

2186 5820 2346 5874 milia:
2380 5835 2538 5873 uonze
2568 5821 2621 5873 in
2647 5819 2964 5876 Jeremiam.
