3934 6406
269 354 420 420 1413

962 475 1180 540 Λύσις.

350 561 927 635 Καταστοχασάμενος
957 565 1204 628 διάϐολος
1235 563 1338 634 τῆς
1375 563 1617 634 Χριστοῦ
1654 581 1865 636 παρου-

270 662 427 726 σίας,
445 661 637 730 ἤγειρε
661 657 770 730 πρὸ
783 656 968 727 ὀλίγου
995 659 1094 728 τῆς
1114 656 1282 710 αὑτοῦ
1301 656 1618 727 ἐπιδημίας,
1642 673 1868 709 στασια-

273 754 413 816 στάς
446 768 624 816 τινας,
654 751 786 813 τοὺς
832 750 967 820 περὶ
995 750 1205 804 Θευδᾶν
1239 751 1337 803 καὶ
1383 748 1610 813 Ἰούδαν,
1653 750 1868 812 ἑαυτοῖς

269 846 442 910 δόξαν
461 844 851 915 ἁρπάσαντας,
875 843 972 896 καὶ
997 843 1125 906 τοὺς
1160 841 1488 904 πεισθέντας
1519 841 1704 905 αὐτοῖς
1737 842 1869 894 ἀνα-

272 936 620 997 στώσανταςο
655 935 824 987 οἱκαὶ
858 933 1258 1003 διελύθησαν,
1295 934 1442 987 καθά
1475 933 1554 1004 τῷ
1581 931 1869 1004 Γαμαλιήλ

271 1029 520 1099 εἴρηται.
559 1026 790 1091 Τούτοις
828 1025 1015 1078 τοίνυν
1047 1025 1135 1079 διὰ
1166 1025 1378 1079 τούτων
1422 1025 1744 1088 αἰνίττεται,
1772 1024 1869 1076 καὶ

271 1120 397 1172 ὅσοι
434 1119 641 1172 τούτων
693 1117 938 1188 ζηλωταὶ
967 1118 1280 1187 γεγόνασιν.
1317 1117 1602 1180 Μωυσέως
1647 1117 1749 1187 μέν
1785 1133 1868 1170 τοι

275 1211 377 1262 καὶ
403 1207 512 1261 τῶν
542 1208 865 1278 προφητῶν,
893 1207 1174 1277 ἥκουσαν
1201 1209 1272 1263 τὰ
1299 1207 1582 1277 πρόϐατα.

952 1304 1211 1372 Ἀπορία.

355 1396 514 1459 Τίνος
547 1396 712 1467 χάριν
747 1393 1028 1458 Ματθαῖος
1062 1395 1162 1466 τὴν
1213 1393 1428 1466 μητέρα
1458 1395 1571 1448 τῶν
1603 1393 1739 1448 υἱῶν
1769 1395 1870 1447 Ζε-

276 1489 502 1544 ϐεδαίου
537 1488 766 1558 αἰτῆσαι
820 1487 919 1559 τὴν
952 1489 1018 1540 ὲκ
1061 1486 1256 1551 δεξιῶν
1289 1487 1564 1559 καθέδραν
1587 1488 1702 1552 τοῖς
1736 1487 1870 1549 υἱοῖς

275 1581 376 1636 τὸν
412 1580 618 1652 Κύριον
650 1579 907 1651 ἱστόρησε
934 1595 949 1610 ο
1001 1579 1230 1648 Μάρκος
1277 1579 1333 1632 δὲ
1372 1581 1471 1633 οὐκ
1505 1579 1700 1648 αὐτὴν,
1734 1577 1871 1634 άλλά

278 1672 414 1737 τοὺς
443 1673 596 1735 υἱοὺς
627 1670 788 1725 τοῦτο
818 1671 1047 1740 αἰτῆσαι
1081 1670 1334 1738 ὲξέθετο;

968 1761 1184 1828 Λύσις.

1659 360 2181 432 QU/ESTIONES.
2210 393 2220 400 -

3423 366 3563 429 ΜΗ

2655 476 2882 533 Salutio.

2041 566 2369 635 Conjeetans
2415 567 2666 625 diabolus
2703 571 2998 626 adventum
3051 571 3274 640 Christi,
3307 576 3563 636 excitavit

1971 657 2132 723 paulo
2156 669 2282 711 ante
2315 673 2475 726 quam
2495 660 2730 725 veniret,
2749 661 3041 718 seditiosos
3067 665 3354 733 quosdam,
3377 667 3560 722 Theu-

1970 747 2091 800 dam
2144 757 2198 802 et
2251 748 2445 803 Judam
2491 767 2614 806 cum
2653 755 2999 823 sequacibus,
3055 758 3147 826 qui
3182 759 3407 830 gloriam
3458 761 3561 815 sibi

1971 835 2338 903 arripuerunt,
2368 839 2606 910 ipsisque
2653 843 2996 901 adllatrentes
3040 847 3106 902 ad
3143 849 3432 903 tumultum
3460 851 3564 904 im-

1971 925 2230 994 pulerunt
2256 943 2270 991 ;
2300 929 2480 997 quiet
2505 933 2748 1002 dissipati
2766 950 2885 990 sunt
2907 939 2972 1002 ⁷⁸,
3003 951 3116 994 uta
3151 939 3452 995 Gamaliele
3479 943 3562 997 di-

1970 1026 2117 1070 ctum
2149 1028 2250 1072 est.
2280 1018 2391 1074 Hos
2428 1021 2610 1092 itaque
2642 1041 2738 1094 per
2764 1029 2882 1083 haec
2931 1031 3095 1085 verba
3124 1032 3398 1103 designat,
3430 1035 3560 1089 reli-

1969 1123 2214 1178 quosque
2235 1112 2327 1181 qui
2355 1128 2450 1170 eos
2471 1118 2709 1172 aemulati
2733 1130 2881 1176 sunt.
2911 1123 2981 1177 At
3003 1122 3189 1180 Mosen
3235 1133 3290 1180 et
3317 1125 3558 1196 prophe-

1971 1208 2053 1256 tas
2077 1218 2192 1256 oves
2225 1206 2528 1262 audierunt.

2528 1297 2816 1368 Difﬁcultas
2852 1319 3002 1359 xxiv.

2041 1381 2404 1449 Quamobrem
2437 1385 2724 1446 Mattheeus
2745 1394 2930 1449 retulit
2952 1407 3178 1450 matrem
3198 1395 3429 1450 ﬁliorum
3459 1395 3560 1449 Ze-

1970 1474 2143 1530 bedaei
2191 1478 2413 1544 petiisse
2461 1494 2490 1532 a
2519 1481 2747 1538 Domino
2777 1484 2904 1540 ﬁliis
2947 1489 3131 1542 sedem
3162 1505 3190 1541 a
3233 1489 3438 1542 dextris
3467 1488 3559 1552 ⁸⁶;

1971 1563 2182 1620 Marcus
2207 1583 2337 1620 vero
2365 1582 2474 1621 non
2506 1568 2700 1640 ipsam,
2721 1575 2816 1628 sed
2860 1575 3002 1630 ﬁlios
3030 1576 3082 1630 id
3104 1579 3407 1646 postulasse
3433 1594 3560 1631 nar-

1973 1656 2114 1711 ravit
2135 1660 2180 1690 ⁸⁸
2209 1659 2232 1712 ?

2651 1757 2878 1814 Salutio.

355 1855 637 1918 Ματθαῖος
657 1853 1067 1925 λεπτομερεστέ
1077 1871 1188 1924 ρως
1213 1852 1314 1924 τὴν
1333 1851 1448 1924 ἅμα
1477 1853 1588 1915 τοῖς
1615 1853 1752 1914 υἱοῖς
1771 1851 1868 1921 τῆς

2045 1839 2328 1902 Μειιίιεειιε
2356 1848 2530 1906 fusius
2557 1861 2613 1906 et
2645 1854 2891 1908 exactius
2921 1853 3110 1908 matris
3138 1869 3246 1907 una
3287 1869 3410 1907 cum
3440 1853 3564 1909 ﬁliis

285 1949 500 2018 μητρὸς
530 1945 834 2016 πρεσϐείαν
861 1943 1094 2009 ἐξέθετο·
1125 1945 1354 2014 Μάρκος
1402 1944 1458 1996 δὲ
1499 1943 1866 2014 βραχυλογίας

282 2041 433 2093 πάνυ
483 2037 888 2110 πεφροντικὼς,
925 2037 1090 2107 μόνον
1121 2037 1229 2091 τῶν
1261 2037 1395 2093 υἱῶν
1434 2037 1864 2108 ἐμνημόνευσεν

281 2132 426 2202 ὅπερ
457 2131 833 2199 δναντιολογία
862 2131 963 2184 οὑκ
992 2130 1156 2183 ἔστιν,

952 2221 1218 2289 Ἀπορία.

359 2309 483 2373 Πῶς
520 2311 550 2363 ὁ
582 2311 805 2374 Λουκᾶς
843 2310 937 2364 τὸν
970 2310 1180 2380 Κύριον
1205 2309 1383 2362 εἰπεῖν
1434 2309 1549 2373 τοῖς
1591 2307 1870 2373 Ἰουδαίοις

284 2402 608 2472 ικθέμενος·
634 2405 719 2456 οὐ
748 2401 834 2472 μή
861 2419 939 2472 με
984 2402 1150 2470 ἴδητε
1173 2401 1392 2470 ἀπάρτι
1419 2401 1529 2467 ἕως
1549 2398 1628 2455 ἂν
1642 2401 1868 2468 εἴπητεο

287 2492 719 2563 Εὐλογημένος
744 2496 777 2547 ό
814 2492 1140 2561 ἐρχόμενος
1191 2492 1260 2545 ὲν
1311 2493 1556 2561 ὀνόματι
1612 2491 1868 2559 Κυρίου*

287 2586 658 2655 συγγενέσθαι
689 2589 804 2651 τοῖς
838 2587 1139 2651 Ἰουδαίοις,
1172 2589 1487 2657 συμφαγεῖν
1507 2603 1567 2638 τε
1593 2585 1755 2639 αὑτὸν
1781 2586 1873 2639 καὶ

284 2677 643 2751 διαλεχθῆναι
691 2679 788 2733 καὶ
845 2679 1338 2751 θαυματουργῆσαι
1383 2679 1478 2731 ἐπὶ
1507 2679 1758 2731 πλεῖστον
1783 2677 1874 2743 ὲξ-

287 2767 480 2834 έθετο;
526 2769 650 2832 Πῶς
693 2768 751 2821 δὲ
784 2770 1120 2837 ἀπαγγεῖλαι
1168 2768 1248 2840 τῷ
1294 2769 1510 2839 Ἡρώδῃ
1556 2770 1683 2831 τοὺς
1710 2770 1876 2839 Φαρι-

291 2861 486 2923 σαίους
515 2860 838 2922 ἐκέλευσεν,
883 2861 1041 2915 ἰδοὺ
1087 2860 1202 2930 ἐγὼ
1256 2862 1531 2915 ἐκϐάλλω
1574 2861 1870 2931 δαιμόνια,

287 2950 395 3003 καί
437 2949 631 3014 ίὰσεις
660 2949 916 3005 ἐπιτελῶ
947 2950 1218 3021 σήμερον
1256 2951 1356 3005 καί
1401 2952 1632 3020 αὔριον,
1665 2951 1764 3004 καί
1799 2950 1875 3020 τῇ

286 3043 461 3110 τρίτῃ
495 3042 856 3112 τελειοῦμαι.
886 3043 1024 3097 Μεθ’
1063 3044 1280 3116 ἡμέρας
1311 3044 1420 3117 γάρ
1457 3043 1733 3107 πλείονας,
1784 3043 1877 3096 τὸν

288 3135 534 3206 σταυρὸν
564 3135 855 3207 ὑπέμεινε.

981 3227 1191 3294 Λύσις.

367 3319 442 3372 Τὸ
475 3319 695 3392 πρῶτον
746 3321 977 3390 ἄπορον,
1029 3321 1240 3390 ταύτην
1293 3320 1408 3390 ἔχει
1460 3319 1562 3390 τὴν
1617 3318 1791 3373 λύσινο
1823 3319 1882 3371 ἐν

286 3411 561 3481 Γαλιλαία
593 3413 660 3482 τῇ
691 3411 798 3464 ὑπὸ
835 3411 1086 3482 Ἡρώδην
1117 3411 1372 3483 τελούσῃ,
1401 3410 1493 3464 τοῦ
1546 3411 1753 3482 Κυρίου
1799 3411 1882 3464 δι-

290 3505 528 3574 άγοντος
554 3505 652 3559 καὶ
683 3504 1253 3575 θαυματουργοῦντος,
1283 3504 1332 3556 oi
1361 3502 1470 3556 τῶν
1503 3503 1683 3556 ἐκεῖσε
1715 3503 1882 3573 Φαρι-

291 3597 494 3660 σαίων,
527 3597 579 3649 οἱ
607 3595 866 3666 φορτικὸν
901 3595 1067 3648 αὑτὸν
1105 3594 1193 3648 διὰ
1221 3593 1290 3647 τὰ
1321 3595 1526 3664 σημεῖα
1555 3593 1652 3646 καὶ
1680 3591 1778 3663 τὴν
1803 3591 1880 3644 δι-

287 3689 600 3744 δασκαλίαν
653 3687 762 3740 ὑπὸ
815 3687 1014 3756 φθόνου
1045 3687 1304 3758 ὁρῶντες,
1351 3685 1447 3738 καὶ
1498 3684 1577 3749 είς
1602 3683 1706 3754 τὴν
1753 3684 1884 3736 ἰου-

286 3781 458 3834 δαίαν
490 3779 682 3834 ἐλάσαι
708 3778 1056 3842 σπεύδοντες,
1089 3777 1275 3844 ἔλεγον
1296 3773 1468 3846 αὐτῷ,
1499 3775 1602 3840 δτι,
1629 3774 1882 3839 Ἔξελθε

287 3873 602 3936 ἐντεῦθεν,
634 3871 710 3926 δι’
737 3871 829 3926 ὅτι
863 3869 1125 3940 Ἡρώδης
1149 3870 1308 3924 θέλει
1337 3883 1412 3921 σε
1446 3867 1713 3921 ἀνελεῖν.
1739 3867 1881 3938 Πρὸς

289 3961 394 4027 οὓς
413 3965 442 4016 ὁ
472 3963 702 4033 Κύριος,
732 3962 916 4025 συνεὶς
949 3961 1069 4032 μεθ’
1091 3961 1212 4024 οἵας
1240 3958 1484 4022 διανοίας
1508 3958 1668 4014 τοῦτο
1696 3959 1882 4022 ἔλεγον

292 4054 472 4125 αὐτῷ,
522 4054 878 4125 ἀπεκρίνατο·
911 4052 1340 4120 Πορευθέντες,
1377 4052 1584 4105 εἴπατε
1614 4049 1690 4119 τῇ
1728 4048 1882 4104 ἀλώ-

292 4161 440 4201 πεκι
466 4148 679 4215 ταύτῃ,
719 4144 924 4216 δηλαδὴ
949 4145 1026 4216 τῷ
1066 4144 1302 4217 Ἡρώδῃ,
1333 4143 1408 4207 ώς
1441 4141 1664 4213 δολερῷ,
1695 4141 1788 4196 καί⁵
1813 4143 1882 4195 τὰ

295 4237 452 4308 ἑξῆς.
479 4237 554 4290 Τὸ
580 4233 676 4290 οὖν
719 4236 1026 4290 Ἐκϐἁλλω
1056 4235 1358 4305 δαιμόνια,
1390 4233 1492 4287 καί
1529 4232 1722 4299 ἰάσεις
1752 4233 1881 4286 ἐπι-

297 4327 457 4384 τελῶ
482 4328 754 4398 σήμερον
797 4327 896 4381 καὶ
928 4327 1158 4394 αὔριον,
1189 4326 1290 4389 τὰς
1336 4325 1552 4397 ἡμέρας
1587 4324 1738 4396 δηλοί
1780 4325 1880 4387 τὰς
1917 4338 1924 4344 ’

295 4419 417 4484 δύο,
466 4421 524 4474 ἐν
557 4417 647 4483 αἷς
681 4422 800 4474 ἐκεῖ
826 4419 1127 4490 διατρίὸων
1166 4417 1626 4489 ὲθαυματούργειο
1668 4415 1786 4488 μεθ’
1814 4417 1882 4480 ἃς

1907 3187 1954 3248 C

1975 1947 2164 2001 preces
2189 1944 2476 2010 exposuit;
2501 1945 2713 2000 Marcus
2755 1954 2958 2012 autem,
2989 1946 3436 2016 breviloquentite
3477 1947 3566 2000 ad-

1976 2027 2196 2082 modum
2254 2034 2551 2101 studiosus,
2613 2037 2908 2092 liberorum
2965 2038 3231 2093 duntaxat
3275 2039 3559 2104 meminit;

1974 2114 2120 2180 quod
2144 2131 2253 2171 non
2285 2129 2365 2174 est
2387 2126 2694 2181 contrarius
2721 2141 2922 2181 sermo.

2544 2215 2839 2285 Difﬁcultas
2866 2234 2991 2273 xxv.

2047 2296 2294 2362 Quonam
2331 2316 2490 2372 pacto
2511 2321 2635 2360 cum
2671 2307 2843 2363 Lucas
2874 2310 3195 2378 prodiderit,
3230 2310 3430 2366 dixisse
3457 2310 3562 2364 Do.

1978 2388 2183 2443 minum
2211 2391 2411 2449 Judaeis
2434 2412 2448 2448 :
2484 2398 2604 2451 Non
2647 2416 2730 2452 me
2751 2400 2986 2454 videbitis
3017 2404 3209 2455 amodo
3229 2404 3392 2455 donec
3415 2403 3564 2456 dica-

1980 2479 2046 2532 tis
2070 2480 2115 2511 ⁸³
2152 2498 2164 2534 :
2211 2482 2520 2541 Benedictus
2575 2491 2666 2559 qui
2711 2492 2846 2544 venit
2877 2494 2930 2544 in
2986 2495 3192 2547 nomine
3240 2493 3450 2547 Domini
3492 2493 3562 2560 ⁸³,

1979 2572 2228 2628 eumdem
2256 2591 2380 2629 cum
2412 2577 2612 2633 Judaeis
2642 2591 3052 2636 conversantem
3072 2624 3085 2647 ,
3120 2595 3560 2650 eonveseentem,

1981 2662 2364 2733 disserentem,
2391 2679 2445 2723 et
2477 2672 2621 2740 apud
2655 2688 2750 2727 eos
2789 2674 3048 2729 miracula
3071 2675 3358 2730 facientem
3393 2676 3564 2745 pluri-

1981 2754 2084 2809 bus
2109 2757 2421 2814 destribat?
2455 2761 2736 2826 Quomodo
2765 2765 2950 2828 etiam,
2987 2765 3182 2820 llerodi
3217 2768 3378 2834 jussit
3413 2769 3565 2821 Pha-

1982 2847 2172 2903 risaeos
2198 2854 2508 2908 renuntiare
2531 2871 2544 2906 :
2585 2856 2716 2910 Ecce
2741 2872 2839 2927 ego
2857 2858 3010 2926 ejicio
3045 2859 3329 2926 dwmonia,
3356 2871 3405 2915 et
3423 2867 3569 2918 sani-

1985 2948 2118 2993 tates
2145 2943 2356 3011 perﬁcio
2379 2946 2530 2999 hodie
2547 2957 2594 3000 et
2618 2965 2756 3012 cras,
2781 2958 2829 3002 et
2861 2951 3014 3002 tertia
3037 2951 3120 3004 die
3146 2969 3478 3008 consummor
3497 2957 3564 3012 ⁸⁸.

1986 3030 2114 3087 Post
2162 3037 2360 3092 multos
2407 3039 2554 3094 enim
2600 3042 2738 3105 dies,
2768 3042 2947 3095 erucis
3009 3043 3332 3112 supplicium
3377 3064 3569 3117 passus

1985 3136 2085 3182 est.

2659 3226 2886 3284 Salutio.

2055 3314 2181 3371 Haec
2201 3315 2659 3374 diﬁicultasistam
2703 3321 2863 3377 habet
2895 3323 3259 3389 solutionem;
3302 3341 3428 3380 cum
3464 3325 3571 3379 Do-

1983 3404 2166 3458 minus
2190 3405 2411 3475 degeret
2437 3407 2492 3461 in
2517 3407 2752 3472 Galilaea,
2790 3428 2908 3480 qua:
2937 3409 3414 3482 llerodisimperio
3444 3416 3572 3470 sub-

1979 3497 2123 3567 jeeta
2156 3507 2291 3566 erat,
2329 3500 2511 3570 ibique
2556 3502 2816 3557 miracula
2870 3505 3075 3567 ederet,
3112 3505 3366 3561 Pharisaei
3425 3508 3570 3562 illius

1983 3587 2238 3658 regionis.
2269 3591 2359 3659 qui
2390 3607 2514 3645 eum
2565 3609 2674 3662 prae
2714 3594 2913 3648 invidia
2965 3596 3066 3650 sibi
3111 3599 3409 3652 cernebant
3446 3615 3570 3654 esse

1983 3683 2269 3737 molestum
2304 3683 2374 3738 ob
2405 3685 2645 3756 prodigia
2680 3697 2734 3740 et
2761 3687 3084 3752 doctrinam,
3127 3689 3571 3760 festinabantque

1983 3773 2134 3828 illum
2178 3775 2231 3829 in
2268 3774 2510 3830 Judzeam
2547 3779 2814 3849 ablegare,
2850 3779 3103 3834 dixerunt
3129 3781 3176 3834 ei
3206 3799 3219 3834 :
3270 3781 3372 3834 Exi
3425 3784 3564 3848 hinc,

1983 3866 2236 3934 quoniam
2263 3865 2493 3921 Herodes
2513 3868 2622 3921 vult
2655 3880 2704 3922 te
2733 3870 3024 3938 interﬁcere
3049 3873 3115 3925 ⁸⁸.
3141 3871 3352 3940 Quibus
3387 3873 3569 3929 Domi-

1982 3970 2108 4022 nus,
2135 3957 2226 4026 qui
2275 3957 2597 4029 intelligeret
2622 3976 2729 4029 quo
2786 3962 2968 4015 animo
3005 3963 3056 4016 id
3093 3963 3140 4017 ei
3191 3963 3455 4031 dicerent,
3482 3980 3568 4019 re-

1983 4048 2240 4118 spondit;
2271 4049 2369 4114 lte,
2404 4059 2452 4104 et
2477 4051 2633 4105 dicite
2653 4053 2798 4122 vulpi
2827 4053 2928 4119 illi,
2958 4053 3158 4108 Herodi
3188 4057 3414 4119 scilicet,
3449 4065 3569 4112 tan-

1983 4153 2147 4209 quam
2178 4139 2561 4209 fraudulento;
2587 4151 2642 4198 et
2687 4159 2806 4212 quae
2832 4153 3153 4214 sequuntur.
3213 4145 3351 4202 Illud
3384 4146 3566 4219 igitur,

1984 4229 2160 4300 Ejicio
2217 4233 2498 4300 daemonia,
2532 4243 2582 4288 et
2611 4237 2867 4290 sanitates
2897 4238 3111 4306 perﬁcio
3137 4239 3289 4292 hodie
3317 4249 3366 4292 et
3426 4257 3564 4300 cras.

1983 4322 2121 4377 duos
2147 4323 2270 4379 illos
2293 4324 2409 4379 dies
2437 4325 2661 4392 indicat,
2694 4326 2892 4396 quibus
2921 4328 3030 4384 illic
3062 4345 3427 4394 commorans,
3463 4332 3565 4385 mi-

1984 4415 2167 4469 racula
2196 4417 2399 4484 edidit;
2427 4427 2550 4487 post
2581 4434 2718 4488 quos
2747 4419 2914 4488 carpit
2942 4419 3046 4473 iter
3085 4437 3276 4476 versus
3315 4422 3568 4477 Hieroso-

294 4513 404 4583 τῆς
433 4512 527 4565 ἐπὶ
560 4512 628 4566 τὰ
672 4512 1025 4583 Ἰεροσόλυμα
1057 4509 1262 4582 ἧρξατο
1303 4509 1560 4580 πορείας,
1595 4510 1663 4580 τῇ
1698 4507 1877 4579 ἡμέρᾳ

1987 4507 2148 4578 lyma,
2179 4509 2266 4563 die
2292 4509 2548 4563 nimirum
2583 4510 2766 4574 tertio,
2795 4511 2849 4564 in
2881 4527 2990 4581 quo
3015 4521 3073 4567 et
3104 4526 3164 4566 se
3197 4513 3567 4570 consummari

295 4604 549 4676 δηλονότι
578 4609 643 4675 τῇ
679 4605 841 4677 τρίτῃ
867 4645 882 4669 ,
923 4608 980 4657 ὲν
1075 4605 1174 4657 καὶ
1208 4601 1550 4656 τελειοῦσθαί
1585 4618 1771 4672 φησιν,
1809 4601 1885 4663 ὡς

296 4695 360 4748 ὲν
396 4696 536 4766 αὐτῇ
563 4697 952 4767 ἀπαρχόμενος
983 4697 1083 4766 τῆς
1105 4693 1228 4748 ὁδοῦ
1255 4695 1354 4765 τῆς
1379 4693 1443 4746 τὸ
1473 4695 1581 4747 πᾶν
1603 4693 1692 4746 διὰ
1720 4709 1886 4746 σταυ-

298 4783 400 4853 ροῦ
438 4785 498 4836 ἐν
539 4783 937 4855 Ἰεροσολύμοις
966 4783 1283 4852 τελειούσης
1315 4785 1640 4856 μυστήριον.
1689 4783 1764 4836 Τὸ
1805 4781 1883 4848 δὲ,

300 4877 388 4931 Οὺ
423 4877 510 4946 μή
543 4894 619 4946 με
650 4877 816 4944 Ζὸητε
845 4876 1082 4945 ἀπάρτι,
1121 4876 1259 4948 πρὸς
1293 4878 1420 4940 τοὺς
1464 4878 1758 4948 οἰκήτορας
1791 4877 1887 4929 Ἱε-

297 4969 591 5042 ρουσαλὴμ
617 4965 686 5038 ἦν
726 4969 1040 5041 εἰρημένον,
1075 4969 1141 5040 ἥν
1178 4970 1234 5021 ὲν
1267 4971 1380 5031 τοῖς
1413 4968 1654 5038 πρώτοις
1685 4967 1882 5021 ἐταλά-

292 5078 450 5116 νισεν
470 5061 730 5132 εἰρηκώς
767 5059 1177 5130 Ἰερουσαλὴμ,
1219 5060 1642 5128 Ἰερουσαλὴμ,
1669 5061 1706 5128 ἡ
1736 5060 1884 5115 ἀπο-

290 5155 626 5210 κτείνουσα
655 5155 799 5221 τοὺς
832 5155 1164 5223 προφήτας,
1189 5155 1286 5207 καὶ
1311 5153 1715 5208 λιθοϐολοῦσα
1743 5152 1884 5218 τοὺς

290 5246 806 5316 ἀπεσταλμένους
857 5246 1007 5316 πρὸς
1059 5245 1361 5317 αὑτήν-ἥ
1411 5263 1496 5309 τις
1545 5245 1732 5298 ἔκτοτε
1783 5246 1884 5315 οὐχ

291 5339 516 5410 ιώρακε
544 5339 638 5392 τὸν
664 5339 892 5409 Κύριον,
921 5339 1082 5410 ἄχρις
1109 5338 1203 5390 ἐπὶ
1234 5338 1415 5390 πώλου
1443 5337 1755 5408 καθήμενον
1789 5338 1884 5389 καὶ

292 5431 644 5502 ὑμνούμενον
677 5432 842 5484 αὐτὸν
891 5433 996 5484 ὑπὸ
1043 5431 1139 5485 τοῦ
1190 5431 1348 5501 ὄχλου
1399 5430 1638 5484 καὶτῶν
1671 5429 1880 5483 παίδων

290 5525 615 5580 ἐθεάσαντο.
655 5524 894 5578 Δυνατὸν
923 5525 980 5578 δὲ
1021 5526 1082 5577 τὸ
1110 5525 1329 5594 ἁπάρτι
1367 5523 1628 5596 νοηθῆναι
1669 5523 1762 5576 καὶ
1789 5524 1880 5576 ἐπὶ

1985 4597 2216 4654 alﬁrmat
2237 4601 2382 4669 quod
2409 4617 2476 4655 eo
2502 4602 2592 4656 die
2612 4601 2716 4656 iter
2739 4603 3021 4657 inchoaret
3058 4605 3201 4673 quod
3233 4619 3396 4660 omne
3454 4622 3568 4676 my-

1984 4691 2210 4747 sterium
2250 4693 2634 4765 Hierosolymis
2657 4711 2756 4765 per
2789 4712 3007 4750 crucem
3060 4707 3570 4752 consummaturum

1983 4792 2124 4838 erat.
2157 4783 2295 4839 Illud
2326 4801 2477 4852 vero,
2518 4785 2640 4840 Non
2671 4804 2752 4841 me
2781 4789 3020 4843 videbitis
3049 4790 3260 4854 amodo,
3293 4791 3360 4844 ad
3381 4789 3569 4844 Hiero.

1984 4876 2202 4946 solymte
2231 4876 2436 4931 incolas
2477 4877 2681 4931 dictum
2741 4879 2864 4944 fuit,
2889 4895 3052 4948 quam
3100 4890 3260 4934 antea
3313 4881 3569 4939 miseram

1982 4969 2318 5038 praedicavit,
2348 4971 2434 5025 his
2486 4970 2700 5024 verbis:
2727 4969 3042 5034 Jerusalem,
3099 4970 3427 5039 Jerusalem,
3456 4989 3573 5043 qutt-

1985 5059 2176 5113 occidis
2201 5060 2480 5129 prophetas
2498 5069 2547 5112 et
2578 5060 2787 5128 lepidas
2807 5077 2892 5115 eos
2917 5063 3008 5131 qui
3038 5063 3317 5114 mittuntur
3340 5064 3410 5116 ad
3431 5074 3480 5117 te
3502 5063 3568 5117 '°.

1985 5149 2118 5217 Quae
2180 5153 2371 5207 abillo
2407 5161 2650 5222 tempore
2689 5169 2801 5207 non
2847 5153 2982 5207 vidit
3028 5153 3338 5216 Dominum,
3398 5153 3572 5208 donec

1986 5258 2112 5299 eum
2149 5247 2296 5316 pullo
2331 5247 2656 5301 insidentem
2691 5256 2745 5300 et
2774 5263 2802 5300 a
2833 5246 2988 5316 plebe
3021 5243 3312 5314 puerisque
3356 5244 3572 5314 hymnis

1988 5337 2324 5392 Celebratum
2351 5347 2662 5408 spectarunt
2694 5339 2760 5390 ⁸⁷.
2790 5337 2976 5391 Potest
3023 5352 3237 5406 quoque
3269 5339 3458 5390 amello
3484 5337 3571 5388 in-

1990 5431 2154 5502 telligi
2187 5432 2253 5487 de
2285 5434 2432 5487 omni
2468 5443 2730 5502 tempore,
2775 5449 2943 5500 usque
2970 5432 3035 5485 ad
3061 5431 3204 5500 quod
3233 5431 3571 5488 Dominieam

1987 5523 2334 5591 passionem;
2366 5539 2539 5594 usque
2571 5525 2634 5578 ad
2676 5523 2819 5592 quod
2851 5523 3137 5576 Dominum
3165 5521 3344 5574 intuiti
3375 5521 3568 5585 Judzei,

364 5705 410 5776 τ’
431 5705 552 5776 Act.
572 5722 624 5766 ν,
654 5704 742 5760 3'7.
792 5702 866 5776 ΠΨ
885 5703 1077 5776 Matth.
1101 5722 1192 5768 xx,
1218 5705 1313 5776 2|.
1392 5704 1435 5737 ⁸¹
1473 5706 1638 5760 Marc.
1658 5724 1712 5768 Χ,
1737 5707 1827 5762 57-

1986 5706 2102 5762 I.uc.
2130 5723 2244 5769 xm,
2277 5705 2368 5762 35.
2444 5707 2491 5739 ⁸³
2521 5705 2708 5763 Matth.
2741 5723 2894 5776 xxm,
2921 5707 3010 5762 59.
3086 5707 3130 5741 ⁸⁴
3167 5704 3298 5761 Luc.
3328 5723 3445 5772 xm,
3479 5707 3570 5763 52.

283 5776 334 5813 ⁸⁸
369 5773 503 5831 ibid.
535 5776 624 5831 51.
703 5776 749 5808 ⁸⁸
788 5775 919 5829 ibid.
964 5775 1053 5829 54.
1131 5776 1173 5806 ⁸⁷
1211 5774 1346 5830 Luc.
1380 5793 1491 5842 xix,
1528 5777 1717 5830 Matth.
1753 5795 1862 5832 XXI.
