3934 6426
311 364 449 433 lil'l

303 576 405 628 ἐπὶ
436 574 557 628 ὄνον
586 574 682 627 καὶ
712 572 888 624 πῶλον
914 569 1068 624 εἶπεν
1089 588 1104 603 ο
1132 572 1216 624 ὅτι
1244 571 1330 624 διὰ
1364 569 1459 623 τοῦ
1488 568 1669 622 πώλου
1697 568 1793 620 καὶ
1821 571 1887 638 τῇ

302 666 417 736 ὄνῳ
443 663 701 734 ἐκάθητο,
733 663 979 734 ἑπομένῃ
1025 664 1116 716 καὶ
1157 659 1500 733 συνεργούσῃ
1537 660 1617 731 τῷ
1639 657 1736 714 τοῦ
1779 661 1892 713 Κυ-

306 757 429 827 ρίου
457 757 720 828 ὀχήματι.
756 757 820 808 Εἰ
870 754 927 808 δέ
956 772 1038 818 τις
1064 754 1314 825 ἀποροίη,
1362 755 1515 816 τίνος
1547 751 1711 822 χάριν
1738 751 1892 805 Ματ-

303 848 464 909 (latio;
487 849 586 917 μὲν
609 849 699 898 τὸν
735 846 1021 915 προφήτην
1042 844 1302 898 ἐκθέσθαι
1333 844 1498 913 φησὶν
1528 840 1620 894 ἐπὶ
1652 841 1771 894 ὅνον
1797 843 1892 895 καὶ

303 940 491 993 πῶλον
527 937 749 994 καθίσαι
778 942 869 994 τὸν
900 939 1125 1011 Κύριονο
1157 939 1269 1010 ἡδὲ
1289 939 1398 992 τῶν
1425 941 1481 993 0'
1517 941 1769 1002 Ἐκδοσις
1799 936 1893 988 ἐπὶ

304 1031 491 1085 πῶλον
512 1031 636 1085 ὄνου
669 1031 893 1084 καθίσαι
942 1030 1188 1101 περιέχει
1213 1044 1228 1060 °
1255 1028 1414 1083 τοῦτο
1443 1029 1785 1100 μανθανέτω,
1818 1028 1894 1091 ὡς

304 1125 377 1193 τῇ
421 1121 685 1192 Ἐὀραῖκῇ
744 1115 959 1194 γλώττῃ
992 1120 1323 1192 κεχρημένοι
1374 1121 1423 1172 oi
1454 1118 1765 1185 ἀπόστολοι,
1793 1117 1892 1172 ἅτε

305 1215 413 1284 τῆς
448 1210 775 1282 Ἑλληνικῆς
804 1213 1139 1282 εὐγλωττίας
1167 1212 1407 1283 ἄπειροι,
1435 1211 1529 1266 κατ⁹
1561 1212 1662 1280 τῆς
1688 1210 1798 1264 τῶν
1834 1213 1889 1262 0'

303 1302 600 1369 ἐκδόσεως,
656 1302 851 1376 ὥσπερ
897 1308 1018 1368 ταῖς
1046 1305 1227 1358 αὐτῶν
1281 1304 1486 1375 βίϐλοις
1520 1302 1894 1374 ἀρχαιοτέρως

304 1393 645 1458 ἐκτεθείσαις
676 1396 983 1465 ἐνεφέρετο,
1019 1392 1162 1449 οὕτω
1187 1396 1284 1459 τὰς
1313 1395 1659 1467 προφητικάς
1683 1412 1893 1465 μαρτυ-

307 1486 440 1557 ρίας
465 1485 740 1552 ἐξέθεντο*
768 1486 862 1540 τοῦ
881 1487 1023 1539 Πνεύ
1032 1504 1202 1557 ματος
1225 1486 1383 1539 τοῦτο
1413 1487 1892 1556 οίκονομήσαντος,

309 1582 401 1632 ἵνα
436 1579 509 1651 μὴ
536 1577 612 1641 ὡς
642 1580 708 1632 ἐκ
744 1579 1086 1649 συνθήματος
1139 1578 1355 1648 φανῶσι
1405 1577 1788 1644 συντάξαντες.
1836 1578 1895 1629 '0

314 1674 504 1742 μέντοι
535 1671 714 1735 πῶλος
748 1673 815 1725 τά
871 1672 1018 1741 ἔθνη,
1073 1674 1106 1744 ή
1172 1673 1228 1726 δὲ
1261 1674 1454 1727 τούτου
1510 1674 1729 1745 μήτηρ,
1767 1672 1895 1734 τοὺς

330 1762 622 1827 Ἰουδαίους
649 1764 968 1819 αἰνίττεται.

970 1858 1232 1927 Ἀπορία.

401 1955 649 2011 ’Δνθύτου
678 1953 958 2017 Ματθαῖος
995 1954 1093 2024 μὲν
1121 1953 1437 2025 αὐθημερὸν
1462 1954 1561 2025 τὴν
1595 1957 1767 2025 συκῆν
1800 1953 1896 2023 ξη-

311 2043 582 2115 ρανθῆναι
612 2043 919 2114 ἱστόρησεν,
972 2042 1198 2112 Μάρκος
1232 2042 1290 2096 δὲ
1334 2046 1402 2113 τῇ
1435 2040 1664 2114 αὔριον;
1706 2041 1898 2095 Ὡσαύ-

309 2153 424 2198 τως
457 2136 514 2189 δὲ
549 2136 644 2188 καὶ
689 2136 818 2197 τοὺς
871 2134 1185 2199 πωλοῦντας
1218 2136 1311 2188 καὶ
1340 2134 1713 2205 ἀγοράζοντας
1737 2135 1797 2187 ἐν
1818 2132 1896 2204 τῷ

312 2225 470 2298 ἱερῷ,
499 2227 528 2278 ὁ
561 2225 661 2296 μὲν
687 2227 746 2279 ἐν
822 2227 1007 2297 ἡμέρα
1036 2226 1113 2297 τῷ
1143 2226 1307 2298 πώλῳ
1338 2225 1610 2296 ἐκαθέσθη
1634 2227 1663 2278 ὀ
1690 2225 1897 2295 Κύριος

310 2317 576 2373 εἰσελθὼν
623 2320 705 2382 εἰς
735 2321 836 2390 τὴν
866 2320 1042 2384 πόλιν,
1072 2320 1404 2389 ἐκϐληθῆναι
1439 2320 1531 2373 ὑπ’
1560 2319 1726 2373 αὐτοῦ
1751 2322 1897 2372 ἱστο-

308 2412 441 2480 ρεῖ·
476 2411 506 2462 ὁ
529 2407 588 2462 δὲ
613 2409 672 2461 ἐν
713 2411 779 2479 τῇ
811 2408 1099 2479 ὑστεραίᾳ.
1138 2410 1251 2463 Καὶ
1296 2410 1440 2472 τίνος
1466 2409 1631 2480 χάριν
1685 2408 1897 2481 καρπὸν

306 2499 384 2553 ἐκ
413 2498 512 2567 τῆς
537 2498 704 2567 συκῆς
724 2499 783 2550 ἐν
805 2499 866 2550 ού
893 2497 1075 2569 καιρῷ
1108 2499 1292 2569 ἐζήτει
1316 2516 1331 2532 θ
1362 2500 1397 2571 ἢ
1429 2498 1548 2565 πῶς
1574 2500 1897 2571 ἀγανακτή-

309 2603 438 2651 σας,
463 2587 547 2640 ὅτι
576 2586 654 2658 μὴ
678 2580 825 2658 εὗρε,
851 2586 1059 2657 ταύτην
1090 2587 1358 2659 ἐξήρανεν
1382 2606 1397 2656 ;

982 2680 1194 2746 Λύσις.

400 2768 694 2840 Ἐκάτερος
743 2770 818 2832 ὡς
873 2771 930 2822 ἐν
962 2770 1133 2824 ἆπασι
1164 2770 1258 2840 καὶ
1304 2773 1360 2823 ἐν
1391 2770 1568 2843 τούτῳ
1603 2772 1897 2844 ἠλήθευσε.

312 2865 550 2934 Πρωιας
577 2867 709 2936 γάρ,
741 2864 923 2929 καθώς
953 2883 1118 2935 φησιν
1147 2868 1175 2919 ὁ
1218 2866 1635 2939 εὐαγγελιστὴς,
1675 2868 1902 2925 ἐπανά-

304 2969 441 3023 γων
462 2954 560 3007 ἐπὶ
590 2954 705 3023 τὴν
722 2957 907 3009 πόλιν
933 2955 1204 3025 ὁΚύριος,
1232 2956 1517 3013 ἐπείνασε
1535 2974 1549 2988 ·
1587 2958 1687 3012 καὶ
1708 2957 1905 3013 ἐλθὼν

304 3047 414 3102 ἐπὶ
438 3048 554 3117 τὴν
580 3046 807 3116 συκῆν,
868 3050 981 3117 οὐχ
1010 3043 1188 3115 εὗρεν
1219 3050 1375 3119 εἰμὴ
1424 3051 1631 3119 φύλλα
1689 3052 1901 3120 μόνον.

1681 358 2195 433 QU/ESTIONES.

306 482 454 537 κατά
506 482 567 534 τὸ
604 480 710 533 ὑπὸ
760 477 855 534 τοῦ
885 480 1168 551 προφήτου
1230 478 1437 548 λεχθὲν,
1493 476 1884 548 ἐπιῦεόηκέναι

2005 479 2302 536 iscendissc
2327 496 2493 552 super
2530 482 2738 538 asinam
2783 493 2838 538 et
2881 485 3092 554 pullum
3134 485 3383 550 dixit";

3429 371 3563 437 lilii

3439 491 3566 557 quia

1993 586 2091 641 per
2128 571 2334 641 pullum
2374 572 2542 629 etiam
2570 575 2740 630 asinae
2769 575 3060 642 insidebat,
3095 578 3352 646 sequenti
3382 588 3439 632 et
3467 579 3567 633 ad-

1990 660 2200 730 juvanti
2232 661 2445 717 Domini
2472 673 2774 720 vecturam.
2805 664 2963 732 Quod
2984 667 3030 721 si
3054 667 3178 736 quis
3210 668 3567 727 dubitaverit.

1993 769 2162 823 quare
2192 753 2478 810 Matthaaus
2506 756 2650 812 dicat
2688 758 3012 828 prophetam
3047 759 3352 815 declarasse
3384 760 3572 814 Domi-

1994 862 2127 900 num
2161 848 2367 902 sedisse
2406 864 2572 919 super
2610 850 2817 905 asinam
2848 860 2905 906 et
2933 851 3139 921 pullum
3163 852 3249 918 ”;
3285 852 3454 907 editio
3483 869 3576 907 au-

1995 946 2106 994 tem
2121 936 2263 992 LXX
2285 955 2448 1009 super
2469 940 2674 1010 pullum
2689 942 2857 998 asinae
2885 943 3094 998 sedisse
3124 943 3404 998 contineat
3430 961 3443 1010 ;
3471 944 3574 999 hoc

1996 1028 2186 1094 discat,
2211 1031 2488 1099 apostolos
2511 1031 2774 1088 llebraica
2794 1033 2977 1104 lingua
2995 1048 3147 1096 usos,
3167 1046 3354 1104 utpote
3370 1034 3573 1090 Graeca:

1997 1120 2323 1189 eloquentiae
2353 1122 2591 1193 ignaros,
2624 1134 2788 1192 atque
2822 1138 2889 1178 ex
2921 1121 3062 1175 LXX
3095 1123 3358 1190 editione,
3377 1139 3572 1193 quem-

1997 1214 2289 1268 admodum
2331 1214 2384 1266 in
2419 1228 2610 1267 eorum
2645 1213 2796 1268 libris
2835 1213 3113 1283 antiquius
3156 1214 3393 1269 exaratis
3427 1214 3573 1269 fere—

1997 1305 2195 1371 batur,
2253 1303 2331 1357 sic
2359 1304 2679 1374 prophetica
2715 1305 3022 1378 testiinqnia
3079 1305 3312 1370 citasse;
3361 1304 3572 1375 Spiritu

1998 1398 2073 1452 ita
2110 1397 2483 1467 dispensante,
2508 1412 2578 1452 ne
2604 1406 2860 1468 tanquam
2885 1414 2949 1453 ex
2976 1399 3227 1454 condicto
3255 1388 3576 1454 viderentur

1997 1491 2369 1546 conscribere.
2405 1488 2679 1545 Czeterum
2713 1492 2894 1560 pullus
2918 1532 2934 1559 ,
2966 1500 3155 1562 gentes
3174 1509 3199 1556 ;.
3243 1500 3418 1547 mater
3440 1508 3573 1547 vero

1999 1584 2163 1653 illius,
2186 1583 2403 1641 Iudaeos
2432 1584 2696 1654 designat.

2571 1848 2862 1923 Diﬁicultas
2890 1866 3036 1907 xxxx.

2068 1946 2171 2001 Pro
2209 1959 2319 2014 qua
2358 1959 2417 1999 re
2454 1943 2743 1998 Matthaeus
2770 1943 2992 2012 quidem
3032 1942 3119 1997 tici
3158 1932 3411 1996 arborem
3463 1949 3577 1998 sta-

1999 2038 2096 2092 tim
2128 2036 2320 2091 eodem
2350 2033 2437 2090 die
2463 2034 2758 2089 arefactam
2785 2034 2831 2067 9‘
2862 2033 3051 2099 refert,
3099 2032 3312 2088 Marcus
3335 2048 3467 2087 vero
3490 2032 3577 2085 die

1999 2128 2295 2199 sequenti?
2323 2125 2696 2183 Consimiliter
2725 2133 2780 2180 et
2811 2125 3110 2180 vendentes
3132 2133 3485 2196 ementesque
3523 2124 3578 2177 in

2000 2222 2204 2293 templo
2233 2222 2303 2287 ”,
2335 2220 2425 2275 ille
2466 2220 2689 2290 quidem
2721 2218 2809 2274 die
2841 2235 2947 2289 qua
2979 2219 3127 2290 pullo
3154 2218 3351 2274 insedit
3392 2216 3579 2272 Domi-

1999 2329 2103 2370 nus
2162 2314 2219 2368 in
2266 2314 2456 2369 urbem
2499 2312 2813 2385 ingrediens
2836 2313 2902 2378 οδ,
2938 2320 3125 2366 narrat
3168 2310 3236 2365 ab
3288 2324 3355 2365 eo
3408 2308 3580 2364 fuisse

1999 2410 2237 2479 eiectos;
2266 2405 2484 2462 Marcus
2529 2420 2663 2462 vero
2695 2405 2953 2475 postridie
2983 2405 3049 2460 ν’.
3090 2402 3158 2458 Et
3197 2419 3294 2457 cur
3342 2402 3578 2458 fructum

1999 2506 2152 2554 extra
2189 2505 2405 2567 tempus
2431 2511 2463 2550 a
2493 2495 2727 2550 ficulnea
2753 2495 3106 2565 requirebat;
3147 2502 3241 2548 aut
3280 2507 3390 2562 quo
3418 2500 3579 2563 pacto

1999 2590 2145 2661 quod
2174 2604 2285 2645 non
2312 2588 2609 2644 invenisset
2638 2587 2970 2658 indignatus,
3000 2584 3225 2641 arefecit
3246 2589 3412 2642 eam?

2674 2677 2899 2733 Salutio.

2062 2773 2327 2844 Uterque,
2360 2770 2503 2827 sicut
2530 2771 2586 2825 in
2621 2770 2898 2836 omnibus,
2939 2770 3014 2825 ita
3043 2771 3174 2825 etin
3204 2772 3308 2825 hoc
3342 2787 3468 2827 vere
3498 2773 3580 2826 lo-

2003 2875 2164 2922 cutus
2187 2874 2289 2920 est.
2321 2862 2484 2919 Hane
2513 2863 2696 2926 enim,
2756 2871 2819 2916 ut
2873 2863 2951 2917 ait
2984 2862 3326 2934 Evangelista
3346 2904 3362 2930 ,
3405 2881 3582 2919 reuere

2005 2967 2116 3013 ten;
2146 2959 2205 3012 in
2233 2958 2500 3012 civitatem
2546 2955 2845 3020 Dominus,
2893 2956 3110 3019 esuriit,
3156 2964 3207 3009 et
3260 2957 3467 3011 veniens
3510 2961 3581 3010 ad

2002 3050 2197 3119 ﬁcum,
2253 3065 2357 3102 non
2402 3048 2599 3103 invenit
2646 3047 2748 3100 nisi
2776 3046 2907 3118 folia
2952 3055 3158 3100 tantum
3180 3046 3247 3099 ".
3281 3046 3417 3102 Cum
3453 3063 3584 3118 ergo

310 3137 569 3212 Είρηκὼς
592 3135 685 3192 οὖν
706 3154 721 3168 ·
750 3138 975 3206 Μηκέτι
1002 3139 1070 3192 ἐκ
1105 3136 1218 3192 σοῦ
1244 3140 1474 3207 καρπὸς
1501 3140 1763 3210 γένηται,
1799 3157 1896 3195 πα-

2005 3142 2250 3206 dixisset,
2284 3141 2572 3212 Nunquam
2599 3156 2663 3194 ea;
2689 3149 2739 3193 te
2769 3140 2973 3208 [ructus
3004 3148 3295 3202 nascatur;
3318 3140 3583 3193 continuo

312 3233 585 3306 ραχρῆμα
606 3232 813 3301 ταύτην
865 3231 1118 3303 ἐξήρανε.
1152 3232 1252 3286 Διὰ
1282 3231 1339 3285 δὲ
1372 3232 1433 3286 τὺ
1466 3233 1699 3303 μέγεθος
1714 3235 1816 3307 καὶ
1840 3232 1902 3287 τὸ

311 3325 469 3392 ξένον
501 3324 595 3378 τοῦ
626 3322 924 3394 θαύματος,
970 3325 1036 3395 τῇ
1081 3314 1351 3389 ἐπαύριον
1380 3325 1431 3378 οἱ
1491 3324 1735 3396 μαθηταὶ
1767 3325 1902 3378 ταύ-

311 3434 420 3486 την
444 3415 935 3478 κατοπτεύσαντες,
970 3414 1055 3483 ἐφ’
1093 3406 1138 3482 ᾧ
1164 3414 1696 3485 πολυπραγμονῆσαι
1725 3418 1774 3468 εί
1805 3417 1903 3469 καὶ

314 3507 380 3560 uti
404 3506 549 3577 ῥίζαι
568 3505 829 3570 ὡσαύτως
850 3505 927 3576 τῷ
954 3504 1195 3575 στελέχει
1245 3506 1343 3558 καὶ
1375 3509 1488 3569 τοῖς
1513 3505 1728 3570 κλάδοις
1775 3507 1903 3577 ἐξη-

316 3598 625 3672 ράνθησαν,
654 3596 1034 3668 ἐξεπλάγησαν
1057 3599 1122 3668 τῇ
1154 3595 1445 3666 βεϐαιώσει
1466 3595 1560 3648 τοῦ
1599 3597 1899 3666 θαύματος.

329 3691 594 3762 Ἐξήρανε
623 3689 730 3762 γάρ
759 3688 966 3759 ταύτην
991 3690 1020 3741 ὁ
1046 3688 1273 3757 Κύριος,
1299 3688 1400 3758 τῆς
1450 3688 1583 3751 ἰδίας
1620 3688 1902 3758 δυνάμεως

312 3785 519 3853 ’πεῖραν
545 3785 657 3844 τοῖς
687 3781 956 3852 μαθηταῖς
983 3764 1424 3850 παρασχόμενος,
1459 3779 1550 3834 διὰ
1579 3780 1639 3834 τὸ
1667 3781 1900 3852 προσδο-

314 3874 571 3944 κώμενον
618 3872 806 3935 πάθος.
875 3872 1199 3944 Ἐπειδήπερ
1248 3873 1306 3925 ἐν
1361 3875 1482 3935 ταῖς
1532 3873 1878 3944 εὐεργεσίαις

315 3966 675 4036 πολυτρόπως
703 3964 802 4036 τὴν
818 3962 1046 4034 δύναμιν
1072 3963 1415 4028 ἐπεδείξατο·
1444 3966 1544 4035 τῆς
1565 3964 1622 4017 δὲ
1650 3982 1898 4036 τιμωρη-

315 4058 478 4127 τικῆς
495 4055 776 4126 δυνάμεως
805 4054 865 4108 οὐ
897 4054 1202 4126 παρέσχετο
1232 4056 1427 4125 πεῖραν
1445 4072 1460 4084 ·
1493 4056 1560 4127 ἢν
1583 4057 1902 4125 ἀναγκαίως

315 4156 377 4206 ἐν
403 4150 484 4221 τῷ
508 4149 700 4219 ἀψύχῳ
731 4147 826 4201 νῦν
883 4146 1218 4211 ἐπεδείξατο.
1253 4146 1392 4210 Τοὺς
1434 4147 1618 4218 μέντοι
1655 4147 1900 4202 πωλοῦν-

314 4260 421 4306 τας
450 4241 547 4295 καὶ
580 4239 969 4311 ἀγοράζοντας,
1003 4240 1060 4290 ἐν
1088 4240 1209 4301 ταῖς
1237 4236 1333 4291 δύο
1359 4237 1611 4302 ἐξέϐαλεν
1641 4238 1898 4309 ἡμέραις,

312 4339 387 4408 τῇ
414 4352 473 4388 τε
498 4334 688 4406 πρώτῃ
718 4335 813 4387 καὶ
834 4334 899 4401 τῇ
937 4330 1075 4401 μετὰ
1107 4329 1228 4400 τὴν,
1261 4330 1356 4383 ἆτε
1399 4329 1478 4398 τῷ
1520 4333 1619 4401 τῆς
1648 4330 1900 4402 φιλοκερ-

313 4426 440 4490 δίας
464 4427 562 4480 καὶ
587 4424 894 4496 καπηλείας
923 4421 1156 4484 ἀναιδῶς
1186 4422 1543 4491 ἐγκειμένους
1578 4424 1865 4494 νοσήματι.

1010 4513 1275 4581 Ἀπορία.

389 4614 516 4677 Πῶς
543 4611 823 4671 Ματθαῖος
850 4607 944 4660 καὶ
968 4605 1194 4674 Μάρκος
1227 4606 1315 4659 τὸν
1361 4606 1749 4679 οἰκοδεσπότην
1798 4626 1902 4679 φη-

317 4708 414 4765 σὶν
442 4704 578 4778 (21),
600 4704 660 4767 ὃς
685 4703 779 4756 τὸν
805 4699 1104 4773 ἀμπελῶνα
1130 4699 1394 4771 ἐφύτευσε
1417 4739 1433 4765 ,
1484 4698 1712 4764 πολλοὺς
1762 4701 1900 4754 ἁπο-

392 4866 438 4899 “
465 4861 633 4918 Zach.
668 4876 745 4925 ix,
770 4860 825 4915 9.
900 4857 945 4891 ⁸³
969 4854 1157 4911 Matth.
1192 4871 1305 4920 xxn,
1334 4855 1420 4910 19.
1498 4854 1545 4887 ³⁵
1568 4855 1699 4911 ibid.
1724 4856 1778 4911 5.
1853 4858 1897 4891 ”
1925 4856 2088 4912 Marc.
2140 4872 2215 4920 τι,
2250 4853 2344 4908 20.
2422 4853 2467 4884 ³⁵
2504 4850 2694 4906 Matth.
2740 4867 2831 4905 χχι
2860 4889 2874 4912 ,
2910 4849 2992 4906 l2.

313 4937 364 4970 9'
398 4934 588 4991 Matth.
634 4949 744 4996 ικι,
785 4928 872 4984 18.

2006 3231 2154 3286 illam
2177 3228 2424 3286 arefecit.
2448 3229 2677 3300 Propter
2710 3212 3141 3300 magnitudinem
3173 3237 3355 3284 autem
3385 3240 3441 3284 et
3482 3245 3584 3284 no-

2004 3325 2229 3381 vitatem
2253 3322 2525 3386 miraculi,
2558 3323 2798 3378 crastino
2824 3323 2913 3377 die
2945 3322 3197 3392 discipuli
3245 3338 3366 3378 eam
3410 3324 3585 3378 oculis

2002 3417 2321 3482 lustrantes,
2354 3423 2416 3469 ut
2445 3413 2737 3485 diligenter
2760 3414 3146 3483 explorarent,
3198 3430 3329 3468 num
3377 3416 3585 3470 radices

2004 3508 2211 3578 pariter
2238 3522 2363 3563 cum
2389 3515 2584 3562 trunco
2611 3514 2667 3560 et
2692 3506 2858 3561 ramis
2878 3506 3044 3560 aridae
3069 3513 3276 3573 essent,
3317 3507 3583 3577 obstupe-

2003 3598 2130 3654 facti
2185 3607 2315 3654 sunt
2366 3597 2448 3651 rei
2500 3599 2653 3653 mirae
2698 3596 3135 3652 conﬁrmatione.
3175 3597 3351 3666 Ipsam
3381 3599 3585 3668 quippe

2002 3692 2229 3749 arefecit
2253 3691 2539 3758 Dominus,
2569 3700 2632 3745 ut
2667 3707 2779 3747 sua:
2811 3690 3071 3760 potentiae
3101 3690 3378 3760 specimen
3412 3691 3581 3746 disci-

2005 3785 2148 3856 pulis
2177 3785 2504 3851 exhiberet,
2545 3793 2772 3855 promer
2826 3782 3203 3838 imminentem
3243 3783 3581 3853 passionem.

2002 3877 2452 3947 Quandoquidem
2485 3876 2540 3931 in
2569 3876 2855 3932 beneficiis
2893 3876 3071 3930 modis
3102 3875 3265 3930 variis
3291 3876 3400 3931 vim
3427 3891 3580 3930 suam

2002 3979 2352 4036 exseruerat;
2381 3978 2438 4023 at
2462 3968 2673 4024 ultricis
2703 3968 2922 4024 virtutis
2945 3967 3256 4036 exemplum
3279 3982 3388 4022 non
3414 3968 3581 4022 dede-

2002 4072 2125 4129 rat;
2174 4076 2339 4131 quam
2365 4058 2682 4115 necessario
2715 4057 2770 4111 in
2803 4073 2861 4113 re
2888 4056 3127 4112 inanima
3151 4072 3298 4112 nunc
3319 4057 3581 4110 ostendit.

2004 4154 2315 4210 Vendentes
2336 4167 2500 4224 porro
2526 4159 2583 4207 et
2606 4159 2873 4215 ementes,
2896 4150 3111 4205 duobus
3131 4149 3328 4204 diebus
3354 4148 3581 4218 expulit,

2000 4250 2181 4320 primo
2205 4256 2261 4302 et
2285 4246 2546 4311 secundo,
2570 4254 2630 4307 ut
2656 4244 2899 4300 avaritiae
2927 4252 2983 4299 et
3011 4242 3429 4314 cauponationis
3455 4243 3584 4298 abs~

2002 4357 2109 4411 que
2140 4340 2349 4411 pudore
2376 4337 2568 4394 morbo
2594 4336 2842 4392 affectos.

2582 4514 2874 4585 Difﬁcultas
2897 4529 3023 4569 xxx.

2079 4607 2216 4675 Quid
2233 4607 2505 4678 ita,-quod
2532 4605 2817 4661 Matthaeus
2845 4614 2900 4660 et
2930 4604 3145 4661 Marcus
3167 4603 3320 4659 aiunt
3347 4612 3586 4674 patrem—

2011 4699 2278 4764 familias,
2336 4697 2430 4767 qui
2482 4697 2698 4751 vineam
2756 4694 3064 4765 plantavit,
3121 4694 3322 4750 multos
3366 4693 3586 4749 misisse

3094 4850 3138 4882 "
3168 4848 3331 4904 Marc.
3366 4866 3457 4914 ιι,
3496 4849 3585 4904 15.

1836 5016 2070 5076 NOTAE}.

354 5140 415 5177 ro
451 5138 530 5185 eo,
592 5130 647 5175 et
705 5115 1007 5173 ascendens
1059 5127 1222 5183 super
1268 5114 1626 5184 subjugalem,
1690 5123 1745 5169 et
1777 5114 1900 5185 pul-

338 5208 433 5246 um
478 5184 771 5258 juvenem,
830 5185 1133 5258 Metthwus,
1187 5186 1627 5258 super_asinarn,
1673 5192 1728 5239 et
1777 5184 1902 5258 ρμι-

314 5263 432 5316 lum
466 5253 634 5315 tilium
660 5253 979 5329 subjugalis,
1016 5261 1188 5329 au_t_ut
1209 5254 1609 5329 inquibusdam
1631 5253 1900 5320 exempla-

312 5331 464 5385 ribus
489 5331 710 5384 habetur
731 5322 989 5398 {pullum
1017 5322 1314 5398 subjugalis
1336 5340 1351 5391 ;
1399 5322 1635 5398 Joannes
1662 5340 1781 5398 vero
1802 5339 1897 5398 ροτ

320 5402 451 5463 suit,
488 5400 700 5455 Sedens
724 5392 876 5452 venit
909 5409 1074 5462 super
1109 5395 1316 5463 pullum
1355 5395 1547 5449 asinae.
1573 5422 1644 5433 —-
1671 5392 1827 5458 Quod
1853 5393 1899 5447 si

311 5461 546 5540 insuper
568 5466 908 5540 consulueris
932 5461 1113 5533 Cvrilli
1132 5461 1597 5540 Commentarium
1614 5463 1674 5540 _in
1694 5464 1900 5540 Zacha-

316 5533 485 5606 riam,
516 5554 695 5593 mutes
717 5539 879 5593 velim
904 5549 970 5588 ex
996 5547 1161 5606 sensu
1187 5535 1469 5605 εύτεχνίαν
1497 5533 1554 5588 in
1577 5533 1859 5606 εὐτεκνίαν
1880 5550 1895 5587 :

313 5625 446 5667 cum
472 5603 479 5606 ⁷
504 5618 694 5664 contra
758 5605 1064 5678 φιλοτεκνεί
1116 5618 1216 5678 pro
1272 5603 1579 5678 φιλοτεχνεῖ
1618 5603 1899 5678 habeatur

312 5681 477 5734 initio
508 5679 727 5737 Catenae
771 5672 852 5732 'ad
887 5674 1148 5736 Marcum,
1192 5677 1246 5729 in
1286 5672 1565 5730 ‘Encoinio
1618 5672 1890 5742 Procopii,

312 5761 450 5804 ante
499 5750 681 5804 tinem.
724 5749 866 5804 Loca
902 5757 1011 5798 non
1034 5743 1251 5811 profero
1281 5786 1297 5813 ,
1333 5746 1461 5817 quia
1512 5745 1671 5816 plura
1711 5742 1894 5798 dicere

313 5830 415 5875 aut
448 5820 757 5876 describere
781 5819 948 5890 piget.

678 5911 952 5973 Parnm"
998 5913 1113 5972 Gn.
1158 5908 1389 5973 XCIII.

2068 5108 2180 5182 (21)
2213 5110 2409 5179 Φησὶν
2431 5124 2530 5180 pro
2558 5108 2925 5182 φασίναδαερε
2952 5109 3333 5182 inhoctomo,
3368 5117 3424 5163 et
3455 5124 3585 5182 pas-

1998 5179 2099 5239 sim
2134 5179 2280 5252 apud
2315 5179 2569 5236 auctores
2589 5180 2867 5236 interdum
2897 5194 2964 5234 ex
3002 5180 3299 5252 idiotismo,
3321 5186 3397 5252 put
3427 5179 3586 5252 vide-

1998 5264 2108 5319 tur,
2127 5249 2398 5308 interdum
2430 5261 2610 5307 errato
2638 5251 3008 5317 librariorum,
3027 5251 3261 5304 maxime
3285 5249 3356 5305 ob
3376 5250 3589 5305 brevia-

2000 5334 2109 5378 tam
2158 5321 2537 5391 scriptionem.
2595 5320 2686 5376 Sic
2717 5322 2859 5391 apud
2908 5320 3232 5391 Gregorium
3271 5320 3583 5391 Nyssenum

1998 5395 2246 5449 oratione
2276 5389 2310 5448 8
2338 5391 2392 5446 in
2424 5390 2581 5446 Cant.
2611 5389 2767 5446 cant.
2789 5399 2829 5446 t.
2861 5391 2904 5453 1,
2929 5406 2986 5460 p.
3011 5389 3117 5447 594
3147 5390 3208 5444 ϐ.
3254 5389 3387 5460 φησι
3417 5389 3586 5444 habet

1998 5464 2171 5519 editio
2202 5504 2217 5529 ,
2250 5463 2386 5531 φασὶ
2414 5462 2587 5517 codex
2616 5462 2818 5532 Regius
2850 5461 3009 5532 1797.
3042 5461 3162 5532 Non
3211 5473 3353 5532 ergo
3375 5469 3585 5532 temere

1998 5528 2317 5589 mutandum
2352 5550 2368 5600 ;
2403 5544 2464 5588 ut
2503 5532 2633 5589 fecit
2692 5528 2920 5587 Allatius
2984 5531 3041 5586 in
3106 5528 3584 5600 Notis'Euistatliii

1998 5598 2371 5673 Hexaemeron
2387 5603 2584 5671 p.153,
2603 5603 2672 5657 de
2705 5602 2825 5657 loco
2868 5598 3241 5673 Chrysostorni
3283 5599 3580 5673 ad_,lerein.

2000 5690 2132 5738 xm,
2182 5674 2268 5727 H.
2312 5668 2534 5728 Catenae
2586 5668 3049 5736 Gliislerianzeft.
3086 5670 3149 5736 II,
3196 5683 3254 5739 p.
3282 5670 3407 5727 955.
3442 5668 3580 5723 Vide

1993 5743 2253 5800 Catenam
2281 5743 2336 5797 in
2371 5743 2493 5808 Job,
2519 5759 2573 5813 p.
2606 5742 2730 5808 519,
2756 5744 2882 5808 480,
2920 5744 3046 5797 Hi.

3097 5894 3173 5953 [ιῆ
