3934 6406
481 367 616 434 liii)

1673 371 2035 430 HESYCHII
2082 371 2556 431 PRESBYTER!

3572 383 3680 449 Ῑίέθ

478 500 690 551 servos,
730 490 791 540 ut
825 483 1036 540 fructus
1072 483 1140 539 ah
1165 482 1417 555 agricolis
1450 481 1855 554 acciperent”;
1883 482 2059 539 Lucas

2179 482 2371 536 πτεῖλαι
2396 482 2640 546 δούλους,
2674 482 2761 534 ἵνα
2792 481 2921 547 τοὺς
2966 484 3213 555 καρποὺς
3242 485 3385 560 παρὰ
3411 489 3504 544 τῶν
3537 510 3683 570 γεωρ.

477 589 685 644 autem,
717 592 889 633 unum
921 585 1048 649 post
1078 577 1244 633 alium
1278 574 1340 632 '?

1165 668 1389 724 Salutio.

549 760 686 829 Quia
718 759 797 815 illi
836 760 1057 831 quidem
1086 774 1186 831 per
1214 759 1677 831 complexionem,
1720 768 1776 815 et
1806 759 1963 831 quasi
2008 759 2065 814 in

480 869 692 909 summa
709 851 877 908 variis
894 852 1236 923 temporibus
1259 851 1532 924 sigillatim
1552 848 1748 906 missos
1769 851 2066 922 prophetas

395 980 403 986 -
479 946 825 1010 indicarunt;
861 945 951 999 hic
996 958 1131 999 vero
1187 944 1359 1015 magis
1407 944 1759 1015 peculiariter
1792 960 1964 999 unum
2011 953 2067 999 et

482 1053 651 1093 unum
681 1037 878 1092 missos
909 1034 1098 1091 fuisse.
1133 1036 1211 1091 Ex
1242 1036 1442 1106 quibus
1471 1035 1739 1090 ambobus
1759 1036 1948 1101 claret,
1972 1049 2067 1090 eos

480 1130 571 1199 qui
606 1128 759 1183 missi
790 1135 920 1181 sunt
954 1128 1140 1198 plures
1170 1127 1346 1183 fuisse
1374 1170 1389 1194 ,
1422 1126 1623 1183 missos
1658 1135 1842 1183 autem
1879 1127 2068 1200 singu-

480 1224 631 1278 latim
661 1238 772 1276 non
807 1222 970 1277 simul
1008 1237 1220 1278 omnes.
1260 1222 1418 1278 Unde
1462 1238 1558 1279 eos
1604 1237 1865 1293 separans
1890 1221 2069 1277 Lucas

481 1314 559 1370 ait
589 1331 603 1368 :
632 1314 779 1369 illum
803 1314 1025 1385 quidem
1076 1315 1414 1381 ceciderunt,
1444 1314 1596 1369 illum
1636 1329 1769 1370 vero
1808 1314 1863 1368 in
1892 1314 2069 1384 capite

481 1405 936 1469 vulneraverunt,
968 1405 1121 1460 illum
1148 1414 1331 1460 autem
1365 1405 1689 1460 occiderunt
1711 1405 1755 1459 ².
1798 1404 2067 1460 Cazterum

479 1495 588 1549 hoc
637 1508 748 1549 non
800 1496 1066 1551 contrarii
1116 1496 1391 1551 sermonis
1444 1504 1529 1551 est
1628 1495 1723 1550 sed
1775 1495 1940 1550 varia:
1983 1495 2070 1550 di-

482 1588 700 1643 ctionis.

1025 1656 1322 1728 Diﬁicultas
1372 1675 1525 1714 xxxr.

550 1750 671 1816 Qua
706 1764 869 1804 causa
918 1750 1058 1804 alius
1103 1761 1232 1805 ante
1300 1764 1393 1805 sex
1440 1750 1558 1804 dies
1614 1749 1871 1816 Paschae,
1901 1750 2069 1814 alius,

2165 574 2279 643 γῶν
2308 574 2516 629 λάϐωσι
2542 589 2557 604 ⁸
2595 575 2814 639 Λουκᾶς
2845 574 2902 628 δὲ
2934 576 3076 629 κατὰ
3096 575 3229 643 Eva;

2860 666 3071 732 Λύσις.
3699 704 3707 733 ι

2242 758 2365 813 Ὅτι
2393 758 2443 812 οι
2476 758 2576 831 μὲν
2598 760 2964 830 περιεκτικῶς
2999 757 3094 813 καὶ
3121 759 3197 823 ὡς
3228 761 3286 813 ὲν
3315 763 3568 837 κεφαλαίῳ
3593 770 3693 834 τοὺς

2168 848 2311 903 κατὰ
2335 849 2527 919 καιρὸν
2557 849 2854 913 σταλέντας
2882 849 3007 903 καθ’
3033 850 3134 904 ἕνα
3187 850 3312 915 τοὺς
3342 857 3600 924 προφήτας
3624 860 3693 926 ἐξ.

2170 940 2374 997 ἑθεντο’
2391 943 2488 995 eas
2511 942 2749 1013 λεπτομε
2760 944 3039 1016 ρεστέρως
3057 944 3152 998 ἕνα
3174 946 3267 999 ἕνα
3292 947 3697 1021 ἁπεστάλθαι.¹Εξ

2168 1028 2248 1089 ὧν
2271 1034 2549 1107 ἑκατέρων
2576 1037 2875 1102 δείκνυται,
2906 1037 3111 1109 πλῆθος
3140 1039 3236 1108 μὲν
3264 1034 3533 1106 εἶναιτοὺς
3583 1062 3694 1117 πεμ-

2171 1128 2430 1197 φθέντας,
2461 1130 2583 1184 καθ’
2613 1130 2710 1184 ἕνα
2739 1131 2795 1185 δὲ
2826 1131 2919 1184 καὶ
2960 1132 3022 1184 οὐ
3060 1131 3267 1196 πάντας
3285 1133 3587 1203 ὁμοῦ.”Οθεν
3607 1139 3698 1192 τού-

2169 1239 2296 1284 τους
2317 1221 2541 1292 διαιρῶν
2565 1224 2592 1277 ὁ
2622 1223 2838 1287 Λουκᾶς
2871 1239 3066 1293 φησιν·
3106 1225 3202 1276 Ὃν
3233 1223 3328 1292 μὲν
3352 1222 3566 1295 ἔδειραν,
3591 1226 3638 1279 δν
3656 1229 3699 1283 δὲ

2172 1313 2605 1383 ὲκεφαλαίωσαν,
2636 1313 2694 1367 δν
2716 1313 2770 1368 δὲ
2797 1314 3154 1369 ἀπέκτειναν.
3186 1314 3357 1367 Τοῦτο
3385 1313 3437 1367 δὲ
3464 1315 3555 1369 οὐκ
3579 1316 3700 1373 ἐναν-

2171 1406 2464 1476 τιολογίας,
2496 1406 2633 1460 ἀλλὰ
2661 1406 2922 1478 διαφόρου
2951 1406 3208 1478 φράσεὼς
3237 1406 3403 1460 ἐστιν.

2832 1650 2891 1702 Ἀ
2900 1648 3101 1702 ποοία.

2838 1664 2978 1702 Ἀπο
3020 1664 3101 1702 ια.

2245 1744 2405 1809 Τίνος
2427 1744 2611 1816 χάριν,
2646 1745 2675 1797 ὁ
2713 1744 2811 1814 μὲν
2842 1742 2951 1813 πρὸ
2973 1664 3043 1806 ἕξ
3079 1741 3307 1812 ἡμερῶν
3361 1740 3455 1794 τοῦ
3486 1743 3706 1814 Hitan

481 1852 610 1896 ante
649 1841 788 1896 duos
812 1880 827 1904 ,
879 1841 1162 1897 historiam
1213 1841 1476 1912 unguenti
1512 1841 1891 1911 proferunt’;
1944 1841 2074 1896 licet

2179 1836 2234 1891 δὲ
2255 1837 2361 1908 πρὸ
2382 1835 2498 1899 δύο,
2520 1837 2621 1905 τὴν
2653 1832 2897 1904 ίστορίαν
2933 1832 3030 1885 τοῦ
3059 1832 3241 1902 μύρου
3263 1832 3504 1902 λέγουσιν
3526 1850 3540 1865 ·
3569 1835 3705 1891 καίτοι

482 1942 713 2004 uterque
764 1934 821 1989 in
871 1930 1140 1989 Bethania
1192 1949 1309 1988 rem
1358 1933 1656 2004 contigisse
1701 1933 1935 2005 prodant
1968 1951 1982 1988 :
2015 1941 2072 1989 et

482 2025 621 2080 alter
643 2038 838 2080 omnes
870 2024 1005 2080 dicit
1048 2024 1347 2096 discipulos
1395 2036 1726 2096 conquestos
1783 2024 1951 2082 fuisse
2003 2026 2073 2082 de

482 2117 717 2172 muliere
748 2116 788 2183 ⁸,
827 2116 965 2171 alter
992 2132 1123 2172 vero
1154 2116 1353 2173 Judam
1399 2119 1575 2174 solum
1601 2136 1616 2187 ;
1660 2119 1881 2175 tametsi
1911 2119 2072 2175 ambo

482 2211 706 2265 dornum
732 2208 972 2265 Simonis
1002 2222 1439 2269 commemorent
1467 2212 1535 2267 ’ἲ

1153 2300 1385 2357 Salutio.

552 2391 633 2445 Ex
664 2390 817 2447 hisce
851 2392 1110 2447 omnibus
1160 2392 1367 2463 liquet,
1400 2392 1647 2448 diversas
1674 2407 1941 2463 personas
1986 2393 2075 2449 di-

481 2484 656 2538 versis
708 2483 1053 2553 temporibus
1109 2493 1401 2556 unguento
1445 2485 1738 2539 Dominum
1796 2484 2070 2541 illiniissc.

484 2576 580 2631 illa
612 2575 757 2630 enim
785 2576 928 2645 apud
961 2575 1162 2631 Lucam
1194 2577 1419 2646 reliquis
1450 2577 1759 2647 antiquior,
1794 2586 2071 2643 narratur,

483 2685 594 2722 non
628 2670 681 2721 in
709 2668 994 2733 Bethania,
1027 2669 1123 2723 sed
1154 2668 1208 2721 in
1239 2667 1458 2723 Galilaza
1500 2668 1606 2723 hoc
1643 2669 1839 2723 fecisse
1862 2706 1878 2732 ,
1929 2670 2074 2738 apud

486 2759 767 2813 Simonem
804 2760 1099 2829 quemdam
1130 2758 1508 2826 Pharisteum;
1545 2775 1657 2815 non
1687 2770 1870 2815 autem
1894 2761 2076 2830 lepro-

485 2866 606 2905 sum
636 2867 650 2917 ;
685 2859 747 2905 ut
780 2850 1039 2906 Matthan
1068 2858 1123 2905 et
1156 2850 1338 2907 Marco
1374 2852 1657 2922 probatur,
1692 2861 1821 2907 ante
1851 2852 2075 2908 biduum

482 2943 714 2999 Pascha:
747 2942 799 2998 id
842 2958 943 3013 per
982 2943 1269 2998 mulierem
1301 2950 1514 3015 gestum
1544 2959 1685 2999 esse.
1738 2945 1859 2999 Pari
1914 2946 2078 3001 modo

485 3044 544 3091 ct
572 3036 716 3106 apud
746 3035 1020 3091 Joannem
1055 3036 1159 3090 alia
1187 3044 1271 3091 est
1301 3036 1371 3090 ab
1392 3036 1519 3092 illis.
1552 3036 1681 3091 Erat
1714 3038 1861 3091 enim
1887 3038 2078 3092 Lazari

2174 1931 2435 2001 ἑκάτερος
2455 1930 2512 1983 ὲν
2543 1928 2788 2000 Βηθανίᾳ
2817 1938 2841 1967 ο
2887 1925 3097 1997 ταύτην
3123 1925 3381 1994 γενέσθαι
3432 1925 3702 1997 ἐκθέμενος·

2175 2024 2266 2078 καὶ
2286 2025 2317 2076 ὁ
2350 2023 2452 2094 μὲν
2479 2022 2686 2084 πάντας
2717 2017 2841 2073 εἷπε
2882 2021 3009 2082 τοὺς
3044 2017 3300 2089 μαθητὰς
3349 2016 3635 2089 μέμψασθαι
3655 2024 3705 2093 τῇ

2171 2115 2424 2187 γυναικί’
2459 2117 2487 2169 ὁ
2514 2114 2573 2169 δὲ
2600 2114 2692 2167 τὸν
2731 2112 2939 2167 Ἰούδαν
2976 2112 3143 2183 μόνον
3168 2126 3184 2140 ·
3237 2110 3413 2164 καίτοι
3461 2112 3708 2185 ἀμφότεροι

2172 2209 2273 2281 τῆς
2302 2208 2482 2274 οίκίας
2507 2209 2755 2278 Σίμωνος
2787 2205 3309 2278 μνημονεύσαντεςς

2850 2299 3061 2364 Λύσις.

2254 2395 2352 2449 Ἐκ
2370 2393 2581 2449 τούτων
2612 2392 2911 2453 δείκνυται,
2940 2389 3181 2461 διάφορα
3210 2390 3478 2462 πρόσωπα
3496 2390 3549 2443 ἐν
3566 2389 3711 2461 διαφί-

2179 2506 2293 2560 ροις
2317 2490 2534 2559 καιροῖς
2558 2487 2638 2556 τῷ
2687 2485 2848 2557 μύρῳ
2880 2485 2974 2537 τὸν
3020 2484 3234 2553 Κύριον
3266 2482 3497 2552 ἀλεῖψαι.
3556 2484 3609 2536 Ἢ
3644 2483 3713 2553 μὲν

2175 2582 2287 2652 γάρ
2322 2580 2474 2651 παρὰ
2508 2578 2585 2649 τῷ
2617 2578 2799 2648 Λουκᾷ
2826 2575 3166 2647 ἀρχαιοτέρα
3190 2574 3304 2628 τῶν
3347 2574 3516 2629 ἄλλων
3541 2575 3714 2645 ἱστόρη-

2176 2691 2288 2737 ται,
2318 2674 2419 2725 οὑκ
2452 2674 2508 2724 ὲν
2558 2669 2821 2739 Βηθανίᾳ,
2860 2667 2976 2723 ἀλλ’
3011 2670 3070 2720 ὲν
3127 2668 3167 2719 Γ
3171 2667 3395 2738 αλιλαίᾳ
3420 2667 3565 2722 τοῦτο
3609 2668 3716 2737 πρᾶο

2180 2764 2337 2829 ξασα,
2397 2760 2551 2832 παρὰ
2608 2760 2817 2828 Σίμωνί
2864 2777 2972 2813 τινι
3019 2760 3341 2829 Φαρισαξῳ·
3375 2758 3436 2811 οὐ
3476 2760 3715 2829 μέντοιγε

2177 2857 2400 2930 λεπρῷο
2458 2855 2714 2925 καθάπερ
2757 2855 3025 2926 Ματθαίῳ
3071 2855 3226 2908 δοκεῖ
3253 2857 3348 2907 καὶ
3391 2854 3601 2926 Μάρκῳ,
3639 2856 3716 2924 api

2180 2947 2239 3013 ἒξ
2270 2950 2316 2987 θ’
2344 2945 2569 3017 ἡμερῶν
2623 2944 2717 2997 τοῦ
2770 2945 2989 3015 Πάσχα,
3020 2943 3183 2997 τοῦτο
3235 2944 3343 2997 ὑπὸ
3370 2944 3464 3013 τῆς
3513 2946 3717 3013 γυναικὸς

2180 3039 2518 3110 πεπρᾶχθαι.
2558 3036 2833 3113 Ὡσαύτως
2862 3037 2918 3090 δὲ
2943 3037 3039 3089 καὶ
3063 3038 3220 3107 παρὰ
3247 3036 3328 3106 τῷ
3342 3036 3569 3106 Ἰωάννῃ.
3596 3036 3719 3106 ἑτέρα

485 3143 665 3180 soror.
709 3127 831 3193 Quo
865 3127 1068 3182 iactum
1112 3135 1195 3182 cst
1222 3168 1237 3189 ,
1296 3137 1356 3182 ut
1395 3129 1559 3183 modo
1595 3131 1779 3184 cuncti
1825 3130 2076 3200 discipuli

2183 3131 2335 3201 napi:
2365 3132 2592 3192 ταύταςο
2620 3129 2876 3199 Λαζάρου
2898 3129 3008 3201 γάρ
3036 3124 3104 3199 ἦν
3161 3127 3391 3198 ἀδελφή.
3445 3128 3588 3180 Ὅθεν
3623 3142 3718 3181 συν-

487 3216 857 3287 increparent,
877 3220 1041 3273 modo
1057 3234 1199 3276 unus
1225 3218 1253 3274 J
1260 3220 1413 3285 udas,
1433 3236 1557 3276 eum
1581 3237 1692 3276 non
1717 3237 1824 3277 una
1853 3221 2076 3291 femina,

2185 3224 2391 3285 έ6αινε,
2423 3221 2553 3274 ποτὲ
2577 3221 2674 3290 μὲν
2705 3220 2951 3283 ἅπαντας
2977 3221 3101 3282 τοὺς
3139 3218 3398 3289 μαθητάς
3424 3216 3716 3286 ἐπιτιμῆσαι,

489 3311 587 3366 sed
618 3311 851 3367 diversa:
880 3313 1365 3382 redarguerentur.

1030 3484 1322 3558 Diﬂirultas
1362 3503 1536 3546 xxx".

563 3578 811 3645 Quanam
841 3580 1056 3635 ratione
1095 3582 1384 3638 Matthaeus
1414 3590 1471 3636 et
1511 3581 1761 3648 Marcus,
1810 3591 1936 3654 post
1980 3583 2082 3639 Bc-

491 3672 693 3727 thania:
724 3687 958 3737 cmuam,
1004 3671 1203 3728 Judam
1240 3673 1488 3728 referunt
1526 3684 1746 3743 pactum
1800 3675 1970 3731 fuisse
2013 3677 2083 3731 de

488 3771 716 3832 argento
740 3762 1072 3832 proditionis
1095 3765 1116 3794 ⁸
1143 3804 1157 3829 ,
1216 3764 1390 3820 Lucas
1424 3774 1630 3827 autem,
1663 3766 1884 3835 quando
1921 3765 2082 3820 Chri-

488 3865 608 3909 stus
632 3856 798 3910 (inem
834 3855 1095 3925 imposuit
1152 3857 1398 3911 sermoni
1432 3857 1502 3911 de
1533 3858 1783 3912 omnium
1818 3873 2081 3913 consum-

487 3949 766 4003 matione"
789 3965 804 4013 ;
835 3948 1077 4003 Joannes
1099 3964 1232 4003 vero
1247 3963 1461 4005 caenam
1487 3950 1709 4020 quidem
1732 3952 2079 4017 memoravit,

488 4054 680 4094 verum
715 4039 1037 4094 Bethaniam
1072 4041 1284 4095 tacuit:
1316 4050 1372 4094 et
1406 4039 1477 4095 dc
1527 4050 1776 4110 tempore
1833 4043 1901 4095 ab
1958 4040 2083 4097 aliis

487 4131 776 4186 dissonare
806 4130 1026 4185 videtur
1047 4170 1063 4195 ,
1092 4131 1435 4186 mentionem
1475 4130 1686 4186 faciens
1721 4131 1921 4199 noctis,
1972 4147 2079 4202 qna

488 4238 518 4277 a
544 4222 751 4278 Judwis
778 4221 1039 4278 Dominus
1066 4222 1507 4291 comprehensus
1534 4230 1619 4277 est
1642 4221 1666 4274 ?

1174 4312 1396 4367 Salutio.

557 4408 701 4462 Nihil
730 4422 854 4462 cum
888 4406 1233 4461 dissonantia
1260 4406 1467 4460 dictum
1490 4416 1573 4462 est
1604 4408 1673 4462 ab
1700 4410 2080 4482 evangelistis;

489 4500 585 4556 sed
617 4514 741 4567 qum
772 4499 916 4567 apud
951 4497 1088 4552 alios
1115 4497 1368 4562 deerant,
1403 4501 1777 4571 unusquisque
1817 4504 2079 4565 narravit,

490 4600 684 4647 sancto
718 4600 899 4645 motus
923 4588 1138 4660 Spiritu
1165 4606 1181 4655 ;
1215 4604 1325 4659 quo
1353 4592 1669 4646 necessaria
1704 4592 1860 4649 ﬁeret
1891 4611 2082 4649 eorum

491 4689 730 4751 quatuor
760 4682 944 4737 lectio.
990 4681 1162 4753 Igitur
1206 4696 1238 4735 e
1285 4693 1473 4737 mente
1497 4680 1697 4739 Oliveti
1740 4685 2084 4742 descendens

490 4774 781 4840 Dominus,
817 4783 943 4844 post
978 4789 1263 4829 sermones
1293 4773 1414 4831 illos
1434 4776 1501 4830 de
1532 4791 1715 4831 rerum
1736 4793 2086 4835 consumma-

490 4867 664 4933 tione,
695 4866 1018 4922 Bethaniam
1052 4867 1201 4921 venit
1227 4883 1244 4935 ;
1274 4867 1420 4922 unde
1452 4866 1623 4923 Judas
1654 4878 1779 4939 post
1818 4872 2084 4941 unguenti

491 4958 848 5025 oblationem,
868 4958 1174 5014 concitatus
1196 4958 1441 5015 avaritiae
1467 4961 1684 5027 morbo,
1711 4963 1856 5033 quod
1886 4979 2085 5034 nempe

491 5052 638 5108 illius
664 5051 904 5124 pretium
939 5066 1052 5105 non
1095 5050 1438 5121 accepisset,
1493 5052 1629 5106 abiit
1654 5052 1861 5120 statim,
1898 5054 2085 5110 Domi-

489 5161 734 5217 numquc
774 5146 1065 5209 vendidit,
1110 5153 1242 5200 ante
1283 5145 1507 5200 biduum
1557 5144 1802 5202 Paschm.
1844 5148 2086 5205 Joannes

485 5254 642 5304 vero,
668 5239 874 5295 relictis
905 5238 1259 5294 sermonibus
1288 5238 1357 5314 de
1381 5236 1491 5293 ﬁne
1516 5240 1730 5305 mundi,
1762 5240 1830 5295 de
1857 5241 2085 5296 consilio

492 5329 815 5398 pontiﬁcum
851 5329 918 5384 ad
946 5329 1311 5385 occidendum
1354 5329 1670 5398 Dominum,
1702 5329 1964 5386 unctione
1994 5332 2082 5386 illa

495 5418 780 5476 Bethania
806 5419 934 5476 alibi
974 5428 1239 5475 enarrata
1266 5461 1280 5485 ,
1319 5436 1533 5475 necnon
1568 5422 1933 5478 conventione
1959 5439 2089 5493 pro-

562 5559 609 5591 θ’
650 5557 844 5614 Matth.
879 5575 993 5622 ut,
1024 5561 1131 5626 53;
1164 5558 1329 5614 Marc.
1354 5576 1448 5625 xu,
1471 5566 1520 5613 1.
1581 5566 1597 5595 ι
1649 5560 1782 5615 Luc.
1817 5578 1906 5628 xx,
1938 5558 1996 5617 9.
2067 5565 2076 5594 ε

2179 5576 2280 5615 πρ.
2313 5577 2407 5624 xu,
2438 5560 2492 5613 4.
2570 5559 2589 5591 ³
2615 5555 2776 5612 Joan.
2803 5555 2953 5628 xu,i_
2974 5553 3207 5628 ;_Matth.
3239 5553 3456 5628 “31,3:

2183 3315 2315 3367 ποτε
2346 3314 2403 3367 δὲ
2432 3313 2527 3365 τὸν
2570 3311 2800 3365 Ἰούδαν·
2835 3311 2936 3381 οὐχ
2965 3312 3087 3374 ἑνὸς
3121 3308 3447 3382 προσώπου,
3497 3308 3617 3362 ἀλλὰ
3636 3307 3718 3359 δια·

2184 3408 2368 3478 φόρων
2395 3405 2567 3459 ὄντων
2619 3403 2729 3457 τῶν
2754 3403 3219 3473 ἐπιτιμηθέντων.

2858 3492 3116 3559 Ἂπορῖιι.

2256 3587 2378 3651 Πῶς
2402 3585 2681 3648 Λίατθαῖος
2718 3584 2818 3653 μὲν
2850 3583 2946 3635 καὶ
2973 3582 3207 3650 Μάρκος
3239 3580 3380 3651 μετὰ
3418 3580 3476 3634 τὸ
3502 3583 3556 3634 ἐν
3585 3575 3721 3647 Βηθσ-

2181 3683 2272 3755 vi;
2327 3683 2565 3745 δεῖπνον,
2625 3676 2993 3747 συμφωνῆσαι
3031 3675 3094 3727 τὸ
3158 3675 3295 3745 περὶ
3339 3674 3440 3741 τῆς
3488 3668 3720 3741 προδοσίας

2180 3775 2469 3849 ἀργύριον,
2499 3774 2591 3827 τὸν
2646 3771 2847 3825 Ἰούδαν
2883 3769 3195 3822 ἐκτίθενται
3220 3785 3234 3800 ·
3289 3769 3500 3830 Λουκᾶς
3531 3766 3579 3818 is
3601 3762 3721 3833 ἡνίκα

2180 3866 2359 3920 λαλῶν
2413 3864 2481 3918 τά
2523 3863 2653 3933 περὶ
2693 3861 3007 3924 συντελείας
3052 3860 3371 3914 ἑπαύσατο’
3424 3860 3648 3927 Ἰωάννης
3680 3853 3721 3905 δὲ

2180 3959 2396 4012 δείπνου
2420 3957 2518 4027 μὲν
2543 3955 2971 4024 ἐμνημόνευσεν,
2999 3953 3061 4006 οὐ
3112 3954 3303 4022 μέντοι
3356 3952 3456 4023 τὴν
3503 3948 3722 4020 Βηθανίαν

2183 4051 2421 4121 ἱστορεῖ·
2470 4048 2563 4101 καὶ
2589 4046 2717 4118 περὶ
2750 4045 2844 4097 τὸν
2884 4046 3078 4116 καιρόν
3109 4047 3225 4098 ἐστι
3260 4044 3401 4115 πρὸς
3426 4045 3548 4105 τοὺς
3576 4040 3722 4098 ἄλλους

2180 4142 2255 4207 ὡς
2301 4140 2551 4194 δοκοῦσιν
2604 4138 2957 4207 ἀσύμφωνος,
2990 4138 3188 4199 νυκτός
3243 4134 3607 4206 μνημονεύων,
3634 4121 3721 4205 ὲνῇ

2182 4233 2333 4303 παρὰ
2352 4233 2481 4286 τῶν*
2500 4230 2769 4284 Ἰουδαίων
2808 4230 2837 4282 ὁ
2864 4227 3067 4297 Κύριος
3093 4227 3453 4297 συνείληπται
3478 4241 3493 4290 ;

2868 4322 3082 4383 Λύσις.

2256 4413 2425 4468 esse»
2473 4409 2825 4482 ἀσυμφώνως
2870 4412 2983 4472 τοῖς
3032 4408 3458 4476 εὐαγαίελισταῖς
3505 4404 3720 4475 εἴρηται·

2119 4543 2161 4598 D
2189 4507 2323 4561 ἀλλὰ
2349 4507 2419 4559 τά
2471 4505 2624 4576 παρὰ
2677 4501 2923 4571 ἀλλήλων
2966 4500 3321 4568 ὲλλειφθὲντα
3371 4490 3724 4598 ἕκαστοίίστὶί·

2193 4615 2346 4672 pnas,
2387 4598 2664 4666 Πνεύματι
2694 4593 2832 4663 ἁγίῳ
2867 4593 3187 4662 κινούμενος
3209 4605 3225 4619 ·
3259 4591 3348 4644 ἵνα
3375 4585 3632 4657 ἀναγκαία
3661 4583 3722 4650 sit;

2189 4691 2297 4745 τῶν
2329 4690 2613 4759 τεσσάρων
2638 4691 2670 4758 ὴ
2700 4687 3031 4754 ἀνάγνωσις.
3082 4684 3218 4737 Ἀπὸ
3261 4684 3441 4737 τοίνυν
3483 4679 3571 4733 τοῦ
3600 4678 3722 4749 ὅρους
3826 4686 3833 4695 ’

2190 4784 2299 4836 τῶν
2331 4780 2525 4835 ἐλαιῶν
2548 4782 2579 4833 ὁ
2610 4779 2814 4851 Κύριος
2836 4775 3086 4840 καταϐὰς
3119 4775 3255 4845 μετὰ
3311 4775 3439 4837 τοὺς
3469 4772 3587 4843 περὶ
3629 4782 3723 4820 συν-

2191 4874 2403 4935 τελείας
2451 4871 2665 4941 λόγους,
2708 4872 2787 4933 εἰς
2817 4867 3091 4940 Βηθανίαν
3134 4864 3326 4938 ἦλθεν,
3391 4866 3512 4920 ὅθεν
3564 4858 3725 4918 ἰοΜ

2196 4968 2337 5039 μετὰ
2381 4964 2478 5035 τὴν
2515 4960 2831 5035 προσφοράν
2884 4959 2977 5013 τοῦ
3012 4958 3187 5030 μύρου
3238 4957 3535 5029 ἐρεθισθεὶς
3562 4952 3630 5022 τῷ
3651 4947 3725 5015 τῆς

2194 5057 2561 5130 φιλαργυρίας
2605 5055 2896 5125 νοσήματι,
2937 5049 3113 5121 ὁτιδὴ
3144 5050 3244 5120 τὴν
3298 5049 3487 5103 τούτου
3536 5045 3623 5113 οὐχ
3646 5040 3727 5093 ὐπ-

2192 5150 2408 5215 εδέξατο
2425 5147 2611 5218 τιμὴν,
2629 5143 2879 5199 ἀπελθὼν
2897 5142 3101 5206 εὐθέως
3111 5141 3202 5195 τὸν
3223 5141 3426 5212 Κύριον
3443 5138 3725 5205 ἐπίπρασκες

2195 5242 2300 5314 πρὸ
2328 5240 2423 5294 δύο
2451 5237 2679 5310 ἡμερῶν
2699 5236 2795 5289 τοῦ
2816 5236 3028 5305 Πάσχα.
3082 5234 3337 5302 Ἰωάννης
3365 5232 3423 5285 δὲ
3451 5220 3728 5314 παραλιπὼν

2192 5313 2319 5396 τοὺς
2354 5348 2421 5383 πε
2433 5329 2485 5402 pl.
2510 5327 2820 5390 συντελείας
2852 5325 3043 5394 λόγους
3086 5324 3184 5378 καὶ
3211 5324 3311 5395 τὴν
3339 5322 3445 5374 τῶν
3471 5313 3726 5389 ἀρχιερέων

2201 5426 2293 5476 ἐπὶ
2320 5423 2383 5491 τῇ
2413 5419 2692 5490 ἀναιρέσει
2720 5416 2819 5472 τοῦ
2844 5415 3045 5488 Κυρίου
3071 5412 3386 5486 βουλὴν,κα¹ί
3406 5412 3461 5465 τὸ
3490 5402 3727 5479 ἱστορηθὲν

3547 5548 3565 5580 ⁸
3590 5544 3730 5601 Marc.

497 5642 607 5692 xw,
638 5629 691 5682 1.
765 5629 788 5660 ⁸
815 5629 947 5683 Luc.
982 5621 1085 5699 ’vu,
1118 5621 1209 5687 37.
1288 5632 1307 5659 °
1339 5621 1536 5684 Matth.
1575 5647 1717 5698 xxvi,
1764 5634 1856 5700 is;
1890 5621 2062 5689 'Marc.

2179 5647 2223 5695 ν,
2266 5631 2350 5685 10.
2398 5621 2445 5661 ’⁷
2486 5629 2619 5685 Luc.
2650 5644 2777 5693 xxn,
2805 5621 2895 5681 5(
2938 5626 2958 5655 ⁸
2986 5624 3282 5686 Joan.xru,
3309 5621 3362 5689 2,
3395 5622 3496 5696 '50.,

1840 5741 2066 5800 VARIIE
2112 5739 2523 5797 LECTIONES.

579 5819 603 5848 ο
632 5806 695 5861 1η
727 5827 822 5865 ma.
856 5828 1062 5884 semper
1121 5814 1240 5867 Βιθ.
1325 5815 1384 5854 ε*
1406 5812 1465 5867 F.
1498 5814 1611 5867 δύο.
