3934 6404
556 378 694 443 1423

1756 370 2119 432 HESYCHII
2163 370 2642 432 PRESBYTERI

3634 383 3737 452 142i

551 492 698 547 circa
736 482 1002 555 suspicati
1043 487 1174 536 sunt
1200 477 1483 552 discipuli,
1517 477 1582 534 ad
1615 480 1724 534 tale
1769 480 2137 536 ministerium

2248 478 2442 549 ψυχῇ,
2460 481 2646 535 ταῦτα
2674 479 3069 551 ποιηθήσεται
3097 482 3254 553 ὑμῖν.
3281 484 3431 543 Ὅθεν
3474 492 3686 553 ὑπενόουν
3703 509 3739 557 οἱ

558 584 747 638 ludam
803 580 1043 647 legatum
1100 574 1274 631 fuisse
1339 587 1463 645 p05t
1531 574 1793 630 buccellae
1839 574 2143 644 susceptio-

447 682 455 688 “
553 690 700 730 nem.

1121 757 1417 829 Difﬁcultas
1452 773 1613 812 xxxv.

621 852 741 921 Quo
777 850 945 907 modo
991 849 1168 905 Lucas
1222 864 1345 919 qua:
1397 847 1569 902 multo
1623 858 1875 917 tempore
1923 862 2140 903 caenam

549 951 969 1015 praecesserant,
990 941 1256 997 nonnulla
1292 942 1458 996 etiam
1496 954 1619 1010 qua:
1654 940 1950 995 subsecuta
1989 949 2138 1006 sunt,

563 1046 824 1103 tanquam
856 1033 1003 1087 inter
1049 1045 1267 1086 caenam
1328 1030 1470 1084 facta
1523 1038 1781 1094 enarrat;
1841 1045 1964 1099 quae
2006 1044 2141 1100 apo-

549 1126 705 1181 stolis
740 1124 1040 1180 edisseruit
1070 1123 1329 1179 Christus
1353 1162 1369 1189 ,
1411 1122 1480 1177 de
1509 1122 1732 1178 vitanda
1783 1120 2141 1176 contentione

548 1217 697 1271 circa
727 1216 1022 1286 primatum
1055 1214 1100 1246 ¹⁵
1127 1230 1142 1279 ;
1177 1228 1409 1283 quaeque
1448 1211 1613 1266 Petro
1636 1252 1651 1274 ,
1706 1209 2012 1281 praedicens
2041 1223 2141 1262 ne-

547 1311 828 1380 gationem
864 1326 877 1361 :
912 1321 1152 1375 quorum
1182 1305 1357 1375 prius,
1393 1305 1569 1359 multo
1597 1311 1727 1358 ante
1754 1316 1968 1358 contam
1999 1298 2139 1354 Mat-

550 1403 728 1456 thaeus
774 1407 831 1454 et
878 1399 1092 1453 Marcus
1123 1398 1435 1453 docuerunt
1472 1412 1608 1462 nos;
1660 1395 1934 1466 posterius
1982 1408 2136 1457 vero,

548 1499 677 1561 post
701 1504 939 1555 cmnam,
968 1489 1080 1561 jam
1111 1486 1244 1543 Jesu
1281 1487 1350 1542 ad
1379 1495 1622 1541 montem
1651 1484 2034 1557 protlcisecnte
2058 1482 2140 1534 ὀἳ

1268 1577 1494 1633 Salutio.

520 1710 529 1716 -
618 1676 759 1744 Quia
788 1689 959 1746 super
984 1673 1172 1729 omnia
1190 1672 1454 1727 mandata
1474 1714 1489 1738 ,
1536 1670 1759 1726 Christo
1791 1679 1941 1742 grata
1975 1686 2137 1726 acce-

549 1778 753 1840 ptaque
786 1775 906 1822 erat
945 1765 1248 1829 humilitas,
1287 1764 1467 1834 utqui
1497 1779 1617 1818 eam
1648 1772 1703 1817 et
1734 1764 1996 1833 operibus
2040 1763 2140 1818 de-

548 1866 905 1923 monstraret,
930 1872 1075 1927 saepe
1122 1857 1190 1911 de
1238 1856 1327 1909 illa
1374 1856 1443 1909 ad
1487 1854 1786 1925 discipulos
1825 1869 2137 1909 sermonem
2171 1846 2212 1901 Β

552 1951 766 2008 habuit.
803 1950 989 2004 Primo
1021 1952 1076 2002 in
1117 1947 1557 2002 beatitudinibus
1585 1986 1600 2012 ,
1638 1956 1751 2001 tum
1785 1946 1954 2001 semel
1976 1988 1991 2013 ,
2025 1954 2140 2001 tum

549 2041 635 2097 his
657 2043 699 2074 ’⁷
730 2058 746 2109 ;
790 2039 992 2096 deinde
1034 2038 1258 2108 quando
1289 2038 1568 2108 petierunt
1597 2036 1695 2092 lilii
1727 2036 1977 2092 Zebedtci
2006 2078 2023 2105 ,
2080 2044 2142 2092 ut

547 2135 614 2189 ad
649 2134 935 2189 dexteram
963 2141 1019 2186 et
1048 2131 1116 2185 ad
1156 2130 1437 2185 sinistram
1468 2129 1613 2185 illius
1638 2129 1894 2184 sederent
1922 2129 1965 2161 ⁸⁸
1998 2146 2013 2195 ;
2047 2124 2142 2184 ad-

547 2228 665 2282 hac
694 2226 751 2279 in
783 2240 962 2285 ctena.
994 2238 1145 2289 cum,
1185 2223 1267 2277 uti
1300 2237 1397 2293 par
1427 2232 1531 2288 est,
1566 2222 1866 2292 discipulos
1894 2221 1961 2276 ad
1983 2237 2139 2276 amo-

545 2333 663 2374 rem
694 2316 1041 2388 principatus
1072 2315 1409 2371 concitasset
1451 2313 1607 2370 Judze
1640 2315 1933 2369 temeritas
1963 2355 1978 2378 ,
2042 2313 2138 2385 qui

546 2429 774 2469 manum
799 2427 956 2470 suam
999 2427 1125 2466 cum
1158 2410 1387 2466 Domino
1418 2410 1690 2481 intingere
1730 2411 1783 2463 in
1819 2410 2003 2465 catino
2037 2424 2139 2464 au-

545 2520 642 2560 sus
673 2504 875 2559 fuerat.
915 2502 1156 2559 Proinde
1185 2501 1505 2557 necessario
1531 2501 1823 2557 Mattheus
1848 2510 1903 2556 et
1916 2499 2140 2557 Marcus

548 2599 756 2669 prima;
784 2612 908 2668 quae
937 2611 1069 2653 vero
1102 2595 1159 2650 in
1188 2611 1345 2652 caena
1372 2635 1387 2660 ,
1440 2595 1656 2661 Lucas;
1705 2593 1969 2659 Joannes,
2003 2592 2140 2648 acti-

547 2704 670 2743 vam
701 2704 799 2758 per
847 2686 1184 2757 lavipedium
1209 2686 1251 2719 "
1280 2725 1297 2751 ,
1330 2685 1549 2740 Domini
1578 2684 1645 2740 de
1681 2683 1993 2739 humilitate
2038 2683 2140 2737 do-

546 2781 804 2845 ctrinam,
836 2787 1235 2849 exposuerunt,
1274 2778 1558 2833 derelictis
1587 2777 1655 2833 iis
1684 2776 1887 2847 singuli
1917 2792 2042 2847 quae
2072 2775 2141 2830 ab

546 2875 671 2930 aliis
710 2873 857 2929 dicta
904 2872 1147 2927 fuerant.
1204 2869 1412 2926 Eodem
1465 2870 1627 2925 modo
1685 2869 1937 2924 ardorem
1991 2868 2139 2924 Petri

547 2979 913 3037 cognoscens,
944 2963 1262 3033 frequenter
1296 2962 1349 3017 ei
1382 2978 1498 3016 rem
1528 2961 1804 3026 declarat;
1833 2970 1889 3015 et
1909 2961 1965 3015 in
1983 2976 2139 3018 caana

2248 569 2486 639 μαθηταὶ
2508 573 2589 633 εἰς
2612 571 2876 644 τοιαύτην
2906 572 3188 627 διακονίαν
3219 576 3467 651 σταλῆναι
3490 584 3569 636 τὶν
3588 588 3741 648 Ἰούδαν

2248 660 2387 731 μετὰ
2406 661 2504 733 τὴν
2534 662 2629 716 τοῦ
2658 662 2876 735 ψωμίου
2916 664 3210 737 ὑποδοχήν.

2899 758 2955 811 Ἀ
2963 759 3165 826 «opta.

2311 847 2431 914 Πῶς
2462 851 2488 902 ὁ
2524 851 2742 913 Λουκᾶς
2774 849 2844 903 τὰ
2875 851 2981 922 πρὸ
3008 852 3145 905 πολὺ
3179 854 3270 907 τοῦ
3325 855 3523 912 δείπνου
3546 867 3747 937 γινόμενα

2243 939 2534 1010 πρότερον,
2562 940 2681 995 ἔνια
2726 941 2784 995 δὲ
2810 944 2905 996 καὶ
2932 942 3163 1015 ὕστερον
3210 946 3283 1010 ὡς
3310 948 3366 999 ἐν
3391 949 3463 1020 τῷ
3487 951 3657 1028 δείπνῳ
3685 981 3744 1030 γε.

2242 1030 2441 1124 γονὸτα
2465 1032 2742 1124 ἐκτίθεται
2767 1050 2779 1063 ·
2813 1035 2912 1087 ὅσα
2932 1038 3044 1099 τοῖς
3067 1037 3381 1102 ἀποστόλοις
3402 1040 3640 1117 διελέχθη,
3661 1058 3748 1124 περὶ

2241 1120 2338 1176 τοῦ
2372 1124 2448 1193 μὴ
2480 1123 2591 1177 δεῖν
2622 1126 2755 1198 περὶ
2779 1128 3069 1199 πρωτείων
3098 1129 3443 1198 φιλονεικεῖν
3489 1137 3570 1187 καὶ
3594 1139 3672 1193 ὅσα
3693 1120 3744 1197 to

2242 1216 2438 1288 Πέτρῳ
2497 1220 2894 1289 προαγορεύων
2925 1220 3027 1291 τὴν
3056 1221 3287 1291 ἄρνησιν
3328 1219 3400 1276 ῶν
3418 1224 3476 1278 τὸ
3505 1201 3749 1302 μὲν

2245 1325 2337 1379 ρον
2363 1310 2471 1381 πρὸ
2495 1310 2693 1365 πολλοῦ
2738 1313 2831 1366 τοῦ
2866 1313 3086 1367 δείπνου
3129 1315 3406 1376 Ματθαῖος
3452 1323 3539 1373 καὶ
3584 1325 3748 1397 Μάρκος

2239 1403 2392 1473 ἡμᾶς
2422 1403 2668 1468 ἐδίδαξαν
2688 1421 2703 1435 ·
2744 1405 2805 1459 τὸ
2827 1406 3081 1479 δεύτερον
3107 1408 3163 1460 δὲ
3195 1410 3335 1480 μετὰ
3371 1410 3431 1462 τὸ
3455 1411 3659 1482 δεῖπνον,
3682 1418 3748 1491 ήδη

2239 1494 2336 1549 τοῦ
2360 1494 2539 1566 Ἰησοῦ
2564 1496 2701 1569 πρὸς
2731 1499 2792 1551 τὸ
2814 1498 2942 1572 ὅρος
2966 1500 3246 1566 ὁδεύοντος
3268 1521 3284 1569 ;

2916 1594 3129 1661 Λύσις.

2311 1679 2531 1753 Ἐπειδὴ
2563 1680 2715 1752 παρὰ
2735 1680 2919 1742 πάσας
2949 1682 3048 1745 τὰς
3082 1683 3325 1750 ἐντολὰς,
3363 1692 3751 1758 περισπούδαστος

2239 1770 2318 1841 τῷ
2348 1772 2569 1843 Χριστῷ
2598 1773 3152 1847 ήταπεινοφροσύνη,
3179 1775 3257 1840 ὡς
3289 1778 3383 1830 καὶ
3410 1779 3492 1831 διὰ
3512 1780 3605 1834 τῶν
3630 1784 3750 1855 ἔργων

2240 1864 2412 1937 αὐτὴν
2447 1865 2833 1938 ἐνδειξαμένῳ,
2862 1867 3130 1931 πολλάκις
3161 1870 3292 1939 περὶ
3322 1871 3491 1942 αὐτῆς
3515 1876 3612 1937 τοῖς
3637 1876 3753 1945 μαθη.

2241 1959 2366 2020 ταῖς
2388 1957 2664 2029 διηλὲχθη.
2706 1959 2929 2030 Πρῶτον
2965 1961 3064 2031 μὲν
3092 1962 3151 2015 ἐν
3177 1964 3296 2026 τοῖς
3327 1969 3752 2036 μακαρισμοίς,κσὶ

2244 2048 2393 2117 ἅπαξ
2424 2049 2521 2104 καὶ
2560 2050 2641 2113 δίς
2661 2066 2676 2081 ·
2730 2049 2922 2105 ἔπειτα
2953 2051 3011 2104 δὲ
3036 2053 3129 2105 καὶ
3159 2055 3217 2106 ἐν
3264 2056 3332 2124 τῇ
3368 2056 3568 2126 αἰτήσει
3607 2058 3684 2127 τῆς
3711 2062 3752 2112 ἐκ

2241 2139 2433 2206 δεξιῶν
2464 2141 2559 2195 καὶ
2613 2139 2675 2206 ἐξ
2704 2140 3002 2212 εὐωνύμων
3032 2143 3199 2197 αὑτοῦ
3256 2143 3520 2215 καθέδρας
3544 2146 3635 2200 τῶν
3665 2150 3752 2201 υἱῶν

2242 2233 2553 2288 Ζεϐεδαίου.
2581 2233 2692 2287 Καὶ
2721 2235 2779 2287 ἐν
2808 2233 2887 2305 τῷ
2913 2233 3117 2306 δείπνῳ
3144 2235 3225 2302 δὲ,
3264 2238 3366 2306 τῆς
3398 2237 3485 2290 τοῦ
3503 2237 3650 2292 Ἰούδα
3667 2258 3755 2310 προ-

2242 2323 2465 2387 πετείας
2494 2325 2571 2389 ὡς
2624 2325 2772 2389 είκδς
2823 2326 2952 2391 τοὺς
2991 2327 3249 2398 μαθητὰς
3304 2330 3384 2392 είς
3438 2331 3754 2402 φιλοπρωτείαν

2244 2417 2596 2489 ἑρεθισάσης,
2642 2418 2870 2489 βάπτειν
2899 2418 2999 2490 τὴν
3027 2421 3191 2490 χεῖρα
3221 2421 3282 2473 ἐν
3313 2420 3391 2492 τῷ
3425 2422 3635 2493 τρυϐλίῳ
3665 2427 3757 2493 μετὰ

2238 2506 2337 2561 τοῦ
2364 2508 2642 2561 Δεσπὸτου
2662 2508 3058 2580 τολμήσαντος.
3076 2509 3243 2565 Ὅθεν
3278 2512 3598 2581 ἀναγκαίως,
3616 2515 3669 2567 τὰ
3692 2515 3757 2584 μὲν

2241 2596 2435 2669 πρῶτα
2467 2597 2750 2663 Ματθαῖος
2797 2602 2895 2653 καὶ
2942 2601 3172 2671 Μάρκος
3195 2643 3210 2668 ,
3248 2603 3318 2655 τὰ
3345 2602 3401 2657 δὲ
3430 2604 3485 2656 ἐν
3528 2604 3595 2675 τῷ
3617 2604 3759 2674 δείπνῳ

2239 2690 2475 2756 Λουκᾶς,
2493 2689 2754 2763 Ἰωάννης
2782 2691 2840 2745 δὲ
2870 2691 2970 2763 τὴν
2998 2693 3321 2765 πρακτικὴν
3343 2694 3432 2747 διὰ
3451 2695 3537 2749 τοῦ
3566 2698 3758 2766 νιπτῆρος

2238 2777 2334 2833 τοῦ
2366 2782 2570 2853 Κυρίου
2625 2783 2982 2838 διδασκαλίαν
3024 2786 3155 2858 περ)⁸
3210 2787 3682 2858 ταπεινοφροσύνης
3706 2788 3755 2851 ἐξ-

2240 2870 2461 2937 ἔθεντο,
2522 2874 2928 2941 παραλιπόντες
2981 2878 3051 2930 τὰ
3102 2878 3197 2931 ὑπ’
3244 2878 3488 2950 ἀλλήλων
3540 2880 3758 2951 εἰρημένα.

2251 2963 2531 3029 Ὡσαύτως
2582 2966 2643 3019 τὸ
2684 2965 2890 3039 θερμὸν
2949 2967 3045 3022 τοῦ
3087 2970 3305 3043 Πέτρου
3358 2971 3532 3037 εἰδὼς,
3589 2972 3761 3041 συνεχῶς

547 3056 854 3128 praedicens
883 3055 1257 3126 negationem,
1297 3062 1348 3109 et
1390 3053 1447 3107 in
1485 3062 1728 3107 montem
1762 3067 1996 3124 pergens
2034 3051 2137 3108 oll-

2241 3055 2390 3126 αύτῷ
2425 3057 2787 3127 ἐμφανίζεται
2807 3075 2820 3088 ο
2850 3060 2945 3114 καὶ
2993 3060 3052 3114 ἐν
3078 3059 3159 3131 τῷ
3189 3062 3401 3134 δείπνῳ
3447 3062 3762 3135 προαγορεύων

550 3165 743 3204 varum
774 3165 789 3201 :
818 3162 1008 3204 verum
1041 3163 1164 3218 quae
1211 3146 1265 3200 in
1298 3162 1455 3202 caena
1490 3146 1634 3202 dicta
1671 3155 1799 3201 sunt
1838 3146 1908 3202 de
1940 3145 2137 3217 pmdi-

2241 3147 2342 3217 τὴν
2369 3149 2624 3221 ἄρνησιν,
2658 3152 2753 3205 καί⁵
2778 3152 2918 3223 πρὸς
2940 3153 3003 3206 τὸ
3031 3153 3160 3226 δρος
3193 3154 3307 3209 τῶν
3329 3154 3518 3209 ἐλαιῶν
3540 3149 3764 3226 πορενᾶμε·

549 3248 737 3304 ctione
764 3246 1073 3318 negationis
1100 3244 1249 3301 Petri
1277 3286 1292 3309 ,
1324 3245 1500 3301 Lucas
1542 3252 1598 3300 et
1622 3244 1864 3301 Joannes
1895 3248 2137 3317 scripse-

2245 3256 2335 3302 vo;
2354 3256 2367 3269 '
2403 3240 2539 3295 άλλά
2570 3242 2638 3296 τὰ
2673 3244 2770 3314 μὲν
2801 3245 2859 3297 tv
2885 3244 2962 3315 τῷ
2987 3245 3192 3319 δείπνῳ
3216 3249 3447 3312 Λουκᾶς
3477 3246 3762 3314 καὶΊωάννης

550 3351 685 3398 runt
704 3341 750 3375 “
777 3359 793 3410 ;
819 3357 943 3413 qua:
970 3357 1102 3399 vero
1127 3351 1251 3413 post
1269 3356 1503 3398 caenam.
1542 3340 1830 3397 Matthtcus
1852 3349 1908 3395 et
1924 3339 2137 3395 Marcus

2245 3333 2377 3403 περὶ
2397 3333 2495 3405 τῆς
2525 3336 2887 3407 προρρήσεως
2917 3337 3016 3407 τῆς
3040 3339 3251 3409 Πέτρου
3282 3341 3558 3411 ἀρνήσεως
3577 3336 3757 3403 ἐξέθετο·

548 3443 869 3491 narrarunt.

1105 3613 1392 3686 Difﬁcultas
1427 3630 1614 3670 xxxvr.

620 3707 762 3775 Quid
791 3707 870 3764 rei
900 3717 1005 3775 est,
1041 3708 1189 3778 quod
1212 3707 1401 3762 Jesum
1432 3707 1510 3762 illi
1532 3705 1754 3777 quidem
1797 3715 2026 3759 narrant
2055 3720 2142 3761 as-

548 3798 852 3869 sumpsisse
905 3797 963 3852 in
1016 3796 1374 3853 Gcthsemani
1428 3795 1765 3866 discipulos,
1821 3802 1878 3849 et
1929 3808 2134 3859 orasse,

545 3892 770 3964 illicque
797 3892 1058 3948 traditum
1090 3892 1300 3959 fuisse;
1330 3890 1509 3949 Lucas
1541 3906 1672 3947 vero
1718 3892 1774 3946 in
1810 3899 2000 3947 monte
2030 3889 2137 3944 oli-

546 3999 777 4048 varum;
812 3984 1056 4040 Joannes
1107 3983 1164 4039 in
1191 3984 1357 4041 horto
1382 3984 1619 4055 quodam
1653 3992 1804 4039 trans
1840 3989 2137 4037 torrentem

546 4075 767 4134 Cedron
790 4080 831 4110 "
858 4078 881 4131 ?

1260 4167 1487 4223 Salutio.

618 4258 862 4314 Diversis
892 4259 1116 4329 quidem
1150 4260 1398 4327 vocibus,
1430 4268 1486 4314 at
1520 4257 1885 4314 concordibus
1910 4266 2135 4314 sentem

546 4347 640 4403 tiis
672 4349 892 4419 utrique
930 4352 1257 4407 retulerunt.
1303 4351 1433 4407 Post
1473 4366 1688 4407 coenam
1740 4351 1928 4417 enim,
1978 4351 2136 4422 juxta

544 4440 861 4497 Matlhaeutn
894 4454 948 4499 et
976 4443 1218 4500 Marcum
1240 4488 1258 4510 ,
1320 4444 1513 4516 hymno
1561 4444 1701 4499 dicto
1724 4486 1740 4512 ,
1808 4446 2047 4499 exierunt
2077 4445 2135 4498 in.

2242 3425 2312 3478 τὰ
2344 3425 2399 3477 δὲ
2430 3426 2571 3496 μετὰ
2616 3427 2675 3480 τὸ
2706 3427 2923 3483 δεῖπνον
2974 3429 3258 3495 Ματθαῖος
3293 3432 3391 3485 καὶ
3438 3431 3642 3501 Μάρκος
3668 3428 3759 3481 isti-

2246 3533 2439 3588 ρησαν.

2902 3613 3157 3682 Ἀπορὶα.

2307 3704 2466 3767 Τίνος
2500 3705 2662 3776 χάριν
2691 3704 2783 3758 τὸν
2812 3704 3050 3774 Ἰησοῦν,
3075 3706 3125 3759 οί
3159 3705 3262 3774 μὲν
3297 3703 3589 3775 ἱστοροῦσιν
3612 3704 3655 3755 ἐν
3679 3698 3765 3753 Γεθ-

2249 3797 2475 3867 σημανῆ
2516 3796 2857 3868 παραλαϐεῖν
2906 3799 3035 3861 τοὺς
3084 3797 3368 3869 μαθητάς,
3420 3799 3511 3851 καὶ
3544 3794 3766 3867 προσεύξα-

2244 3889 2407 3956 σθαι,
2445 3892 2564 3944 ἐκεῖ
2598 3908 2658 3943 τε
2692 3889 3071 3961 παραδοθῆναι
3094 3907 3108 3921 ο
3142 3892 3365 3955 Λουκᾶς
3395 3890 3451 3943 δέ
3499 3891 3572 3952 εἰς
3596 3887 3646 3941 τὸ
3683 3885 3765 3955 ὅρος

2240 3982 2351 4035 τῶν
2372 3980 2625 4036 Ἐλαιῶν·
2649 3982 2907 4051 ἰωάννης
2940 3982 3022 4044 είς
3052 3980 3231 4051 κῆπόν
3264 3998 3389 4034 τινα
3417 3980 3579 4052 πέραν
3600 3976 3764 4044 1051“-

2243 4074 2461 4145 μὰρῤου
2491 4073 2600 4126 τῶν
2629 4074 2850 4144 Κέδρων
2867 4091 2883 4140 ;

2933 4167 3150 4234 Λύσις.

2309 4259 2591 4330 Διαφόρως
2645 4259 2743 4330 μὲν
2783 4261 2903 4323 ταῖς
2949 4259 3148 4324 λέξεσι,
3184 4257 3499 4331 συμφώνως
3523 4258 3575 4311 δὲ
3601 4256 3692 4315 ταῖς
3709 4253 3760 4302 ἐν·

2238 4351 2412 4414 νοίαις
2443 4350 2704 4422 ἑκάτερος
2729 4350 2967 4415 ἐξέθετο.
2990 4351 3145 4404 Μετὰ
3170 4338 3289 4423 γὰρ
3302 4351 3364 4404 τὸ
3397 4351 3620 4411 δεῖπνον,
3640 4342 3767 4400 καθὼ;

2237 4441 2505 4514 Ματθαίῳ
2541 4443 2635 4495 καὶ
2690 4441 2904 4513 Μάρκῳ
2948 4442 3117 4506 δοκεῖ,
3148 4441 3538 4512 ὑμνήσαντες
3573 4436 3768 4504 ἐξῆλθον

547 4543 772 4588 montem
801 4533 991 4591 Oliveti
1017 4539 1091 4602 ",-
1119 4533 1187 4592 ad
1227 4537 1384 4608 cujus
1412 4537 1626 4593 radices
1662 4537 1765 4592 sita
1797 4546 1882 4593 est
1908 4538 2137 4593 Gethse-

2244 4537 2332 4601 εὶς
2361 4534 2423 4588 τὸ
2448 4534 2586 4603 ὄρος
2636 4534 2755 4588 τῶν
2791 4534 3051 4590 Ἐλαιῶν
3076 4552 3091 4567 ο
3140 4529 3201 4588 οὗ
3246 4536 3392 4608 πρὸς
3443 4535 3503 4588 τὸ
3545 4528 3769 4604 προπόδων

544 4627 695 4682 mani
752 4637 902 4685 trans
956 4639 1256 4686 torrentem
1307 4630 1562 4697 Ccdron,
1623 4631 1713 4685 ubi
1757 4641 1879 4686 erat
1915 4630 2135 4697 hortus,

543 4721 1006 4788 quemadmodum
1027 4738 1057 4776 a
1080 4720 1297 4778 Joanne
1320 4723 1528 4778 dictum
1555 4731 1663 4778 est.
1687 4723 1843 4779 Unde
1868 4723 2135 4799 recedens

542 4812 702 4881 quasi
731 4814 799 4867 ad
825 4813 1032 4884 jactum
1064 4816 1282 4886 lapidis.
1331 4825 1387 4870 et
1426 4816 1482 4869 in
1524 4815 1644 4883 ipso
1678 4815 1884 4871 montis
1925 4817 2134 4871 vertice

542 4905 894 4970 constitutus,
926 4906 1237 4976 iterumque
1263 4921 1447 4971 orans,
1474 4906 1543 4960 ad
1573 4904 1873 4975 discipulos
1889 4906 2044 4961 venit
2077 4905 2133 4960 in

540 4994 895 5052 Gethsemani
931 5014 1130 5054 somno
1163 5008 1453 5067 gravatos;
1517 4997 1610 5054 ulli
1649 5008 1707 5054 et
1760 4999 2128 5070 comprehen-

540 5102 637 5143 sus
666 5098 767 5145 εει.

1072 5181 1369 5254 Diﬁicultas
1398 5198 1607 5238 xxxvn.

613 5273 676 5327 ln
701 5288 864 5345 quem
894 5274 1121 5330 modum
1152 5274 1441 5331 Matthazus
1461 5284 1519 5330 et
1552 5274 1768 5334 Marcus
1820 5286 1903 5334 ter
1948 5277 2128 5348 ipsum

538 5374 766 5420 narrant
819 5365 888 5420 de
941 5366 1197 5436 passione
1262 5383 1450 5422 orasse
1498 5387 1513 5434 ;
1560 5367 1739 5425 Lucas
1772 5412 1788 5439 ,
1821 5371 2031 5437 semel;
2081 5372 2138 5425 at

536 5453 778 5509 Joannes
804 5469 984 5525 neque
1026 5454 1134 5512 hoc
1156 5455 1359 5510 litteris
1404 5457 1626 5511 tradidit
1649 5459 1740 5512 ‘3?

610 5593 656 5627 ¹⁸
694 5592 827 5647 Luc.
862 5607 997 5657 xxn,
1027 5591 1121 5647 25.
1200 5593 1452 5649 "Matth.
1488 5612 1576 5656 xx.
1604 5598 1708 5665 25;
1742 5598 1908 5653 Mare.
1942 5615 1996 5664 x,
2025 5599 2129 5665 49.;

610 5660 713 5703 [ηρ
756 5680 806 5703 vt
859 5664 959 5703 on-
996 5661 1163 5703 Mnllh
1214 5679 1283 5703 γε
1334 5665 1407 5703 9.x
1542 5668 1584 5700 ιο
1629 5666 1758 5703 Ιιιηη
1810 5684 1906 5703 νιιι
1962 5672 1987 5703 ι
2127 5672 2137 5703 1

2241 5601 2371 5703 attain
2402 5618 2577 5703 lxvi,
2600 5603 2690 5703 a(5‘0
2720 5619 2758 5703 ;ι
2793 5601 2960 5658 Marc.
3011 5620 3141 5703 nlo,
3192 5603 3280 5703 26'.

2127 5672 2170 5703 ”
2217 5671 2348 5726 Luc.
2402 5687 2541 5732 χιιι.
2600 5671 3157 5738 54ς]οαη.χιιι,58.

2055 5741 2101 5771 ”
2119 5740 2310 5797 Matth.
2338 5758 2484 5810 xxvi,
2509 5743 2606 5811 50;
2644 5742 2811 5800 Marc.
2848 5760 2973 5811 xtv,
3014 5743 3107 5800 26.

539 5664 584 5697 η
601 5660 732 5718 Luc.
756 5680 831 5729 vt,
859 5664 962 5729 ‘20;
995 5661 1188 5717 Matth.
1214 5679 1307 5731 xx,
1334 5665 1425 5718 25.

538 5733 704 5802 Marc.
738 5749 848 5798 xlv,
875 5733 981 5797 '52;
1012 5733 1142 5787 Luc.
1172 5749 1304 5797 xxtt,
1333 5735 1437 5802 59;

536 5801 702 5858 Marc.
729 5820 839 5866 xw,
873 5805 968 5869 4|;
1011 5803 1140 5857 Luc.
1174 5819 1307 5871 xxtt,
1332 5804 1419 5859 4L

1542 5668 1584 5700 "
1622 5666 1779 5723 Joan.
1810 5684 1930 5733 xm,
1958 5672 2013 5734 4,

1511 5735 1671 5794 Joan.
1697 5754 1850 5807 xvnt,
1889 5740 1940 5794 1.

2241 4627 2569 4699 Γεθσημανῆ
2584 4629 2955 4699 κείταιπέραν
2987 4627 3083 4681 τοῦ
3115 4630 3428 4699 χειμάρρου
3453 4627 3556 4679 τῶν
3580 4622 3767 4689 Κέδρων,
3834 4692 3841 4703 1

2241 4718 2372 4773 ἔνθα
2410 4716 2479 4792 ἦν
2510 4723 2706 4790 κῆπος,
2738 4720 2879 4773 κατὰ
2922 4720 2985 4773 τὸ
3031 4721 3137 4773 ὑπὸ
3165 4720 3423 4774 Ἰωάννου
3468 4717 3657 4788 λεχθέν·
3685 4709 3768 4764 ὅθεν

2237 4812 2462 4877 διαστὰς
2488 4813 2622 4876 ὡσεὶ
2667 4812 2818 4868 λίθου
2851 4812 3035 4885 βολὴν,
3071 4815 3168 4867 καὶ
3195 4814 3335 4885 πρὸς
3364 4814 3502 4884 αὐτῇ
3528 4813 3588 4879 τῇ
3613 4803 3767 4877 κορυῗθ

2240 4905 2336 4959 τοῦ
2357 4890 2519 4977 ὅρους
2549 4906 2863 4977 γενόμενος,
2886 4907 2982 4960 καὶ
3012 4907 3458 4978 προσευξάμενος
3492 4903 3656 4962 πάλιν,
3676 4896 3769 4966 πρὸς

2237 5002 2363 5066 τοὺς
2395 5002 2645 5074 μαθητὰς
2671 4998 2834 5073 ἦλθεν
2882 5003 2941 5054 ὲν
2972 4986 3303 5072 Γεθσημανῆ
3339 4999 3493 5070 ὕπνῳ
3519 4988 3765 5066 βεϐαρημέ-

2239 5111 2387 5160 νους,
2420 5092 2549 5149 ἔνθα
2578 5095 2674 5149 καὶ
2710 5094 3043 5166 συνελήφθη.

2924 5187 3187 5256 Ἀπορία.

2309 5276 2435 5342 Πῶς
2467 5277 2752 5343 Ματθαῖος
2781 5278 2878 5333 καὶ
2904 5278 3141 5350 Μάρκος
3172 5278 3292 5351 τρὶς
3313 5275 3481 5331 αὐτὸν
3508 5267 3767 5342 ἐξηγοῦνται

2237 5370 2367 5441 περὶ
2427 5368 2522 5422 τοῦ
2563 5368 2773 5432 πάθους
2820 5368 3267 5440 προσεύξασθαιο
3294 5368 3511 5430 Λουκᾶς
3550 5364 3601 5417 δὲ
3626 5356 3765 5419 ἅπαξ·

2231 5460 2490 5532 Ἰωάννης
2518 5460 2575 5513 δέ
2601 5461 2723 5515 οὑδέ
2747 5460 2907 5515 τοῦτο
2936 5459 3227 5527 συνέταξεν
3249 5480 3263 5527 ;

3398 5602 3438 5632 ³⁷
3475 5594 3645 5653 Matth.
3663 5608 3703 5655 ν,
3726 5588 3763 5641 5-

3260 5674 3300 5703 "
3332 5671 3517 5725 Matth.
3539 5681 3663 5729 xxvr,
3688 5659 3762 5723 56;

3208 5746 3252 5780 ’³
3286 5741 3474 5799 Matth.
3508 5752 3646 5801 τινι,
3688 5730 3761 5791 ﬂ.
