3934 6414
188 368 335 436 1425

893 494 1105 560 Λύσις.

242 574 625 666 Βραχυλογὶας
686 582 856 652 ἡμελε
918 587 1126 659 σφόδρα
1183 590 1261 662 τῷ
1316 589 1620 665 Πνεύματι,
1677 594 1780 666 τῆς

183 665 343 732 ἡμῶν
365 666 660 740 ὀλιγωρίας
687 673 870 729 ἕνεκα.
915 677 1079 733 Ὅθεν
1125 682 1153 734 ὁ
1184 682 1285 752 μὲν
1312 683 1667 758 πλατυτέρως
1711 665 1781 739 τὰ

178 759 316 829 περὶ
343 759 449 830 τῆς
471 762 639 833 εὐχῆς
681 765 900 832 ἐξέθετο
919 782 934 797 ⁸
964 770 993 822 ὁ
1027 772 1082 825 δὲ
1101 772 1178 838 ὡς
1222 776 1281 828 ὲν
1310 777 1662 849 παραδρομῇ,
1693 777 1783 833 διὰ

174 849 240 901 τὸ
275 852 359 915 εἰς
387 850 551 925 ἕτερα
578 858 902 927 ἐπείγεσθαι
925 879 938 892 ·
972 864 1000 915 ὁ
1046 865 1103 918 δὲ
1147 868 1255 922 οὐδ’
1291 870 1449 934 ὅλως.
1475 871 1565 924 διὰ
1588 871 1648 924 τὸ
1676 872 1782 927 ὑπὸ

176 943 296 996 τῶν
318 942 522 1000 λοιπῶν
552 953 966 1022 συγγεγράφθαι
987 972 1001 986 ⁸
1029 957 1119 1012 ἵνα
1148 959 1223 1031 μὴ
1246 962 1669 1031 ταυτολογῶσιν.

867 1137 1132 1208 Ἀστερία.

260 1214 389 1285 Πῶς
408 1222 667 1296 Ἰωάννης
702 1228 861 1299 μόνος
891 1232 985 1284 τοῦ
1016 1234 1117 1303 τῆς
1142 1234 1447 1306 προδοσίας»
1466 1238 1568 1292 οὐκ
1614 1240 1783 1311 ἐμνή-

181 1311 294 1383 σθη
336 1315 683 1388 φιλήματος
731 1322 851 1386 πῶς
898 1324 955 1378 δὲ
989 1327 1099 1380 τῶν
1131 1328 1306 1382 ἄλλων
1355 1331 1659 1401 εἰρηκότων
1707 1333 1783 1397 ὡς

179 1403 309 1473 ἅμα
342 1407 402 1459 τὸ
431 1409 660 1479 φιλῆσαι
695 1413 787 1467 τὸν
807 1414 1033 1486 Ἰούδαν,
1066 1419 1159 1473 τὸν
1195 1419 1420 1493 Κύριον,
1452 1425 1501 1477 οί
1533 1424 1781 1479 Ἰουδαῖοι

181 1500 489 1556 συνέλαϐον
510 1522 524 1535 ·
576 1506 837 1578 Ἰωάννης
865 1510 922 1563 δὲ
953 1511 1015 1564 οὐ
1060 1513 1220 1567 τοῦτο
1242 1530 1256 1543 ⁸
1291 1515 1565 1585 ἐρωτῆσαι
1592 1516 1649 1569 δὲ
1683 1508 1783 1571 αύ-

178 1592 340 1655 τοίδς,
375 1595 514 1649 Τίνα
540 1596 797 1666 ζητεῖτε;
825 1604 917 1655 καὶ
948 1603 1172 1669 ὑπτίους
1221 1606 1399 1678 ῥίψαι,
1436 1608 1533 1662 καὶ
1564 1608 1632 1663 τά
1657 1610 1784 1681 ἑξῆς

183 1699 321 1737 συνε
329 1702 397 1756 ργ
404 1687 608 1757 ἀψατος

865 1788 1083 1856 Λύσις.

1572 391 1971 463 ΟυίΕὸΤΙΟΝ
1980 399 2097 460 ES.

3333 400 3469 467 H26

2561 508 2786 564 Salutio.

1956 602 2411 672 Breviloquentiae
2439 618 2635 675 magna
2672 603 2775 658 fuit
2801 618 2931 658 cura
2965 602 3214 673 Spiritui,
3241 612 3465 673 propter

1887 704 2130 753 nostram
2158 696 2564 767 negligentiam.
2601 696 2951 767 Quapropter
2990 696 3081 750 ille
3131 695 3354 765 quidem
3387 694 3467 749 la-

1887 788 1998 843 tius
2032 787 2101 842 de
2136 786 2228 842 illa
2271 789 2523 843 oratione
2568 789 2788 843 locutus
2822 797 2926 851 est,
2959 787 3098 840 alter
3135 801 3267 841 vero
3311 786 3468 855 quasi

1888 881 1943 933 in
1976 890 2318 947 transcursu,
2351 881 2495 950 quod
2536 880 2603 935 ad
2645 881 2752 936 alia
2782 887 3132 951 properaret;
3168 878 3308 932 alter
3338 894 3471 933 vero

1887 972 2090 1037 omisit,
2120 972 2249 1042 quia
2279 988 2310 1027 a
2334 972 2562 1042 reliquis
2595 971 2972 1042 conscriptum
3000 970 3217 1035 fuerat;
3258 984 3329 1024 ne
3375 984 3470 1023 ea-

1887 1062 2011 1117 dem
2034 1070 2366 1133 repeterent.

2449 1154 2742 1225 Diﬁicultas
2775 1167 3002 1207 xxxvrtt.

1956 1243 2078 1309 Quo
2109 1254 2268 1315 pacto
2296 1246 2445 1301 solus
2470 1244 2712 1301 Joannes
2725 1245 2971 1299 osculum
3006 1244 3337 1314 proditionis
3359 1258 3471 1296 non

1886 1338 2395 1391 commemoravit?
2430 1352 2647 1407 quoque
2694 1345 2854 1407 pacto
2897 1352 3022 1391 cum
3057 1336 3240 1392 caeteri
3288 1335 3476 1390 dicant

1886 1427 2032 1495 Quod
2057 1427 2219 1482 simul
2244 1427 2485 1483 acJudas
2516 1427 2801 1483 Dominqu
2835 1436 2919 1482 est
2953 1428 3252 1492 osculatus,
3298 1416 3472 1480 Judaei

1888 1534 2014 1575 eum
2045 1529 2345 1591 ceperunt,
2376 1520 2620 1576 Joannes
2648 1535 2759 1575 non
2787 1520 2891 1586 ita;
2944 1519 3042 1574 sed
3100 1518 3475 1587 interrOgassc

1888 1630 2007 1679 eos,
2035 1614 2199 1681 Quem
2225 1616 2504 1688 quwritis?
2526 1627 2582 1673 et
2598 1617 2895 1687 proiecisse
2916 1616 2976 1670 in
2991 1623 3195 1670 terram
3223 1613 3472 1682 supinos,

1889 1716 1947 1764 et
1977 1724 2101 1781 qua:
2138 1718 2446 1780 sequuntur
2465 1710 2799 1780 conscripsit
2828 1709 2907 1763 "‘l

2608 1798 2836 1855 Salutio.

263 1866 445 1927 Ἦλθε
483 1875 582 1945 μὲν
624 1877 720 1931 ἐπὶ
743 1878 837 1933 τὸν
872 1880 1079 1954 Κύριον
1121 1884 1264 1954 μετά
1307 1885 1546 1957 πλήθους
1578 1887 1787 1957 ῥόπαλα

1967 1890 2130 1946 Venit
2155 1891 2224 1947 ad
2258 1891 2551 1947 Dominum
2572 1890 2746 1946 Judas
2778 1905 2903 1945 cum
2931 1886 3278 1944 multitudine
3307 1884 3480 1941 fustes

185 1965 290 2017 καὶ
317 1967 596 2040 μαχαίρας
622 1970 1021 2043 ἐπιφερομένου
1049 1977 1077 2029 ὁ
1107 1976 1329 2040 Ἰούδας,
1358 1976 1544 2043 καθὼς
1589 1978 1790 2044 πάντες

187 2057 510 2127 συμφώνως
538 2061 802 2128 ἐξέθεντο.
827 2065 1111 2121 Ἐντεῦθεν
1134 2068 1319 2122 λοιπὸν
1347 2069 1622 2143 διαφόρων
1643 2088 1788 2142 πρα-

185 2146 461 2216 χθέντων,
526 2152 843 2224 μερίζονται
898 2157 998 2227 τὴν
1030 2159 1124 2211 ἐπὶ
1180 2158 1388 2213 τούτων
1435 2161 1691 2232 διήγησιν
1738 2165 1790 2216 οἱ

185 2239 606 2309 εὐαγγελισταί.
649 2247 708 2300 '0
734 2250 844 2317 γὰρ
874 2250 1115 2321 Χριστὸς
1141 2251 1314 2318 δεῖξαι
1357 2251 1685 2322 βουλόμενος
1714 2254 1791 2319 ὡς

184 2330 346 2384 ἑκὼν
375 2333 837 2406 συλλαμϐάνεται,
871 2342 1145 2412 ἀορασίαν
1168 2382 1184 2406 ,
1235 2344 1403 2414 ἤγουν
1448 2345 1791 2417 ἀποπληξίαν

184 2420 383 2486 αὐτοῖς
406 2423 673 2480 ὲπέὄαλεν
695 2444 708 2456 ’
732 2429 827 2482 καὶ
851 2430 1017 2501 ῥίψας
1073 2433 1320 2498 ὑπτίους,
1352 2433 1449 2488 καὶ
1481 2436 1656 2491 εἰπὼν
1683 2437 1788 2500 ὃτι,

202 2512 357 2582 Ἐγώ
384 2517 502 2584 ειμι
524 2517 583 2571 ὃν
612 2517 849 2589 ζητεῖτε,
891 2523 1310 2596 θορυϐουμένων
1348 2525 1551 2593 αὐτῶν,
1579 2527 1660 2581 ἔτι
1700 2529 1793 2582 καὶ

181 2604 290 2659 τοῦ
342 2605 517 2662 Ἰούδα
568 2609 648 2676 τῷ
708 2611 978 2684 φιλήματι
1025 2614 1217 2670 τοῦτον
1277 2618 1789 2690 καταμηνύσαντος,

186 2702 330 2773 παρ’
360 2702 537 2756 αὐτῶν
560 2703 1027 2776 συλλαμϐάνεται.

885 2820 1154 2890 Ἀπορία.

266 2910 398 2975 Πῶς
423 2912 681 2985 Ἰωάννης
707 2915 801 2969 τὸν
823 2915 1033 2987 Πέτρον
1064 2908 1275 2988 φησιν,
1313 2919 1375 2972 τὸ
1405 2918 1498 2983 οὓς
1521 2918 1618 2973 τοῦ
1652 2921 1798 2973 οἰκέ-

186 3020 292 3057 του
314 3004 409 3057 τοῦ
436 3007 740 3077 ἀρχιερέως
762 3007 1090 3076 ἀφελέσθαι⁹
1124 3010 1173 3063 οἱ
1197 3009 1257 3063 δὲ
1277 3010 1456 3064 λοιποὶ
1484 3011 1673 3078 ἁπλῶς
1700 3011 1797 3067 ἕνα

184 3096 313 3150 τῶν
350 3098 483 3168 περὶ
502 3098 739 3169 Χριστὸν
762 3098 875 3171 (25)
904 3102 1223 3173 εἰρήκασινς

896 3177 1109 3261 Λύσις.

266 3281 530 3354 Ἰωάννης
562 3285 660 3357 μὲν
705 3284 801 3339 ἀτε
838 3285 1058 3359 θαρρῶν
1091 3290 1159 3359 τῇ
1189 3290 1284 3342 τοῦ
1310 3289 1520 3362 Πέτρου
1565 3290 1758 3364 ἀγάπῃ
1780 3335 1796 3362 ,

192 3373 278 3438 ὡς
297 3374 400 3428 οὐκ
425 3376 913 3447 ἀγανακτήσαντος
936 3380 1004 3449 τῇ
1037 3379 1143 3451 τῆς
1177 3379 1442 3452 ἀληθείας
1465 3382 1797 3456 ἐπαγγελίᾳ,

194 3464 303 3537 τὴν
329 3466 618 3537 ἀκρίϐειαν
656 3469 894 3536 ἐξέθετο.
917 3468 1014 3546 ᾧ
1051 3469 1169 3524 ὄντι
1195 3471 1304 3541 γὰρ
1335 3473 1436 3542 τῆς
1461 3472 1556 3527 τοῦ
1590 3473 1800 3546 Πέτρου

199 3557 544 3629 θερμότητος
584 3557 651 3633 ἦν
679 3562 740 3615 τὸ
779 3544 1048 3634 πραχθέν.
1084 3564 1245 3629 Εἰκὸς
1292 3564 1350 3619 δὲ
1396 3566 1523 3630 τοὺς
1555 3544 1797 3633 λοιποὺς,

199 3647 349 3702 αἰδοῖ
366 3649 462 3703 τοῦ
497 3651 705 3723 Πέτρου
741 3654 1127 3726 ἁπλουστέρως
1158 3656 1219 3709 τὸ
1268 3656 1493 3725 γεγονὸς
1534 3658 1802 3729 διηγήσα-

201 3740 384 3796 σθαμ,

865 3839 924 3893 Ἀ
932 3841 1135 3910 πορία.

280 3925 418 3980 Τίνα
451 3925 608 3996 λόγον
666 3925 810 4002 εἶχεν
842 3932 1203 4004 ἐπιτιμᾶσθαι
1263 3934 1417 4006 παρὰ
1463 3935 1559 3989 τοῦ
1596 3936 1803 4009 Κυρίου

200 4015 392 4087 τὸντῇ
451 4018 696 4092 μαχαίρᾳ
744 4024 1122 4096 χρησάμενον·
1162 4025 1327 4080 αὐτοῦ
1389 4025 1483 4080 τοῦ
1541 4027 1803 4098 Χριστοῦ,

201 4109 398 4175 καθὼς
432 4113 639 4185 ἱστορεῖ
680 4116 918 4180 Λουκᾶς.
952 4117 1228 4189 ἀγοράσαι
1266 4119 1541 4191 μαχαίρας
1563 4123 1805 4192 προστά-

211 4203 436 4269 ξαντος,
460 4205 798 4272 ἀκούσαντος
829 4208 951 4264 τότε
981 4210 1403 4282 πυνθανομένων
1435 4213 1485 4264 εί
1531 4212 1640 4267 δέοι
1671 4214 1807 4267 ταύ-

201 4310 330 4357 ταις
361 4295 670 4366 χρήσασθαι
691 4314 706 4365 ;

888 4396 1098 4458 Λύσις.
1136 4390 1141 4393 ’

279 4478 575 4549 Μαχαίρας
600 4481 873 4553 ἀγοράσαι
899 4483 930 4537 ὁ
958 4483 1164 4556 Κύριος
1192 4488 1302 4550 τοῖς
1334 4486 1605 4559 μαθηταῖς
1629 4506 1805 4560 προσ-

1826 3224 1873 3288 C

1892 1994 1949 2041 et
1972 1985 2181 2057 gladios
2211 1984 2597 2051 deferente,ut
2624 1994 2818 2037 omnes
2863 1996 2973 2036 una
3031 1995 3169 2036 voce
3232 1978 3479 2034 declara-

1891 2090 2043 2134 runt.
2108 2077 2242 2132 Inde
2302 2084 2495 2147 postea
2552 2073 2719 2130 variis
2774 2073 3128 2144 perpetratis,
3162 2070 3477 2142 partiuntur

1891 2187 2083 2227 eorum
2113 2169 2484 2225 narrationem
2510 2166 2881 2238 evangelista
2904 2165 3159 2221 Christus
3183 2162 3354 2227 enim,
3384 2162 3476 2231 qui

1894 2264 2059 2319 vellet
2086 2262 2381 2318 ostendere
2410 2277 2468 2317 se
2500 2263 2694 2329 sponte
2719 2256 3139 2329 comprehendi,
3173 2252 3477 2310 caecitatem

1894 2371 1990 2412 seu
2040 2364 2319 2425 stuporem
2353 2354 2488 2425 ipsis
2542 2353 2799 2418 immisit;
2881 2358 3085 2405 etcum
3144 2351 3480 2417 prostrasset

1892 2433 2008 2515 eos,
2037 2448 2406 2518 dixissetque:
2439 2446 2550 2518 Ego
2574 2462 2691 2500 sum
2712 2458 2873 2515 quem
2894 2438 3160 2511 quaeritis,
3190 2436 3324 2508 ipsis
3348 2450 3479 2506 per-

1896 2541 2153 2605 turbatis,
2188 2541 2284 2597 sed
2317 2549 2373 2596 et
2396 2539 2539 2595 Juda
2576 2539 2756 2609 ipsum
2795 2536 3077 2591 indicante
3142 2546 3243 2602 per
3312 2543 3479 2585 oscu-

1894 2637 2027 2704 lum,
2061 2636 2133 2692 ita
2162 2637 2233 2693 ab
2265 2635 2372 2692 illis
2391 2634 2627 2705 capitur.

2434 2837 2724 2910 Difﬁcultas
2761 2849 2946 2891 xxxrx.

1966 2936 2047 2991 Ad
2076 2949 2241 3006 quem
2269 2932 2490 2989 modum
2517 2931 2593 2987 ait
2620 2930 2864 2986 Joannes
2916 2924 3142 2979 Petrum
3170 2926 3483 2990 amputasse

1898 3042 2082 3085 aurem
2152 3025 2343 3081 famuli
2398 3023 2720 3095 pontiﬁcis;
2773 3017 2958 3076 caeteri
3002 3028 3134 3072 vero
3166 3010 3487 3083 simpliciter

1898 3135 2071 3175 unum
2109 3131 2301 3173 eorum
2332 3116 2424 3187 qui
2459 3130 2583 3170 cum
2615 3113 2838 3169 Christo
2866 3116 3026 3165 erant
3054 3102 3347 3161 dixerunt?

2547 3203 2776 3261 Salutio.

1969 3301 2238 3372 Equidem
2261 3299 2506 3356 Joannes
2533 3294 2789 3354 charitati
2815 3290 2965 3348 Petri
3013 3288 3320 3352 conﬁdens,
3339 3282 3483 3355 quozl

1899 3409 2043 3467 aegre
2098 3393 2315 3448 laturus
2343 3405 2453 3446 non
2506 3395 2656 3444 esset
2717 3382 2971 3442 veritatis
3026 3375 3487 3436 enuntiationem,

1902 3465 2017 3542 rem
2057 3492 2247 3541 exacte
2270 3481 2475 3538 retulit.
2509 3479 2723 3534 Revera
2754 3477 2899 3531 enim
2933 3471 3149 3527 facinus
3178 3467 3283 3523 fuit
3305 3465 3490 3520 fervo-

1901 3579 1977 3634 ris
1999 3577 2171 3633 Petri.
2194 3572 2484 3629 Probabile
2509 3584 2643 3626 vero
2668 3576 2753 3624 est
2783 3565 3047 3636 reliquos,
3081 3574 3195 3632 pra;
3227 3568 3489 3613 reveren-

1902 3668 1980 3723 tia
2011 3681 2139 3738 erga
2172 3663 2420 3729 Petrum,
2448 3668 2661 3733 gestum
2689 3652 2996 3727 simplicius
3018 3662 3335 3707 enarrasse.

2490 3837 2788 3909 Diﬂicultas
2808 3849 2897 3892 η.

1977 3939 2151 4006 Quam
2175 3931 2678 3997 rationemhabuit,
2734 3925 2990 3998 redargui
3017 3939 3048 3977 a
3084 3919 3316 3977 Domino
3367 3930 3491 3970 eum

1906 4031 1998 4101 qui
2023 4027 2199 4100 gladio
2225 4040 2359 4082 usus
2382 4030 2500 4089 est;
2535 4034 2664 4077 cum
2688 4018 2809 4090 ipse
2829 4015 3100 4079 Christus,
3135 4017 3276 4067 teste
3299 4006 3492 4101 ΔΙιιιίυιι,

1908 4099 2093 4180 emere
2108 4119 2313 4193 gladios
2336 4114 2584 4189 jusserit,
2614 4112 2706 4183 qui
2732 4120 2863 4167 tunc
2906 4105 3114 4164 audivit
3152 4099 3496 4158 sciscitantes

1911 4233 2040 4273 num
2065 4219 2345 4286 oporteret
2372 4210 2483 4265 illis
2527 4206 2608 4263 uti
2626 4205 2717 4259 ⁸θῖ

2594 4382 2821 4439 Salutio.

1984 4486 2203 4544 Gladios
2231 4495 2418 4539 emere
2451 4477 2722 4535 Dominus
2763 4470 3030 4546 praecepit
3065 4464 3500 4537 discipulis,non

201 4568 428 4634 έταξεν,
469 4571 568 4641 οὐχ
628 4571 770 4626 ὥστε
798 4573 1025 4639 ταύταις
1052 4553 1155 4639 ⁷είς
1208 4553 1424 4648 ἄμυναν
1462 4553 1787 4649 χρήσασθαι.

1909 4590 1971 4637 nt
1995 4580 2063 4634 iis
2095 4577 2163 4633 ad
2201 4573 2467 4632 ultionem
2493 4575 2804 4630 uterentur,
2854 4562 2952 4620 sed
2983 4576 3050 4618 eo
3071 4558 3234 4615 modo
3258 4553 3503 4628 passioni

204 4661 350 4715 ἀλλά
377 4660 439 4714 τὸ
468 4662 638 4727 πάθος
655 4663 743 4718 διὰ
767 4664 973 4720 τούτων
1017 4667 1395 4738 πιστούμενος,
1445 4670 1562 4741 ἅμα
1608 4670 1667 4725 δὲ
1706 4674 1787 4728 καλ

1909 4676 2072 4732 ﬁdem
2110 4668 2436 4735 concilians,
2469 4663 2741 4733 simulque
2802 4653 3150 4730 prophetiam
3180 4652 3326 4706 illam
3397 4650 3504 4703 im-

201 4756 553 4827 προφητείαν
576 4757 820 4828 πληρῶν,
865 4759 969 4823 ὅτι,
997 4761 1160 4816 Μετὰ
1217 4763 1461 4833 ἀνόμων
1495 4767 1787 4837 atati-Mori

1909 4768 2108 4841 plens;
2171 4762 2300 4820 Cum
2340 4759 2536 4829 iniquis
2589 4759 2924 4824 comparatus
2968 4747 3129 4804 est“.
3155 4744 3293 4801 Nam
3340 4750 3507 4797 nocte

197 4849 352 4912 σθη.
403 4845 477 4899 Τὸ
506 4845 617 4919 γὰρ
649 4848 709 4901 ὲν
761 4849 919 4903 νυκτὶ
951 4849 1214 4920 βαλάντιά
1263 4870 1324 4906 τε
1382 4856 1475 4908 καὶ
1529 4858 1787 4929 μαχαίρας

1912 4837 2163 4917 sacculos
2194 4851 2467 4925 etgladios
2487 4864 2604 4920 prae
2655 4843 2913 4901 manibus
2943 4840 3171 4905 habere,
3225 4837 3505 4890 latronum

202 4936 717 5008 μεταχειρίζεσθαι,
753 4938 1045 5012 λῃστρικὸν
1094 4938 1161 4996 ἂν
1213 4944 1297 5015 εἴη
1330 4945 1540 5016 σχῆμα.
1568 4949 1643 5002 Οὐ
1683 4950 1787 5020 μένε

1916 4952 2081 5007 fuerit
2110 4951 2427 5021 apparatus.
2445 4941 2567 4997 Non
2597 4940 2782 5010 itaque
2844 4934 3113 5006 scriptum
3136 4938 3241 4996 est,
3267 4942 3507 5021 percon-

199 5045 292 5082 τοι
314 5027 628 5099 γέγραπται
661 5032 989 5105 πυθομένοις
1038 5038 1152 5100 τοῖς
1188 5038 1458 5109 μαθηταῖς
1507 5041 1787 5113 ἐπιτρέψαι

1919 5020 2163 5101 tantibus
2194 5037 2483 5111 discipulis
2527 5032 2847 5106 permisisse
2911 5027 3231 5090 Dominum,
3258 5030 3321 5077 ut
3386 5020 3507 5113 gla-

197 5118 238 5168 ὁ
269 5117 499 5190 Κύριος,
529 5120 671 5175 ὥστε
694 5127 816 5190 ταῖς
852 5126 1151 5198 μαχαίραις
1174 5130 1507 5199 χρήσασθαι.
1533 5111 1787 5206 Ἀμαγάε

1917 5138 2023 5196 diis
2044 5142 2353 5192 uterentur.
2383 5127 2559 5185 Simul
2588 5125 2737 5183 enim
2769 5137 2836 5179 ac
2864 5120 3302 5190 interrogarunt,
3318 5111 3506 5167 statim

201 5209 273 5262 τὸ
305 5211 605 5286 ἐρωτῆσαι,
637 5217 799 5281 εὐθὺς
854 5219 883 5271 ὁ
908 5218 1116 5289 Πέτρος
1154 5220 1248 5274 τοῦ
1279 5221 1470 5277 δούλου
1526 5224 1587 5278 τὸ
1648 5226 1787 5281 ὠτίοε

1915 5229 2113 5285 Petrus
2153 5223 2297 5281 servi
2343 5220 2647 5280 auriculam
2708 5212 2972 5279 abscidit,
3024 5221 3137 5266 non
3184 5210 3507 5275 exspectato

289 5410 340 5440 "
365 5408 740 5492 Matth._:t_xvt,
771 5414 867 5479 50;
899 5413 1209 5492 Marc.__xrv,
1236 5418 1339 5492 46;
1373 5419 1504 5477 Luc.
1532 5438 1669 5487 χχιι,
1700 5424 1801 5490 54ς
1835 5423 2170 5492 Ιοαη.τ‹ιίιι,
2210 5426 2267 5481 ι.
2376 5420 2603 5492 "Joan.
2634 5434 2769 5475 xvm
2793 5459 2809 5483 ,
2834 5413 2929 5492 _lO
2956 5430 2971 5480 ;
3000 5407 3190 5463 Matth.
3225 5423 3373 5471 xxw,
3399 5403 3502 5470 5|;

213 5478 388 5537 Marc.
421 5497 535 5548 xw,
566 5483 670 5548 47;
700 5482 834 5540 Luc.
858 5478 1025 5559 mn,
1051 5486 1141 5543 50.
1198 5478 1207 5484 ⁷
1253 5490 1298 5522 ’⁸
1318 5478 1451 5547 Luc.
1479 5478 1619 5560 xm,
1643 5478 1787 5564 367,]

1909 5478 2183 5552 “"166.
2220 5478 2361 5562 Sim,
2385 5495 2494 5561 37;
2536 5490 2639 5547 lsa.
2680 5478 2805 5553 Lm,
2829 5484 2915 5541 ιε.

1715 5652 1946 5711 NOT/E.

284 5760 770 5842 ρωςεςαητὸν
814 5763 949 5842 περί
1000 5765 1276 5842 Χριστόν.
1332 5764 1437 5842 Pro
1485 5766 1616 5832 τῶν,
1689 5784 1787 5842 qur

1914 5770 2149 5837 rectius.
2203 5768 2409 5840 vulgari
2490 5781 2699 5823 errore.
2774 5764 3057 5837 Εἱρημένα
3118 5761 3333 5834 τούτῳ,
3387 5776 3497 5819 non

217 5830 403 5900 τοῦτο,
438 5830 497 5886 In
528 5830 856 5905 Philopono,
886 5830 976 5890 'De
1016 5830 1196 5892 tumuli
1220 5838 1483 5893 creatione
1509 5879 1523 5908 ,
1566 5830 1640 5908 vt,
1681 5830 1770 5895 2'6.
