3934 6406
507 361 637 425 1431

1692 381 2056 441 HESYGHII
2083 381 2555 442 PRESBYTERI

3493 352 3501 360 ’
3557 394 3665 458 1m

493 476 661 546 judex
685 475 839 533 illum
864 480 1142 538 hominem
1193 485 1413 552 occidit,
1441 502 1564 543 cum
1589 497 1768 546 tamen
1798 492 1905 569 ipsi.
1944 508 2069 562 sup-

2187 490 2246 545 '0
2263 493 2411 546 δείνα
2434 494 2463 545 6
2484 492 2668 564 ἄρχων
2698 493 2851 547 τόνδε
2889 493 3115 560 ἀνεῖλεν,
3151 495 3382 566 καίτοιγε
3404 498 3471 571 μὴ
3490 502 3668 577 αύτουρ-
3779 490 3785 497 ’

499 569 665 637 plicia
692 585 801 626 non
834 572 1097 643 inferant,
1132 576 1228 630 sed
1268 578 1538 634 ministris
1582 590 1809 637 utantur
1855 583 2076 640 carniﬁ-

501 658 673 715 cibus.
703 659 761 715 ld
789 663 935 731 quod
960 671 1090 718 tunc
1118 681 1335 736 quoque
1358 679 1538 724 actum
1570 670 1689 726 fuit.
1727 658 1944 729 Etenim
1965 685 2077 731 ter-

498 751 571 803 tia
627 753 762 807 hora
788 754 994 809 Pilatus
1027 755 1319 813 Dominum
1347 762 1786 819 condemnationi
1813 768 2027 824 addixit
2057 786 2072 836 ;

500 844 677 898 tribus
701 854 883 901 autem
929 848 1080 904 horis
1120 858 1482 922 consumptis,
1515 870 1689 925 usque
1720 858 1788 913 ad
1838 868 2073 928 sextam,

498 936 630 990 dum
661 934 984 1006 ﬂagellatur,
1041 941 1287 997 induitur
1341 944 1681 1018 chlamydem
1735 953 2070 1022 coccineam,

500 1027 674 1097 spinis
696 1039 1009 1099 coronatur,
1040 1042 1203 1104 atque
1232 1035 1497 1105 llluditur,
1546 1039 1680 1099 hora
1716 1050 1868 1098 sexta
1915 1046 2073 1102 cruci

500 1117 692 1175 allixus
722 1128 823 1178 est.

1018 1215 1309 1287 Diﬂicultas
1332 1235 1499 1277 ILvn.

570 1300 958 1366 Quamnamob
984 1307 1253 1363 rationem
1292 1310 1364 1363 ait
1422 1310 1729 1380 Matthtcus,
1777 1315 1966 1373 vinum
2022 1319 2072 1372 ei

498 1392 684 1446 datum
744 1394 912 1451 fuisse
956 1413 1079 1452 cum
1135 1398 1292 1466 felle;
1342 1398 1574 1469 Mar'cus,
1626 1419 1748 1465 cum
1814 1409 2069 1478 myrrha;

498 1483 758 1553 Joannes,
790 1503 915 1542 cum
948 1489 1218 1560 hyssopo;
1247 1502 1302 1548 at
1332 1493 1530 1560 Lucas,
1580 1497 1783 1552 nullius
1841 1501 2070 1561 commi-

501 1577 692 1633 stlonls
730 1580 981 1637 meminit
1006 1583 1091 1637 "‘l

1180 1676 1405 1735 Salutio.

576 1758 694 1814 Non
724 1762 894 1816 semel
921 1771 1152 1829 tantum,
1188 1769 1283 1823 sed
1317 1786 1480 1840 saepe,
1520 1788 1630 1828 non
1674 1774 1835 1830 modo
1858 1776 2067 1847 petenti

502 1851 737 1919 Christo,
771 1870 958 1910 verum
990 1872 1092 1913 nec
1117 1862 1320 1929 petenti
1342 1863 1659 1922 obtulerunt
1693 1869 1947 1938 praedicta
1999 1869 2069 1924 ad

502 1940 822 1999 bibendum.
848 1945 965 2000 Non
992 1963 1123 2016 ergo
1148 1950 1329 2006 omnia
1375 1968 1588 2017 omnes,
1628 1956 1722 2011 sed
1757 1957 1952 2029 singuli
2002 1975 2070 2015 ex

504 2043 659 2101 parte
710 2037 1035 2093 retulerunt.
1077 2040 1247 2110 Igitur
1314 2042 1597 2102 Matthaaus
1631 2056 1687 2103 et
1709 2048 1941 2115 Marcus,
2002 2052 2070 2108 de

501 2124 632 2179 vino
661 2137 789 2182 ante
818 2143 1035 2188 crucem
1059 2132 1241 2188 oblato
1269 2138 1639 2197 narrationem
1676 2139 2068 2209 instituerunt;

502 2214 592 2269 ille
612 2218 833 2287 quidem
871 2235 993 2274 cum
1024 2222 1173 2291 felle,
1204 2225 1296 2281 hic
1343 2243 1475 2282 vero
1524 2245 1648 2285 cum
1715 2232 1952 2302 myrrha,
1989 2233 2071 2287 di-

502 2320 654 2372 cens,
710 2309 855 2378 quod
909 2326 1062 2381 aeque
1097 2316 1257 2371 ambo
1287 2318 1399 2373 sint
1427 2335 1629 2377 amara.
1672 2320 1846 2381 Lucas
1888 2333 2069 2380 autem

501 2396 570 2451 de
627 2409 782 2455 aceto
819 2401 873 2455 in
930 2418 1091 2459 cruce
1141 2406 1190 2460 ei
1220 2408 1404 2467 oblato
1452 2411 1691 2473 disserit.
1736 2414 1803 2477 Et
1836 2415 2073 2470 Joannes

500 2486 723 2564 scripsit
751 2492 917 2569 quod,
946 2510 1067 2549 cum
1094 2496 1325 2555 dixisset
1354 2501 1637 2571 Dominus,
1670 2503 1820 2571 Sitio,
1845 2522 2074 2577 accepe-

502 2587 633 2634 runt
672 2585 921 2639 nonnulli
949 2589 1254 2659 spongiam,
1281 2592 1517 2663 hy550po
1540 2605 1596 2649 et
1622 2605 1778 2652 aceto
1821 2601 2074 2669 repleve-

502 2679 648 2734 runt,
690 2684 986 2746 potumque
1009 2678 1210 2733 dedere
1249 2682 1499 2739 Domino.
1556 2687 1632 2742 Ex
1665 2688 1861 2758 quibus
1893 2694 2076 2747 omni-

501 2760 604 2816 bus
621 2774 854 2830 constat,
885 2768 1097 2828 diverse
1123 2774 1173 2828 ei
1221 2777 1565 2845 supradictas
1610 2780 1824 2850 species
1864 2783 2077 2841 oblatas

505 2851 674 2915 fuisse
704 2871 802 2927 per
829 2857 1135 2918 Iudaeorum
1162 2865 1581 2937 immanitatem.

1032 3043 1325 3115 Diﬂicultas
1356 3064 1544 3105 xu'ttt.

2178 582 2422 651 γούντων
2446 584 2547 647 τὰς
2586 586 2879 655 τιμωρίας,
2908 586 3023 638 ἀλλ’
3060 588 3345 655 ύπουργοῖς
3369 592 3470 653 τοῖς
3502 592 3676 663 δημίοις

2179 677 2501 747 χρωμένων.
2535 677 2716 746 Ὅπερ
2747 679 2841 732 καὶ
2880 677 3002 731 τότε
3041 678 3339 748 πέπρακτο.
3377 681 3555 752 Τρίτην
3600 688 3678 756 μὲν

2177 767 2288 835 γὰρ
2318 764 2470 836 ὥραν
2511 770 2578 838 τῇ
2623 768 2895 834 ἀποφάσει
2935 771 2964 821 ό
2993 768 3223 830 Πιλᾶτος
3260 769 3347 822 τὸν
3373 772 3558 842 Κύριον
3611 778 3681 842 ἐξ.

2177 854 2426 922 ήνεγκεν⁸
2455 854 2627 908 ἄλλων
2649 856 2706 908 δὲ
2735 854 2901 924 τριῶν
2932 854 3090 925 ὡρῶν
3126 855 3517 925 διαγενομένων,
3554 860 3682 932 μέχρι

2176 942 2277 1014 τῆς
2311 944 2499 1018 ἕκτης,
2541 946 2600 999 ὲν
2626 945 2702 1015 τῷ
2731 944 3192 1016 φραγελλώσθαι,
3225 947 3316 999 καὶ
3349 949 3441 1016 τὴν
3469 951 3683 1021 κοκκίνην

2177 1036 2427 1111 χλαμύδα
2450 1037 2752 1101 ἐνδύεσθαι,
2777 1039 2874 1090 καὶ
2892 1040 3013 1100 ταῖς
3039 1037 3300 1100 ἀκάνθαις
3321 1039 3682 1108 στεφανοῦσθαι,

2178 1129 2273 1181 καὶ
2305 1126 2694 1199 ἐμπαίζεσθαι,
2721 1130 2789 1203 τῇ
2815 1135 2867 1195 ς’
2897 1128 3015 1200 ῶρᾳ
3044 1128 3362 1201 προσηλώοη
3387 1128 3457 1199 τῷ
3490 1132 3684 1203 σταυρῷ.

2842 1221 3104 1289 Ἀπορία.

2248 1312 2407 1376 Τίνος
2435 1312 2596 1383 χάριν
2625 1314 2654 1366 ὀ
2693 1311 2974 1376 Ματθαῖος
3021 1309 3163 1366 οἶνον
3201 1311 3346 1383 αὐτῷ
3396 1313 3522 1383 μετὰ
3560 1313 3689 1384 χολῆς

2174 1403 2413 1473 δοθῆναι,
2463 1406 2689 1474 Μάρκος
2737 1404 2795 1457 δέ
2860 1403 2997 1474 μετὰ
3051 1402 3318 1474 σμύρνης,
3383 1401 3608 1475 Ἰωάννης
3647 1405 3689 1458 δὲ

2178 1495 2317 1567 μετὰ
2340 1497 2615 1551 ύσσὼποψ
2633 1497 2845 1558 Λουκᾶς
2883 1496 2938 1549 δὲ
2991 1493 3206 1558 οὐδενὸς
3240 1493 3384 1564 αὐτῷ
3432 1494 3690 1565 συμπεπλε-

2174 1589 2374 1659 γμένου
2395 1588 2670 1660 μέμνηται
2688 1605 2704 1654 ;

2854 1680 3061 1744 Λύσις.

2254 1768 2368 1838 υύχ
2413 1767 2584 1833 άπαξ,
2646 1767 2785 1823 ἀλλὰ
2825 1770 2921 1823 καὶ
2966 1768 3252 1834 πολλάκις,
3281 1767 3341 1822 οὐ
3387 1770 3532 1840 μόνον
3569 1769 3690 1841 αίτήτ

2178 1876 2336 1917 σαντι
2383 1861 2461 1933 τῷ
2486 1860 2740 1933 Χριστῷ,
2789 1859 2926 1914 ἀλλὰ
2977 1863 3071 1915 καὶ
3116 1860 3192 1931 μὴ
3253 1861 3522 1930 αἰτήσαντι
3557 1878 3689 1931 προσ-

2172 1955 2412 2027 ¹ίὶνεγκαν
2460 1956 2603 2006 πιεῖν
2659 1953 2729 2007 τά
2757 1953 3151 2025 προειρημένα.
3211 1953 3287 2006 Οὐ
3340 1954 3509 2007 πάντα
3555 1954 3689 2005 τοίνυν

2171 2048 2399 2111 πάντες,
2426 2044 2542 2099 ἀλλ’
2568 2045 2800 2114 ἕκαστος
2839 2045 2943 2097 ἀνὰ
2968 2044 3135 2117 μέρος
3174 2044 3437 2111 ἐξέθεντο.
3462 2043 3690 2109 Ματθαῑος

2176 2137 2277 2208 μὲν
2300 2135 2395 2190 οὖν
2430 2135 2525 2189 καὶ
2551 2135 2801 2205 Μάρκος,
2833 2135 2926 2188 τὸν
2961 2136 3065 2205 πρὸ
3094 2134 3188 2188 τοῦ
3215 2134 3446 2206 σταυροῦ
3478 2151 3690 2206 προσενε-

2174 2229 2375 2300 χθέντα
2433 2223 2574 2282 οἶνον
2634 2228 2948 2302 ἱστόρησαψ
2980 2230 3009 2281 ό
3059 2228 3158 2301 μὲν
3207 2229 3351 2297 μετὰ
3396 2228 3611 2299 χολῆς.ό
3650 2226 3690 2280 δὲ

2178 2320 2317 2391 μετὰ
2353 2318 2599 2391 σμύρνης
2626 2318 2778 2372 εἰπὸν
2813 2318 2862 2381 ιι,
2892 2318 2982 2373 διὰ
3009 2316 3070 2373 τὸ
3100 2319 3303 2388 ἐπίσης
3337 2319 3558 2387 ἑκάτερα
3585 2313 3690 2369 εἶναι

2175 2410 2370 2481 πικρά.
2409 2409 2624 2471 Λουκᾶς
2650 2407 2705 2460 δὲ
2730 2408 2788 2460 τὸ
2826 2407 2883 2460 ἐν
2910 2407 2985 2477 τῷ
3015 2407 3235 2478 σταυρῷ
3266 2406 3601 2478 προσενεχθὲν
3616 2407 3690 2458 ati-

2176 2500 2254 2571 τῷ
2295 2501 2417 2566 ὅξος
2447 2500 2741 2554 ἐκτίθεταιο
2791 2499 3046 2569 Ἰωάννης
3078 2501 3135 2553 δὲ
3177 2501 3389 2556 εἰπόντι
3418 2498 3491 2570 τῷ
3525 2498 3690 2568 Κυρίῳ.

2176 2590 2355 2661 Atti-(Ii,
2388 2591 2624 2646 λαϐόντα
2662 2591 2785 2646 τινὰ
2822 2593 2834 2628 ¹
2887 2591 3399 2664 σπόγγον,ύσσώπου
3449 2588 3536 2647 καὶ
3572 2588 3692 2652 ὄξους

2178 2685 2485 2753 πλήσαντα,
2528 2685 2749 2738 ποτίσαι
2800 2684 2894 2737 τὸν
2944 2684 3149 2755 Κύριον
3182 2682 3502 2753 ἀνέγραψεν.
3541 2680 3616 2744 Ἐξ
3638 2672 3692 2732 ὧν

2182 2775 2405 2833 πάντων
2435 2775 2738 2840 δείκνυται,
2771 2774 3047 2846 διαφόρως
3079 2773 3232 2843 αὐτῷ
3272 2775 3340 2826 τὰ
3376 2770 3694 2843 προειρημένα

2179 2864 2297 2934 είδη
2341 2862 2773 2935 προσενεχθῆναι
2813 2863 2917 2919 ὑπὸ
2947 2865 3046 2941 τῆς
3068 2862 3176 2922 τῶν
3214 2861 3481 2922 Ἰουδαίων
3529 2860 3691 2930 θηριων

2178 2956 2317 3019 δίας.

2822 3068 2881 3127 Ἀ
2889 3069 3084 3135 Inpia.

575 3128 636 3183 In
655 3145 819 3199 quem
850 3134 1071 3190 modum
1102 3140 1429 3210 conscripsit
1490 3140 1665 3198 Lucas
1723 3143 1792 3199 de
1837 3145 2069 3216 latrone,

2253 3159 2376 3223 Πῶς
2426 3160 2641 3221 Λουκᾶς
2698 3158 2797 3229 μὲν
2851 3128 3183 3230 ὁμολογῆσαι
3251 3156 3347 3210 τὸν
3403 3156 3587 3227 λῃστὴν
3626 3153 3693 3213 ἐπὶ

497 3221 644 3288 quod
680 3222 968 3280 Dominum
1009 3228 1061 3282 in
1094 3244 1257 3286 cruce
1288 3232 1576 3290 confessus
1634 3234 1838 3321 fuerit;
1870 3248 1925 3292 at
1956 3238 2070 3319 alii,

497 3311 645 3382 quod
666 3327 773 3373 una
806 3330 929 3371 cum
965 3319 1113 3375 socio
1141 3322 1477 3383 conviciatus
1497 3324 1661 3383 fuerit
1690 3311 1774 3382 ⁸ίῖ

1158 3412 1385 3471 Salutio.

570 3494 731 3553 Initio
786 3499 1003 3571 quidem
1069 3511 1301 3577 uterque
1356 3505 1591 3568 Domino
1641 3509 2068 3585 improperabat,

497 3589 758 3645 conviciis
798 3591 853 3646 in
882 3609 1008 3649 eum
1061 3597 1240 3667 iactis,
1296 3600 1532 3668 Iudaeos,
1586 3614 1647 3659 ut
1682 3606 1922 3674 videtur,
1955 3608 2070 3678 pla-

498 3690 682 3739 catum
715 3685 781 3741 iri
813 3697 1088 3757 putantes,
1145 3708 1313 3763 seque
1345 3711 1376 3750 e
1402 3712 1567 3752 cruce
1615 3698 1919 3755 detractum
1979 3701 2064 3755 iri.
2106 3695 2111 3701 ’

497 3772 603 3837 Ubi
635 3790 766 3832 vero
794 3778 849 3832 id
887 3796 996 3840 non
1022 3785 1224 3851 evenit,
1275 3786 1479 3842 Christi
1543 3789 1609 3843 ad
1667 3788 1885 3851 Patrem
1950 3800 2071 3855 tan-

494 3881 656 3936 quam
674 3868 744 3923 ad
773 3872 1035 3940 aequalem
1070 3874 1380 3948 intelligens
1424 3879 1727 3934 orationem
1762 3881 1938 3936 bonus
1988 3882 2068 3937 la-

496 3966 603 4021 tro,
636 3961 857 4029 quando
887 3962 1056 4019 dixit:
1089 3965 1271 4032 Pater,
1310 3969 1518 4023 dimitte
1549 3970 1658 4024 illis
1683 3971 1729 4003 ⁵⁸
1757 3982 2064 4042 peccatum,

492 4052 716 4121 agnovit
744 4054 1051 4122 veritatem,
1076 4072 1310 4128 eumque
1330 4060 1611 4115 dominum
1647 4071 1704 4117 et
1731 4079 1912 4135 regem
1934 4080 2066 4120 con-

493 4141 674 4198 fessus
705 4152 810 4199 est.
853 4145 1008 4212 Quod
1039 4165 1068 4203 a
1100 4150 1312 4207 caeteris
1342 4153 1689 4222 evangelistis
1722 4154 1790 4209 ad
1814 4156 1947 4212 alias
1978 4157 2063 4212 bi-

493 4236 677 4295 storiie
713 4245 898 4307 partes
919 4238 1305 4299 festinantibus
1329 4245 1757 4312 praetermissum
1784 4256 1886 4303 est.

1047 4416 1339 4487 Diﬂicuttas
1373 4437 1521 4476 xux.

2179 3250 2415 3322 σταυροῦ
2438 3251 2528 3305 τὸν
2556 3250 2763 3321 Κύριον
2794 3249 3203 3322 συνεγράψατο·
3235 3249 3291 3307 οἱ
3328 3249 3383 3304 δὲ
3410 3249 3586 3314 λοιποὶ,
3607 3247 3692 3318 ἅμα

2175 3344 2254 3417 τῷ
2284 3344 2456 3416 ἑτέρῳ
2487 3341 2745 3403 ὀνειδίσαι
2782 3341 2874 3402 τὸν
2903 3343 3145 3414 Κύριον;

2862 3436 3071 3501 Λύσις.
3446 3476 3451 3481 ι

2255 3534 2351 3587 Ἐκ
2380 3531 2681 3605 προοιμίων
2713 3529 2814 3601 μὲν
2849 3529 3099 3599 ἑκάτεροι
3126 3526 3206 3599 τῷ
3235 3528 3426 3599 Κυρίῳ
3448 3523 3690 3588 ὠνείδιζον,

2170 3627 2283 3689 τοῖς
2320 3626 2400 3688 είς
2459 3623 2625 3678 αὐτὸν
2668 3620 2929 3675 ὀνείδεσιν
2975 3618 3344 3684 ἐξιλεοῦσθαι,
3403 3618 3557 3679 εἰκὸς,
3600 3617 3694 3675 τοὺς

2185 3715 2473 3778 Ἰουδαίους
2500 3713 2833 3784 νομίζοντες,
2848 3712 2942 3765 καὶ
2963 3709 3057 3765 τοῦ
3084 3710 3320 3780 σταυροῦ
3344 3708 3689 3776 καθαιρεῖσθαι.

2183 3803 2401 3873 Ἐπειδὴ
2431 3801 2490 3855 δὲ
2512 3800 2673 3855 τοῦτο
2699 3801 2760 3854 οὐ
2793 3799 3035 3869 γέγονεν,
3076 3798 3174 3871 τὴν
3201 3798 3301 3851 τοῦ
3348 3796 3570 3867 Χριστοῦ
3593 3794 3694 3864 πρὸς

2169 3893 2263 3946 τὸν
2294 3890 2515 3962 Πατέρα
2545 3889 2621 3955 ὡς
2651 3890 2791 3961 πρὸς
2838 3889 3104 3959 ὁμότιμον
3147 3888 3343 3957 εὐχὴν,
3389 3886 3418 3938 6
3447 3885 3693 3953 εὐγνώμων

2167 3982 2372 4054 λῃστὴς
2403 3984 2604 4047 συνεὶς,
2629 3984 2720 4037 ὅτε
2749 3982 2961 4053 εἴρηκε
2996 3980 3210 4048 Πάτερ,
3235 3979 3390 4049 ἄφες
3418 3977 3602 4052 αὐτοῖς
3621 3974 3694 4040 τὴν

2169 4075 2466 4145 ἁμαρτίαν·
2504 4074 2724 4143 ἐπέγνω
2752 4073 2852 4144 τῆς
2890 4072 3172 4144 ἀληθείας,
3209 4072 3309 4125 καὶ
3340 4070 3537 4141 Κύριον
3570 4067 3693 4120 αὐτὸν

2167 4168 2263 4221 καὶ⁵
2313 4166 2540 4237 βασιλέα
2591 4166 2965 4238 ὡμολόγησεν
3005 4166 3143 4235 ὅπερ
3178 4166 3295 4226 τοῖς
3326 4161 3529 4234 ἑτέροις
3568 4159 3693 4221 εὐαγ-

2168 4258 2441 4330 γελισταίς
2488 4259 2625 4329 πρὸς
2650 4258 2818 4328 ἕτερα
2849 4256 2993 4330 μέρη
3024 4256 3119 4329 τῆς
3165 4255 3413 4333 ἱστορίας
3443 4247 3689 4319 ἐπειγομέ-

2167 4364 2279 4410 νοις
2302 4346 2755 4418 παραλέλειπται.

2832 4437 3087 4506 Ἀπορία.

508 4512 509 4515 ‘
557 4504 678 4571 Quo
706 4506 923 4562 tandem
961 4510 1122 4564 modo
1161 4511 1482 4581 pollicitatio
1536 4515 1751 4571 Domini
1791 4519 1858 4575 ad
1893 4520 2063 4578 latro-

2238 4530 2364 4594 Πῶς
2411 4530 2444 4600 ἡ
2495 4528 2789 4599 ὑπόσχεσις
2821 4527 2915 4581 τοῦ
2966 4504 3174 4599 Κυρίου
3230 4526 3369 4597 πρὸς
3420 4524 3506 4578 τὸν
3533 4519 3693 4592 λῃστὴν

491 4610 619 4648 nem
673 4596 966 4666 adimpleta
1006 4608 1112 4665 est,
1167 4600 1339 4656 Hodie
1391 4620 1594 4659 mecum
1647 4607 1750 4661 eris
1790 4611 1846 4665 in
1893 4627 2060 4678 para-

488 4687 602 4740 diso
630 4687 721 4741 “'l
756 4686 1036 4758 Siquidem
1088 4699 1211 4762 post
1260 4693 1668 4751 cruciﬁxionem
1699 4697 1952 4756 Christus
2004 4701 2060 4756 in

490 4778 765 4842 infernum
826 4780 893 4835 ad
936 4781 1248 4839 liberandos
1304 4795 1550 4843 mortuos
1614 4788 1894 4858 profectus
1944 4803 2057 4860 est;

490 4871 729 4939 eportuit
761 4880 943 4925 autem
976 4882 1032 4928 et
1067 4874 1356 4939 latronem,
1387 4886 1449 4954 ut
1486 4877 1577 4949 qui
1616 4877 1721 4950 legi
1750 4890 1958 4946 naturae
1974 4898 2060 4938 es-

491 4972 576 5018 set
593 4962 881 5018 obnoxius.
1234 4958 1244 4970 “

1160 5055 1385 5111 Salutio.

561 5146 817 5203 Nonnulli
853 5149 1073 5219 quidem
1100 5150 1174 5205 ita
1204 5151 1411 5224 legunt.
1437 5152 1600 5208 Amen
1631 5155 1748 5209 dico
1773 5159 1866 5213 tibi
1887 5161 2060 5230 hodie,

562 5260 609 5292 “
643 5258 1169 5345 Matthﬁxvnhﬁl;
1204 5263 1489 5345 Μαῖα-χιι,
1523 5266 1802 5345 2§;_Joan.
1852 5289 1964 5340 χιχ,
1995 5276 2066 5332 29

2174 5297 2250 5337 uc.
2270 5295 2435 5345 χχιιι,
2466 5280 2554 5338 56.

492 5328 563 5395 Mr
578 5346 655 5384 rc.
692 5346 780 5395 xv,
813 5332 900 5385 59.
974 5332 1020 5364 "
1049 5330 1181 5387 Luc.
1204 5349 1357 5399 χχιιι,
1379 5328 1485 5390 54(
1543 5328 1752 5394 Μ’Ἰαιια
1786 5328 2051 5409 mundi—'5.

2171 4622 2548 4692 πεπλήρωται,
2585 4621 2666 4673 ὅτι
2716 4618 2987 4711 Σήμερογ
3028 4620 3154 4688 μετ’
3380 4616 3500 4711 ἔσῃ
3535 4614 3597 4711 έν
3635 4607 3694 4711 τῷ

2171 4710 2550 4779 παραδείσῳ;
2594 4708 2748 4763 Μετὰ
2780 4708 2890 4779 γὰρ
2922 4706 3013 4761 τὸν
3040 4708 3282 4781 ,σταυρὸν
3318 4708 3347 4760 6
3380 4703 3597 4777 Χριστὸς
3636 4703 3694 4758 εἰς

2169 4801 2296 4873 ᾅδου
2322 4801 2414 4855 ἐπὶ
2442 4799 2726 4870 ἐλευθερίᾳ
2754 4798 2861 4853 τῶν
2878 4799 3088 4871 νεκρῶν
3108 4798 3489 4869 παραγίνεται⁹
3504 4794 3595 4847 ἔδει
3610 4786 3694 4861 (26)

2167 4898 2223 4950 δὲ
2257 4897 2353 4951 καὶ
2404 4894 2496 4949 τὸν
2535 4893 2760 4966 λῃστὴν,
2813 4891 3117 4946 ὑπεύθυνον
3150 4890 3280 4945 ὄντα
3320 4889 3399 4960 τῷ
3444 4888 3582 4960 νόμῳ
3622 4879 3696 4951 τῆς

2168 4988 2404 5057 φύσεως.

2850 5076 3060 5142 Λύσις.

2244 5170 2402 5233 Τινές
2454 5169 2557 5239 μὲν
2605 5169 2780 5232 οὕτως
2830 5166 3313 5237 ἀναγινώσκουσιν·
3356 5160 3535 5232 Ἀμὴν
3574 5155 3696 5220 λέγω

2661 5283 2706 5315 ’⁵⁸
2727 5282 2862 5337 Luc.
2884 5298 3040 5347 χχιιι,
3062 5282 3153 5348 40;
3174 5280 3363 5337 Matth.
3396 5287 3569 5339 xxvttt,
3600 5268 3655 5323 li
3678 5280 3693 5335 ς

1767 5430 2000 5487 νΑιιιλΕ
2041 5434 2445 5508 LECTIONES.

566 5514 592 5551 λι
626 5514 707 5568 An
738 5513 951 5569 εἰπώνῖ
1039 5514 1056 5553 1
1090 5511 1149 5571 F.
1183 5515 1444 5582 λαϐόντας
1464 5520 1619 5584 τινὰς
1647 5530 1704 5577 et
1724 5521 2057 5593 πλήσαντας.

1989 5617 2217 5675 NOTAE.

1989 5617 2035 5675 Ν
2086 5617 2217 5675 ΤΑΞ.

571 5704 681 5769 (26)
714 5704 896 5795 1Ἰεῗδει
946 5703 1557 5795 6&,Jetc.‘_Subintellige
1587 5707 1941 5777 repetendum
1992 5617 2551 5795 egpraeqedent‘ibus,
2581 5717 2659 5779 είς
2683 5717 2811 5789 ᾅδου
2832 5717 3246 5788 παραγίνεσθαι.
3330 5711 3571 5787 Oportuit
3617 5721 3692 5763 all-

503 5781 612 5833 tem
638 5783 694 5825 et
714 5773 979 5828 latronem
1013 5774 1079 5849 ad
1109 5772 1385 5827 inferrum
1422 5772 1630 5830 venire.
