3934 6410
224 385 375 454 1433

1603 399 1999 470 QUESTION
2006 401 2118 461 ES.

3343 408 3483 474 1434

224 519 336 561 σοι
362 504 633 574 σήμερον
652 521 666 535 ·
709 506 805 559 καὶ
833 506 1220 572 ὖποστίζουσιν
1238 526 1254 540 ·
1286 506 1405 562 εἶτα
1432 509 1805 578 ἐπιφέρουσιν,

1932 520 2173 565 etuotam
2229 510 2700 570 subdistinctionis
2748 526 2996 586 ponunt;
3043 516 3242 573 deinde
3304 522 3482 590 subji-

224 600 315 652 ὅτι
338 616 357 632 ·
384 600 528 653 Μετ’
553 598 701 669 ἐμοῦ
719 600 836 669 ἔσῃ
865 600 937 653 ἐν
962 600 1043 666 τῷ
1068 601 1433 671 παραδείσῳ.
1466 601 1552 665 Ὠς
1572 601 1637 655 ἂν
1664 600 1809 654 εἴποι

1932 604 2102 658 aiunt:
2128 605 2327 659 Mecum
2366 608 2469 660 eris
2488 609 2542 661 in
2568 609 2842 677 paradiso.
2895 607 3060 674 Quasi
3096 610 3296 665 dixerit
3336 613 3488 682 quis-

226 706 343 755 τις,
368 691 452 744 ὅτι
499 690 672 761 ’Δμὴν
705 691 854 759 λέγω
888 708 971 744 σοι
1004 693 1247 764 σήμερον
1274 695 1331 746 ὲν
1355 692 1436 762 τῷ
1466 691 1685 763 σταυρῷ
1712 691 1811 758 ὢν,

232 777 382 850 Ἐσῃ
423 780 545 849 μετ’
588 776 728 848 ἐμοῦ
761 779 819 832 ἐν
854 779 935 849 τῷ
963 780 1301 851 παραδείσῳ.
1327 781 1390 834 Εἰ
1412 780 1470 834 δὲ
1495 783 1591 834 καὶ
1623 783 1814 849 ἀναγι-

230 870 475 924 νώσκειν
511 870 613 933 δεῖ,
655 869 730 934 ὡς
761 873 826 942 τῇ
858 871 1122 943 συνηθείᾳ
1148 873 1316 937 δοκεῖ,
1357 872 1512 927 οὐδὲν
1537 872 1811 926 ἐναντιοῦ-

227 978 351 1015 ται·
403 960 500 1015 τοῦ
534 962 787 1032 Σωτῆρος
839 962 1021 1032 ἡμῶν,
1055 965 1123 1033 τῇ
1186 965 1587 1036 ἀπριγράπτῳ
1649 963 1813 1016 αὑτοῦ

230 1052 483 1121 θεότητι,
515 1053 617 1107 οὐκ
637 1053 695 1105 ὲν
720 1053 825 1128 ᾄδῃ
873 1054 1035 1123 μόνον
1059 1055 1524 1125 παραγεγονότος,
1560 1055 1695 1108 ἀλλὰ
1722 1055 1816 1107 καὶ

228 1145 295 1196 ἐν
320 1143 640 1216 παραδείσῳ
669 1143 787 1215 ἅμα
814 1145 893 1215 τῷ
909 1145 1103 1216 λῃστῇ,
1136 1145 1234 1198 καὶ
1267 1147 1327 1198 ὲν
1360 1144 1514 1216 ᾅδου,
1550 1147 1646 1199 καὶ
1678 1146 1815 1216 μετὰ

228 1236 479 1307 Πατρός,
537 1237 633 1289 καὶ
687 1239 749 1292 ὲν
803 1236 882 1306 τῷ
935 1237 1115 1308 τάφῳ·
1171 1235 1268 1290 ἆτε
1314 1237 1385 1289 τὰ
1447 1236 1622 1291 πάντα
1676 1236 1814 1306 πλη-

231 1326 486 1402 ροῦντος.

907 1420 1161 1488 Ἀπορια.

309 1511 432 1564 Τίνι
456 1510 603 1581 λόγῳ
625 1509 739 1582 (27)
770 1511 1053 1575 Ματθαῖος
1087 1511 1188 1581 μὲν
1211 1510 1311 1580 ὀψὲ
1343 1510 1639 1566 Σαὸϐάτων
1670 1512 1815 1565 ἱστο-

235 1605 333 1675 ρεῖ
361 1603 460 1673 τὴν
515 1602 837 1656 ἀνάστασιν·
870 1604 1097 1675 Μάρκος
1146 1603 1203 1659 δὲ
1233 1602 1354 1657 λίαν
1397 1605 1544 1674 πρωὶ
1567 1604 1648 1657 ἔτι
1681 1606 1817 1658 ἀνα-

230 1694 519 1758 τέλλοντος
567 1694 663 1748 τοῦ
721 1695 902 1764 ἡλίου·
951 1697 1171 1759 Λουκᾶς
1222 1695 1282 1750 δὲ
1339 1695 1537 1768 ὄρθρου
1600 1694 1813 1765 βαθέος·

1914 697 2092 767 piam;
2125 697 2297 751 Amen
2327 697 2450 752 dico
2481 698 2576 753 tibi
2605 699 2789 765 hodie,
2815 699 2870 754 in
2923 715 3085 755 cruce
3113 702 3324 769 positus
3345 704 3489 767 ,eris

1912 801 2126 841 mecum
2158 788 2213 840 in
2262 787 2534 856 paradiso.
2596 786 2702 842 Sed
2759 798 2815 843 et
2863 789 2907 843 si
2960 790 3249 860 legendum
3296 791 3481 854 fuerit,

1915 877 1991 955 uti
2027 879 2317 944 vultusus,
2388 879 2524 933 nihil
2550 880 2886 934 contrarium
2927 882 3209 951 sequitur;
3264 883 3487 953 quando

1918 968 2176 1021 Servalor
2191 974 2394 1032 noster,
2422 967 2890 1038 incircumscripta
2912 984 3008 1023 sua
3047 969 3355 1035 divinitate,
3373 985 3485 1024 non

1919 1058 2094 1112 solum
2142 1059 2198 1112 in
2233 1059 2451 1114 inferno
2473 1060 2728 1125 adfuerit,
2772 1062 2867 1116 sed
2896 1070 2951 1116 et
2983 1062 3039 1114 in
3070 1062 3323 1131 paradiso
3379 1077 3489 1116 una

1917 1163 2039 1201 cum
2083 1148 2314 1214 latrone,
2341 1157 2394 1203 et
2423 1150 2476 1204 iu
2536 1150 2770 1215 inferno,
2794 1161 2848 1207 et
2883 1167 3005 1207 cum
3029 1151 3209 1215 Patre,
3236 1161 3292 1207 et
3319 1152 3382 1206 in
3402 1165 3495 1207 se-

1916 1240 2133 1310 pulcro,
2165 1248 2351 1310 utpote
2374 1251 2568 1296 cuncta
2598 1243 2834 1312 replens.

2512 1419 2796 1489 Difﬁcultas
2834 1435 2888 1475 ι..

1986 1516 2102 1582 Qua
2133 1515 2343 1570 ratione
2373 1513 2679 1579 Matthmus,
2715 1530 2946 1584 vespere
2979 1513 3214 1577 sabbati.
3242 1530 3493 1573 resurre-

1917 1610 2153 1665 ctionem
2187 1619 2376 1662 narrat
2397 1607 2480 1672 ἰτς
2521 1607 2752 1671 Marcus,
2815 1608 2971 1661 valde
2997 1622 3177 1673 mane,
3199 1608 3310 1677 jam
3369 1619 3490 1662 orto

1918 1704 2121 1770 sole“;
2149 1702 2346 1766 Lucas,
2384 1701 2541 1756 valde
2567 1701 2807 1756 diluculo
2858 1700 2938 1767 ‘°;
2980 1699 3238 1767 Joannes,
3261 1717 3385 1764 cum
3402 1700 3497 1754 ad-

248 1787 511 1857 Ἰωάννης
546 1786 605 1839 δὲ
630 1786 707 1840 ἔτι
760 1786 983 1850 σκοτίας
1019 1786 1214 1857 οὕσηςς
1251 1786 1364 1841 Καὶ
1401 1787 1518 1852 πῶς
1554 1787 1654 1858 μὲν
1687 1788 1815 1859 μίαν

1932 1798 2027 1850 huc
2083 1794 2321 1848 tenebra:
2348 1793 2567 1847 essent?
2600 1793 2667 1846 Et
2695 1808 2801 1862 quo
2835 1793 2994 1848 modo
3051 1792 3290 1847 Joannes
3331 1809 3495 1847 unam

246 1880 509 1952 Ἰωάννης
547 1883 804 1947 γυναῖκα·
839 1880 1056 1941 Λουκᾶς
1109 1879 1164 1932 δὲ
1216 1879 1313 1933 καὶ
1366 1880 1593 1951 Μάρκος
1641 1883 1813 1951 τρεῖς,

231 1971 524 2033 Ματθαῖος
551 1970 609 2024 δὲ
656 1971 770 2036 δύο,
797 1970 1048 2038 λέγουσιν
1083 1971 1176 2022 ἐπὶ
1216 1970 1277 2023 τὸ
1311 1970 1500 2041 μνῆμα
1524 1971 1585 2023 τὺ
1615 1974 1820 2023 Δεσποο

231 2061 393 2114 τικὸν
420 2060 626 2127 ὲλθεῑν;
676 2062 785 2113 Καὶ
814 2061 880 2114 τὰ
903 2061 1146 2130 ὀνόματα
1175 2060 1228 2113 δὲ
1256 2061 1526 2131 διαφόρως
1552 2061 1815 2128 ἐξέθεντο.

233 2154 455 2216 Λουκᾶς
477 2153 575 2223 μὲν
605 2154 712 2223 γὰρ
735 2152 901 2223 τριῶν
928 2153 1327 2223 μνημονεύσας,
1359 2153 1455 2222 τὴν
1488 2153 1616 2222 μίαν
1638 2152 1818 2206 αὐτῶν

248 2244 510 2299 Ἰωάνναν
559 2242 697 2298 εἷναί
749 2261 934 2316 φησιν·
984 2245 1213 2315 Μάρκος
1263 2246 1317 2298 δὲ
1344 2243 1607 2307 ὡσαύτως
1650 2244 1819 2315 τριῶν

234 2337 623 2406 ἐπιμνησθεὶς,
680 2337 951 2409 Σαλώμην
997 2333 1140 2392 εἷναί
1200 2353 1365 2409 φησιν
1395 2335 1453 2401 ἐξ
1494 2336 1674 2390 αὐτῶν
1718 2336 1818 2406 τὴν

239 2426 396 2498 μίαν.

921 2521 1133 2588 Λύσις.

235 2620 241 2623 ’
313 2611 655 2683 Εὑρίσκομεν
704 2613 904 2682 πολλὴν
958 2611 1100 2670 εἶναι
1129 2615 1476 2685 συνωνυμίαν
1505 2614 1565 2667 ὲν
1589 2615 1656 2686 τῇ
1700 2615 1819 2686 θείᾳ

238 2701 461 2772 Γραφῇ·
512 2702 705 2774 ὥσπερ
763 2706 857 2758 καὶ
907 2705 1003 2761 νῦν
1061 2704 1592 2779 συμϐαίνειηποθεν
1644 2707 1739 2759 καὶ
1786 2708 1818 2777 ή

239 2795 445 2864 ἀδελφὴ
478 2798 577 2865 τῆς
626 2795 912 2860 Θεοτόκου,
944 2794 1024 2867 τῷ
1057 2797 1208 2867 αὐτῷ
1251 2797 1518 2862 ἐκέκλητο
1569 2797 1818 2867 ὀνόματι,

239 2886 338 2940 καὶ
370 2888 565 2959 Μαρία
578 2886 853 2943 Ἰακώὸου.
884 2889 1176 2942 Συνέϐαινε
1193 2889 1248 2943 δὲ
1269 2890 1363 2943 καὶ
1391 2890 1761 2961 Μαγδαληνὰς
1777 2900 1818 2928 ω

118 3022 125 3027 .
239 2976 308 3031 οὐ
339 2976 470 3047 μίαν
500 2974 640 3032 εἶναι
676 2979 772 3033 καὶ
803 2979 898 3033 δύο
933 2981 1113 3051 μόνον,
1149 2981 1287 3035 ἀλλά
1325 2983 1418 3038 καὶ
1448 2987 1619 3055 τρεῖς·
1663 2979 1738 3039 ὧν
1787 2986 1821 3056 ή

242 3068 345 3138 μία
372 3070 437 3123 ἐκ
462 3069 734 3140 δαιμόνων
769 3071 921 3145 ἑπτὰ.
952 3072 1340 3143 κεκαθάριστο·
1380 3074 1500 3144 μεθ’
1521 3070 1590 3147 ἧς
1626 3077 1683 3129 αί
1709 3075 1823 3130 λοι-

1918 1887 2224 1951 mulierem,
2275 1884 2451 1939 Lucas
2481 1893 2536 1938 et
2577 1884 2787 1939 Marcus
2816 1893 2947 1949 tres,
2983 1884 3273 1940 Mattheus
3333 1886 3492 1952 duas,

1919 1976 2112 2030 dicunt
2129 1974 2196 2027 ad
2220 1981 2636 2027 monumentum
2701 1973 3049 2027 Dominicum
3074 1975 3330 2029 venisse?
3387 1975 3495 2030 Sed

1918 2077 1973 2122 et
1996 2065 2219 2119 nomina
2244 2064 2456 2120 diverse
2478 2073 2797 2134 posuerunt.
2811 2064 2945 2119 Nam
2964 2064 3139 2120 Lucas
3159 2066 3321 2120 trium
3337 2082 3498 2121 men-

1918 2160 2121 2213 tionem
2178 2158 2384 2212 faciens
2413 2159 2482 2221 ⁸ο,
2522 2172 2710 2212 earum
2768 2173 2931 2211 unam
2994 2156 3260 2212 Joannam
3309 2159 3497 2229 dicit;

1919 2259 1974 2304 at
1993 2248 2208 2303 Marcus
2237 2258 2345 2303 tres
2371 2249 2569 2317 pariter
2610 2264 3069 2315 commemorans,
3096 2264 3256 2304 unam
3284 2265 3346 2304 ex
3387 2250 3500 2305 illis

1922 2343 2180 2398 Salomen
2208 2342 2487 2397 exstitisse
2522 2342 2617 2399 ait.

2591 2518 2820 2573 Salutio.

1991 2611 2283 2668 Plurimam
2319 2611 2634 2666 invenimus
2661 2612 2715 2664 in
2767 2610 3051 2681 Scriptura
3082 2611 3267 2666 divina
3319 2612 3500 2667 nomi—

1921 2722 2053 2762 num
2076 2703 2553 2770 communionem;
2576 2702 3036 2774 quemadmodum
3081 2711 3136 2758 et
3174 2719 3321 2758 nunc
3348 2704 3499 2758 acci-

1921 2800 2020 2855 dit.
2056 2797 2294 2854 Proinde
2312 2807 2369 2853 et
2398 2810 2555 2852 soror
2609 2795 2876 2864 Deiparae,
2918 2794 3111 2849 eodem
3138 2810 3201 2848 ac
3244 2793 3360 2863 ipsa
3403 2809 3502 2847 no-

1922 2894 2070 2949 mine
2094 2893 2409 2955 vocabatur,
2443 2897 2499 2943 et
2533 2887 2701 2942 Maria
2738 2887 2950 2943 Jacobi.
3008 2887 3251 2958 Contigit
3283 2902 3503 2957 quoque

1922 2987 1979 3041 in
2012 2984 2362 3056 Magdalenis,
2385 2998 2496 3037 non
2528 2996 2693 3036 unam
2723 2978 2914 3045 fuisse,
2960 2986 3051 3033 aut
3079 2978 3215 3034 duas
3257 2988 3497 3043 tantum,

1924 3080 2019 3135 sed
2057 3087 2201 3145 tres;
2238 3093 2468 3147 quarum
2494 3090 2621 3140 una,
2652 3089 2684 3128 a
2721 3058 3063 3128 drcmonihus
3104 3080 3312 3141 septem
3370 3087 3503 3140 pur-

241 3160 368 3226 παὶ,
405 3161 523 3232 ἅμα
563 3159 787 3233 ἰωάννα
829 3164 926 3216 καὶ
976 3162 1235 3237 Σαλώμῃ,
1270 3163 1632 3237 πολυτρόπως
1670 3168 1823 3238 παρὰ

1932 3180 2050 3242 gata
2074 3178 2159 3225 est
2188 3170 2265 3233 ⁵¹;
2294 3184 2416 3223 cum
2456 3182 2561 3236 qua
2608 3164 2854 3234 reliquae,
2900 3163 3140 3230 itemque
3190 3159 3398 3213 Joanna
3449 3167 3507 3213 et

239 3252 339 3307 τοῦ
389 3254 645 3326 Σωτῆρος
689 3254 1158 3325 εὐεργετηθεῖσαι,
1195 3255 1339 3309 κατὰ
1368 3255 1661 3326 διαφόρους
1696 3275 1823 3311 και-

245 3344 398 3417 ροὺς,
430 3345 569 3416 πρὸς
594 3345 655 3397 τὸ
693 3346 881 3416 μνῆμα
926 3345 988 3398 τὸ
1016 3347 1349 3402 Δεσποτικδν
1388 3347 1645 3418 ἔδραμον·
1679 3352 1826 3412 εἰκὸς

239 3435 425 3490 τοίνυν
482 3436 579 3489 καὶ
631 3437 854 3507 Μαρίαν
926 3437 1184 3491 Ἰακώϐου
1214 3440 1310 3492 τοῦ
1374 3439 1487 3492 υίιῦ
1541 3441 1837 3510 Ἁλφαίου,-

240 3520 384 3574 ἀλλὰ
416 3523 512 3576 καὶ
540 3523 735 3593 ἑτέραν
785 3524 1006 3594 Μαρίαν
1041 3526 1139 3595 μὲν
1172 3526 1497 3598 λεγομένην,
1530 3529 1743 3600 μητέρα
1769 3531 1823 3583 δὲ

238 3608 413 3666 οὖσαν
468 3612 727 3669 Ἰακώϐου
780 3614 874 3667 τοῦ
908 3616 1220 3673 Ζεϐεδαίου.
1265 3617 1548 3672 Ἐντεῦθεν
1582 3616 1676 3673 οὖν
1707 3638 1826 3675 σκο-

240 3706 369 3757 πεῖν
389 3704 469 3756 δεῖ
496 3704 604 3758 τῶν
637 3705 914 3760 ὀπτασιῶν
955 3708 1055 3777 τὴν
1097 3708 1387 3779 διαίρεσιν.
1430 3711 1669 3782 Οὐδεμιᾷ
1717 3714 1825 3783 γὰρ

238 3796 619 3866 ὲναντιολογίᾳ
658 3796 1078 3869 ἀναγέγραπται
1109 3799 1188 3869 τῷ
1231 3800 1519 3872 Ματθαίῳ,
1557 3803 1687 3872 μίαν
1718 3805 1826 3858 τῶν

237 3886 618 3957 Μαγδαληνῶν
677 3889 898 3961 Μαρίαν
925 3891 1041 3960 ἅμα
1071 3891 1205 3964 ἄλλῃ
1236 3893 1445 3966 Μαρίᾳ,
1476 3895 1574 3965 ὀψὲ
1615 3897 1827 3952 Σαϐϐά-

238 3998 379 4044 των,
436 3983 840 4053 παρατεινούσῃ
887 3984 1016 4054 ἄχρι
1068 3985 1447 4055 μεσονυκτίου,
1474 3987 1624 4051 ἐντὸς
1656 3991 1736 4052 εἰς
1765 3989 1826 4042 τὸ

242 4072 444 4144 μνῆμα
483 4073 732 4145 δραμεῖν,
769 4073 991 4126 διπλοῦν
1039 4074 1286 4146 ὑπάρχον
1346 4075 1490 4129 κατὰ
1540 4079 1632 4130 τὸν
1659 4079 1825 4133 τύπον

236 4163 340 4221 τοῦ
366 4164 632 4234 σπηλαίου
664 4165 758 4217 τοῦ
797 4164 1070 4236 Ἀϐραὰμ,
1102 4168 1200 4221 καὶ
1228 4169 1287 4220 ὲν
1317 4168 1395 4239 τῷ
1421 4170 1670 4243 ὲξωτέρῳ
1692 4174 1826 4245 οἴκῳ

241 4256 568 4326 γενομένας,
619 4255 711 4311 τὸν
743 4256 976 4326 ἄγγελον
1037 4257 1185 4323 ἰδεῖν,
1219 4261 1274 4312 ἐν
1313 4261 1449 4330 αὐτῇ
1472 4264 1537 4332 τῇ
1569 4262 1691 4334 ὥρᾳ
1736 4265 1827 4318 τὸν

241 4346 398 4401 λίθον
428 4347 861 4410 ἁποκυλίσαντα,
913 4348 1311 4414 ἐξαναστάντος
1342 4352 1445 4422 ἥδη
1486 4353 1581 4407 τοῦ
1614 4360 1829 4426 μνήμα-

239 4458 340 4506 τος
364 4440 459 4495 τοῦ
509 4441 769 4512 Χριστοῦ·
814 4442 902 4496 διὰ
952 4442 1114 4497 τοῦτο
1142 4443 1474 4515 γεγράφθαι·
1510 4447 1668 4503 Ἰδοὺ
1703 4466 1828 4503 σει-

1931 3262 2168 3327 Salome,
2204 3259 2369 3315 variis
2391 3256 2674 3313 beneﬁciis
2696 3270 2726 3308 a
2756 3254 3044 3310 Servatore
3075 3249 3303 3315 ali‘ectaa,
3327 3251 3507 3305 diver-

1933 3351 2009 3407 sis
2044 3349 2402 3419 temporibus,
2434 3345 2502 3401 ad
2559 3351 2977 3400 monumentum
3024 3340 3374 3395 Dominicum
3414 3356 3505 3394 cu-

1931 3449 2257 3508 currerunt;
2278 3441 2475 3510 quibus
2491 3437 2692 3492 addere
2714 3443 3145 3491 consentaneum
3170 3442 3253 3487 est
3284 3432 3507 3486 Mariam

1931 3533 2116 3590 Jacobi
2150 3532 2244 3586 ﬁlii
2273 3530 2504 3600 Alplwei,
2531 3529 2801 3598 aliamque
2841 3526 3044 3597 puriter
3094 3524 3314 3578 Mariam
3361 3539 3509 3577 nun-

1930 3615 2204 3695 cupatam,
2238 3631 2468 3677 matrem
2527 3635 2658 3674 vero
2686 3619 2870 3673 Jacobi
2922 3616 3164 3671 Zcbedasi
3203 3615 3316 3669 filii.
3371 3613 3510 3672 Hinc

1932 3732 2061 3785 ergo
2095 3714 2445 3775 considerare
2473 3719 2688 3780 oportet
2713 3708 3117 3779 apparitionum
3157 3706 3506 3761 divisionem.

1933 3811 2151 3878 Absque
2186 3808 2295 3860 ulla
2325 3805 2471 3860 enim
2504 3802 2774 3859 sermonis
2835 3800 3227 3855 contrarietate
3271 3798 3510 3868 perscri~

1933 3913 2085 3974 ptum
2113 3909 2247 3955 csta
2277 3898 2549 3961 Matthmo,
2588 3910 2753 3949 unam
2785 3893 3225 3964 Magdalenarum
3286 3890 3508 3943 Mariam

1934 3994 2094 4051 simul
2121 4009 2246 4048 cum
2272 3989 2377 4045 alia
2406 3989 2591 4053 Maria,
2635 4001 2862 4056 vespere
2894 3984 3137 4048 Sabbati,
3167 3982 3510 4053 pertingente

1934 4098 2108 4152 usque
2138 4080 2206 4135 ad
2233 4078 2468 4134 mediam
2503 4085 2740 4139 noctem,
2801 4074 2948 4128 intro
2993 4073 3048 4127 in
3094 4081 3511 4125 monumentum

1935 4174 2268 4239 cucurrisse,
2299 4171 2444 4241 quod
2479 4177 2596 4222 erat
2626 4166 2848 4236 duplex,
2895 4165 3048 4235 juxta
3113 4165 3336 4233 ﬁguram
3390 4177 3517 4231 spe-

1934 4271 2111 4325 luncae
2142 4267 2416 4322 Abraham
2438 4264 2518 4329 In;
2544 4273 2777 4328 cumque
2807 4266 2993 4313 essent
3021 4257 3076 4311 in
3107 4255 3516 4322 exteriorizede,

1933 4362 2188 4433 angelum
2215 4358 2414 4413 vidisse
2434 4397 2447 4416 ,
2470 4354 2563 4424 qui
2595 4353 2786 4407 eadem
2817 4351 2950 4404 hora
2980 4348 3212 4403 revolvit
3258 4345 3515 4415 lapidem,

1935 4466 2222 4528 postquam
2238 4452 2349 4520 jam
2377 4447 2630 4503 Christus
2651 4460 2682 4499 e
2714 4448 3073 4497 monumento
3095 4436 3515 4499 exsurrexissct;

245 4533 406 4603 σμὸς
463 4532 703 4602 ἐγένετο
748 4534 959 4604 μέγας·
1011 4536 1314 4603 τουτέστιν,
1375 4537 1493 4609 ἅμα
1549 4542 1615 4611 τῇ
1663 4542 1823 4596 αὐτοῦ

1936 4547 2168 4613 ideoque
2221 4549 2504 4595 exaratum
2527 4552 2653 4591 esse
2695 4552 2709 4586 :
2749 4531 2885 4586 Ecce
2925 4541 3079 4585 terrae
3130 4529 3299 4583 motus
3346 4529 3518 4599 fartus

253 4627 543 4698 παρουσίᾳ·
568 4623 689 4680 εἶτα
714 4626 947 4681 ἀκοῦσαι
972 4628 1141 4698 napi."
1161 4629 1273 4701 (‘28)
1295 4630 1388 4683 τοῦ
1420 4632 1656 4701 ἀγγέλου
1687 4634 1832 4708 ὅπερ

1940 4647 2012 4693 est
2044 4632 2325 4706 magnus”
2345 4631 2480 4699 ;hoc
2509 4628 2705 4694 est,ad
2736 4626 2912 4695 ipsius
2937 4623 3232 4678 adventum
3259 4639 3272 4674 :
3315 4618 3518 4673 deinde

318 4764 374 4844 ξτ-
393 4763 859 4844 Mattthva,
929 4766 976 4799 ⁸³
991 4765 1155 4823 Marc.
1183 4784 1292 4834 xvi,
1315 4768 1370 4824 2.
1446 4768 1490 4804 ⁸³
1512 4769 1644 4828 Luc.
1670 4790 1818 4844 xxw,

1962 4777 2008 4810 ⁸⁰
2033 4773 2166 4829 Luc.
2194 4770 2350 4836 ibid.,
2380 4768 2466 4822 10.
2542 4766 2585 4797 ⁸⁸
2610 4763 2774 4818 Marc.
2802 4761 2975 4826 “1,1.
3052 4758 3097 4790 ³³
3126 4754 3263 4811 Gen.
3295 4754 3514 4816 δίωκε).

240 4835 296 4873 ³³
326 4835 520 4896 Matth,
556 4851 747 4902 xxvul,
781 4838 834 4892 2.

1565 4935 1799 4994 VARI/l3
1834 4933 2242 5027 LECTIQNES.

1742 5087 1973 5143 NOT/E.
1994 5116 2007 5121 -

322 5018 445 5074 IIIIIn
470 5037 571 5077 ms.
603 5034 805 5088 semper
831 5036 950 5072 cum
978 5036 1015 5075 ι.
1110 5029 1138 5057 υ
1160 5021 1229 5076 L.
1264 5021 1436 5092 παρά.

320 5180 435 5254 (2'7)
466 5177 825 5254 Τίνι-λόγῳ.
868 5179 1072 5237 Confer
1117 5196 1272 5254 cum‘
1302 5176 1831 5254 ejusdemdiesychii

244 5248 504 5309 oratione
529 5253 581 5304 in
612 5248 949 5306 Dominicam
979 5248 1442 5306 resurrectionem
1474 5258 1513 5304 t.
1538 5248 1557 5301 ι
1584 5248 1829 5303 Anetarii

244 5320 681 5383 Combeﬁsiani,
731 5337 781 5376 c.
836 5319 976 5388 7M,
1019 5336 1141 5390 quas
1180 5322 1525 5376 tribuebatur
1568 5317 1831 5390 Gregorio

248 5393 548 5463 Nysseno,
585 5399 871 5463 exstatque
908 5402 948 5446 t.
987 5388 1052 5444 Ill
1103 5391 1342 5463 Opernm
1371 5391 1515 5463 illius
1544 5430 1558 5452 ,
1595 5404 1651 5459 p.
1702 5388 1828 5443 400.

250 5460 324 5523 Et
348 5461 473 5517 vide
493 5460 763 5515 Anastasii
786 5460 1163 5530 quaestionem
1180 5461 1298 5526 155,
1332 5462 1419 5515 cui
1444 5467 1833 5530 recteﬁpraepo—

246 5535 406 5590 nitur
422 5531 567 5601 apud
591 5529 963 5601 Lambecium,
986 5531 1084 5586 lib.
1109 5547 1188 5596 ιιι,
1207 5547 1311 5585 ms.
1337 5530 1494 5600 89,p.
1521 5529 1617 5601 I97
1639 5547 1651 5580 :
1671 5529 1834 5581 Ἡσυ-

251 5604 381 5675 χίου
403 5600 798 5675 πρεσϐυτέρου.
826 5600 1079 5675 Hesychii
1119 5617 1241 5675 esse
1281 5601 1521 5675 ostendit
1552 5600 1722 5675 etiam
1742 5614 1835 5653 co-

250 5669 381 5743 dex
421 5669 631 5743 Regius,
674 5669 798 5743 7750,
850 5669 1096 5743 quasdam
1150 5672 1296 5743 enim
1339 5687 1403 5725 ex
1452 5671 1542 5743 illa
1577 5669 1833 5743 oratione

252 5740 566 5826 proferens,
599 5742 811 5826 titulum
843 5740 993 5826 facit,
1012 5742 1292 5826 “ilicuzioy‘
1316 5740 1704 5826 πρερίὸυίτέρσρ⁹
1734 5740 1832 5793 ἰε-

254 5810 576 5887 ὃοσολύμων
597 5829 611 5844 ο
641 5815 723 5868 ὅτι
754 5812 897 5867 κατὰ
931 5812 1096 5883 μηδὲν
1139 5810 1390 5883 ἀλλήλοις
1418 5810 1831 5873 ἐνιντιωθέντες

1933 5179 1983 5232 οἱ
2019 5176 2408 5248 εὐαγγελισταὶ
2435 5177 2482 5248 οἱ
2512 5174 2775 5248 τέσσαρες
2798 5212 2814 5239 ,
2844 5170 3119 5248 διαφόρως
3143 5169 3210 5248 τα
3240 5167 3520 5248 σρμξεόης

1934 5249 2069 5301 κότα
2116 5238 2246 5318 περὶ
2296 5247 2396 5316 τῆς
2444 5238 2803 5306 ἀναστάσεως
2849 5238 3089 5313 Χριστοῦ
3121 5238 3213 5294 τοῦ
3256 5238 3391 5291 Θεοῦ
3424 5238 3518 5293 τοῦ

1934 5319 2184 5389 Σωτῆρος
2211 5317 2698 5389 ήμῶνίστόρησανα
2768 5382 2786 5389 _
2853 5381 2864 5389 _
2940 5343 2950 5353 '

2008 5378 2119 5458 (28)
2142 5378 2301 5454 Πέρί.
2333 5387 2448 5441 lmo
2470 5378 2620 5458 παρὰ
2656 5381 3032 5458 confusionem
3075 5378 3523 5458 praepositionum

1937 5447 2137 5527 saepius
2165 5447 2399 5510 faciente
2451 5447 3105 5529 abbreviatascriptura}
3145 5447 3204 5504 ut
3237 5449 3395 5529 titulo
3425 5447 3526 5500 Re-

1941 5519 2250 5596 sponsorum
2296 5527 2668 5596 canonicornm
2722 5523 2997 5596 Timothei
3024 5519 3403 5596 Alexandrini,
3459 5534 3523 5570 cx

1942 5585 2105 5651 sensu
2153 5605 2206 5650 et
2249 5612 2380 5650 mss.
2411 5597 2463 5649 in
2504 5594 2755 5649 Cedreno
2796 5593 2925 5646 edit.
2965 5590 3097 5661 Reg.
3132 5589 3318 5661 ι).ᾐὲὲᾷ
3366 5585 3427 5648 Β,
3462 5602 3528 5640 ac

1939 5665 2251 5737 Nicephoro
2300 5667 2393 5737 lib.
2416 5681 2491 5737 tv,
2515 5680 2646 5737 cap;
2681 5663 2771 5737 23,
2798 5658 3083 5737 estvelim}
3110 5658 3397 5737 insigniter
3425 5671 3527 5737 au-

1944 5749 2052 5795 tem
2080 5724 2303 5793 lduobus
2331 5736 2384 5789 in
2426 5724 2798 5790 locis-Primo
2834 5724 3085 5785 Historia)
3109 5724 3395 5783 Sozomcni
3424 5724 3521 5778 liti.

1940 5825 2057 5877 vm,
2097 5824 2215 5879 cap.
2241 5807 2330 5876 27,
2361 5806 2452 5862 ubi
2484 5805 2719 5876 elogium
2753 5803 2913 5858 Attici
2941 5801 3044 5858 (ΣΡ.
3074 5801 3166 5873 qui
3196 5798 3260 5853 Et
3290 5812 3369 5867 πη
3392 5809 3524 5854 και-
