3934 6410
379 374 516 467 1439

1586 372 1954 433 HESYCHII
1987 369 2461 438 PRESBYTERI

3529 363 3667 430 1440

377 485 642 542 minicum
679 483 914 555 positum
942 483 1138 539 fuerat.
1176 483 1360 554 Itaque
1386 483 1531 553 quod
1574 484 1644 538 ab
1682 482 1787 537 illis
1827 498 1967 551 prte—

2077 480 2206 532 ίδεῖν
2245 480 2339 532 τὸν
2354 479 2543 544 τόπον,
2576 477 2704 531 ἔνθα
2732 479 2793 530 τὸ
2823 476 2986 546 σῶμα
3012 474 3072 530 τὸ
3095 474 3433 528 Δεσποτικδν
3461 475 3660 527 ἔκειτο.

379 580 693 634 termissum
725 585 830 640 est,
878 575 1054 630 Lucas
1103 575 1412 633 accuratius
1464 574 1702 644 scripsit,
1739 574 1962 628 dicens:

382 669 642 741 Ingressus
690 685 790 722 non
831 670 1140 722 invenerunt
1170 685 1357 736 corpus
1377 667 1754 722 Domim’Jesu.
1810 666 1967 722 Unde

381 764 519 817 nihil
547 762 666 818 aliis
692 761 1025 818 contrarium
1048 761 1244 832 singuli
1279 763 1641 832 protulerunt.

962 937 1260 1008 Diﬂicullas
1289 953 1386 991 ιιι.

455 1031 572 1098 Qua
605 1031 816 1086 ratione
849 1031 1249 1101 apparitionem
1295 1029 1635 1100 angelorum,
1683 1029 1974 1100 ipsamque.

384 1123 598 1177 Domini
626 1124 692 1178 ad
726 1124 1002 1188 mulieres,
1032 1124 1182 1178 varie
1213 1123 1624 1192 descripserunt
1654 1122 1678 1174 ?

1069 1299 1292 1354 Salutio.

456 1388 731 1442 Contrarii
767 1390 900 1444 nihil
935 1391 1098 1445 habet
1123 1392 1393 1461 apparitio
1422 1393 1762 1463 angelorum.
1790 1394 1968 1465 Siqui-

383 1479 506 1532 dem
541 1479 827 1536 Mattbazus
860 1493 914 1535 et
945 1481 1154 1537 Marcus
1210 1499 1400 1546 unum,
1432 1495 1490 1538 ut
1519 1496 1677 1539 antea
1707 1487 1964 1553 diximus,

382 1573 635 1640 angelum
664 1574 973 1628 retulerunt
997 1575 1316 1645 apparuisse
1343 1579 1663 1633 mulieribus
1691 1580 1759 1646 ⁸⁷;
1794 1579 1969 1635 Lucas

381 1679 514 1718 vero
552 1675 605 1718 et
643 1665 902 1731 Joannes,
939 1669 1171 1736 primam
1205 1670 1604 1739 apparitionem
1637 1675 1968 1741 prmtermit-

383 1765 562 1810 tentes
597 1757 662 1820 ⁵⁸,
686 1758 907 1827 angelos
938 1760 1097 1823 duos,
1130 1761 1220 1830 qui
1264 1761 1414 1815 intus
1445 1762 1546 1816 visi
1579 1773 1726 1827 sunt,
1758 1765 1967 1818 descri-

2083 571 2168 634 Ὠς
2223 569 2599 641 παραλειφθὲν
2651 569 2803 643 παρὰ
2851 567 3081 630 τούτων,
3111 571 3140 621 ὁ
3184 570 3404 632 Λουκᾶς
3439 568 3667 636 ἀκριϐέ-

2071 680 2262 734 στερον
2303 662 2545 732 ἔγραψεν
2579 660 2774 715 εἰπών·
2808 659 3220 716 Εἱσελθοῦσαι
3250 663 3366 730 οὐχ
3387 655 3574 726 εὗρον
3604 660 3670 712 τὸ

2070 753 2242 824 σῶμα
2274 753 2382 808 τοῦ
2409 755 2632 822 Κυρίου
2653 753 2880 821 Ἰησοῦ.
2917 753 3080 809 Ὅθεν
3104 753 3207 807 οὐκ
3229 753 3478 807 ἐναντίον
3501 751 3670 822 ἀλλή-

2069 847 2183 911 λοις
2206 847 2480 918 εἰρήκασι.

2741 939 3003 1007 Ἀπορία.

2143 1029 2264 1083 Τίνι
2299 1030 2445 1100 λόγῳ
2470 1029 2746 1099 διαφόρως
2799 1029 2898 1098 τὴν
2931 1029 3042 1082 τῶν
3071 1028 3325 1097 ἀγγέλων
3367 1026 3670 1090 ὀπτασίαν,

2069 1124 2243 1194 αὑτήν
2294 1141 2354 1176 τε
2396 1122 2496 1193 τὴν
2525 1122 2621 1175 τοῦ
2675 1122 2886 1194 Κυρίου
2921 1123 3021 1193 τὴν
3053 1121 3192 1194 πρὸς
3230 1122 3330 1185 τὰς
3392 1123 3670 1189 γυναῖκας

2069 1216 2370 1286 γενομένην
2399 1214 2586 1286 ἱστὸρη
2597 1232 2724 1297 cev;

2751 1307 2964 1371 Λύσις.

2141 1401 2254 1453 Οὐκ
2308 1398 2528 1453 ἐναντία
2576 1399 2610 1468 ἡ
2644 1397 2756 1452 τῶν
2806 1399 3057 1468 ἀγγέλων
3087 1397 3344 1450 ὀπτασία.
3383 1394 3672 1456 Ματθαῖος

2073 1490 2172 1560 μὲν
2210 1490 2320 1560 γὰρ
2375 1491 2470 1542 καὶ
2521 1488 2774 1558 Μάρκος,
2829 1488 2929 1543 ἕνα
2979 1487 3165 1550 καθὼς
3217 1487 3670 1557 προειρήκαμεν,

2073 1582 2365 1652 ἱστόρησαν
2387 1583 2506 1644 ταῖς
2530 1580 2778 1647 γυναιξὶν
2806 1581 3141 1650 ἐπιφανῆναι
3167 1579 3416 1647 ἄγγελον·
3449 1578 3672 1637 Λουκᾶς

2069 1671 2126 1724 δὲ
2161 1673 2256 1725 καὶ
2298 1673 2577 1742 Ἰωάννης,
2634 1672 2734 1741 τὴν
2790 1670 3019 1742 πρώτην
3053 1671 3323 1723 ὀπτασίαν
3372 1669 3670 1739 παραδρα-

2075 1761 2289 1830 μόντες,
2320 1762 2450 1824 τοὺς
2491 1761 2638 1814 ἔνδον
2671 1762 2942 1830 φανέντας
2973 1761 3244 1827 ἀγγέλους
3285 1759 3380 1812 δύο
3421 1760 3672 1831 γράφου-

379 1849 562 1902 bunt:
613 1849 853 1905 Joannes
901 1859 1111 1912 autem,
1166 1854 1221 1906 in
1275 1854 1532 1908 exteriori
1589 1856 1850 1924 spelunca
1893 1856 1962 1910 ad

2075 1870 2169 1906 σινο
2216 1854 2474 1921 Ἰωάννης
2503 1853 2562 1906 δὲ
2591 1854 2648 1905 ἐν
2677 1853 2753 1922 τῷ
2793 1853 2900 1916 ἔξω
2941 1852 3200 1922 σπηλαίῳ
3246 1851 3398 1919 παρά
3434 1852 3538 1921 τὴν
3575 1851 3671 1902 θύ⁴

381 1938 580 1993 ostium
611 1939 838 1992 Mariam
886 1941 1422 2012 designat'stantem,
1459 1952 1513 1997 et
1565 1944 1709 1998 intro
1752 1946 1970 2016 prospi-

383 2031 644 2095 cientem,
676 2032 876 2087 vidisse
910 2033 1047 2088 duos
1092 2035 1315 2105 angelos
1371 2036 1424 2090 in
1477 2037 1654 2102 albis;
1685 2045 1741 2092 at
1771 2038 1967 2107 Lucas,

379 2139 506 2177 cum
544 2124 804 2194 ingressre
833 2135 1017 2179 essent
1065 2127 1119 2180 in
1153 2127 1462 2195 sepulcrum
1497 2129 1562 2193 ⁸³,
1597 2145 1701 2184 nec
1726 2130 1970 2185 invenis-

305 2261 310 2266 .
375 2223 505 2268 seut
555 2231 777 2285 corpus,
830 2216 1062 2286 ideoque
1107 2228 1293 2272 mente
1342 2227 1708 2275 consternatae
1757 2232 1968 2287 essent,

378 2309 736 2377 conSpexisse
771 2309 910 2364 duos
943 2310 1109 2373 viros,
1141 2311 1195 2364 in
1235 2320 1382 2366 veste
1432 2311 1694 2384 fulgenti;
1731 2313 1782 2369 id
1823 2317 1971 2385 quod

380 2415 476 2454 eos
511 2401 732 2466 angelos
765 2417 886 2457 esse
912 2403 1225 2459 denotabat.
1261 2403 1415 2471 Quod
1446 2416 1628 2461 autem
1666 2407 1765 2473 ait,
1795 2406 1968 2463 Stete-

382 2503 505 2546 runt
537 2510 702 2559 serus,
732 2510 842 2549 non
870 2495 1138 2566 signiﬁcat
1179 2499 1498 2567 apparuisse
1523 2514 1638 2566 eos,
1672 2500 1769 2554 sed
1798 2501 1965 2570 quod,

378 2595 440 2640 ut
465 2587 661 2657 angeli,
697 2589 861 2642 etiam
896 2600 1217 2659 praesentes,
1237 2607 1346 2646 non
1370 2607 1610 2662 semper,
1633 2595 1728 2648 sed
1748 2597 1969 2664 quando

377 2679 656 2746 volebant,
689 2665 1190 2750 conspiciebantur.
1229 2683 1388 2738 Unde
1421 2699 1525 2738 nec
1564 2683 1728 2740 Petro
1757 2685 1813 2740 in
1852 2703 1970 2743 mo-

377 2779 706 2824 numentum
736 2773 980 2842 ingresso
999 2783 1392 2842 apparuerunt,
1415 2777 1668 2844 quamvis
1687 2777 1966 2844 adessent;

378 2861 704 2917 mulieribus
737 2879 866 2918 vero
894 2863 1112 2920 divisim
1139 2866 1396 2937 ingressis
1423 2877 1546 2937 post
1569 2871 1971 2926 consternatio-

377 2968 528 3019 nem,
562 2962 822 3024 tanquam
850 2954 1246 3014 inﬁrmioribus
1269 2957 1416 3028 ipsos
1439 2974 1500 3014 se
1530 2960 1793 3017 videndos
1821 2978 1964 3032 prae-

375 3043 638 3100 buerunt.
666 3045 821 3111 Quod
842 3046 1138 3104 sidixeris:
1169 3046 1289 3113 Quo
1337 3049 1502 3103 modo
1525 3049 1666 3119 apud
1697 3048 1968 3106 Joannem

377 3137 606 3199 angelus
640 3138 1057 3208 superlapidem
1092 3139 1293 3194 sedens
1321 3155 1433 3194 non
1456 3141 1967 3211 apparueritMariaa

379 3229 582 3285 iterum
638 3231 900 3302 ingressae
923 3231 994 3286 ⁶⁰Ῡ
1038 3247 1202 3288 causa
1253 3233 1543 3289 manifesta
1592 3244 1696 3290 est.
1746 3233 1965 3289 Etenim

377 3321 561 3393 primo
605 3322 826 3392 quidem
862 3337 1097 3378 cernens
1130 3322 1294 3378 Maria
1349 3323 1587 3394 lapidem
1632 3325 1964 3391 revolutum,

375 3413 517 3468 nihil
545 3414 779 3483 amplius
812 3414 1029 3480 rimata,
1060 3414 1127 3469 ad
1178 3414 1400 3469 Petrum
1445 3424 1501 3470 et
1547 3415 1816 3470 Joannem
1865 3417 1966 3472 ob-

376 3520 534 3560 versa
562 3515 663 3560 est.
695 3505 950 3562 Secundo
979 3515 1184 3572 autem,
1219 3508 1398 3562 eidem
1449 3508 1658 3579 angelis
1695 3508 1846 3563 intus
1881 3524 1969 3564 se-

375 3599 638 3653 dentibus
675 3615 1007 3665 occursurae,
1069 3615 1208 3671 opus
1259 3617 1369 3655 non
1423 3599 1525 3656 fuit
1562 3611 1625 3656 ut
1677 3611 1970 3672 appareret

375 3691 605 3762 angelus
632 3691 726 3762 qui
756 3706 921 3762 supra
944 3692 1178 3762 lapidem
1211 3693 1456 3748 sedebat.
1492 3693 1626 3748 Nam
1657 3694 1725 3748 de
1749 3693 1968 3748 Domini

377 3785 720 3855 apparitione
751 3802 873 3855 quae
902 3785 1229 3840 mulieribus
1280 3785 1422 3840 facta
1457 3795 1562 3852 est,
1594 3800 1707 3840 non
1748 3795 1970 3856 oportet

376 3892 646 3947 quaerere,
673 3877 769 3932 sed
795 3877 1132 3931 credendum
1155 3886 1240 3931 est
1266 3876 1503 3932 veritati.
1537 3877 1776 3933 Diversis
1817 3878 1968 3932 enim

378 3971 594 4025 vicibus
621 3986 745 4025 cum
778 3970 842 4024 ad
877 3979 1296 4030 monumentum
1329 3970 1698 4034 cucurrerint,
1727 3986 1840 4026 non
1870 3987 1971 4026 eae-

376 4065 503 4120 dem
531 4066 813 4128 mulieres,
833 4081 1022 4120 verum
1052 4065 1215 4120 modo
1240 4065 1362 4120 duae
1389 4079 1457 4119 ex
1489 4064 1638 4135 ipsis,
1671 4065 1836 4122 modo
1858 4081 1968 4120 una

377 4166 435 4212 et
457 4157 693 4223 diversa,
721 4157 885 4211 modo
913 4157 1064 4223 aliae;
1097 4157 1314 4212 diverso
1335 4172 1552 4226 quoque
1587 4157 1751 4212 modo
1782 4157 1969 4213 Domi-

376 4265 484 4304 nus
532 4249 638 4302 illis
670 4249 955 4318 apparuit;
993 4265 1225 4318 quarum
1248 4248 1404 4303 alteri
1436 4256 1696 4318 tanquam
1728 4249 1970 4306 imbecil-

376 4338 523 4403 liori,
556 4339 712 4392 alteri
756 4347 817 4393 ut
854 4339 1190 4408 perfectiori,
1237 4353 1302 4392 ex
1346 4339 1703 4410 proportione
1741 4357 1968 4398 mensus

377 4441 464 4485 est
506 4429 772 4484 Dominus
801 4429 1200 4500 apparitionem
1234 4445 1408 4484 suam.
1443 4429 1711 4496 Quocirca
1754 4432 1968 4489 Marcus

378 4524 772 4593 compendiose
802 4524 1080 4593 percursis
1106 4523 1172 4578 iis
1205 4540 1327 4594 quae
1372 4524 1442 4580 ad
1497 4541 1668 4580 unum
1706 4514 1969 4581 duntaxat

378 4616 634 4686 angelum
687 4615 1076 4685 pertinebant,
1126 4616 1370 4670 sermoni
1434 4616 1599 4671 ﬁnem
1663 4617 1964 4687 imposuit:

380 4709 559 4763 Lucas
594 4708 807 4764 Domini
854 4709 921 4764 ad
956 4709 1214 4764 mulieres
1247 4709 1646 4779 apparitionem
1704 4710 1966 4778 reticens,

379 4809 435 4856 et
460 4802 697 4857 innuens
728 4810 963 4866 tantum,
988 4802 1044 4855 in
1069 4801 1298 4857 historia
1321 4803 1389 4857 de
1409 4801 1650 4874 CleOpba
1686 4804 1969 4876 evangeli-

379 4909 507 4949 cum
539 4908 676 4964 opus
722 4895 1023 4955 conclusit.
1057 4894 1295 4950 dicendo
1325 4912 1338 4949 :
1374 4895 1630 4950 Abierant
1662 4897 1879 4966 quidam
1905 4912 1970 4950 ea:

453 5076 498 5107 ⁵⁷
529 5073 720 5146 Matth.
761 5093 957 5144 xxvm,
983 5078 1038 5146 2;
1076 5078 1241 5134 Marc.
1277 5096 1388 5143 xw.
1431 5079 1485 5136 5.

379 5163 470 5212 xx,
501 5147 550 5210 l,
581 5144 669 5198 12.

1595 5082 1643 5114 ⁸⁸
1671 5081 1962 5140 Luc.xx1v
1982 5125 1997 5150 ,
2025 5083 2092 5150 4;
2117 5082 2276 5137 Joan.
2300 5098 2367 5136 xx
2387 5121 2400 5146 ,
2438 5080 2524 5143 li,
2554 5078 2641 5131 ιε.

2076 1960 2177 2014 ραν
2206 1943 2303 2013 τὴν
2348 1943 2568 2014 Μαρίαν
2599 1943 2911 2014 διαγράψας
2945 1943 3190 1996 ἑστῶσαν
3224 1943 3320 1996 καὶ
3351 1942 3503 1995 ἔνδον
3561 1960 3676 1995 πα-

2076 2035 2422 2104 ρακύψασαν,
2451 2035 2729 2106 θεωρῆσαι
2770 2037 2898 2098 τοὺς
2921 2037 3018 2089 δύο
3046 2036 3316 2104 ἀγγέλους
3346 2039 3404 2089 ἐν
3425 2035 3670 2097 λευκοῖς·

2074 2129 2288 2191 Λουκᾶς
2313 2128 2371 2181 δὲ
2407 2131 2463 2182 ἐν
2496 2128 2574 2200 τῷ
2611 2129 2962 2192 είσελθούσας
2995 2131 3166 2193 αὐτάς
3211 2129 3382 2193 ἔνδον,
3431 2130 3530 2182 καὶ
3598 2128 3674 2198 μὴ

2074 2217 2362 2289 εὑρούσας,
2381 2217 2676 2272 τεθεᾶσθαι
2697 2218 2793 2273 δύο
2823 2219 3024 2290 ἄνδρας
3057 2223 3115 2273 ὲν
3138 2220 3430 2290 ἐσθήσεσιν
3457 2221 3672 2290 ἀστρα·

2074 2313 2363 2376 πτούσαις,
2427 2314 2566 2386 ὅπερ
2620 2315 2894 2383 ἀγγέλους
2943 2317 3144 2379 αὐτοὺς
3199 2317 3670 2387 ἐχαρακτήριζεν.

2073 2401 2146 2456 Τὸ
2194 2402 2252 2456 δὲ
2303 2402 2484 2471 λέγειν
2514 2420 2527 2435 ·
2576 2405 2988 2472 Ἐ’πέστησαν,
3017 2407 3117 2476 ούχ
3161 2406 3302 2460 ὥστε
3362 2408 3669 2476 φανέντων,

2072 2493 2187 2547 ἀλλ’
2217 2496 2301 2549 ὅτι
2327 2496 2401 2559 ὡς
2425 2495 2668 2565 ἄγγελοι,
2694 2497 2793 2552 καὶ
2823 2500 3118 2569 παρόντες,
3169 2500 3230 2551 οὐ
3261 2499 3525 2562 πάντοτε,
3554 2498 3672 2553 ἀλλ’

2072 2587 2162 2640 ὅτε
2206 2587 2397 2656 ἧθελον
2423 2587 2729 2656 ἐφαίνοντο.
2778 2589 2942 2642 Ὅθεν
2995 2589 3119 2642 ούδέ
3146 2590 3340 2659 Πέτρῳ
3371 2589 3666 2643 εἰσελθόντι

2072 2680 2153 2741 είς
2184 2679 2244 2732 τὸ
2287 2683 2556 2750 μνημεῖον
2603 2681 2910 2751 ἐφάνησαν,
2943 2681 3122 2734 καίτοι
3153 2683 3427 2752 παρόντες
3465 2697 3480 2711 ⁸
3549 2685 3672 2744 ταῖς

2070 2771 2127 2824 δὲ
2175 2772 2392 2840 γυναιξὶ⁵
2441 2773 2793 2844 διῃρημένω;
2847 2773 3224 2836 είσελθούσαις
3255 2773 3398 2844 μετά
3431 2773 3494 2825 τὸ
3535 2774 3672 2827 ἀπο-

2073 2865 2258 2938 ρῆσαι,
2297 2866 2374 2928 ὡς
2401 2865 2824 2938 ἀσθενεστέραις
2852 2866 3081 2929 ἑαυτοὺς
3113 2867 3485 2937 ἐνεφάνησαν.
3524 2866 3591 2918 Et
3616 2866 3672 2918 δὲ

2071 2954 2271 3023 λέγοις·
2304 2954 2430 3017 Πῶς
2463 2956 2616 3027 παρά
2639 2956 2718 3027 τῷ
2760 2957 2984 3027 Ἰωάννῃ
3015 2956 3215 3027 Μαρίᾳ·
3244 2957 3344 3026 μὲν
3365 2957 3470 3010 οὐκ
3494 2957 3674 3026 ἐφάνη

2069 3048 2098 3100 ὁ
2127 3049 2222 3102 ἐπὶ
2258 3049 2338 3120 τῷ
2367 3048 2500 3120 λίθῳ
2547 3049 2862 3121 καθήμενος
2899 3049 3153 3118 ἄγγελος,
3194 3049 3521 3122 εἰσελθούσῃ
3561 3049 3676 3101 δεύ-

2071 3159 2267 3212 τερον;
2300 3144 2333 3213 ἡ
2365 3143 2514 3196 αἰτία
2553 3142 2710 3214 δήλη.
2764 3143 2838 3196 Τὸ
2867 3143 2968 3213 μὲν
2998 3143 3109 3213 γὰρ
3149 3140 3366 3212 πρῶτον
3405 3140 3595 3194 ἰδοῦσα
3640 3142 3673 3211 ἡ

2073 3232 2264 3303 Μαρία
2299 3233 2392 3287 τὸν
2428 3233 2577 3287 λίθον
2614 3233 3106 3305 ὲκκεκυλισμένον,
3141 3233 3298 3286 οὐδὲν
3324 3232 3488 3285 πλέον
3517 3249 3678 3302 περι-

2070 3327 2453 3398 εργασαμένη,
2504 3328 2643 3400 πρὸς
2683 3328 2774 3383 τὸν
2828 3329 3038 3398 Πέτρον
3084 3327 3181 3380 καὶ
3231 3326 3495 3395 Ἰωάννην
3557 3327 3680 3378 ἀντι

2071 3418 2357 3488 ἔστρεψεν.
2402 3418 2475 3472 Τὸ
2503 3419 2757 3488 δεύτερον
2791 3417 2849 3470 δὲ
2887 3419 3004 3480 τοῖς
3038 3416 3185 3470 ἔνδον
3227 3415 3488 3484 ἀγγέλοις
3531 3430 3678 3483 περι-

2070 3512 2363 3582 τυγχάνειν
2418 3511 2534 3582 (29)
2598 3512 2901 3581 μέλλουσαν
2924 3522 2988 3576 ει,
3017 3510 3079 3562 οὐ
3124 3509 3286 3579 χρεία
3323 3507 3415 3560 τὸν
3453 3507 3551 3560 ἐπὶ
3581 3505 3677 3558 τοῦ

2071 3604 2219 3659 λίθου
2252 3607 2488 3674 φανῆναι
2520 3606 2829 3677 καθήμενον
2866 3601 3277 3672 ἄγγελονλῖερλ⁸
3313 3600 3426 3670 γὰρ
3451 3600 3556 3668 τῆς
3580 3598 3677 3651 τοῦ

2072 3695 2282 3767 Κυρίου
2317 3695 2670 3765 ἐπιφανείας,
2707 3696 2807 3766 τῆς
2840 3697 2964 3757 ταῖς
2999 3692 3217 3763 γυναιξὶ
3252 3692 3586 3761 γενομένης,
3614 3691 3674 3741 ού

2072 3788 2229 3858 χρεία
2263 3787 2470 3856 ζητεῖν,
2504 3786 2643 3840 ἀλλά
2681 3789 2746 3858 τῇ
2795 3785 3028 3857 ἀληθείᾳ
3053 3782 3352 3837 πιστεύειν.
3383 3783 3676 3849 Διαφόρως

2071 3881 2181 3954 γὰρ
2204 3883 2340 3952 πρὸς
2366 3881 2426 3934 τδ
2459 3884 2652 3953 μνῆμα
2692 3879 3036 3951 δραμούσαις
3059 3919 3072 3942 ,
3097 3877 3158 3930 οὑ
3190 3877 3313 3938 ταῖς
3343 3873 3546 3934 αὑταῖς
3577 3889 3676 3938 γυ-

2073 3974 2269 4040 ναιξὶν,
2305 3973 2442 4028 ἀλλά
2473 3973 2605 4026 ποτὲ
2638 3973 2738 4043 μὲν
2772 3971 2926 4024 δυσὶν
2955 3969 3016 4034 ἐξ
3045 3967 3247 4029 αὐτῶν,
3277 3965 3412 4018 ποτὲ
3463 3964 3524 4016 δὲ
3579 3963 3674 4032 μιᾷ

2072 4067 2237 4137 ἑτέρᾳ
2268 4065 2400 4134 παρ’
2427 4064 2599 4126 αὐτὰς
2637 4061 3009 4134 τυγχανούσῃ,
3043 4059 3177 4113 ποτὲ
3206 4059 3262 4111 δὲ
3301 4056 3523 4118 ἄλλαις,
3558 4055 3676 4107 δια-

2071 4159 2255 4231 φόρως
2288 4159 2381 4212 καὶ
2428 4159 2456 4210 ὁ
2504 4156 2710 4228 Κύριος
2751 4155 2963 4226 ἐφάνηο
3011 4146 3086 4208 ὧν
3131 4155 3200 4223 τῇ
3241 4151 3340 4222 μὲν
3371 4149 3451 4213 ὼς
3477 4148 3676 4202 ἀσθεν-

2071 4251 2292 4322 εστέρα,
2331 4250 2398 4320 τῇ
2442 4247 2500 4302 δὲ
2541 4247 2617 4312 ὡς
2647 4246 2962 4317 τελειοτέρᾳ
2990 4242 3361 4314 τυγχανούσῃ,
3393 4237 3678 4307 καταλλή-

2070 4346 2181 4409 λως
2210 4342 2438 4414 ἐμέτρει
2479 4341 2572 4394 τὸν
2609 4339 2808 4393 ἐαυτοῦ
2834 4337 3186 4410 ἐμφανισμὸν
3213 4337 3242 4388 ὁ
3272 4331 3676 4404 Κύριος.”Οθεν

2070 4439 2297 4510 Μάρκος
2332 4437 2431 4508 μὲν
2475 4436 2533 4488 ὲν
2572 4435 2819 4504 ἐπιτόμῳ
2859 4431 2929 4484 τὰ
2974 4430 3138 4502 μέχρι
3165 4426 3260 4481 τοῦ
3289 4427 3410 4488 ἐνὸς
3437 4423 3677 4493 ἀγγέλου

2004 4553 2049 4610 D
2076 4528 2320 4595 διελθὼν,
2349 4529 2440 4582 τὸν
2491 4527 2652 4595 λόγον
2696 4523 3047 4578 κατέπαυσεν
3070 4537 3084 4550 ”
3120 4519 3340 4582 Λουκᾶς
3364 4517 3422 4570 δέ
3449 4516 3552 4587 τὴν
3581 4513 3674 4568 τοῦ

2078 4623 2286 4694 Κυρίου
2320 4621 2456 4692 πρὸς
2491 4619 2590 4683 τάς
2618 4620 2886 4688 γυναῖκας
2925 4614 3196 4669 ὀπτασίαν
3242 4611 3559 4681 σιωπήσας,
3595 4608 3676 4660 atl-

2071 4715 2362 4784 νιξάμενος
2389 4712 2446 4765 δὲ
2478 4712 2659 4784 μόνον,
2685 4711 2743 4763 ἐν
2771 4711 2839 4781 τῇ
2864 4708 3008 4762 κατὰ
3036 4705 3308 4760 Κλεῶπαν
3335 4700 3557 4771 ἱστορίᾳ
3578 4698 3674 4765 τὴν

2071 4804 2439 4876 εύαγγελικὴν
2484 4801 2876 4874 πραγματείαν
2923 4797 3325 4867 συνεπέρανεν·
3369 4795 3428 4846 ἐν
3474 4791 3558 4862 τῷ
3593 4791 3677 4842 λέ-

2071 4913 2223 4966 γειν·
2269 4895 2569 4966 Ἀπῆλθόν
2604 4911 2768 4961 τινες
2801 4892 2922 4948 τῶν
2949 4892 3072 4947 σὺν
3119 4888 3265 4958 ἡμῖν
3291 4884 3392 4940 ἐπὶ
3424 4882 3494 4937 τὸ
3525 4899 3677 4952 μνη-

2746 5076 2792 5108 ⁵⁹
2825 5075 2957 5130 Luc.
2989 5089 3118 5128 xxxv
3144 5113 3157 5138 ,
3187 5073 3239 5136 '5,
3272 5070 3328 5124 4.
3433 5065 3484 5098 ⁸³
3512 5065 3673 5120 Joan-

1693 5241 1932 5295 VARl/E
1974 5237 2382 5295 LECTIONES.

444 5339 471 5378 τι
507 5324 563 5384 F.
597 5331 892 5405 μελλούσῃ.

1912 5446 2149 5503 NOTAE.

455 5539 566 5610 (~29)
600 5541 966 5612 Μέλλουσιντ.
1007 5541 1298 5597 Przestaret
1339 5540 1630 5612 μελλούσῃ.
1693 5541 1790 5596 Est
1837 5554 1970 5594 sane

383 5597 773 5677 error'passim
822 5610 1036 5677 obvius,
1075 5615 1143 5665 ad
1179 5597 1350 5666 ﬁnem.
1372 5597 1784 5677 vocabulorum,
1815 5619 1971 5667 ortus

384 5695 448 5730 ex
486 5682 917 5753 antiquariorum
982 5683 1311 5751 negligentia
1339 5724 1352 5747 ,
1404 5693 1459 5738 et
1487 5683 1814 5753 compendio
1837 5681 1974 5736 scri-

387 5759 578 5819 ptun-zu,
611 5751 966 5822 corrigendus
990 5763 1172 5806 autem
1215 5768 1312 5819 per
1342 5769 1565 5808 sensum
1594 5751 1649 5807 et
1694 5768 1969 5822 gramma-

2077 5540 2160 5594 bit
2207 5555 2378 5593 unum
2434 5551 2574 5607 opus
2621 5535 2853 5591 Joannis
2897 5532 3188 5603 Philoponi
3253 5531 3325 5607 hi
3372 5531 3680 5607 Mosaicam

2080 5602 2520 5680 cosmogom’am':
2557 5608 2654 5670 lib,
2683 5623 2720 5671 ι,
2762 5607 3006 5680 capLIO,
3047 5602 3433 5680 αἰνιττομένην
3464 5619 3571 5674 pro
3589 5605 3677 5658 αίο

2081 5673 2395 5747 νιττόμενος
2428 5696 2445 5744 ;
2478 5680 2573 5733 lib.
2601 5694 2685 5741 ιιι,
2722 5673 2844 5747 cap:
2876 5678 2928 5739 5,
2965 5673 3288 5743 κινούμενον
3331 5690 3432 5747 pro
3468 5673 3674 5728 κινου-

2085 5743 2292 5820 μένην;
2327 5751 2420 5806 lib.
2450 5767 2505 5814 v,
2542 5765 2662 5817 cap.
2700 5749 2747 5820 ί,
2785 5743 2838 5817 p.
2865 5747 2969 5820 487
2991 5763 3005 5811 ;
3030 5755 3296 5820 extrema,
3325 5743 3539 5820 ταύτης
3572 5761 3671 5815 pro

386 5817 546 5869 ticam
579 5814 1062 5874 constructionem.
1097 5814 1341 5885 Quaiuor
1372 5823 1614 5892 exempla
1657 5814 1974 5894 suppedita-
2082 5814 2320 5887 ταύτας,
2355 5831 2406 5877 et
2445 5837 2564 5890 cap.
2607 5814 2671 5875 i5
2701 5814 3026 5890 δυναμένην,
3059 5832 3154 5887 pro
3184 5814 3490 5886 δυναμένη.
