3934 6412
1713 283 1755 302 Av

274 402 405 469 MM

1647 404 2167 476 QU.‘ESTIONES.

3408 408 3427 471 l
3443 409 3545 471 Μ

265 527 463 591 μεῖον,
493 519 591 575 καὶ
623 518 804 588 εὖρον
829 519 1016 585 οὕτως
1040 519 1231 587 καθὼς
1262 518 1357 573 καὶ
1386 520 1449 573 ιιὶ
1480 516 1756 585 γυναῖκες
1782 512 1866 570 εἴ·

1992 517 2161 569 ιοεει-ίδ
2188 516 2257 568 ad
2283 525 2714 578 monumentum;
2744 524 2793 569 et
2832 518 2906 570 ita
2932 518 3242 572 invenerunt
3265 523 3397 575 sicut
3427 538 3517 576 mu

269 626 412 677 πον,
442 611 632 666 αὐτὸν
664 611 733 664 δὲ
762 615 875 665 οὐκ
907 607 1089 665 εἶδον.

938 700 1209 770 Ἀπορία.

342 793 477 855 Πῶς
535 793 794 862 Ἰωάννης
853 793 1022 863 φησιν
1075 790 1364 863 εἰρηκέναι
1418 793 1485 862 τῇ
1538 788 1730 860 Μαρίᾳ
1776 788 1868 841 τὸν

273 885 518 957 Κύριονο
556 883 651 951 Μή
695 903 816 955 μου
855 884 1073 948 ἅπτου,
1116 884 1212 937 καὶ
1258 882 1329 936 τὰ
1378 881 1536 953 iii-71¢
1581 880 1868 935 Ματθαίου

273 978 691 1047 ἱστορήσαντος,
749 976 831 1029 ὅτι
886 976 1240 1046 κρατήσασαι
1291 974 1418 1036 τοὺς
1476 972 1646 1038 πόδας
1702 970 1869 1025 αὐτοῦ

276 1065 706 1137 προσεκύνησαν
739 1066 888 1136 αὐτῷ
908 1085 923 1134 ;

966 1155 1177 1219 Λύσις.

363 1247 453 1310 Ὠς
484 1247 581 1301 καὶ
614 1248 715 1317 ἤδη
748 1245 1150 1311 ἀποδέδεικται,
1184 1245 1555 1317 ἀσθενεστέρα
1588 1246 1653 1316 τῇ
1689 1242 1870 1296 πίστει

272 1340 389 1392 τῶν
426 1339 634 1392 λοιπῶν
671 1335 739 1410 ἦν
789 1337 951 1404 αὕτη.
990 1337 1157 1391 Ὅθεν
1202 1337 1473 1408 νομίσασα
1519 1336 1596 1401 ὼς
1624 1337 1686 1389 τὸ
1717 1338 1869 1406 πρὶν,

271 1432 425 1486 οὕτω
457 1430 782 1484 συνέσεσθαι
839 1429 917 1499 τῷ
945 1428 1192 1500 Χριστῷ,
1234 1430 1401 1500 μηδὲν
1430 1431 1572 1500 μέγα
1609 1429 1735 1499 περὶ
1771 1428 1872 1480 αὖ·

271 1523 377 1576 τοῦ
415 1523 824 1593 φαντασθεῖσα,
862 1521 1090 1584 δικαίως
1150 1523 1482 1593 ἐπετιμήθη,
1529 1523 1624 1575 καὶ
1670 1521 1874 1590 ἔμαθεν

270 1618 363 1670 ὅτι
399 1616 536 1687 πρὸς
566 1617 657 1667 τὸν
691 1616 749 1667 ὲν
790 1615 1042 1685 οὐρανοῖς
1078 1616 1294 1686 Πατέρα
1328 1614 1453 1669 ὅθεν
1491 1614 1618 1684 ἥκει
1647 1613 1727 1665 δεῖ
1773 1613 1873 1664 αὐ-

272 1706 374 1760 τὸν
410 1706 696 1760 ἀπελθεῖν.

956 1797 1213 1866 Ἀπορία.

357 1890 517 1953 Τίνος
546 1890 710 1960 χάριν
741 1890 957 1952 Λουκᾶς
987 1888 1085 1957 μὲν
1114 1889 1210 1941 καὶ
1250 1888 1509 1956 Ἰωάννης
1539 1882 1873 1955 ἀπαγγεῖλαι

279 1983 388 2046 τὰς
417 1984 684 2050 γυναῖκας
714 1982 827 2044 τοῖς
862 1980 1185 2043 ἀποστόλοις
1221 1979 1319 2033 τοῦ
1352 1977 1593 2048 Χριστοῦ
1615 1976 1713 2047 τὴν
1744 1976 1875 2029 ἀνά-

283 2091 484 2128 στασιν
543 2072 824 2143 ἔγραφον·
859 2073 1087 2143 Μάρκος
1131 2071 1187 2123 δὲ
1247 2070 1525 2140 σιωπῆσαι
1569 2070 1663 2122 καὶ
1708 2066 1875 2137 μηδὲν

276 2169 463 2220 εἰπεῖν
514 2165 601 2218 διά
647 2165 741 2217 τδν
791 2163 958 2233 φόϐον
1009 2161 1386 2233 μαρτύρεταν
1434 2163 1461 2215 ό
1499 2160 1557 2213 δὲ
1597 2160 1877 2220 Ματοαῖος

283 2260 469 2329 σιωπῇ
493 2256 848 2328 παρέδραμεν
872 2257 966 2308 καὶ
994 2254 1104 2307 τῶν
1133 2253 1440 2325 εἰρημένων
1470 2251 1765 2323 ἐκάτερον;

980 2347 1189 2411 Λύσις.

358 2439 434 2492 To
462 2439 560 2509 μὲν
591 2437 874 2491 Ματθαίου
907 2438 1135 2508 ἑτοίμην
1165 2436 1278 2506 ἔχει
1313 2436 1411 2506 τὴν
1441 2435 1615 2490 λύσιν.
1649 2435 1723 2488 Οὐ
1769 2434 1877 2505 γάρ

284 2525 444 2581 εἶπεν
480 2527 555 2589 ὡς
589 2528 643 2581 αί
672 2528 931 2594 γυναῖκες
959 2525 1029 2578 τά
1068 2524 1395 2579 ὲνταλθέντα
1430 2523 1765 2592 ἀπαγγεῖλαι
1805 2533 1827 2561 τ
1861 2539 1877 2556 ο

281 2619 409 2673 ἀλλ’
440 2619 524 2672 ὃτι
557 2616 947 2688 πορευομένων
979 2616 1313 2684 ἀπαγγεῖλαι
1361 2617 1475 2678 τοῖς
1526 2614 1814 2686 μαθηταῖς,
1846 2615 1880 2685 ἡ

281 2709 398 2761 τῶν
430 2706 783 2777 στρατιωτῶν
817 2707 1043 2775 γέγονεν
1076 2705 1261 2773 ἄφιξις
1312 2705 1370 2757 ἐν
1419 2706 1487 2775 τῇ
1534 2704 1690 2757 πόλει
1745 2704 1882 2774 πρὸς

281 2804 415 2865 τοὺς
448 2802 747 2872 ἀρχιερεῖς,
793 2799 857 2852 τὸ
925 2799 1143 2869 συμϐὰν
1178 2799 1309 2868 περὶ
1356 2797 1416 2850 τὸ
1470 2798 1660 2867 μνῆμα
1696 2796 1881 2867 θαῦμα

288 2892 629 2963 μηνυόντων.
664 2890 883 2952 Λουκᾶς
923 2888 982 2941 δὲ
1033 2890 1129 2943 καὶ
1171 2888 1427 2959 Ἰωάννης
1468 2887 1778 2959 συμφώνως
1803 2888 1882 2959 τῷ

285 2984 619 3055 προλαϐόντι
686 2982 1051 3053 εὐαγγελιστῇ
1119 2981 1452 3050 ἀπαγγεῖλαι
1515 2981 1719 3045 ταύτας
1771 2984 1883 3045 τοῖς

283 3076 614 3138 ἀποστόλοις
641 3074 1048 3144 ἀνεγράψαντο.
1080 3073 1306 3141 Μάρκος
1342 3071 1399 3125 δὲ
1433 3073 1531 3135 τὰς
1562 3072 1884 3137 τελευταίας

1970 609 2123 663 lieres
2144 610 2414 673 dixerunt,
2444 609 2617 677 ipsum
2651 624 2771 661 vero
2805 625 2907 663 non
2937 612 3178 666 viderunt
3207 615 3274 667 “.

2538 700 2829 770 Difﬁcultas
2870 718 2978 756 Lm.

2037 790 2179 856 Quae
2227 791 2381 856 ratio,
2426 793 2569 861 quod
2610 792 2851 847 Joannes
2899 795 2973 848 ait
3008 795 3301 850 Dominum
3346 796 3549 851 dixisse

1970 880 2150 935 Maria:
2184 903 2195 935 :
2236 882 2360 935 Noli
2418 901 2499 937 me
2561 894 2777 954 tangere
2806 888 2872 952 θ’,
2898 896 2952 941 et
3013 888 3218 958 reliqua
3253 888 3550 954 ;Matth:'eo

1970 982 2267 1035 narrante,
2317 990 2411 1029 eas
2469 977 2783 1047 complean
2838 980 3005 1049 pedes
3061 980 3180 1049 ejus
3236 981 3550 1039 adoravisse

1972 1081 2097 1121 cum
2121 1066 2166 1097 ⁸⁸
2194 1066 2217 1119 ?

2640 1160 2865 1216 Salutio.

1992 1249 2513 1316 ‘Quemadmodum
2568 1267 2732 1323 supra
2793 1262 3075 1311 ostensum
3129 1268 3232 1321 est,
3282 1258 3553 1313 infirmior

1974 1342 2080 1397 ﬁde
2102 1342 2314 1397 caeteris
2342 1344 2458 1398 haec
2485 1354 2619 1399 erat.
2650 1344 2829 1409 Quare
2852 1348 3110 1403 arbitrata
3137 1350 3283 1418 quod
3315 1360 3376 1405 ut
3397 1352 3551 1421 prius

1975 1432 2049 1486 ita
2076 1448 2200 1487 cum
2239 1433 2457 1489 Christo
2492 1445 2880 1491 conversatura
2923 1449 3085 1503 esset,
3117 1441 3253 1495 nihil
3294 1458 3552 1513 magnum

1976 1528 2043 1581 de
2091 1527 2211 1596 ipso
2258 1526 2575 1598 imaginata,
2607 1530 2727 1599 iure
2773 1531 3049 1603 increpata
3105 1534 3223 1598 fuit,
3257 1536 3552 1605 didicitque

1976 1615 2178 1669 reverti
2214 1630 2340 1670 eum
2373 1616 2575 1673 debere
2601 1619 2669 1673 ad
2705 1619 2918 1674 Patrem
2964 1623 3265 1687 cuclcstcm,
3291 1627 3433 1679 unde
3459 1641 3554 1678 vc-

1975 1716 2154 1761 nerat.

2540 1803 2832 1873 Dilﬁcultas
2881 1823 2989 1861 ιιγ.

2048 1889 2189 1955 Quid
2215 1905 2393 1947 causa:
2424 1900 2526 1959 est,
2564 1895 2708 1963 quod
2739 1894 2914 1949 Lucas
2949 1904 3003 1950 et
3030 1896 3270 1951 Joannes
3295 1895 3557 1951 mulieres

1977 1980 2318 2049 scripserunt
2373 1982 2721 2038 renuntiasse
2774 1986 3036 2055 apostolis
3096 1987 3555 2041 resurrectionem

1976 2069 2178 2123 Christi
2213 2071 2294 2138 “;
2329 2070 2541 2127 Marcus
2575 2088 2724 2135 vero.
2749 2089 2843 2129 eas
2874 2075 3129 2139 tacuisse,
3164 2075 3410 2145 nihilque
3443 2092 3557 2145 pra:

1978 2159 2174 2215 timore
2219 2160 2423 2216 dixisse
2472 2163 2813 2232 perhibet“;
2856 2176 2911 2221 at
2947 2165 3234 2222 Matthaeus
3262 2174 3558 2236 utrumque

1979 2249 2249 2305 dictorum
2273 2251 2468 2306 tacitus
2496 2253 2825 2321 praaterivit?

2657 2343 2883 2400 Salutio.

2051 2435 2182 2489 Illud
2220 2435 2457 2491 Matthaai
2483 2478 2496 2501 ,
2538 2435 2696 2491 facile
2741 2439 2970 2494 solvitur
2994 2440 3058 2494 “.
3093 2438 3212 2495 Non
3243 2442 3391 2496 enim
3421 2441 3563 2497 dixit

1980 2527 2241 2583 mulieres
2268 2527 2520 2582 mandata
2558 2543 2668 2581 non
2699 2531 3044 2586 renuntiasse
3077 2549 3091 2597 ;
3124 2533 3222 2587 sed
3273 2533 3340 2588 iis
3373 2536 3559 2604 profe-

1981 2620 2086 2673 ctis
2117 2626 2177 2672 ut
2200 2617 2522 2672 nuntiarent
2546 2617 2848 2688 discipulis,
2874 2620 3079 2675 milites
3102 2622 3320 2679 venisse
3342 2624 3398 2676 in
3425 2623 3561 2678 civi-
3588 2682 3597 2689 ,

1985 2718 2152 2765 tatem
2173 2708 2241 2763 ad
2274 2708 2553 2779 principes
2578 2709 2947 2775 sacerdotum,
2984 2721 3040 2766 et
3061 2712 3389 2769 iudicavisse
3416 2714 3565 2784 quod

1984 2803 2288 2873 contigerat
2327 2800 2653 2855 miraculum
2686 2802 2751 2855 ad
2781 2803 3115 2872 sepulcrum.
3151 2803 3327 2859 Lucas
3348 2821 3478 2859 vero
3509 2814 3565 2859 et

1984 2895 2222 2950 Joannes
2252 2893 2661 2948 consentientes
2691 2908 2814 2947 cum
2839 2896 3169 2964 praecedenti
3203 2897 3561 2968 evangelista,

1984 2987 2271 3042 nuntiasse
2305 3001 2398 3041 eas
2426 2984 2686 3056 apostolis
2713 2986 3178 3056 conscripserunt.
3214 2986 3427 3043 Marcus
3464 3004 3567 3043 au-

1986 3088 2120 3147 tem,
2156 3087 2460 3149 postremas
2496 3076 2767 3148 profectas
2802 3088 2924 3132 orto
2948 3079 3062 3147 jam
3094 3078 3230 3145 sole,
3258 3080 3455 3135 merito
3489 3080 3568 3135 ait

284 3165 554 3228 ὲλθούσας
580 3164 675 3219 τοῦ
708 3164 859 3235 ἡλίου
901 3164 1089 3217 λοιπὸν
1138 3162 1523 3227 ἀνατείλαντος
1552 3164 1689 3232 (50),
1730 3165 1875 3217 εἰκό-

1992 3171 2128 3225 nihil
2171 3171 2241 3225 ob
2292 3171 2543 3225 timorem
2588 3168 2809 3224 dixisse.
2837 3169 2913 3224 Ea
2960 3185 3090 3241 ergo
3139 3170 3209 3224 de
3256 3185 3418 3225 causa
3463 3170 3568 3227 illa;

283 3275 397 3321 τως
426 3258 563 3327 φησὶ
596 3256 685 3310 διὰ
716 3257 809 3310 τὸν
840 3256 1007 3327 φόϐον
1041 3256 1208 3326 μηδὲν
1230 3256 1428 3309 εἰπεῖν.
1448 3255 1520 3307 Ἢ
1549 3257 1740 3309 τούτου
1764 3256 1879 3309 τοί-

283 3366 386 3406 νυν
442 3349 626 3420 χάριν,
673 3347 878 3411 ταύτας
940 3348 1109 3418 μηδὲν
1158 3347 1591 3417 ἀπαγγεῖλαι,ἢ
1627 3363 1880 3417 προσυπο

283 3442 513 3497 ἀκούειν
530 3441 612 3494 δεῖ
634 3440 709 3503 ὡς
735 3441 865 3511 ἄχρι
882 3440 982 3509 τῆς
1006 3437 1100 3492 τοῦ
1119 3439 1325 3511 Κυρίου
1348 3440 1488 3510 πρὸς
1506 3439 1676 3503 αὑτὰς
1701 3440 1880 3510 ἐμιξά-

285 3550 439 3586 νειαν
478 3531 633 3585 οὐδὲν
675 3525 853 3585 εἷπον.

963 3621 1221 3689 Ἀποριά.

358 3717 518 3781 Τίνος
550 3718 741 3787 χάριν,
786 3715 1035 3769 Ἰωάννου
1081 3715 1288 3785 Πέτρον
1324 3715 1418 3766 καὶ
1460 3711 1711 3782 Ἰωάννην
1746 3710 1883 3782 πρὸς

283 3811 348 3863 τὸ
385 3808 714 3862 Δεσποτικδν
757 3808 948 3878 μνῆμα
970 3806 1203 3877 δραμεῖν
1235 3805 1657 3875 ίστορήσαντος.
1692 3805 1720 3856 ὁ
1746 3805 1883 3856 Λου-

287 3906 395 3960 κᾶς
426 3903 590 3974 μόνον
625 3902 719 3954 τὸν
755 3901 961 3971 Πέτρον
1010 3898 1147 3970 πρὸς
1176 3898 1268 3951 τὸν
1331 3898 1502 3965 τάερον
1546 3897 1722 3949 ἐλθεῖν
1754 3914 1883 3950 συν-

283 4012 351 4063 εγ
361 3996 571 4068 ράψατο
589 4012 606 4061 ;

975 4085 1188 4151 Λύσις.

365 4179 562 4243 Καθὼς
605 4179 700 4233 καί
732 4177 990 4249 ἀνωτέρω
1026 4177 1155 4249 περὶ
1196 4174 1393 4228 τούτου
1437 4175 1878 4245 ἀναγέγραπται,

283 4272 565 4342 διαφόρων
610 4271 922 4340 γενομένων
957 4270 1077 4331 ταῖς
1130 4266 1350 4336 γυναιξὶ
1387 4266 1526 4335 πρὸς
1578 4269 1638 4319 τὸ
1690 4265 1882 4336 μνῆμα

284 4361 550 4433 ἀφίξεων,
582 4361 859 4430 διαφόρως
886 4361 981 4413 καὶ
1010 4358 1081 4412 τὰ
1109 4359 1195 4411 ἐπ’
1228 4348 1380 4428 αὐτῷ
1400 4356 1714 4428 πραχθέντα
1742 4357 1883 4409 ἱστό-

288 4468 509 4524 ρηνται.
549 4452 678 4503 Ὅτε
719 4446 811 4502 οὖν
840 4450 1032 4520 Πέτρῳ
1077 4449 1172 4502 καὶ
1212 4446 1439 4518 Ἰωάννη
1485 4444 1879 4517 ὴΜαγδαληνὴ

1991 3264 2131 3319 nihil
2166 3263 2593 3328 denuntiarunt;
2630 3262 2714 3317 vel
2744 3262 3037 3317 subaudire
3074 3272 3310 3332 oportet,
3345 3275 3405 3319 ut
3433 3264 3570 3320 nihil

1990 3355 2230 3411 dixerint
2274 3371 2447 3425 usque
2497 3355 2566 3409 ad
2621 3354 3022 3425 apparitionem
3080 3354 3298 3410 Domini
3359 3357 3428 3413 ad
3476 3372 3571 3412 eas

1991 3447 2209 3502 factam.

2556 3623 2852 3695 Difficultas
2899 3641 2986 3679 ιγ.

2060 3718 2333 3785 Quorsum
2365 3718 2576 3773 Joanne
2616 3718 2902 3782 referente,
2930 3717 3150 3772 Petrum
3196 3727 3253 3772 et
3302 3717 3568 3772 Joannem

1990 3811 2058 3865 ad
2118 3808 2458 3864 Dominicum
2506 3818 2925 3862 monumentum
2960 3808 3269 3863 cucurrisse
3292 3809 3359 3873 ⁸⁷,
3395 3807 3571 3864 Lucas

1992 3904 2169 3959 solum
2194 3901 2414 3957 Petrum
2453 3901 2675 3972 scripsit
2706 3902 2923 3957 venisse
2945 3902 3013 3957 ad
3048 3902 3361 3972 sepulcrum
3395 3902 3442 3933 “
3476 3902 3499 3955 ?

2662 4080 2887 4137 Salutio.

2062 4178 2214 4233 Sicut
2244 4175 2497 4246 superius
2521 4189 2585 4229 ea
2616 4174 2684 4229 de
2709 4189 2768 4228 re
2785 4174 3044 4245 scriptum
3067 4182 3170 4239 est,
3189 4188 3312 4227 cum
3343 4164 3571 4229 diversa:

1991 4270 2197 4327 fuerint
2228 4268 2515 4322 mulierum
2559 4266 2627 4320 ad
2660 4273 3079 4320 monumentum
3109 4265 3477 4335 profectiones
3502 4266 3569 4329 θ’,

1992 4361 2211 4417 diverso
2239 4373 2457 4427 quoque
2500 4356 2661 4411 modo
2693 4371 2815 4426 quae
2840 4356 2950 4410 illic
2973 4364 3123 4427 gesta
3155 4366 3283 4409 sunt
3311 4370 3574 4409 enarran-

1994 4461 2103 4507 tur.
2130 4449 2358 4515 Quando
2390 4449 2554 4519 igitur
2585 4447 2743 4502 Petro
2758 4457 2813 4504 et
2840 4446 3042 4501 Joanni
3070 4446 3384 4517 Magdalena
3409 4445 3572 4500 Maria

282 4544 480 4615 Μαρία
510 4543 845 4615 ἀπήγγειλεν
868 4541 1108 4614 ἀρθῆναι
1138 4540 1203 4594 ἐκ
1224 4540 1317 4594 τοῦ
1344 4540 1519 4609 τάφου
1544 4538 1639 4591 τοῦ
1670 4538 1875 4609 Κυρίου

1992 4541 2344 4608 renuntiavit,
2364 4541 2640 4596 sublatum
2666 4540 2837 4595 fuisse
2864 4554 2897 4595 e
2922 4538 3176 4608 sepulcro
3202 4536 3416 4592 Domini
3444 4553 3572 4592 cor-

281 4638 352 4691 τὸ
384 4638 545 4707 σῶμα
571 4639 706 4707 (5t),
747 4635 1052 4706 ἀμφότεροι
1085 4636 1267 4688 ἐκεῖσε
1302 4633 1696 4705 παρεγένοντο.
1719 4631 1876 4685 Μετὰ

282 4728 347 4781 δὲ
374 4720 535 4781 τοῦτο
561 4728 671 4781 τῶν
694 4725 772 4796 τῷ
807 4726 995 4796 Λουκᾷ
1030 4724 1428 4797 ίστορηθεισῶν
1458 4722 1736 4792 γυναικῶν
1766 4725 1876 4785 τοῖς

363 4846 406 4877 ⁶¹
444 4843 578 4901 Luc.
612 4861 772 4910 xxrv,
798 4844 887 4899 24.
965 4844 1011 4875 ⁸³
1046 4841 1208 4897 Joan.
1239 4858 1331 4907 xx,
1364 4843 1451 4896 l7.

281 4932 401 4981 xvn,
436 4916 490 4971 8.
568 4915 615 4946 “
643 4915 832 4970 Matth.
866 4930 1058 4977 xxvtn,
1096 4916 1180 4967 ll.
1257 4914 1301 4945 ⁸⁷
1332 4912 1492 4967 Joan.
1517 4926 1609 4978 xx,
1635 4912 1689 4965 5.

375 5039 399 5070 ν
434 5028 499 5084 F.
526 5031 627 5083 οὐκ
657 5026 1027 5099 ἀπήγγειλαν.

1571 4841 1617 4872 ⁸³
1643 4839 1834 4894 Matth.
1868 4855 2070 4904 xxvm,
2101 4839 2155 4893 9.

1981 4650 2106 4705 pus.
2158 4632 2319 4686 ambo
2367 4631 2496 4686 illuc
2544 4637 2923 4700 perrexerunt.
2973 4628 3173 4685 Postea
3226 4643 3378 4693 vero,
3433 4643 3563 4683 cum

1986 4725 2244 4780 mulieres
2294 4738 2395 4793 per
2442 4722 2661 4789 Lucam,
2704 4729 3044 4787 memoratae,
3095 4720 3379 4791 discipulis
3423 4720 3573 4790 quod

2258 4839 2304 4872 “
2334 4839 2469 4894 Luc.
2504 4856 2660 4905 xxiv,
2696 4838 2768 4905 9;
2792 4838 2949 4895 Joan.
3006 4856 3075 4894 xx
3097 4880 3112 4905 ,
3149 4838 3235 4893 l8.
3336 4838 3382 4869 ⁸⁸
3406 4836 3577 4895 Marc.

1766 4910 1810 4942 ⁸⁸
1834 4909 1965 4964 Luc.
1994 4927 2142 4976 xxiv,
2171 4910 2258 4965 12.
2337 4909 2559 4965 6‘-'Joan.
2595 4926 2682 4973 xx,
2722 4909 2770 4963 l.

1802 5090 2037 5148 ΝΟΤιΕ.

365 5193 480 5265 ('50)
534 5192 1005 5265 κἈνατείλᾲαντος.
1070 5190 1126 5244 Si
1168 5189 1436 5265 _ltm_nine_s
1499 5187 1657 5265 doc_ti_
1694 5186 1881 5265 Graeca

287 5257 723 5325 consuluissent,
763 5263 909 5317 circa
948 5262 1126 5316 locum
1161 5259 1341 5329 Cyrilli
1367 5257 1720 5329 Alexandrini
1760 5258 1881 5326 epi-

287 5335 433 5388 stola
460 5335 528 5389 ad
568 5333 828 5387 Acacium
870 5332 1055 5400 (etiam
1094 5331 1152 5385 in
1185 5326 1461 5394 Liberam,
1493 5343 1614 5397 cap.
1646 5326 1881 5400 8),__non

291 5404 659 5459 haesitassent.
719 5396 900 5456 Primo
949 5402 1152 5472 quippe
1201 5400 1406 5472 intuitu
1456 5396 1882 5472 «poma-eoa»

290 5491 386 5536 τος
420 5489 541 5529 esse
595 5474 940 5539 pra'oriretur
967 5467 1256 5540 —vc'l'prius
1293 5467 1522 5522 oriretur
1545 5467 1740 5540 ecquis
1774 5482 1882 5540 non

293 5543 566 5616 intelligat
580 5536 827 5616 {Eadem
856 5541 1056 5616 Gneca
1073 5536 1372 5616 ostendunt
1395 5554 1522 5592 mox
1542 5536 1743 5616 ibidem
1778 5536 1882 5606 legi

289 5606 504 5685 debere
528 5634 541 5669 :
571 5612 640 5667 Et
671 5613 809 5685 quod
838 5612 1140 5679 specialiter
1169 5612 1486 5666 contristare
1509 5618 1613 5672 eat,
1647 5606 1884 5661 Alexan-

292 5684 430 5737 dritc
452 5684 744 5753 episcopus.
771 5692 878 5739 etc.

368 5744 492 5822 [δυ’
549 5744 816 5824 Ἆρθῆναι
866 5753 937 5807 ἐκ
992 5750 1096 5805 τοῦ
1146 5750 1496 5824 τάφρυᾼτοῦ
1552 5748 1775 5817 Κυρίου
1815 5744 1884 5799 τὸ

296 5823 491 5897 σῶμα.
546 5821 757 5897 Insigne
803 5824 1099 5890 mendum,
1139 5821 1398 5891 jocularis
1425 5835 1598 5887 error,
1643 5825 1878 5887 occupat

1986 5188 2334 5261 (Eatenamuin
2360 5184 2601 5241 Marcum
2628 5187 2791 5261 initio
2820 5202 2945 5261 cap.
2969 5189 3035 5244 ιθ
3063 5205 3077 5243 :
3113 5187 3210 5261 Ἰξίς
3236 5184 3329 5261 οὖν
3352 5190 3383 5260 ἡ
3411 5192 3573 5261 χρεία

1985 5259 2085 5326 τῆς
2131 5258 2365 5327 ἀγγέλου
2405 5258 2749 5325 παρουσίας;
2808 5257 2976 5327 φαίην
3055 5257 3200 5325 ἐγώ·
3259 5260 3340 5312 ὃτι
3371 5257 3570 5314 ’ἔπειθε

1986 5330 2113 5398 τους
2173 5326 2474 5398 ζητοῦντας
2504 5326 2858 5398 γέγηγέρθαιί,
2897 5328 3016 5381 ἀλλ’
3043 5328 3106 5382 οὐ
3147 5328 3442 5398 βεϐλέφθαι
3475 5332 3573 5383 τὸν

1988 5395 2239 5471 Ιξόριονζ
2264 5395 2403 5461 Quid
2438 5397 2604 5467 igitur
2656 5395 2786 5471 opus
2819 5399 2921 5469 fuit
2977 5395 3331 5471 apparitione
3359 5400 3574 5471 angeli?

1991 5465 2180 5539 Dicam
2217 5483 2344 5537 ego,
2384 5476 2442 5539 ut
2462 5465 3193 5539 persuaderetquerentibus
3233 5465 3574 5525 resurrearissc

1991 5536 2297 5601 Dominum,
2341 5538 2437 5591 etsi
2466 5553 2582 5590 eum
2632 5538 2732 5605 ipsi
2762 5536 2865 5592 non
2900 5548 3191 5595 cernerent.
3227 5541 3395 5595 Nemo
3424 5542 3571 5597 enim

1993 5621 2103 5659 non
2157 5608 2341 5661 statim
2395 5607 2773 5674 deprehendet
2808 5624 2994 5674 veram
3048 5610 3339 5666 lectionem
3380 5612 3572 5664 κεκλέ-

1992 5677 2143 5753 eoa}.
2189 5671 2554 5753 [imitri-exisse
2597 5671 2900 5753 Dominum,
2920 5695 3024 5734 non
3048 5690 3228 5735 autem
3251 5682 3391 5752 furto
3413 5691 3573 5753 tumo

1990 5746 2278 5801 sublatum.
2306 5746 2525 5816 (Matth.
2551 5762 2740 5812 xxvnl,
2778 5747 2886 5817 l3.)
