3934 6442
432 396 570 461 μω
1618 379 1980 443 HESYCHII
2018 375 2497 438 PRESBYTERI
3526 379 3640 444 ιιιι

432 511 798 568 indicassent,
830 517 933 558 nec
960 500 1031 556 ab
1059 498 1129 554 iis
1183 496 1562 561 crederentur,
1596 493 1792 549 Petrus
1826 499 1886 546 ut
1919 505 2005 542 ar-

2125 487 2380 560 ιαθηταῖς
2408 486 2469 538 τὸ
2497 485 2693 557 ὀραθὲν
2715 485 2907 548 αὐταῖς
2943 483 3288 555 μηνυσασῶν,
3313 486 3400 538 καὶ
3422 488 3637 548 ἀπίστου.

430 601 591 665 deus,
618 598 817 653 iterum
848 594 938 648 illo
962 590 1240 664 profectus
1263 595 1369 642 est.

2125 580 2288 633 ιένων
2321 578 2455 650 παρ’
2490 579 2690 639 αὐτῶν,
2722 581 2749 632 ὁ
2790 578 2997 647 Πέτρος
3045 577 3123 640 ὡς
3158 578 3455 648 θερμδς,ἑκ
3483 584 3644 640 δευτέ.

2111 687 2206 738 ρου
2245 670 2426 723 ἐκεῖσε
2452 673 2805 741 παρεγένετο.

1001 765 1289 838 Dilﬁrultas
1335 780 1444 818 Lvr.

2779 762 3033 828 Ἅπορία.

504 867 638 934 Quae
678 877 842 918 causa
885 860 1004 921 fuit,
1046 866 1105 912 ut
1150 856 1241 925 qui
1290 852 1571 922 discipulis
1617 851 1683 905 ad
1731 849 2006 905 Galilaeam

2179 857 2337 922 Τίνος
2375 857 2533 929 χάριν
2562 858 2674 920 τοῖς
2712 855 2980 925 μαθηταῖς
3011 855 3089 917 εἰς
3118 853 3215 924 τὴν
3246 855 3521 912 Γαλιλαίαν
3538 860 3652 933 δρα.

433 973 729 1030 properare
774 970 869 1024 per
907 952 1167 1005 mulieres
1215 952 1568 1017 praeceperat,
1607 945 1761 1014 quasi
1808 944 2012 998 illiciis

2125 952 2255 1015 adv,
2284 950 2372 1003 διὰ
2401 950 2512 1002 τῶν
2547 948 2822 1016 γυναικῶν
2853 948 3248 1016 ἐντειλάμενος,
3271 947 3345 1011 ὡς
3376 950 3543 1004 ἐκεῖσε
3572 956 3651 1007 αὑ-

434 1051 805 1120 appariturus,
833 1047 886 1098 in
910 1043 1038 1097 Sion
1064 1049 1288 1110 apparet
1311 1037 1393 1090 7°?
1449 1038 1517 1093 Et
1539 1036 1811 1106 quomodo
1840 1037 2012 1089 Lucas

2125 1044 2222 1102 τοῖς
2248 1040 2790 1110 ὲμφανισθησόμενος
2814 1081 2829 1104 ,
2864 1040 2927 1090 ὲκ
2972 1036 3112 1091 Σιὼν
3145 1039 3524 1107 έμφανίζεται;
3552 1044 3656 1109 Πῶς

434 1142 570 1196 dicit
598 1140 838 1194 adfuisse
883 1134 1140 1189 undecim
1163 1133 1232 1193 ",
1255 1146 1378 1184 eum
1415 1137 1596 1183 tamen
1622 1129 1840 1183 abesset
1865 1128 2014 1183 Tho-

2125 1132 2166 1184 Ξὲ
2211 1131 2305 1184 καὶ⁵
2339 1133 2368 1184 ό
2394 1132 2629 1193 ’Λουκᾶς
2672 1129 2822 1197 λέγει
2877 1131 3136 1200 παρεῖναι
3167 1130 3293 1189 τοὺς
3335 1129 3535 1197 ἕνδεκα,
3578 1134 3655 1188 τοῦ

433 1247 552 1287 mas
575 1233 597 1284 ?
2112 1222 2288 1292 Θωμᾶ
2313 1222 2705 1292 ίστορήσαντος
2739 1232 2796 1286 ⁶;

1112 1310 1337 1366 Salutio.

2794 1318 2836 1368 Λ
2846 1314 3003 1379 ύσις.

506 1408 689 1462 Primo
728 1406 946 1477 quidem
984 1404 1191 1458 territis
1226 1402 1503 1472 apostolis,
1535 1416 1640 1455 nec
1688 1400 2015 1454 audentibus

2186 1406 2411 1477 Πρῶτον
2441 1405 2539 1476 μὲν
2563 1405 2885 1476 περιφόϐοις
2908 1400 3062 1458 οὖσιν
3084 1407 3200 1467 τοῖς
3225 1405 3553 1472 ἀποστόλοις,
3581 1413 3659 1462 καὶ

432 1499 768 1569 Jerosolyma
823 1494 1007 1566 egredi
1064 1494 1135 1548 ob
1193 1503 1396 1547 metum
1450 1492 1783 1556 Judaeorum,
1818 1493 2015 1545 merito

2125 1499 2254 1568 μηδὲ
2282 1498 2516 1563 ἐξελθεῖν
2569 1498 2665 1567 τῆς
2708 1496 3068 1566 Ἰερουσαλὴμ
3090 1496 3334 1566 τολμῶσι
3362 1496 3446 1550 διὰ
3476 1498 3560 1550 τὸν
3586 1501 3664 1567 φά.

434 1593 679 1665 oportuit
705 1590 996 1645 Dominum
1027 1588 1080 1641 in
1106 1587 1235 1641 Sion
1263 1602 1546 1656 apparere,
1566 1594 1619 1639 et
1641 1586 1883 1639 adimere
1910 1586 2015 1640 illis

2125 1590 2208 1641 δον
2242 1591 2348 1642 τῶν
2396 1589 2689 1657 Ἰουδαίων,
2731 1589 2956 1649 εἰκότως
3017 1588 3126 1641 ἔδει
3158 1590 3216 1641 ὲν
3243 1591 3308 1657 τῇ
3342 1588 3477 1642 Σιὼν
3506 1591 3659 1659 ἐμφα-

436 1688 715 1749 timorem,
749 1695 1049 1752 pacemque
1083 1680 1235 1742 dare,
1285 1694 1348 1732 ae
1381 1677 1798 1732 resurrectionis
1855 1677 2015 1730 tidem

2125 1682 2365 1752 νισθῆναι
2409 1682 2502 1734 τὸν
2533 1681 2762 1752 Κύριον,
2805 1682 2899 1734 καὶ
2940 1680 3103 1734 λῦσαι
3141 1681 3327 1743 αὐτοῖς
3368 1682 3456 1734 τὸν
3480 1683 3659 1751 φόϐον,

436 1776 665 1832 facere:
720 1783 960 1829 attamen
1010 1772 1212 1825 viviliei
1267 1771 1615 1841 baptismatis
1665 1768 2012 1823 traditionem

2125 1774 2211 1826 καὶ
2250 1775 2349 1843 τὴν
2399 1773 2627 1845 εἰρήνην
2659 1775 2987 1843 παρασχεῖν,
3026 1774 3122 1825 καὶ
3144 1772 3247 1843 τὴν
3279 1774 3563 1827 ἀνάστασιν
3588 1793 3662 1827 πι-

436 1883 546 1923 una
571 1882 695 1920 cum
722 1863 1139 1936 perfectiorihus
1171 1836 1513 1932 dogmatibus
1540 1860 1784 1929 praebere
1825 1859 1933 1913 illis
1960 1859 2015 1912 iu

2125 1862 2436 1917 στὼσασθαι
2458 1881 2474 1896 ο
2500 1864 2599 1933 τὴν
2653 1865 2842 1933 μέντοι
2872 1863 2966 1915 τοῦ
2998 1861 3272 1926 ζωοποιοῦ
3324 1861 3662 1933 βαπτίσματος

437 1958 679 2017 ϐαΙίΙεοθ,
720 1955 961 2011 Judaicae
993 1952 1313 2008 temeritatis
1337 1956 1485 2006 metu
1516 1951 1758 2005 liberatis
1787 1966 1801 2014 ;
1840 1958 1898 2004 ut
1923 1949 2015 2019 qui

2125 1957 2441 2028 παράδοσιν,
2497 1956 2613 2027 ἅμα
2662 1958 2775 2020 τοῖς
2825 1955 3180 2025 τελειοτέροις
3220 1954 3484 2023 δόγμασιν
3524 1957 3574 2009 έν
3609 1960 3663 2028 τῇ

436 2049 497 2103 in
530 2047 745 2102 Galilaea
776 2060 1025 2117 magnam
1062 2044 1238 2104 lucem
1261 2042 1591 2097 ostendisset
1633 2041 1697 2095 iis
1722 2040 1811 2111 qui
1854 2041 2015 2095 sede-

2125 2047 2386 2119 Γα).ιλαίᾳ
2412 2050 2624 2111 τούτοις
2658 2047 2977 2117 ἐγχειρῆσαι
3016 2048 3061 2111 ί,
3092 2046 3195 2115 τῆς
3247 2045 3538 2114 Ἰουδαῖκῆς
3562 2045 3665 2118 θρι-

438 2140 574 2194 bant
600 2139 655 2192 in
688 2139 949 2201 tenebris,
982 2136 1273 2190 salutarem
1300 2149 1501 2203 nempe
1542 2132 1871 2201 baptismum
1902 2148 1918 2198 ;
1948 2130 2015 2184 ad

2125 2139 2349 2210 σύτητος
2379 2139 2472 2192 τὸν
2511 2136 2675 2206 φόϐον
2693 2136 3156 2204 ἀποσεισαμὲνοις
3180 2151 3195 2166 ο
3228 2133 3325 2187 at;
3356 2136 3414 2186 ἐν
3441 2138 3502 2205 τῇ
3534 2135 3666 2188 Γαλι-

436 2247 600 2300 quem
625 2232 918 2284 cohortans
948 2228 1113 2282 dixit:
1139 2226 1509 2280 Pwnitentiam
1536 2226 1696 2296 agite,
1729 2224 2015 2293 appropin-

2125 2232 2244 2302 λαίᾳ
2274 2233 2333 2284 τὸ
2363 2230 2506 2302 μέγα
2536 2230 2652 2297 φῶς
2676 2228 2932 2294 δείξαντα
2954 2270 2969 2294 ,
3006 2230 3118 2291 τοῖς
3146 2229 3206 2280 ὲν
3232 2228 3414 2280 σκότει
3455 2227 3679 2299 καθημέομ

406 2323 620 2391 ¹(ιιιιιυιῐι
676 2322 815 2374 enim
843 2336 1060 2391 regnum
1113 2318 1361 2373 cwlorum
1396 2319 1462 2371 ⁷³.
1523 2316 1785 2371 ιῖιιιιιςςὶιιι
1833 2326 2015 2370 autem

2125 2341 2253 2387 νοις,
2291 2322 2351 2375 τὸ
2380 2322 2644 2392 σωτήριον
2673 2319 2876 2391 δηλαδὴ
2927 2319 3217 2389 βάπτισμα
3246 2336 3257 2350 ·
3288 2318 3374 2387 ἐφ’
3396 2311 3441 2386 ᾧ
3465 2336 3663 2389 προτρε-

437 2414 833 2483 discipulorum
861 2412 1067 2467 idcirco
1097 2412 1270 2465 Lucas
1294 2410 1562 2473 meminit,
1589 2408 1845 2479 quoniam
1877 2407 2015 2461 Juda

2125 2416 2352 2484 πόμενος
2388 2413 2542 2481 ἔλεγε
2570 2431 2583 2442 ο
2635 2412 3010 2473 Μετανοεῖτε,
3066 2410 3288 2480 ἦγγικε
3316 2414 3424 2480 γὰρ
3458 2412 3494 2479 ἡ
3517 2411 3667 2474 ,βασι-

437 2507 495 2562 in
529 2514 812 2576 peccatum
846 2490 1092 2574 delapso,
1125 2512 1179 2557 et
1226 2501 1437 2556 Thoma
1483 2502 1729 2565 absente,
1764 2499 2015 2554 Matthias

2125 2507 2255 2560 λεία
2287 2505 2406 2558 τῶν
2442 2505 2737 2573 οὐρανῶν.
2772 2501 2893 2556 Τῶν
2930 2503 2986 2556 δὲ
3017 2503 3212 2556 ἕνδεκα
3257 2501 3506 2573 μαθητῶν
3527 2545 3540 2567 ,
3566 2502 3667 2557 τού⁴

432 2595 600 2667 plane
642 2593 850 2658 aderat,
893 2607 1056 2661 quem
1104 2607 1202 2661 pro
1232 2589 1373 2644 Juda
1426 2599 1574 2645 sorte
1605 2590 1924 2660 elegerunt,
1962 2598 2015 2643 ut

2125 2614 2213 2651 του
2251 2597 2414 2668 χάριν
2442 2598 2469 2649 ὀ
2502 2596 2721 2658 Λουκᾶς
2744 2594 3175 2664 ἐμνημόνευσεν,
3203 2594 3295 2646 ὅτι
3334 2593 3500 2647 Ἰούδα
3528 2595 3666 2648 ἐκπε-

396 2688 412 2703 '
433 2688 529 2758 qui
562 2686 617 2740 in
641 2686 790 2740 omni
827 2693 1072 2752 tempore
1106 2699 1277 2752 usque
1308 2683 1373 2737 ad
1404 2682 1781 2737 ascensionem
1815 2681 2015 2735 Christi

2126 2689 2329 2751 πόντος,
2370 2688 2464 2740 καὶ
2516 2687 2688 2755 Θωμᾶ
2731 2685 2807 2756 μὴ
2846 2685 3136 2755 παρόντος,
3185 2684 3445 2746 Ματθίας
3486 2686 3668 2747 πάντως

436 2777 594 2833 testis
641 2784 789 2830 esset
844 2774 1261 2828 resurrectionis
1310 2774 1452 2844 ejus,
1483 2772 1942 2843 quemadmodum
1986 2787 2015 2833 a

2125 2781 2304 2851 παρῆν
2329 2818 2344 2840 ,
2376 2777 2435 2831 ὃν
2464 2777 2585 2830 ἀντὶ
2622 2775 2716 2829 τοῦ
2757 2775 2932 2829 Ἰούδα
2956 2775 3308 2845 έκλήρωσαν,
3346 2775 3419 2837 ὼς
3448 2777 3500 2827 ὲν
3535 2775 3670 2828 παντὶ

434 2866 584 2925 Luca
618 2874 871 2921 narratur
893 2868 955 2919 ⁷³.

2125 2869 2199 2940 τῷ
2232 2870 2408 2939 χρόνῳ
2447 2870 2608 2939 μέχρι
2650 2868 2748 2936 τῆς
2799 2867 3121 2937 ἀναλήψεως
3158 2866 3261 2919 τοῦ
3290 2866 3518 2936 Χριστοῦ
3555 2867 3670 2936 μάρ-

2122 2976 2265 3029 τυρα
2287 2959 2386 3028 τῆς
2414 2959 2763 3021 ἀναστάσεως
2791 2958 2956 3010 αὑτοῦ
2980 2957 3311 3028 γενόμενον,
3332 2957 3504 3020 καθὼς
3521 2958 3670 3026 Λουκᾷ

1059 3106 1120 3123 ,Μ
1144 3122 1147 3123 ν
1197 3105 1228 3123 ,ι
1394 3121 1404 3123 ῃ
2125 3052 2432 3123 ἱστόρηται.

1002 3105 1293 3174 Diﬂiculms
1324 3121 1450 3158 Lm.

2246 3105 2258 3123 ⁸
2304 3105 2316 3122 ⁸
2795 3121 3045 3188 Ἀπορία.

509 3197 615 3266 Qui
673 3198 882 3252 factum
929 3206 1013 3250 est
1062 3205 1123 3249 ut
1169 3195 1408 3249 Joannes
1451 3195 1667 3260 dixerit,
1701 3211 1826 3250 eum
1872 3207 2015 3252 esset

2197 3213 2317 3276 Πῶς
2373 3212 2624 3280 Ἰωάννης
2662 3173 2844 3279 λέγει,
2882 3173 2963 3264 ὅτι
2991 3210 3151 3274 ὀψίας
3181 3211 3358 3281 οὔσης
3383 3213 3445 3281 τῇ
3480 3212 3568 3282 μιᾷ
3586 3209 3668 3261 τῶν

435 3307 563 3349 sero
589 3306 695 3344 una
734 3288 1094 3343 Sabbatorum
1125 3288 1192 3351 ⁷⁵,
1216 3288 1430 3342 cunctis
1454 3287 1754 3357 discipulis,
1787 3298 2015 3358 praeter-

2125 3304 2415 3357 Σαϐϐάτων
2443 3346 2458 3369 ,
2497 3305 2640 3366 ὅλοις
2689 3305 2883 3357 ἑαυτὸν
2921 3307 3035 3367 τοῖς
3091 3303 3390 3373 μαθηταῖς,
3434 3303 3562 3372 πλὴν
3596 3301 3669 3355 τοῦ

435 3395 603 3452 quam
652 3379 914 3446 Thomas,
970 3377 1249 3433 Christum
1305 3378 1547 3447 seipsum
1599 3379 2015 3443 manifestasse;

2125 3396 2293 3464 Θωμᾶ
2330 3397 2357 3447 ὁ
2391 3396 2626 3466 Χριστὸς
2671 3396 3022 3464 ἐνεφάνισεν·
3058 3397 3278 3459 Λουκᾶς
3308 3395 3365 3448 δὲ
3406 3395 3482 3448 ὅτι
3515 3396 3671 3464 Πέτρῳ

436 3470 615 3527 Lucas
647 3486 797 3533 vero,
828 3470 927 3524 soli
959 3469 1142 3534 Petro,
1168 3470 1389 3539 quando
1420 3470 1693 3537 Cleophas
1725 3484 2015 3538 comesque

2125 3487 2282 3554 μόνον
2307 3525 2322 3547 ,
2353 3487 2516 3555 ήνίκα
2544 3489 2592 3539 οἱ
2621 3489 2749 3554 περὶ
2782 3485 3049 3539 Κλεῶπαν
3087 3489 3143 3538 έν
3170 3487 3388 3558 ἑσπέρᾳ.
3412 3487 3505 3556 τῆς
3531 3484 3672 3552 αὐτῆς

435 3562 584 3618 illius
597 3578 822 3631 vespere
843 3562 1086 3629 ejusdem
1107 3561 1212 3613 diei
1231 3560 1621 3629 Jerosolymam
1641 3560 1843 3613 reversi
1869 3569 2015 3626 sunt,

2125 3580 2335 3649 ἡμέρας
2387 3580 2468 3639 εἰς
2513 3578 2873 3648 Ἰερουσαλὴμ
2915 3578 3273 3647 ὑπέστρεψαν
3322 3580 3402 3641 εἰς
3439 3577 3531 3645 τὴν
3565 3574 3669 3644 Ἐμ-

436 3664 722 3724 postquam
759 3653 1049 3707 Dominum
1095 3652 1149 3704 in
1195 3652 1453 3704 Emmaus
1494 3652 2015 3721 conspexissent”:i

2125 3670 2246 3740 μαῶ
2276 3670 2365 3721 τὸν
2398 3669 2603 3739 Κύριον
2639 3670 3006 3738 θεασάμενοι;
3355 3662 3361 3668 ’

1107 3740 1336 3796 Salutio.
2814 3761 3025 3813 Λύσις.

504 3834 690 3892 Primo
743 3845 865 3905 post
920 3834 1182 3889 mulieres
1237 3834 1419 3898 Petro,
1474 3833 1710 3903 indeque
1759 3836 2015 3905 apostolis

2814 3776 3025 3827 Λυρνις.

2193 3852 2416 3924 Πρῶτον
2442 3852 2544 3923 μὲν
2574 3860 2602 3889 ιι
2650 3853 2749 3916 τὰς
2780 3856 3048 3920 γυναῖκας
3078 3854 3156 3924 τῷ
3185 3855 3382 3926 Πέτρῳ
3410 3897 3423 3920 ,
3461 3855 3546 3907 καὶ
3573 3852 3670 3906 τότε

433 3929 687 3984 Christus
716 3928 987 3997 apparuit,
1030 3926 1173 3980 sicut
1214 3926 1415 3980 Paulus
1441 3927 1546 3980 ait:
1583 3926 1718 3990 Quia
1750 3930 1890 3981 visus
1943 3938 2015 3982 est

2125 3947 2231 4005 τοῖς
2260 3944 2585 4005 ἀποστόλοις
2622 3944 2649 3994 ὁ
2680 3944 2915 4016 Χριστὸς
2939 3945 3135 4013 ἐφάνη,
3158 3945 3345 4007 καθὼς
3379 3943 3562 4011 ἐφάνη,
3586 3961 3669 3996 κα·

433 4020 640 4092 Cephw,
680 4031 729 4075 et
761 4031 940 4090 postea
972 4021 1246 4073 duodecim
1285 4021 1332 4052 ⁷⁸
1361 4037 1374 4073 :
1411 4036 1523 4075 non
1558 4019 1825 4075 Thomam
1883 4038 2015 4079 con-

2125 4036 2226 4097 θὼς
2266 4035 2476 4097 nam;
2504 4051 2668 4103 φησιν
2693 4052 2708 4067 ο
2737 4036 2860 4088 Ὅτι
2910 4034 3075 4103 ὤφθη
3102 4035 3281 4105 Κηφᾷ
3302 4077 3318 4102 ,
3347 4037 3542 4089 ἔπειτα
3572 4033 3669 4097 τοῖς

433 4125 756 4174 numerans,
794 4126 974 4178 neque
1019 4110 1165 4162 enim
1217 4108 1427 4173 aderat,
1479 4110 1574 4163 sed
1627 4110 1909 4164 Matthiam
1961 4121 2015 4167 et

2125 4126 2346 4179 δώδεκα
2379 4126 2486 4191 ’,οὐ
2528 4127 2620 4178 τον
2649 4127 2852 4196 Θωμᾶν
2908 4126 3260 4197 συναριθμῶν
3283 4169 3298 4194 ,
3329 4128 3391 4181 οὐ
3443 4127 3546 4196 γάρ
3588 4143 3669 4178 πα·

433 4204 673 4259 Justum.
699 4203 836 4287 Cum
864 4201 1029 4272 igitur
1055 4202 1233 4255 adhuc
1257 4201 1309 4254 in
1344 4202 1428 4255 via
1451 4202 1518 4256 ab
1546 4201 1800 4257 Emmaus
1830 4214 2015 4260 essent

2125 4220 2242 4287 ρῆν,
2276 4218 2414 4271 ἀλλά
2463 4218 2712 4271 Ματθίαν
2760 4219 2853 4271 καὶ
2907 4218 3160 4273 Ἰοῦστον.
3200 4220 3325 4272 Ἔτι
3372 4220 3542 4272 τοίνυν
3583 4218 3668 4269 τῶν

435 4298 545 4351 duo
566 4296 664 4355 illi.
687 4274 917 4383 quorum
950 4309 1093 4349 unus
1112 4293 1405 4363 Cleophas,
1427 4295 1678 4350 Christus
1723 4295 1887 4351 l‘etro
1916 4315 2015 4368 ap-

2125 4310 2246 4380 rrep‘t
2300 4309 2568 4363 Κλεῶπαν
2615 4310 2757 4363 κατὰ
2806 4309 2903 4380 τὴν
2948 4310 3067 4363 ὁδὸν
3123 4311 3225 4381 τὴν
3277 4312 3388 4366 ἀπὸ
3427 4310 3668 4381 Ἐμμαοῦς

437 4391 613 4452 paret.
650 4381 720 4435 Ut
743 4381 925 4434 autem
957 4382 1024 4435 ab
1061 4384 1318 4435 Emmaus
1354 4385 1556 4438 reversi
1589 4392 1737 4452 sunt,
1785 4396 1840 4441 et
1884 4404 2015 4458 apo-

2125 4403 2326 4466 όντων,
2384 4400 2462 4470 τῷ
2536 4400 2728 4471 Πέτρῳ
2791 4403 2819 4455 ὁ
2870 4402 3106 4470 Χριστὸς
3170 4402 3561 4473 ἐμφανίζεται.
3596 4397 3667 4464 Ὦς

436 4473 589 4528 stolis
611 4474 1025 4537 anmuntiarunt,
1054 4488 1164 4541 quo
1196 4484 1355 4543 pacto
1377 4476 1443 4528 ah
1478 4476 1580 4529 illis
1601 4478 1818 4547 agnitus
1850 4480 2014 4537 fuerit

2125 4495 2172 4547 δὲ
2219 4492 2520 4562 ἐπανῆλθον
2569 4494 2676 4544 ἀπὸ
2714 4493 3027 4562 Ἐμμαοῦς,
3073 4493 3169 4545 καὶ
3209 4497 3327 4557 τοῖς
3390 4493 3668 4554 ἀποστόλοις

436 4561 493 4615 in
526 4562 791 4616 fractione
823 4563 1021 4631 panis;
1052 4572 1184 4617 tunc
1216 4564 1283 4618 ad
1320 4577 1547 4621 cunctos
1594 4569 1716 4624 illos
1758 4568 2010 4625 Christus

2125 4585 2505 4654 ἀπήγγειλαν,
2545 4585 2663 4649 πῶς
2715 4584 2962 4654 ἐγνώσθη
3017 4587 3201 4648 αὐτοῖς
3251 4589 3318 4657 τῇ
3375 4587 3551 4640 κλάσει
3593 4583 3666 4636 τοῦ

436 4651 492 4705 in
535 4650 669 4705 Sion
720 4651 942 4705 advenit
980 4653 1047 4717 ",
1084 4655 1539 4722 quemadmodum
1597 4660 1761 4714 tradit
1814 4660 2010 4716 Lucas.

434 4736 555 4791 Non
585 4737 734 4791 enim
767 4739 1022 4794 admirari
1073 4751 1309 4811 Oportet,
1339 4746 1481 4814 quod
1512 4748 1704 4801 eodem
1739 4751 1827 4804 die
1863 4768 1891 4804 a
1926 4751 2015 4805 Je—

435 4828 675 4882 rusalem
708 4829 763 4881 in
789 4830 1069 4898 Emmaus,
1107 4842 1163 4888 et
1211 4836 1281 4889 ab
1312 4835 1571 4893 Emmaus
1608 4839 1661 4893 in
1712 4840 2011 4898 Jerusalem

2125 4828 2421 4932 θαυμάζειν
2446 4905 2461 4928 ,
2497 4864 2545 4915 εἰ
2575 4828 2634 4916 ἐν
2689 4864 2787 4934 μιᾷ
2834 4828 3030 4934 ἡμέρα⁵
3069 4864 3177 4916 ἀπὸ
3219 4828 3567 4935 Ἰερουσαλὴμ
3604 4861 3665 4920 είς

436 4920 668 4992 proiecti
702 4921 923 4977 fuerint.
948 4925 1135 4995 Neque
1164 4929 1311 4982 enim
1333 4930 1595 5000 scriptum
1623 4943 1709 4988 est
1729 4950 2011 5004 veSperam

2135 4920 2391 5021 Ἐμμαῶ,
2432 4920 2526 5004 καὶ
2577 4920 2700 5005 ἀπὸ.
2740 4920 3021 5022 Ἐμμαοῦς
3052 4955 3134 5012 εἰς
3169 4920 3668 5023 Ἰερόυσαλίκίπιρ-

436 5012 628 5077 fuisse,
646 5015 866 5082 quando
885 5018 1460 5088 appropinquaverunt
1478 5026 1702 5079 castello
1732 5027 2011 5094 Emmaus,

2125 5042 2393 5107 εγένοντο.
2420 5040 2558 5115 Οὔτε
2582 5042 2693 5114 γάρ
2716 5044 3027 5113 γέγραπται
3061 5044 3145 5097 ὅτι
3173 5044 3385 5115 ἑσπέρα
3414 5041 3478 5115 ἦν
3505 5045 3583 5096 ὅτε
3613 5041 3664 5109 τῇ

437 5105 533 5159 sed
559 5104 950 5176 advesperasse
984 5118 1040 5162 et
1067 5110 1379 5166 inclinatam
1401 5129 1521 5169 esse
1541 5116 1650 5183 jam
1679 5118 1850 5181 diem;
1876 5122 2013 5176 adeo
2137 5104 2365 5183 Ἐυμαῶ
2396 5110 2460 5183 ἣν

437 5203 499 5248 ut
524 5204 668 5249 esset
689 5195 870 5250 forsan
894 5206 1084 5253 octava
1103 5200 1186 5254 vel
1203 5217 1347 5255 nona
1365 5203 1497 5257 hora
1521 5243 1534 5267 ,
1555 5206 1680 5274 quia
1704 5223 1733 5261 a
1759 5209 2011 5279 septima,

436 5285 594 5354 quasi
629 5287 695 5339 ad
718 5287 1081 5356 vespertinam
1124 5301 1332 5360 partem
1371 5295 1597 5351 inclinat
1644 5298 1744 5353 sol.
1780 5299 2018 5359 Praeter-

438 5391 599 5446 quam
626 5380 770 5447 quod
801 5397 1024 5438 cursum
1047 5383 1122 5437 illi
1153 5386 1527 5454 adhibuerim,
1564 5406 1674 5459 prae
1701 5394 1921 5463 gaudio,
1962 5403 2021 5450 ut

2114 4681 2284 4747 ἄρτου
2307 4696 2320 4708 ο
2355 4679 2478 4731 τότε
2509 4681 2673 4731 πᾶσιν
2698 4679 2880 4740 αὐτοῖς
2910 4682 2967 4732 ὲν
2994 4682 3058 4749 τῇ
3089 4681 3226 4731 Σιὼν
3254 4682 3282 4733 ὁ
3317 4679 3541 4749 Χριστὸς
3587 4678 3666 4727 ἑπ-

2116 4769 2395 4840 εδὴμησε,
2440 4770 2623 4832 καθὼς
2667 4771 2885 4833 Λουκᾶς
2936 4771 3328 4842 παραδίδωσιν.
3379 4772 3451 4824 Οὐ
3469 4772 3567 4839 γὰρ
3604 4768 3669 4819 δεῖ

2137 5134 2190 5185 Ἐ
2201 5133 2365 5202 μμαῶ
2396 5133 2630 5204 ἤγγισαν
2651 5172 2666 5196 ,
2695 5134 2830 5188 ἀλλὰ
2855 5137 2989 5203 πρὸς
3014 5137 3255 5208 ἑσπέραν
3276 5176 3290 5198 ,
3332 5139 3413 5189 ὅτι
3449 5135 3667 5189 κέκλικεν

2125 5226 2158 5294 ἡ
2199 5220 2404 5294 ἡμέρα,
2446 5225 2520 5287 ὡς
2558 5220 2696 5279 εἶναι
2748 5227 2907 5297 τυχὸν
2942 5227 3138 5297 ὀγδόην
3163 5269 3177 5291 ,
3208 5228 3238 5298 ἢ
3295 5227 3493 5302 ἐνάτην⁴
3522 5224 3666 5293 ὥραν.

2136 5316 2271 5368 Ἀπὸ
2316 5319 2426 5389 γὰρ
2453 5318 2710 5388 ἑϐδόμης,
2738 5319 2815 5380 ὡς
2853 5319 2987 5389 πρὸς
3024 5320 3085 5372 τὸ
3112 5321 3367 5389 ἑσπέριον
3399 5318 3557 5373 κλίνει
3585 5315 3664 5385 μέιο

2127 5424 2220 5479 ρος
2251 5410 2279 5461 ὁ
2306 5410 2475 5479 ἥλιος.
2517 5411 2708 5474 Ἐκτὸς
2753 5411 2936 5464 τοίνυν
2969 5411 3062 5465 καὶ
3091 5412 3277 5483 δρόμῳ
3298 5412 3515 5474 τούτους
3552 5406 3664 5489 χρῄ

507 5511 554 5543 ⁷⁸
581 5510 770 5568 Matth.
801 5530 988 5580 τιτι-ιιι,
1026 5517 1107 5572 10.
1184 5520 1227 5550 ’ί
1256 5519 1386 5574 Luc.
1430 5540 1572 5587 xxxv,
1607 5526 1696 5578 55.
1768 5528 1817 5571 -⁷²
1848 5529 2015 5587 Matth

510 5581 569 5613 Ol
625 5581 694 5613 00
790 5584 837 5613 τι
872 5584 993 5613 Ιηη..
1048 5605 1112 5613 ..η
1176 5590 1238 5613 ιη
1337 5593 1379 5613 ἰιι
1412 5593 1427 5613 ι
1758 5598 1816 5613 -ι
1921 5602 1964 5613 η
1994 5604 2010 5613 .

2125 5555 2265 5605 ινιιι,
2301 5543 2385 5613 16ς
2425 5543 2590 5599 Marc.
2624 5562 2733 5611 xvr,
2768 5546 2856 5609 15ς
2877 5545 3070 5601 Matth.
3103 5561 3182 5613 Iv,
3216 5547 3312 5613 16,
3342 5547 3427 5603 17.
3494 5544 3537 5577 ’³
3562 5541 3661 5596 Λα·

440 5594 478 5652 ι,
510 5581 598 5646 21,
625 5581 714 5638 22.
790 5584 837 5615 ⁷⁸
863 5584 1018 5642 Joan.
1048 5605 1140 5655 xx,
1176 5590 1259 5645 19.
1337 5593 1379 5621 ⁷⁸
1410 5593 1538 5648 Luc.
1563 5581 1720 5661 'xxn',
1755 5581 2015 5658 54.33;].

2125 5581 2265 5605 ..ι-ι,
2304 5581 2385 5609 ιν,
2425 5581 2590 5599 "salu.
2624 5581 2733 5611 λυ,
2775 5581 2856 5609 lu,
2881 5581 3070 5601 mauu-
3105 5581 3182 5613 Iv,
3221 5581 3312 5615 lu,

2125 5625 2156 5662 υ,
2191 5627 2280 5676 xv,
2315 5612 2368 5667 5.
2443 5615 2489 5646 ⁷⁷
2516 5614 2648 5671 Luc.
2674 5633 2820 5681 xxrv,
2843 5618 2932 5686 56,
2957 5618 3046 5673 59.

1727 5710 1963 5769 VARUE
2000 5716 2407 5782 LECTIONES.

516 5790 539 5820 ⁸
568 5789 984 5862 ὑστερήσαντος.
1069 5798 1084 5832 ι
1119 5796 1181 5851 F.
1214 5798 1423 5863 τούτοις
1459 5803 1786 5875 ἐγχειρίσαι.
1866 5820 1890 5848 ιι
1931 5813 2093 5879 μετά.
