3934 6406
501 361 629 424 1447

1687 356 2055 418 IIESYCIIII
2095 353 2570 414 PRESBYTERI

3588 368 3696 437 1448

493 487 584 530 tur
613 473 808 533 Oliveti
848 486 1100 532 reversos
1115 487 1237 530 esse
1267 469 1564 544 discipulos
1591 473 1660 540 ⁸⁸,
1687 473 1844 542 quasi
1875 474 2077 527 istbinc

2181 467 2290 520 ἀπὸ
2343 469 2437 521 τοῦ
2492 469 2654 540 ὅρους
2683 468 2777 522 τοῦ
2813 471 3152 541 καλουμένου
3178 469 3388 530 Ἐλαιῶν
3409 477 3700 552 ὑποστρέψαι

491 564 712 632 Christo
743 567 1062 637 assumpto?
1089 567 1161 622 Et
1200 565 1473 636 quomodo
1528 566 1583 619 in
1621 565 1914 634 Evangelio
1943 580 2071 618 nar-

492 673 648 720 rans,
687 668 806 728 post
830 659 1206 714 ascensionem
1233 657 1532 727 discipulos
1557 656 1614 710 in
1642 657 1843 727 templo
1874 656 2072 710 immo-

494 757 643 803 ratos
670 750 861 816 fuisse,
896 749 1182 804 laudantes
1219 756 1275 803 et
1306 747 1694 803 benedicentes
1721 747 1889 802 Deum
1909 745 1979 810 ⁸⁹,
2015 747 2072 801 in

495 842 814 912 apostolicis
865 842 1115 904 Actibus,
1161 855 1256 895 eos
1288 840 1344 894 in
1383 839 1726 895 omnaculum
1759 839 2074 895 ascendisse

496 942 554 988 et
581 933 691 989 illic
713 933 982 988 mansisse
1005 931 1233 1002 exponit
1255 931 1346 984 ὀἳ

1171 1109 1398 1166 Salutio.

567 1200 728 1256 Aliud
768 1211 851 1256 est
885 1200 952 1255 In
988 1201 1323 1267 Bel/mnium,
1359 1211 1414 1258 et
1439 1203 1586 1258 aliud
1621 1202 1698 1257 Ad
1735 1203 2071 1258 Bethaniam.

496 1292 712 1349 Etenim
749 1295 818 1347 ad
863 1294 1200 1360 Bethaniam,
1248 1297 1340 1350 dat
1382 1297 1540 1351 nobis
1576 1297 1882 1367 intelligere
1932 1297 2075 1352 viam

497 1401 620 1453 quas
675 1385 803 1440 illuc
853 1387 1023 1450 ducit,
1080 1389 1167 1441 cui
1221 1404 1378 1442 mons
1410 1388 1686 1442 Olivarum
1733 1389 1984 1458 adjacet:
2022 1388 2075 1443 id

496 1477 640 1546 quod
671 1477 844 1531 Lucas
874 1478 1148 1547 exposuit,
1171 1479 1375 1544 dicens,
1395 1479 1466 1531 ad
1493 1479 1831 1539 Betlzaniam.
1861 1490 1917 1535 et
1953 1480 2078 1535 lini-

503 1567 688 1622 timam
725 1567 824 1638 ipsi
856 1571 1059 1624 montis
1105 1583 1312 1639 partem
1345 1569 1431 1624 his
1468 1572 1692 1626 vocibus
1738 1571 2073 1641 signiﬁcans,

499 1659 594 1714 ubi
635 1661 920 1715 Dominum
963 1671 1302 1732 assumptum
1351 1663 1521 1717 fuisse
1569 1663 1856 1717 narravit?
1899 1666 2076 1720 locum

503 1753 910 1822 quodammodo
941 1753 1113 1808 instar
1146 1755 1510 1825 chorographi
1548 1755 1883 1811 describens.
1909 1755 2076 1811 Porro

2171 558 2303 620 τοὺς
2334 559 2608 629 μαθητὰς,
2653 561 2728 625 ὠς
2772 561 2985 615 ἐκεῖθεν
3019 562 3117 616 τοῦ
3163 565 3364 637 Κυρίου
3409 569 3702 641 ἀναληφθὲν.

2173 666 2298 714 τος;
2328 650 2453 714 Πῶς
2485 651 2542 704 δὲ
2569 654 2626 705 ἐν
2665 653 2743 722 τῷ
2782 654 3104 725 Εὐαγγελίῳ
3139 657 3446 728 ἱστορήσας,
3483 665 3604 731 μετὰ
3623 668 3706 738 τὴν

2171 739 2441 810 ἀνάληψιν
2470 743 2527 795 ὲν
2556 743 2635 813 τῷ
2671 744 2804 814 ἱερῷ
2837 745 3144 816 διατρίϐειν
3186 750 3310 812 τοὺς
3345 750 3593 821 μαθητὰς,
3619 757 3706 828 ὑμ-

2172 832 2396 896 νοῦντας
2431 836 2526 888 καὶ
2554 836 2915 904 εὐλογοῦντας
2944 837 3036 889 τὸν
3083 837 3246 891 Θεόν·
3281 843 3339 894 έν
3365 847 3479 907 ταῖς
3514 845 3710 901 ἀποστο-

2173 923 2351 987 λικαῖς
2392 927 2664 996 Πράξεσιν
2714 929 2796 992 εἰς
2839 929 3091 999 ὑπερῷον
3124 931 3317 995 αὐτοὺς
3358 935 3708 1008 ἀναϐεϐηκέναι

2174 1018 2270 1071 καὶ
2299 1020 2634 1090 καταμένειν
2665 1021 2879 1086 ἐξέθετο
2899 1041 2914 1090 ;

2361 1097 2376 1107 Ι
2702 1161 2711 1168 .
2865 1118 3077 1184 Λύσις.

2250 1197 2479 1270 Ἐτερόν
2531 1203 2681 1255 ἐστιν
2709 1204 2812 1270 Εἰς
2862 1209 3190 1273 Βηθανίαν,
3224 1209 3315 1262 καὶ
3374 1209 3549 1281 ἕτερον
3587 1219 3711 1284 Πρὸς

2177 1292 2502 1357 Βηθανίαν.
2537 1294 2611 1346 Τὸ
2649 1295 2761 1366 γὰρ
2793 1299 2950 1364 Πρὸς
2995 1302 3325 1366 Βηθανίαν,
3373 1302 3576 1357 δίδωσιν
3609 1312 3712 1377 ἡμῖν

2178 1384 2320 1434 νοεῖν
2348 1382 2446 1454 τὴν
2467 1384 2583 1437 ὁδὸν
2607 1387 2706 1457 τὴν
2739 1389 3066 1457 ἁπάγουσαν
3101 1393 3219 1444 ἐκεῖ
3245 1395 3326 1456 εἰς
3355 1403 3381 1429 ι
3407 1396 3465 1448 τὸ
3496 1396 3606 1466 ὅρος
3631 1403 3712 1452 τῶν

2179 1469 2404 1525 Ἐλαιῶν
2425 1475 2755 1544 παράκειται
2780 1478 2944 1550 ’ὅπερ
2979 1480 3197 1544 Λουκᾶς
3228 1482 3612 1552 ὲξέθετο,πρός
3627 1491 3713 1556 Βηι

2181 1561 2395 1616 θανίαν
2418 1563 2610 1628 εἰπὼν,
2636 1568 2732 1619 καὶ
2756 1569 2817 1620 τὺ
2835 1569 3071 1639 ὁμοροῦν
3102 1573 3242 1643 αὐτῇ
3265 1573 3332 1643 μέ
3344 1591 3432 1644 ρος
3454 1575 3539 1628 τοῦ
3569 1579 3712 1646 ὅρους,

2179 1652 2392 1715 τούτοις
2428 1655 2775 1726 αἰνιξάμενος
2799 1701 2813 1724 ,
2851 1659 2980 1713 ἔνθα
3010 1662 3102 1715 τὸν
3150 1663 3356 1734 Κύριον
3388 1667 3714 1740 ἀναληφθῆναι

2187 1739 2508 1811 ἱστόρησεν·
2555 1749 2998 1818 χωρογραφήσας
3041 1752 3244 1821 τρόπον
3293 1753 3416 1806 τινὰ
3454 1757 3538 1808 τὶν
3567 1739 3713 1812 τόπον.

502 1808 743 1898 secunda
775 1845 1002 1914 quaestio
1061 1845 1203 1899 hanc
1237 1808 1402 1899 habet
1449 1846 1803 1901 solutionem.
1835 1846 1968 1902 Post
1991 1863 2076 1902 as-

2189 1825 2262 1882 Τὸ
2293 1808 2478 1901 μέντοι
2511 1808 2765 1908 δεύτερον
2796 1808 3040 1911 dim,
3077 1808 3284 1915 ταύτην
3321 1844 3433 1916 ἔχει
3460 1848 3550 1918 τὴν

501 1939 870 2006 sumptioncm
914 1937 1126 1990 Domini
1155 1939 1376 2008 regressi
1403 1948 1523 1992 sunt
1543 1940 1768 2008 apostoli
1790 1941 1845 1993 in
1863 1940 2081 1994 Jerusa-

501 2028 624 2092 lem,
646 2038 705 2082 ut
731 2029 783 2082 in
815 2028 1110 2099 Evangelia
1146 2030 1496 2093 continetur;
1527 2039 1575 2082 et
1609 2042 1757 2084 erant
1793 2047 1995 2098 semper
2026 2033 2081 2084 in

504 2120 738 2189 teniplo;
766 2136 864 2190 per
902 2123 1268 2189 praestitutum
1305 2137 1502 2190 nempe
1535 2131 1752 2192 tempus
1792 2123 2076 2186 orationis,

502 2225 612 2278 quo
655 2211 853 2264 licebat
886 2210 938 2262 in
972 2210 1174 2279 templo
1213 2212 1543 2265 commorari
1572 2253 1586 2277 ,
1620 2213 1856 2281 reliquas
1897 2223 2078 2268 autem

503 2300 669 2352 horas
716 2299 860 2352 domi
898 2301 1325 2365 consumebant,
1352 2301 1455 2355 hoc
1484 2311 1586 2367 est,
1610 2302 1667 2356 in
1699 2306 1982 2360 cmnaculo
2026 2307 2080 2360 in

501 2390 649 2445 Actis
688 2392 1058 2459 apostolorum
1091 2391 1366 2447 declarato
1393 2410 1407 2459 ;
1431 2393 1621 2463 utique
1649 2392 1702 2446 in
1730 2393 1847 2464 ipso
1878 2396 2082 2451 indesi-

501 2489 698 2536 nenter
728 2483 1073 2539 celebrantes
1099 2492 1153 2538 et
1181 2485 1570 2541 benedicentes
1603 2486 1918 2542 Dominum.
1942 2488 2082 2555 Quia

500 2572 678 2641 ipsum
703 2572 859 2627 decet
879 2573 1071 2644 gloria,
1099 2589 1210 2629 una
1226 2590 1351 2630 cum
1379 2575 1539 2632 Patre
1560 2587 1820 2635 etsancto
1848 2578 2080 2650 Spiritu,

501 2661 558 2715 in
589 2663 808 2720 saecula.
846 2665 1043 2718 Amen.

676 2837 735 2893 S.
765 2838 1028 2908 Hesychii,
1052 2840 1337 2910 presbyteri
1389 2841 1891 2912 Hierosolymorum.

571 2929 753 2996 Quare
791 2931 1032 2986 Joannes
1075 2932 1294 3001 quidem
1337 2933 1630 2987 Dominum
1672 2935 1850 3004 ipsum
1897 2945 2085 2991 narrat

497 3034 748 3098 portasse
791 3040 1012 3079 crucem
1041 3041 1056 3090 ;
1087 3025 1268 3079 θεειοτί
1312 3041 1444 3080 vero
1497 3029 1869 3098 evangelista,
1900 3027 2081 3084 Simo-

497 3130 628 3172 nem
661 3115 980 3185 Cyrenaeum
1011 3115 1062 3169 id
1088 3116 1262 3186 egisse
1289 3118 1842 3187 conscripserunt“?

565 3288 701 3354 Quia
735 3297 1030 3358 utrumque
1057 3289 1262 3345 factum
1291 3300 1400 3347 est.
1426 3291 1601 3346 Simul
1630 3295 1776 3348 enim
1808 3310 1872 3350 ac
1903 3297 2080 3352 abdu-

499 3390 623 3435 ctus
653 3381 756 3435 fuit
779 3381 1040 3436 Dominus
1070 3392 1130 3436 ut
1163 3385 1598 3454 crucifigeretur,
1631 3401 1797 3457 super
1819 3389 2082 3446 humeros

497 3471 748 3542 bajulans
768 3471 884 3541 ipse
906 3487 1124 3527 crucem
1142 3474 1291 3538 exiit,
1317 3475 1582 3531 militibus
1597 3493 1708 3532 non
1729 3478 2080 3549 dignantibus

498 3563 644 3616 illam
675 3572 906 3632 gestare,
931 3579 1031 3618 nec
1048 3573 1260 3620 astante
1290 3567 1462 3622 altero
1477 3568 1571 3638 qui
1594 3581 1811 3640 portare
1829 3573 2075 3628 deberet.

499 3649 604 3704 Ubi
636 3660 819 3704 autem
855 3653 959 3706 iter
1001 3655 1444 3722 capessivissent,
1492 3666 1623 3712 tunc
1654 3662 1965 3732 angariatus
1995 3664 2082 3719 Si-

497 3756 627 3795 mon
651 3756 681 3794 a
712 3742 994 3808 militibus,
1025 3753 1300 3813 sumptam
1327 3760 1447 3800 eam
1465 3757 1531 3801 ex
1553 3747 1772 3805 Christo
1796 3751 2076 3822 bajulavit.

495 3831 656 3898 Quod
694 3843 877 3888 autem
907 3834 982 3888 ita
1014 3851 1102 3890 res
1131 3836 1349 3901 habeat,
1383 3837 1615 3908 ipsemet
1643 3857 1746 3898 nos
1792 3843 2080 3916 Evangeli-

496 3931 704 3975 starum
774 3923 1050 3979 docebunt
1103 3927 1269 3981 verba
1311 3947 1324 3981 :
1361 3944 1558 4000 nempe
1596 3949 1610 3998 ;
1663 3935 2081 4003 angariaverunt

493 4023 896 4080 prwlereuntem
917 4015 1184 4072 Simonem
1206 4019 1511 4090 Cyrenarum
1535 4027 1825 4081 venientem
1841 4031 1906 4083 de
1927 4031 2076 4088 villa.

495 4105 656 4172 Quod
703 4107 930 4173 indicat,
974 4110 1040 4162 iis
1084 4111 1227 4163 viam
1263 4111 1642 4170 insistentibus
1673 4118 1742 4171 ad
1786 4118 2077 4193 Golgotha,

494 4199 803 4255 occurrisse
836 4199 1115 4256 Simonem
1137 4204 1450 4260 venientem
1470 4206 1538 4261 de
1559 4207 1706 4263 villa.
1728 4211 1864 4266 Nam
1881 4229 2080 4270 occur-

494 4306 637 4355 rere,
675 4293 779 4346 iter
813 4293 1100 4362 agentibus
1135 4295 1357 4354 accidit.
1393 4297 1660 4362 Quocirca
1705 4317 1925 4360 crucem
1963 4324 2077 4363 non

494 4383 564 4437 ab
587 4383 764 4450 initio,
795 4385 891 4439 sed
921 4393 1051 4440 tunc
1071 4387 1381 4458 angariatus
1413 4405 1511 4446 seu
1537 4395 1764 4452 adactus
1791 4397 2073 4470 bajulavit.

566 4709 612 4740 ⁸³
636 4710 755 4788 Act.
782 4727 822 4778 ι,
859 4711 947 4765 19..
1023 4714 1067 4747 ⁸⁵
1094 4716 1228 4772 Luc.
1261 4734 1406 4788 xxrv,
1443 4721 1530 4779 53.

782 4727 822 4778 ι,
859 4727 947 4765 1:.
1023 4727 1067 4747 σν
1094 4727 1228 4772 Luc.
1261 4734 1406 4788 xxnv,
1443 4727 1530 4779 55.
1623 4727 1668 4759 ⁹⁰
1702 4728 1821 4782 Act.
1854 4745 1894 4796 ι,
1933 4731 2018 4786 13.

498 4793 650 4843 niti,
684 4789 774 4834 ‘20.

2110 3162 2152 3218 C

2194 1923 2208 1941 '
2222 1923 2619 1995 Υπέστρεψαν
2650 1929 2770 2000 μὲν,
2792 1932 3201 2001 ἀναληφθέντος
3223 1937 3318 1989 τοῦ
3340 1940 3715 2010 Κυρίουψὶἁπόι

2186 2015 2361 2069 στολοι
2392 2021 2481 2084 εὶς
2521 2019 2945 2092 Ἰερουσαλὴμ,
2983 2025 3167 2091 καθὼς
3205 2029 3284 2100 τῷ
3320 2031 3620 2104 Εὑαγγελίῳ
3641 2055 3715 2090 πει

2185 2105 2449 2177 ριέχεται,
2475 2111 2574 2162 καὶ
2607 2107 2772 2181 ἦσαν
2799 2113 3128 2183 διαπαντὸς
3159 2120 3233 2172 ἐν
3261 2120 3343 2186 τῷ
3369 2123 3499 2191 ἱερῷ
3519 2126 3599 2178 τὸν
3615 2127 3715 2198 ὠρι-

2185 2200 2386 2268 σμένον
2429 2199 2633 2271 δηλαδὴ
2676 2203 2870 2274 χρόνον
2923 2207 3024 2278 τῆς
3069 2212 3420 2282 προσευχῆς,
3456 2214 3511 2265 ὃν
3550 2215 3657 2285 ἐξῆν
3676 2220 3717 2269 ἐν

2183 2288 2259 2359 τῷ
2299 2289 2430 2360 ἱερῷ
2460 2292 2760 2363 διατρίϐειν
2787 2313 2801 2326 ο
2835 2297 2932 2361 τὰς
2966 2299 3022 2350 δὲ
3065 2300 3264 2364 λοιπὰς
3305 2302 3454 2373 ὧρας
3490 2307 3614 2359 οἴκοι
3657 2310 3718 2360 δι-

2186 2382 2423 2450 έτριϐον,
2454 2387 2735 2440 τουτέστιν
2779 2390 2837 2441 ὲν
2865 2391 2944 2460 τῷ
2974 2393 3212 2464 ὑπερῴῳ
3245 2395 3328 2465 τῷ
3381 2398 3439 2450 ὲν
3473 2401 3581 2462 ταῖς
3604 2400 3705 2470 Πρα-

2188 2475 2302 2539 ξεσι
2341 2476 2449 2529 τῶν
2501 2478 2816 2535 ἀποστόλων
2852 2479 3238 2556 δεδηλωμένῳ·
3277 2489 3374 2540 καὶ
3407 2488 3506 2557 μὴν
3536 2492 3586 2541 ὲν
3608 2492 3719 2560 αὐτῷ

2185 2566 2485 2633 ἀπαύστως
2534 2571 2835 2642 ὑμνοῦντες
2877 2577 2972 2627 καὶ
3025 2577 3384 2646 εὐλογοῦντες
3421 2580 3506 2632 τὸν
3538 2581 3717 2652 Κύριον.

2188 2657 2318 2710 Ὅτι
2351 2660 2501 2730 αὐτῷ
2551 2663 2756 2734 πρέπει
2799 2667 2832 2735 ἡ
2879 2665 3029 2734 δόξα,
3070 2668 3187 2739 ἅμα
3219 2670 3304 2739 τῷ
3344 2673 3514 2742 Πατρὶ
3558 2674 3722 2744 καὶτῷ

2187 2751 2327 2821 ἁγίῳ
2360 2754 2662 2825 Πνεύματι,
2695 2760 2776 2822 εἰς
2798 2760 2926 2824 τοὺς
2960 2762 3184 2826 αἰῶνας.
3218 2765 3420 2836 Ἀμήν.

2432 2846 2542 2900 Τοῦ
2571 2847 2665 2916 ἀγ.
2716 2849 3009 2919 Ἡσυχίου
3038 2857 3252 2921 πρεσϐ.
3323 2856 3524 2926 Ἱεροσ.

2259 2933 2416 2999 Τίνος
2437 2938 2599 3009 χάριν
2625 2941 2654 2992 ό
2682 2940 2780 3009 μὲν
2823 2942 3076 3014 Ἰωάννης
3103 2945 3379 3014 βαστάσαι
3400 2951 3486 3003 τὸν
3512 2951 3701 3020 σταυρὸν

2188 3026 2350 3079 αὐτὸν
2393 3030 2600 3100 ἱστορεῖ
2647 3031 2739 3085 τὸν
2779 3033 2984 3103 Κύριον
3009 3050 3022 3063 ·
3065 3037 3117 3088 ol
3163 3037 3222 3090 δὲ
3260 3039 3442 3093 λοιποὶ
3481 3044 3716 3112 εὖαγγελι·

2189 3119 2330 3181 σταὶ,
2349 3119 2569 3189 Σίμωνα
2602 3123 2694 3176 τὸν
2718 3123 3029 3194 Κυρηναῖον
3070 3131 3439 3200 πεποιηκέναι
3457 3133 3598 3187 τοῦτο
3625 3152 3718 3190 mo

2185 3210 2432 3281 (ἔγραψαν
2452 3230 2466 3278 ;

2270 3299 2488 3370 Ἐπειδὴ
2536 3300 2800 3373 ἑκάτερον
2855 3306 3199 3377 πέπρακται.
3263 3313 3419 3384 Ἀμα
3469 3315 3570 3386 γὰρ
3615 3314 3718 3384 rip!

2185 3390 2502 3461 ἀπαχθῆναι
2527 3393 2622 3446 τὸν
2643 3394 2850 3466 Κύριον
2883 3397 2977 3450 ἐπὶ
3009 3401 3070 3452 τὸ
3101 3406 3508 3476 σταυρωθῆναι,
3536 3410 3616 3462 ἐπὶ
3639 3409 3717 3460 τῶν

2185 3479 2353 3551 ὤμων
2404 3483 2692 3552 βαστάζων
2736 3487 2844 3566 τὸν)
2873 3492 3110 3562 σταυρὸν
3157 3495 3328 3559 αὐτὸς
3381 3498 3608 3566 ἐξῆλθεν,
3639 3499 3717 3551 τῶν

2189 3575 2544 3646 στρατιωτῶν
2573 3579 2675 3631 οὐκ
2701 3579 2995 3644 ἀξιούντων
3018 3584 3292 3653 βαστάσαι
3326 3589 3504 3654 αὐτὸν,
3539 3591 3603 3661 μὴ
3639 3608 3718 3642 1:1-

2191 3667 2381 3739 ρόντος
2439 3670 2627 3739 έτέρου
2675 3671 2772 3724 τοῦ
2825 3674 3116 3743 βαστάζειν
3167 3679 3499 3748 ὀφείλοντος.
3560 3683 3635 3745 Ὡς
3676 3681 3719 3734 δὲ
3797 3744 3801 3748 Α

2181 3760 2390 3830 ἥψαντο
2419 3763 2518 3832 τῆς
2538 3763 2684 3828 ὁδοῦ,
2715 3765 2835 3818 τότε
2869 3767 3236 3840 ἀγγαρευθεὶς
3263 3776 3292 3826 ό
3318 3775 3498 3844 Σίμων
3533 3775 3622 3829 ὑπὸ
3640 3777 3719 3828 τῶν

2187 3853 2561 3924 στρατιωτῶν,
2585 3855 2763 3910 λαϐὼν
2780 3859 2943 3911 αὐτὸν
2961 3862 3068 3914 ἀπὸ
3097 3861 3191 3915 τοῦ
3217 3863 3422 3935 Κυρίου
3448 3867 3716 3920 ἐϐάστασεν.

2186 3945 2309 3997 ’Ότι
2335 3945 2392 3998 δὲ
2430 3944 2607 4010 οὕτως
2649 3948 2785 4018 ἔχει,
2835 3951 2976 4004 αὐτὰ
3024 3953 3173 4024 ἡμᾶς
3210 3954 3322 4010 τῶν
3363 3958 3718 4027 εὐαγγελιστῶν

2183 4037 2383 4100 διδάξει
2445 4039 2512 4093 τὰ
2571 4041 2824 4110 ῥήματαο
2869 4045 3061 4116 ὅτιπερ
3087 4086 3102 4112 ,
3151 4049 3573 4121 Ἄπη-αρεύουσι
3608 4067 3719 4118 ,παρα

2183 4130 2408 4199 ἄγοντα
2434 4133 2672 4200 Σίμωνα
2687 4137 3048 4204 Κυρηναῖον,
3063 4141 3399 4214 ἐρχόμενον
3426 4145 3534 4198 ἀπὸ
3552 4143 3715 4212 ἀγροῦο

2181 4221 2320 4290 ὅπερ
2358 4221 2541 4290 δηλοῖ,
2602 4225 2681 4277 ὅτι
2726 4227 2826 4297 τῆς
2875 4229 2998 4282 ὁδοῦ
3055 4233 3340 4303 ἐχομένοις
3378 4235 3478 4303 τῆς
3533 4235 3616 4287 ἐπὶ
3651 4233 3716 4283 τδν

2183 4311 2476 4380 Γολγοθὰν,
2500 4314 2798 4385 ἐρχόμενος
2821 4318 2931 4373 ἀπὸ
2951 4321 3124 4391 ἀγροῦ
3145 4326 3173 4376 ὁ
3195 4324 3380 4392 Σίμων
3413 4326 3718 4395 συνήντησεν.

2183 4405 2258 4458 Τὸ
2303 4405 2414 4477 γὰρ
2459 4411 2818 4478 συναντῆσαι,
2872 4416 2987 4477 τοῖς
3025 4415 3271 4470 ὁδεύουσι
3321 4419 3546 4486 γίνεται.
3591 4415 3716 4467 Ὅθεν

2188 4493 2280 4546 τὸν
2312 4494 2540 4565 σταυρὸν
2571 4496 2671 4550 οὐκ
2695 4497 2752 4563 ἐξ
2793 4500 2993 4570 ἀρχῆς,
3038 4503 3174 4556 ἀλλὰ
3210 4505 3335 4558 τότε
3381 4504 3715 4576 ἀγγαρευθεὶς,

2188 4581 2511 4636 ἐϐάστασεν.

2120 4733 2163 4768 ⁵⁸
2191 4735 2352 4793 Joan.
2383 4759 2494 4808 xix,
2535 4747 2618 4812 l7;
2650 4747 2836 4803 Matth.
2866 4765 3032 4818 xxvu,
3059 4748 3148 4816 52;
3176 4749 3342 4805 Marc.
3373 4766 3440 4804 xv
3463 4792 3476 4815 ,
3508 4750 3590 4816 ‘21;
3613 4748 3714 4802 an.

1761 4888 1997 4946 VARUE
2023 4891 2431 4958 LECTIONES.

569 4971 596 5001 ⁸
634 4964 697 5020 F.
856 4978 880 5017 7
907 4975 990 5026 Αἰ.
1031 4971 1110 5028 τό.
