3934 6408
429 300 565 367 ἴεῖῦ

1623 317 1983 380 liESYCllll
2026 323 2498 390 ΡΠΕδΒΥΤὶίΒΙ

3560 345 3578 388 1
3596 338 3685 388 115‘.

3560 367 3689 410 ίὶἑιέι

428 420 784 487 prodeuntem
815 417 1009 485 ἔρυυά
1046 420 1266 489 quidem
1310 439 1473 479 nemo
1510 442 1573 477 ex
1611 427 1801 494 primis
1833 446 1975 486 sazcu

428 502 487 531 Ιέο
520 501 720 531 ηιιιιῖνῖι
758 502 982 531 ηιι-ἶιηυι
1031 513 1120 531 α...
1150 504 1321 531 ann"-
1379 510 1657 531 A...-..----.:.
1714 513 1822 531 ---ε
1849 513 1967 531 ιςμγ

2114 435 2177 499 Τί
2205 435 2296 491 οὖν
2322 442 2350 492 6
2396 442 2637 514 Γαϐριὴλ
2667 445 2799 516 πρὸς
2831 448 3001 520 αὐτὴν
3040 451 3476 526 δυσπισιοῶσνς
3510 451 3692 531 ⁴Ὅπερ

424 502 490 556 lis
518 501 725 556 audivit
755 502 1003 568 auribus,
1030 513 1124 558 aut
1149 504 1324 559 oculis
1376 510 1663 578 conspexit
1710 513 2000 569 accidisse.

422 592 538 657 Qua
591 592 803 647 ratione
866 593 964 647 tibi
1015 592 1177 648 fidem
1233 595 1449 650 habebo
1502 613 1589 651 me
1640 600 2003 669 suggitlanti?

421 685 561 750 Quid
606 700 736 756 ergo
797 678 1017 741 Gabriel
1071 688 1119 742 ci
1186 688 1460 745 haesitanti
1511 693 1834 761 respondit?
1882 695 2002 751 Dixi

421 778 567 846 quod
603 777 788 841 didici,
822 779 967 848 quod
1001 780 1183 835 audivi
1231 780 1424 851 loquor
1457 803 1470 837 :
1508 783 1739 851 Spiritus
1789 797 2002 842 sanctus

420 873 748 939 superveniet
795 873 851 926 in
913 884 981 939 te,
1025 883 1080 927 et
1131 874 1302 927 virtus
1357 874 1615 930 Altissimi
1673 879 2000 934 obumbrabit

423 964 535 1018 tibi.
571 965 797 1036 Ideoque
823 967 962 1036 quod
989 977 1238 1020 nascetur
1257 982 1323 1021 ea:
1352 977 1400 1021 te
1420 978 1686 1035 sanctum,
1730 971 2002 1027 vocabitur

426 1058 591 1113 Filius
638 1058 808 1125 Dei';
860 1067 1117 1129 tanquam
1151 1059 1198 1113 is
1227 1059 1358 1114 sita
1407 1076 1536 1130 quo,
1572 1072 1628 1116 et
1664 1064 1816 1118 velut
1843 1064 1891 1118 is
1932 1065 1999 1120 ad

419 1166 582 1217 quem
615 1149 796 1203 omnis
826 1159 1099 1212 creatura,
1135 1159 1391 1221 tanquam
1446 1151 1675 1207 Creator
1721 1163 1777 1208 ct
1806 1153 2000 1224 Opifex

419 1241 667 1294 ninnium
705 1283 718 1305 ,
783 1252 1041 1312 tanquam
1110 1245 1438 1297 macularum
1508 1245 1689 1310 Pater,
1739 1255 1997 1314 tanquam

418 1334 600 1388 saeculi
632 1349 851 1404 parens,
873 1343 1132 1404 tanquam
1158 1337 1406 1390 omnium
1435 1338 1708 1402 conditor,
1739 1347 1995 1408 tanquam

417 1421 571 1476 ccelis
628 1422 924 1491 antiquior,
978 1432 1239 1493 tanquam
1294 1426 1613 1497 angelorum
1676 1427 1879 1497 opifex,
1943 1440 1998 1483 et

418 1514 776 1570 humanitatis
825 1514 1110 1581 formator,
1181 1524 1441 1585 tanquam
1483 1518 1721 1588 denique
1768 1535 1992 1583 eorum,

416 1605 507 1675 qui
535 1606 737 1675 alioqui
768 1606 1000 1677 perituri
1039 1617 1247 1671 essent,
1308 1606 1558 1663 Salvator
1597 1628 1611 1663 :
1652 1619 1851 1679 praeter
1880 1612 1997 1667 haec

420 1698 555 1752 nihil
573 1714 793 1768 possum
814 1699 1160 1754 denuntiare.
1180 1698 1299 1754 Non
1318 1700 1486 1764 enim,
1512 1716 1546 1756 ο
1562 1700 1750 1772 Virgo,
1765 1703 1992 1757 manda-

418 1801 530 1846 tum
557 1790 754 1856 habeo,
788 1802 848 1847 ut
878 1808 976 1862 per
1000 1792 1213 1862 singula
1238 1792 1438 1858 dicam,
1458 1808 1568 1863 quo
1587 1802 1780 1885 pacto;
1816 1795 1911 1849 sed
1936 1803 1995 1849 ut
2029 1804 2067 1859 Β
2094 1813 2286 1885 δούλη

414 1899 600 1937 earum
625 1899 808 1938 rerum
861 1882 1112 1938 minister
1142 1883 1245 1938 sim
1274 1899 1397 1954 quae
1422 1883 1630 1939 faciunt
1655 1884 1724 1939 ad
1758 1883 1992 1939 faustum

413 1990 537 2046 erga
563 1985 614 2029 tc
639 1973 915 2028 nuntium.
932 1973 1223 2029 Admirare
1238 1974 1403 2046 igitur
1419 1989 1634 2031 mecum
1650 1978 1991 2047 mysterium,

411 2076 465 2121 rt
499 2068 641 2121 bona
674 2071 865 2121 nuntia
895 2065 1104 2137 absque
1126 2068 1473 2125 dubitatione
1502 2070 1713 2139 excipe.
1744 2071 1837 2125 Illa
1860 2087 1991 2128 vero

410 2160 522 2212 ait:
553 2157 688 2212 Ecce
718 2158 919 2212 ancilla
960 2158 1191 2224 Domini,
1233 2160 1329 2229 ﬁat
1365 2162 1496 2215 mihi
1543 2163 1829 2217 semiudum
1868 2180 1990 2217 ver-

407 2253 529 2301 bum
549 2249 743 2301 tuum'.
762 2248 871 2302 Nos
894 2248 1060 2317 igitur
1086 2249 1426 2305 nativitatem
1448 2248 1784 2304 Dominicam
1809 2250 1987 2305 edocti

406 2341 807 2412 nrchangelicis
850 2341 1202 2397 sermonibus
1245 2341 1541 2405 Gabrielis,
1590 2342 1910 2398 incedamus
1955 2357 1986 2399 a
2036 2386 2039 2389 λ

407 2442 559 2504 tergo
593 2434 805 2490 semitis
833 2433 975 2504 ejus.
1012 2434 1145 2506 Ego,
1199 2435 1660 2505 quemadmodum
1716 2437 1827 2502 ille,
1876 2438 1986 2492 vim

408 2532 635 2593 partus,
698 2523 837 2579 citra
887 2524 1329 2596 disquisitionem
1388 2526 1694 2594 curiosam,
1744 2527 1984 2583 divinam

404 2631 642 2688 agnosco
662 2626 718 2672 et
755 2633 989 2677 censeo:
1017 2618 1310 2674 didicimus
1365 2634 1395 2674 a
1429 2619 1599 2689 Magis
1618 2621 1660 2685 ‘,
1695 2620 1805 2674 imo
1855 2636 1986 2675 vero

405 2710 659 2766 instructi
694 2727 919 2777 sumus,
960 2720 1022 2767 ut
1065 2728 1186 2768 eam
1244 2728 1360 2767 rem
1408 2710 1663 2785 religiose
1715 2714 1979 2769 colamus.

404 2802 510 2868 Qui
539 2803 758 2872 quidem
792 2803 1137 2874 inquirentes
1163 2805 1451 2871 infantem,
1488 2807 1646 2862 stella
1672 2808 1831 2873 duce,
1869 2824 1980 2863 non

402 2891 664 2947 dixerunt
696 2893 782 2948 bis
807 2909 946 2964 quos
986 2894 1415 2967 interrogabant,
1453 2896 1738 2962 Quomodo
1766 2896 1826 2951 tit
1850 2912 1981 2951 con-

402 2985 581 3053 ceptio
603 2985 832 3040 divina?
857 2987 1132 3056 quomodo
1162 2995 1351 3043 uterus
1396 2987 1517 3043 sine
1569 2988 1797 3055 semine,
1839 3004 1979 3059 quo-

402 3075 565 3131 modo
609 3083 799 3144 partus
858 3076 1231 3147 incorruptus,
1281 3077 1565 3143 Quomodo
1622 3087 1799 3133 mater
1854 3086 1975 3149 post

403 3177 617 3237 partum
651 3177 739 3224 est
785 3168 953 3238 virgo,
1005 3169 1279 3239 quomodo
1304 3168 1596 3239 subjicitur
1648 3169 1829 3236 annis,
1882 3170 1976 3240 qui
2005 3160 2047 3218 C

402 3258 550 3327 prior
595 3258 702 3314 illis
760 3260 883 3315 est?
932 3262 1209 3331 quomodo
1240 3270 1325 3317 est
1356 3262 1409 3317 in
1454 3271 1720 3333 tempore,
1769 3263 1859 3333 qui
1895 3270 1981 3318 est

399 3358 526 3405 ante
556 3351 1075 3421 szecnlaiquomodo
1108 3361 1300 3406 natura
1338 3352 1473 3407 uteri
1510 3353 1979 3423 comprehendere

400 3439 577 3508 potuit
605 3455 753 3506 eum,
784 3441 872 3511 qui
915 3449 1000 3497 est
1036 3442 1568 3513 incomprehensns?
1623 3445 1900 3514 quomodo
1932 3444 1978 3499 is

395 3530 600 3599 quiest
648 3531 1028 3603 incorporeus,
1086 3533 1207 3588 sine
1257 3535 1616 3590 conversione
1665 3535 1842 3590 factus
1892 3543 1980 3592 est

396 3621 553 3677 caro?
570 3623 844 3692 quomodo
877 3623 1018 3679 Deus
1042 3622 1277 3680 Verbum
1307 3627 1552 3696 seipsum
1578 3627 1899 3682 exinaniens
1920 3629 1977 3682 in

397 3721 554 3768 utero
583 3714 886 3786 virgineo“,
953 3730 1080 3771 cum
1110 3727 1259 3772 esset
1304 3717 1530 3788 insignis
1574 3726 1630 3773 et
1681 3718 1972 3788 gloriosus,

395 3805 565 3858 instar
592 3805 758 3866 servi,
788 3804 954 3859 modo
979 3804 1238 3861 indicibili
1290 3821 1355 3860 ex
1385 3820 1451 3861 eo
1491 3806 1810 3865 incarnatus
1853 3809 1975 3864 cst?

390 3895 668 3966 quomodo
691 3896 744 3952 id
771 3897 915 3967 quod
937 3904 1025 3952 est
1044 3897 1370 3968 perfectum,
1394 3898 1576 3954 infans
1605 3915 1726 3955 esse
1749 3903 1975 3971 potest?

388 3987 663 4055 quomodo
691 3986 777 4042 lac
827 3986 975 4058 sugit
1008 3986 1056 4042 is
1097 3988 1189 4058 qui
1217 3990 1394 4043 nutrit
1426 3990 1750 4060 Tquomodo
1781 3992 1827 4049 is
1877 3994 1970 4064 qui

391 4078 522 4148 tegit
548 4087 603 4134 et
631 4078 1014 4151 complectitur
1035 4080 1310 4149 universa,
1341 4082 1658 4143 continetur
1685 4084 1741 4139 in
1786 4085 1972 4142 ulnis?

387 4172 661 4242 quomodo
693 4173 857 4228 Pater
889 4173 1058 4229 futuri
1091 4174 1300 4238 saeculi.
1357 4173 1419 4229 fit
1446 4174 1670 4230 infans?
1697 4179 1972 4247 quomodo

386 4280 606 4320 sursum
638 4273 694 4319 et
710 4264 967 4320 deorsum
988 4267 1108 4321 est?
1142 4266 1417 4336 quomodo
1444 4267 1490 4321 is
1517 4267 1714 4337 quiest
1742 4268 1795 4323 in
1816 4271 1971 4326 ctelis

386 4362 472 4409 est
503 4355 670 4408 etiam
695 4354 748 4409 in
788 4356 972 4410 terra?
999 4356 1277 4425 quomodo
1310 4357 1506 4427 pannis
1536 4358 1857 4427 involvitur,
1875 4361 1967 4431 qui

387 4445 576 4517 auriga
607 4454 691 4501 est
722 4447 1154 4504 Cherubicorum
1186 4449 1486 4504 curruum?
1522 4453 1798 4520 quomodo
1819 4454 1966 4524 jacet

389 4538 446 4591 in
472 4537 758 4606 praesepio,
790 4536 883 4607 qui
920 4547 1005 4597 est
1040 4538 1094 4592 in
1128 4539 1251 4595 sinu
1291 4539 1507 4596 Patris?
1531 4546 1806 4613 quomodo
1847 4548 1961 4602 fas-

385 4628 484 4682 ciis
522 4622 854 4693 continetur,
879 4629 971 4700 qui
1025 4631 1210 4686 educit
1235 4631 1447 4690 vinctos
1472 4636 1525 4688 in
1571 4636 1962 4695 fortitudine“?

381 4728 440 4775 ct
501 4730 699 4776 cuncta
783 4722 887 4777 alia
928 4712 1078 4803 qua;
1143 4725 1230 4779 vel
1302 4726 1510 4782 referre
1554 4728 1957 4788 horrescimus:

380 4813 474 4865 sed
516 4828 643 4867 cum
678 4815 933 4870 taciturni
981 4818 1358 4886 pervenissent
1398 4821 1464 4875 ad
1505 4823 1775 4880 stabulum
1803 4866 1817 4890 ,
1868 4827 1959 4881 ubi

380 4902 776 4971 impiisierunt,
809 4903 1093 4961 decentem
1147 4908 1354 4963 cultum
1398 4910 1767 4970 exhibuerunt
1821 4915 1957 4987 Regi

378 5003 435 5046 ι·1.
506 4992 618 5049 Deo
673 5011 794 5049 cum
864 4998 1225 5065 muneribus,
1296 5000 1584 5071 cupientes
1646 5019 1771 5060 eum
1830 5022 1958 5078 gau-

379 5086 469 5138 dio
504 5086 700 5140 reverti
755 5086 811 5140 in
843 5101 1005 5143 suam
1038 5090 1344 5161 regionem,
1370 5093 1488 5162 qui-
1521 5093 1785 5150 declarati
1834 5108 1964 5151 sunt

376 5191 501 5248 erga
530 5189 721 5245 gentes
749 5194 873 5234 esse
904 5181 1164 5250 primitiae
1199 5183 1536 5255 cognitionis
1562 5186 1763 5241 divinae
1789 5205 1961 5258 :quns

376 5279 570 5338 gentes
595 5271 817 5340 quidem
856 5275 1128 5330 aemulata:
1153 5276 1306 5345 sunt,
1339 5275 1514 5334 Judaei
1539 5287 1722 5337 autem
1751 5283 1961 5338 inﬂexi-

379 5360 535 5424 biles,
569 5363 652 5417 vel
704 5363 889 5435 potius
940 5365 1208 5422 obdurata
1248 5354 1488 5434 cervice,
1529 5386 1627 5427 eos
1668 5375 1760 5444 qui
1795 5376 1962 5430 mini-

378 5452 548 5507 sterio
580 5454 755 5531 stella;
773 5469 805 5509 e
838 5454 1154 5528 longinquis
1181 5459 1496 5531 regionibus
1526 5474 1682 5518 erant
1710 5467 1975 5530 adducti,

379 5543 747 5623 neglexerunt
779 5544 1013 5624 imitari,
1058 5558 1118 5619 ut
1154 5564 1487 5622 cognoscere
1521 5567 1747 5625 possent
1774 5561 1953 5614 Solent

2108 527 2335 599 ἔμαθον,
2378 528 2549 602 εἷπον,
2586 537 2723 611 ὅπερ
2769 540 2999 611 ηκουσα,
3031 544 3176 615 λέγω
3197 565 3209 577 ·
3243 551 3489 621 Πνεῦμα
3525 553 3694 623 ἄτιον

2108 620 2499 681 ἐπελεύσεται
2535 629 2632 684 ἐπὶ
2679 631 2774 696 σὲ,
2808 634 2908 688 καί
2946 634 3204 706 δύναμις
3236 620 3538 711 ·Ὺψίὰτου
3570 620 3684 700 6m-

2109 713 2349 769 σκιάσει
2374 734 2493 773 σοι.
2527 721 2623 775 Διὸ
2663 724 2762 779 καί
2804 725 2873 778 τὸ
2906 728 3287 799 γεννώμενον
3312 733 3510 805 ἅγιον,
3544 742 3693 805 κλη-

2110 806 2358 877 θήσεται
2396 811 2528 879 Υἱὸς
2576 816 2726 870 Θεοῦ
2748 834 2762 848 ·
2791 817 2982 890 ὥσπερ
3033 822 3299 895 ὑπάρχων
3328 827 3466 898 πρὸς
3499 823 3585 894 οὗ,
3618 830 3693 896 ὡς

2107 900 2244 995 πρός
2265 901 2328 995 δν
2351 903 2532 995 πάσης
2559 907 2813 974 κτίσεως,
2844 911 2920 976 ὡς
2953 914 3194 988 Κτίστης
3220 920 3316 972 καὶ
3345 922 3694 995 Δημιουργδς

2106 989 2216 1044 τῶν
2251 993 2528 1063 ἀπάντων,
2564 998 2640 1063 ὡς
2685 1000 2794 1056 τῶν
2827 1005 3040 1059 αἰώνων
3094 1008 3309 1081 Πατὴρ,
3339 989 3442 1077 ὡς-
3465 989 3581 1069 τοῦ*
3608 989 3694 1070 κό·

2108 1099 2246 1176 σμου
2281 1085 2589 1161 Γεννήτωρ,
2623 1091 2697 1156 ὡς
2745 1094 2838 1148 τοῦ
2890 1098 3101 1164 Παντὸς
3151 1104 3405 1176 ποιητὴς,
3460 1107 3542 1172 ὡς
3587 1109 3694 1163 τῶν

2104 1175 2351 1271 οὐρανῶν
2391 1179 2766 1255 ἀρχαιότερος,
2801 1186 2877 1251 ὡς
2906 1188 3021 1244 τῶν
3051 1193 3302 1261 ἀγγέλων
3328 1196 3690 1271 δημιουργὸς,

2104 1267 2180 1331 ὡς
2228 1271 2327 1340 τῆς
2372 1272 2795 1347 ἀνθρωπότητος
2828 1280 3093 1354 πλάστης,
3129 1285 3205 1350 ὼς
3237 1288 3347 1340 τῶν
3380 1267 3692 1363 ἀπολλυμέ-

2102 1374 2210 1412 νων
2235 1361 2427 1434 Σωτήρ
2447 1379 2461 1395 ⁸
2496 1366 2648 1421 οὐδὲν
2677 1368 2837 1423 πλέον
2866 1373 3075 1430 τούτων
3104 1378 3475 1447 ἀπαγγέλλειν
3500 1361 3690 1453 iuxtim.

2104 1450 2180 1504 Οὐ
2212 1453 2321 1525 γάρ
2351 1455 2411 1509 τὸ
2439 1457 2555 1522 πῶς
2582 1458 2764 1530 λέγειν
2807 1465 3209 1539 προσετάχθην,
3246 1473 3494 1542 Ιιαροένε
3514 1491 3528 1503 ·

2102 1543 2633 1637 τοῦΔεύαγγελισμοῢ
2663 1553 2800 1623 πρὸς
2830 1555 2890 1608 σὲ
2920 1555 3249 1633 διακονῆσαι
3268 1566 3335 1617 τὰ
3356 1566 3689 1637 πράγματα.

2100 1629 2364 1703 Θαύμαζε
2400 1632 2494 1689 οὖν
2530 1640 2627 1693 σὺν
2656 1640 2781 1711 ἐμοὶ
2826 1644 2887 1697 τὸ
2917 1629 3241 1719 μυστήριον,
3268 1654 3362 1705 καὶ
3402 1629 3691 1711 ἀνενδοιά-

2103 1740 2245 1819 στως
2295 1726 2454 1796 δέχου
2503 1730 2570 1784 τά
2625 1733 2942 1803 εὐαγγέλια.
3007 1739 3073 1794 Ἦ
3114 1740 3171 1795 δέ
3221 1761 3409 1813 φησιν,
3459 1748 3622 1804 Ἰδοὺ
3651 1748 3691 1819 ἡ

2327 1821 2572 1889 Κυρίου,
2612 1823 2845 1891 γένοιτό
2891 1847 2990 1899 μοι
3038 1834 3190 1889 κατὰ
3234 1835 3301 1889 τό
3325 1836 3501 1907 ῥῆμά
3544 1854 3686 1897 σου.

2096 1904 2222 1998 Τοῖς
2252 1910 2680 1981 άργαγγελικοῖς
2706 1917 2887 1972 τοίνυν
2919 1921 3012 1975 καὶ
3051 1924 3211 1994 ἡμεῖς
3244 1904 3689 1998 μαθητεύσωμεν

2091 1997 2274 2068 λόγοις
2301 2003 2395 2056 τοῦ
2426 2004 2668 2078 Γαϐριὴλ
2690 2012 2819 2081 περὶ
2849 2011 2950 2081 τῆς
2975 2014 3315 2087 Δεσποτικῆς
3346 1997 3686 2092 γεννήσεως,

2057 2096 2210 2157 -ταῖς
2246 2096 2460 2150 ἐκείνου
2504 2099 2713 2170 τρίῢοις
2761 2105 2992 2157 κατόπιν
3023 2106 3355 2178 όδεύσωμεν.
3405 2111 3496 2175 Ὠς
3537 2114 3686 2166 ἐκεῖ·

2091 2204 2180 2252 νος
2212 2188 2484 2255 ὲκθειάξω
2516 2193 2867 2267 ἀπεριέργως
2910 2197 3005 2251 τοῦ
3055 2201 3216 2254 τόκου
3262 2203 3362 2273 τὴν
3402 2202 3680 2277 δύναμινσ

2091 2277 2247 2351 παρὰ
2287 2279 2398 2334 τῶν
2436 2282 2628 2352 μάγων
2660 2286 2906 2340 εὐσεϐεῖν
2949 2289 3313 2363 διδαχθιῖηιεν,
3370 2295 3580 2366 μᾶλλον
3626 2299 3681 2353 δὲ

2090 2369 2506 2443 παιδευθιῖῳεν,
2564 2376 2619 2429 οἵ
2657 2394 2804 2440 τινες
2852 2378 3144 2449 ζητοῦντες
3191 2383 3251 2437 τὸ
3282 2384 3509 2457 βρέφος,
3554 2391 3681 2442 1:06-

2086 2458 2351 2549 ηγοῦντος
2370 2462 2621 2535 ἀστέρος,
2641 2466 2740 2519 οὐκ
2766 2462 2928 2522 εἶπαν
2948 2470 3083 2543 πρὸς
3102 2473 3229 2538 τοὺς
3250 2476 3676 2549 ἐρωτωμένους,

2089 2547 2217 2611 Πῶς
2258 2551 2292 2619 ή
2334 2551 2599 2624 σύλληψις
2629 2555 2771 2623 θεία,
2824 2558 2944 2623 πῶς
2984 2561 3229 2634 ἄσπορος
3276 2567 3311 2636 ἡ
3340 2547 3529 2637 νηδῦς,
3562 2571 3676 2637 πῶς

2086 2637 2328 2712 ᾶφθορος
2363 2645 2391 2697 6
2423 2644 2604 2710 τόκος,
2642 2647 2762 2713 πῶς
2796 2651 2936 2719 μετὰ
2966 2653 3056 2707 τὸν
3085 2654 3245 2709 τόκον
3273 2658 3333 2710 ἐν
3378 2660 3677 2731 παρθένοις

2085 2732 2120 2803 ἡ
2151 2733 2362 2805 μήτηρ,
2396 2736 2513 2800 πῶς
2544 2736 2650 2791 ὑπό
2688 2741 2970 2808 ἐνιαυτοὺς
3003 2745 3031 2798 6
3063 2747 3270 2818 προὼν,
3309 2750 3428 2815 πῶς
3450 2753 3509 2807 ὲν
3542 2755 3673 2826 χρό-

2086 2842 2197 2916 νοις
2242 2830 2272 2881 ό
2319 2829 2425 2900 πρὸ
2477 2830 2587 2885 τῶν
2625 2831 2862 2901 αίώνων,
2917 2838 3033 2902 πῶς
3084 2841 3118 2911 ἡ
3163 2842 3264 2914 τῆς
3318 2846 3538 2916 μήτρας
3581 2848 3674 2903 τὸν

2085 2915 2375 2988 άχώρητον
2420 2918 2673 2994 ἐχώρησε
2725 2924 2907 2996 φύσις,
2964 2929 3080 2994 πῶς
3132 2931 3326 3001 γέγονε
3381 2915 3545 3009 σάρξ,
3594 2940 3672 3012 μὴ

2079 3012 2311 3104 τραπεὶς
2338 3014 2366 3066 ό
2393 3014 2687 3086 ἀσώματος
2709 3033 2724 3049 ο
2754 3019 2873 3084 πῶς
2901 3023 2931 3076 6
2971 3022 3105 3088 Θεὸς
3129 3026 3306 3096 Λόγος
3333 3031 3393 3083 ὲν
3422 3033 3493 3103 τῇ
3530 3049 3675 3104 παρ-

2082 3100 2268 3197 θενικῇ
2326 3104 2574 3173 κενώσας
2622 3110 2817 3167 ἑαυτὸν
2862 3114 3019 3184 νηδύϊ
3076 3100 3489 3191 πανεύφημος,
3531 3100 3672 3197 πρός

2079 3190 2268 3285 δούλου
2317 3198 2534 3270 μορφὴν
2573 3201 2834 3274 ἀρρήτως
2872 3205 2935 3271 ἑξ
2978 3208 3151 3281 αὐτῆς
3197 3190 3516 3285 ἐσαρκὼθη,
3551 3190 3669 3281 πῶς

2078 3284 2140 3338 τὸ
2181 3286 2387 3342 τέλειον
2439 3288 2660 3364 βρέφος,
2695 3295 2814 3361 πῶς
2857 3298 2887 3351 6
2938 3299 3156 3369 τρέφων
3203 3302 3450 3376 θηλάζει,
3640 3311 3670 3361 ὁ

2081 3381 2260 3437 πάντα
2291 3386 2572 3456 περιέπων
2603 3389 2876 3458 ἀγκάλαις
2931 3396 3271 3467 περιέχεται,
3326 3400 3449 3463 πῶς
3490 3403 3522 3455 6
3570 3402 3666 3455 τοῦ

2081 3470 2372 3540 μέλλοντος
2416 3477 2615 3543 αἰῶνος
2662 3481 2868 3554 πατὴρ,
2900 3487 3117 3557 νήπιον,
3176 3489 3293 3552 πῶς
3335 3492 3364 3544 6
3407 3491 3523 3546 ἄνω
3570 3498 3666 3549 καὶ

2079 3564 2250 3631 κάτω,
2315 3567 2431 3633 πῶς
2477 3572 2504 3624 6
2541 3572 2599 3624 ὲν
2649 3573 2902 3645 οὐρανοῖς
2955 3579 3053 3632 καὶ
3102 3581 3200 3634 ἐπὶ
3250 3584 3375 3652 γῆς,
3429 3584 3554 3648 πῶς
3607 3587 3670 3639 ἓν

2079 3658 2419 3750 σπαργάνοις
2466 3663 2495 3715 ὁ
2545 3663 2654 3719 τῶν
2713 3669 3052 3739 χερουϐικῶν
3103 3673 3369 3744 ἁρμάτων
3420 3679 3664 3750 ἡνίοχος,

2078 3746 2195 3810 πῶς
2239 3749 2268 3801 6
2313 3751 2373 3802 ὲν
2403 3751 2627 3818 κόλποις
2675 3756 2771 3811 τοῦ
2822 3760 3056 3833 Πατρὸς,
3088 3765 3146 3817 ὲν
3180 3768 3376 3840 φάτνῃ,
3428 3746 3580 3833 -
3607 3773 3664 3823 ἐν

2077 3840 2433 3931 σπαργάνοις,
2465 3845 2492 3898 6
2520 3844 2731 3915 ἐξάγων
2768 3852 3188 3923 πεπεδημένους
3212 3858 3271 3911 ἐν
3300 3857 3540 3931 ἀνδρίας
3570 3865 3664 3917 καὶ

2075 3930 2141 3983 τὰ
2171 3931 2311 4020 ἀλλὰ
2366 3934 2567 3999 πάντα,
2624 3939 2772 4010 ἅπερ
2822 3943 2917 3996 καὶ
2956 3944 3140 4000 λαλεῖν
3190 3930 3486 4020 φρικτόν-ί
3521 3955 3665 4009 ἀλλά

2077 4019 2215 4115 μετὰ
2247 4020 2438 4092 δώρων
2472 4030 2598 4097 σιγῇ
2627 4030 3033 4098 καταλαϐόντες
3070 4019 3356 4108 σπήλαιον,
3392 4042 3537 4112 μετά
3565 4045 3665 4115 τὴν

2073 4112 2364 4208 ἐρώτησιν,
2408 4115 2487 4208 τῷ
2528 4118 2743 4183 βασιλεῖ
2774 4124 2869 4177 καὶ
2916 4125 3037 4197 Θεῷ
3085 4131 3370 4200 πρεπῶδες
3422 4112 3665 4208 προσκο-

2075 4202 2336 4297 μεσαντες
2368 4204 2559 4273 σέϐας,
2592 4209 2729 4278 πρὸς
2753 4210 2853 4283 τὴν
2880 4214 3258 4290 ἑνεγκαμένην
3298 4223 3443 4291 μετά
3469 4202 3663 4297 ”χαράς

2070 4288 2212 4365 ἦσαν
2258 4296 2723 4371 φιλυπόστροφοι,
2773 4303 2998 4377 ἀπαρχὴ
3051 4288 3383 4378 θεογνωσίας
3441 4288 3658 4371 άνιιδιει·ζ

2071 4385 2295 4456 χθέντες
2323 4391 2439 4453 τοῖς
2484 4390 2692 4446 ἔθνεσιν
2717 4407 2731 4420 '
2777 4393 2870 4460 οὓς
2902 4398 2970 4451 τά
3020 4399 3120 4469 μὲν
3150 4401 3280 4472 ἔθνη
3333 4404 3655 4476 ἐζήλωσαν⁸

1999 4513 2040 4564 ο
2083 4479 2329 4533 Ἰουδαῖοι
2370 4480 2429 4535 δὲ
2467 4484 2771 4553 ἀκαμπεϊς,
2824 4488 3029 4559 μᾶλλον
3073 4490 3134 4545 δὲ
3181 4493 3660 4567 σκληροτράχηλοι

2070 4570 2244 4637 ὄντες,
2279 4570 2405 4626 οὕτε
2449 4576 2531 4639 είς
2559 4576 2752 4633 Ἥλιον
2796 4579 2898 4649 τῆς
2940 4579 3290 4657 δικαιοσύνης
3332 4589 3393 4641 ἐν
3423 4593 3543 4655 τοῖς
3582 4594 3657 4645 οἰ-

2071 4663 2241 4728 κείοις
2288 4665 2478 4732 τόποις
2526 4669 2764 4739 φανέντα
2797 4674 2933 4744 πρὸς
2962 4675 3263 4746 ἐπίγνωσιν
3310 4680 3662 4740 ἑσπούδεσαν

2072 4754 2415 4825 μιμήσασθαι
2447 4758 2575 4822 τοὺς
2608 4759 2713 4813 ὑπὸ
2758 4763 2988 4833 ἀστέρος
3029 4768 3308 4839 μακρόθεν
3349 4772 3656 4844 όδηγηθὲν-

2067 4846 2376 4937 ταςηἘγὼ
2428 4848 2506 4916 δὲ,
2556 4853 2850 4924 ἀγαπητοὶ,
2898 4857 3037 4927 πρὸς
3083 4858 3145 4913 τὸ
3178 4862 3460 4934 πρόθυμον
3499 4865 3658 4937 ὑμῶν

2066 4936 2164 5032 τῆς
2197 4936 2513 5032 ἀκροάσεως
2549 4943 2657 4997 τῶν
2688 4946 2853 5001 θείων
2887 4950 3087 5020 λογίων
3115 4953 3282 5023 δρῶν,
3312 4957 3493 5011 καὶτὸ
3527 4962 3661 5032 περὶ

2064 5028 2192 5091 τοὺς
2219 5028 2623 5103 ἐξηγουμένους
2666 5038 3051 5110 φιλόστοργον,
3083 5046 3149 5116 τῇ
3194 5043 3459 5120 φιληκοΐᾳ
3499 5028 3664 5120 ὁμῶν

2064 5119 2372 5215 νικώμενος
2423 5126 2561 5197 πρὸς
2611 5128 2703 5183 τὸν
2751 5132 2850 5201 τῆς
2894 5133 3250 5202 διδασκαλίας
3297 5138 3653 5215 διανίσταμαι

2065 5212 2498 5307 πόθον-ζβτῇυτῆς
2536 5219 2763 5293 ἀγάπης
2793 5224 2946 5294 ὑμῶν
2980 5232 3349 5302 συγκροτήσει
3379 5212 3658 5307 τερπόμε-

2063 5312 2173 5395 νος.
2202 5297 2415 5395 ’Ὑμεῖς
2441 5304 2551 5395 γάρ
2577 5308 2707 5370 τοὺς
2729 5308 3009 5378 λέγοντας,
3043 5297 3135 5380 ιῖιις⁷
3166 5297 3527 5392 πολυΐστορες

2063 5386 2246 5456 θηταὶ,
2285 5394 2527 5463 συνεχῶς
2558 5404 2936 5471 συγκροτεῖτε,
2979 5406 3139 5475 ὑμεῖς
3182 5409 3276 5463 τὸν
3308 5412 3655 5486 κυϐερνήτην

2170 5481 2428 5538 ἐπιϐάται
2462 5488 2759 5560 ρυθμίζετε
2782 5511 2796 5523 ο
2834 5495 2993 5566 ὑμεῖς
3016 5499 3086 5552 τὰ
3128 5501 3229 5572 τῆς
3259 5478 3515 5575 γλώττῆς
3536 5478 3649 5580 ,πέ-

2060 5570 2217 5625 δάλια
2271 5583 2605 5649 προσευχαῖς
2645 5582 3012 5659 διακρατείτε.
3061 5590 3158 5657 Τίς
3188 5570 3643 5670 semion-65:55

452 5740 475 5771 ⁸
505 5738 637 5796 ibid.
661 5743 750 5799 55.
845 5734 1022 5805 ‘ibid.
1050 5740 1140 5806 58.
1218 5752 1240 5783 ⁸
1266 5751 1455 5808 Matth.
1495 5773 1552 5822 ιι,
1595 5758 1611 5812 1
1648 5772 1802 5828 seqq.
1877 5758 1898 5792 ⁸
1930 5758 2165 5834 Philipp.
2192 5781 2255 5835 tt,
2285 5767 2340 5838 6,
2366 5770 2422 5829 7.
2501 5777 2522 5809 ⁸
2552 5776 2697 5836 Psal.
2731 5799 2900 5855 vau,
2928 5787 2981 5843 ϐ.
