3934 6452
255 419 386 484 ῙΞΓΙ

1641 429 2071 491 SERMON

3388 431 3526 494 Hii?

245 556 354 597 τως
391 537 484 590 καὶ
531 535 796 590 Θεοτὸκον
829 537 1158 602 ἀσπάζεται,
1204 539 1296 592 καὶ
1331 539 1420 591 τὸν
1457 540 1697 612 Γαϐριὴλ
1747 561 1829 612 μι-

1947 555 2022 600 tat
2057 547 2328 614 Virginem
2373 556 2430 600 ct
2469 546 2773 615 Deiparam,
2810 562 2871 601 ac
2916 563 3012 614 pro
3058 547 3262 602 viribus
3297 547 3522 601 Gabrie-

246 633 436 700 μεῑται
468 631 558 683 τὸν
589 629 831 703 ἄρχοντα
863 631 970 683 τῶν
1004 632 1250 698 ἀγγέλων
1281 633 1360 695 είς
1393 633 1642 704 δύναμιν.
1674 636 1780 688 Καὶ
1810 637 1837 687 6

244 725 345 791 μὲν
376 724 517 792 αὐτῇ
548 724 779 791 χαίρειν
813 723 960 791 λέγει
979 740 990 751 ·
1025 727 1052 778 ὀ
1079 724 1157 789 δὲ,
1187 725 1404 792 Κύριος
1424 726 1489 778 ἐκ
1513 725 1650 791 σοῦ,
1669 744 1837 796 προσ-

240 818 438 881 φωνεῖ,
469 816 556 868 διὰ
584 816 675 866 τὸν
707 816 763 880 ἐξ
793 816 963 886 αὐτῆς
989 817 1251 886 τεχθέντα
1279 859 1293 882 ,
1334 819 1428 870 καὶ
1459 819 1600 888 μετὰ
1634 820 1837 890 σαρκὸς

236 907 319 974 τῷ
350 908 502 973 γένει
536 908 643 961 τῶν
687 907 995 978 ἀνθρώπων
1043 908 1376 980 ἐπιφανέντα
1403 911 1631 983 Κύριον.
1665 905 1836 975 Οὗτος

235 1001 417 1072 αὐτὴν
451 1002 682 1072 Μητέρα
733 1002 912 1069 φωτὸς
965 1003 1322 1072 ἐπονομάζει·
1363 1006 1572 1068 ἐκεῖνος
1607 1007 1837 1077 Ἀστέρα

235 1095 392 1164 ζωῆς
414 1111 426 1123 ο
462 1094 624 1158 ἄλλος
651 1096 852 1165 Θρὸνον
884 1096 1284 1164 προσαγορεύει
1312 1098 1473 1164 Θεοῦ,
1498 1099 1658 1160 ἄλλος
1689 1101 1835 1153 Ναὸν

235 1185 478 1255 οὖρανοῦ
529 1185 784 1254 μείζοναο
824 1185 1010 1255 ἔτερος
1043 1187 1322 1256 Καθέδραν
1359 1189 1457 1257 τῆς
1494 1189 1602 1241 τῶν
1639 1207 1833 1259 χερου·

237 1277 420 1330 ϐικῶν
449 1277 721 1347 καθέδρας
758 1278 856 1329 οὐκ
882 1277 1143 1331 ἐλάττονα
1164 1296 1176 1310 '
1208 1279 1396 1348 ἕτερος
1427 1281 1609 1344 πάλιν,
1644 1283 1835 1351 Κῆπον

234 1372 508 1440 ἄσπορον,
543 1369 776 1440 εὗφορον
798 1413 812 1436 ,
855 1371 1232 1440 ἀγεώργητον,
1273 1374 1517 1438 ἄμπελον
1550 1374 1832 1447 εὖϐοτρυν,

232 1463 475 1532 εὐθαλῆ,
511 1462 891 1532 ἁψηλάφητον,
926 1464 1166 1532 τρυγόνα
1195 1465 1464 1536 καθαρὰν,
1503 1468 1834 1538 περιστεράν

230 1563 530 1629 ἀμίαντον,
564 1559 794 1628 νεφέλην
823 1559 931 1611 τῶν
963 1558 1134 1611 ὑετῶν
1157 1561 1326 1630 χωρὶς
1359 1560 1564 1632 φθορᾶς
1596 1562 1835 1633 συλλαμ-

233 1655 546 1707 ϐάνουσαν·
587 1653 789 1723 πήραν,
823 1648 890 1723 ἧς
919 1655 946 1704 ὀ
980 1653 1334 1722 μαργαρίτης
1370 1654 1464 1706 τοῦ
1500 1655 1652 1724 ἡλίου
1692 1655 1833 1726 λαμ-

237 1747 514 1817 πρότερος
531 1763 543 1775 ⁶
576 1745 837 1814 μέταλλον
869 1745 926 1810 ἐξ
952 1739 1014 1797 οὗ
1038 1745 1067 1796 6
1092 1745 1237 1807 λίθος
1266 1745 1393 1815 ὃλην
1425 1747 1715 1800 καλύπτων
1737 1748 1835 1818 τὴν

233 1840 369 1910 γῆν,
396 1838 609 1901 οὐδενὸς
641 1838 803 1892 αὐτὸν
837 1838 1200 1908 λατομοῦντος
1230 1841 1596 1910 προέρχεται·
1635 1841 1836 1894 ὁλκάδα

233 1933 465 2004 φορτίου
511 1932 812 2000 γέμουσαν,
851 1933 944 1982 καὶ
990 1931 1327 2002 κυϐερνήτου
1374 1933 1448 2003 μὴ
1501 1932 1829 2004 χρῄζουσαν,

1942 1940 2050 1988 tem
2087 1933 2449 2003 gubernatore
2484 1947 2497 1983 :

231 2025 516 2096 θησαυρὸν
567 2021 957 2076 πλουτοποιόνο
1023 2023 1173 2096 ἄλλοι
1219 2025 1274 2076 δὲ
1347 2025 1547 2094 ὁμοίιος
1595 2025 1832 2096 ἄστομον

231 2115 432 2186 λύχνον
467 2113 558 2183 ἀφ’
584 2111 786 2181 ἑαυτῆς
816 2111 1096 2166 ἆπτουσαν
1116 2152 1130 2176 ,
1168 2113 1414 2168 Κιϐωτὸν
1448 2115 1545 2185 τὴν
1587 2114 1680 2168 τοῦ
1708 2115 1831 2169 Νὼε

232 2205 626 2275 πλατυτέραν,
692 2202 1131 2274 εὐμηκεστέραν,
1204 2204 1572 2276 ἐνδοξοτέραν.
1616 2206 1830 2277 Ἑκείνη

234 2300 396 2364 ζώων
431 2297 684 2360 κιϐωτὸς,
721 2295 857 2366 αὕτη
877 2296 932 2349 δὲ
958 2296 1105 2365 ζωῆς
1126 2298 1340 2368 ’ἐκείνη
1374 2299 1528 2363 ζώων
1553 2299 1829 2370 φθαρτῶν,

232 2389 378 2458 αὕτη
409 2390 468 2441 δὲ
504 2388 784 2457 ἀφθάρτου
843 2385 1023 2456 ζωῆς*
1057 2386 1242 2456 ἐκείνη
1296 2389 1385 2441 τὸν
1417 2390 1562 2453 Νῶε,
1604 2390 1740 2462 αὕτη
1776 2393 1832 2445 δὲ

231 2483 334 2535 τοῦ
363 2483 498 2534 Νῶε¹
523 2482 614 2534 τὸν
644 2481 876 2550 ποιητὴν
905 2481 1212 2533 ἐϐάστασεν
1235 2497 1248 2510 ·
1278 2481 1462 2550 ἐκείνη
1493 2483 1717 2555 διόροφα
1740 2484 1834 2537 καὶ

231 2575 502 2643 τριόροφα
531 2571 816 2641 ἐκέκτητο,
842 2570 982 2639 αὕτη
1011 2569 1067 2622 δὲ
1090 2569 1210 2623 ὅλον
1231 2570 1330 2639 τῆς
1359 2572 1590 2640 Τριάδος
1614 2574 1673 2626 τὸ
1692 2575 1798 2645 πλή
1819 2603 1832 2615 ο

234 2664 787 2736 ρωμαᾨΕπειδήπερ,
824 2664 918 2718 καὶ
967 2664 1028 2716 τὸ
1084 2663 1309 2732 Πνεῦμα
1358 2665 1645 2735 ἐπεδήμει,
1679 2669 1772 2719 καὶ
1803 2669 1833 2719 ὁ

232 2757 428 2828 Πατὴρ
458 2745 779 2822 ἐπεσκίασε,
813 2758 910 2810 καὶ
930 2758 958 2810 ὁ
980 2757 1108 2820 Υἱὸς
1134 2759 1427 2827 ἐνεσκήνου
1457 2760 1833 2836 κυοφορούμε-

229 2867 345 2913 νος.
382 2849 627 2916 Πνεῦμα
673 2849 786 2918 γὰρ
825 2849 1018 2918 ἅγιον,
1054 2850 1238 2920 φησὶν,
1287 2850 1682 2906 ἐπελεύσεται
1733 2853 1829 2907 ἐπὶ

228 2928 330 3005 σὲ,
386 2939 486 2992 καὶ
535 2939 792 3009 δύναμις
834 2940 1122 3008 Ὑψίστου
1173 2939 1521 2995 ἐπισκιάσει
1574 2958 1697 2998 σοι.
1732 2943 1830 2997 Διὸ

228 3035 332 3089 καὶ
364 3033 429 3086 τὸ
456 3030 838 3102 γεννώμενον
866 3032 1064 3103 ἅγιον,
1088 3035 1460 3101 κληθήσεται
1501 3036 1633 3102 Υἱὸς
1661 3037 1828 3092 Θεοῦ.

239 3128 410 3199 Ὁρᾷς
444 3128 569 3180 ὅσον
619 3127 680 3180 τὸ
725 3129 824 3199 τῆς
858 3126 1121 3180 Θεοτόκου
1165 3127 1446 3198 Παρθένου
1479 3128 1573 3182 καὶ
1603 3129 1833 3200 πηλίκον

227 3212 486 3284 ἁξίωμα;
520 3212 579 3267 '0
614 3214 723 3285 γὰρ
753 3217 1049 3285 μονογενὴς
1080 3215 1208 3278 Υἱὸς
1239 3218 1333 3268 τοῦ
1365 3215 1524 3281 Θεοῦ,
1561 3218 1589 3270 6
1614 3220 1707 3270 τοῦ
1743 3219 1836 3272 κό-

1941 637 2046 689 lem
2109 637 2426 708 angelorum
2489 637 2795 706 principem
2856 637 3121 691 innitatur.
3191 638 3377 705 itaque
3434 637 3522 690 hic
3592 642 3596 648 '

1942 729 2160 797 quidem
2197 729 2328 783 dicit
2358 731 2428 792 ei,
2476 730 2600 792 Are,
2652 730 2741 795 ille
2783 746 2910 784 vero
2944 731 3227 792 acclamat,
3269 730 3522 782 Dominus

1941 838 2004 874 ea;
2037 831 2086 875 te
2117 823 2182 888 ²’,
2222 838 2287 876 eo
2329 822 2475 891 quod
2525 823 2787 876 Dominus
2826 823 3006 886 editus
3047 832 3328 892 assumpta
3359 837 3526 879 carne

1940 915 2256 984 apparuerit
2289 917 2530 970 humano
2573 916 2782 986 generi.
2830 916 2936 970 Iste
2986 917 3338 986 cognominat
3377 931 3522 982 eam,

1942 1019 2169 1063 matrem
2210 1008 2387 1064 lucis:
2425 1009 2534 1072 ille,
2559 1007 2784 1063 Stellam
2831 1009 2956 1063 vitae
2989 1028 3000 1062 :
3032 1009 3172 1062 alius
3221 1008 3309 1062 ltei
3344 1007 3520 1060 Thro-

1940 1118 2070 1156 num
2103 1103 2342 1171 appellat
2373 1120 2386 1156 :
2416 1103 2576 1166 alius,
2611 1103 2899 1172 Templum
2931 1103 3107 1171 majus
3143 1101 3281 1156 coelo
3316 1117 3329 1152 :
3363 1099 3520 1164 alius,

1939 1194 2266 1250 Cathedram
2317 1212 2426 1251 non
2485 1195 2798 1250 interiorem
2873 1196 3132 1251 cathedra
3171 1195 3520 1254 cherubim:

1938 1286 2078 1340 alius
2112 1285 2263 1349 item,
2310 1285 2538 1340 Hortum
2584 1302 2694 1339 non
2740 1286 3092 1352 seminatum,
3127 1287 3389 1346 fertilem.
3437 1287 3524 1339 in-

1939 1380 2146 1434 cultum
2169 1379 2236 1445 ’³,
2269 1378 2434 1432 vitem
2466 1395 2694 1433 uvarum
2731 1379 2991 1445 feracem,
3020 1382 3175 1434 valde
3209 1380 3521 1443 ﬂorentem,

1937 1473 2196 1527 intactam
2235 1490 2247 1525 ι
2285 1480 2552 1526 turturem
2597 1472 2874 1535 inundam,
2910 1474 3218 1528 columbam
3272 1473 3525 1543 impollu-

1941 1569 2098 1622 tam,
2161 1560 2365 1614 nubem
2421 1560 2634 1630 pluvias
2687 1559 3038 1631 incorruptos
3096 1562 3469 1615 continentem
3506 1604 3524 1628 ,

1939 1650 2219 1720 specimen
2269 1651 2428 1720 cujus
2469 1667 2680 1723 gemma
2722 1653 2837 1706 sole
2877 1652 3232 1721 Splendidior,
3284 1653 3522 1706 t‘odinam

1940 1743 2085 1797 unde
2115 1744 2296 1814 prodit
2326 1743 2468 1816 lapis.
2510 1752 2681 1802 totam
2715 1753 2917 1798 terram
2951 1753 3162 1815 tegens,
3201 1761 3231 1798 a
3266 1746 3414 1798 nullo
3443 1746 3526 1798 in-

1939 1835 2084 1891 cisus
2116 1837 2161 1867 ”
2189 1839 2421 1891 :‘navem
2448 1836 2725 1890 mercibus
2760 1835 3038 1902 refertam,
3074 1837 3333 1907 nulloque
3358 1851 3528 1908 egen-

2543 1931 2863 1985 thesaurum
2914 1930 3381 2000 locupletantem;
3434 1930 3524 1984 alii

1935 2024 2186 2080 similiter
2211 2023 2489 2077 lucernam
2521 2023 2632 2078 oris
2660 2030 2964 2092 expertem,
2993 2039 3114 2092 quae
3139 2039 3169 2076 a
3201 2038 3259 2077 se
3291 2023 3403 2093 ipsa
3434 2022 3524 2092 ju-

1935 2115 2074 2182 giter
2100 2113 2322 2177 ardeat;
2353 2128 2534 2168 arcam
2583 2129 2708 2168 arca
2741 2112 2854 2168 Noe
2889 2114 3160 2180 latiorem,
3195 2113 3522 2181 longiorem,

1934 2203 2305 2258 illustriorem.
2346 2203 2439 2257 illa
2483 2213 2599 2258 erat
2625 2205 2946 2258 animalium
2990 2219 3137 2278 arca,
3184 2205 3300 2258 lucc
3340 2215 3522 2258 autem

1934 2313 2059 2352 arca
2090 2298 2212 2352 vine
2240 2316 2250 2348 :
2283 2298 2371 2351 illa
2401 2299 2846 2366 corruptibilium
2879 2298 3216 2359 animalium,
3254 2299 3355 2351 ista
3395 2313 3524 2349 vero

1935 2389 2059 2443 vita:
2089 2389 2521 2459 incorruptibilis
2551 2407 2563 2443 :
2587 2390 2672 2443 illa
2699 2389 2873 2458 ipsum
2901 2389 3035 2455 Nec,
3063 2390 3178 2444 hinc
3201 2405 3328 2442 vero
3354 2388 3524 2457 ipsius

1935 2484 2050 2538 Noe
2084 2483 2342 2538 factorem
2375 2484 2612 2552 portavit
2647 2503 2660 2536 :
2695 2484 2781 2537 illa
2813 2485 2947 2539 duas
2997 2492 3052 2538 et
3101 2493 3210 2538 tres
3236 2484 3524 2554 contigna—

1936 2575 2112 2630 tiones
2135 2585 2188 2630 et
2222 2576 2533 2630 mansiones
2565 2577 2818 2637 habebat,
2855 2577 2974 2631 haec
2995 2585 3176 2630 autem
3203 2575 3520 2630 universum

1936 2667 2731 2738 Trinitatiscomplementum,
2777 2669 3217 2738 quandoquidem
3253 2678 3307 2723 et
3348 2667 3522 2738 Spiri-

1937 2770 2024 2826 tus
2054 2770 2279 2833 sanctus
2305 2764 2628 2819 adveniebat
2651 2776 2812 2831 atque
2838 2763 3239 2832 liospitabatur,
3278 2772 3333 2815 et
3362 2761 3524 2816 Pater

1935 2856 2319 2921 obumbrabat,
2370 2865 2424 2909 et
2459 2856 2627 2910 Filius
2664 2865 2819 2909 utero
2863 2863 3107 2926 gestatus
3161 2853 3520 2910 inhabitabant.

1937 2943 2168 3014 Spiritus
2195 2947 2333 2998 enim
2359 2956 2593 3009 saucius,
2627 2947 2720 3009 ait,
2747 2945 3074 3013 superveniet
3106 2945 3160 2996 in
3182 2953 3249 3006 te,
3283 2953 3329 2996 et
3358 2945 3522 2997 virtus

1935 3037 2190 3091 Altissimi
2228 3037 2559 3090 obumbrabit
2601 3038 2713 3090 tibi.
2753 3036 2978 3106 Ideoque
3006 3036 3145 3105 quod
3175 3045 3422 3088 nascetur
3462 3053 3524 3087 ex

1940 3139 1988 3184 te
2014 3141 2276 3197 sanctum,
2323 3131 2593 3185 vocabitur
2625 3130 2790 3183 Filius
2820 3130 2918 3182 Dei
2945 3131 3012 3183 ’⁸.
3049 3128 3207 3182 Vides
3236 3138 3437 3198 quanta
3469 3137 3526 3181 et

1938 3223 2113 3292 qualis
2149 3232 2232 3276 est
2287 3222 2530 3292 Deipara:
2588 3220 2826 3292 Virginis
2877 3219 3151 3291 dignitas?
3199 3219 3525 3289 Unigeuitus

230 3323 375 3374 σμου
420 3307 678 3377 ποιητὴς,
717 3306 792 3370 ὡς
843 3305 1045 3378 βρέφος
1098 3310 1229 3379 παρ’
1258 3309 1429 3380 αὐτῆς
1472 3310 1828 3375 ἐϐαστάζετο,

1937 3317 2081 3370 enim
2114 3315 2206 3370 Dei
2240 3315 2409 3370 Filius
2433 3315 2618 3370 mundi
2658 3313 2928 3376 conditor,
2969 3315 3117 3375 velut
3147 3313 3327 3374 infans
3349 3323 3524 3384 gesta-

228 3405 330 3456 καὶ
356 3401 449 3456 τὸν
481 3403 655 3472 Ἀδὰμ
685 3403 962 3457 ἀνέπλασε
987 3443 1000 3468 ,
1039 3405 1134 3458 καὶ
1165 3405 1264 3476 τὴν
1293 3404 1436 3458 Εὕαν
1465 3406 1662 3476 ήγίασε
1684 3449 1697 3471 ,
1735 3408 1830 3460 καὶ

229 3495 504 3565 κατήργει
534 3495 625 3547 τὸν
655 3495 927 3566 δράκοντα
949 3538 964 3562 ,
999 3498 1094 3550 καὶ
1125 3497 1214 3549 τὸν
1258 3498 1590 3566 παράδεισον
1621 3498 1825 3568 ῆνοιγε,

229 3588 328 3641 καὶ
358 3588 457 3658 τὴν
492 3589 766 3657 σφραγῖδα
794 3588 896 3658 τῆς
931 3588 1167 3658 γαστρὸς
1200 3589 1554 3658 ὴσφαλίζετο.
1589 3589 1828 3652 Εἰκότως

229 3680 442 3751 σφόδρα
485 3682 581 3734 καὶ¹
629 3680 772 3734 κατὰ
806 3680 988 3750 λόγον,
1025 3681 1310 3752 ἑκάτερον.
1343 3681 1445 3733 Τὸν
1491 3681 1602 3752 γάρ
1646 3681 1827 3751 παρά-

224 3773 406 3826 δεισον
435 3773 678 3843 ἦνοιγεν,
711 3773 900 3843 ἐπειδὴ
930 3773 1133 3846 λῃστὴν
1166 3773 1464 3843 εἰσφέρειν,
1491 3774 1585 3826 καὶ
1619 3773 1828 3836 πάντας

223 3866 308 3928 εἰς
345 3867 512 3920 αὑτὸν
554 3867 924 3936 χειραγωγεῖν
971 3865 1097 3930 τοὺς
1137 3865 1513 3936 κληρονόμους
1544 3866 1650 3934 τῆς
1675 3864 1834 3935 βασι-.

224 3959 382 4022 λείας
403 3959 626 4029 ἤμελλε.
643 3959 753 4030 Τὴν
783 3958 1062 4030 σφραγῖδα
1080 3958 1179 4029 τῆς
1208 3961 1449 4030 γαστρὸς
1473 3960 1824 4031 ἠσφαλίζετο,

222 4051 366 4112 Θεὸς
398 4052 491 4105 καὶ
540 4052 714 4120 Λόγος
754 4053 1022 4124 ὑπάρχων
1055 4053 1084 4106 ὁ
1117 4052 1492 4123 σαρκούμενος
1519 4093 1533 4113 ,
1572 4052 1829 4123 οὐδαμῶς

222 4144 403 4214 θύρας
427 4145 564 4215 πρὸς
589 4147 691 4214 τὴν
719 4145 924 4200 εἴσοδον
953 4145 986 4215 ἢ
1015 4145 1113 4214 τὴν
1143 4143 1322 4209 ἔξοδον
1345 4144 1567 4217 ἔχρῃζε.
1614 4145 1704 4196 Σοὶ
1729 4144 1827 4213 μὲν

221 4232 346 4298 οὖν,
379 4230 424 4288 ὧ
457 4237 728 4308 Παρθένε,
760 4238 890 4300 τοὺς
939 4235 1198 4298 ἐπαίνους
1243 4236 1292 4288 οἱ
1343 4236 1620 4304 προφῆται
1670 4234 1827 4304 μερί-

223 4326 435 4392 ζονται,
455 4328 551 4380 καὶ
575 4327 723 4395 λέγει
750 4327 852 4398 τὴν
879 4325 1158 4396 Θεοφορον
1190 4325 1445 4388 ἕκαστος,
1478 4326 1537 4388 ὃς
1559 4325 1671 4377 τῶν
1696 4325 1826 4377 θαυ-

226 4418 424 4485 μάτων
455 4418 754 4488 ἐπιστεύθη
807 4418 1110 4489 μυστήρια.
1142 4419 1255 4470 Καὶ
1296 4418 1324 4469 6
1373 4417 1472 4486 μέν
1519 4434 1578 4470 σε
1633 4416 1826 4486 ῥάϐδον

238 4509 439 4561 Ἰεσσαὶ¹
471 4510 649 4575 καλεῖ,
681 4512 770 4564 ἵνα
798 4511 860 4563 τὸ
883 4510 1130 4581 ἄτρωτον
1160 4511 1253 4564 καὶ
1279 4510 1539 4579 ἀκαμπὲς
1565 4511 1662 4581 τῆς
1684 4528 1826 4580 παρ-

223 4599 411 4663 θενίας
430 4601 727 4671 αἰνίξηται.
749 4603 806 4655 Ὀ
837 4601 892 4653 δὲ
912 4602 1061 4671 βάτῳ
1085 4601 1384 4672 προϐάλλει
1410 4600 1705 4670 καιομένῃ,
1734 4603 1827 4654 καὶ

1934 3406 2092 3461 batur
2119 3407 2186 3461 ab
2215 3422 2300 3471 ea,
2329 3414 2385 3461 et
2416 3406 2683 3460 Adamum
2719 3404 3072 3468 reformabat,
3106 3405 3381 3473 Evamque
3399 3420 3524 3457 sau-

1932 3501 2228 3563 ctifieabat,
2257 3499 2918 3560 exrludebatdraconem,
2952 3507 3005 3551 et
3039 3498 3349 3568 paradisum
3393 3515 3530 3567 ape—~

1933 3591 2129 3654 riebat,
2177 3591 2420 3661 sigillum
2490 3592 2627 3646 uteri
2694 3590 2946 3642 muniens
3007 3590 3070 3642 ’⁸.
3141 3588 3354 3647 Merito
3392 3606 3524 3643 sane.

1933 3690 2226 3752 utrumque
2257 3691 2311 3736 et
2335 3683 2480 3752 justa
2519 3682 2752 3740 ratione.
2786 3679 3086 3749 Aperiebat
3126 3680 3271 3740 enim
3307 3681 3521 3748 paradi-

1931 3792 2075 3839 sum,
2106 3777 2364 3846 quoniam
2393 3775 3101 3842 latronemintrt'ulucturus
3125 3759 3243 3827 erat
3286 3775 3338 3825 in
3370 3791 3518 3837 cum,

1931 3876 2268 3937 cunctosque
2333 3868 2484 3939 regni
2542 3867 2785 3922 haercdes
2850 3867 3203 3920 deducturus.
3272 3867 3522 3937 Sigillum

1933 3959 2075 4014 uteri
2110 3961 2411 4024 muniebat,
2452 3977 2518 4014 eo
2545 3960 2689 4029 quod
2727 3960 2772 4012 is
2803 3960 2892 4028 qui
2923 3975 3144 4014 carnem
3183 3961 3516 4015 assumcbat.

1931 4059 2077 4106 esset
2123 4051 2265 4106 Deus
2316 4059 2371 4106 et
2407 4048 2668 4116 Verbum,
2717 4065 3060 4119 nequaquam
3113 4065 3247 4118 opas
3313 4048 3520 4110 habens

1931 4144 2102 4214 portis
2133 4143 2470 4214 ingrediendi
2495 4158 2657 4197 causa
2686 4153 2779 4196 aut
2813 4143 3148 4212 egrediendi.
3181 4141 3300 4195 Tibi
3330 4142 3517 4212 igitur.

1931 4236 2172 4310 oVirgo,
2216 4238 2500 4308 prophetae
2547 4238 2793 4292 tribuunt
2838 4236 3027 4290 latules
3055 4235 3155 4298 "",
3200 4246 3254 4289 et
3287 4235 3519 4304 quisque

1932 4329 2200 4384 Deiferam
2253 4329 2406 4393 dicit,
2460 4329 2550 4399 qui
2602 4328 2989 4382 miraculorum
3046 4326 3315 4396 mysteriis
3361 4325 3521 4379 fidem

1934 4423 2204 4477 habuerit.
2239 4421 2307 4475 Et
2339 4421 2427 4474 ille
2459 4420 2680 4490 quidem
2713 4429 2764 4473 te
2800 4418 3003 4489 virgam
3035 4418 3188 4472 Jesse
3223 4417 3422 4471 \oeitat
3452 4417 3518 4477 ³⁷,

1911 4519 1994 4580 ,ιιι
2021 4509 2254 4564 obscure
2292 4509 2532 4563 declaret
2577 4506 2964 4578 virginitatem,
3008 4523 3128 4575 quze
3172 4506 3320 4558 nullo
3361 4504 3522 4557 modo

1933 4601 2210 4657 vulnerari
2262 4610 2357 4655 aut
2398 4601 2670 4668 incurvari
2727 4600 2991 4672 potuerit,
3050 4599 3152 4653 Isle
3200 4616 3328 4651 vero
3369 4614 3520 4650 com-

225 4693 306 4760 μὴ
350 4693 789 4762 κατακαιομένῃ,
830 4692 918 4744 ἵνα
953 4691 1054 4763 τὴν
1106 4693 1287 4763 σάρκα
1334 4691 1426 4744 τοῦ
1483 4691 1827 4759 Μονογενοῦς

1937 4703 2087 4763 parat
2115 4707 2237 4745 cum
2274 4692 2408 4748 rubo
2431 4693 2676 4750 ardente.
2703 4693 2791 4760 qui
2822 4701 2998 4747 tamen
3034 4707 3142 4743 non
3169 4689 3417 4743 exuritur
3441 4692 3520 4743 ἐς

223 4786 324 4838 καὶ
377 4786 476 4854 τὴν
517 4785 801 4852 Παρθένον
841 4785 939 4856 τὴν
972 4785 1238 4839 Θεοτόκον
1279 4785 1571 4853 αἰνίξηται.
1611 4784 1673 4836 'H
1728 4785 1827 4853 μὲν

222 4879 338 4949 γάρ
381 4878 636 4944 ἐκαίετο,
667 4879 766 4932 καὶ
802 4879 862 4931 οὑ
897 4879 1257 4942 κατεκαίετο,
1301 4879 1604 4949 ἐπειδήπερ
1649 4879 1824 4941 ἔτεκε,

220 4971 322 5023 καὶ
354 4970 455 5042 τὴν
486 4972 737 5042 γαστέρα
769 4972 870 5024 οὐκ
895 4971 1076 5043 ἤνοιξε
1104 4989 1114 5001 ·
1151 4971 1434 5032 συνέλαϐε,
1470 4971 1566 5032 καὶ
1590 4972 1686 5042 τὴν
1720 4973 1826 5042 μήο

218 5080 361 5134 τραν
392 5063 494 5114 οὐκ
523 5060 808 5136 ἔφθειρενο
839 5062 1076 5134 ἐξήγαγε
1101 5062 1161 5114 τὸ
1192 5061 1416 5132 βρέφος,
1453 5063 1545 5123 καὶ
1580 5062 1678 5130 τὴν
1707 5080 1822 5114 κοι-

217 5157 344 5207 λίαν
397 5156 852 5228 ἐσφραγισμένην
912 5156 1242 5211 κατέλιπενο
1305 5157 1611 5227 ἐχορήγησε
1661 5156 1820 5223 γάλα,

218 5248 318 5302 καὶ
352 5250 480 5311 τοὺς
508 5249 752 5319 μασθοὺς
787 5248 1182 5319 ἀφηλαφήτους
1221 5247 1486 5316 ἐφύλαξεν
1511 5263 1523 5276 ·
1556 5247 1822 5302 ἐϐάστασε

220 5343 461 5407 παιδίον,
494 5342 591 5399 καὶ
611 5342 707 5395 τοῦ
737 5342 951 5395 παιδίου
983 5341 1197 5410 πατέρα
1229 5341 1327 5392 οὐκ
1350 5339 1672 5407 ἐγίνωσκεν·
1701 5338 1824 5406 ἐγέ-

289 5574 334 5602 δΐ
370 5571 388 5604 1
414 5587 481 5604 nn
535 5587 551 5604 I
723 5571 900 5604 Ιιίιῖοἶη
931 5572 1142 5604 νιιιησιισὶ
1195 5581 1358 5604 lorus"
1380 5589 1389 5598 -
1419 5588 1523 5604 nnn
1585 5589 1644 5604 ηι-

370 5571 500 5626 luc.
535 5587 574 5636 ι,
607 5571 697 5626 28.
723 5571 900 5626 Editio
931 5572 1166 5644 vulgata,
1193 5581 1389 5624 terum:
1419 5588 1548 5637 non,
1582 5589 1644 5625 er
1668 5581 1741 5628 te.
1772 5571 1956 5627 habet.
2040 5573 2085 5603 ’³
2116 5571 2274 5626 Catil.
2296 5589 2344 5623 v.
2374 5571 2644 5623 Incultum
2667 5571 2816 5631 dicit,
2845 5571 2970 5638 quia
3001 5577 3194 5638 prmtrr
3225 5571 3517 5620 humanam

376 5639 720 5697 hitationem.
826 5641 873 5674 "
925 5641 1058 5696 Dan.
1089 5658 1146 5706 ιι,
1180 5643 1268 5695 liii.
1377 5645 1422 5675 ’⁵
1465 5643 1598 5697 Luc.
1634 5660 1671 5704 ι,
1704 5643 1793 5696 3'3.
1911 5645 1956 5674 ’⁸
1988 5643 2233 5696 (Ilaustra
2295 5641 2520 5710 virginei
2570 5640 2793 5710 pudoris
2826 5657 2934 5694 non
2965 5640 3178 5707 aperuit
3242 5637 3517 5692 Christus.

826 5641 873 5674 “
925 5641 1058 5696 Dan.
1089 5658 1146 5706 ll,
1180 5643 1268 5695 45.

1010 5714 1053 5744 ’⁷
1093 5714 1190 5767 Isa.
1224 5729 1282 5777 Il,
1322 5715 1368 5766 l.

221 5639 720 5697 cohabitationem.
826 5641 873 5674 "
925 5639 1058 5696 om.
1089 5658 1146 5704 ιι,
1180 5643 1268 5695 liii.
1377 5645 1422 5675 ’⁵
1465 5643 1598 5697 Luc.
1634 5660 1671 5704 ι,
1704 5643 1793 5696 3'3.

221 5712 292 5745 ³⁵·
323 5714 522 5768 Ezech.
557 5729 682 5767 xxtv
713 5721 766 5767 et
787 5729 930 5766 xxvi.

1484 5714 1528 5744 ’⁸
1558 5713 1728 5770 Exod.
1758 5731 1835 5775 ιιι,
1865 5713 1897 5766 ‘2
1927 5729 2082 5782 seqq.

1937 4795 1995 4839 ut
2030 4785 2340 4839 subindicnt
2376 4800 2597 4837 carnem
2655 4782 2954 4853 Unigeuiti,
2991 4791 3044 4835 et
3080 4782 3354 4851 Virginem
3403 4783 3523 4836 Dei—

1933 4893 2139 4947 param.
2181 4873 2307 4929 Haec
2345 4874 2488 4928 enim
2539 4874 2784 4939 ardebat,
2819 4884 2872 4929 et
2903 4890 3011 4928 non
3047 4875 3474 4928 consumebatur
3508 4893 3518 4926 :

1933 4965 2147 5036 peperit
2166 4965 2520 5034 siquidem.et
2545 4972 2756 5016 uterum
2773 4980 2881 5017 non
2901 4963 3113 5034 aperuit
3135 4965 3180 4995 ’³
3205 4983 3217 5017 :
3246 4963 3520 5032 concepit,

1930 5069 1984 5112 et
2019 5057 2230 5122 vulvam
2276 5073 2383 5109 non
2415 5054 2694 5123 corrupit;
2750 5055 2939 5119 eduxit
2977 5054 3264 5119 infantem,
3307 5067 3363 5108 et
3402 5064 3520 5108 utc—

1936 5167 2053 5204 rtnn
2114 5150 2385 5220 signatum
2444 5147 2694 5217 reliquit;
2753 5148 2835 5203 lac
2903 5149 3292 5218 suppeditavit,
3353 5147 3516 5200 ubera

1935 5253 2119 5296 tamen
2154 5241 2353 5296 intacta
2379 5240 2761 5308 conservavit:
2794 5241 3043 5309 portabat
3081 5256 3334 5310 puerum,
3365 5238 3518 5308 pueri

1933 5344 2114 5391 tamen
2145 5345 2353 5406 patrem
2397 5350 2506 5390 non
2542 5334 2914 5404 agnoscebat:
2967 5341 3142 5388 mater
3181 5332 3374 5386 effecta
3415 5344 3516 5392 est,

2040 5573 2085 5603 ’³
2116 5571 2274 5626 Catil.
2296 5589 2344 5623 v.
2374 5569 2644 5623 lucu/lum
2667 5569 2816 5631 dicit,
2845 5570 2970 5638 quia
3001 5577 3194 5638 prmtc-r
3225 5569 3517 5638 humanam

2196 5715 2238 5743 ’⁸
2265 5711 2435 5766 Caute
2508 5711 2644 5780 lege,
2704 5728 2828 5765 vere
2887 5710 3155 5780 siquidem
3223 5724 3420 5780 sponsa
3466 5719 3518 5760 et

221 5785 426 5850 coniux
460 5783 580 5847 fuit,
613 5785 790 5853 quoad
851 5784 1133 5838 veritatem
1169 5793 1222 5837 et
1250 5785 1543 5841 essentiam
1573 5785 1844 5853 coniugii.
1917 5778 2252 5853 non'quoad
2302 5784 2515 5835 Iliorum
2563 5778 2643 5836 vel
2692 5781 2923 5852 coniugii
2957 5778 3515 5844 consummationem,

225 5863 287 5906 ut
331 5855 528 5910 docent
567 5855 825 5924 theologi.
883 5853 1008 5908 i'idc
1048 5854 1103 5908 S.
1139 5854 1359 5918 'I‘hom.,
1395 5872 1450 5910 ιιι
1487 5865 1647 5925 part,
1675 5866 1867 5925 quaest.
1901 5856 1990 5920 “29,
2017 5865 2118 5908 art.
2154 5855 2206 5907 2.
