  <div class='ocr_page' id='page_1' title='image "/cluster/home/n/w/nwhite01/storage/ocr_20150623/93/coo.31924054869973/743.png"; bbox 0 0 3934 6416; ppageno 0'>
   <div class='ocr_carea' id='block_1_1' title="bbox 495 323 639 386">
    <p class='ocr_par' dir='ltr' id='par_1_1' title="bbox 495 323 639 386">
     <span class='ocr_line' id='line_1_1' title="bbox 495 323 639 386; baseline -0.042 0"><span class='ocrx_word' id='word_1_1' title='bbox 495 323 639 386; x_wconf 68' lang='lat' dir='ltr'><strong>N63</strong></span> 
     </span>
    </p>
   </div>
   <div class='ocr_carea' id='block_1_2' title="bbox 1689 325 2568 391">
    <p class='ocr_par' dir='ltr' id='par_1_2' title="bbox 1689 325 2568 391">
     <span class='ocr_line' id='line_1_2' title="bbox 1689 325 2568 391; baseline 0.008 -6"><span class='ocrx_word' id='word_1_2' title='bbox 1689 325 2052 386; x_wconf 82' lang='lat' dir='ltr'><strong>HESYClIll</strong></span> <span class='ocrx_word' id='word_1_3' title='bbox 2093 329 2568 391; x_wconf 74' lang='lat' dir='ltr'><strong>PRESBYTERI</strong></span> 
     </span>
    </p>
   </div>
   <div class='ocr_carea' id='block_1_3' title="bbox 3587 345 3701 414">
    <p class='ocr_par' dir='ltr' id='par_1_3' title="bbox 3587 345 3701 414">
     <span class='ocr_line' id='line_1_3' title="bbox 3587 345 3701 414; baseline 0.035 -4"><span class='ocrx_word' id='word_1_4' title='bbox 3587 345 3701 414; x_wconf 64' lang='lat' dir='ltr'><strong>H55</strong></span> 
     </span>
    </p>
   </div>
   <div class='ocr_carea' id='block_1_4' title="bbox 490 439 2056 529">
    <p class='ocr_par' dir='ltr' id='par_1_4' title="bbox 490 439 2056 512">
     <span class='ocr_line' id='line_1_4' title="bbox 490 439 2056 512; baseline 0.001 -17"><span class='ocrx_word' id='word_1_5' title='bbox 490 457 614 512; x_wconf 78' lang='lat' dir='ltr'><strong>qua:</strong></span> <span class='ocrx_word' id='word_1_6' title='bbox 641 441 867 495; x_wconf 88' lang='lat' dir='ltr'><strong>minime</strong></span> <span class='ocrx_word' id='word_1_7' title='bbox 896 455 1094 511; x_wconf 90' lang='lat' dir='ltr'><strong>sponsa</strong></span> <span class='ocrx_word' id='word_1_8' title='bbox 1120 439 1222 494; x_wconf 92' lang='lat' dir='ltr'><strong>fuit</strong></span> <span class='ocrx_word' id='word_1_9' title='bbox 1250 458 1262 494; x_wconf 90' lang='lat'>:</span> <span class='ocrx_word' id='word_1_10' title='bbox 1292 440 1636 496; x_wconf 89' lang='lat' dir='ltr'><strong>nutriebatur</strong></span> <span class='ocrx_word' id='word_1_11' title='bbox 1675 440 1836 506; x_wconf 84' lang='lat' dir='ltr'><strong>filius,</strong></span> <span class='ocrx_word' id='word_1_12' title='bbox 1871 451 1925 496; x_wconf 91' lang='lat' dir='ltr'><strong>et</strong></span> <span class='ocrx_word' id='word_1_13' title='bbox 1963 459 2056 496; x_wconf 83' lang='lat' dir='ltr'><strong>um</strong></span> 
     </span>
    </p>
   </div>
   <div class='ocr_carea' id='block_1_5' title="bbox 2160 439 3703 529">
    <p class='ocr_par' dir='ltr' id='par_1_5' title="bbox 2180 447 3703 529">
     <span class='ocr_line' id='line_1_5' title="bbox 2180 447 3703 529; baseline 0.011 -35"><span class='ocrx_word' id='word_1_14' title='bbox 2180 461 2303 497; x_wconf 82' lang='grc' dir='ltr'>νετο</span> <span class='ocrx_word' id='word_1_15' title='bbox 2342 447 2551 523; x_wconf 70' lang='grc' dir='ltr'>μήτηρ,</span> <span class='ocrx_word' id='word_1_16' title='bbox 2588 455 2682 501; x_wconf 74' lang='grc' dir='ltr'><strong>καὶ</strong></span> <span class='ocrx_word' id='word_1_17' title='bbox 2714 448 2813 502; x_wconf 82' lang='grc' dir='ltr'>οὐκ</span> <span class='ocrx_word' id='word_1_18' title='bbox 2842 450 3059 518; x_wconf 75' lang='grc' dir='ltr'>ἐγένετο</span> <span class='ocrx_word' id='word_1_19' title='bbox 3091 450 3151 503; x_wconf 85' lang='grc' dir='ltr'><strong>νύ</strong></span> <span class='ocrx_word' id='word_1_20' title='bbox 3163 468 3295 521; x_wconf 73' lang='grc' dir='ltr'>μφη.</span> <span class='ocrx_word' id='word_1_21' title='bbox 3316 453 3435 519; x_wconf 70' lang='grc' dir='ltr'>Υἱὸς</span> <span class='ocrx_word' id='word_1_22' title='bbox 3465 459 3703 529; x_wconf 70' lang='grc' dir='ltr'>ἐτρέφετο.</span> 
     </span>
    </p>
   </div>
   <div class='ocr_carea' id='block_1_6' title="bbox 491 528 2071 601">
    <p class='ocr_par' dir='ltr' id='par_1_6' title="bbox 491 528 2071 601">
     <span class='ocr_line' id='line_1_6' title="bbox 491 528 2071 601; baseline 0.001 -16"><span class='ocrx_word' id='word_1_23' title='bbox 491 530 875 586; x_wconf 76' lang='lat' dir='ltr'><strong>Inveniebatur</strong></span> <span class='ocrx_word' id='word_1_24' title='bbox 896 540 1052 600; x_wconf 91' lang='lat' dir='ltr'><strong>pater</strong></span> <span class='ocrx_word' id='word_1_25' title='bbox 1078 548 1093 584; x_wconf 90' lang='lat'><strong>:</strong></span> <span class='ocrx_word' id='word_1_26' title='bbox 1124 543 1253 601; x_wconf 82' lang='lat' dir='ltr'><strong>ager</strong></span> <span class='ocrx_word' id='word_1_27' title='bbox 1272 528 1512 585; x_wconf 85' lang='lat' dir='ltr'><strong>fructum</strong></span> <span class='ocrx_word' id='word_1_28' title='bbox 1536 529 1754 592; x_wconf 88' lang='lat' dir='ltr'><strong>edebat.</strong></span> <span class='ocrx_word' id='word_1_29' title='bbox 1782 542 1837 586; x_wconf 89' lang='lat' dir='ltr'><strong>et</strong></span> <span class='ocrx_word' id='word_1_30' title='bbox 1859 531 2071 587; x_wconf 84' lang='lat' dir='ltr'><strong>fructus</strong></span> 
     </span>
    </p>
   </div>
   <div class='ocr_carea' id='block_1_7' title="bbox 490 622 2070 692">
    <p class='ocr_par' dir='ltr' id='par_1_7' title="bbox 490 622 2070 692">
     <span class='ocr_line' id='line_1_7' title="bbox 490 622 2070 692; baseline 0.004 -17"><span class='ocrx_word' id='word_1_31' title='bbox 490 622 709 676; x_wconf 75' lang='lat' dir='ltr'><strong>carebat</strong></span> <span class='ocrx_word' id='word_1_32' title='bbox 733 622 943 678; x_wconf 83' lang='lat' dir='ltr'><strong>cultore</strong></span> <span class='ocrx_word' id='word_1_33' title='bbox 980 640 996 676; x_wconf 86' lang='lat'><strong>:</strong></span> <span class='ocrx_word' id='word_1_34' title='bbox 1042 623 1239 678; x_wconf 79' lang='lat' dir='ltr'><strong>messis</strong></span> <span class='ocrx_word' id='word_1_35' title='bbox 1273 622 1538 677; x_wconf 85' lang='lat' dir='ltr'><strong>reddebat</strong></span> <span class='ocrx_word' id='word_1_36' title='bbox 1563 638 1685 692; x_wconf 66' lang='lat' dir='ltr'><strong>quae</strong></span> <span class='ocrx_word' id='word_1_37' title='bbox 1732 638 1920 680; x_wconf 86' lang='lat' dir='ltr'><strong>semen</strong></span> <span class='ocrx_word' id='word_1_38' title='bbox 1961 641 2070 681; x_wconf 79' lang='lat' dir='ltr'><strong>non</strong></span> 
     </span>
    </p>
   </div>
   <div class='ocr_carea' id='block_1_8' title="bbox 488 711 2071 787">
    <p class='ocr_par' dir='ltr' id='par_1_8' title="bbox 488 711 2071 787">
     <span class='ocr_line' id='line_1_8' title="bbox 488 711 2071 787; baseline 0.004 -20"><span class='ocrx_word' id='word_1_39' title='bbox 488 720 775 783; x_wconf 88' lang='lat' dir='ltr'><strong>acceperat</strong></span> <span class='ocrx_word' id='word_1_40' title='bbox 805 729 819 766; x_wconf 91' lang='lat'><strong>:</strong></span> <span class='ocrx_word' id='word_1_41' title='bbox 870 714 1126 769; x_wconf 88' lang='lat' dir='ltr'><strong>currebat</strong></span> <span class='ocrx_word' id='word_1_42' title='bbox 1152 711 1370 780; x_wconf 87' lang='lat' dir='ltr'><strong>ﬂuvius,</strong></span> <span class='ocrx_word' id='word_1_43' title='bbox 1407 721 1463 770; x_wconf 86' lang='lat' dir='ltr'><strong>et</strong></span> <span class='ocrx_word' id='word_1_44' title='bbox 1498 712 1622 770; x_wconf 83' lang='lat' dir='ltr'><strong>fons</strong></span> <span class='ocrx_word' id='word_1_45' title='bbox 1651 731 1978 787; x_wconf 88' lang='lat' dir='ltr'><strong>quacunque</strong></span> <span class='ocrx_word' id='word_1_46' title='bbox 2003 734 2071 773; x_wconf 79' lang='lat' dir='ltr'><strong>ex</strong></span> 
     </span>
    </p>
   </div>
   <div class='ocr_carea' id='block_1_9' title="bbox 487 803 2067 874">
    <p class='ocr_par' dir='ltr' id='par_1_9' title="bbox 487 803 2067 874">
     <span class='ocr_line' id='line_1_9' title="bbox 487 803 2067 874; baseline 0.004 -18"><span class='ocrx_word' id='word_1_47' title='bbox 487 812 641 872; x_wconf 89' lang='lat' dir='ltr'><strong>parte</strong></span> <span class='ocrx_word' id='word_1_48' title='bbox 663 803 880 857; x_wconf 84' lang='lat' dir='ltr'><strong>clausus</strong></span> <span class='ocrx_word' id='word_1_49' title='bbox 914 811 1051 866; x_wconf 90' lang='lat' dir='ltr'><strong>erat,</strong></span> <span class='ocrx_word' id='word_1_50' title='bbox 1090 810 1146 857; x_wconf 88' lang='lat' dir='ltr'><strong>ut</strong></span> <span class='ocrx_word' id='word_1_51' title='bbox 1186 804 1535 874; x_wconf 91' lang='lat' dir='ltr'><strong>perspicuum</strong></span> <span class='ocrx_word' id='word_1_52' title='bbox 1572 804 1726 860; x_wconf 83' lang='lat' dir='ltr'><strong>ﬁeret</strong></span> <span class='ocrx_word' id='word_1_53' title='bbox 1758 815 1811 860; x_wconf 90' lang='lat' dir='ltr'><strong>te</strong></span> <span class='ocrx_word' id='word_1_54' title='bbox 1837 817 2067 862; x_wconf 84' lang='lat' dir='ltr'><strong>matrem</strong></span> 
     </span>
    </p>
   </div>
   <div class='ocr_carea' id='block_1_10' title="bbox 488 893 2067 969">
    <p class='ocr_par' dir='ltr' id='par_1_10' title="bbox 488 893 2067 969">
     <span class='ocr_line' id='line_1_10' title="bbox 488 893 2067 969; baseline 0.003 -21"><span class='ocrx_word' id='word_1_55' title='bbox 488 909 609 948; x_wconf 85' lang='lat' dir='ltr'><strong>esse</strong></span> <span class='ocrx_word' id='word_1_56' title='bbox 635 893 851 959; x_wconf 90' lang='lat' dir='ltr'><strong>factam,</strong></span> <span class='ocrx_word' id='word_1_57' title='bbox 879 895 932 948; x_wconf 90' lang='lat' dir='ltr'><strong>e&#39;t</strong></span> <span class='ocrx_word' id='word_1_58' title='bbox 962 903 1143 949; x_wconf 90' lang='lat' dir='ltr'><strong>tamen</strong></span> <span class='ocrx_word' id='word_1_59' title='bbox 1177 910 1285 948; x_wconf 93' lang='lat' dir='ltr'><strong>non</strong></span> <span class='ocrx_word' id='word_1_60' title='bbox 1312 911 1433 951; x_wconf 88' lang='lat' dir='ltr'><strong>esse</strong></span> <span class='ocrx_word' id='word_1_61' title='bbox 1453 912 1672 966; x_wconf 83' lang='lat' dir='ltr'><strong>passam</strong></span> <span class='ocrx_word' id='word_1_62' title='bbox 1701 913 1766 952; x_wconf 83' lang='lat' dir='ltr'><strong>ea</strong></span> <span class='ocrx_word' id='word_1_63' title='bbox 1796 914 1915 969; x_wconf 72' lang='lat' dir='ltr'><strong>qua:</strong></span> <span class='ocrx_word' id='word_1_64' title='bbox 1944 914 2067 953; x_wconf 61' lang='lat' dir='ltr'><strong>mu-</strong></span> 
     </span>
    </p>
   </div>
   <div class='ocr_carea' id='block_1_11' title="bbox 489 982 2063 1059">
    <p class='ocr_par' dir='ltr' id='par_1_11' title="bbox 489 982 2063 1059">
     <span class='ocr_line' id='line_1_11' title="bbox 489 982 2063 1059; baseline 0.004 -21"><span class='ocrx_word' id='word_1_65' title='bbox 489 985 714 1042; x_wconf 86' lang='lat' dir='ltr'><strong>lieribus</strong></span> <span class='ocrx_word' id='word_1_66' title='bbox 759 982 1028 1040; x_wconf 73' lang='lat' dir='ltr'><strong>accidunt.</strong></span> <span class='ocrx_word' id='word_1_67' title='bbox 1076 986 1335 1056; x_wconf 82' lang='lat' dir='ltr'><strong>Peperisti</strong></span> <span class='ocrx_word' id='word_1_68' title='bbox 1380 997 1637 1059; x_wconf 88' lang='lat' dir='ltr'><strong>tanquam</strong></span> <span class='ocrx_word' id='word_1_69' title='bbox 1690 990 1907 1054; x_wconf 89' lang='lat' dir='ltr'><strong>mulier,</strong></span> <span class='ocrx_word' id='word_1_70' title='bbox 1956 1006 2063 1045; x_wconf 90' lang='lat' dir='ltr'><strong>non</strong></span> 
     </span>
    </p>
   </div>
   <div class='ocr_carea' id='block_1_12' title="bbox 490 1077 2067 1150">
    <p class='ocr_par' dir='ltr' id='par_1_12' title="bbox 490 1077 2067 1150">
     <span class='ocr_line' id='line_1_12' title="bbox 490 1077 2067 1150; baseline 0.003 -19"><span class='ocrx_word' id='word_1_71' title='bbox 490 1088 668 1131; x_wconf 82' lang='lat' dir='ltr'><strong>tamen</strong></span> <span class='ocrx_word' id='word_1_72' title='bbox 697 1083 758 1130; x_wconf 91' lang='lat' dir='ltr'><strong>ut</strong></span> <span class='ocrx_word' id='word_1_73' title='bbox 793 1077 989 1131; x_wconf 85' lang='lat' dir='ltr'><strong>mulier</strong></span> <span class='ocrx_word' id='word_1_74' title='bbox 1022 1085 1281 1147; x_wconf 87' lang='lat' dir='ltr'><strong>corrupta</strong></span> <span class='ocrx_word' id='word_1_75' title='bbox 1306 1094 1367 1132; x_wconf 88' lang='lat' dir='ltr'><strong>es</strong></span> <span class='ocrx_word' id='word_1_76' title='bbox 1401 1096 1414 1132; x_wconf 91' lang='lat'><strong>:</strong></span> <span class='ocrx_word' id='word_1_77' title='bbox 1452 1080 1606 1150; x_wconf 76' lang='lat' dir='ltr'><strong>juxta</strong></span> <span class='ocrx_word' id='word_1_78' title='bbox 1635 1080 1807 1150; x_wconf 80' lang='lat' dir='ltr'><strong>lcgem</strong></span> <span class='ocrx_word' id='word_1_79' title='bbox 1839 1089 2067 1136; x_wconf 85' lang='lat' dir='ltr'><strong>natura-</strong></span> 
     </span>
    </p>
   </div>
   <div class='ocr_carea' id='block_1_13' title="bbox 485 1170 2065 1244">
    <p class='ocr_par' dir='ltr' id='par_1_13' title="bbox 485 1170 2065 1244">
     <span class='ocr_line' id='line_1_13' title="bbox 485 1170 2065 1244; baseline 0.003 -20"><span class='ocrx_word' id='word_1_80' title='bbox 485 1172 589 1225; x_wconf 91' lang='lat' dir='ltr'><strong>lem</strong></span> <span class='ocrx_word' id='word_1_81' title='bbox 613 1171 864 1241; x_wconf 85' lang='lat' dir='ltr'><strong>gestabas</strong></span> <span class='ocrx_word' id='word_1_82' title='bbox 913 1170 966 1224; x_wconf 91' lang='lat' dir='ltr'><strong>in</strong></span> <span class='ocrx_word' id='word_1_83' title='bbox 1016 1180 1194 1233; x_wconf 87' lang='lat' dir='ltr'><strong>utero,</strong></span> <span class='ocrx_word' id='word_1_84' title='bbox 1246 1171 1510 1241; x_wconf 88' lang='lat' dir='ltr'><strong>quoniam</strong></span> <span class='ocrx_word' id='word_1_85' title='bbox 1555 1180 1772 1244; x_wconf 86' lang='lat' dir='ltr'><strong>tempus</strong></span> <span class='ocrx_word' id='word_1_86' title='bbox 1819 1175 2065 1243; x_wconf 83' lang='lat' dir='ltr'><strong>pariendi</strong></span> 
     </span>
    </p>
   </div>
   <div class='ocr_carea' id='block_1_14' title="bbox 480 1265 2062 1339">
    <p class='ocr_par' dir='ltr' id='par_1_14' title="bbox 480 1265 2062 1339">
     <span class='ocr_line' id='line_1_14' title="bbox 480 1265 2062 1339; baseline 0.003 -21"><span class='ocrx_word' id='word_1_87' title='bbox 480 1265 857 1335; x_wconf 68' lang='lat' dir='ltr'><strong>prmscriptum</strong></span> <span class='ocrx_word' id='word_1_88' title='bbox 905 1266 1305 1335; x_wconf 73' lang='lat' dir='ltr'><strong>exspectabas:</strong></span> <span class='ocrx_word' id='word_1_89' title='bbox 1348 1276 1729 1322; x_wconf 79' lang='lat' dir='ltr'><strong>verumtamen</strong></span> <span class='ocrx_word' id='word_1_90' title='bbox 1761 1269 2062 1339; x_wconf 87' lang='lat' dir='ltr'><strong>concepisti</strong></span> 
     </span>
    </p>
   </div>
   <div class='ocr_carea' id='block_1_15' title="bbox 478 1358 2063 1432">
    <p class='ocr_par' dir='ltr' id='par_1_15' title="bbox 478 1358 2063 1432">
     <span class='ocr_line' id='line_1_15' title="bbox 478 1358 2063 1432; baseline 0.004 -22"><span class='ocrx_word' id='word_1_91' title='bbox 478 1366 680 1427; x_wconf 70' lang='lat' dir='ltr'><strong>przeter</strong></span> <span class='ocrx_word' id='word_1_92' title='bbox 707 1358 880 1428; x_wconf 82' lang='lat' dir='ltr'><strong>legem</strong></span> <span class='ocrx_word' id='word_1_93' title='bbox 913 1358 1254 1424; x_wconf 78' lang='lat' dir='ltr'><strong>naturalem;</strong></span> <span class='ocrx_word' id='word_1_94' title='bbox 1287 1360 1428 1414; x_wconf 87' lang='lat' dir='ltr'><strong>alius</strong></span> <span class='ocrx_word' id='word_1_95' title='bbox 1463 1368 1514 1415; x_wconf 92' lang='lat' dir='ltr'><strong>te</strong></span> <span class='ocrx_word' id='word_1_96' title='bbox 1536 1360 1826 1430; x_wconf 87' lang='lat' dir='ltr'><strong>appellavit</strong></span> <span class='ocrx_word' id='word_1_97' title='bbox 1850 1371 2063 1432; x_wconf 90' lang='lat' dir='ltr'><strong>portam</strong></span> 
     </span>
    </p>
   </div>
   <div class='ocr_carea' id='block_1_16' title="bbox 478 1449 2063 1522">
    <p class='ocr_par' dir='ltr' id='par_1_16' title="bbox 478 1449 2063 1522">
     <span class='ocr_line' id='line_1_16' title="bbox 478 1449 2063 1522; baseline 0.003 -18"><span class='ocrx_word' id='word_1_98' title='bbox 478 1449 720 1504; x_wconf 83' lang='lat' dir='ltr'><strong>clausam</strong></span> <span class='ocrx_word' id='word_1_99' title='bbox 752 1451 805 1503; x_wconf 90' lang='lat' dir='ltr'><strong>in</strong></span> <span class='ocrx_word' id='word_1_100' title='bbox 831 1450 1048 1505; x_wconf 84' lang='lat' dir='ltr'><strong>oriente</strong></span> <span class='ocrx_word' id='word_1_101' title='bbox 1075 1451 1241 1506; x_wconf 83' lang='lat' dir='ltr'><strong>sitam</strong></span> <span class='ocrx_word' id='word_1_102' title='bbox 1261 1452 1329 1519; x_wconf 79' lang='grc'><strong>³⁸,</strong></span> <span class='ocrx_word' id='word_1_103' title='bbox 1353 1468 1475 1522; x_wconf 68' lang='lat' dir='ltr'><strong>qua:</strong></span> <span class='ocrx_word' id='word_1_104' title='bbox 1507 1453 1814 1509; x_wconf 76' lang='lat' dir='ltr'><strong>introduxit</strong></span> <span class='ocrx_word' id='word_1_105' title='bbox 1846 1454 2063 1509; x_wconf 84' lang='lat' dir='ltr'><strong>clausa-</strong></span> 
     </span>
    </p>
   </div>
   <div class='ocr_carea' id='block_1_17' title="bbox 476 1546 2063 1618">
    <p class='ocr_par' dir='ltr' id='par_1_17' title="bbox 476 1546 2063 1618">
     <span class='ocr_line' id='line_1_17' title="bbox 476 1546 2063 1618; baseline 0.004 -21"><span class='ocrx_word' id='word_1_106' title='bbox 476 1559 599 1597; x_wconf 91' lang='lat' dir='ltr'><strong>rum</strong></span> <span class='ocrx_word' id='word_1_107' title='bbox 626 1554 907 1614; x_wconf 86' lang='lat' dir='ltr'><strong>portarum</strong></span> <span class='ocrx_word' id='word_1_108' title='bbox 934 1561 1118 1615; x_wconf 76' lang='lat' dir='ltr'><strong>regem</strong></span> <span class='ocrx_word' id='word_1_109' title='bbox 1155 1564 1169 1600; x_wconf 88' lang='lat'><strong>:</strong></span> <span class='ocrx_word' id='word_1_110' title='bbox 1211 1562 1425 1602; x_wconf 90' lang='lat' dir='ltr'><strong>necnon</strong></span> <span class='ocrx_word' id='word_1_111' title='bbox 1451 1546 1615 1602; x_wconf 90' lang='lat' dir='ltr'><strong>ctiam</strong></span> <span class='ocrx_word' id='word_1_112' title='bbox 1652 1557 1865 1618; x_wconf 87' lang='lat' dir='ltr'><strong>portam</strong></span> <span class='ocrx_word' id='word_1_113' title='bbox 1900 1550 2063 1604; x_wconf 92' lang='lat' dir='ltr'><strong>emit-</strong></span> 
     </span>
    </p>
   </div>
   <div class='ocr_carea' id='block_1_18' title="bbox 479 1639 2062 1710">
    <p class='ocr_par' dir='ltr' id='par_1_18' title="bbox 479 1639 2062 1710">
     <span class='ocr_line' id='line_1_18' title="bbox 479 1639 2062 1710; baseline 0.005 -21"><span class='ocrx_word' id='word_1_114' title='bbox 479 1646 679 1691; x_wconf 88' lang='lat' dir='ltr'><strong>tcntem</strong></span> <span class='ocrx_word' id='word_1_115' title='bbox 727 1647 779 1691; x_wconf 93' lang='lat' dir='ltr'><strong>te</strong></span> <span class='ocrx_word' id='word_1_116' title='bbox 839 1639 1074 1698; x_wconf 80' lang='lat' dir='ltr'><strong>vocavit.</strong></span> <span class='ocrx_word' id='word_1_117' title='bbox 1121 1639 1379 1708; x_wconf 70' lang='lat' dir='ltr'><strong>quoniam</strong></span> <span class='ocrx_word' id='word_1_118' title='bbox 1422 1649 1578 1710; x_wconf 85' lang='lat' dir='ltr'><strong>porta</strong></span> <span class='ocrx_word' id='word_1_119' title='bbox 1620 1641 1904 1710; x_wconf 64' lang='lat' dir='ltr'><strong>praesentis</strong></span> <span class='ocrx_word' id='word_1_120' title='bbox 1938 1642 2062 1697; x_wconf 67' lang='lat' dir='ltr'><strong>vitae</strong></span> 
     </span>
    </p>
   </div>
   <div class='ocr_carea' id='block_1_19' title="bbox 481 1728 2058 1804">
    <p class='ocr_par' dir='ltr' id='par_1_19' title="bbox 481 1728 2058 1804">
     <span class='ocr_line' id='line_1_19' title="bbox 481 1728 2058 1804; baseline 0.003 -21"><span class='ocrx_word' id='word_1_121' title='bbox 481 1728 772 1798; x_wconf 84' lang='lat' dir='ltr'><strong>Unigenito</strong></span> <span class='ocrx_word' id='word_1_122' title='bbox 802 1728 995 1784; x_wconf 79' lang='lat' dir='ltr'><strong>eﬂ‘ccta</strong></span> <span class='ocrx_word' id='word_1_123' title='bbox 1020 1746 1099 1784; x_wconf 89' lang='lat' dir='ltr'><strong>es.</strong></span> <span class='ocrx_word' id='word_1_124' title='bbox 1135 1730 1350 1787; x_wconf 86' lang='lat' dir='ltr'><strong>Portam</strong></span> <span class='ocrx_word' id='word_1_125' title='bbox 1385 1733 1442 1785; x_wconf 91' lang='lat' dir='ltr'><strong>in</strong></span> <span class='ocrx_word' id='word_1_126' title='bbox 1480 1733 1695 1788; x_wconf 91' lang='lat' dir='ltr'><strong>oriente</strong></span> <span class='ocrx_word' id='word_1_127' title='bbox 1720 1732 1904 1794; x_wconf 88' lang='lat' dir='ltr'><strong>sitam.</strong></span> <span class='ocrx_word' id='word_1_128' title='bbox 1932 1734 2058 1804; x_wconf 84' lang='lat' dir='ltr'><strong>quia</strong></span> 
     </span>
    </p>
   </div>
   <div class='ocr_carea' id='block_1_20' title="bbox 477 1826 2066 1895">
    <p class='ocr_par' dir='ltr' id='par_1_20' title="bbox 477 1826 2066 1895">
     <span class='ocr_line' id='line_1_20' title="bbox 477 1826 2066 1895; baseline 0.006 -19"><span class='ocrx_word' id='word_1_129' title='bbox 477 1828 571 1878; x_wconf 81' lang='lat' dir='ltr'><strong>tux</strong></span> <span class='ocrx_word' id='word_1_130' title='bbox 613 1839 759 1889; x_wconf 71' lang='lat' dir='ltr'><strong>vera,</strong></span> <span class='ocrx_word' id='word_1_131' title='bbox 798 1840 920 1895; x_wconf 72' lang='lat' dir='ltr'><strong>qua:</strong></span> <span class='ocrx_word' id='word_1_132' title='bbox 946 1826 1219 1882; x_wconf 83' lang='lat' dir='ltr'><strong>illuminat</strong></span> <span class='ocrx_word' id='word_1_133' title='bbox 1259 1840 1479 1884; x_wconf 90' lang='lat' dir='ltr'><strong>omnem</strong></span> <span class='ocrx_word' id='word_1_134' title='bbox 1519 1830 1796 1885; x_wconf 89' lang='lat' dir='ltr'><strong>hominem</strong></span> <span class='ocrx_word' id='word_1_135' title='bbox 1838 1831 2066 1886; x_wconf 86' lang='lat' dir='ltr'><strong>venien-</strong></span> 
     </span>
    </p>
   </div>
   <div class='ocr_carea' id='block_1_21' title="bbox 477 1917 2063 1994">
    <p class='ocr_par' dir='ltr' id='par_1_21' title="bbox 477 1917 2063 1994">
     <span class='ocr_line' id='line_1_21' title="bbox 477 1917 2063 1994; baseline 0.006 -24"><span class='ocrx_word' id='word_1_136' title='bbox 477 1928 583 1971; x_wconf 86' lang='lat' dir='ltr'><strong>tem</strong></span> <span class='ocrx_word' id='word_1_137' title='bbox 611 1917 663 1971; x_wconf 92' lang='lat' dir='ltr'><strong>in</strong></span> <span class='ocrx_word' id='word_1_138' title='bbox 699 1920 964 1973; x_wconf 89' lang='lat' dir='ltr'><strong>mundum</strong></span> <span class='ocrx_word' id='word_1_139' title='bbox 993 1921 1062 1986; x_wconf 75' lang='lat'><strong>“‘,</strong></span> <span class='ocrx_word' id='word_1_140' title='bbox 1096 1936 1165 1976; x_wconf 84' lang='lat' dir='ltr'><strong>ex</strong></span> <span class='ocrx_word' id='word_1_141' title='bbox 1197 1933 1356 1978; x_wconf 87' lang='lat' dir='ltr'><strong>utero</strong></span> <span class='ocrx_word' id='word_1_142' title='bbox 1397 1932 1490 1978; x_wconf 90' lang='lat' dir='ltr'><strong>tuo</strong></span> <span class='ocrx_word' id='word_1_143' title='bbox 1520 1923 1992 1994; x_wconf 66' lang='lat' dir='ltr'><strong>processit,‘veiut</strong></span> <span class='ocrx_word' id='word_1_144' title='bbox 2032 1939 2063 1979; x_wconf 90' lang='lat' dir='ltr'><strong>e</strong></span> 
     </span>
    </p>
   </div>
   <div class='ocr_carea' id='block_1_22' title="bbox 472 2013 2062 2089">
    <p class='ocr_par' dir='ltr' id='par_1_22' title="bbox 472 2013 2062 2089">
     <span class='ocr_line' id='line_1_22' title="bbox 472 2013 2062 2089; baseline 0.008 -28"><span class='ocrx_word' id='word_1_145' title='bbox 472 2013 705 2081; x_wconf 84' lang='lat' dir='ltr'><strong>quodam</strong></span> <span class='ocrx_word' id='word_1_146' title='bbox 743 2014 985 2069; x_wconf 87' lang='lat' dir='ltr'><strong>thalamo</strong></span> <span class='ocrx_word' id='word_1_147' title='bbox 1010 2016 1180 2086; x_wconf 85' lang='lat' dir='ltr'><strong>regio.</strong></span> <span class='ocrx_word' id='word_1_148' title='bbox 1219 2015 1300 2071; x_wconf 86' lang='lat' dir='ltr'><strong>Tu</strong></span> <span class='ocrx_word' id='word_1_149' title='bbox 1327 2033 1508 2089; x_wconf 87' lang='lat' dir='ltr'><strong>regem</strong></span> <span class='ocrx_word' id='word_1_150' title='bbox 1537 2027 1817 2087; x_wconf 89' lang='lat' dir='ltr'><strong>portarum</strong></span> <span class='ocrx_word' id='word_1_151' title='bbox 1848 2019 2062 2075; x_wconf 80' lang='lat' dir='ltr'><strong>clausa-</strong></span> 
     </span>
    </p>
   </div>
   <div class='ocr_carea' id='block_1_23' title="bbox 475 2103 2063 2181">
    <p class='ocr_par' dir='ltr' id='par_1_23' title="bbox 475 2103 2063 2181">
     <span class='ocr_line' id='line_1_23' title="bbox 475 2103 2063 2181; baseline 0.006 -26"><span class='ocrx_word' id='word_1_152' title='bbox 475 2118 596 2155; x_wconf 88' lang='lat' dir='ltr'><strong>rum</strong></span> <span class='ocrx_word' id='word_1_153' title='bbox 624 2103 1001 2172; x_wconf 66' lang='lat' dir='ltr'><strong>intmduvisti,</strong></span> <span class='ocrx_word' id='word_1_154' title='bbox 1029 2114 1197 2176; x_wconf 87' lang='lat' dir='ltr'><strong>atque</strong></span> <span class='ocrx_word' id='word_1_155' title='bbox 1218 2108 1413 2163; x_wconf 89' lang='lat' dir='ltr'><strong>iterum</strong></span> <span class='ocrx_word' id='word_1_156' title='bbox 1436 2111 1689 2167; x_wconf 85' lang='lat' dir='ltr'><strong>eduxisti.</strong></span> <span class='ocrx_word' id='word_1_157' title='bbox 1714 2109 2063 2181; x_wconf 82' lang='lat' dir='ltr'><strong>Nequaquam</strong></span> 
     </span>
    </p>
   </div>
   <div class='ocr_carea' id='block_1_24' title="bbox 468 2194 2060 2271">
    <p class='ocr_par' dir='ltr' id='par_1_24' title="bbox 468 2194 2060 2271">
     <span class='ocr_line' id='line_1_24' title="bbox 468 2194 2060 2271; baseline 0.006 -26"><span class='ocrx_word' id='word_1_158' title='bbox 468 2210 618 2248; x_wconf 65' lang='lat' dir='ltr'><strong>enim</strong></span> <span class='ocrx_word' id='word_1_159' title='bbox 655 2194 770 2250; x_wconf 79' lang='lat' dir='ltr'><strong>Rex</strong></span> <span class='ocrx_word' id='word_1_160' title='bbox 806 2197 1014 2266; x_wconf 70' lang='lat' dir='ltr'><strong>gloriae,</strong></span> <span class='ocrx_word' id='word_1_161' title='bbox 1049 2199 1178 2254; x_wconf 81' lang='lat' dir='ltr'><strong>dum</strong></span> <span class='ocrx_word' id='word_1_162' title='bbox 1222 2202 1605 2271; x_wconf 84' lang='lat' dir='ltr'><strong>conciperetur</strong></span> <span class='ocrx_word' id='word_1_163' title='bbox 1647 2211 1741 2257; x_wconf 89' lang='lat' dir='ltr'><strong>aut</strong></span> <span class='ocrx_word' id='word_1_164' title='bbox 1786 2202 2060 2268; x_wconf 84' lang='lat' dir='ltr'><strong>ederetur,</strong></span> 
     </span>
    </p>
   </div>
   <div class='ocr_carea' id='block_1_25' title="bbox 470 2279 2065 2366">
    <p class='ocr_par' dir='ltr' id='par_1_25' title="bbox 470 2279 2065 2366">
     <span class='ocr_line' id='line_1_25' title="bbox 470 2279 2065 2366; baseline 0.006 -27"><span class='ocrx_word' id='word_1_165' title='bbox 470 2287 647 2342; x_wconf 80' lang='lat' dir='ltr'><strong>vulvae</strong></span> <span class='ocrx_word' id='word_1_166' title='bbox 678 2297 786 2344; x_wconf 68' lang='lat' dir='ltr'><strong>tua:</strong></span> <span class='ocrx_word' id='word_1_167' title='bbox 812 2300 1003 2359; x_wconf 89' lang='lat' dir='ltr'><strong>portas</strong></span> <span class='ocrx_word' id='word_1_168' title='bbox 1026 2307 1249 2361; x_wconf 84' lang='lat' dir='ltr'><strong>prorsus</strong></span> <span class='ocrx_word' id='word_1_169' title='bbox 1271 2279 1505 2364; x_wconf 81' lang='lat' dir='ltr'><strong>aperuit,</strong></span> <span class='ocrx_word' id='word_1_170' title='bbox 1536 2311 1714 2366; x_wconf 86' lang='lat' dir='ltr'><strong>neque</strong></span> <span class='ocrx_word' id='word_1_171' title='bbox 1739 2294 2065 2364; x_wconf 78' lang='lat' dir='ltr'><strong>virginitatis</strong></span> 
     </span>
    </p>
   </div>
   <div class='ocr_carea' id='block_1_26' title="bbox 469 2376 2064 2447">
    <p class='ocr_par' dir='ltr' id='par_1_26' title="bbox 469 2376 2064 2447">
     <span class='ocr_line' id='line_1_26' title="bbox 469 2376 2064 2447; baseline 0.006 -20"><span class='ocrx_word' id='word_1_172' title='bbox 469 2376 695 2432; x_wconf 83' lang='lat' dir='ltr'><strong>vincula</strong></span> <span class='ocrx_word' id='word_1_173' title='bbox 740 2377 968 2433; x_wconf 76' lang='lat' dir='ltr'><strong>laxavit.</strong></span> <span class='ocrx_word' id='word_1_174' title='bbox 1025 2379 1255 2436; x_wconf 81' lang='lat' dir='ltr'><strong>Vocavit</strong></span> <span class='ocrx_word' id='word_1_175' title='bbox 1295 2391 1348 2437; x_wconf 89' lang='lat' dir='ltr'><strong>te</strong></span> <span class='ocrx_word' id='word_1_176' title='bbox 1377 2383 1595 2438; x_wconf 83' lang='lat' dir='ltr'><strong>hortum</strong></span> <span class='ocrx_word' id='word_1_177' title='bbox 1637 2383 1976 2447; x_wconf 87' lang='lat' dir='ltr'><strong>conclusum,</strong></span> <span class='ocrx_word' id='word_1_178' title='bbox 2009 2391 2064 2437; x_wconf 81' lang='lat' dir='ltr'><strong>et</strong></span> 
     </span>
    </p>
   </div>
   <div class='ocr_carea' id='block_1_27' title="bbox 470 2468 2057 2547">
    <p class='ocr_par' dir='ltr' id='par_1_27' title="bbox 470 2468 2057 2547">
     <span class='ocr_line' id='line_1_27' title="bbox 470 2468 2057 2547; baseline 0.006 -25"><span class='ocrx_word' id='word_1_179' title='bbox 470 2468 680 2523; x_wconf 88' lang='lat' dir='ltr'><strong>fontem</strong></span> <span class='ocrx_word' id='word_1_180' title='bbox 731 2470 1030 2542; x_wconf 86' lang='lat' dir='ltr'><strong>signatum,</strong></span> <span class='ocrx_word' id='word_1_181' title='bbox 1078 2474 1125 2530; x_wconf 89' lang='lat' dir='ltr'><strong>is</strong></span> <span class='ocrx_word' id='word_1_182' title='bbox 1155 2474 1248 2544; x_wconf 89' lang='lat' dir='ltr'><strong>qui</strong></span> <span class='ocrx_word' id='word_1_183' title='bbox 1281 2492 1348 2530; x_wconf 80' lang='lat' dir='ltr'><strong>ex</strong></span> <span class='ocrx_word' id='word_1_184' title='bbox 1392 2485 1444 2531; x_wconf 89' lang='lat' dir='ltr'><strong>te</strong></span> <span class='ocrx_word' id='word_1_185' title='bbox 1484 2484 1638 2533; x_wconf 92' lang='lat' dir='ltr'><strong>ortus</strong></span> <span class='ocrx_word' id='word_1_186' title='bbox 1675 2486 1760 2532; x_wconf 85' lang='lat' dir='ltr'><strong>est</strong></span> <span class='ocrx_word' id='word_1_187' title='bbox 1797 2492 2057 2547; x_wconf 90' lang='lat' dir='ltr'><strong>sponsus,</strong></span> 
     </span>
    </p>
   </div>
   <div class='ocr_carea' id='block_1_28' title="bbox 473 2563 2063 2636">
    <p class='ocr_par' dir='ltr' id='par_1_28' title="bbox 473 2563 2063 2636">
     <span class='ocr_line' id='line_1_28' title="bbox 473 2563 2063 2636; baseline 0.008 -22"><span class='ocrx_word' id='word_1_188' title='bbox 473 2563 725 2631; x_wconf 76' lang='lat' dir='ltr'><strong>przedixit</strong></span> <span class='ocrx_word' id='word_1_189' title='bbox 752 2565 807 2618; x_wconf 91' lang='lat' dir='ltr'><strong>in</strong></span> <span class='ocrx_word' id='word_1_190' title='bbox 839 2565 1086 2623; x_wconf 87' lang='lat' dir='ltr'><strong>Canticis</strong></span> <span class='ocrx_word' id='word_1_191' title='bbox 1128 2568 1195 2622; x_wconf 80' lang='lat'><strong>&quot;.</strong></span> <span class='ocrx_word' id='word_1_192' title='bbox 1243 2567 1470 2624; x_wconf 86' lang='lat' dir='ltr'><strong>Hortum</strong></span> <span class='ocrx_word' id='word_1_193' title='bbox 1504 2571 1852 2636; x_wconf 86' lang='lat' dir='ltr'><strong>conclusum,</strong></span> <span class='ocrx_word' id='word_1_194' title='bbox 1902 2571 1973 2626; x_wconf 93' lang='lat' dir='ltr'><strong>ob</strong></span> <span class='ocrx_word' id='word_1_195' title='bbox 2007 2571 2063 2626; x_wconf 88' lang='lat' dir='ltr'><strong>id</strong></span> 
     </span>
    </p>
   </div>
   <div class='ocr_carea' id='block_1_29' title="bbox 468 2655 2060 2732">
    <p class='ocr_par' dir='ltr' id='par_1_29' title="bbox 468 2655 2060 2732">
     <span class='ocr_line' id='line_1_29' title="bbox 468 2655 2060 2732; baseline 0.006 -25"><span class='ocrx_word' id='word_1_196' title='bbox 468 2655 613 2723; x_wconf 85' lang='lat' dir='ltr'><strong>quod</strong></span> <span class='ocrx_word' id='word_1_197' title='bbox 649 2656 757 2710; x_wconf 79' lang='lat' dir='ltr'><strong>falx</strong></span> <span class='ocrx_word' id='word_1_198' title='bbox 791 2660 1191 2728; x_wconf 79' lang='lat' dir='ltr'><strong>corruptionis,</strong></span> <span class='ocrx_word' id='word_1_199' title='bbox 1216 2676 1286 2715; x_wconf 86' lang='lat' dir='ltr'><strong>au</strong></span> <span class='ocrx_word' id='word_1_200' title='bbox 1345 2662 1612 2717; x_wconf 82' lang='lat' dir='ltr'><strong>vindemia</strong></span> <span class='ocrx_word' id='word_1_201' title='bbox 1643 2672 1693 2718; x_wconf 90' lang='lat' dir='ltr'><strong>te</strong></span> <span class='ocrx_word' id='word_1_202' title='bbox 1719 2678 1827 2717; x_wconf 91' lang='lat' dir='ltr'><strong>non</strong></span> <span class='ocrx_word' id='word_1_203' title='bbox 1860 2663 2060 2732; x_wconf 77' lang='lat' dir='ltr'><strong>attigit:</strong></span> 
     </span>
    </p>
   </div>
   <div class='ocr_carea' id='block_1_30' title="bbox 469 2746 2061 2827">
    <p class='ocr_par' dir='ltr' id='par_1_30' title="bbox 469 2746 2061 2827">
     <span class='ocr_line' id='line_1_30' title="bbox 469 2746 2061 2827; baseline 0.006 -27"><span class='ocrx_word' id='word_1_204' title='bbox 469 2746 659 2802; x_wconf 86' lang='lat' dir='ltr'><strong>ﬂorem</strong></span> <span class='ocrx_word' id='word_1_205' title='bbox 687 2760 896 2815; x_wconf 88' lang='lat' dir='ltr'><strong>autem,</strong></span> <span class='ocrx_word' id='word_1_206' title='bbox 930 2752 1022 2820; x_wconf 92' lang='lat' dir='ltr'><strong>qui</strong></span> <span class='ocrx_word' id='word_1_207' title='bbox 1058 2768 1123 2807; x_wconf 80' lang='lat' dir='ltr'><strong>ex</strong></span> <span class='ocrx_word' id='word_1_208' title='bbox 1157 2753 1341 2809; x_wconf 87' lang='lat' dir='ltr'><strong>radice</strong></span> <span class='ocrx_word' id='word_1_209' title='bbox 1371 2752 1527 2809; x_wconf 82' lang='lat' dir='ltr'><strong>Jesse</strong></span> <span class='ocrx_word' id='word_1_210' title='bbox 1566 2755 1846 2809; x_wconf 88' lang='lat' dir='ltr'><strong>hominum</strong></span> <span class='ocrx_word' id='word_1_211' title='bbox 1878 2754 2061 2827; x_wconf 78' lang='lat' dir='ltr'><strong>generi</strong></span> 
     </span>
    </p>
   </div>
   <div class='ocr_carea' id='block_1_31' title="bbox 470 2843 2062 2917">
    <p class='ocr_par' dir='ltr' id='par_1_31' title="bbox 470 2843 2062 2917">
     <span class='ocr_line' id='line_1_31' title="bbox 470 2843 2062 2917; baseline 0.007 -25"><span class='ocrx_word' id='word_1_212' title='bbox 470 2856 606 2908; x_wconf 89' lang='lat' dir='ltr'><strong>pure</strong></span> <span class='ocrx_word' id='word_1_213' title='bbox 635 2843 955 2909; x_wconf 79' lang='lat' dir='ltr'><strong>exhibetur,</strong></span> <span class='ocrx_word' id='word_1_214' title='bbox 1007 2846 1263 2902; x_wconf 83' lang='lat' dir='ltr'><strong>excultus</strong></span> <span class='ocrx_word' id='word_1_215' title='bbox 1297 2848 1390 2903; x_wconf 77' lang='lat' dir='ltr'><strong>tibi</strong></span> <span class='ocrx_word' id='word_1_216' title='bbox 1428 2863 1457 2902; x_wconf 88' lang='lat' dir='ltr'><strong>a</strong></span> <span class='ocrx_word' id='word_1_217' title='bbox 1488 2863 1628 2917; x_wconf 93' lang='lat' dir='ltr'><strong>puro</strong></span> <span class='ocrx_word' id='word_1_218' title='bbox 1657 2857 1713 2903; x_wconf 92' lang='lat' dir='ltr'><strong>et</strong></span> <span class='ocrx_word' id='word_1_219' title='bbox 1736 2847 2062 2903; x_wconf 87' lang='lat' dir='ltr'><strong>intemerato</strong></span> 
     </span>
    </p>
   </div>
   <div class='ocr_carea' id='block_1_32' title="bbox 469 2930 2061 3009">
    <p class='ocr_par' dir='ltr' id='par_1_32' title="bbox 469 2930 2061 3009">
     <span class='ocr_line' id='line_1_32' title="bbox 469 2930 2061 3009; baseline 0.006 -23"><span class='ocrx_word' id='word_1_220' title='bbox 469 2930 703 3002; x_wconf 71' lang='lat' dir='ltr'><strong>Spiritu.</strong></span> <span class='ocrx_word' id='word_1_221' title='bbox 730 2933 964 2991; x_wconf 84' lang='lat' dir='ltr'><strong>Fontem</strong></span> <span class='ocrx_word' id='word_1_222' title='bbox 996 2938 1337 3004; x_wconf 87' lang='lat' dir='ltr'><strong>conclusum,</strong></span> <span class='ocrx_word' id='word_1_223' title='bbox 1371 2939 1495 3009; x_wconf 89' lang='lat' dir='ltr'><strong>quia</strong></span> <span class='ocrx_word' id='word_1_224' title='bbox 1526 2939 1729 2995; x_wconf 91' lang='lat' dir='ltr'><strong>ﬂumen</strong></span> <span class='ocrx_word' id='word_1_225' title='bbox 1763 2939 1887 2996; x_wconf 69' lang='lat' dir='ltr'><strong>vitae</strong></span> <span class='ocrx_word' id='word_1_226' title='bbox 1908 2955 1973 2994; x_wconf 84' lang='lat' dir='ltr'><strong>ex</strong></span> <span class='ocrx_word' id='word_1_227' title='bbox 2009 2949 2061 2995; x_wconf 92' lang='lat' dir='ltr'><strong>te</strong></span> 
     </span>
    </p>
   </div>
   <div class='ocr_carea' id='block_1_33' title="bbox 412 3028 2060 3104">
    <p class='ocr_par' dir='ltr' id='par_1_33' title="bbox 412 3028 2060 3104">
     <span class='ocr_line' id='line_1_33' title="bbox 412 3028 2060 3104; baseline 0.007 -28"><span class='ocrx_word' id='word_1_228' title='bbox 412 3038 421 3041; x_wconf 71' lang='lat'>‘</span> <span class='ocrx_word' id='word_1_229' title='bbox 472 3028 732 3096; x_wconf 83' lang='lat' dir='ltr'><strong>prodiens</strong></span> <span class='ocrx_word' id='word_1_230' title='bbox 764 3031 998 3099; x_wconf 90' lang='lat' dir='ltr'><strong>replevit</strong></span> <span class='ocrx_word' id='word_1_231' title='bbox 1043 3039 1267 3093; x_wconf 83' lang='lat' dir='ltr'><strong>terram,</strong></span> <span class='ocrx_word' id='word_1_232' title='bbox 1321 3033 1522 3103; x_wconf 88' lang='lat' dir='ltr'><strong>alioqui</strong></span> <span class='ocrx_word' id='word_1_233' title='bbox 1566 3049 1754 3089; x_wconf 87' lang='lat' dir='ltr'><strong>ramus</strong></span> <span class='ocrx_word' id='word_1_234' title='bbox 1800 3033 2060 3104; x_wconf 84' lang='lat' dir='ltr'><strong>nuptialis</strong></span> 
     </span>
    </p>
   </div>
   <div class='ocr_carea' id='block_1_34' title="bbox 2185 535 3709 617">
    <p class='ocr_par' dir='ltr' id='par_1_34' title="bbox 2185 535 3709 617">
     <span class='ocr_line' id='line_1_34' title="bbox 2185 535 3709 617; baseline 0.013 -30"><span class='ocrx_word' id='word_1_235' title='bbox 2185 535 2280 587; x_wconf 78' lang='grc' dir='ltr'>καὶ</span> <span class='ocrx_word' id='word_1_236' title='bbox 2315 537 2498 607; x_wconf 83' lang='grc' dir='ltr'>πατὴρ</span> <span class='ocrx_word' id='word_1_237' title='bbox 2532 539 2631 608; x_wconf 68' lang='grc' dir='ltr'>οὐχ</span> <span class='ocrx_word' id='word_1_238' title='bbox 2660 538 2976 609; x_wconf 80' lang='grc' dir='ltr'><strong>εὑρίσκετο·</strong></span> <span class='ocrx_word' id='word_1_239' title='bbox 3005 543 3034 594; x_wconf 81' lang='grc' dir='ltr'>ὁ</span> <span class='ocrx_word' id='word_1_240' title='bbox 3066 543 3233 612; x_wconf 55' lang='grc' dir='ltr'>άγῷς</span> <span class='ocrx_word' id='word_1_241' title='bbox 3254 545 3612 617; x_wconf 71' lang='grc' dir='ltr'>ὲκαρποφόρει,</span> <span class='ocrx_word' id='word_1_242' title='bbox 3631 558 3709 607; x_wconf 75' lang='grc' dir='ltr'>καὶ</span> 
     </span>
    </p>
   </div>
   <div class='ocr_carea' id='block_1_35' title="bbox 2176 628 3712 707">
    <p class='ocr_par' dir='ltr' id='par_1_35' title="bbox 2176 628 3712 707">
     <span class='ocr_line' id='line_1_35' title="bbox 2176 628 3712 707; baseline 0.011 -26"><span class='ocrx_word' id='word_1_243' title='bbox 2176 629 2206 681; x_wconf 82' lang='grc' dir='ltr'><strong>ὁ</strong></span> <span class='ocrx_word' id='word_1_244' title='bbox 2230 628 2443 697; x_wconf 81' lang='grc' dir='ltr'>καρπὸς</span> <span class='ocrx_word' id='word_1_245' title='bbox 2462 630 2712 701; x_wconf 71' lang='grc' dir='ltr'>γεωργὸν</span> <span class='ocrx_word' id='word_1_246' title='bbox 2736 632 2839 685; x_wconf 83' lang='grc' dir='ltr'>οὐκ</span> <span class='ocrx_word' id='word_1_247' title='bbox 2871 634 3137 706; x_wconf 79' lang='grc' dir='ltr'>ἐκέκτητο</span> <span class='ocrx_word' id='word_1_248' title='bbox 3157 651 3169 662; x_wconf 92' lang='grc'><strong>·</strong></span> <span class='ocrx_word' id='word_1_249' title='bbox 3194 636 3348 707; x_wconf 87' lang='grc' dir='ltr'>θέρος</span> <span class='ocrx_word' id='word_1_250' title='bbox 3364 640 3617 707; x_wconf 78' lang='grc' dir='ltr'>ἀπέδωκε,</span> <span class='ocrx_word' id='word_1_251' title='bbox 3635 649 3712 699; x_wconf 70' lang='grc' dir='ltr'>καὶ</span> 
     </span>
    </p>
   </div>
   <div class='ocr_carea' id='block_1_36' title="bbox 2178 718 3711 807">
    <p class='ocr_par' dir='ltr' id='par_1_36' title="bbox 2178 718 3711 807">
     <span class='ocr_line' id='line_1_36' title="bbox 2178 718 3711 807; baseline 0.011 -37"><span class='ocrx_word' id='word_1_252' title='bbox 2178 718 2382 789; x_wconf 89' lang='grc' dir='ltr'>σπόρον</span> <span class='ocrx_word' id='word_1_253' title='bbox 2430 721 2533 773; x_wconf 81' lang='grc' dir='ltr'>οὐκ</span> <span class='ocrx_word' id='word_1_254' title='bbox 2580 723 2830 789; x_wconf 75' lang='grc' dir='ltr'><strong>ἐδέξατο·</strong></span> <span class='ocrx_word' id='word_1_255' title='bbox 2863 726 3109 794; x_wconf 80' lang='grc' dir='ltr'>ποταμὸς</span> <span class='ocrx_word' id='word_1_256' title='bbox 3136 726 3344 799; x_wconf 82' lang='grc' dir='ltr'><strong>ἔτρεχε,</strong></span> <span class='ocrx_word' id='word_1_257' title='bbox 3381 731 3470 783; x_wconf 74' lang='grc' dir='ltr'>καὶ</span> <span class='ocrx_word' id='word_1_258' title='bbox 3514 736 3711 807; x_wconf 46' lang='lat' dir='ltr'><strong>iis:th</strong></span> 
     </span>
    </p>
   </div>
   <div class='ocr_carea' id='block_1_37' title="bbox 2175 808 3713 897">
    <p class='ocr_par' dir='ltr' id='par_1_37' title="bbox 2175 808 3713 897">
     <span class='ocr_line' id='line_1_37' title="bbox 2175 808 3713 897; baseline 0.01 -37"><span class='ocrx_word' id='word_1_259' title='bbox 2175 808 2516 880; x_wconf 78' lang='grc' dir='ltr'><strong>πανταχόθεν</strong></span> <span class='ocrx_word' id='word_1_260' title='bbox 2563 812 2881 868; x_wconf 82' lang='grc' dir='ltr'>ὲκέκλειστο</span> <span class='ocrx_word' id='word_1_261' title='bbox 2909 817 2989 879; x_wconf 88' lang='grc' dir='ltr'><strong>είς</strong></span> <span class='ocrx_word' id='word_1_262' title='bbox 3019 815 3263 882; x_wconf 71' lang='grc' dir='ltr'>ἔνδειξιν,</span> <span class='ocrx_word' id='word_1_263' title='bbox 3299 818 3380 871; x_wconf 82' lang='grc' dir='ltr'>ὅτι</span> <span class='ocrx_word' id='word_1_264' title='bbox 3424 822 3512 873; x_wconf 74' lang='grc' dir='ltr'><strong>καὶ</strong></span> <span class='ocrx_word' id='word_1_265' title='bbox 3559 824 3713 897; x_wconf 79' lang='grc' dir='ltr'>μήτηρ</span> 
     </span>
    </p>
   </div>
   <div class='ocr_carea' id='block_1_38' title="bbox 2174 903 3713 990">
    <p class='ocr_par' dir='ltr' id='par_1_38' title="bbox 2174 903 3713 990">
     <span class='ocr_line' id='line_1_38' title="bbox 2174 903 3713 990; baseline 0.01 -34"><span class='ocrx_word' id='word_1_266' title='bbox 2174 903 2387 972; x_wconf 71' lang='grc' dir='ltr'>ἐγένου,</span> <span class='ocrx_word' id='word_1_267' title='bbox 2411 907 2505 960; x_wconf 77' lang='grc' dir='ltr'>καὶ</span> <span class='ocrx_word' id='word_1_268' title='bbox 2529 907 2598 961; x_wconf 84' lang='grc' dir='ltr'>τὰ</span> <span class='ocrx_word' id='word_1_269' title='bbox 2629 909 2885 979; x_wconf 78' lang='grc' dir='ltr'><strong>μητέρων</strong></span> <span class='ocrx_word' id='word_1_270' title='bbox 2901 910 3001 964; x_wconf 81' lang='grc' dir='ltr'>οὐκ</span> <span class='ocrx_word' id='word_1_271' title='bbox 3033 912 3234 978; x_wconf 76' lang='grc' dir='ltr'>ἔπαθες</span> <span class='ocrx_word' id='word_1_272' title='bbox 3252 929 3266 943; x_wconf 91' lang='grc'><strong>·</strong></span> <span class='ocrx_word' id='word_1_273' title='bbox 3295 914 3474 978; x_wconf 79' lang='grc' dir='ltr'>ἔτεκες</span> <span class='ocrx_word' id='word_1_274' title='bbox 3492 916 3562 981; x_wconf 82' lang='grc' dir='ltr'>ὡς</span> <span class='ocrx_word' id='word_1_275' title='bbox 3582 922 3713 990; x_wconf 70' lang='grc' dir='ltr'>γυνὴ,</span> 
     </span>
    </p>
   </div>
   <div class='ocr_carea' id='block_1_39' title="bbox 2175 998 3716 1077">
    <p class='ocr_par' dir='ltr' id='par_1_39' title="bbox 2175 998 3716 1077">
     <span class='ocr_line' id='line_1_39' title="bbox 2175 998 3716 1077; baseline 0.008 -27"><span class='ocrx_word' id='word_1_276' title='bbox 2175 998 2269 1051; x_wconf 71' lang='grc' dir='ltr'>καὶ</span> <span class='ocrx_word' id='word_1_277' title='bbox 2311 999 2412 1052; x_wconf 79' lang='grc' dir='ltr'>οὐκ</span> <span class='ocrx_word' id='word_1_278' title='bbox 2459 1000 2707 1072; x_wconf 79' lang='grc' dir='ltr'>έφθάρης</span> <span class='ocrx_word' id='word_1_279' title='bbox 2743 1001 2820 1064; x_wconf 85' lang='grc' dir='ltr'>ὡς</span> <span class='ocrx_word' id='word_1_280' title='bbox 2849 1005 3024 1075; x_wconf 84' lang='grc' dir='ltr'>γυνή·</span> <span class='ocrx_word' id='word_1_281' title='bbox 3058 1005 3201 1057; x_wconf 80' lang='grc' dir='ltr'>κατὰ</span> <span class='ocrx_word' id='word_1_282' title='bbox 3241 1006 3407 1074; x_wconf 87' lang='grc' dir='ltr'>νόμον</span> <span class='ocrx_word' id='word_1_283' title='bbox 3439 1010 3716 1077; x_wconf 71' lang='grc' dir='ltr'>ὲκυοφόρεις</span> 
     </span>
    </p>
   </div>
   <div class='ocr_carea' id='block_1_40' title="bbox 2172 1089 3715 1171">
    <p class='ocr_par' dir='ltr' id='par_1_40' title="bbox 2172 1089 3715 1171">
     <span class='ocr_line' id='line_1_40' title="bbox 2172 1089 3715 1171; baseline 0.011 -30"><span class='ocrx_word' id='word_1_284' title='bbox 2172 1089 2275 1160; x_wconf 84' lang='grc' dir='ltr'>τῆς</span> <span class='ocrx_word' id='word_1_285' title='bbox 2302 1090 2547 1159; x_wconf 74' lang='grc' dir='ltr'>φύσεως,</span> <span class='ocrx_word' id='word_1_286' title='bbox 2571 1093 2760 1163; x_wconf 80' lang='grc' dir='ltr'>ἐπειδὴ</span> <span class='ocrx_word' id='word_1_287' title='bbox 2786 1093 2880 1147; x_wconf 78' lang='grc' dir='ltr'>τὸν</span> <span class='ocrx_word' id='word_1_288' title='bbox 2910 1098 3246 1167; x_wconf 78' lang='grc' dir='ltr'>τεταγμένον</span> <span class='ocrx_word' id='word_1_289' title='bbox 3276 1100 3463 1171; x_wconf 78' lang='grc' dir='ltr'>καιρὸν</span> <span class='ocrx_word' id='word_1_290' title='bbox 3489 1100 3590 1155; x_wconf 83' lang='grc' dir='ltr'><strong>τῶν</strong></span> <span class='ocrx_word' id='word_1_291' title='bbox 3612 1103 3715 1158; x_wconf 80' lang='grc' dir='ltr'>ὠδί-</span> 
     </span>
    </p>
   </div>
   <div class='ocr_carea' id='block_1_41' title="bbox 2172 1183 3717 1263">
    <p class='ocr_par' dir='ltr' id='par_1_41' title="bbox 2172 1183 3717 1263">
     <span class='ocr_line' id='line_1_41' title="bbox 2172 1183 3717 1263; baseline 0.008 -27"><span class='ocrx_word' id='word_1_292' title='bbox 2172 1200 2279 1236; x_wconf 85' lang='grc' dir='ltr'>νων</span> <span class='ocrx_word' id='word_1_293' title='bbox 2306 1183 2591 1253; x_wconf 81' lang='grc' dir='ltr'>ἀνέμενες.</span> <span class='ocrx_word' id='word_1_294' title='bbox 2611 1184 2772 1239; x_wconf 81' lang='grc' dir='ltr'><strong>Ἀλλά</strong></span> <span class='ocrx_word' id='word_1_295' title='bbox 2805 1189 2912 1257; x_wconf 78' lang='grc' dir='ltr'><strong>γὰρ</strong></span> <span class='ocrx_word' id='word_1_296' title='bbox 2957 1189 3052 1241; x_wconf 75' lang='grc' dir='ltr'>καὶ</span> <span class='ocrx_word' id='word_1_297' title='bbox 3088 1189 3382 1252; x_wconf 76' lang='grc' dir='ltr'>συνέλαϐες</span> <span class='ocrx_word' id='word_1_298' title='bbox 3413 1194 3556 1262; x_wconf 75' lang='grc' dir='ltr'>παρὰ</span> <span class='ocrx_word' id='word_1_299' title='bbox 3580 1195 3717 1263; x_wconf 71' lang='grc' dir='ltr'>νόμον</span> 
     </span>
    </p>
   </div>
   <div class='ocr_carea' id='block_1_42' title="bbox 2171 1275 3718 1357">
    <p class='ocr_par' dir='ltr' id='par_1_42' title="bbox 2171 1275 3718 1357">
     <span class='ocr_line' id='line_1_42' title="bbox 2171 1275 3718 1357; baseline 0.009 -30"><span class='ocrx_word' id='word_1_300' title='bbox 2171 1275 2271 1345; x_wconf 87' lang='grc' dir='ltr'>τῆς</span> <span class='ocrx_word' id='word_1_301' title='bbox 2302 1275 2776 1348; x_wconf 78' lang='grc' dir='ltr'>φύσεως.’Έτερός</span> <span class='ocrx_word' id='word_1_302' title='bbox 2807 1296 2864 1332; x_wconf 85' lang='grc' dir='ltr'><strong>σε</strong></span> <span class='ocrx_word' id='word_1_303' title='bbox 2892 1280 3067 1352; x_wconf 83' lang='grc' dir='ltr'>πύλην</span> <span class='ocrx_word' id='word_1_304' title='bbox 3097 1281 3510 1357; x_wconf 72' lang='grc' dir='ltr'>κεκλεισμένην,</span> <span class='ocrx_word' id='word_1_305' title='bbox 3532 1286 3584 1338; x_wconf 76' lang='grc' dir='ltr'>ὲν</span> <span class='ocrx_word' id='word_1_306' title='bbox 3609 1288 3718 1342; x_wconf 83' lang='grc' dir='ltr'>ἀνα-</span> 
     </span>
    </p>
   </div>
   <div class='ocr_carea' id='block_1_43' title="bbox 2171 1367 3716 1448">
    <p class='ocr_par' dir='ltr' id='par_1_43' title="bbox 2171 1367 3716 1448">
     <span class='ocr_line' id='line_1_43' title="bbox 2171 1367 3716 1448; baseline 0.009 -28"><span class='ocrx_word' id='word_1_307' title='bbox 2171 1367 2357 1431; x_wconf 84' lang='grc' dir='ltr'>τολαῖς</span> <span class='ocrx_word' id='word_1_308' title='bbox 2390 1369 2447 1421; x_wconf 84' lang='grc' dir='ltr'>δὲ</span> <span class='ocrx_word' id='word_1_309' title='bbox 2482 1369 2772 1441; x_wconf 78' lang='grc' dir='ltr'><strong>κειμένην,</strong></span> <span class='ocrx_word' id='word_1_310' title='bbox 2807 1373 3242 1444; x_wconf 79' lang='grc' dir='ltr'><strong>προσηγόρευσε,</strong></span> <span class='ocrx_word' id='word_1_311' title='bbox 3274 1377 3371 1428; x_wconf 69' lang='grc' dir='ltr'>καὶ</span> <span class='ocrx_word' id='word_1_312' title='bbox 3392 1377 3482 1430; x_wconf 79' lang='grc' dir='ltr'>τὸν</span> <span class='ocrx_word' id='word_1_313' title='bbox 3528 1378 3716 1448; x_wconf 77' lang='grc' dir='ltr'>βασιλέα</span> 
     </span>
    </p>
   </div>
   <div class='ocr_carea' id='block_1_44' title="bbox 2168 1457 3716 1538">
    <p class='ocr_par' dir='ltr' id='par_1_44' title="bbox 2168 1457 3716 1538">
     <span class='ocr_line' id='line_1_44' title="bbox 2168 1457 3716 1538; baseline 0.01 -27"><span class='ocrx_word' id='word_1_314' title='bbox 2168 1457 2279 1511; x_wconf 87' lang='grc' dir='ltr'><strong>τῶν</strong></span> <span class='ocrx_word' id='word_1_315' title='bbox 2295 1458 2477 1525; x_wconf 81' lang='grc' dir='ltr'>θυρῶν</span> <span class='ocrx_word' id='word_1_316' title='bbox 2498 1460 2906 1531; x_wconf 79' lang='grc' dir='ltr'><strong>κεκλεισμένων</strong></span> <span class='ocrx_word' id='word_1_317' title='bbox 2928 1464 3279 1530; x_wconf 79' lang='grc' dir='ltr'>εἰσάγουσαν·</span> <span class='ocrx_word' id='word_1_318' title='bbox 3298 1465 3440 1519; x_wconf 78' lang='grc' dir='ltr'>οὕτω</span> <span class='ocrx_word' id='word_1_319' title='bbox 3458 1466 3518 1538; x_wconf 75' lang='grc' dir='ltr'>δὴ</span> <span class='ocrx_word' id='word_1_320' title='bbox 3544 1471 3627 1524; x_wconf 65' lang='grc' dir='ltr'>καὶ</span> <span class='ocrx_word' id='word_1_321' title='bbox 3641 1473 3716 1527; x_wconf 83' lang='grc' dir='ltr'><strong>ὲκ-</strong></span> 
     </span>
    </p>
   </div>
   <div class='ocr_carea' id='block_1_45' title="bbox 2171 1551 3719 1630">
    <p class='ocr_par' dir='ltr' id='par_1_45' title="bbox 2171 1551 3719 1630">
     <span class='ocr_line' id='line_1_45' title="bbox 2171 1551 3719 1630; baseline 0.008 -28"><span class='ocrx_word' id='word_1_322' title='bbox 2171 1552 2443 1622; x_wconf 81' lang='grc' dir='ltr'>φέρουσαν</span> <span class='ocrx_word' id='word_1_323' title='bbox 2472 1551 2649 1623; x_wconf 83' lang='grc' dir='ltr'>πύλην</span> <span class='ocrx_word' id='word_1_324' title='bbox 2677 1570 2735 1605; x_wconf 85' lang='grc' dir='ltr'><strong>σε</strong></span> <span class='ocrx_word' id='word_1_325' title='bbox 2766 1553 3265 1625; x_wconf 77' lang='grc' dir='ltr'>κέκληκεν,ὲπειδὴ</span> <span class='ocrx_word' id='word_1_326' title='bbox 3289 1555 3431 1627; x_wconf 85' lang='grc' dir='ltr'>θύρα</span> <span class='ocrx_word' id='word_1_327' title='bbox 3447 1558 3719 1630; x_wconf 76' lang='grc' dir='ltr'>τοῦτπαρόν-</span> 
     </span>
    </p>
   </div>
   <div class='ocr_carea' id='block_1_46' title="bbox 2171 1642 3716 1717">
    <p class='ocr_par' dir='ltr' id='par_1_46' title="bbox 2171 1642 3716 1717">
     <span class='ocr_line' id='line_1_46' title="bbox 2171 1642 3716 1717; baseline 0.006 -21"><span class='ocrx_word' id='word_1_328' title='bbox 2171 1660 2264 1706; x_wconf 88' lang='grc' dir='ltr'><strong>τος</strong></span> <span class='ocrx_word' id='word_1_329' title='bbox 2295 1642 2410 1713; x_wconf 80' lang='grc' dir='ltr'>βίου</span> <span class='ocrx_word' id='word_1_330' title='bbox 2438 1644 2516 1715; x_wconf 87' lang='grc' dir='ltr'>τῷ</span> <span class='ocrx_word' id='word_1_331' title='bbox 2545 1646 2844 1714; x_wconf 82' lang='grc' dir='ltr'>Μονογενεί</span> <span class='ocrx_word' id='word_1_332' title='bbox 2866 1646 3099 1715; x_wconf 84' lang='grc' dir='ltr'>γέγονας</span> <span class='ocrx_word' id='word_1_333' title='bbox 3123 1664 3139 1679; x_wconf 77' lang='grc'><strong>’</strong></span> <span class='ocrx_word' id='word_1_334' title='bbox 3168 1648 3349 1717; x_wconf 84' lang='grc' dir='ltr'>πύλην</span> <span class='ocrx_word' id='word_1_335' title='bbox 3377 1650 3434 1701; x_wconf 84' lang='grc' dir='ltr'>ὲν</span> <span class='ocrx_word' id='word_1_336' title='bbox 3470 1650 3716 1717; x_wconf 74' lang='grc' dir='ltr'>ἀνατολαῖς</span> 
     </span>
    </p>
   </div>
   <div class='ocr_carea' id='block_1_47' title="bbox 2169 1736 3717 1810">
    <p class='ocr_par' dir='ltr' id='par_1_47' title="bbox 2169 1736 3717 1810">
     <span class='ocr_line' id='line_1_47' title="bbox 2169 1736 3717 1810; baseline 0.005 -23"><span class='ocrx_word' id='word_1_337' title='bbox 2169 1736 2455 1806; x_wconf 79' lang='grc' dir='ltr'>κειμένην,</span> <span class='ocrx_word' id='word_1_338' title='bbox 2497 1736 2685 1807; x_wconf 80' lang='grc' dir='ltr'>ἐπειδὴ</span> <span class='ocrx_word' id='word_1_339' title='bbox 2733 1737 2794 1791; x_wconf 82' lang='grc' dir='ltr'><strong>τδ</strong></span> <span class='ocrx_word' id='word_1_340' title='bbox 2842 1738 2960 1808; x_wconf 81' lang='grc' dir='ltr'><strong>φῶς</strong></span> <span class='ocrx_word' id='word_1_341' title='bbox 3013 1738 3076 1792; x_wconf 78' lang='grc' dir='ltr'>τὸ</span> <span class='ocrx_word' id='word_1_342' title='bbox 3125 1739 3385 1810; x_wconf 68' lang='grc' dir='ltr'>ἀληθινὸν</span> <span class='ocrx_word' id='word_1_343' title='bbox 3425 1740 3485 1793; x_wconf 84' lang='grc' dir='ltr'>τὸ</span> <span class='ocrx_word' id='word_1_344' title='bbox 3522 1742 3717 1808; x_wconf 77' lang='grc' dir='ltr'><strong>φωτίζον</strong></span> 
     </span>
    </p>
   </div>
   <div class='ocr_carea' id='block_1_48' title="bbox 2099 1809 3716 1903">
    <p class='ocr_par' dir='ltr' id='par_1_48' title="bbox 2099 1809 3716 1903">
     <span class='ocr_line' id='line_1_48' title="bbox 2099 1809 3716 1903; baseline 0.004 -25"><span class='ocrx_word' id='word_1_345' title='bbox 2099 1809 2139 1864; x_wconf 77' lang='grc' dir='ltr'><strong>Β</strong></span> <span class='ocrx_word' id='word_1_346' title='bbox 2170 1828 2345 1881; x_wconf 85' lang='grc' dir='ltr'>πάντα</span> <span class='ocrx_word' id='word_1_347' title='bbox 2382 1827 2670 1899; x_wconf 82' lang='grc' dir='ltr'>ἄνθρωπον</span> <span class='ocrx_word' id='word_1_348' title='bbox 2714 1828 3012 1899; x_wconf 81' lang='grc' dir='ltr'>ἐρχόμενον</span> <span class='ocrx_word' id='word_1_349' title='bbox 3058 1831 3139 1893; x_wconf 79' lang='grc' dir='ltr'><strong>είς</strong></span> <span class='ocrx_word' id='word_1_350' title='bbox 3179 1809 3275 1882; x_wconf 67' lang='grc' dir='ltr'><strong>τδν</strong></span> <span class='ocrx_word' id='word_1_351' title='bbox 3307 1830 3532 1899; x_wconf 88' lang='grc' dir='ltr'>κόσμον.</span> <span class='ocrx_word' id='word_1_352' title='bbox 3565 1833 3620 1884; x_wconf 80' lang='grc' dir='ltr'>ἐκ</span> <span class='ocrx_word' id='word_1_353' title='bbox 3640 1834 3716 1903; x_wconf 71' lang='grc' dir='ltr'>τῆς</span> 
     </span>
    </p>
   </div>
   <div class='ocr_carea' id='block_1_49' title="bbox 2172 1919 3715 1994">
    <p class='ocr_par' dir='ltr' id='par_1_49' title="bbox 2172 1919 3715 1994">
     <span class='ocr_line' id='line_1_49' title="bbox 2172 1919 3715 1994; baseline 0.004 -22"><span class='ocrx_word' id='word_1_354' title='bbox 2172 1919 2274 1989; x_wconf 80' lang='grc' dir='ltr'>σῆς</span> <span class='ocrx_word' id='word_1_355' title='bbox 2304 1921 2539 1991; x_wconf 76' lang='grc' dir='ltr'>γαστρὸς</span> <span class='ocrx_word' id='word_1_356' title='bbox 2571 1920 2828 1992; x_wconf 85' lang='grc' dir='ltr'>καθάπερ</span> <span class='ocrx_word' id='word_1_357' title='bbox 2875 1922 2939 1973; x_wconf 81' lang='grc' dir='ltr'>εκ</span> <span class='ocrx_word' id='word_1_358' title='bbox 2985 1939 3129 1986; x_wconf 87' lang='grc' dir='ltr'>τινος</span> <span class='ocrx_word' id='word_1_359' title='bbox 3165 1924 3443 1987; x_wconf 82' lang='grc' dir='ltr'>παστάδος</span> <span class='ocrx_word' id='word_1_360' title='bbox 3475 1924 3715 1994; x_wconf 73' lang='grc' dir='ltr'>βασιλικῆς</span> 
     </span>
    </p>
   </div>
   <div class='ocr_carea' id='block_1_50' title="bbox 2167 2014 3713 2089">
    <p class='ocr_par' dir='ltr' id='par_1_50' title="bbox 2167 2014 3713 2089">
     <span class='ocr_line' id='line_1_50' title="bbox 2167 2014 3713 2089; baseline 0.005 -24"><span class='ocrx_word' id='word_1_361' title='bbox 2167 2014 2518 2085; x_wconf 83' lang='grc' dir='ltr'>προέρχεται.</span> <span class='ocrx_word' id='word_1_362' title='bbox 2551 2016 2626 2068; x_wconf 78' lang='grc' dir='ltr'><strong>Σὺ</strong></span> <span class='ocrx_word' id='word_1_363' title='bbox 2659 2014 2754 2068; x_wconf 75' lang='grc' dir='ltr'><strong>τὸν</strong></span> <span class='ocrx_word' id='word_1_364' title='bbox 2789 2015 3013 2085; x_wconf 80' lang='grc' dir='ltr'>βασιλέα</span> <span class='ocrx_word' id='word_1_365' title='bbox 3054 2016 3164 2069; x_wconf 87' lang='grc' dir='ltr'><strong>τῶν</strong></span> <span class='ocrx_word' id='word_1_366' title='bbox 3204 2015 3392 2088; x_wconf 83' lang='grc' dir='ltr'>θυρῶν</span> <span class='ocrx_word' id='word_1_367' title='bbox 3434 2018 3713 2089; x_wconf 47' lang='grc' dir='ltr'>κεκλεισμέ</span> 
     </span>
    </p>
   </div>
   <div class='ocr_carea' id='block_1_51' title="bbox 2166 2108 3712 2182">
    <p class='ocr_par' dir='ltr' id='par_1_51' title="bbox 2166 2108 3712 2182">
     <span class='ocr_line' id='line_1_51' title="bbox 2166 2108 3712 2182; baseline 0.005 -24"><span class='ocrx_word' id='word_1_368' title='bbox 2166 2122 2274 2159; x_wconf 86' lang='grc' dir='ltr'><strong>νων</strong></span> <span class='ocrx_word' id='word_1_369' title='bbox 2301 2108 2618 2177; x_wconf 79' lang='grc' dir='ltr'>εἰσήγαγες,</span> <span class='ocrx_word' id='word_1_370' title='bbox 2650 2108 2789 2162; x_wconf 81' lang='grc' dir='ltr'>ἀλλὰ</span> <span class='ocrx_word' id='word_1_371' title='bbox 2815 2110 2980 2162; x_wconf 74' lang='grc' dir='ltr'>πάλιν</span> <span class='ocrx_word' id='word_1_372' title='bbox 3017 2109 3466 2179; x_wconf 78' lang='grc' dir='ltr'>ὲξήγαγες.οὖτε</span> <span class='ocrx_word' id='word_1_373' title='bbox 3497 2113 3596 2182; x_wconf 82' lang='grc' dir='ltr'><strong>γὰρ</strong></span> <span class='ocrx_word' id='word_1_374' title='bbox 3617 2115 3712 2166; x_wconf 80' lang='grc' dir='ltr'>συλ-</span> 
     </span>
    </p>
   </div>
   <div class='ocr_carea' id='block_1_52' title="bbox 2165 2196 3713 2275">
    <p class='ocr_par' dir='ltr' id='par_1_52' title="bbox 2165 2196 3713 2275">
     <span class='ocr_line' id='line_1_52' title="bbox 2165 2196 3713 2275; baseline 0.005 -25"><span class='ocrx_word' id='word_1_375' title='bbox 2165 2196 2578 2268; x_wconf 79' lang='grc' dir='ltr'>λαμϐανόμενος</span> <span class='ocrx_word' id='word_1_376' title='bbox 2598 2244 2612 2265; x_wconf 88' lang='grc'><strong>,</strong></span> <span class='ocrx_word' id='word_1_377' title='bbox 2644 2199 2769 2253; x_wconf 80' lang='grc' dir='ltr'>οὔτε</span> <span class='ocrx_word' id='word_1_378' title='bbox 2798 2200 2935 2264; x_wconf 85' lang='grc' dir='ltr'>ὅλως</span> <span class='ocrx_word' id='word_1_379' title='bbox 2962 2203 3289 2272; x_wconf 86' lang='grc' dir='ltr'>τικτόμενος</span> <span class='ocrx_word' id='word_1_380' title='bbox 3316 2205 3345 2257; x_wconf 88' lang='grc' dir='ltr'><strong>ό</strong></span> <span class='ocrx_word' id='word_1_381' title='bbox 3374 2202 3613 2273; x_wconf 76' lang='grc' dir='ltr'>βασιλεὺς</span> <span class='ocrx_word' id='word_1_382' title='bbox 3634 2206 3713 2275; x_wconf 84' lang='grc' dir='ltr'>τῆς</span> 
     </span>
    </p>
   </div>
   <div class='ocr_carea' id='block_1_53' title="bbox 2164 2286 3710 2366">
    <p class='ocr_par' dir='ltr' id='par_1_53' title="bbox 2164 2286 3710 2366">
     <span class='ocr_line' id='line_1_53' title="bbox 2164 2286 3710 2366; baseline -0.015 2"><span class='ocrx_word' id='word_1_383' title='bbox 2164 2286 2323 2356; x_wconf 61' lang='grc' dir='ltr'>δόξης</span> <span class='ocrx_word' id='word_1_384' title='bbox 2350 2289 2450 2352; x_wconf 54' lang='grc' dir='ltr'><strong>τὰς</strong></span> <span class='ocrx_word' id='word_1_385' title='bbox 2479 2288 2654 2360; x_wconf 68' lang='grc' dir='ltr'>θύρας</span> <span class='ocrx_word' id='word_1_386' title='bbox 2686 2292 2784 2361; x_wconf 68' lang='grc' dir='ltr'><strong>τῆς</strong></span> <span class='ocrx_word' id='word_1_387' title='bbox 2818 2292 2919 2361; x_wconf 82' lang='grc' dir='ltr'><strong>σῆς</strong></span> <span class='ocrx_word' id='word_1_388' title='bbox 2956 2293 3171 2365; x_wconf 78' lang='grc' dir='ltr'>μήτρας</span> <span class='ocrx_word' id='word_1_389' title='bbox 3199 2293 3461 2365; x_wconf 76' lang='grc' dir='ltr'>ἠνέῳξεν,</span> <span class='ocrx_word' id='word_1_390' title='bbox 3491 2295 3605 2349; x_wconf 74' lang='grc' dir='ltr'>οὕτε</span> <span class='ocrx_word' id='word_1_391' title='bbox 3632 2297 3710 2366; x_wconf 81' lang='grc' dir='ltr'>τῆς</span> 
     </span>
    </p>
   </div>
   <div class='ocr_carea' id='block_1_54' title="bbox 2168 2381 3710 2457">
    <p class='ocr_par' dir='ltr' id='par_1_54' title="bbox 2168 2381 3710 2457">
     <span class='ocr_line' id='line_1_54' title="bbox 2168 2381 3710 2457; baseline 0.007 -24"><span class='ocrx_word' id='word_1_392' title='bbox 2168 2381 2466 2452; x_wconf 75' lang='grc' dir='ltr'>παρθενίας</span> <span class='ocrx_word' id='word_1_393' title='bbox 2491 2384 2619 2447; x_wconf 70' lang='grc' dir='ltr'>τοίις</span> <span class='ocrx_word' id='word_1_394' title='bbox 2649 2384 2981 2454; x_wconf 75' lang='grc' dir='ltr'>συνδέσμους</span> <span class='ocrx_word' id='word_1_395' title='bbox 3008 2384 3321 2456; x_wconf 83' lang='grc' dir='ltr'>ὲχαύνωσε⁶</span> <span class='ocrx_word' id='word_1_396' title='bbox 3361 2388 3423 2440; x_wconf 83' lang='grc' dir='ltr'>σὲ</span> <span class='ocrx_word' id='word_1_397' title='bbox 3453 2389 3627 2457; x_wconf 81' lang='grc' dir='ltr'>Κῆπον</span> <span class='ocrx_word' id='word_1_398' title='bbox 3642 2407 3710 2447; x_wconf 65' lang='grc' dir='ltr'>κει</span> 
     </span>
    </p>
   </div>
   <div class='ocr_carea' id='block_1_55' title="bbox 2165 2472 3710 2550">
    <p class='ocr_par' dir='ltr' id='par_1_55' title="bbox 2165 2472 3710 2550">
     <span class='ocr_line' id='line_1_55' title="bbox 2165 2472 3710 2550; baseline 0.006 -24"><span class='ocrx_word' id='word_1_399' title='bbox 2165 2472 2485 2543; x_wconf 81' lang='grc' dir='ltr'>κλεισμένον</span> <span class='ocrx_word' id='word_1_400' title='bbox 2509 2476 2779 2542; x_wconf 77' lang='grc' dir='ltr'>ὠνόμαζε,</span> <span class='ocrx_word' id='word_1_401' title='bbox 2819 2478 2916 2529; x_wconf 70' lang='grc' dir='ltr'>καὶ</span> <span class='ocrx_word' id='word_1_402' title='bbox 2947 2478 3139 2548; x_wconf 84' lang='grc' dir='ltr'>Πηγὴν</span> <span class='ocrx_word' id='word_1_403' title='bbox 3168 2480 3710 2550; x_wconf 75' lang='grc' dir='ltr'>ὲσφραγισμένηνόέκ</span> 
     </span>
    </p>
   </div>
   <div class='ocr_carea' id='block_1_56' title="bbox 2167 2566 3711 2644">
    <p class='ocr_par' dir='ltr' id='par_1_56' title="bbox 2167 2566 3711 2644">
     <span class='ocr_line' id='line_1_56' title="bbox 2167 2566 3711 2644; baseline 0.005 -24"><span class='ocrx_word' id='word_1_404' title='bbox 2167 2566 2261 2621; x_wconf 81' lang='grc' dir='ltr'><strong>σοῦ</strong></span> <span class='ocrx_word' id='word_1_405' title='bbox 2293 2569 2545 2638; x_wconf 77' lang='grc' dir='ltr'>νυμφίος,</span> <span class='ocrx_word' id='word_1_406' title='bbox 2582 2571 2676 2623; x_wconf 75' lang='grc' dir='ltr'>καὶ</span> <span class='ocrx_word' id='word_1_407' title='bbox 2702 2573 2969 2641; x_wconf 82' lang='grc' dir='ltr'>προεῖπεν</span> <span class='ocrx_word' id='word_1_408' title='bbox 3006 2572 3065 2624; x_wconf 81' lang='grc' dir='ltr'>ὲν</span> <span class='ocrx_word' id='word_1_409' title='bbox 3101 2575 3218 2637; x_wconf 86' lang='grc' dir='ltr'>τοῖς</span> <span class='ocrx_word' id='word_1_410' title='bbox 3250 2573 3514 2644; x_wconf 81' lang='grc' dir='ltr'>’ᾼσμασι.</span> <span class='ocrx_word' id='word_1_411' title='bbox 3556 2574 3711 2643; x_wconf 78' lang='grc' dir='ltr'>Κῆπον</span> 
     </span>
    </p>
   </div>
   <div class='ocr_carea' id='block_1_57' title="bbox 2164 2659 3708 2737">
    <p class='ocr_par' dir='ltr' id='par_1_57' title="bbox 2164 2659 3708 2737">
     <span class='ocr_line' id='line_1_57' title="bbox 2164 2659 3708 2737; baseline 0.005 -25"><span class='ocrx_word' id='word_1_412' title='bbox 2164 2659 2553 2731; x_wconf 82' lang='grc' dir='ltr'>κεκλεισμένον</span> <span class='ocrx_word' id='word_1_413' title='bbox 2575 2678 2589 2693; x_wconf 76' lang='grc' dir='ltr'><strong><em>ο</em></strong></span> <span class='ocrx_word' id='word_1_414' title='bbox 2626 2663 2814 2732; x_wconf 75' lang='grc' dir='ltr'>ἐπειδὴ</span> <span class='ocrx_word' id='word_1_415' title='bbox 2868 2663 2961 2717; x_wconf 83' lang='grc' dir='ltr'>σοῦ</span> <span class='ocrx_word' id='word_1_416' title='bbox 3014 2664 3135 2734; x_wconf 80' lang='grc' dir='ltr'>μὲν,</span> <span class='ocrx_word' id='word_1_417' title='bbox 3167 2664 3415 2737; x_wconf 79' lang='grc' dir='ltr'>δρεπάνη</span> <span class='ocrx_word' id='word_1_418' title='bbox 3464 2666 3648 2736; x_wconf 82' lang='grc' dir='ltr'>φθορᾶς</span> <span class='ocrx_word' id='word_1_419' title='bbox 3682 2669 3708 2733; x_wconf 78' lang='grc' dir='ltr'>ἢ</span> 
     </span>
    </p>
   </div>
   <div class='ocr_carea' id='block_1_58' title="bbox 2164 2754 3710 2829">
    <p class='ocr_par' dir='ltr' id='par_1_58' title="bbox 2164 2754 3710 2829">
     <span class='ocr_line' id='line_1_58' title="bbox 2164 2754 3710 2829; baseline 0.005 -24"><span class='ocrx_word' id='word_1_420' title='bbox 2164 2755 2435 2825; x_wconf 78' lang='grc' dir='ltr'>τρυγητὸς</span> <span class='ocrx_word' id='word_1_421' title='bbox 2459 2754 2558 2825; x_wconf 73' lang='grc' dir='ltr'>οὐχ</span> <span class='ocrx_word' id='word_1_422' title='bbox 2590 2755 2993 2826; x_wconf 79' lang='grc' dir='ltr'>ἦψατο.Ἀνθος</span> <span class='ocrx_word' id='word_1_423' title='bbox 3018 2757 3097 2819; x_wconf 83' lang='grc' dir='ltr'>δὲ,</span> <span class='ocrx_word' id='word_1_424' title='bbox 3127 2757 3189 2810; x_wconf 86' lang='grc' dir='ltr'><strong>τὺ</strong></span> <span class='ocrx_word' id='word_1_425' title='bbox 3217 2759 3286 2811; x_wconf 78' lang='grc' dir='ltr'>ἐκ</span> <span class='ocrx_word' id='word_1_426' title='bbox 3314 2759 3417 2823; x_wconf 74' lang='grc' dir='ltr'><strong>τῆς</strong></span> <span class='ocrx_word' id='word_1_427' title='bbox 3446 2759 3624 2829; x_wconf 79' lang='grc' dir='ltr'>ράδδου</span> <span class='ocrx_word' id='word_1_428' title='bbox 3639 2759 3710 2812; x_wconf 78' lang='grc' dir='ltr'>τοῦ</span> 
     </span>
    </p>
   </div>
   <div class='ocr_carea' id='block_1_59' title="bbox 2177 2846 3713 2923">
    <p class='ocr_par' dir='ltr' id='par_1_59' title="bbox 2177 2846 3713 2923">
     <span class='ocr_line' id='line_1_59' title="bbox 2177 2846 3713 2923; baseline 0.004 -23"><span class='ocrx_word' id='word_1_429' title='bbox 2177 2847 2379 2901; x_wconf 74' lang='grc' dir='ltr'>Ἰεσσαὶ</span> <span class='ocrx_word' id='word_1_430' title='bbox 2406 2846 2667 2918; x_wconf 84' lang='grc' dir='ltr'>καθαρῶς</span> <span class='ocrx_word' id='word_1_431' title='bbox 2693 2848 2772 2918; x_wconf 82' lang='grc' dir='ltr'>τῷ</span> <span class='ocrx_word' id='word_1_432' title='bbox 2794 2849 2945 2917; x_wconf 84' lang='grc' dir='ltr'>γένει</span> <span class='ocrx_word' id='word_1_433' title='bbox 2967 2848 3077 2902; x_wconf 86' lang='grc' dir='ltr'><strong>τῶν</strong></span> <span class='ocrx_word' id='word_1_434' title='bbox 3106 2850 3442 2923; x_wconf 74' lang='grc' dir='ltr'>ἀνθρώπιον,</span> <span class='ocrx_word' id='word_1_435' title='bbox 3471 2854 3559 2905; x_wconf 81' lang='grc' dir='ltr'>καὶ</span> <span class='ocrx_word' id='word_1_436' title='bbox 3578 2852 3713 2912; x_wconf 75' lang='grc' dir='ltr'>καθα-</span> 
     </span>
    </p>
   </div>
   <div class='ocr_carea' id='block_1_60' title="bbox 2168 2938 3709 3012">
    <p class='ocr_par' dir='ltr' id='par_1_60' title="bbox 2168 2938 3709 3012">
     <span class='ocr_line' id='line_1_60' title="bbox 2168 2938 3709 3012; baseline 0.003 -21"><span class='ocrx_word' id='word_1_437' title='bbox 2168 2938 2277 3008; x_wconf 85' lang='grc' dir='ltr'><strong>ρῶς</strong></span> <span class='ocrx_word' id='word_1_438' title='bbox 2302 2939 2652 3008; x_wconf 74' lang='grc' dir='ltr'>παρίστησιν,</span> <span class='ocrx_word' id='word_1_439' title='bbox 2677 2939 2784 2992; x_wconf 80' lang='grc' dir='ltr'><strong>ὑπὸ</strong></span> <span class='ocrx_word' id='word_1_440' title='bbox 2815 2943 2978 3009; x_wconf 84' lang='grc' dir='ltr'>μόνου</span> <span class='ocrx_word' id='word_1_441' title='bbox 3006 2940 3332 3012; x_wconf 84' lang='grc' dir='ltr'>γεωργηθέν</span> <span class='ocrx_word' id='word_1_442' title='bbox 3358 2958 3442 2995; x_wconf 92' lang='grc' dir='ltr'><strong>σοι</strong></span> <span class='ocrx_word' id='word_1_443' title='bbox 3471 2940 3558 2995; x_wconf 81' lang='grc' dir='ltr'>τοῦ</span> <span class='ocrx_word' id='word_1_444' title='bbox 3574 2942 3709 2995; x_wconf 75' lang='grc' dir='ltr'>καθα-</span> 
     </span>
    </p>
   </div>
   <div class='ocr_carea' id='block_1_61' title="bbox 2167 3028 3707 3101">
    <p class='ocr_par' dir='ltr' id='par_1_61' title="bbox 2167 3028 3707 3101">
     <span class='ocr_line' id='line_1_61' title="bbox 2167 3028 3707 3101; baseline 0.002 -20"><span class='ocrx_word' id='word_1_445' title='bbox 2167 3028 2262 3098; x_wconf 85' lang='grc' dir='ltr'>ροῦ</span> <span class='ocrx_word' id='word_1_446' title='bbox 2297 3030 2394 3082; x_wconf 75' lang='grc' dir='ltr'><strong>καὶ</strong></span> <span class='ocrx_word' id='word_1_447' title='bbox 2440 3029 2723 3100; x_wconf 81' lang='grc' dir='ltr'>ἀκηράτου</span> <span class='ocrx_word' id='word_1_448' title='bbox 2765 3030 3104 3100; x_wconf 87' lang='grc' dir='ltr'>Πνεύματος.</span> <span class='ocrx_word' id='word_1_449' title='bbox 3142 3029 3339 3101; x_wconf 82' lang='grc' dir='ltr'>Πηγὴν</span> <span class='ocrx_word' id='word_1_450' title='bbox 3380 3031 3707 3101; x_wconf 76' lang='grc' dir='ltr'>ἐσφραγισμέ-</span> 
     </span>
    </p>
   </div>
   <div class='ocr_carea' id='block_1_62' title="bbox 470 3119 2056 3204">
    <p class='ocr_par' dir='ltr' id='par_1_62' title="bbox 470 3119 2056 3193">
     <span class='ocr_line' id='line_1_62' title="bbox 470 3119 2056 3193; baseline 0.004 -21"><span class='ocrx_word' id='word_1_451' title='bbox 470 3119 676 3173; x_wconf 91' lang='lat' dir='ltr'><strong>fontem</strong></span> <span class='ocrx_word' id='word_1_452' title='bbox 709 3128 861 3175; x_wconf 90' lang='lat' dir='ltr'><strong>tuum</strong></span> <span class='ocrx_word' id='word_1_453' title='bbox 897 3137 1240 3193; x_wconf 86' lang='lat' dir='ltr'><strong>nequaquam</strong></span> <span class='ocrx_word' id='word_1_454' title='bbox 1292 3125 1568 3181; x_wconf 76' lang='lat' dir='ltr'><strong>exhausit.</strong></span> <span class='ocrx_word' id='word_1_455' title='bbox 1609 3126 1785 3187; x_wconf 76' lang='lat' dir='ltr'><strong>David</strong></span> <span class='ocrx_word' id='word_1_456' title='bbox 1820 3126 1939 3181; x_wconf 86' lang='lat' dir='ltr'><strong>sine</strong></span> <span class='ocrx_word' id='word_1_457' title='bbox 1974 3127 2056 3180; x_wconf 91' lang='lat' dir='ltr'><strong>in-</strong></span> 
     </span>
    </p>
   </div>
   <div class='ocr_carea' id='block_1_63' title="bbox 2160 3119 3706 3204">
    <p class='ocr_par' dir='ltr' id='par_1_63' title="bbox 2166 3120 3706 3193">
     <span class='ocr_line' id='line_1_63' title="bbox 2166 3120 3706 3193; baseline -0.001 -20"><span class='ocrx_word' id='word_1_458' title='bbox 2166 3140 2285 3192; x_wconf 90' lang='grc' dir='ltr'>νην,</span> <span class='ocrx_word' id='word_1_459' title='bbox 2318 3122 2401 3175; x_wconf 84' lang='grc' dir='ltr'>ὅτι</span> <span class='ocrx_word' id='word_1_460' title='bbox 2436 3120 2683 3191; x_wconf 77' lang='grc' dir='ltr'>ποταμὸς</span> <span class='ocrx_word' id='word_1_461' title='bbox 2715 3121 2862 3189; x_wconf 78' lang='grc' dir='ltr'>ζωῆς</span> <span class='ocrx_word' id='word_1_462' title='bbox 2895 3123 2960 3174; x_wconf 75' lang='grc' dir='ltr'>ἐκ</span> <span class='ocrx_word' id='word_1_463' title='bbox 2992 3120 3088 3175; x_wconf 83' lang='grc' dir='ltr'>σοῦ</span> <span class='ocrx_word' id='word_1_464' title='bbox 3119 3121 3407 3193; x_wconf 83' lang='grc' dir='ltr'>προελθὼν</span> <span class='ocrx_word' id='word_1_465' title='bbox 3438 3123 3533 3192; x_wconf 75' lang='grc' dir='ltr'>τὴν</span> <span class='ocrx_word' id='word_1_466' title='bbox 3559 3122 3706 3175; x_wconf 44' lang='lat' dir='ltr'><strong>cimus</strong></span> 
     </span>
    </p>
   </div>
   <div class='ocr_carea' id='block_1_64' title="bbox 471 3213 2061 3290">
    <p class='ocr_par' dir='ltr' id='par_1_64' title="bbox 471 3213 2061 3290">
     <span class='ocr_line' id='line_1_64' title="bbox 471 3213 2061 3290; baseline 0.004 -23"><span class='ocrx_word' id='word_1_467' title='bbox 471 3213 824 3270; x_wconf 73' lang='lat' dir='ltr'><strong>termissione</strong></span> <span class='ocrx_word' id='word_1_468' title='bbox 875 3215 1086 3271; x_wconf 84' lang='lat' dir='ltr'><strong>cithara</strong></span> <span class='ocrx_word' id='word_1_469' title='bbox 1135 3218 1376 3274; x_wconf 79' lang='lat' dir='ltr'><strong>celebrat</strong></span> <span class='ocrx_word' id='word_1_470' title='bbox 1417 3235 1543 3274; x_wconf 90' lang='lat' dir='ltr'><strong>eum</strong></span> <span class='ocrx_word' id='word_1_471' title='bbox 1592 3220 1683 3290; x_wconf 91' lang='lat' dir='ltr'><strong>qui</strong></span> <span class='ocrx_word' id='word_1_472' title='bbox 1712 3236 1776 3275; x_wconf 84' lang='lat' dir='ltr'><strong>ex</strong></span> <span class='ocrx_word' id='word_1_473' title='bbox 1821 3229 1872 3275; x_wconf 94' lang='lat' dir='ltr'><strong>te</strong></span> <span class='ocrx_word' id='word_1_474' title='bbox 1898 3231 2061 3274; x_wconf 90' lang='lat' dir='ltr'><strong>natus</strong></span> 
     </span>
    </p>
   </div>
   <div class='ocr_carea' id='block_1_65' title="bbox 471 3303 2059 3379">
    <p class='ocr_par' dir='ltr' id='par_1_65' title="bbox 471 3303 2059 3379">
     <span class='ocr_line' id='line_1_65' title="bbox 471 3303 2059 3379; baseline 0.003 -18"><span class='ocrx_word' id='word_1_475' title='bbox 471 3314 615 3361; x_wconf 83' lang='lat' dir='ltr'><strong>est:</strong></span> <span class='ocrx_word' id='word_1_476' title='bbox 685 3303 880 3377; x_wconf 85' lang='lat' dir='ltr'><strong>Surge,</strong></span> <span class='ocrx_word' id='word_1_477' title='bbox 933 3306 1170 3370; x_wconf 81' lang='lat' dir='ltr'><strong>Domine,</strong></span> <span class='ocrx_word' id='word_1_478' title='bbox 1227 3310 1282 3363; x_wconf 83' lang='lat' dir='ltr'><strong>in</strong></span> <span class='ocrx_word' id='word_1_479' title='bbox 1358 3311 1590 3379; x_wconf 82' lang='lat' dir='ltr'><strong>requiem</strong></span> <span class='ocrx_word' id='word_1_480' title='bbox 1664 3321 1833 3374; x_wconf 83' lang='lat' dir='ltr'><strong>tuam,</strong></span> <span class='ocrx_word' id='word_1_481' title='bbox 1902 3323 1957 3364; x_wconf 84' lang='lat' dir='ltr'><strong>tu</strong></span> <span class='ocrx_word' id='word_1_482' title='bbox 2010 3324 2059 3366; x_wconf 84' lang='lat' dir='ltr'><strong>et</strong></span> 
     </span>
    </p>
   </div>
   <div class='ocr_carea' id='block_1_66' title="bbox 471 3399 2058 3474">
    <p class='ocr_par' dir='ltr' id='par_1_66' title="bbox 471 3399 2058 3474">
     <span class='ocr_line' id='line_1_66' title="bbox 471 3399 2058 3474; baseline 0.003 -23"><span class='ocrx_word' id='word_1_483' title='bbox 471 3415 601 3451; x_wconf 82' lang='lat' dir='ltr'><strong>arra</strong></span> <span class='ocrx_word' id='word_1_484' title='bbox 654 3399 1098 3468; x_wconf 74' lang='lat' dir='ltr'><strong>sanctiﬁcationis</strong></span> <span class='ocrx_word' id='word_1_485' title='bbox 1155 3410 1259 3456; x_wconf 65' lang='lat' dir='ltr'><strong>{me</strong></span> <span class='ocrx_word' id='word_1_486' title='bbox 1282 3402 1345 3455; x_wconf 87' lang='grc'><strong>³³.</strong></span> <span class='ocrx_word' id='word_1_487' title='bbox 1402 3403 1574 3474; x_wconf 82' lang='lat' dir='ltr'><strong>Surge</strong></span> <span class='ocrx_word' id='word_1_488' title='bbox 1608 3422 1620 3458; x_wconf 89' lang='lat'><strong>:</strong></span> <span class='ocrx_word' id='word_1_489' title='bbox 1652 3404 1835 3459; x_wconf 88' lang='lat' dir='ltr'><strong>unde?</strong></span> <span class='ocrx_word' id='word_1_490' title='bbox 1863 3404 1906 3459; x_wconf 90' lang='lat' dir='ltr'><strong>E</strong></span> <span class='ocrx_word' id='word_1_491' title='bbox 1935 3404 2058 3459; x_wconf 90' lang='lat' dir='ltr'><strong>sinu</strong></span> 
     </span>
    </p>
   </div>
   <div class='ocr_carea' id='block_1_67' title="bbox 471 3490 2058 3563">
    <p class='ocr_par' dir='ltr' id='par_1_67' title="bbox 471 3490 2058 3563">
     <span class='ocr_line' id='line_1_67' title="bbox 471 3490 2058 3563; baseline 0.002 -17"><span class='ocrx_word' id='word_1_492' title='bbox 471 3490 684 3552; x_wconf 85' lang='lat' dir='ltr'><strong>Patris,</strong></span> <span class='ocrx_word' id='word_1_493' title='bbox 738 3507 849 3546; x_wconf 85' lang='lat' dir='ltr'><strong>non</strong></span> <span class='ocrx_word' id='word_1_494' title='bbox 913 3501 975 3546; x_wconf 90' lang='lat' dir='ltr'><strong>ut</strong></span> <span class='ocrx_word' id='word_1_495' title='bbox 1025 3508 1054 3546; x_wconf 89' lang='lat' dir='ltr'><strong>a</strong></span> <span class='ocrx_word' id='word_1_496' title='bbox 1103 3490 1261 3547; x_wconf 85' lang='lat' dir='ltr'><strong>Patre</strong></span> <span class='ocrx_word' id='word_1_497' title='bbox 1345 3494 1666 3563; x_wconf 37' lang='lat' dir='ltr'><strong>separcriss</strong></span> <span class='ocrx_word' id='word_1_498' title='bbox 1705 3495 1851 3563; x_wconf 87' lang='lat' dir='ltr'><strong>(hoc</strong></span> <span class='ocrx_word' id='word_1_499' title='bbox 1909 3494 2058 3548; x_wconf 77' lang='lat' dir='ltr'><strong>enim</strong></span> 
     </span>
    </p>
   </div>
   <div class='ocr_carea' id='block_1_68' title="bbox 470 3580 2057 3654">
    <p class='ocr_par' dir='ltr' id='par_1_68' title="bbox 470 3580 2057 3654">
     <span class='ocr_line' id='line_1_68' title="bbox 470 3580 2057 3654; baseline 0.003 -21"><span class='ocrx_word' id='word_1_500' title='bbox 470 3580 658 3636; x_wconf 86' lang='lat' dir='ltr'><strong>dicere</strong></span> <span class='ocrx_word' id='word_1_501' title='bbox 711 3581 797 3635; x_wconf 86' lang='lat' dir='ltr'><strong>vel</strong></span> <span class='ocrx_word' id='word_1_502' title='bbox 848 3581 1088 3653; x_wconf 79' lang='lat' dir='ltr'><strong>cogitare</strong></span> <span class='ocrx_word' id='word_1_503' title='bbox 1137 3582 1293 3638; x_wconf 81' lang='lat' dir='ltr'><strong>nefas</strong></span> <span class='ocrx_word' id='word_1_504' title='bbox 1342 3584 1456 3653; x_wconf 90' lang='lat' dir='ltr'><strong>est)</strong></span> <span class='ocrx_word' id='word_1_505' title='bbox 1490 3600 1504 3637; x_wconf 88' lang='lat'><strong>:</strong></span> <span class='ocrx_word' id='word_1_506' title='bbox 1535 3582 1629 3639; x_wconf 91' lang='lat' dir='ltr'><strong>sed</strong></span> <span class='ocrx_word' id='word_1_507' title='bbox 1664 3592 1725 3638; x_wconf 87' lang='lat' dir='ltr'><strong>ut</strong></span> <span class='ocrx_word' id='word_1_508' title='bbox 1769 3583 2057 3654; x_wconf 87' lang='lat' dir='ltr'><strong>dispensa-</strong></span> 
     </span>
    </p>
   </div>
   <div class='ocr_carea' id='block_1_69' title="bbox 471 3674 2059 3746">
    <p class='ocr_par' dir='ltr' id='par_1_69' title="bbox 471 3674 2059 3746">
     <span class='ocr_line' id='line_1_69' title="bbox 471 3674 2059 3746; baseline 0 -17"><span class='ocrx_word' id='word_1_509' title='bbox 471 3674 674 3731; x_wconf 92' lang='lat' dir='ltr'><strong>tionem</strong></span> <span class='ocrx_word' id='word_1_510' title='bbox 735 3691 984 3746; x_wconf 80' lang='lat' dir='ltr'><strong>peragas,</strong></span> <span class='ocrx_word' id='word_1_511' title='bbox 1035 3675 1119 3729; x_wconf 87' lang='lat' dir='ltr'><strong>vel</strong></span> <span class='ocrx_word' id='word_1_512' title='bbox 1164 3675 1440 3746; x_wconf 89' lang='lat' dir='ltr'><strong>quidpiam</strong></span> <span class='ocrx_word' id='word_1_513' title='bbox 1495 3690 1527 3729; x_wconf 90' lang='lat' dir='ltr'><strong>c</strong></span> <span class='ocrx_word' id='word_1_514' title='bbox 1583 3675 1737 3730; x_wconf 83' lang='lat' dir='ltr'><strong>caelis</strong></span> <span class='ocrx_word' id='word_1_515' title='bbox 1783 3684 1910 3730; x_wconf 81' lang='lat' dir='ltr'><strong>ante</strong></span> <span class='ocrx_word' id='word_1_516' title='bbox 1955 3689 2059 3729; x_wconf 84' lang='lat' dir='ltr'><strong>sae-</strong></span> 
     </span>
    </p>
   </div>
   <div class='ocr_carea' id='block_1_70' title="bbox 469 3752 2055 3838">
    <p class='ocr_par' dir='ltr' id='par_1_70' title="bbox 469 3752 2055 3838">
     <span class='ocr_line' id='line_1_70' title="bbox 469 3752 2055 3838; baseline -0.001 -17"><span class='ocrx_word' id='word_1_517' title='bbox 469 3767 592 3822; x_wconf 84' lang='lat' dir='ltr'><strong>cula</strong></span> <span class='ocrx_word' id='word_1_518' title='bbox 615 3776 672 3822; x_wconf 85' lang='lat' dir='ltr'><strong>et</strong></span> <span class='ocrx_word' id='word_1_519' title='bbox 700 3776 828 3821; x_wconf 90' lang='lat' dir='ltr'><strong>ante</strong></span> <span class='ocrx_word' id='word_1_520' title='bbox 886 3767 1274 3838; x_wconf 74' lang='lat' dir='ltr'><strong>generationes</strong></span> <span class='ocrx_word' id='word_1_521' title='bbox 1326 3767 1420 3821; x_wconf 92' lang='lat' dir='ltr'><strong>tibi</strong></span> <span class='ocrx_word' id='word_1_522' title='bbox 1464 3752 1817 3837; x_wconf 67' lang='lat' dir='ltr'><strong>praefinitum.</strong></span> <span class='ocrx_word' id='word_1_523' title='bbox 1859 3766 2055 3836; x_wconf 82' lang='lat' dir='ltr'><strong>Surge,</strong></span> 
     </span>
    </p>
   </div>
   <div class='ocr_carea' id='block_1_71' title="bbox 470 3856 2059 3929">
    <p class='ocr_par' dir='ltr' id='par_1_71' title="bbox 470 3856 2059 3929">
     <span class='ocr_line' id='line_1_71' title="bbox 470 3856 2059 3929; baseline -0.001 -18"><span class='ocrx_word' id='word_1_524' title='bbox 470 3858 734 3928; x_wconf 89' lang='lat' dir='ltr'><strong>utlapsos</strong></span> <span class='ocrx_word' id='word_1_525' title='bbox 771 3858 972 3929; x_wconf 79' lang='lat' dir='ltr'><strong>erigas,</strong></span> <span class='ocrx_word' id='word_1_526' title='bbox 1007 3866 1065 3912; x_wconf 90' lang='lat' dir='ltr'><strong>ut</strong></span> <span class='ocrx_word' id='word_1_527' title='bbox 1086 3857 1459 3914; x_wconf 85' lang='lat' dir='ltr'><strong>claudicantes</strong></span> <span class='ocrx_word' id='word_1_528' title='bbox 1508 3865 1655 3913; x_wconf 89' lang='lat' dir='ltr'><strong>recta</strong></span> <span class='ocrx_word' id='word_1_529' title='bbox 1677 3858 1932 3912; x_wconf 88' lang='lat' dir='ltr'><strong>incedere</strong></span> <span class='ocrx_word' id='word_1_530' title='bbox 1979 3856 2059 3911; x_wconf 69' lang='lat' dir='ltr'><strong>fa-</strong></span> 
     </span>
    </p>
   </div>
   <div class='ocr_carea' id='block_1_72' title="bbox 469 3951 2055 4024">
    <p class='ocr_par' dir='ltr' id='par_1_72' title="bbox 469 3951 2055 4024">
     <span class='ocr_line' id='line_1_72' title="bbox 469 3951 2055 4024; baseline -0.002 -16"><span class='ocrx_word' id='word_1_531' title='bbox 469 3953 602 4018; x_wconf 90' lang='lat' dir='ltr'><strong>cias,</strong></span> <span class='ocrx_word' id='word_1_532' title='bbox 622 3961 685 4008; x_wconf 89' lang='lat' dir='ltr'><strong>ut</strong></span> <span class='ocrx_word' id='word_1_533' title='bbox 713 3953 1127 4024; x_wconf 85' lang='lat' dir='ltr'><strong>possessionem</strong></span> <span class='ocrx_word' id='word_1_534' title='bbox 1152 3961 1300 4007; x_wconf 89' lang='lat' dir='ltr'><strong>tuam</strong></span> <span class='ocrx_word' id='word_1_535' title='bbox 1325 3953 1580 4024; x_wconf 82' lang='lat' dir='ltr'><strong>recipias,</strong></span> <span class='ocrx_word' id='word_1_536' title='bbox 1627 3967 1750 4023; x_wconf 73' lang='lat' dir='ltr'><strong>qua:</strong></span> <span class='ocrx_word' id='word_1_537' title='bbox 1788 3951 1857 4007; x_wconf 90' lang='lat' dir='ltr'><strong>ab</strong></span> <span class='ocrx_word' id='word_1_538' title='bbox 1897 3952 2055 4006; x_wconf 88' lang='lat' dir='ltr'><strong>hoste</strong></span> 
     </span>
    </p>
   </div>
   <div class='ocr_carea' id='block_1_73' title="bbox 466 4045 2049 4118">
    <p class='ocr_par' dir='ltr' id='par_1_73' title="bbox 466 4045 2049 4118">
     <span class='ocr_line' id='line_1_73' title="bbox 466 4045 2049 4118; baseline -0.002 -17"><span class='ocrx_word' id='word_1_539' title='bbox 466 4047 534 4101; x_wconf 90' lang='lat' dir='ltr'><strong>ad</strong></span> <span class='ocrx_word' id='word_1_540' title='bbox 567 4046 672 4102; x_wconf 90' lang='lat' dir='ltr'><strong>hoc</strong></span> <span class='ocrx_word' id='word_1_541' title='bbox 723 4061 898 4118; x_wconf 91' lang='lat' dir='ltr'><strong>usque</strong></span> <span class='ocrx_word' id='word_1_542' title='bbox 945 4056 1164 4116; x_wconf 89' lang='lat' dir='ltr'><strong>tempus</strong></span> <span class='ocrx_word' id='word_1_543' title='bbox 1193 4045 1479 4116; x_wconf 87' lang='lat' dir='ltr'><strong>tyranuico</strong></span> <span class='ocrx_word' id='word_1_544' title='bbox 1540 4045 1703 4101; x_wconf 88' lang='lat' dir='ltr'><strong>modo</strong></span> <span class='ocrx_word' id='word_1_545' title='bbox 1730 4052 2049 4114; x_wconf 89' lang='lat' dir='ltr'><strong>occupatur.</strong></span> 
     </span>
    </p>
   </div>
   <div class='ocr_carea' id='block_1_74' title="bbox 469 4129 2051 4207">
    <p class='ocr_par' dir='ltr' id='par_1_74' title="bbox 469 4129 2051 4207">
     <span class='ocr_line' id='line_1_74' title="bbox 469 4129 2051 4207; baseline -0.001 -18"><span class='ocrx_word' id='word_1_546' title='bbox 469 4134 659 4207; x_wconf 81' lang='lat' dir='ltr'><strong>Surge,</strong></span> <span class='ocrx_word' id='word_1_547' title='bbox 678 4135 927 4202; x_wconf 86' lang='lat' dir='ltr'><strong>Domine,</strong></span> <span class='ocrx_word' id='word_1_548' title='bbox 947 4137 1002 4189; x_wconf 84' lang='lat' dir='ltr'><strong>in</strong></span> <span class='ocrx_word' id='word_1_549' title='bbox 1025 4136 1259 4200; x_wconf 84' lang='lat' dir='ltr'><strong>requiem</strong></span> <span class='ocrx_word' id='word_1_550' title='bbox 1282 4129 1452 4199; x_wconf 80' lang='lat' dir='ltr'><strong>tuam,</strong></span> <span class='ocrx_word' id='word_1_551' title='bbox 1480 4149 1641 4204; x_wconf 90' lang='lat' dir='ltr'><strong>quam</strong></span> <span class='ocrx_word' id='word_1_552' title='bbox 1665 4149 1831 4203; x_wconf 90' lang='lat' dir='ltr'><strong>super</strong></span> <span class='ocrx_word' id='word_1_553' title='bbox 1850 4144 2051 4189; x_wconf 85' lang='lat' dir='ltr'><strong>terram</strong></span> 
     </span>
    </p>
   </div>
   <div class='ocr_carea' id='block_1_75' title="bbox 469 4226 2052 4298">
    <p class='ocr_par' dir='ltr' id='par_1_75' title="bbox 469 4226 2052 4298">
     <span class='ocr_line' id='line_1_75' title="bbox 469 4226 2052 4298; baseline -0.001 -15"><span class='ocrx_word' id='word_1_554' title='bbox 469 4227 880 4298; x_wconf 62' lang='lat' dir='ltr'><strong>praescripsisti,</strong></span> <span class='ocrx_word' id='word_1_555' title='bbox 914 4236 971 4282; x_wconf 86' lang='lat' dir='ltr'><strong>et</strong></span> <span class='ocrx_word' id='word_1_556' title='bbox 1024 4228 1078 4281; x_wconf 92' lang='lat' dir='ltr'><strong>in</strong></span> <span class='ocrx_word' id='word_1_557' title='bbox 1133 4227 1415 4283; x_wconf 85' lang='lat' dir='ltr'><strong>Bethleem</strong></span> <span class='ocrx_word' id='word_1_558' title='bbox 1458 4226 1814 4287; x_wconf 84' lang='lat' dir='ltr'><strong>constituisti.</strong></span> <span class='ocrx_word' id='word_1_559' title='bbox 1859 4235 2052 4297; x_wconf 92' lang='lat' dir='ltr'><strong>utpote</strong></span> 
     </span>
    </p>
   </div>
   <div class='ocr_carea' id='block_1_76' title="bbox 468 4315 2051 4388">
    <p class='ocr_par' dir='ltr' id='par_1_76' title="bbox 468 4315 2051 4388">
     <span class='ocr_line' id='line_1_76' title="bbox 468 4315 2051 4388; baseline -0.001 -15"><span class='ocrx_word' id='word_1_560' title='bbox 468 4318 765 4381; x_wconf 86' lang='lat' dir='ltr'><strong>stabulum,</strong></span> <span class='ocrx_word' id='word_1_561' title='bbox 816 4333 1087 4388; x_wconf 61' lang='lat' dir='ltr'><strong>praesepe,</strong></span> <span class='ocrx_word' id='word_1_562' title='bbox 1118 4327 1175 4372; x_wconf 88' lang='lat' dir='ltr'><strong>et</strong></span> <span class='ocrx_word' id='word_1_563' title='bbox 1217 4319 1433 4377; x_wconf 77' lang='lat' dir='ltr'><strong>fascias.</strong></span> <span class='ocrx_word' id='word_1_564' title='bbox 1479 4315 1601 4371; x_wconf 87' lang='lat' dir='ltr'><strong>Non</strong></span> <span class='ocrx_word' id='word_1_565' title='bbox 1651 4317 1798 4371; x_wconf 91' lang='lat' dir='ltr'><strong>enim</strong></span> <span class='ocrx_word' id='word_1_566' title='bbox 1825 4330 1952 4388; x_wconf 89' lang='lat' dir='ltr'><strong>eges</strong></span> <span class='ocrx_word' id='word_1_567' title='bbox 1995 4317 2051 4371; x_wconf 86' lang='lat' dir='ltr'><strong>in</strong></span> 
     </span>
    </p>
   </div>
   <div class='ocr_carea' id='block_1_77' title="bbox 465 4394 2044 4480">
    <p class='ocr_par' dir='ltr' id='par_1_77' title="bbox 465 4394 2044 4480">
     <span class='ocr_line' id='line_1_77' title="bbox 465 4394 2044 4480; baseline -0.002 -13"><span class='ocrx_word' id='word_1_568' title='bbox 465 4394 625 4467; x_wconf 79' lang='lat' dir='ltr'><strong>caelis</strong></span> <span class='ocrx_word' id='word_1_569' title='bbox 643 4410 857 4480; x_wconf 90' lang='lat' dir='ltr'><strong>requie,</strong></span> <span class='ocrx_word' id='word_1_570' title='bbox 891 4411 985 4466; x_wconf 89' lang='lat' dir='ltr'><strong>sed</strong></span> <span class='ocrx_word' id='word_1_571' title='bbox 1019 4409 1139 4480; x_wconf 88' lang='lat' dir='ltr'><strong>ipse</strong></span> <span class='ocrx_word' id='word_1_572' title='bbox 1157 4426 1216 4465; x_wconf 88' lang='lat' dir='ltr'><strong>es</strong></span> <span class='ocrx_word' id='word_1_573' title='bbox 1245 4410 1464 4480; x_wconf 88' lang='lat' dir='ltr'><strong>requies</strong></span> <span class='ocrx_word' id='word_1_574' title='bbox 1497 4409 1768 4464; x_wconf 69' lang='lat' dir='ltr'><strong>universae</strong></span> <span class='ocrx_word' id='word_1_575' title='bbox 1821 4417 2044 4464; x_wconf 84' lang='lat' dir='ltr'><strong>creatu—</strong></span> 
     </span>
    </p>
   </div>
   <div class='ocr_carea' id='block_1_78' title="bbox 2167 3213 3706 3286">
    <p class='ocr_par' dir='ltr' id='par_1_78' title="bbox 2167 3213 3706 3286">
     <span class='ocr_line' id='line_1_78' title="bbox 2167 3213 3706 3286; baseline 0 -20"><span class='ocrx_word' id='word_1_576' title='bbox 2167 3215 2336 3284; x_wconf 82' lang='grc' dir='ltr'>μένην</span> <span class='ocrx_word' id='word_1_577' title='bbox 2364 3213 2706 3285; x_wconf 78' lang='grc' dir='ltr'>ἐπλήρωσεν.</span> <span class='ocrx_word' id='word_1_578' title='bbox 2726 3213 2888 3267; x_wconf 85' lang='grc' dir='ltr'><strong>Ἀλλὰ</strong></span> <span class='ocrx_word' id='word_1_579' title='bbox 2914 3214 3109 3278; x_wconf 80' lang='grc' dir='ltr'>κλάδος</span> <span class='ocrx_word' id='word_1_580' title='bbox 3139 3214 3386 3283; x_wconf 84' lang='grc' dir='ltr'>γαμικδς</span> <span class='ocrx_word' id='word_1_581' title='bbox 3407 3215 3502 3286; x_wconf 77' lang='grc' dir='ltr'>τὴν</span> <span class='ocrx_word' id='word_1_582' title='bbox 3526 3214 3611 3283; x_wconf 73' lang='grc' dir='ltr'>σὴν</span> <span class='ocrx_word' id='word_1_583' title='bbox 3627 3232 3706 3280; x_wconf 76' lang='grc' dir='ltr'>πη-</span> 
     </span>
    </p>
   </div>
   <div class='ocr_carea' id='block_1_79' title="bbox 2162 3305 3707 3377">
    <p class='ocr_par' dir='ltr' id='par_1_79' title="bbox 2162 3305 3707 3377">
     <span class='ocr_line' id='line_1_79' title="bbox 2162 3305 3707 3377; baseline -0.003 -16"><span class='ocrx_word' id='word_1_584' title='bbox 2162 3307 2266 3375; x_wconf 83' lang='grc' dir='ltr'>γὴν</span> <span class='ocrx_word' id='word_1_585' title='bbox 2302 3305 2400 3360; x_wconf 81' lang='grc' dir='ltr'>οὒκ</span> <span class='ocrx_word' id='word_1_586' title='bbox 2433 3306 2692 3377; x_wconf 70' lang='grc' dir='ltr'>ἠντλησε.</span> <span class='ocrx_word' id='word_1_587' title='bbox 2724 3307 2862 3377; x_wconf 71' lang='grc' dir='ltr'>Περὶ</span> <span class='ocrx_word' id='word_1_588' title='bbox 2890 3305 2985 3360; x_wconf 80' lang='grc' dir='ltr'>σοῦ</span> <span class='ocrx_word' id='word_1_589' title='bbox 3021 3307 3189 3360; x_wconf 71' lang='grc' dir='ltr'>Δαϐὶδ</span> <span class='ocrx_word' id='word_1_590' title='bbox 3229 3309 3301 3360; x_wconf 79' lang='grc' dir='ltr'>ἐκ</span> <span class='ocrx_word' id='word_1_591' title='bbox 3327 3306 3421 3361; x_wconf 84' lang='grc' dir='ltr'>σοῦ</span> <span class='ocrx_word' id='word_1_592' title='bbox 3458 3305 3707 3376; x_wconf 75' lang='grc' dir='ltr'>κιθαρίζων</span> 
     </span>
    </p>
   </div>
   <div class='ocr_carea' id='block_1_80' title="bbox 2161 3398 3706 3467">
    <p class='ocr_par' dir='ltr' id='par_1_80' title="bbox 2161 3398 3706 3467">
     <span class='ocr_line' id='line_1_80' title="bbox 2161 3398 3706 3467; baseline -0.001 -15"><span class='ocrx_word' id='word_1_593' title='bbox 2161 3401 2220 3452; x_wconf 82' lang='grc' dir='ltr'><strong>ού</strong></span> <span class='ocrx_word' id='word_1_594' title='bbox 2248 3398 2483 3455; x_wconf 87' lang='grc' dir='ltr'>παύεται</span> <span class='ocrx_word' id='word_1_595' title='bbox 2504 3415 2519 3430; x_wconf 74' lang='grc' dir='ltr'><strong><em>ο</em></strong></span> <span class='ocrx_word' id='word_1_596' title='bbox 2560 3398 2895 3465; x_wconf 77' lang='grc' dir='ltr'>Ἀνάστηθι.</span> <span class='ocrx_word' id='word_1_597' title='bbox 2919 3400 3119 3467; x_wconf 78' lang='grc' dir='ltr'>Κύριε,</span> <span class='ocrx_word' id='word_1_598' title='bbox 3142 3402 3231 3465; x_wconf 79' lang='grc' dir='ltr'><strong>εις</strong></span> <span class='ocrx_word' id='word_1_599' title='bbox 3253 3400 3380 3467; x_wconf 76' lang='grc' dir='ltr'><strong>τὴν</strong></span> <span class='ocrx_word' id='word_1_600' title='bbox 3404 3398 3706 3455; x_wconf 77' lang='grc' dir='ltr'>ἀνάπαυσίν</span> 
     </span>
    </p>
   </div>
   <div class='ocr_carea' id='block_1_81' title="bbox 2160 3490 3704 3562">
    <p class='ocr_par' dir='ltr' id='par_1_81' title="bbox 2160 3490 3704 3562">
     <span class='ocr_line' id='line_1_81' title="bbox 2160 3490 3704 3562; baseline -0.002 -17"><span class='ocrx_word' id='word_1_601' title='bbox 2160 3506 2297 3556; x_wconf 84' lang='grc' dir='ltr'>σου,</span> <span class='ocrx_word' id='word_1_602' title='bbox 2330 3491 2412 3544; x_wconf 85' lang='grc' dir='ltr'>σὺ</span> <span class='ocrx_word' id='word_1_603' title='bbox 2439 3491 2538 3545; x_wconf 81' lang='grc' dir='ltr'>καὶ</span> <span class='ocrx_word' id='word_1_604' title='bbox 2563 3492 2603 3560; x_wconf 77' lang='grc' dir='ltr'><strong><em>ἡ</em></strong></span> <span class='ocrx_word' id='word_1_605' title='bbox 2638 3492 2884 3558; x_wconf 76' lang='grc' dir='ltr'>κιϐωτός</span> <span class='ocrx_word' id='word_1_606' title='bbox 2910 3490 3017 3545; x_wconf 81' lang='grc' dir='ltr'>τοῦ</span> <span class='ocrx_word' id='word_1_607' title='bbox 3035 3492 3412 3562; x_wconf 75' lang='grc' dir='ltr'>ἀτιάσματός</span> <span class='ocrx_word' id='word_1_608' title='bbox 3439 3492 3704 3548; x_wconf 80' lang='grc' dir='ltr'>σου.Ἀνά-</span> 
     </span>
    </p>
   </div>
   <div class='ocr_carea' id='block_1_82' title="bbox 2162 3582 3703 3656">
    <p class='ocr_par' dir='ltr' id='par_1_82' title="bbox 2162 3582 3703 3656">
     <span class='ocr_line' id='line_1_82' title="bbox 2162 3582 3703 3656; baseline 0 -21"><span class='ocrx_word' id='word_1_609' title='bbox 2162 3582 2341 3654; x_wconf 88' lang='grc' dir='ltr'>στηθι,</span> <span class='ocrx_word' id='word_1_610' title='bbox 2378 3583 2574 3650; x_wconf 88' lang='grc' dir='ltr'>πόθεν;</span> <span class='ocrx_word' id='word_1_611' title='bbox 2614 3583 2709 3636; x_wconf 85' lang='grc' dir='ltr'>Ἐκ</span> <span class='ocrx_word' id='word_1_612' title='bbox 2744 3583 2853 3636; x_wconf 84' lang='grc' dir='ltr'><strong>τῶν</strong></span> <span class='ocrx_word' id='word_1_613' title='bbox 2883 3584 3098 3637; x_wconf 86' lang='grc' dir='ltr'>κόλπων</span> <span class='ocrx_word' id='word_1_614' title='bbox 3125 3584 3221 3637; x_wconf 85' lang='grc' dir='ltr'><strong>τοῦ</strong></span> <span class='ocrx_word' id='word_1_615' title='bbox 3257 3584 3495 3656; x_wconf 60' lang='grc' dir='ltr'>Πατρός,</span> <span class='ocrx_word' id='word_1_616' title='bbox 3527 3585 3612 3652; x_wconf 80' lang='grc' dir='ltr'>οὐχ</span> <span class='ocrx_word' id='word_1_617' title='bbox 3640 3584 3703 3635; x_wconf 79' lang='grc' dir='ltr'>ἵνα</span> 
     </span>
    </p>
   </div>
   <div class='ocr_carea' id='block_1_83' title="bbox 2160 3674 3701 3748">
    <p class='ocr_par' dir='ltr' id='par_1_83' title="bbox 2160 3674 3701 3748">
     <span class='ocr_line' id='line_1_83' title="bbox 2160 3674 3701 3748; baseline -0.004 -17"><span class='ocrx_word' id='word_1_618' title='bbox 2160 3674 2436 3746; x_wconf 78' lang='grc' dir='ltr'>χωρισθῇς</span> <span class='ocrx_word' id='word_1_619' title='bbox 2464 3674 2559 3729; x_wconf 83' lang='grc' dir='ltr'>τοῦ</span> <span class='ocrx_word' id='word_1_620' title='bbox 2590 3676 2804 3747; x_wconf 80' lang='grc' dir='ltr'>Πατρὸς</span> <span class='ocrx_word' id='word_1_621' title='bbox 2834 3677 3014 3746; x_wconf 80' lang='grc' dir='ltr'>(τοῦτο</span> <span class='ocrx_word' id='word_1_622' title='bbox 3040 3677 3152 3746; x_wconf 87' lang='grc' dir='ltr'>γὰρ</span> <span class='ocrx_word' id='word_1_623' title='bbox 3172 3676 3233 3729; x_wconf 81' lang='grc' dir='ltr'>οὐ</span> <span class='ocrx_word' id='word_1_624' title='bbox 3258 3676 3424 3748; x_wconf 86' lang='grc' dir='ltr'>θέμις</span> <span class='ocrx_word' id='word_1_625' title='bbox 3451 3676 3482 3747; x_wconf 84' lang='grc' dir='ltr'>ἢ</span> <span class='ocrx_word' id='word_1_626' title='bbox 3511 3674 3701 3728; x_wconf 75' lang='grc' dir='ltr'>νοεῖσθαι</span> 
     </span>
    </p>
   </div>
   <div class='ocr_carea' id='block_1_84' title="bbox 2158 3766 3699 3840">
    <p class='ocr_par' dir='ltr' id='par_1_84' title="bbox 2158 3766 3699 3840">
     <span class='ocr_line' id='line_1_84' title="bbox 2158 3766 3699 3840; baseline 0.001 -20"><span class='ocrx_word' id='word_1_627' title='bbox 2158 3768 2191 3839; x_wconf 80' lang='grc' dir='ltr'><strong>ἢ</strong></span> <span class='ocrx_word' id='word_1_628' title='bbox 2231 3766 2569 3839; x_wconf 84' lang='grc' dir='ltr'>λέγεσθαι),</span> <span class='ocrx_word' id='word_1_629' title='bbox 2604 3768 2698 3822; x_wconf 76' lang='grc' dir='ltr'>ἵνα</span> <span class='ocrx_word' id='word_1_630' title='bbox 2749 3768 2806 3821; x_wconf 77' lang='grc' dir='ltr'>δὲ</span> <span class='ocrx_word' id='word_1_631' title='bbox 2850 3768 2950 3839; x_wconf 84' lang='grc' dir='ltr'>τὴν</span> <span class='ocrx_word' id='word_1_632' title='bbox 2995 3769 3313 3838; x_wconf 75' lang='grc' dir='ltr'>οἰκονομίαν</span> <span class='ocrx_word' id='word_1_633' title='bbox 3352 3768 3574 3840; x_wconf 79' lang='grc' dir='ltr'>πράξῃς,</span> <span class='ocrx_word' id='word_1_634' title='bbox 3601 3767 3629 3837; x_wconf 78' lang='grc' dir='ltr'><strong>ἧ</strong></span> <span class='ocrx_word' id='word_1_635' title='bbox 3661 3782 3699 3822; x_wconf 81' lang='grc' dir='ltr'><strong>τι</strong></span> 
     </span>
    </p>
   </div>
   <div class='ocr_carea' id='block_1_85' title="bbox 2157 3858 3699 3933">
    <p class='ocr_par' dir='ltr' id='par_1_85' title="bbox 2157 3858 3699 3933">
     <span class='ocr_line' id='line_1_85' title="bbox 2157 3858 3699 3933; baseline -0.001 -19"><span class='ocrx_word' id='word_1_636' title='bbox 2157 3859 2366 3914; x_wconf 83' lang='grc' dir='ltr'>ἄνωθέν</span> <span class='ocrx_word' id='word_1_637' title='bbox 2413 3878 2497 3914; x_wconf 90' lang='grc' dir='ltr'><strong>σοι</strong></span> <span class='ocrx_word' id='word_1_638' title='bbox 2549 3861 2659 3933; x_wconf 79' lang='grc' dir='ltr'>πρὸ</span> <span class='ocrx_word' id='word_1_639' title='bbox 2707 3858 2922 3914; x_wconf 86' lang='grc' dir='ltr'>αίώνων</span> <span class='ocrx_word' id='word_1_640' title='bbox 2955 3860 3050 3914; x_wconf 85' lang='grc' dir='ltr'>καὶ</span> <span class='ocrx_word' id='word_1_641' title='bbox 3095 3862 3205 3930; x_wconf 83' lang='grc' dir='ltr'><strong>πρὸ</strong></span> <span class='ocrx_word' id='word_1_642' title='bbox 3232 3862 3346 3914; x_wconf 81' lang='grc' dir='ltr'><strong>τῶν</strong></span> <span class='ocrx_word' id='word_1_643' title='bbox 3380 3862 3699 3931; x_wconf 84' lang='grc' dir='ltr'>γενεῶνπρο-</span> 
     </span>
    </p>
   </div>
   <div class='ocr_carea' id='block_1_86' title="bbox 2155 3947 3695 4023">
    <p class='ocr_par' dir='ltr' id='par_1_86' title="bbox 2155 3947 3695 4023">
     <span class='ocr_line' id='line_1_86' title="bbox 2155 3947 3695 4023; baseline -0.004 -19"><span class='ocrx_word' id='word_1_644' title='bbox 2155 3950 2381 4021; x_wconf 84' lang='grc' dir='ltr'>ὡριστο.</span> <span class='ocrx_word' id='word_1_645' title='bbox 2430 3950 2750 4020; x_wconf 78' lang='grc' dir='ltr'>’Δνάστηθι,</span> <span class='ocrx_word' id='word_1_646' title='bbox 2783 3951 2869 4004; x_wconf 78' lang='grc' dir='ltr'><strong>ἴνα</strong></span> <span class='ocrx_word' id='word_1_647' title='bbox 2906 3951 3035 4011; x_wconf 79' lang='grc' dir='ltr'>τοὺς</span> <span class='ocrx_word' id='word_1_648' title='bbox 3082 3951 3353 4015; x_wconf 77' lang='grc' dir='ltr'>πεσόντας</span> <span class='ocrx_word' id='word_1_649' title='bbox 3378 3949 3604 4023; x_wconf 73' lang='grc' dir='ltr'>ἐγείρῃς,</span> <span class='ocrx_word' id='word_1_650' title='bbox 3631 3947 3695 3999; x_wconf 68' lang='grc' dir='ltr'>ἵνα</span> 
     </span>
    </p>
   </div>
   <div class='ocr_carea' id='block_1_87' title="bbox 2154 4038 3696 4114">
    <p class='ocr_par' dir='ltr' id='par_1_87' title="bbox 2154 4038 3696 4114">
     <span class='ocr_line' id='line_1_87' title="bbox 2154 4038 3696 4114; baseline 0.001 -18"><span class='ocrx_word' id='word_1_651' title='bbox 2154 4045 2281 4105; x_wconf 80' lang='grc' dir='ltr'>τοὺς</span> <span class='ocrx_word' id='word_1_652' title='bbox 2328 4041 2711 4103; x_wconf 82' lang='grc' dir='ltr'>σκελισθέντας</span> <span class='ocrx_word' id='word_1_653' title='bbox 2761 4041 3031 4114; x_wconf 82' lang='grc' dir='ltr'>ὀρθώσης,</span> <span class='ocrx_word' id='word_1_654' title='bbox 3076 4042 3165 4095; x_wconf 80' lang='grc' dir='ltr'>ἴνα</span> <span class='ocrx_word' id='word_1_655' title='bbox 3209 4042 3272 4096; x_wconf 79' lang='grc' dir='ltr'>τὸ</span> <span class='ocrx_word' id='word_1_656' title='bbox 3325 4043 3418 4095; x_wconf 76' lang='grc' dir='ltr'><strong>σὺν</strong></span> <span class='ocrx_word' id='word_1_657' title='bbox 3461 4038 3696 4110; x_wconf 75' lang='grc' dir='ltr'>ἀναλάϐῃς</span> 
     </span>
    </p>
   </div>
   <div class='ocr_carea' id='block_1_88' title="bbox 2154 4128 3694 4201">
    <p class='ocr_par' dir='ltr' id='par_1_88' title="bbox 2154 4128 3694 4201">
     <span class='ocr_line' id='line_1_88' title="bbox 2154 4128 3694 4201; baseline -0.003 -17"><span class='ocrx_word' id='word_1_658' title='bbox 2154 4130 2362 4200; x_wconf 83' lang='grc' dir='ltr'>κτῆμα,</span> <span class='ocrx_word' id='word_1_659' title='bbox 2398 4130 2550 4200; x_wconf 87' lang='grc' dir='ltr'>παρὰ</span> <span class='ocrx_word' id='word_1_660' title='bbox 2572 4129 2665 4183; x_wconf 81' lang='grc' dir='ltr'><strong>τοῦ</strong></span> <span class='ocrx_word' id='word_1_661' title='bbox 2701 4129 2899 4200; x_wconf 84' lang='grc' dir='ltr'>ὲχθροῦ</span> <span class='ocrx_word' id='word_1_662' title='bbox 2939 4130 3103 4201; x_wconf 85' lang='grc' dir='ltr'>μέχρι</span> <span class='ocrx_word' id='word_1_663' title='bbox 3132 4130 3228 4185; x_wconf 77' lang='grc' dir='ltr'><strong>τοῦ</strong></span> <span class='ocrx_word' id='word_1_664' title='bbox 3258 4130 3357 4184; x_wconf 77' lang='grc' dir='ltr'>νῦν</span> <span class='ocrx_word' id='word_1_665' title='bbox 3385 4128 3694 4201; x_wconf 63' lang='grc' dir='ltr'>τυραννούμεφ</span> 
     </span>
    </p>
   </div>
   <div class='ocr_carea' id='block_1_89' title="bbox 2153 4221 3694 4290">
    <p class='ocr_par' dir='ltr' id='par_1_89' title="bbox 2153 4221 3694 4290">
     <span class='ocr_line' id='line_1_89' title="bbox 2153 4221 3694 4290; baseline -0.001 -18"><span class='ocrx_word' id='word_1_666' title='bbox 2153 4238 2262 4275; x_wconf 92' lang='grc' dir='ltr'>νον.</span> <span class='ocrx_word' id='word_1_667' title='bbox 2284 4221 2625 4290; x_wconf 80' lang='grc' dir='ltr'>Ἀνάστηθι,</span> <span class='ocrx_word' id='word_1_668' title='bbox 2653 4223 2853 4290; x_wconf 82' lang='grc' dir='ltr'>Κύριε,</span> <span class='ocrx_word' id='word_1_669' title='bbox 2878 4225 2967 4287; x_wconf 82' lang='grc' dir='ltr'><strong>είς</strong></span> <span class='ocrx_word' id='word_1_670' title='bbox 2991 4222 3109 4289; x_wconf 75' lang='grc' dir='ltr'><strong>τὴν</strong></span> <span class='ocrx_word' id='word_1_671' title='bbox 3132 4221 3489 4277; x_wconf 78' lang='grc' dir='ltr'>ἀνάπαυσίν</span> <span class='ocrx_word' id='word_1_672' title='bbox 3511 4221 3694 4289; x_wconf 52' lang='lat' dir='ltr'><strong>(remigi</strong></span> 
     </span>
    </p>
   </div>
   <div class='ocr_carea' id='block_1_90' title="bbox 2152 4313 3693 4386">
    <p class='ocr_par' dir='ltr' id='par_1_90' title="bbox 2152 4313 3693 4386">
     <span class='ocr_line' id='line_1_90' title="bbox 2152 4313 3693 4386; baseline -0.001 -20"><span class='ocrx_word' id='word_1_673' title='bbox 2152 4314 2246 4367; x_wconf 78' lang='grc' dir='ltr'><strong>ἐπὶ</strong></span> <span class='ocrx_word' id='word_1_674' title='bbox 2275 4316 2376 4383; x_wconf 81' lang='grc' dir='ltr'>τῆς</span> <span class='ocrx_word' id='word_1_675' title='bbox 2404 4316 2507 4385; x_wconf 79' lang='grc' dir='ltr'>γῆς</span> <span class='ocrx_word' id='word_1_676' title='bbox 2540 4314 2769 4386; x_wconf 77' lang='grc' dir='ltr'>ὥρισας,</span> <span class='ocrx_word' id='word_1_677' title='bbox 2802 4316 2896 4368; x_wconf 75' lang='grc' dir='ltr'>καὶ</span> <span class='ocrx_word' id='word_1_678' title='bbox 2926 4317 3008 4379; x_wconf 86' lang='grc' dir='ltr'><strong>είς</strong></span> <span class='ocrx_word' id='word_1_679' title='bbox 3038 4315 3139 4386; x_wconf 82' lang='grc' dir='ltr'>τὴν</span> <span class='ocrx_word' id='word_1_680' title='bbox 3164 4315 3416 4386; x_wconf 83' lang='grc' dir='ltr'>Βηθλεὲμ</span> <span class='ocrx_word' id='word_1_681' title='bbox 3443 4313 3693 4378; x_wconf 76' lang='grc' dir='ltr'>ἐταξας,τὸ</span> 
     </span>
    </p>
   </div>
   <div class='ocr_carea' id='block_1_91' title="bbox 2154 4404 3691 4478">
    <p class='ocr_par' dir='ltr' id='par_1_91' title="bbox 2154 4404 3691 4478">
     <span class='ocr_line' id='line_1_91' title="bbox 2154 4404 3691 4478; baseline -0.003 -20"><span class='ocrx_word' id='word_1_682' title='bbox 2154 4405 2421 4476; x_wconf 82' lang='grc' dir='ltr'>σπήλαιον</span> <span class='ocrx_word' id='word_1_683' title='bbox 2465 4408 2562 4459; x_wconf 71' lang='grc' dir='ltr'>καὶ</span> <span class='ocrx_word' id='word_1_684' title='bbox 2591 4406 2692 4476; x_wconf 79' lang='grc' dir='ltr'><strong>τὴν</strong></span> <span class='ocrx_word' id='word_1_685' title='bbox 2724 4407 2935 4476; x_wconf 79' lang='grc' dir='ltr'>φάτνην</span> <span class='ocrx_word' id='word_1_686' title='bbox 2977 4408 3074 4461; x_wconf 80' lang='grc' dir='ltr'>καὶ</span> <span class='ocrx_word' id='word_1_687' title='bbox 3100 4406 3171 4460; x_wconf 85' lang='grc' dir='ltr'>τὰ</span> <span class='ocrx_word' id='word_1_688' title='bbox 3198 4407 3491 4478; x_wconf 87' lang='grc' dir='ltr'>σπάργανα</span> <span class='ocrx_word' id='word_1_689' title='bbox 3509 4424 3521 4436; x_wconf 80' lang='grc'><em>’</em></span> <span class='ocrx_word' id='word_1_690' title='bbox 3545 4408 3593 4458; x_wconf 79' lang='grc' dir='ltr'>ἐν</span> <span class='ocrx_word' id='word_1_691' title='bbox 3621 4404 3691 4456; x_wconf 84' lang='grc' dir='ltr'><strong>οὐ·</strong></span> 
     </span>
    </p>
   </div>
   <div class='ocr_carea' id='block_1_92' title="bbox 468 4489 2056 4571">
    <p class='ocr_par' dir='ltr' id='par_1_92' title="bbox 468 4500 2049 4571">
     <span class='ocr_line' id='line_1_92' title="bbox 468 4500 2049 4571; baseline -0.001 -15"><span class='ocrx_word' id='word_1_692' title='bbox 468 4518 541 4557; x_wconf 82' lang='lat' dir='ltr'><strong>rae</strong></span> <span class='ocrx_word' id='word_1_693' title='bbox 570 4521 584 4556; x_wconf 87' lang='lat'><strong>:</strong></span> <span class='ocrx_word' id='word_1_694' title='bbox 617 4513 672 4557; x_wconf 90' lang='lat' dir='ltr'><strong>at</strong></span> <span class='ocrx_word' id='word_1_695' title='bbox 699 4503 755 4557; x_wconf 92' lang='lat' dir='ltr'><strong>in</strong></span> <span class='ocrx_word' id='word_1_696' title='bbox 779 4511 948 4563; x_wconf 87' lang='lat' dir='ltr'><strong>terra,</strong></span> <span class='ocrx_word' id='word_1_697' title='bbox 981 4510 1165 4556; x_wconf 88' lang='lat' dir='ltr'><strong>nostra</strong></span> <span class='ocrx_word' id='word_1_698' title='bbox 1194 4516 1360 4556; x_wconf 85' lang='lat' dir='ltr'><strong>causa</strong></span> <span class='ocrx_word' id='word_1_699' title='bbox 1413 4500 1618 4571; x_wconf 89' lang='lat' dir='ltr'><strong>pateris</strong></span> <span class='ocrx_word' id='word_1_700' title='bbox 1648 4516 1771 4570; x_wconf 83' lang='lat' dir='ltr'><strong>quae</strong></span> <span class='ocrx_word' id='word_1_701' title='bbox 1802 4501 1869 4555; x_wconf 89' lang='lat' dir='ltr'><strong>ad</strong></span> <span class='ocrx_word' id='word_1_702' title='bbox 1930 4515 2049 4556; x_wconf 89' lang='lat' dir='ltr'><strong>car-</strong></span> 
     </span>
    </p>
   </div>
   <div class='ocr_carea' id='block_1_93' title="bbox 2160 4489 3693 4571">
    <p class='ocr_par' dir='ltr' id='par_1_93' title="bbox 2160 4494 3693 4569">
     <span class='ocr_line' id='line_1_93' title="bbox 2160 4494 3693 4569; baseline -0.002 -19"><span class='ocrx_word' id='word_1_703' title='bbox 2160 4500 2340 4569; x_wconf 85' lang='grc' dir='ltr'>ρανοῖς</span> <span class='ocrx_word' id='word_1_704' title='bbox 2369 4496 2480 4569; x_wconf 78' lang='grc' dir='ltr'><strong>γὰρ</strong></span> <span class='ocrx_word' id='word_1_705' title='bbox 2519 4498 2582 4551; x_wconf 85' lang='grc' dir='ltr'>οὐ</span> <span class='ocrx_word' id='word_1_706' title='bbox 2628 4497 2851 4569; x_wconf 74' lang='grc' dir='ltr'>χρῄζεις</span> <span class='ocrx_word' id='word_1_707' title='bbox 2884 4496 3270 4561; x_wconf 84' lang='grc' dir='ltr'>ἀναπαύσεως.</span> <span class='ocrx_word' id='word_1_708' title='bbox 3306 4498 3479 4561; x_wconf 79' lang='grc' dir='ltr'>Αὐτὸς</span> <span class='ocrx_word' id='word_1_709' title='bbox 3509 4496 3560 4550; x_wconf 85' lang='grc' dir='ltr'>δὲ</span> <span class='ocrx_word' id='word_1_710' title='bbox 3591 4494 3693 4548; x_wconf 77' lang='grc' dir='ltr'><strong>ἀνά-</strong></span> 
     </span>
    </p>
   </div>
   <div class='ocr_carea' id='block_1_94' title="bbox 464 4592 2049 4665">
    <p class='ocr_par' dir='ltr' id='par_1_94' title="bbox 464 4592 2049 4665">
     <span class='ocr_line' id='line_1_94' title="bbox 464 4592 2049 4665; baseline 0 -17"><span class='ocrx_word' id='word_1_711' title='bbox 464 4610 589 4649; x_wconf 90' lang='lat' dir='ltr'><strong>uem</strong></span> <span class='ocrx_word' id='word_1_712' title='bbox 648 4594 950 4665; x_wconf 79' lang='lat' dir='ltr'><strong>pertinent.</strong></span> <span class='ocrx_word' id='word_1_713' title='bbox 986 4594 1106 4649; x_wconf 85' lang='lat' dir='ltr'><strong>Non</strong></span> <span class='ocrx_word' id='word_1_714' title='bbox 1157 4595 1303 4650; x_wconf 89' lang='lat' dir='ltr'><strong>enim</strong></span> <span class='ocrx_word' id='word_1_715' title='bbox 1360 4603 1481 4649; x_wconf 89' lang='lat' dir='ltr'><strong>erat</strong></span> <span class='ocrx_word' id='word_1_716' title='bbox 1533 4593 1747 4649; x_wconf 78' lang='lat' dir='ltr'><strong>esuries</strong></span> <span class='ocrx_word' id='word_1_717' title='bbox 1777 4602 1873 4648; x_wconf 88' lang='lat' dir='ltr'><strong>aut</strong></span> <span class='ocrx_word' id='word_1_718' title='bbox 1930 4592 2049 4648; x_wconf 91' lang='lat' dir='ltr'><strong>sitis</strong></span> 
     </span>
    </p>
   </div>
   <div class='ocr_carea' id='block_1_95' title="bbox 462 4686 2048 4759">
    <p class='ocr_par' dir='ltr' id='par_1_95' title="bbox 462 4686 2048 4759">
     <span class='ocr_line' id='line_1_95' title="bbox 462 4686 2048 4759; baseline 0.001 -21"><span class='ocrx_word' id='word_1_719' title='bbox 462 4701 589 4739; x_wconf 83' lang='lat' dir='ltr'><strong>vera</strong></span> <span class='ocrx_word' id='word_1_720' title='bbox 626 4702 789 4757; x_wconf 87' lang='lat' dir='ltr'><strong>quam</strong></span> <span class='ocrx_word' id='word_1_721' title='bbox 817 4686 1093 4754; x_wconf 86' lang='lat' dir='ltr'><strong>habebas;</strong></span> <span class='ocrx_word' id='word_1_722' title='bbox 1147 4688 1398 4759; x_wconf 91' lang='lat' dir='ltr'><strong>quinimo</strong></span> <span class='ocrx_word' id='word_1_723' title='bbox 1449 4686 1724 4749; x_wconf 87' lang='lat' dir='ltr'><strong>esuriens,</strong></span> <span class='ocrx_word' id='word_1_724' title='bbox 1774 4687 1934 4756; x_wconf 89' lang='lat' dir='ltr'><strong>panis</strong></span> <span class='ocrx_word' id='word_1_725' title='bbox 1988 4700 2048 4740; x_wconf 88' lang='lat' dir='ltr'><strong>es</strong></span> 
     </span>
    </p>
   </div>
   <div class='ocr_carea' id='block_1_96' title="bbox 460 4778 2044 4850">
    <p class='ocr_par' dir='ltr' id='par_1_96' title="bbox 460 4778 2044 4850">
     <span class='ocr_line' id='line_1_96' title="bbox 460 4778 2044 4850; baseline -0.001 -18"><span class='ocrx_word' id='word_1_726' title='bbox 460 4779 588 4832; x_wconf 65' lang='lat' dir='ltr'><strong>vitae</strong></span> <span class='ocrx_word' id='word_1_727' title='bbox 620 4795 633 4831; x_wconf 92' lang='lat'><strong>:</strong></span> <span class='ocrx_word' id='word_1_728' title='bbox 668 4789 723 4834; x_wconf 92' lang='lat' dir='ltr'><strong>et</strong></span> <span class='ocrx_word' id='word_1_729' title='bbox 756 4779 951 4834; x_wconf 85' lang='lat' dir='ltr'><strong>sitiens</strong></span> <span class='ocrx_word' id='word_1_730' title='bbox 984 4779 1103 4850; x_wconf 90' lang='lat' dir='ltr'><strong>ipse</strong></span> <span class='ocrx_word' id='word_1_731' title='bbox 1129 4795 1187 4835; x_wconf 92' lang='lat' dir='ltr'><strong>es</strong></span> <span class='ocrx_word' id='word_1_732' title='bbox 1219 4779 1528 4834; x_wconf 89' lang='lat' dir='ltr'><strong>consolatio</strong></span> <span class='ocrx_word' id='word_1_733' title='bbox 1556 4778 2044 4843; x_wconf 88' lang='lat' dir='ltr'><strong>laborantiumsiti,</strong></span> 
     </span>
    </p>
   </div>
   <div class='ocr_carea' id='block_1_97' title="bbox 460 4870 2046 4942">
    <p class='ocr_par' dir='ltr' id='par_1_97' title="bbox 460 4870 2046 4942">
     <span class='ocr_line' id='line_1_97' title="bbox 460 4870 2046 4942; baseline 0.001 -19"><span class='ocrx_word' id='word_1_734' title='bbox 460 4886 584 4923; x_wconf 73' lang='lat' dir='ltr'><strong>cum</strong></span> <span class='ocrx_word' id='word_1_735' title='bbox 616 4872 693 4926; x_wconf 90' lang='lat' dir='ltr'><strong>sis</strong></span> <span class='ocrx_word' id='word_1_736' title='bbox 723 4870 922 4927; x_wconf 87' lang='lat' dir='ltr'><strong>ﬂuvius</strong></span> <span class='ocrx_word' id='word_1_737' title='bbox 950 4871 1384 4942; x_wconf 88' lang='lat' dir='ltr'><strong>incorruptionis</strong></span> <span class='ocrx_word' id='word_1_738' title='bbox 1412 4887 1428 4925; x_wconf 88' lang='lat'><strong>:</strong></span> <span class='ocrx_word' id='word_1_739' title='bbox 1460 4879 1516 4925; x_wconf 89' lang='lat' dir='ltr'><strong>ct</strong></span> <span class='ocrx_word' id='word_1_740' title='bbox 1566 4872 1696 4926; x_wconf 89' lang='lat' dir='ltr'><strong>dum</strong></span> <span class='ocrx_word' id='word_1_741' title='bbox 1730 4870 2046 4941; x_wconf 86' lang='lat' dir='ltr'><strong>fatigabaris</strong></span> 
     </span>
    </p>
   </div>
   <div class='ocr_carea' id='block_1_98' title="bbox 460 4963 2043 5035">
    <p class='ocr_par' dir='ltr' id='par_1_98' title="bbox 460 4963 2043 5035">
     <span class='ocr_line' id='line_1_98' title="bbox 460 4963 2043 5035; baseline 0.003 -21"><span class='ocrx_word' id='word_1_742' title='bbox 460 4963 868 5019; x_wconf 81' lang='lat' dir='ltr'><strong>obambulando</strong></span> <span class='ocrx_word' id='word_1_743' title='bbox 895 4973 1120 5025; x_wconf 88' lang='lat' dir='ltr'><strong>terram,</strong></span> <span class='ocrx_word' id='word_1_744' title='bbox 1152 4980 1250 5035; x_wconf 90' lang='lat' dir='ltr'><strong>per</strong></span> <span class='ocrx_word' id='word_1_745' title='bbox 1270 4963 1470 5019; x_wconf 90' lang='lat' dir='ltr'><strong>ﬂuctus</strong></span> <span class='ocrx_word' id='word_1_746' title='bbox 1499 4964 1666 5019; x_wconf 87' lang='lat' dir='ltr'><strong>maris</strong></span> <span class='ocrx_word' id='word_1_747' title='bbox 1684 4963 1791 5018; x_wconf 90' lang='lat' dir='ltr'><strong>iter</strong></span> <span class='ocrx_word' id='word_1_748' title='bbox 1811 4963 2043 5033; x_wconf 87' lang='lat' dir='ltr'><strong>pedibus</strong></span> 
     </span>
    </p>
   </div>
   <div class='ocr_carea' id='block_1_99' title="bbox 459 5054 2042 5127">
    <p class='ocr_par' dir='ltr' id='par_1_99' title="bbox 459 5054 2042 5127">
     <span class='ocr_line' id='line_1_99' title="bbox 459 5054 2042 5127; baseline -0.001 -19"><span class='ocrx_word' id='word_1_749' title='bbox 459 5054 699 5112; x_wconf 87' lang='lat' dir='ltr'><strong>faciebas</strong></span> <span class='ocrx_word' id='word_1_750' title='bbox 726 5056 934 5127; x_wconf 86' lang='lat' dir='ltr'><strong>absque</strong></span> <span class='ocrx_word' id='word_1_751' title='bbox 971 5057 1178 5112; x_wconf 87' lang='lat' dir='ltr'><strong>labore.</strong></span> <span class='ocrx_word' id='word_1_752' title='bbox 1211 5054 1400 5124; x_wconf 84' lang='lat' dir='ltr'><strong>Surge,</strong></span> <span class='ocrx_word' id='word_1_753' title='bbox 1436 5055 1676 5119; x_wconf 85' lang='lat' dir='ltr'><strong>Domine,</strong></span> <span class='ocrx_word' id='word_1_754' title='bbox 1721 5055 1778 5108; x_wconf 85' lang='lat' dir='ltr'><strong>in</strong></span> <span class='ocrx_word' id='word_1_755' title='bbox 1811 5055 2042 5125; x_wconf 78' lang='lat' dir='ltr'><strong>requiem</strong></span> 
     </span>
    </p>
   </div>
   <div class='ocr_carea' id='block_1_100' title="bbox 458 5147 2042 5217">
    <p class='ocr_par' dir='ltr' id='par_1_100' title="bbox 458 5147 2042 5217">
     <span class='ocr_line' id='line_1_100' title="bbox 458 5147 2042 5217; baseline 0 -18"><span class='ocrx_word' id='word_1_756' title='bbox 458 5157 608 5201; x_wconf 83' lang='lat' dir='ltr'><strong>luam</strong></span> <span class='ocrx_word' id='word_1_757' title='bbox 642 5190 658 5214; x_wconf 95' lang='lat'><strong>,</strong></span> <span class='ocrx_word' id='word_1_758' title='bbox 720 5157 778 5202; x_wconf 81' lang='lat' dir='ltr'><strong>tu</strong></span> <span class='ocrx_word' id='word_1_759' title='bbox 829 5156 879 5202; x_wconf 83' lang='lat' dir='ltr'><strong>et</strong></span> <span class='ocrx_word' id='word_1_760' title='bbox 922 5164 1049 5202; x_wconf 85' lang='lat' dir='ltr'><strong>arca</strong></span> <span class='ocrx_word' id='word_1_761' title='bbox 1094 5147 1534 5217; x_wconf 76' lang='lat' dir='ltr'><strong>sanctiﬁcationis</strong></span> <span class='ocrx_word' id='word_1_762' title='bbox 1593 5156 1697 5200; x_wconf 76' lang='lat' dir='ltr'><strong>tua:</strong></span> <span class='ocrx_word' id='word_1_763' title='bbox 1732 5188 1745 5211; x_wconf 93' lang='lat'><strong>,</strong></span> <span class='ocrx_word' id='word_1_764' title='bbox 1791 5161 1913 5216; x_wconf 68' lang='lat' dir='ltr'><strong>qua:</strong></span> <span class='ocrx_word' id='word_1_765' title='bbox 1957 5154 2042 5200; x_wconf 89' lang='lat' dir='ltr'><strong>est</strong></span> 
     </span>
    </p>
   </div>
   <div class='ocr_carea' id='block_1_101' title="bbox 458 5236 2038 5310">
    <p class='ocr_par' dir='ltr' id='par_1_101' title="bbox 458 5236 2038 5310">
     <span class='ocr_line' id='line_1_101' title="bbox 458 5236 2038 5310; baseline -0.001 -18"><span class='ocrx_word' id='word_1_766' title='bbox 458 5239 601 5293; x_wconf 87' lang='lat' dir='ltr'><strong>haud</strong></span> <span class='ocrx_word' id='word_1_767' title='bbox 629 5238 796 5294; x_wconf 88' lang='lat' dir='ltr'><strong>dubie</strong></span> <span class='ocrx_word' id='word_1_768' title='bbox 815 5236 981 5310; x_wconf 80' lang='lat' dir='ltr'><strong>Virgo</strong></span> <span class='ocrx_word' id='word_1_769' title='bbox 1005 5237 1254 5308; x_wconf 87' lang='lat' dir='ltr'><strong>Deipara.</strong></span> <span class='ocrx_word' id='word_1_770' title='bbox 1279 5237 1336 5293; x_wconf 88' lang='lat' dir='ltr'><strong>Si</strong></span> <span class='ocrx_word' id='word_1_771' title='bbox 1370 5237 1518 5293; x_wconf 92' lang='lat' dir='ltr'><strong>enim</strong></span> <span class='ocrx_word' id='word_1_772' title='bbox 1590 5246 1646 5291; x_wconf 88' lang='lat' dir='ltr'><strong>tu</strong></span> <span class='ocrx_word' id='word_1_773' title='bbox 1707 5254 1767 5292; x_wconf 86' lang='lat' dir='ltr'><strong>es</strong></span> <span class='ocrx_word' id='word_1_774' title='bbox 1805 5252 2038 5309; x_wconf 77' lang='lat' dir='ltr'><strong>gemma,</strong></span> 
     </span>
    </p>
   </div>
   <div class='ocr_carea' id='block_1_102' title="bbox 456 5327 2037 5398">
    <p class='ocr_par' dir='ltr' id='par_1_102' title="bbox 456 5327 2037 5398">
     <span class='ocr_line' id='line_1_102' title="bbox 456 5327 2037 5398; baseline -0.001 -17"><span class='ocrx_word' id='word_1_775' title='bbox 456 5328 654 5384; x_wconf 78' lang='lat' dir='ltr'><strong>merito</strong></span> <span class='ocrx_word' id='word_1_776' title='bbox 672 5329 761 5383; x_wconf 80' lang='lat' dir='ltr'><strong>illa</strong></span> <span class='ocrx_word' id='word_1_777' title='bbox 795 5337 881 5384; x_wconf 90' lang='lat' dir='ltr'><strong>est</strong></span> <span class='ocrx_word' id='word_1_778' title='bbox 909 5344 1056 5386; x_wconf 86' lang='lat' dir='ltr'><strong>arca.</strong></span> <span class='ocrx_word' id='word_1_779' title='bbox 1091 5329 1156 5384; x_wconf 84' lang='lat' dir='ltr'><strong>Et</strong></span> <span class='ocrx_word' id='word_1_780' title='bbox 1181 5328 1308 5398; x_wconf 91' lang='lat' dir='ltr'><strong>quia</strong></span> <span class='ocrx_word' id='word_1_781' title='bbox 1353 5327 1444 5383; x_wconf 87' lang='lat' dir='ltr'><strong>Sol</strong></span> <span class='ocrx_word' id='word_1_782' title='bbox 1477 5327 1717 5393; x_wconf 77' lang='lat' dir='ltr'><strong>exsistis,</strong></span> <span class='ocrx_word' id='word_1_783' title='bbox 1780 5342 2037 5382; x_wconf 84' lang='lat' dir='ltr'><strong>necessa-</strong></span> 
     </span>
    </p>
   </div>
   <div class='ocr_carea' id='block_1_103' title="bbox 455 5416 2037 5491">
    <p class='ocr_par' dir='ltr' id='par_1_103' title="bbox 455 5416 2037 5491">
     <span class='ocr_line' id='line_1_103' title="bbox 455 5416 2037 5491; baseline 0.001 -22"><span class='ocrx_word' id='word_1_784' title='bbox 455 5418 536 5473; x_wconf 89' lang='lat' dir='ltr'><strong>rio</strong></span> <span class='ocrx_word' id='word_1_785' title='bbox 574 5416 740 5491; x_wconf 85' lang='lat' dir='ltr'><strong>Virgo</strong></span> <span class='ocrx_word' id='word_1_786' title='bbox 770 5419 1054 5475; x_wconf 85' lang='lat' dir='ltr'><strong>vocabitur</strong></span> <span class='ocrx_word' id='word_1_787' title='bbox 1079 5419 1303 5474; x_wconf 63' lang='lat' dir='ltr'><strong>caelum.</strong></span> <span class='ocrx_word' id='word_1_788' title='bbox 1356 5417 1493 5473; x_wconf 88' lang='lat' dir='ltr'><strong>Cum</strong></span> <span class='ocrx_word' id='word_1_789' title='bbox 1519 5418 1595 5473; x_wconf 88' lang='lat' dir='ltr'><strong>sis</strong></span> <span class='ocrx_word' id='word_1_790' title='bbox 1623 5417 1723 5473; x_wconf 89' lang='lat' dir='ltr'><strong>ﬂos</strong></span> <span class='ocrx_word' id='word_1_791' title='bbox 1751 5418 2037 5472; x_wconf 86' lang='lat' dir='ltr'><strong>immarcc—</strong></span> 
     </span>
    </p>
   </div>
   <div class='ocr_carea' id='block_1_104' title="bbox 453 5510 2033 5584">
    <p class='ocr_par' dir='ltr' id='par_1_104' title="bbox 453 5510 2033 5584">
     <span class='ocr_line' id='line_1_104' title="bbox 453 5510 2033 5584; baseline 0 -21"><span class='ocrx_word' id='word_1_792' title='bbox 453 5510 686 5576; x_wconf 83' lang='lat' dir='ltr'><strong>scihilis,</strong></span> <span class='ocrx_word' id='word_1_793' title='bbox 705 5511 954 5581; x_wconf 85' lang='lat' dir='ltr'><strong>profecto</strong></span> <span class='ocrx_word' id='word_1_794' title='bbox 976 5511 1144 5584; x_wconf 78' lang='lat' dir='ltr'><strong>Virgo</strong></span> <span class='ocrx_word' id='word_1_795' title='bbox 1179 5512 1288 5565; x_wconf 90' lang='lat' dir='ltr'><strong>erit</strong></span> <span class='ocrx_word' id='word_1_796' title='bbox 1344 5511 1529 5582; x_wconf 90' lang='lat' dir='ltr'><strong>planta</strong></span> <span class='ocrx_word' id='word_1_797' title='bbox 1576 5510 2033 5581; x_wconf 84' lang='lat' dir='ltr'><strong>incorruptionis,</strong></span> 
     </span>
    </p>
   </div>
   <div class='ocr_carea' id='block_1_105' title="bbox 449 5600 2034 5671">
    <p class='ocr_par' dir='ltr' id='par_1_105' title="bbox 449 5600 2034 5671">
     <span class='ocr_line' id='line_1_105' title="bbox 449 5600 2034 5671; baseline 0.001 -18"><span class='ocrx_word' id='word_1_798' title='bbox 449 5610 508 5654; x_wconf 81' lang='lat' dir='ltr'><strong>et</strong></span> <span class='ocrx_word' id='word_1_799' title='bbox 535 5603 825 5671; x_wconf 88' lang='lat' dir='ltr'><strong>paradisus</strong></span> <span class='ocrx_word' id='word_1_800' title='bbox 872 5600 1301 5659; x_wconf 87' lang='lat' dir='ltr'><strong>immortalitatis</strong></span> <span class='ocrx_word' id='word_1_801' title='bbox 1344 5619 1357 5653; x_wconf 90' lang='lat'><strong>:</strong></span> <span class='ocrx_word' id='word_1_802' title='bbox 1412 5601 1465 5655; x_wconf 91' lang='lat' dir='ltr'><strong>in</strong></span> <span class='ocrx_word' id='word_1_803' title='bbox 1523 5617 1685 5671; x_wconf 90' lang='lat' dir='ltr'><strong>quam</strong></span> <span class='ocrx_word' id='word_1_804' title='bbox 1716 5601 1884 5656; x_wconf 86' lang='lat' dir='ltr'><strong>Isaias</strong></span> <span class='ocrx_word' id='word_1_805' title='bbox 1920 5602 2034 5655; x_wconf 82' lang='lat' dir='ltr'><strong>haec</strong></span> 
     </span>
    </p>
   </div>
   <div class='ocr_carea' id='block_1_106' title="bbox 2153 4584 3693 4661">
    <p class='ocr_par' dir='ltr' id='par_1_106' title="bbox 2153 4584 3693 4661">
     <span class='ocr_line' id='line_1_106' title="bbox 2153 4584 3693 4661; baseline -0.004 -19"><span class='ocrx_word' id='word_1_806' title='bbox 2153 4607 2353 4652; x_wconf 84' lang='grc' dir='ltr'>παυσις</span> <span class='ocrx_word' id='word_1_807' title='bbox 2392 4590 2660 4661; x_wconf 81' lang='grc' dir='ltr'>ὑπάρχεις</span> <span class='ocrx_word' id='word_1_808' title='bbox 2702 4590 2831 4661; x_wconf 85' lang='grc' dir='ltr'>ὅλης</span> <span class='ocrx_word' id='word_1_809' title='bbox 2860 4591 2959 4659; x_wconf 78' lang='grc' dir='ltr'>τῆς</span> <span class='ocrx_word' id='word_1_810' title='bbox 2989 4589 3388 4653; x_wconf 76' lang='grc' dir='ltr'>κτίσεως-,Ἐπὶ</span> <span class='ocrx_word' id='word_1_811' title='bbox 3423 4592 3520 4659; x_wconf 84' lang='grc' dir='ltr'>γῆς</span> <span class='ocrx_word' id='word_1_812' title='bbox 3562 4588 3610 4640; x_wconf 79' lang='grc' dir='ltr'>δὲ</span> <span class='ocrx_word' id='word_1_813' title='bbox 3632 4584 3693 4638; x_wconf 81' lang='grc' dir='ltr'>δι’</span> 
     </span>
    </p>
   </div>
   <div class='ocr_carea' id='block_1_107' title="bbox 2152 4679 3688 4752">
    <p class='ocr_par' dir='ltr' id='par_1_107' title="bbox 2152 4679 3688 4752">
     <span class='ocr_line' id='line_1_107' title="bbox 2152 4679 3688 4752; baseline -0.012 -3"><span class='ocrx_word' id='word_1_814' title='bbox 2152 4679 2300 4750; x_wconf 75' lang='grc' dir='ltr'><strong>ἡμᾶς</strong></span> <span class='ocrx_word' id='word_1_815' title='bbox 2334 4680 2403 4733; x_wconf 82' lang='grc' dir='ltr'><strong>τὰ</strong></span> <span class='ocrx_word' id='word_1_816' title='bbox 2427 4680 2526 4749; x_wconf 83' lang='grc' dir='ltr'>τῆς</span> <span class='ocrx_word' id='word_1_817' title='bbox 2556 4681 2762 4751; x_wconf 77' lang='grc' dir='ltr'>σαρκὸς</span> <span class='ocrx_word' id='word_1_818' title='bbox 2794 4681 3048 4750; x_wconf 75' lang='grc' dir='ltr'>πάσχεις.</span> <span class='ocrx_word' id='word_1_819' title='bbox 3067 4681 3131 4734; x_wconf 83' lang='grc' dir='ltr'>Ἢ</span> <span class='ocrx_word' id='word_1_820' title='bbox 3156 4681 3266 4752; x_wconf 81' lang='grc' dir='ltr'>γὰρ</span> <span class='ocrx_word' id='word_1_821' title='bbox 3286 4682 3412 4751; x_wconf 56' lang='lat' dir='ltr'><strong>om</strong></span> <span class='ocrx_word' id='word_1_822' title='bbox 3444 4681 3536 4735; x_wconf 82' lang='grc' dir='ltr'><strong>και</strong></span> <span class='ocrx_word' id='word_1_823' title='bbox 3561 4680 3688 4745; x_wconf 78' lang='grc' dir='ltr'>πείνη</span> 
     </span>
    </p>
   </div>
   <div class='ocr_carea' id='block_1_108' title="bbox 2149 4772 3691 4847">
    <p class='ocr_par' dir='ltr' id='par_1_108' title="bbox 2149 4772 3691 4847">
     <span class='ocr_line' id='line_1_108' title="bbox 2149 4772 3691 4847; baseline -0.003 -20"><span class='ocrx_word' id='word_1_824' title='bbox 2149 4773 2244 4827; x_wconf 74' lang='grc' dir='ltr'>καὶ</span> <span class='ocrx_word' id='word_1_825' title='bbox 2262 4773 2387 4845; x_wconf 77' lang='grc' dir='ltr'>δίψη</span> <span class='ocrx_word' id='word_1_826' title='bbox 2416 4815 2431 4837; x_wconf 94' lang='grc'><strong>,</strong></span> <span class='ocrx_word' id='word_1_827' title='bbox 2454 4774 2522 4843; x_wconf 82' lang='grc' dir='ltr'>ἥν</span> <span class='ocrx_word' id='word_1_828' title='bbox 2546 4773 2726 4844; x_wconf 73' lang='grc' dir='ltr'>ἔσχον.</span> <span class='ocrx_word' id='word_1_829' title='bbox 2746 4774 2909 4827; x_wconf 54' lang='lat' dir='ltr'><strong>una</strong></span> <span class='ocrx_word' id='word_1_830' title='bbox 2950 4774 3059 4847; x_wconf 84' lang='grc' dir='ltr'><strong>γὰρ</strong></span> <span class='ocrx_word' id='word_1_831' title='bbox 3087 4775 3184 4828; x_wconf 77' lang='grc' dir='ltr'>καὶ</span> <span class='ocrx_word' id='word_1_832' title='bbox 3211 4776 3412 4828; x_wconf 84' lang='grc' dir='ltr'>πεινῶν</span> <span class='ocrx_word' id='word_1_833' title='bbox 3442 4774 3587 4843; x_wconf 77' lang='grc' dir='ltr'>ἄρτος</span> <span class='ocrx_word' id='word_1_834' title='bbox 3610 4772 3691 4823; x_wconf 80' lang='grc' dir='ltr'><strong>ὑπ·</strong></span> 
     </span>
    </p>
   </div>
   <div class='ocr_carea' id='block_1_109' title="bbox 2148 4859 3690 4935">
    <p class='ocr_par' dir='ltr' id='par_1_109' title="bbox 2148 4859 3690 4935">
     <span class='ocr_line' id='line_1_109' title="bbox 2148 4859 3690 4935; baseline -0.001 -19"><span class='ocrx_word' id='word_1_835' title='bbox 2148 4865 2336 4935; x_wconf 87' lang='grc' dir='ltr'>άρχεις</span> <span class='ocrx_word' id='word_1_836' title='bbox 2367 4865 2533 4935; x_wconf 79' lang='grc' dir='ltr'>ζωῆς,</span> <span class='ocrx_word' id='word_1_837' title='bbox 2566 4868 2661 4918; x_wconf 77' lang='grc' dir='ltr'><strong>καὶ</strong></span> <span class='ocrx_word' id='word_1_838' title='bbox 2686 4865 2861 4935; x_wconf 72' lang='grc' dir='ltr'>διψῶν</span> <span class='ocrx_word' id='word_1_839' title='bbox 2887 4859 3050 4929; x_wconf 78' lang='grc' dir='ltr'>αὐτὸς</span> <span class='ocrx_word' id='word_1_840' title='bbox 3085 4863 3138 4920; x_wconf 84' lang='grc' dir='ltr'>εἷ</span> <span class='ocrx_word' id='word_1_841' title='bbox 3175 4866 3285 4920; x_wconf 87' lang='grc' dir='ltr'><strong>τῶν</strong></span> <span class='ocrx_word' id='word_1_842' title='bbox 3316 4865 3582 4934; x_wconf 77' lang='grc' dir='ltr'>διψώντων</span> <span class='ocrx_word' id='word_1_843' title='bbox 3609 4878 3690 4916; x_wconf 77' lang='grc' dir='ltr'>πα-</span> 
     </span>
    </p>
   </div>
   <div class='ocr_carea' id='block_1_110' title="bbox 2150 4954 3688 5030">
    <p class='ocr_par' dir='ltr' id='par_1_110' title="bbox 2150 4954 3688 5030">
     <span class='ocr_line' id='line_1_110' title="bbox 2150 4954 3688 5030; baseline -0.012 -8"><span class='ocrx_word' id='word_1_844' title='bbox 2150 4955 2434 5025; x_wconf 77' lang='grc' dir='ltr'>ράκλησις.</span> <span class='ocrx_word' id='word_1_845' title='bbox 2467 4957 2718 5026; x_wconf 76' lang='grc' dir='ltr'>Ποταμὸν</span> <span class='ocrx_word' id='word_1_846' title='bbox 2746 4957 2857 5027; x_wconf 80' lang='grc' dir='ltr'><strong>γὰρ</strong></span> <span class='ocrx_word' id='word_1_847' title='bbox 2887 4958 3200 5030; x_wconf 76' lang='grc' dir='ltr'>ἀφθαρσίας</span> <span class='ocrx_word' id='word_1_848' title='bbox 3223 4956 3590 5028; x_wconf 81' lang='grc' dir='ltr'>καθέστηκας·</span> <span class='ocrx_word' id='word_1_849' title='bbox 3616 4954 3688 5005; x_wconf 75' lang='grc' dir='ltr'>καὶ</span> 
     </span>
    </p>
   </div>
   <div class='ocr_carea' id='block_1_111' title="bbox 2147 5046 3686 5122">
    <p class='ocr_par' dir='ltr' id='par_1_111' title="bbox 2147 5046 3686 5122">
     <span class='ocr_line' id='line_1_111' title="bbox 2147 5046 3686 5122; baseline -0.001 -23"><span class='ocrx_word' id='word_1_850' title='bbox 2147 5046 2355 5101; x_wconf 87' lang='grc' dir='ltr'>κοπιῶν</span> <span class='ocrx_word' id='word_1_851' title='bbox 2381 5050 2494 5112; x_wconf 87' lang='grc' dir='ltr'>τοῖς</span> <span class='ocrx_word' id='word_1_852' title='bbox 2530 5051 2855 5119; x_wconf 78' lang='grc' dir='ltr'>περιπάτοις</span> <span class='ocrx_word' id='word_1_853' title='bbox 2896 5053 2996 5122; x_wconf 78' lang='grc' dir='ltr'>τῆς</span> <span class='ocrx_word' id='word_1_854' title='bbox 3034 5054 3229 5122; x_wconf 82' lang='grc' dir='ltr'>ξηρᾶς,</span> <span class='ocrx_word' id='word_1_855' title='bbox 3262 5052 3509 5116; x_wconf 60' lang='grc' dir='ltr'>τεζεύεις</span> <span class='ocrx_word' id='word_1_856' title='bbox 3550 5048 3686 5101; x_wconf 71' lang='grc' dir='ltr'>κόπω</span> 
     </span>
    </p>
   </div>
   <div class='ocr_carea' id='block_1_112' title="bbox 2145 5136 3684 5211">
    <p class='ocr_par' dir='ltr' id='par_1_112' title="bbox 2145 5136 3684 5211">
     <span class='ocr_line' id='line_1_112' title="bbox 2145 5136 3684 5211; baseline 0.003 -23"><span class='ocrx_word' id='word_1_857' title='bbox 2145 5137 2315 5208; x_wconf 69' lang='grc' dir='ltr'>χωρὶς</span> <span class='ocrx_word' id='word_1_858' title='bbox 2337 5136 2438 5206; x_wconf 82' lang='grc' dir='ltr'>τῆς</span> <span class='ocrx_word' id='word_1_859' title='bbox 2463 5138 2739 5211; x_wconf 86' lang='grc' dir='ltr'>θαλάσσης</span> <span class='ocrx_word' id='word_1_860' title='bbox 2776 5140 2847 5194; x_wconf 79' lang='grc' dir='ltr'>τὰ</span> <span class='ocrx_word' id='word_1_861' title='bbox 2895 5141 3139 5210; x_wconf 83' lang='grc' dir='ltr'>κύματα.</span> <span class='ocrx_word' id='word_1_862' title='bbox 3159 5139 3484 5206; x_wconf 77' lang='grc' dir='ltr'>Ἀνάστηθι,</span> <span class='ocrx_word' id='word_1_863' title='bbox 3522 5137 3684 5202; x_wconf 69' lang='grc' dir='ltr'>Κύριε.</span> 
     </span>
    </p>
   </div>
   <div class='ocr_carea' id='block_1_113' title="bbox 2143 5225 3687 5301">
    <p class='ocr_par' dir='ltr' id='par_1_113' title="bbox 2143 5225 3687 5301">
     <span class='ocr_line' id='line_1_113' title="bbox 2143 5225 3687 5301; baseline -0.007 -12"><span class='ocrx_word' id='word_1_864' title='bbox 2143 5232 2231 5295; x_wconf 78' lang='grc' dir='ltr'>εἰς</span> <span class='ocrx_word' id='word_1_865' title='bbox 2273 5229 2389 5296; x_wconf 77' lang='grc' dir='ltr'><strong>τὴν</strong></span> <span class='ocrx_word' id='word_1_866' title='bbox 2428 5230 2780 5286; x_wconf 79' lang='grc' dir='ltr'>ἀνάπαυσίν</span> <span class='ocrx_word' id='word_1_867' title='bbox 2810 5249 2948 5295; x_wconf 88' lang='grc' dir='ltr'>σου,</span> <span class='ocrx_word' id='word_1_868' title='bbox 2977 5232 3059 5287; x_wconf 88' lang='grc' dir='ltr'>σὺ</span> <span class='ocrx_word' id='word_1_869' title='bbox 3108 5232 3209 5287; x_wconf 75' lang='grc' dir='ltr'>καὶ</span> <span class='ocrx_word' id='word_1_870' title='bbox 3252 5234 3291 5301; x_wconf 76' lang='grc' dir='ltr'>ἡ</span> <span class='ocrx_word' id='word_1_871' title='bbox 3341 5231 3575 5295; x_wconf 73' lang='grc' dir='ltr'>κιϐωτὸς</span> <span class='ocrx_word' id='word_1_872' title='bbox 3602 5225 3687 5281; x_wconf 75' lang='grc' dir='ltr'>τοῦ</span> 
     </span>
    </p>
   </div>
   <div class='ocr_carea' id='block_1_114' title="bbox 2144 5320 3680 5397">
    <p class='ocr_par' dir='ltr' id='par_1_114' title="bbox 2144 5320 3680 5397">
     <span class='ocr_line' id='line_1_114' title="bbox 2144 5320 3680 5397; baseline -0.005 -18"><span class='ocrx_word' id='word_1_873' title='bbox 2144 5324 2514 5394; x_wconf 76' lang='grc' dir='ltr'>ἁγιὰσματός</span> <span class='ocrx_word' id='word_1_874' title='bbox 2542 5340 2682 5391; x_wconf 87' lang='grc' dir='ltr'>σου,</span> <span class='ocrx_word' id='word_1_875' title='bbox 2717 5328 2749 5396; x_wconf 77' lang='grc' dir='ltr'><strong>ἡ</strong></span> <span class='ocrx_word' id='word_1_876' title='bbox 2777 5325 3075 5396; x_wconf 80' lang='grc' dir='ltr'>Παρθένος,</span> <span class='ocrx_word' id='word_1_877' title='bbox 3103 5327 3137 5397; x_wconf 80' lang='grc' dir='ltr'>ἡ</span> <span class='ocrx_word' id='word_1_878' title='bbox 3172 5326 3451 5388; x_wconf 81' lang='grc' dir='ltr'>Θεοτόκος,</span> <span class='ocrx_word' id='word_1_879' title='bbox 3473 5320 3680 5392; x_wconf 78' lang='grc' dir='ltr'>εύδηλον.</span> 
     </span>
    </p>
   </div>
   <div class='ocr_carea' id='block_1_115' title="bbox 2144 5413 3680 5492">
    <p class='ocr_par' dir='ltr' id='par_1_115' title="bbox 2144 5413 3680 5492">
     <span class='ocr_line' id='line_1_115' title="bbox 2144 5413 3680 5492; baseline -0.004 -20"><span class='ocrx_word' id='word_1_880' title='bbox 2144 5421 2206 5472; x_wconf 82' lang='grc' dir='ltr'><strong>ΕΞ</strong></span> <span class='ocrx_word' id='word_1_881' title='bbox 2255 5419 2363 5492; x_wconf 80' lang='grc' dir='ltr'><strong>γάρ</strong></span> <span class='ocrx_word' id='word_1_882' title='bbox 2415 5421 2478 5473; x_wconf 80' lang='grc' dir='ltr'>σὺ</span> <span class='ocrx_word' id='word_1_883' title='bbox 2531 5420 2902 5491; x_wconf 80' lang='grc' dir='ltr'>μαργαρίτης,</span> <span class='ocrx_word' id='word_1_884' title='bbox 2934 5421 3162 5482; x_wconf 82' lang='grc' dir='ltr'>εἰκότως</span> <span class='ocrx_word' id='word_1_885' title='bbox 3216 5419 3397 5487; x_wconf 81' lang='grc' dir='ltr'>ἐκείνη</span> <span class='ocrx_word' id='word_1_886' title='bbox 3448 5413 3680 5475; x_wconf 77' lang='grc' dir='ltr'>κιϐωτός·</span> 
     </span>
    </p>
   </div>
   <div class='ocr_carea' id='block_1_116' title="bbox 2141 5498 3681 5581">
    <p class='ocr_par' dir='ltr' id='par_1_116' title="bbox 2141 5498 3681 5581">
     <span class='ocr_line' id='line_1_116' title="bbox 2141 5498 3681 5581; baseline -0.003 -20"><span class='ocrx_word' id='word_1_887' title='bbox 2141 5509 2332 5580; x_wconf 81' lang='grc' dir='ltr'>ἐπειδὴ</span> <span class='ocrx_word' id='word_1_888' title='bbox 2384 5510 2447 5562; x_wconf 79' lang='grc' dir='ltr'>σὺ</span> <span class='ocrx_word' id='word_1_889' title='bbox 2487 5511 2775 5578; x_wconf 79' lang='grc' dir='ltr'>τυγχάνεις</span> <span class='ocrx_word' id='word_1_890' title='bbox 2798 5510 3023 5575; x_wconf 84' lang='grc' dir='ltr'>Ἤλιος,</span> <span class='ocrx_word' id='word_1_891' title='bbox 3053 5509 3278 5581; x_wconf 75' lang='grc' dir='ltr'>οὐρανὸς</span> <span class='ocrx_word' id='word_1_892' title='bbox 3326 5498 3614 5574; x_wconf 71' lang='grc' dir='ltr'>ἀναγκαίως</span> <span class='ocrx_word' id='word_1_893' title='bbox 3655 5503 3681 5570; x_wconf 80' lang='grc' dir='ltr'>ἡ</span> 
     </span>
    </p>
   </div>
   <div class='ocr_carea' id='block_1_117' title="bbox 2144 5597 3678 5674">
    <p class='ocr_par' dir='ltr' id='par_1_117' title="bbox 2144 5597 3678 5674">
     <span class='ocr_line' id='line_1_117' title="bbox 2144 5597 3678 5674; baseline -0.006 -21"><span class='ocrx_word' id='word_1_894' title='bbox 2144 5600 2422 5670; x_wconf 81' lang='grc' dir='ltr'>Παρθένος</span> <span class='ocrx_word' id='word_1_895' title='bbox 2474 5600 2835 5672; x_wconf 73' lang='grc' dir='ltr'>κληθήσεται’</span> <span class='ocrx_word' id='word_1_896' title='bbox 2888 5601 3078 5674; x_wconf 74' lang='grc' dir='ltr'>ἐπειδὴ</span> <span class='ocrx_word' id='word_1_897' title='bbox 3123 5602 3185 5654; x_wconf 75' lang='grc' dir='ltr'>σὺ</span> <span class='ocrx_word' id='word_1_898' title='bbox 3229 5599 3384 5664; x_wconf 79' lang='grc' dir='ltr'>ἄνθος</span> <span class='ocrx_word' id='word_1_899' title='bbox 3426 5597 3678 5667; x_wconf 68' lang='grc' dir='ltr'>τυγχάνεις</span> 
     </span>
    </p>
   </div>
   <div class='ocr_carea' id='block_1_118' title="bbox 533 5770 2056 5842">
    <p class='ocr_par' dir='ltr' id='par_1_118' title="bbox 533 5770 2016 5841">
     <span class='ocr_line' id='line_1_118' title="bbox 533 5770 2016 5841; baseline 0.006 -19"><span class='ocrx_word' id='word_1_900' title='bbox 533 5771 577 5803; x_wconf 81' lang='grc'><strong>⁸⁸</strong></span> <span class='ocrx_word' id='word_1_901' title='bbox 597 5770 800 5830; x_wconf 70' lang='grc' dir='ltr'>ΕιερΙι.</span> <span class='ocrx_word' id='word_1_902' title='bbox 827 5788 970 5840; x_wconf 79' lang='lat' dir='ltr'><strong>xuv,</strong></span> <span class='ocrx_word' id='word_1_903' title='bbox 1000 5776 1054 5828; x_wconf 80' lang='lat'><strong>‘2.</strong></span> <span class='ocrx_word' id='word_1_904' title='bbox 1116 5776 1157 5806; x_wconf 87' lang='grc'><strong>³¹</strong></span> <span class='ocrx_word' id='word_1_905' title='bbox 1186 5774 1344 5829; x_wconf 80' lang='lat' dir='ltr'><strong>Joau.</strong></span> <span class='ocrx_word' id='word_1_906' title='bbox 1372 5794 1407 5841; x_wconf 86' lang='lat' dir='ltr'><strong>l,</strong></span> <span class='ocrx_word' id='word_1_907' title='bbox 1439 5777 1489 5827; x_wconf 68' lang='lat' dir='ltr'><strong>fl.</strong></span> <span class='ocrx_word' id='word_1_908' title='bbox 1568 5778 1610 5807; x_wconf 69' lang='grc' dir='ltr'><strong>δ’</strong></span> <span class='ocrx_word' id='word_1_909' title='bbox 1638 5777 1794 5829; x_wconf 67' lang='lat' dir='ltr'><strong>(lant.</strong></span> <span class='ocrx_word' id='word_1_910' title='bbox 1830 5776 2016 5841; x_wconf 68' lang='lat' dir='ltr'><strong>Iv,12.</strong></span> 
     </span>
    </p>
   </div>
   <div class='ocr_carea' id='block_1_119' title="bbox 2160 5770 2620 5842">
    <p class='ocr_par' dir='ltr' id='par_1_119' title="bbox 2170 5777 2620 5842">
     <span class='ocr_line' id='line_1_119' title="bbox 2170 5777 2620 5842; baseline 0.009 -12"><span class='ocrx_word' id='word_1_911' title='bbox 2170 5777 2309 5832; x_wconf 83' lang='lat' dir='ltr'><strong>Psal.</strong></span> <span class='ocrx_word' id='word_1_912' title='bbox 2367 5793 2543 5842; x_wconf 69' lang='lat' dir='ltr'><strong>cxxm,</strong></span> <span class='ocrx_word' id='word_1_913' title='bbox 2569 5782 2620 5836; x_wconf 73' lang='lat'><strong>8.</strong></span> 
     </span>
    </p>
   </div>
  </div>
