3934 6408
221 355 359 421 Ηιίέὃ

1626 372 1936 431 SERMUN

3342 394 3480 477 nec;

197 467 547 538 ἀμάραντον,
578 469 686 540 ἄρα
721 472 1053 544 ήΠκρθένος
1087 475 1400 548 ἀφθαρσίας
1436 480 1633 548 φυτὸν,
1667 482 1781 534 ἀθα-

203 560 399 580 μᾙμ,
436 561 613 580 ,μη
679 578 718 580 η
813 562 871 580 η.
954 566 974 580 .
1045 567 1107 580 ...
1178 568 1204 580 -
1376 570 1400 580 -
1519 571 1540 580 -
1589 572 1613 580 -
1703 575 1714 580 -

1904 490 2242 557 prospiciens
2274 510 2452 564 nuper
2513 497 2849 553 acclamabat
2890 501 3079 556 dicens
3115 522 3128 556 ι
3168 504 3301 558 Ecce
3333 513 3479 580 virgo

202 560 400 623 νασίας
433 561 779 631 παράδεισος.
810 562 904 626 Εἰς
949 566 1012 637 ἦν
1045 567 1271 631 Ἡσαΐας
1301 570 1475 623 ταῦτα
1516 571 1654 626 θεῶν
1692 575 1789 644 ἀρ-

201 649 340 713 τίως
389 651 817 723 προανειρώνησε
861 653 1064 723 λέγων·
1094 656 1273 721 Ἰδοὺ,
1312 661 1351 727 ἡ
1389 662 1687 729 ΙΙαρΟένος
1720 665 1791 718 ἐν

204 742 425 809 γαστρί
451 742 728 811 λήψεται,
769 745 865 797 καὶ
894 745 1123 811 τέξεται
1150 750 1309 810 υἱὸν,
1331 752 1427 803 καὶ
1452 754 1789 809 καλέσουσι

199 832 276 885 τὸ
327 833 516 901 ὄνομα
560 834 749 887 αὐτοῦ
779 835 1184 905 Ἐμμανουήλ.
1216 838 1351 893 Ἰδοὺ
1407 842 1439 911 ή
1493 842 1786 912 Παρθένοςσ

203 924 376 989 ποία;
425 925 488 976 Ἠ
533 923 641 978 τῶν
688 927 962 994 γυναικῶν
996 926 1270 1000 ἔγκριτος,
1306 932 1339 1002 ή
1372 932 1477 984 τῶν
1509 934 1790 1002 παρθένων

201 1011 511 1083 ἐξαίρετος,
541 1013 602 1065 τὸ
640 1015 835 1082 σεμνὸν
880 1015 981 1084 τῆς
1025 1019 1296 1089 ἡμετέρας
1333 1020 1547 1087 φύσεως
1592 1024 1786 1089 ἐγκαλο

200 1100 490 1173 λώπισμα,
521 1105 582 1157 τὸ
629 1104 725 1157 τοῦ
770 1105 944 1177 πηλοῦ
995 1110 1264 1181 ἡμετέρου
1318 1112 1598 1183 καύχημα,
1629 1118 1662 1185 ἡ
1688 1115 1789 1187 τῆς

199 1195 475 1265 αἰσχύνης
521 1196 622 1266 τὴν
677 1196 819 1249 Εὕαν
847 1239 862 1264 ,
909 1199 1001 1250 καὶ
1051 1200 1153 1269 τῆς
1199 1202 1432 1273 ἀπειλῆς
1482 1205 1574 1261 τὸν
1614 1206 1788 1276 ’Δδᾶμ

199 1286 589 1352 ἀπαλλάξασα,
617 1290 651 1359 ἡ
681 1289 778 1359 τὴν
812 1292 1124 1361 παρρησίαν
1151 1295 1505 1364 ἀποτεμοῦσα
1532 1296 1624 1350 τοῦ
1654 1298 1786 1369 δράο

197 1395 396 1441 κοντος
415 1394 431 1409 ο
461 1375 530 1452 ἧς
566 1381 771 1443 καπνῦς
805 1383 1101 1450 ἐπιθυμίας
1127 1385 1225 1455 οὐχ
1253 1386 1460 1455 ἥψατο,
1488 1389 1610 1442 οὐδὲ
1640 1390 1786 1442 σκώ-

193 1471 304 1541 ληξ
351 1473 520 1542 αὐτὴν
564 1472 901 1543 ἡδυπαθείας
949 1475 1202 1546 ἔϐλαψεν.
1227 1477 1384 1533 ἰδοὺ
1413 1482 1451 1548 ἡ
1483 1482 1784 1549 Παρθένος

192 1566 273 1616 ἐν
307 1570 521 1633 γαστρὶ
551 1565 837 1635 λήψεται·
870 1566 1052 1628 πόθεν.
1089 1564 1134 1623 ὧ
1179 1573 1468 1642 προφῆτα;
1498 1574 1572 1625 (.ιὺ
1620 1572 1783 1641 λέγω,

196 1657 362 1728 φησί.
398 1658 570 1711 Τοῦτο
616 1660 725 1730 γὰρ
778 1660 855 1731 τῷ
904 1661 1146 1733 Γαϐριὴλ
1194 1664 1562 1734 πεφύλακται.
1596 1666 1789 1720 Πολλοῐ

191 1748 301 1817 τῆς
330 1748 593 1801 Θεοτόκου
623 1751 957 1820 διαιροῦνται
978 1753 1047 1805 τὰ
1072 1752 1346 1823 θαύματα,
1367 1756 1536 1810 πολλὰ
1558 1759 1613 1810 δὲ
1636 1760 1785 1828 ὅμως

1901 580 1956 631 in
1983 590 2129 634 utero
2158 587 2434 656 concipiet,
2459 596 2509 641 et
2536 591 2709 658 pariet
2722 590 2914 660 ﬁlium,
2945 603 2992 646 et
3018 596 3272 649 vocabunt
3293 614 3478 655 nomen

1899 670 2013 739 ejus
2033 669 2435 733 Emmanuel“.
2472 678 2610 734 Ecce
2634 679 2805 750 virgo,
2842 686 3131 750 quamam?
3187 686 3477 744 Mulierum

1897 762 2129 831 egregia,
2164 780 2193 818 e
2217 766 2516 835 virginibus
2551 770 2744 833 electa,
2778 774 3099 841 prteclarum
3138 786 3348 833 natura:
3373 794 3476 833 no-

1901 861 1995 907 trre
2027 865 2435 924 ornamentum,
2465 860 2637 931 gloria
2674 863 2767 917 luti
2805 867 2999 928 nostri,
3028 883 3147 931 qua:
3173 869 3338 923 Evam
3365 887 3470 940 pu-

1896 941 2047 1005 dore,
2075 953 2129 997 et
2156 946 2420 1000 Adamum
2451 951 2874 1005 comminatione
2904 953 3169 1017 liberavit,
3190 958 3474 1013 audaciam

1896 1033 2148 1090 draconis
2199 1039 2432 1092 abScidit
2488 1057 2501 1092 :
2549 1057 2711 1110 quam
2765 1045 3231 1113 concupiscentia:
3288 1049 3475 1105 fumus

1895 1142 2002 1179 non
2033 1128 2228 1197 attigit,
2265 1145 2443 1197 neque
2471 1132 2670 1188 vermis
2692 1135 2985 1203 voluptatis
3013 1153 3130 1192 eam
3165 1140 3319 1194 laesit.
3342 1141 3475 1195 Ecce

1896 1221 2036 1290 virgo
2060 1222 2113 1274 in
2136 1231 2283 1274 utero
2301 1225 2571 1291 concipiet,
2604 1227 2896 1292 undennm,
2922 1242 2955 1281 0
2997 1231 3303 1299 propheta?
3354 1232 3469 1287 Non

1895 1311 2040 1373 dico,
2075 1313 2166 1366 ait.
2202 1312 2314 1368 Hoc
2342 1315 2488 1368 enim
2528 1330 2865 1372 reservatum
2917 1329 3002 1373 est
3027 1320 3291 1377 Gabrieli.
3334 1324 3468 1378 Per-

1895 1405 2047 1458 multi
2082 1406 2334 1460 distincte
2363 1406 2646 1462 declarare
2677 1409 2930 1465 nituntur
2961 1410 3221 1465 miracula
3284 1412 3467 1485 Virgi-

1892 1497 1998 1557 nis.
2036 1498 2291 1567 pleraque
2317 1510 2496 1554 tamen
2522 1516 2709 1553 eorum
2770 1503 3137 1567 pnetermissa
3161 1516 3309 1559 sunt.
3353 1508 3443 1561 (iac

1895 1596 2071 1643 terum
2097 1607 2198 1656 ego
2229 1593 2294 1644 de
2331 1603 2487 1661 partu
2521 1609 2736 1662 semper
2761 1593 3021 1663 Virginis,
3083 1594 3243 1649 ﬁdem
3292 1596 3467 1652 facio:

1892 1681 2166 1746 Miclm-as,
2220 1683 2288 1737 de
2346 1684 2566 1753 regione
2598 1695 2652 1738 et
2702 1684 2823 1739 loco
2883 1685 2937 1739 in
2988 1703 3096 1756 quo
3143 1687 3470 1744 miraculum

1894 1781 2173 1841 peractum
2224 1783 2307 1828 est
2372 1790 2386 1826 :
2443 1774 2631 1838 Dmid,
2696 1777 2763 1830 de
2814 1786 3079 1847 tempore.
3136 1779 3261 1848 Ipse
3319 1781 3470 1836 enim

195 1840 298 1891 καὶ
332 1840 391 1903 ἐξ
422 1840 601 1893 αὐτῶν
636 1843 1072 1914 παραλέλειπται
1097 1861 1110 1875 ο
1159 1846 1299 1917 πλὴν
1344 1847 1454 1915 ἐγὼ
1495 1848 1587 1901 τὸν
1629 1851 1781 1904 τόκον

1892 1863 2197 1932 Prophetim
2268 1864 2606 1918 Psalnmrum
2658 1867 2891 1921 inseruit
2949 1868 3093 1922 istud
3131 1886 3143 1920 :
3175 1869 3260 1923 Ea:
3318 1882 3470 1925 uiuo

190 1934 302 1997 τῆς
327 1930 716 2002 Ἀειπτρθένου
751 1936 1156 2005 πεπίστευμαι·
1199 1939 1459 2009 Μιχαίας,
1477 1942 1570 1994 τὸν
1609 1943 1783 2013 χῶρον

194 2024 260 2075 ὲν
286 2016 406 2091 ᾧτδ
433 2024 619 2093 θαῦμα
654 2027 969 2098 πέπρακται
991 2044 1004 2058 ⁸
1041 2029 1224 2092 Δαϐὶδ,
1252 2031 1344 2083 τὸν
1376 2032 1585 2103 καιρόν.
1612 2036 1783 2098 Αὐτὸς

193 2115 312 2185 γὰρ
342 2116 423 2180 τὸ,
452 2117 555 2171 Ἐκ
587 2121 846 2186 γαστρὸς
871 2120 985 2185 πρὸ
1016 2121 1328 2190 ἑωσφόρον
1351 2123 1649 2192 ἐγέννησά
1686 2141 1780 2188 σε,

195 2210 268 2278 τῇ
299 2207 408 2261 τῶν
438 2208 685 2278 Ψαλμῶν
716 2213 1029 2282 προφητεία
1057 2215 1306 2284 ἐνέθηκε.
1337 2215 1579 2287 Γαϐριὴλ
1603 2219 1783 2271 τοίνυν

198 2302 324 2369 ἐρεῖ
346 2299 422 2362 τι,
461 2300 646 2354 πόθεν.
671 2303 915 2366 Ἐκεῖνος
933 2304 1042 2372 γὰρ
1068 2302 1128 2370 ἐξ
1153 2306 1385 2374 οὐρανοῦ
1418 2308 1778 2380 κατέρχεται·

194 2393 408 2454 ἐκεῖνος
439 2393 525 2445 ἐπ’
547 2393 680 2447 αὐτὸ
717 2395 876 2449 τοῦτο
902 2397 995 2449 ἐπὶ
1023 2398 1122 2467 τὴν
1154 2398 1426 2469 Παρθένον
1458 2401 1740 2470 πέμπεται
1764 2418 1777 2433 ⁶

194 2485 407 2545 ἐκεῖνος
434 2486 492 2536 ἐν
524 2486 701 2555 καιρῷ
728 2486 820 2539 τοῦ
852 2490 1011 2542 τόκου
1043 2492 1429 2559 παραγίνεται,
1463 2494 1670 2547 καὶτοῦ
1696 2495 1782 2548 τό-

193 2591 298 2627 κου
329 2575 427 2645 τὴν
453 2577 749 2631 ὑπόστασιν
798 2580 1112 2648 ἀναγκαίως
1160 2585 1498 2655 ἑρμηνεῦσαι
1526 2588 1778 2642 πιστεύε-

192 2684 311 2720 ται.
343 2668 405 2720 Εἰ
438 2667 494 2723 δὲ
530 2669 623 2721 καὶ
665 2671 797 2742 παρ’
821 2673 955 2741 ἐμοῦ
987 2674 1279 2742 μανθάνειν
1309 2677 1505 2741 θέλεις,
1539 2680 1607 2733 τὰ
1651 2681 1779 2747 ἑξῆς

192 2757 300 2827 τῆς
328 2760 666 2833 προφητείας
691 2761 887 2819 ἔπελθε
912 2780 927 2796 ο
953 2765 1062 2819 Καὶ
1095 2765 1325 2832 τέξεται
1359 2772 1515 2833 υἱὸν,
1546 2771 1644 2824 καὶ
1674 2789 1779 2826 xa—

193 2848 453 2903 λέσουσι
476 2852 543 2904 τὸ
601 2850 786 2919 ὄνομα
807 2854 995 2909 αὐτοῦ
1027 2857 1428 2926 Ἐμμανουήλ.
1466 2862 1607 2915 Τίδέ
1633 2866 1778 2916 ἐστιν

211 2937 587 3009 Ἐμμανουήλς
611 2943 933 3013 Μεθ’ήμῶν·
953 2949 984 3000 ὁ
1003 2948 1168 3013 Oeric.
1194 2950 1285 3019 Μὴ
1311 2953 1489 3004 τοίνυν
1511 2951 1646 3017 Θεὸς
1670 2955 1778 3008 ἀπὸ

195 3031 384 3101 γάμου
405 3033 512 3098 καὶ,
530 3033 734 3105 φθορᾶς
764 3037 1224 3107 συλλαμϐάνεται,
1257 3043 1349 3095 καὶ
1381 3042 1440 3107 ἐξ
1473 3044 1663 3114 ἀνδρὸς
1687 3048 1780 3099 καὶ

196 3122 385 3194 κοίτης
411 3124 670 3195 τεχθῆναι
721 3127 755 3200 ἢ
805 3129 1156 3199 σαρκωθῆναι
1198 3133 1457 3200 δύναται;
1488 3137 1777 3207 Οὐδαμῶς,

195 3213 394 3281 ἀλλ’ὲξ
423 3216 706 3288 ἐνεργείας
750 3218 909 3283 Θεοῦ,
941 3221 1003 3285 ἐξ
1048 3223 1456 3292 ἐπιφυτεύσεως
1501 3227 1778 3298 Ὑψίστου,

194 3309 263 3361 ὲκ
295 3309 602 3378 παρουσίας
635 3310 977 3380 Πνεύματος.
1009 3314 1074 3366 Τί
1114 3314 1224 3386 γὰρ
1253 3311 1344 3369 οὖν
1375 3317 1539 3386 ἡνίκα
1571 3321 1605 3389 ὴ
1635 3321 1784 3392 Πσιρ⁴

198 3397 353 3462 θένος
375 3403 513 3470 πρὸς
533 3401 625 3457 τὸν
648 3402 892 3475 Γαϐριὴλ
914 3404 1067 3473 ἔλεγε
1084 3423 1097 3436 ’
1120 3406 1254 3472 Πῶς
1272 3408 1443 3461 ἔσται
1456 3426 1559 3478 μοι
1582 3411 1777 3475 τοῦτο,

199 3493 331 3548 ἐπεὶ
362 3494 552 3564 ἄνδρα
572 3498 646 3550 οὐ
664 3496 934 3566 γινώσκω
952 3513 972 3561 ;
991 3496 1136 3551 τοῦτ’
1159 3498 1249 3552 ἔστ
1259 3517 1326 3561 ιν,
1359 3500 1688 3572 Ἐκπλήττει
1713 3521 1781 3573 με

197 3583 261 3637 τὸ
291 3583 497 3656 θαῦμα,
527 3587 898 3656 καταπλήττει
950 3605 1017 3658 με
1054 3589 1116 3641 τὸ
1146 3590 1318 3658 ῥῆμα,
1352 3591 1447 3643 καὶ
1487 3594 1515 3645 ὁ
1552 3592 1648 3645 τοῦ
1678 3594 1780 3662 ἀγ-

197 3675 362 3744 γέλου
392 3679 777 3748 χρηματισμὸς
812 3678 909 3748 τὴν
942 3679 1221 3749 Παρθένον
1255 3680 1500 3751 ἐξίστησι
1520 3723 1536 3746 ,
1569 3684 1781 3753 θαυμα-

199 3767 302 3823 στὰ
330 3767 530 3835 λέγεις,
561 3769 687 3838 ἐμοὶ
713 3770 769 3823 δὲ
795 3770 886 3823 διὰ
910 3770 970 3823 τὺ
997 3770 1146 3835 ξένον
1172 3771 1406 3828 ὕποπτα.
1440 3774 1666 3828 Δέδοικα
1686 3777 1780 3830 τοῦ

198 3862 601 3933 εὐαγγελισμοῦ
644 3863 704 3917 τὸ
754 3862 960 3928 καινὸν,
990 3862 1329 3934 θορυὸοὗμαι
1372 3866 1507 3931 πρὸς
1557 3866 1617 3919 τὸ
1660 3867 1781 3920 λίαν

196 3953 307 4007 τῶν
333 3952 643 4023 λεγομένων
676 3952 868 4023 ἄηθες.
914 3952 1048 4020 Πῶς
1091 3957 1260 4009 ἔσται
1287 3972 1391 4025 μοι
1424 3957 1624 4021 τοῦτο,
1649 3959 1779 4013 ἐπεὶ

197 4045 392 4113 ἄνδρα
437 4047 510 4099 οὐ
549 4044 859 4114 τινώσκω;
904 4044 1023 4109 πῶς
1059 4045 1255 4114 ἔσομαι
1290 4048 1498 4116 μήτηρ,
1531 4048 1606 4119 μὴ
1629 4066 1782 4117 γενο-

200 4136 337 4207 μένη
368 4135 597 4207 νύμφη;
636 4137 737 4190 οὐκ
779 4136 994 4208 ἐφθάρη
1035 4137 1096 4190 τὸ
1141 4137 1241 4206 τῆς
1279 4137 1429 4208 ὥρας
1474 4138 1655 4203 ἄνθος,
1690 4141 1781 4194 τὸν

196 4230 457 4300 ζωστῆρα
491 4229 592 4299 τῆς
635 4229 939 4301 παρθενίας
979 4230 1081 4284 οὐκ
1113 4230 1305 4294 ἔλυσα,
1339 4230 1429 4284 τὸν
1455 4231 1655 4301 δεσμὸν
1682 4234 1781 4304 τῆς

198 4323 416 4391 μήτρας
442 4322 543 4374 οὐκ
568 4321 872 4391 ὲχαύνωσα,
895 4320 996 4391 τὴν
1028 4321 1301 4390 σφραγῖδα
1331 4322 1432 4390 τῆς
1459 4323 1697 4394 γαστρὸς
1718 4326 1779 4378 οὐ

195 4413 504 4482 παρέλυσα.
548 4413 608 4465 ’0
660 4413 717 4466 δὲ
783 4413 1017 4481 ἄγγελος
1077 4412 1428 4483 παραχρῆμα
1499 4415 1776 4485 ἐπήγαγεο

1892 1964 2016 2007 ante
2065 1952 2340 2024 luciferum
2373 1958 2529 2024 qenui
2575 1968 2623 2009 te
2651 1959 2716 2010 ".
2750 1957 2967 2013 Gabriel
3004 1960 3166 2030 igitur
3218 1963 3469 2015 dicturus

1891 2054 1973 2099 est
2028 2046 2192 2100 unde.
2250 2047 2342 2101 llle
2403 2049 2549 2101 enim
2600 2049 2665 2101 de
2735 2051 2873 2103 cmlo
2916 2051 3218 2113 descendit.
3263 2055 3355 2109 ille
3400 2056 3467 2108 ad

1892 2140 1995 2191 hoc
2059 2137 2238 2207 ipsum
2308 2139 2546 2193 mittitur
2594 2139 2661 2194 ad
2720 2139 3022 2211 Virginem,
3083 2143 3172 2197 ille
3221 2152 3468 2212 tempore

1893 2237 2083 2298 partus
2155 2230 2340 2295 adest,
2396 2239 2450 2283 et
2513 2232 2876 2285 substantiam
2971 2242 3161 2301 partus
3223 2237 3468 2289 creditur

1891 2321 2204 2373 necessario
2258 2321 2586 2374 declarasse.
2636 2320 2729 2375 Sin
2814 2322 2969 2391 cupis
3024 2333 3078 2377 et
3132 2341 3161 2377 a
3248 2340 3334 2378 me
3385 2325 3464 2379 di-

1888 2425 2065 2477 scere,
2097 2427 2218 2481 quae
2253 2422 2561 2481 sequuntur
2614 2413 2666 2465 in
2721 2414 2986 2482 propheta
3012 2430 3268 2483 pen-urre
3325 2434 3338 2470 :
3398 2416 3466 2470 Et

1887 2503 2057 2572 pariet
2106 2503 2300 2572 ﬁlium,
2373 2513 2421 2557 et
2470 2505 2721 2557 vocabunt
2776 2522 2961 2557 nomen
2989 2506 3104 2574 ejus
3123 2506 3462 2562 Emmanuel.

1886 2595 2025 2658 Ouid
2054 2612 2216 2666 porro
2244 2605 2330 2650 est
2363 2596 2723 2650 Emmanuel?
2774 2596 3061 2650 Nobiscum
3094 2597 3258 2652 Deus.
3309 2598 3466 2652 Nun-

1886 2688 2016 2758 quid
2042 2704 2171 2759 ergo
2207 2689 2348 2742 Deus
2376 2704 2440 2742 ex
2476 2689 2685 2757 nuptiis“
2729 2700 2783 2743 et
2811 2691 3170 2758 corruptione
3209 2688 3462 2760 concipi-

1886 2789 1996 2840 tur.
2019 2791 2072 2834 et
2097 2795 2163 2835 ex
2199 2781 2315 2834 viro
2345 2790 2508 2848 atque
2538 2781 2838 2836 concubitu
2863 2782 3047 2838 editus
3084 2791 3178 2836 aut
3204 2783 3464 2838 incarna-

1890 2878 1974 2925 tus
2008 2886 2129 2926 esse
2155 2871 2367 2939 potest?
2385 2871 2757 2940 Nequaquam,
2791 2873 2887 2927 sed
2916 2873 3238 2941 Operatione
3256 2873 3464 2932 divina.

1886 2963 2248 3016 seminatione
2299 2976 2560 3032 superna,
2591 2971 2646 3016 et
2671 2965 2908 3018 adventu
2956 2964 3190 3034 Spiritus
3264 2967 3463 3020 sancti.

1886 3051 2252 3118 Quamobrem
2277 3068 2400 3106 cum
2426 3051 2601 3128 Virgo
2626 3051 2864 3107 Gabrieli
2913 3054 3124 3109 diceret
3154 3073 3166 3107 :
3196 3052 3465 3119 Quomodo

1886 3144 1975 3213 ﬁet
1993 3144 2132 3197 istud
2170 3143 2314 3213 apud
2341 3160 2443 3204 me.
2476 3143 2603 3213 quia
2629 3143 2798 3196 virum
2823 3160 2924 3197 non
2966 3162 3213 3215 cognosco
3237 3147 3315 3200 "?
3343 3164 3467 3217 per-

1884 3237 2182 3291 cellitme:
2215 3236 2537 3291 miraculum
2578 3237 2723 3306 quod
2764 3239 2972 3302 dixisti,
3028 3256 3116 3294 me
3153 3250 3463 3310 perterret:

1883 3333 1938 3378 et
1963 3324 2246 3378 oraculum
2277 3325 2453 3395 angeli
2482 3323 2762 3395 Virginem
2796 3327 3191 3397 obstupefacit,
3218 3329 3466 3387 miranda

1883 3416 2038 3479 dicis,
2053 3417 2283 3486 ideoque
2307 3416 2438 3471 mihi
2463 3416 2648 3479 dubia,
2674 3418 2800 3486 quia
2825 3421 3138 3489 peregrina,
3163 3422 3469 3477 extimesco

1887 3507 2063 3561 nuntii
2097 3507 2257 3560 fausti
2283 3507 2581 3562 novitatem
2618 3523 2629 3558 :
2668 3509 2959 3576 perturbor
2992 3511 3063 3564 ob
3100 3528 3163 3565 ea
3202 3527 3325 3581 qua
3378 3513 3466 3567 di-

1881 3607 2078 3652 cuntur
2109 3614 2139 3652 a
2174 3609 2225 3653 te
2249 3602 2545 3658 admodum
2571 3606 2809 3664 insolita.
2883 3609 3156 3673 Quomodo
3214 3611 3342 3664 mihi
3376 3611 3466 3680 ﬁt:

1881 3690 2042 3751 istud,
2114 3692 2238 3760 quia
2261 3694 2431 3746 virum
2477 3712 2579 3750 non
2605 3701 2889 3769 cognosco?
2936 3716 3042 3770 qua
3073 3701 3288 3756 ratione
3337 3702 3463 3758 ﬁam

1883 3787 2076 3843 mater,
2101 3795 2219 3849 qua-
2242 3796 2352 3836 non
2387 3783 2463 3837 l'ui
2492 3789 2730 3855 sponsa?
2758 3788 2858 3843 ﬂos
2884 3791 3062 3845 aetatis
3079 3792 3312 3862 vigentis
3350 3809 3464 3848 non

1881 3880 1967 3925 est
2000 3880 2342 3941 corruptus:
2403 3874 2683 3946 cingulum
2735 3879 3062 3950 virginitatis
3107 3897 3216 3935 non
3268 3883 3405 3937 solvi
3446 3902 3461 3938 :

1881 3962 2096 4015 vincula
2180 3964 2351 4019 vulva:
2401 3982 2511 4020 non
2560 3969 2732 4024 laxavi
2789 3989 2802 4025 :
2847 3972 2989 4025 uteri
3052 3988 3163 4026 non
3237 3973 3463 4028 dissolvi

1883 4052 2139 4123 sigillum.
2181 4057 2421 4127 Angelus
2477 4060 2768 4135 confestim
2821 4064 3107 4130 subjunxit
3149 4081 3163 4117 :
3226 4062 3483 4134 Spiritus-

1879 4156 2091 4198 sanctus
2108 4150 2433 4215 superveniet
2487 4152 2541 4204 in
2597 4162 2666 4219 te,
2712 4164 2761 4209 et
2796 4157 2963 4210 virtus
2993 4156 3248 4211 Altissimi
3277 4157 3464 4211 obum-

1883 4235 2054 4291 brabit
2077 4238 2270 4307 tibi";
2319 4243 2422 4296 hoc
2444 4252 2551 4310 est,
2591 4246 2636 4300 si
2695 4263 3058 4319 cognosceres
3092 4249 3291 4313 virum,
3351 4265 3462 4304 non

1881 4343 2102 4397 pareres
2131 4329 2325 4399 Deum,
2349 4335 2435 4388 cui
2474 4335 2647 4390 visum
2669 4347 2750 4393 est
2782 4354 2847 4393 ex
2874 4348 2948 4404 te,
3008 4350 3230 4410 propter
3254 4349 3305 4394 te
3327 4339 3463 4394 citra

1881 4420 2312 4488 corruptionem,
2359 4426 2499 4478 servi
2553 4425 2782 4482 formam
2839 4445 3057 4485 sumere
3115 4448 3129 4482 :
3182 4446 3463 4499 nunquam

194 4504 444 4573 Πνεῦμα
488 4503 660 4574 ἅγιον
698 4506 1092 4559 ἐπελεύσεται
1123 4504 1224 4558 ἐπὶ
1254 4503 1349 4568 σὲ,
1379 4505 1476 4558 καί
1519 4504 1775 4575 δύναμις

1887 4506 2486 4566 [ieresinstrmnentum
2519 4513 2914 4571 incarnationis
2973 4518 3092 4586 ejus
3142 4517 3231 4585 qui
3279 4518 3462 4570 omnia

206 4596 507 4664 ’Υψίστου
529 4597 872 4652 ἐπισκιάσει
889 4613 1016 4652 σοι·
1041 4597 1188 4651 τοῦτ’
1207 4597 1375 4656 ἐστιν,
1403 4598 1463 4651 Εἰ
1488 4599 1782 4666 ἐγίνωσκες

188 4688 389 4756 ἄνδρα,
422 4688 522 4740 οὐκ
558 4687 624 4742 ἂν
653 4687 842 4751 ἔτεκες
871 4688 1025 4753 Θεὸν,
1055 4688 1244 4742 δούλου
1276 4689 1489 4760 μορφὴν
1513 4689 1700 4744 λαϐεῖν
1719 4692 1782 4745 ὲκ

192 4778 293 4832 σοῦ
318 4778 408 4833 διὰ
441 4780 503 4832 σὲ
538 4780 705 4850 χωρὶς
731 4778 941 4849 φθορᾶς
972 4778 1361 4849 εὐδοκήσαντα,
1389 4781 1490 4833 οὐκ
1519 4780 1585 4835 ἂν
1611 4780 1781 4851 ὀργα-

187 4887 283 4923 νον
311 4869 498 4935 ὲγίνου
525 4870 626 4940 τῆς
658 4868 754 4922 τοῦ
782 4870 962 4924 πάντα
981 4870 1399 4941 παραγαγόντος
1426 4869 1777 4941 σαρκώσεως.

204 4962 351 5015 Ἀλλ’
399 4962 586 5033 ἐπειδὴ
631 4962 847 5032 καθαρὰ
900 4963 1188 5032 τυγχάνεις
1248 4962 1439 5033 κοίτης
1486 4966 1775 5034 γαμικῆς,

189 5051 387 5123 ἐπειδὴ
434 5052 528 5106 τὸν
574 5053 701 5106 ναὸν
743 5053 1041 5122 ἄφθαρτον,
1069 5053 1164 5107 καὶ
1209 5054 1308 5125 τὴν
1355 5056 1565 5126 σκηνὴν
1600 5058 1777 5129 ῥύπου

190 5145 399 5206 παντὸς
442 5143 732 5215 ἐλευθέραν
780 5146 1079 5215 ἐτήρησας,
1106 5146 1200 5199 καὶ
1228 5148 1257 5199 ὁ
1287 5146 1478 5218 Πατὴρ
1520 5149 1781 5219 ἐπιδημεῖ

189 5253 300 5298 σοι,
333 5235 430 5288 καὶ
464 5236 524 5288 τὸ
559 5235 782 5306 Πνεῦμα
811 5236 1145 5300 ἐπισκιάζει,
1177 5238 1276 5290 καὶ
1313 5238 1456 5308 μετὰ
1486 5238 1689 5308 σαρκὸς
1712 5241 1778 5293 ὲκ

188 5324 293 5379 σοῦ
324 5325 353 5377 ὁ
375 5325 686 5396 Μονογενὴς
723 5326 991 5379 τίκτεται.
1032 5327 1103 5379 Σὺ
1144 5321 1238 5379 οὖν
1267 5325 1534 5396 μηδαμῶς
1560 5326 1777 5397 διακρι-

186 5420 295 5489 in};
324 5421 395 5471 τὰ
423 5418 553 5486 ἑξῆς
583 5421 877 5490 μυστήρια,
914 5419 988 5489 μὴ
1014 5420 1297 5490 διακριθῇς
1328 5420 1386 5473 ὲν
1420 5419 1671 5491 σπηλαίῳ
1695 5421 1777 5473 τί-

187 5524 402 5561 κτουσα
434 5509 525 5562 τὸν
567 5509 698 5572 ὅλης
742 5510 841 5579 τῆς
888 5508 1122 5571 κτίσεως
1162 5510 1527 5581 Δημιουργδν,
1559 5512 1633 5581 μὴ
1664 5511 1780 5565 δια-

187 5599 392 5671 κριθῇς
421 5602 478 5652 ὲν
504 5600 680 5672 φάτνῃ
710 5601 1009 5665 καθίζουσα
1034 5601 1125 5654 τὸν
1172 5601 1267 5654 ἐπὶ
1312 5601 1420 5655 τῶν
1454 5602 1638 5657 νώτων
1668 5603 1779 5657 τῶν

1878 4598 2156 4668 produxit.
2204 4600 2407 4683 Verum
2455 4603 2583 4672 quia
2642 4608 2845 4660 munda
2888 4623 2948 4662 es
2979 4623 3006 4660 a
3039 4608 3335 4662 concubitu
3360 4624 3465 4663 nu-

1878 4691 2051 4762 ptiali,
2077 4693 2202 4761 quia
2236 4695 2498 4763 templum
2529 4696 2930 4769 incorruptum,
2955 4710 3010 4755 et
3046 4701 3463 4757 tabernaculum

1877 4783 1948 4838 ab
1984 4784 2133 4837 omni
2162 4784 2323 4839 sorde
2350 4785 2579 4839 liberum
2607 4792 2944 4845 conservasti
2978 4799 3072 4844 :et
3100 4791 3263 4845 Pater
3283 4791 3466 4861 hospi-

1878 4883 2024 4929 tatur
2046 4875 2188 4943 apud
2221 4883 2293 4939 te,
2312 4883 2369 4930 et
2401 4874 2640 4946 Spiritus
2663 4889 2889 4935 sanctus
2936 4883 3249 4949 obumbrat,
3285 4891 3341 4937 et
3373 4898 3461 4937 as-

1886 4975 2103 5036 sumpta
2125 4983 2291 5021 carne
2319 4966 2647 5038 Unigenitus
2679 4986 2748 5025 ex
2800 4981 2852 5027 te
2897 4974 3184 5028 nascitur:
3228 4989 3346 5028 eam
3392 4975 3464 5028 ob

1886 5066 2116 5114 rcm.ne
2136 5055 2358 5110 dubites
2397 5056 2508 5110 ullo
2542 5057 2725 5122 modo,
2796 5058 2865 5113 de
2915 5059 3145 5128 reliquis
3186 5058 3464 5129 mysteriis

1884 5160 1954 5199 ne
1985 5145 2059 5199 sis
2080 5144 2263 5209 anxia,
2282 5145 2325 5199 si
2351 5147 2533 5215 parias
2572 5148 2628 5201 in
2660 5148 2878 5203 stabuio
2903 5149 3171 5204 universae
3198 5160 3461 5204 creatum:

1885 5234 2134 5304 Opiﬁcem
2172 5249 2187 5288 :
2230 5251 2299 5289 ne
2328 5236 2571 5304 haesitas,
2609 5239 2655 5293 si
2679 5239 2874 5295 sedere
2914 5239 3082 5294 facias
3113 5240 3166 5292 in
3192 5237 3460 5308 praesepio

1885 5344 2010 5384 eum
2042 5327 2134 5396 qui
2166 5330 2324 5381 sedet
2353 5327 2406 5381 in
2447 5329 2613 5385 dorso
2646 5329 2965 5393 Cherubim,
2997 5329 3042 5385 si
3098 5346 3208 5383 non
3260 5327 3460 5380 Italicas

1884 5422 2062 5476 locum
2119 5421 2175 5475 in
2224 5420 2545 5486 diversorio,
2585 5440 2710 5480 cum
2773 5424 2850 5480 sis
2884 5431 3058 5478 mater
3091 5422 3232 5492 regis
3270 5435 3457 5473 eorum

1883 5530 2003 5582 qua:
2033 5528 2247 5567 sursum
2278 5522 2407 5568 Sunt
2430 5516 2779 5571 etdeorsum.
2810 5516 3009 5571 Libens
3025 5515 3170 5568 enim
3194 5512 3285 5583 qui
3322 5527 3387 5564 ex
3409 5519 3460 5562 ιθ

1888 5613 2049 5659 natus
2072 5614 2177 5661 est.
2226 5620 2434 5676 pauper
2460 5606 2712 5675 elﬁcitur,
2766 5618 2823 5664 ut
2857 5607 3058 5663 divites
3114 5605 3367 5664 rcl'rcm-t,
3405 5610 3454 5657 et

266 5771 315 5809 ³⁵
344 5772 462 5836 Joa.
493 5792 584 5843 vn,
617 5778 701 5842 14.
782 5779 825 5808 ³³⁵
855 5777 994 5839 i‘sal.
1023 5795 1079 5845 ιι,
1104 5781 1153 5833 7.
1231 5780 1272 5810 ³⁶
1294 5778 1423 5834 Luc.
1454 5795 1490 5843 ι,
1517 5780 1604 5835 δίε
1682 5781 1723 5810 ³⁷
1757 5781 1886 5836 ibid.
1919 5783 2006 5837 35.
