3934 6410
149 417 298 482 1489

1589 411 2016 474 SERMONES.

3284 412 3413 474 HT)

148 535 222 587 δὲ
266 534 410 602 τέκῃ
458 532 636 600 θῆλυ,
676 533 770 599 δὶς
802 534 952 587 ἑπτὰ
978 534 1308 601 ἀκάθαρτος
1335 531 1528 587 ἔσται.
1573 529 1729 587 Τῖνος
1766 570 1774 584 ι

1881 532 2086 586 diluxit.
2144 531 2203 586 Si
2261 540 2436 585 autem
2479 532 2737 601 pepererit
2790 531 3063 601 {eminam,
3090 530 3168 584 bis
3223 539 3421 597 septem

148 628 321 698 χάριν
375 625 611 680 ἐνταῦθα
655 626 756 689 τὰς
816 626 1037 696 ἡμέρας
1093 626 1443 686 διπλασίονας
1505 622 1740 685 ξταξενς

162 719 395 791 Ἐπειδὴ
419 716 534 773 Εὕα
561 718 724 772 πάλιν
742 718 850 770 ἀπὸ
868 718 966 787 τῆς
991 717 1133 779 Εὔας
1160 717 1425 777 τίκτεται,
1454 714 1513 765 τὸ
1544 712 1743 782 σαθρὸν

154 813 378 876 σκεῦος.
406 815 468 866 τὸ
504 812 729 875 ἀσθενὲς
758 814 983 880 ἀγγεῖον
1005 852 1017 875 ,
1050 810 1112 863 τὸ
1149 808 1615 880 συντετριμμένον
1647 823 1744 859 κε-

153 910 381 976 ράμιον,
416 906 449 970 ἠ
485 905 832 973 χειραγωγδς
870 905 970 973 τῆς
1026 901 1338 972 παρακοῆς,
1373 902 1407 970 ή
1470 898 1563 951 τοῦ
1614 899 1745 969 δρά-

155 1015 354 1061 κοντος
378 995 685 1066 σύμϐουλος
707 1012 722 1026 ο
748 994 863 1048 ἀλλ’
897 993 1086 1064 ὥσπερ
1119 993 1362 1064 ἧκουσας
1396 989 1654 1059 γυναικὸς
1680 990 1747 1044 τὰ

155 1091 510 1161 ἐγκλήματα,
546 1089 707 1160 δεῦρο
733 1089 829 1141 καὶ
852 1087 913 1140 τὸ
948 1085 1008 1151 ἐξ
1044 1087 1216 1155 αὐτῆς
1241 1083 1579 1153 κατόρθωμα
1610 1083 1746 1152 μάν-

158 1189 316 1235 ιιανε.
370 1181 512 1251 Γυνὴ
537 1180 841 1251 παρθενίαν
876 1177 954 1240 τῷ
989 1177 1092 1248 βίῳ
1119 1179 1441 1246 εἰσήγαγεν,
1466 1173 1749 1245 ἐχώρησεν

157 1275 219 1324 ἐν
249 1275 316 1343 τῇ
348 1272 551 1342 γαστρὶ
579 1270 670 1323 τὸν
700 1269 833 1323 Θεὸν
855 1269 915 1322 ὃν
942 1270 975 1339 ἡ
1020 1269 1204 1330 κτίσις
1237 1267 1486 1338 χωρῆσαι
1533 1265 1594 1319 οὐ
1654 1263 1749 1316 δύ-

158 1381 327 1417 ναται
356 1380 369 1393 ·
403 1365 592 1416 ἔτεκεν
623 1364 680 1414 ἑν
712 1362 878 1430 σαρκὶ
904 1360 1116 1424 τοῦτον,
1141 1360 1290 1422 ὅστις
1319 1357 1477 1428 ἡμῶν
1506 1357 1567 1409 τὸ
1590 1355 1752 1422 γένος

159 1455 472 1507 ἀνέπλασεν
501 1470 514 1485 ο
549 1451 743 1523 πρώτη
779 1453 870 1524 τὸν
918 1449 1126 1521 Ἰησοῦν
1150 1452 1214 1503 ὲκ
1242 1448 1457 1519 νεκρῶν
1483 1444 1749 1508 ὑπεδέξα-

159 1567 246 1617 το,
278 1547 472 1619 πρώτη
500 1547 596 1600 τοῦ
626 1545 986 1615 κηρύγματος
1016 1545 1116 1612 τῆς
1148 1543 1501 1603 ἀναστάσεως
1524 1538 1749 1609 ἤρξατο,

161 1647 365 1718 πρώτη
397 1645 497 1713 τὴν
548 1643 727 1715 χαρὰν
760 1644 877 1705 τοῖς
927 1641 1202 1711 μαθηταῖς
1244 1640 1537 1709 ἐμήνυσεν.
1578 1633 1750 1700 Γυνὴ

164 1739 304 1805 ἥτις
333 1778 348 1804 ,
382 1739 568 1806 φησιν,
601 1733 1023 1803 σπερματισθῇ
1047 1750 1060 1763 ·
1096 1735 1129 1803 ἠ
1182 1733 1446 1793 Θεοτόκος
1504 1730 1559 1783 δὲ
1614 1729 1751 1800 γυνὴ

165 1831 272 1899 μὲν
310 1824 402 1899 ἦν,
433 1829 502 1882 τὰ
545 1826 824 1895 γυναικῶν
851 1825 908 1880 δὲ
940 1827 1000 1879 οὐ
1036 1824 1307 1878 πέπονθεν
1333 1838 1346 1851 ·
1387 1822 1610 1891 σπέρμα
1641 1820 1751 1891 γὰρ

162 1922 365 1992 ἀνδρὸς
387 1924 420 1993 η
446 1921 662 1991 γαστὴρ
684 1919 786 1972 οὐκ
808 1919 1046 1983 ἐδέξατο,
1068 1919 1168 1971 οὐκ
1195 1913 1336 1969 εἶδεν
1351 1917 1583 1986 ἄροτρον
1608 1913 1636 1964 ὁ
1654 1913 1750 1982 τῆς

160 2013 392 2082 Μαρίας
416 2011 605 2081 ἀγρὸς,
635 2012 665 2063 ὁ
695 2009 1025 2081 παρθενικδς
1048 2006 1309 2077 ἀμπελὼν
1335 2007 1433 2077 οὐχ
1458 2005 1754 2075 ὑπέμεινεν

163 2102 443 2168 δίκελλαν,
469 2101 612 2156 ὥστε
642 2102 741 2172 οὐχ
792 2101 938 2171 ὑπὲρ
979 2100 1150 2170 αὐτῆς
1187 2100 1219 2169 ἡ
1265 2097 1582 2167 προσφορὰ,
1619 2094 1760 2163 ὑπὲρ

166 2199 301 2251 ὅλου
349 2196 444 2251 τοῦ
474 2195 665 2262 γένους
710 2194 963 2263 ἐγένετοσ
998 2192 1159 2263 ἡμῶν
1190 2192 1300 2261 γὰρ
1332 2190 1500 2242 ἕνεκα
1538 2187 1762 2259 περιτέ-

173 2307 374 2360 μνεται
404 2290 446 2342 Χ
457 2288 662 2359 ριστὺς,
680 2288 823 2358 ὑπὲρ
853 2286 1012 2358 ἡμῶν
1038 2285 1133 2339 καὶ
1157 2283 1501 2355 βαπτίζεται,
1518 2282 1606 2351 ἐφ’
1632 2283 1762 2351 ἡμῖν

168 2382 416 2435 τελεῖται
442 2381 512 2435 τὰ
542 2379 637 2432 νοῦ
671 2379 839 2450 νόμου
865 2378 1141 2449 καθάρσια
1163 2392 1178 2407 ’
1220 2374 1315 2429 ἐὰν
1357 2373 1606 2445 δακρύσῃ
1625 2412 1638 2436 ,
1666 2374 1765 2439 τὴν

174 2472 347 2539 φύσιν
384 2469 644 2523 ὲκπλύνει
675 2485 691 2501 ·
734 2469 830 2522 ἐὰν
874 2466 1123 2539 ραπισθῇ
1154 2504 1168 2528 ,
1203 2466 1302 2537 τὴν
1334 2465 1611 2537 ἡμετέραν
1641 2465 1764 2535 αίχ-

183 2561 475 2632 μαλωσίαν
494 2560 792 2631 ὲ).ευθεροῐ’
818 2559 915 2612 ἐὰν
936 2558 1201 2630 βαστάσει
1227 2557 1319 2610 τὸν
1343 2555 1600 2627 σταυρὸν,
1618 2556 1767 2625 ἡμᾶς

180 2653 436 2722 κουφίζει
476 2652 573 2706 τοῦ
608 2651 778 2720 ζυγοῦ
812 2653 915 2720 τῆς
968 2650 1247 2720 ἁμαρτίας
1269 2665 1285 2681 ·
1313 2650 1409 2702 ἐὰν
1456 2646 1765 2717 ὲμπτυσθῇν

179 2747 278 2798 τὸν
320 2745 491 2815 Ἀδὰμ
544 2744 882 2799 ἀπαλλάττει
939 2743 1038 2797 τοῦ
1092 2742 1195 2814 τῆς
1250 2741 1502 2813 κατάρας
1553 2738 1769 2811 ὲμπτύυ

185 2857 214 2903 σ
223 2854 424 2908 ματος.

259 2931 401 2985 Ὅτε
433 2928 859 2999 ἐπλήσθησαν,
889 2929 1075 3000 φησὶν,
1113 2932 1175 2983 αἱ
1204 2930 1433 2999 ἡμέραι,
1459 2926 1566 2982 τοῦ
1594 2929 1775 2982 καθα-

173 3024 410 3095 ρισμοῦ
440 3022 660 3086 αὐτῶν,
685 3021 994 3092 ἀνήγαγον
1022 3022 1209 3075 αὐτὸν
1238 3025 1327 3087 εἰς
1358 3022 1774 3088 Ἰεροσόλυμα,

185 3118 388 3181 καθὼς
420 3115 739 3185 γέγραπται
764 3115 833 3168 ἐν
858 3116 1020 3183 νόμῳ
1042 3115 1284 3183 Κυρίου,
1321 3113 1409 3166 ὅτι
1440 3111 1566 3168 πᾶν
1587 3111 1778 3181 ἄρσεν

1846 629 2053 696 impura
2084 627 2204 679 erit.
2237 624 2408 693 Cujus
2439 623 2517 677 rei
2547 622 2717 694 gratia
2751 620 2843 674 hic
2880 620 3091 674 dierum
3131 634 3422 673 numerum

1846 719 2120 789 duplicem
2175 715 2410 771 statuit?
2441 713 2578 780 Quia
2606 713 2715 767 Eva
2747 726 2967 766 rursum
3009 711 3076 765 ab
3115 710 3228 764 Eva
3251 709 3423 780 gigni-

1848 824 1954 880 tur,
2012 808 2201 883 fragile
2258 809 2703 867 instrumentum,
2761 800 2942 860 debile
2999 818 3115 865 vas,
3196 800 3427 855 contrita

1848 901 2418 966 testa,manuduetrix
2445 898 2853 960 inobedientiaa,
2908 912 3008 966 per
3044 910 3207 965 quam
3258 891 3427 946 suasit

1849 1010 2098 1066 serpens.
2123 994 2230 1048 Sed
2263 994 2406 1047 sicut
2436 990 2637 1045 audisti
2674 988 2920 1042 mulieris
2951 984 3307 1056 improperia,
3340 983 3429 1036 hic

1850 1103 2069 1157 quoque
2088 1094 2144 1140 et
2170 1085 2412 1139 mulieris
2438 1081 2630 1137 merita
2668 1080 2854 1147 disce;
2913 1079 3109 1133 mulier
3141 1075 3425 1147 virginita—

1850 1195 1959 1240 tem
1995 1181 2197 1237 sreculo
2227 1179 2462 1240 induxit,
2490 1175 2719 1231 contulit
2741 1175 2795 1228 in
2814 1173 3017 1244 gremio
3067 1172 3235 1224 Deum
3265 1183 3429 1238 quem

1864 1276 2070 1331 creatio
2094 1271 2376 1327 continere
2423 1284 2533 1322 non
2572 1274 2772 1336 potest,
2799 1263 3078 1334 generavit
3130 1261 3186 1315 in
3262 1274 3432 1314 carne

1854 1368 2002 1422 illum
2028 1365 2121 1434 qui
2144 1369 2388 1416 nostram
2429 1356 2838 1430 generationem
2870 1352 3193 1415 fabricavit;
3252 1349 3426 1419 prima

1852 1456 2127 1527 Jesum‘ox
2149 1450 2380 1506 mortuis
2404 1448 2645 1502 solutum
2700 1443 2930 1513 accepit,
2984 1441 3169 1512 prima
3218 1439 3430 1507 procla-

1872 1558 2032 1604 matac
2065 1544 2487 1605 resurrectionis
2512 1537 2787 1611 primitias
2814 1535 3053 1604 accepit;
3082 1532 3255 1603 prima
3298 1546 3433 1601 gau—

1855 1644 2003 1698 dium
2035 1640 2321 1711 discipulis
2353 1633 2724 1692 annuntiavit.
2786 1629 2999 1696 Mulier,
3064 1626 3262 1697 inquit,
3319 1640 3436 1695 quw

1854 1737 2144 1807 susceperit
2197 1750 2393 1788 semen.
2462 1729 2689 1799 Deipara
2746 1733 2927 1780 autem
2961 1721 3162 1776 mulier
3214 1717 3437 1789 quidem

1858 1840 1996 1893 erat,
2025 1828 2317 1883 muliebria
2343 1839 2476 1878 vero
2512 1837 2628 1876 non
2676 1833 2836 1891 passa
2886 1825 3005 1883 est;
3057 1828 3244 1870 semen
3292 1811 3437 1864 enim

1863 1924 1962 1981 viri
1985 1932 2178 1979 venter
2213 1935 2324 1974 non
2351 1914 2613 1985 suscepit,
2664 1925 2843 1981 neque
2871 1908 3025 1964 novit
3061 1913 3299 1961 aratrum
3329 1899 3433 1955 Ma-

1861 2019 1959 2073 rias
1984 2030 2137 2085 ager,
2167 2010 2473 2082 virgineum
2498 2008 2743 2060 vinetum
2791 2000 3066 2072 pastinum
3095 2012 3204 2052 non
3236 1996 3440 2050 tolera-

1860 2110 1961 2174 vit,
2018 2107 2092 2161 ita
2145 2110 2206 2158 ut
2257 2118 2365 2156 nou
2397 2116 2497 2167 pro
2541 2112 2599 2153 se
2628 2097 2983 2158 oblationem,
3017 2090 3111 2146 sed
3146 2103 3245 2159 pro
3290 2085 3441 2140 omni

1873 2202 2115 2255 humano
2138 2208 2337 2265 genere
2363 2188 2558 2247 fecerit
2584 2205 2597 2253 ;
2623 2195 2844 2258 propter
2858 2197 2960 2237 nos
2982 2180 3126 2234 enim
3152 2175 3442 2234 circumci—

1866 2294 2016 2348 ditur
2050 2288 2323 2352 Christus,
2355 2291 2579 2355 propter
2610 2293 2710 2333 nos
2742 2287 2798 2330 et
2863 2272 3192 2342 baptizatur,
3222 2281 3322 2337 pro
3345 2280 3445 2318 no-

1868 2386 1954 2441 bis
1984 2380 2199 2451 perli‘cit
2233 2377 2366 2448 legis
2394 2369 2838 2444 puriﬁcationes;
2871 2365 2914 2419 si
2935 2360 3168 2424 ﬂeverit,
3193 2365 3444 2412 naturam

1871 2448 2051 2536 lava—t;
2096 2470 2140 2525 si
2172 2469 2356 2537 alapas
2407 2460 2713 2534 pertulerit,
2743 2466 2929 2512 nostra
2954 2464 3070 2508 'nos
3128 2448 3449 2519 captivitate

1870 2566 2095 2631 liberat;
2128 2563 2173 2617 si
2204 2574 2420 2616 crucem
2455 2551 2802 2614 sustinuerit,
2823 2564 2925 2603 nos
2947 2547 3146 2601 allevat
3188 2542 3320 2611 iugo
3347 2537 3448 2592 ini-

1870 2655 2190 2731 quitatis;si
2223 2661 2380 2722 sputa
2438 2644 2795 2708 induraverit,
2826 2641 3094 2696 Adamum
3116 2633 3308 2689 liberal
3332 2644 3451 2684 ma-

1872 2752 2182 2812 ledictionis
2210 2755 2394 2819 sputo.

1955 2914 2247 2982 Postquam
2289 2905 2494 2976 impleti
2519 2909 2662 2962 sunt,
2698 2896 2894 2967 inquit,
2923 2894 3035 2948 dies
3068 2885 3458 2961 puriﬁcationis

1877 2980 2109 3072 eorum,‘
2142 3002 2375 3058 tulerunt
2421 2997 2571 3052 illum
2616 2994 2674 3047 in
2697 2986 3013 3049 Jerusalem,
3041 2985 3177 3038 sicut
3202 2980 3457 3047 scriptum

1881 3112 1955 3157 est
1981 3104 2033 3155 in
2062 3101 2172 3169 lege
2199 3095 2430 3156 Domini,
2453 3092 2577 3160 quia
2636 3101 2790 3141 omne
2855 3078 3206 3136 masculinum
3264 3074 3463 3139 adape-

185 3208 501 3278 διανοῖγον
534 3207 791 3277 μήτραν,
823 3165 999 3277 ἅγιονἲ
1027 3207 1106 3271 τῷ
1123 3165 1343 3274 ΓΚυρίῳ
1383 3165 1774 3272 κληθήσεται·

1885 3196 2023 3250 riens
2047 3191 2280 3249 vulvam,
2303 3193 2542 3241 sanctum
2566 3178 2801 3233 Domino
2844 3172 3141 3228 vocabitur.
3168 3166 3321 3221 Talia
3374 3165 3463 3218 lex

2733 3268 2746 3278 ⁵
2874 3264 2909 3278 ⁸⁸
2954 3263 2966 3275 ⁸
3169 3273 3261 3278 nu-
3301 3256 3433 3278 ΙΑ-Ξ-

186 3299 370 3369 ταῦτα
391 3301 418 3352 6
445 3301 611 3369 νόμος
637 3297 771 3369 ἔχει.
807 3298 865 3352 Ὀ
891 3298 1128 3368 Χριστὸς
1162 3297 1238 3361 δὲ,
1260 3295 1406 3350 καθὰ
1435 3296 1668 3369 ἔφημεν,
1705 3296 1781 3359 ώς

187 3389 498 3461 νομοθέτης
534 3390 627 3442 τὸν
658 3388 855 3442 ἑαυτοῦ
884 3389 1052 3460 νόμον
1080 3390 1220 3461 ὑπὲρ
1251 3390 1416 3458 νόμον
1439 3388 1779 3459 ἐπλήρωσεν·

188 3482 318 3535 οὐδὲ
356 3482 468 3553 γὰρ
497 3480 732 3552 ἧνοιξεν,
761 3481 898 3535 ἀλλὰ
930 3480 1331 3551 κεκλεισμένην
1354 3480 1452 3550 τὴν
1474 3478 1652 3550 πύλην
1683 3480 1783 3549 τῆς

192 3575 481 3645 Παρθένου
513 3573 812 3626 κατέλιπεν
846 3590 861 3605 ο
918 3573 1018 3627 οὐκ
1053 3573 1320 3644 ἐσύλησεν
1363 3572 1462 3643 τὴν
1505 3571 1783 3642 σφραγῖδα

193 3668 296 3737 τῆς
325 3666 541 3738 φύσεως
564 3684 579 3699 ο
607 3666 707 3720 οὐκ
735 3667 1048 3738 ἐζημίωσεν
1077 3667 1176 3737 τὴν
1199 3665 1489 3720 τεκοῦσαν·
1518 3665 1785 3738 ἀκέραιον

194 3762 310 3832 γὰρ
354 3762 493 3832 αὐτῇ
549 3760 611 3815 τὸ
652 3762 837 3833 σχῆμα
874 3761 975 3831 τῆς
1008 3759 1340 3832 παρθενείας
1371 3759 1664 3815 κατέλιπεν
1686 3774 1700 3791 ’
1733 3742 1784 3809 εί

194 3856 255 3909 δὲ
288 3855 561 3919 ἀπιστεῖς,
598 3854 752 3925 παρὰ
782 3853 877 3907 τοῦ
923 3852 1184 3923 Ἱεζεκιὴλ
1213 3852 1452 3923 μάνθανε
1481 3869 1494 3883 ⁸
1532 3852 1640 3908 Καὶ
1672 3853 1787 3906 ἁπ-

196 3946 505 4015 ἐστρεψέν
516 3963 595 4017 με
615 3949 769 4001 κατὰ
794 3945 910 4013 τὴν
932 3944 1079 3999 ὀδόν
1099 3944 1211 4014 τῆς
1233 3946 1436 4011 πύλης
1459 3943 1576 3997 τῶν
1603 3945 1789 4015 ἁγίων

199 4058 219 4091 ι
241 4039 315 4106 ἦς
339 4038 630 4107 ἑξωτέρας
660 4038 769 4109 τῆς
787 4038 1151 4105 βλεπούσης
1177 4036 1329 4091 κατὰ
1347 4037 1667 4102 ἀνατολὰς,
1692 4036 1790 4090 καὶ

197 4133 360 4198 αὕτη
386 4131 466 4201 ἦν
494 4130 892 4199 κεκλεισμένη
923 4146 937 4158 '
972 4130 1071 4183 καί
1133 4126 1305 4184 εἶπεν
1369 4130 1586 4197 Κύριος
1639 4130 1790 4197 πρός

196 4240 277 4291 με
301 4239 315 4252 ·
370 4222 438 4278 Ἠ
466 4223 628 4291 πύλη
652 4223 806 4289 αὕτη
843 4221 1247 4291 κεκλεισμένη
1273 4221 1470 4284 ἔσται,
1491 4222 1603 4275 οὐκ
1627 4220 1793 4275 ἀνοι-

206 4313 522 4381 χθήσεται,
575 4311 677 4368 και
749 4313 951 4379 οὐδεὶς
1033 4315 1104 4367 οὐ
1153 4312 1239 4382 μὴ
1305 4311 1515 4381 διέλθῃ
1561 4311 1638 4365 δι’
1680 4314 1790 4365 αὐ-

201 4407 316 4474 τῆς
338 4425 353 4439 ο
383 4408 472 4463 ὅτι
495 4412 711 4478 Κύριος
737 4411 770 4463 ὁ
803 4407 949 4473 Θεὸς
977 4408 1085 4469 τοῦ
1129 4406 1369 4477 Ἰσραὴλ
1400 4407 1499 4461 καὶ
1528 4407 1796 4461 εἰσελεύ-

199 4518 382 4556 σεται
431 4500 530 4554 καί
583 4500 1008 4565 ἐξελεύσεται,
1072 4500 1170 4554 καὶ
1229 4501 1401 4554 ἔσται
1450 4497 1798 4567 κεκλεισμέ-

1886 3286 2049 3340 habet
2091 3300 2103 3335 :
2138 3278 2392 3334 Christus
2408 3282 2613 3336 autem,
2643 3278 2703 3323 ut
2728 3263 3118 3337 jamdiximus,
3161 3273 3268 3328 qua
3300 3256 3465 3326 legis-

1885 3483 1991 3538 que
2015 3466 2163 3521 enim
2186 3436 2492 3531 adaperuit,
2519 3455 2614 3508 sed
2669 3452 2911 3505 clausam
2970 3454 3183 3515 portam
3230 3436 3471 3507 Virginis

1887 3527 2105 3628 reliquit
2124 3572 2139 3622 ;
2160 3568 2271 3608 non
2294 3527 2458 3620 iregit
2482 3545 2717 3618 sigillum
2746 3550 2994 3602 naturae;
3019 3549 3129 3590 non
3185 3527 3472 3586 deﬂoravit

1887 3648 2206 3723 genitricem
2237 3661 2251 3711 ;
2293 3617 2681 3696 intemeratum
2718 3631 2864 3686 enim
2914 3628 2990 3681 illi
3026 3625 3243 3695 signum
3294 3617 3459 3687 virgi~

1890 3709 2079 3798 uitatis
2130 3709 2369 3806 reliquit.
2409 3732 2469 3786 Si
2516 3744 2648 3784 vero
2676 3741 2787 3781 non
2838 3720 3037 3783 credis,
3068 3718 3137 3771 ab
3184 3709 3473 3767 Ezechiele

1888 3839 2087 3894 docere
2116 3852 2128 3886 :
2157 3831 2227 3885 Et
2259 3826 2512 3884 convertit
2551 3840 2634 3877 me
2658 3822 2729 3874 ad
2768 3818 2911 3872 viam
2953 3822 3123 3885 porta:
3170 3815 3473 3863 sanctorum

1891 3926 2166 3986 exterioris
2197 3938 2316 3992 qua:
2345 3916 2659 3986 respiciebat
2690 3911 2762 3965 ad
2812 3907 3089 3966 orientem,
3131 3907 3179 3954 et
3210 3898 3327 3967 ipsa
3360 3902 3474 3948 erat

1892 4020 2112 4083 clausa;
2149 4024 2197 4069 et
2212 3986 2358 4067 dixit
2392 4007 2649 4062 Dominus
2674 4002 2744 4056 ad
2778 4015 2858 4054 me
2888 4013 2907 4052 :
2943 3996 3109 4050 Porta
3147 3991 3256 4045 hwc
3289 3986 3473 4040 clausa

1894 4114 2017 4179 erit,
2044 4127 2149 4166 non
2179 4105 2449 4177 aperietur
2473 4109 2521 4155 et
2557 4112 2708 4152 nemo
2741 4088 2990 4147 transibit
3020 4103 3113 4157 per
3144 4099 3294 4148 eam;
3350 4078 3477 4149 quia

1895 4207 2152 4262 Dominus
2171 4200 2313 4255 Deus
2343 4193 2514 4252 Israel
2535 4194 2806 4262 ingressus
2854 4192 2931 4238 est
2988 4190 3039 4235 et
3092 4190 3329 4249 egressus
3379 4180 3481 4233 est,

1895 4311 1943 4354 et
1975 4300 2074 4354 erit
2115 4297 2302 4351 clausa
2323 4292 2387 4345 ³⁸.
2423 4319 2490 4329 --
2523 4287 2690 4342 Omne
2766 4276 3116 4337 masculinum
3167 4266 3484 4337 adaperiens

1896 4394 2131 4457 uuluam,
2172 4395 2417 4443 sanctum
2466 4381 2688 4437 Domino
2718 4372 3013 4431 vocabitur.
3040 4367 3151 4422 Iste
3168 4370 3352 4419 autem
3370 4374 3481 4412 non

1898 4487 2077 4543 solum
2137 4488 2408 4539 sanctus;
2474 4479 2743 4544 quantum
2819 4466 2967 4521 enim
3040 4457 3330 4516 sanctitate
3385 4469 3485 4507 ex-

203 4543 382 4556 ν..-...
432 4543 530 4554 ..νη
583 4543 1008 4565 “mnuum,
1074 4543 1170 4554 ην..
1229 4543 1400 4554 νη...
1450 4543 1766 4567 ..-.-.----,,.-

203 4609 306 4657 νη.
343 4617 410 4628 -
443 4590 577 4645 Πᾶν
623 4590 818 4657 ἄρσεν
854 4589 1165 4658 διανοῖγον
1189 4589 1462 4659 μήτραν,
1497 4587 1670 4657 ἅγιον
1717 4584 1774 4651 τί]

1905 4581 2144 4641 tollitur,
2180 4580 2391 4629 tantum
2410 4543 2674 4638 praecellit
2702 4557 2986 4615 nativitate
3021 4560 3076 4607 et
3100 4543 3486 4618 superabunde

2668 4654 2689 4659 _
2768 4653 2782 4659 _
2984 4656 2994 4659 Α
3123 4655 3136 4659 _
3184 4639 3243 4659 ,τι
3306 4637 3484 4659 JH“.

202 4682 409 4751 Κυρίῳ
429 4680 802 4749 κληθήσεται
831 4698 848 4715 ο
879 4675 1036 4745 οὗτος
1053 4681 1111 4735 δὲ
1133 4682 1193 4735 οὗ
1234 4681 1394 4751 μόνον
1425 4680 1604 4748 ἅγιος.
1633 4680 1797 4733 Ὅσον

200 4775 395 4829 τοίνυν
417 4774 680 4845 ὑπερέχει
703 4774 780 4844 τῷ
810 4772 1091 4844 ἁγιασμῷ,
1126 4771 1384 4826 τοσοῦτον
1420 4773 1516 4827 καὶ
1548 4772 1628 4843 τῷ
1653 4774 1798 4843 τόκῳ

204 4869 554 4931 πλεονεκτεῖ,
588 4866 682 4921 καὶ
720 4865 815 4920 τοῦ
845 4867 1015 4936 νόμου
1046 4866 1144 4936 τὴν
1179 4865 1400 4936 ἐντολὴν
1432 4864 1796 4936 ἀναϐέϐηκεν·

202 4961 358 5029 πλὴν
387 4960 443 5013 δὲ
483 4961 655 5030 ὅμως,
695 4960 806 5015 Τοῦ
844 4958 1058 5013 δοῦναι
1091 4959 1315 5013 θυσίαν
1352 4958 1506 5012 κατὰ
1540 4958 1607 5011 τὸ
1642 4959 1799 5027 εἰρη-

196 5050 402 5120 μένον
431 5050 500 5103 ἐν
539 5050 703 5118 νόμῳ
745 5048 992 5117 Κυρίου,
1028 5047 1230 5117 ζεῦγος
1260 5048 1589 5118 τρυγόνων,
1626 5049 1662 5115 ἢ
1688 5047 1799 5101 δύο

207 5141 527 5207 τέοσσοὺς
569 5138 944 5210 περιστερῶν
969 5181 985 5205 ,
1024 5140 1209 5193 ἀτελεῖ
1254 5141 1344 5193 τὸν
1384 5140 1550 5209 νόμον
1583 5142 1611 5192 ὁ
1659 5140 1800 5192 Λου-

208 5234 363 5297 κᾶς;
396 5231 511 5284 Οὐκ
545 5230 742 5302 ἀγνοίᾳ
796 5229 1135 5301 κρατηθεὶς,
1172 5230 1336 5301 σοφίᾳ
1383 5228 1440 5281 δὲ
1484 5228 1797 5299 ὁδηγηθεὶς,

206 5324 456 5391 ἐξέθετο.
524 5321 583 5376 '0
625 5322 724 5393 μὲν
762 5322 926 5392 νόμος
980 5322 1165 5389 ἔλεγεν
1226 5323 1396 5391 ἀμνὸν
1432 5322 1527 5374 καὶ
1560 5321 1800 5373 νεοσσόν·

210 5421 321 5472 οὐκ
351 5416 716 5487 εὐποροῦντος
747 5415 805 5469 δὲ
834 5415 930 5469 τοῦ
962 5416 1366 5487 προσφέροντος
1389 5456 1403 5478 ,
1440 5414 1635 5483 ζεῦγος
1670 5431 1804 5485 τρυ-

210 5517 399 5580 γόνων
452 5511 485 5581 ἢ
542 5509 638 5564 δύο
687 5509 945 5572 νεοσσοὺς
992 5508 1355 5577 περιστερῶν,
1376 5507 1471 5560 καὶ
1528 5506 1808 5575 σεμίδαλιν

213 5605 635 5677 προσέταττεν
692 5604 721 5655 ὁ
776 5603 990 5664 Λουκᾶς
1048 5603 1105 5656 δὲ
1152 5602 1250 5671 τὴν
1298 5601 1810 5663 τοῦ,πλουτοῦντο;

212 5697 436 5767 ἀφῆκεν
483 5695 834 5767 προσφοράν’
873 5694 1090 5765 πτοηξοῦ
1134 5695 1242 5765 γὰρ
1272 5696 1683 5765 ἐμνημόνευσεν
1712 5696 1807 5748 τοῦ

314 5871 358 5900 ³⁸
392 5867 590 5937 Εῖορὶι.
621 5885 769 5931 πων,
803 5868 860 5919 2.

1904 4674 2041 4745 legis
2071 4637 2344 4741 praecepta
2370 4637 2631 4729 complet.
2668 4654 2732 4708 In
2768 4653 2879 4707 hoc
2906 4655 3140 4745 autem
3181 4639 3248 4739 Ut
3294 4637 3485 4736 darent

1904 4725 2152 4827 Iroitia'm,
2178 4758 2465 4813 secundum
2492 4747 2630 4820 quod
2655 4744 2850 4799 dicitur
2876 4739 2932 4791 in
2964 4734 3074 4803 lege
3092 4725 3329 4785 Domini,
3388 4736 3489 4789 par

1908 4868 2198 4917 turturum,
2225 4858 2320 4905 aut
2350 4847 2478 4901 duos
2511 4838 2681 4913 pullos
2714 4831 3080 4889 columbarum
3103 4839 3122 4877 :
3173 4830 3360 4874 nonne
3408 4813 3490 4866 Ie-

1907 4967 2026 5024 gem
2058 4905 2354 5001 obtruncat
2406 4905 2617 4991 Lucas?
2658 4927 2777 4983 Non
2813 4917 3120 5024 ignorantia
3166 4905 3492 5024 captusgsed

1906 4995 2176 5113 Sapientia
2240 5033 2460 5094 ductus,
2518 5026 2594 5080 ita
2646 5013 2980 5076 enuntiavit.
3018 5010 3127 5065 Lex
3184 5003 3332 5059 enim
3360 4995 3494 5053 dicit

2899 5107 2932 5113 "
3205 5097 3227 5113 "
3278 5111 3287 5113 μ
3334 5094 3370 5113 9A
3404 5090 3492 5113 211..

1908 5090 2110 5211 ag'num
2141 5139 2195 5186 et
2224 5123 2573 5185 columbam;
2604 5115 2648 5172 si
2672 5120 2857 5168 autem
2883 5107 3038 5162 dives
3065 5115 3175 5211 non
3204 5094 3376 5211 fuerit
3397 5090 3496 5211 ille

1909 5179 2216 5297 atl'inUOTl,
2248 5179 2348 5286 par
2388 5179 2671 5265 turturum
2710 5206 2805 5255 aut
2836 5195 2976 5251 duos
3016 5189 3195 5261 pullos
3213 5179 3496 5239 columba-

1913 5272 2003 5297 1‘"
2038 5272 2138 5279 ν-ν
2182 5272 2216 5281 η
2252 5272 2266 5286 1

1913 5338 2056 5381 rum,
2083 5325 2140 5372 et
2184 5313 2377 5367 liorem
2407 5304 2599 5363 farinae
2640 5301 2908 5367 apponet;
2945 5286 3118 5341 Lucas
3149 5294 3280 5335 vero
3313 5272 3497 5371 divitis

1914 5410 2104 5468 omisit
2146 5401 2508 5460 oblationem,
2546 5385 3028 5449 bumililatemque
3045 5370 3501 5430 commemoravit

1920 5507 2067 5562 illius
2099 5500 2194 5572 qui
2220 5489 2531 5553 voluntarie
2564 5488 2788 5557 prepter
2839 5489 2942 5530 nos
2985 5464 3343 5533 semetipsum
3396 5456 3500 5510 bu-

1919 5560 2172 5658 iniliavit.
2215 5590 2330 5645 Non
2358 5592 2478 5641 erat
2510 5578 2611 5642 illi,
2632 5573 2853 5634 dicitur,
2885 5566 2977 5622 ubi
3016 5560 3500 5621 reclinaretcaput.

1922 5693 2066 5749 unde
2095 5696 2296 5756 agnum
2326 5665 2735 5744 comparasset?
2780 5664 2833 5716 in
2879 5654 3146 5730 praesepio
3174 5645 3370 5721 pannis
3417 5643 3501 5697 in-
