3934 6406
176 384 315 455 H73

1626 371 2058 443 SERMONES.

3313 380 3451 444 H75

168 505 282 556 Καὶ
309 502 426 564 πῶς
454 502 481 553 ὁ
511 501 577 551 Συ
591 498 736 568 μεὼν
771 496 962 551 θυσίαν
983 496 1080 567 τὴν
1100 495 1248 566 αύτῷ
1282 496 1356 566 μὴ
1387 496 1769 566 προσήκουσαν

1877 498 1950 566 pll
1996 498 2267 563 minister,
2301 495 2572 568 siquidem
2634 497 2733 551 soli
2789 497 2933 552 tribu
2984 495 3110 550 Levi
3144 511 3231 550 res
3283 511 3451 552 sacra:

162 598 477 666 ἀνήνεγκεν
503 610 519 659 ;
554 589 809 661 οὐδὲγὰρ
834 586 902 661 ἦν
936 587 1114 659 ἱερεύς
1140 605 1152 618 ⁸
1187 590 1247 640 ού
1285 589 1394 659 γὰρ
1422 585 1583 640 τοῦτο
1617 588 1768 658 εἴρη-

161 700 291 742 ται·
329 686 452 740 οὐδὲ
496 684 769 754 Λευίτης,
809 683 935 736 οὐδὲ
967 682 1267 751 νεωκόρος⁶
1301 680 1491 751 ἐπειδὴ
1526 681 1665 751 μόνῃ
1700 684 1766 751 τῇ

164 777 314 849 φυλῇ
350 777 443 831 τοῦ
477 773 612 828 Astii
650 775 711 826 τὸ
740 772 1118 842 λειτουργικδν
1160 770 1546 840 κεκλήρωται·
1579 771 1680 822 οὐκ
1701 765 1770 839 ἦν

163 873 379 944 ῖερεὺς,
406 866 473 942 ἦν
499 871 557 923 δὲ
610 869 818 932 δίκαιος
848 884 861 897 °
904 871 937 939 ή
973 868 1290 936 δικαιοσύνη
1322 866 1378 919 δὲ
1404 864 1503 935 τὴν
1541 864 1773 936 ἱερωσύο

164 982 274 1034 νην
296 964 403 1017 ὑπὸ
442 963 567 1024 τοὺς
594 961 761 1024 πόδας
793 959 1058 1016 κέκτηται
1078 975 1093 991 ο
1134 960 1234 1014 οὐκ
1271 954 1339 1031 ἦν
1360 959 1625 1024 Λευίτης,
1650 956 1765 1012 ἀλλ’

164 1052 413 1125 εὐλαϐής
434 1069 449 1083 ⁸
485 1054 514 1106 ὁ
541 1052 598 1105 δέ
625 1068 689 1120 γε
711 1050 948 1121 εὐλαϐὴς
965 1050 1057 1119 ἀφ’
1090 1049 1286 1103 ἑαυτοῦ
1317 1049 1377 1102 τὸ
1401 1049 1608 1120 χρίσμα
1630 1047 1763 1118 ἔχει.

242 1147 361 1200 Καὶ
406 1142 728 1211 βαστάζων
768 1142 834 1196 τι)
879 1142 1112 1210 βρέφος
1148 1142 1285 1211 ἔφη·
1314 1141 1445 1196 Νῦν
1470 1141 1764 1206 ἀπολύεις

166 1238 285 1292 τὸν
315 1238 548 1293 δοῦλόν
577 1250 719 1301 σου,
753 1234 1048 1297 Δέσποτα,
1091 1236 1240 1287 κατὰ
1270 1234 1335 1286 τὸ
1352 1231 1522 1301 ῥῆμά
1551 1248 1667 1285 σου
1695 1231 1766 1283 ἐν

166 1331 412 1400 ειρήνῃ.
455 1329 570 1383 Νῦν
600 1325 864 1390 ἀπολύεις
887 1343 904 1360 ·
926 1322 1090 1397 ἦλθεν
1122 1326 1231 1394 γὰρ
1270 1327 1296 1376 ὁ
1325 1325 1518 1395 καιρὸς
1535 1324 1634 1394 τῆς
1666 1325 1772 1392 ἀφ-

166 1425 351 1486 ἐσεως
372 1440 392 1491 ξ
414 1423 734 1492 ἀπήντησεν
758 1418 868 1471 τῶν
898 1418 1266 1488 αἰχμαλώτων
1289 1418 1321 1486 ή
1348 1416 1640 1487 λύτρωσις,
1662 1415 1771 1466 τῶν

166 1514 416 1584 χρεῶνὴ
474 1509 826 1581 συγχώρησις
851 1523 864 1539 ⁸
912 1508 1181 1578 ἐγεννήθη
1220 1507 1511 1578 βασιλεὺς’
1543 1507 1671 1568 τοὺς
1711 1507 1768 1558 ἐν

169 1606 448 1675 φυλακαῖς
500 1603 826 1675 ἐλευθερῶν,
867 1603 995 1666 τοὺς
1034 1604 1090 1656 ὲν
1127 1603 1350 1672 δεσμοῖς
1387 1600 1769 1664 ἀπαλλάττων,
1805 1623 1845 1677 Β

166 1696 308 1759 τοὺς
348 1696 406 1748 ὲν
436 1694 652 1763 θανάτῳ
693 1695 773 1757 είς
806 1690 952 1759 ζωὴν
997 1689 1472 1760 ἀνακαλούμενος,
1495 1691 1771 1758 κουφίζων

168 1786 273 1838 τὸν
296 1787 463 1857 φόρον
507 1786 606 1856 τῆς
667 1783 796 1852 γῆς.
864 1783 996 1837 Νῦν
1051 1783 1345 1846 ἀπολύεις
1372 1782 1480 1834 τὸν
1544 1780 1774 1834 δοῦλόν

168 1897 324 1943 σου,
374 1877 667 1931 Δέσποτα.
705 1876 830 1939 Πῶς
879 1872 1064 1941 οἷδας;
1119 1873 1260 1945 Ὀρῶ
1324 1873 1415 1927 τὸν
1449 1873 1765 1943 Δεσπότην,

168 1970 375 2040 φησὶν,
409 1970 598 2040 σχῆμα
631 1968 822 2020 δούλου
865 1966 1251 2037 περικείμενον
1282 1982 1294 1993 ·
1328 1968 1427 2019 οὐκ
1459 1965 1526 2019 ἂν
1572 1965 1769 2018 δεσπό-

168 2078 281 2131 της
313 2060 409 2125 ὢν,
437 2059 626 2113 δούλου
685 2058 903 2131 μορφὴν
953 2059 1236 2129 ἐφόρεσεν,
1266 2062 1315 2111 εἰ
1360 2060 1436 2129 μὴ
1465 2058 1556 2111 τδν
1583 2057 1771 2112 δοῦλον

168 2155 406 2210 ὲνδύσαι
446 2154 544 2209 τοῦ
577 2154 855 2208 Δεσπότου
900 2155 999 2224 τὴν
1043 2154 1258 2226 μορφὴν
1305 2154 1590 2223 ἐλογίσατο
1619 2169 1633 2184 ·
1671 2153 1770 2206 οὐκ

166 2249 250 2301 ἂν
279 2246 380 2319 τὴν
432 2245 587 2312 τάξιν
619 2246 934 2318 ἐνήλλαξεν,
960 2246 1068 2300 οὐδ’
1101 2245 1304 2316 ὑψηλὸς
1349 2243 1426 2296 ὣν
1469 2242 1767 2298 ὲταπεινὼο

163 2339 285 2409 Or),
318 2340 367 2390 el
407 2337 482 2408 μὴ
520 2336 583 2389 τὴ
619 2336 878 2389 ταπεινὸν
916 2338 997 2400 εἰς
1047 2334 1182 2403 ὕψος
1211 2337 1510 2403 ἀναγαγεῖν
1541 2332 1774 2404 ἠϐουλή-

174 2432 275 2501 Οη.
308 2429 471 2483 Ἀλλά
497 2427 615 2492 πῶς
636 2427 803 2481 αὑτὸν
828 2426 1086 2489 ἀπολύεις
1117 2441 1133 2492 ;
1175 2425 1336 2479 Κατὰ
1362 2426 1430 2478 τὸ
1454 2423 1624 2494 ῥῆμά
1652 2439 1769 2478 σου

169 2523 251 2576 ἑν
279 2520 495 2590 ειριξνῃ
527 2537 543 2552 ο
576 2522 627 2573 et
654 2520 761 2590 γὰρ
793 2520 1004 2591 ῥήματι
1047 2519 1146 2592 τὴν
1205 2518 1386 2572 κτίσιν
1420 2519 1768 2589 παρήγαγεςν

172 2616 394 2685 ῥήματι
418 2614 637 2672 πάντως
660 2610 967 2682 ἐλευθεροῖς
986 2612 1079 2665 τὸν
1124 2615 1222 2683 τῆς
1250 2610 1478 2672 κτίσεως
1507 2611 1767 2680 ἄρχοντα.

174 2707 290 2758 Ἐν
335 2700 544 2773 εἰρήνῃ
566 2719 580 2735 σ
618 2702 786 2772 ποίας
824 2705 891 2774 τῇ
925 2704 1021 2756 τοῦ
1051 2702 1288 2773 σταυροῦ
1310 2720 1322 2731 ·
1355 2701 1540 2771 ὲκείνη
1604 2700 1769 2770 γὰρὴ

176 2796 442 2868 μάχαιρα
477 2793 572 2848 τοῦ
611 2794 880 2865 τυράννου
920 2795 1018 2863 τὴν
1052 2794 1295 2866 κεφαλὴν
1326 2793 1624 2862 ἀπέτεμεν,
1676 2792 1770 2845 καὶ

174 2889 411 2959 εἰρήνην
443 2888 557 2947 τοῖς
583 2884 722 2955 μετά
754 2883 996 2956 Χριστοῦ
1055 2884 1512 2956 στρατευομένοις
1544 2882 1767 2936 ἔδωκεν.

1871 598 2017 641 sorte
2048 586 2517 641 distribuebantur
2543 604 2556 652 ;
2591 602 2698 640 non
2730 595 2849 641 erat
2880 585 3155 652 sacerdos,
3181 594 3299 640 erat
3354 600 3453 639 au-

1874 686 1980 730 tem
2025 678 2247 747 justus:
2276 677 2486 746 justitia
2525 693 2654 731 vero
2702 676 3065 732 sacerdotium
3101 676 3202 730 sub
3223 676 3455 746 pedibus

1872 768 2070 834 habet;
2108 785 2218 824 non
2249 780 2366 823 erat
2396 770 2583 835 levita,
2626 770 2720 823 sed
2759 769 3091 823 timoratus:
3127 766 3212 821 vir
3269 774 3452 820 autem

1873 859 2157 915 timoratus
2176 876 2206 915 a
2227 861 2409 932 seipse
2442 861 2762 917 unctionem
2788 861 2971 916 habet.

1948 1121 2017 1175 Et
2057 1121 2506 1192 elevanspuerum
2545 1123 2679 1177 dixit
2718 1138 2734 1178 :
2794 1121 2953 1176 Num:
2971 1123 3199 1177 dimittis
3242 1139 3453 1178 servum

1871 1222 2040 1277 tuum,
2072 1215 2311 1282 Domine,
2334 1216 2613 1269 srcundum
2643 1213 2851 1268 verbum
2883 1224 3029 1269 tuum
3052 1217 3103 1268 in
3132 1215 3455 1284 pace.Nunc

1871 1300 2130 1366 dimittis,
2159 1301 2272 1370 jam
2301 1302 2448 1355 enim
2468 1302 2620 1356 venit
2661 1311 2875 1373 tempus
2904 1304 3282 1371 liberationis;
3355 1321 3455 1361 oc-

1873 1392 2413 1461 curritcaptivorum
2447 1395 2775 1461 redemptio,
2832 1395 3144 1449 debitorum
3175 1396 3452 1464 remissio;

1874 1493 2040 1538 natus
2095 1493 2180 1539 est
2208 1500 2326 1548 rex,
2361 1500 2581 1539 carcere
2625 1486 2880 1539 detentos
2927 1486 3187 1552 liberans,
3236 1487 3455 1541 vincula

1876 1590 2159 1645 rumpens,
2226 1585 2472 1630 mortuos
2540 1578 2609 1631 ad
2677 1576 2842 1631 vitam
2882 1591 3167 1641 revocans,
3215 1578 3457 1632 allevans

1878 1666 2082 1721 tributo
2136 1677 2361 1721 terram.
2424 1665 2581 1720 Nunc
2632 1669 2855 1722 dimittis
2896 1685 3102 1722 servum
3150 1679 3320 1731 tuum,
3351 1669 3457 1722 Do-
3505 1708 3513 1739 ,

1875 1760 2037 1812 mine.
2076 1758 2364 1825 Quomodo
2393 1768 2450 1814 tu
2483 1761 2634 1815 scis?
2674 1761 2841 1815 Video
2906 1760 3221 1826 Dominum,
3259 1762 3456 1831 inquit,

1874 1849 2051 1904 forma
2102 1852 2247 1906 servi
2291 1851 2582 1907 indutum:
2626 1852 2889 1907 Dominus
2929 1869 3053 1908 cum
3082 1854 3174 1919 sit,
3223 1854 3458 1909 formam

1873 1942 2016 1996 servi
2043 1959 2153 1997 non
2188 1942 2477 2014 poitasset.
2511 1945 2615 2000 nisi
2647 1960 2864 2002 servum
2902 1947 3106 2002 vestire
3139 1946 3312 2001 forma
3349 1947 3458 2001 Do-

1875 2036 2005 2089 mini
2031 2036 2355 2107 cogitasset;
2412 2053 2697 2108 nunquam
2749 2040 2973 2094 ordines
3033 2039 3455 2103 intervertisset,

1872 2144 2053 2198 neque
2083 2129 2383 2184 altissimus
2418 2129 2534 2200 ipse
2566 2131 2924 2201 semetipsum
2955 2133 3322 2197 liumiliasset,
3351 2133 3456 2187 nisi

1873 2221 2139 2277 humilem
2173 2222 2229 2275 in
2260 2222 2435 2277 altum
2469 2223 2686 2279 elevare
2720 2224 3005 2278 voluisset.
3039 2225 3145 2279 Sed
3180 2227 3458 2296 quomodo

1874 2311 2025 2366 illum
2085 2312 2355 2367 dimittis?
2385 2311 2684 2368 Secundum
2733 2316 2946 2368 verbum
2992 2325 3140 2367 tuum
3186 2316 3241 2368 in
3284 2331 3455 2386 pace:

1874 2404 1918 2458 si
1975 2405 2123 2459 enim
2182 2404 2351 2459 verbo
2382 2406 2717 2459 creationem
2768 2406 3044 2476 producis,
3084 2408 3253 2461 verbo
3296 2407 3458 2477 plane

1871 2497 2132 2551 liberabis
2187 2512 2312 2551 eum
2371 2499 2466 2568 qui
2520 2509 2684 2568 caput
2724 2507 2808 2552 est
2841 2499 3160 2554 creationis.
3198 2498 3263 2553 In
3289 2514 3456 2568 pace:

1872 2607 1993 2661 quae
2015 2590 2164 2660 pax?
2200 2591 2310 2645 Pax
2361 2593 2543 2646 crucis
2583 2608 2596 2643 :
2656 2592 2771 2657 ipsa
2801 2593 2945 2645 enim
3000 2592 3211 2663 gladius
3230 2602 3316 2647 est
3358 2592 3458 2662 qui

1874 2682 2088 2752 tyranni
2124 2691 2289 2752 caput
2318 2682 2683 2747 obtruncavit,
2742 2697 2796 2738 et
2832 2700 3021 2753 pacem
3057 2700 3179 2737 cum
3239 2684 3462 2740 Christo

1873 2773 2239 2829 militantibus
2258 2775 2428 2829 dedit.
2453 2775 2591 2840 Quia
2615 2777 2860 2830 viderunt
2898 2776 3035 2830 oculi
3081 2778 3183 2830 mei
3221 2777 3463 2831 salutare

1873 2875 2023 2920 tuum
2054 2872 2193 2938 quod
2225 2871 2453 2938 parasti.
2474 2869 2746 2925 Viderunt
2789 2872 2932 2941 quod
2967 2871 3125 2926 multi
3185 2872 3463 2927 desidera-

124 2966 130 2971 .
177 2980 316 3032 Ὀτι
338 2978 472 3031 ἴδον
486 2980 540 3031 οἱ
557 2977 988 3046 ὀφθαλμοιμου
1004 2976 1071 3029 τὸ
1091 2975 1392 3043 σωτήριόν
1418 2991 1535 3029 σου
1557 2973 1587 3027 ὃ
1610 2973 1769 3042 ἡτοι-

1876 2961 2298 3026 veruntviderc,
2332 2971 2387 3017 et
2410 2979 2516 3019 non
2539 2964 2810 3026 viderunt.
2845 2965 3013 3019 Deum
3039 2966 3092 3019 in
3129 2974 3335 3032 tcarne,
3367 2981 3461 3021 so-

179 3090 406 3140 ιιασας.
433 3073 571 3127 Ἴδον
622 3071 659 3126 ἀ
714 3067 904 3122 πολλοὶ
960 3067 1316 3137 ἐπεθύμησαν
1353 3065 1502 3129 ἰδεῖν,
1535 3066 1630 3117 καὶ
1666 3062 1769 3116 οὐκ

181 3167 318 3230 ἱδον,
349 3164 484 3217 Θεὸν
548 3163 605 3215 ὲν
661 3160 851 3231 σαρκὶ,
897 3156 1050 3229 ἥλιον
1095 3159 1152 3210 ἐν
1192 3156 1391 3228 νεφέλῃ
1441 3153 1765 3224 φωτίζοντα.

186 3259 356 3314 "Mor
390 3258 444 3311 οι
487 3254 787 3324 ὀφθαλμοί
823 3269 942 3321 μου
990 3250 1056 3304 τὸ
1100 3249 1402 3317 σωτήριόν
1439 3263 1589 3301 σουο
1624 3245 1770 3299 τοῦτ’
1803 3291 1812 3298 .

181 3354 334 3406 ἔστιν
358 3366 375 3382 ·
405 3348 542 3402 Ἰδον
577 3364 672 3400 σου
700 3345 798 3417 τὴν
829 3343 1171 3415 ἐνσάρκωσιν
1188 3342 1253 3396 δι’
1281 3335 1348 3412 ἦς
1373 3339 1471 3410 τὴν
1496 3339 1770 3410 σωτηρίαν

180 3443 299 3497 τῶν
329 3439 634 3512 ἀνθρώπων
679 3437 1040 3510 ᾠκονόμησας
1073 3449 1086 3461 ·
1120 3435 1183 3488 ού
1237 3435 1346 3504 γὰρ
1401 3434 1508 3487 ἴδον
1555 3432 1770 3505 γυμνὴν

181 3534 442 3602 θεότητα,
469 3531 657 3600 ἐπειδὴ
692 3532 785 3583 τὸν
825 3529 960 3615 Θεὸν
993 3525 1177 3589 καθώς
1216 3527 1368 3578 ἐστιν
1403 3525 1563 3578 οὐσία
1593 3525 1770 3587 οὐδεὶς

179 3623 493 3694 ἀνθρώπων
509 3621 723 3692 δψεται.
759 3620 887 3673 Ὅτι
904 3613 1039 3671 ἴδον
1055 3618 1109 3670 οι
1126 3613 1423 3685 ὀφθαλμοί
1432 3631 1552 3682 μου
1570 3615 1635 3665 τὸ
1651 3628 1768 3666 σω-

179 3716 397 3783 τήριόν
425 3730 566 3777 σου,
588 3713 620 3767 ὃ
639 3713 974 3781 ἡτοίμασας
1003 3709 1151 3763 κατὰ
1173 3707 1501 3776 πρόσωπον
1525 3705 1771 3759 πάντων

180 3803 309 3859 τῶν
331 3803 499 3858 λαῶν
521 3819 535 3833 ·
567 3801 694 3872 φῶς
727 3803 816 3867 εἰς
847 3798 1245 3866 ἀποκάλυψιν
1288 3794 1505 3856 ἐθνῶν.
1529 3794 1627 3847 καὶ
1671 3792 1770 3848 δό-

177 3901 305 3961 ξαν
316 3895 474 3952 λαοῦ
492 3912 608 3951 σου
621 3892 893 3963 Ἰσραήλ.
927 3889 1098 3945 Κοινὰ
1112 3890 1222 3951 τοῖς
1241 3886 1517 3950 Ἰουδαίοις
1543 3885 1641 3938 καὶ
1658 3888 1769 3950 τοῖς

177 3990 399 4043 ἔθνεσιν
416 3989 486 4041 τὰ
504 3985 687 4055 ἀγαθὰ
711 3984 808 4038 καὶ
842 3981 1118 4053 ἀμέριστα
1137 3997 1152 4012 ο
1193 3978 1270 4050 μὴ
1298 3978 1477 4032 τοίνυν
1502 3976 1771 4046 φθονείτω

176 4086 205 4134 ὁ
250 4079 527 4144 Ἰουδαῖος,
572 4077 714 4148 μήτε
746 4070 1193 4143 στενοχωρεῖσθω
1230 4070 1259 4122 ὁ
1289 4070 1604 4139 Φαρισαῖος,
1631 4069 1768 4138 μήτε

178 4171 498 4241 πειραζέτω
527 4171 556 4222 ὁ
588 4164 959 4239 Γραμματεύς
990 4179 1006 4194 ⁸
1047 4162 1121 4234 μὴ
1160 4159 1494 4215 εὐλαϐείσθω
1521 4159 1770 4230 περὶτῆς

174 4265 355 4320 αὐτοῦ
389 4262 670 4332 βασιλείας
701 4261 731 4313 ὁ
770 4258 1020 4329 Ἡρώδης
1046 4272 1061 4288 ο
1088 4255 1163 4325 μὴ
1204 4252 1457 4308 δειλιάτω
1500 4252 1631 4322 περὶ
1670 4251 1768 4321 τῆς

180 4355 495 4428 ἱερωσύνης
550 4354 754 4414 ’Δννας
790 4350 887 4403 καὶ
930 4347 1188 4416 Καϊάφας
1220 4362 1235 4377 ο
1273 4345 1301 4397 ὁ
1352 4341 1527 4396 ἐλθὼν
1591 4343 1727 4412 πᾷσι
1779 4341 1986 4410 δίδωσι,
2041 4348 2172 4419 παρ’
2214 4348 2431 4412 οὐδενὸς
2477 4348 2749 4420 λαμϐάνει
2784 4365 2798 4379 ·

179 4468 295 4511 ται,
318 4447 489 4519 χωρὶς
518 4445 720 4518 μέτρου
750 4443 1057 4515 χαρίζεται.

1877 3050 1986 3106 lem
2022 3052 2079 3107 in
2126 3053 2275 3109 nube
2320 3055 2649 3111 radiantem.
2689 3055 2939 3110 Viderunt
2977 3057 3115 3111 oculi
3163 3058 3267 3112 mei
3308 3057 3463 3112 salu-

1881 3152 1998 3199 tare
2021 3157 2170 3199 tuum
2201 3164 2215 3200 :
2250 3146 2304 3201 id
2328 3156 2433 3210 est,
2455 3147 2710 3202 viderunt
2727 3156 2876 3203 tuam
2903 3148 3338 3205 incarnationem
3364 3165 3469 3222 per

1878 3250 2043 3305 quam
2069 3239 2303 3293 salutem
2333 3239 2621 3293 hominum
2655 3241 2954 3306 ordinasti;
2992 3257 3101 3296 non
3133 3241 3280 3296 enim
3308 3242 3462 3298 vide-

1878 3337 2011 3382 runt
2035 3331 2241 3385 nudam
2265 3331 2629 3392 divinitatem.
2658 3332 2929 3402 siquidem
2984 3333 3155 3389 Deum
3197 3339 3339 3390 sicut
3380 3345 3466 3390 est

1877 3419 1932 3475 in
1966 3423 2273 3478 substantia
2307 3425 2490 3478 nullus
2551 3424 2836 3480 hominum
2892 3427 3123 3481 videbit.
3165 3426 3303 3493 Quia
3320 3428 3470 3482 vide-

1877 3516 2165 3569 runtaculi
2223 3519 2325 3571 mei
2369 3517 2609 3571 salutare
2666 3528 2835 3583 tuum,
2897 3520 3035 3590 quod
3078 3522 3284 3589 parasti
3337 3532 3471 3576 ante

1876 3608 2067 3678 [aciem
2100 3609 2334 3663 omnium
2373 3610 2724 3680 populorum;
2761 3611 2939 3665 lumen
2980 3613 3051 3666 ad
3088 3612 3465 3670 reuelationem

1874 3702 2132 3770 gentium,
2166 3709 2214 3754 et
2257 3701 2488 3771 gloriam
2541 3702 2705 3772 plebis
2758 3712 2862 3757 tute
2904 3702 3100 3779 Israel.
3135 3705 3462 3765 Communia

1876 3784 2007 3846 sunt
2033 3791 2240 3847 Judaeis
2269 3803 2326 3848 et
2346 3795 2603 3864 gentibus
2623 3796 2788 3858 bona.
2818 3804 2874 3850 et
2915 3797 3172 3852 indivisa.
3206 3797 3322 3852 Non
3345 3800 3461 3869 jam

1877 3884 2190 3940 invideatur
2210 3884 2454 3951 Juda'us,
2494 3903 2676 3960 neque
2708 3891 3457 3960 comprimaturPharisseus,

1874 3993 2055 4047 neque
2081 3987 2321 4034 tentetur
2344 3980 2536 4035 Scriba
2558 3998 2700 4048 ;non
2722 3992 3029 4053 praacaveat
3048 4000 3145 4054 pro
3174 4001 3339 4055 regno
3358 4000 3462 4040 suo

1877 4068 2143 4135 Herodes,
2158 4086 2261 4125 nec
2284 4070 2509 4126 timeant
2522 4089 2621 4143 pro
2638 4074 2942 4129 sacerdotio
2955 4075 3111 4129 Anna
3128 4086 3182 4129 et
3201 4076 3460 4146 Caiphas;

1876 4161 1968 4231 qui
1994 4163 2141 4217 venit
2160 4163 2251 4218 dat
2271 4165 2548 4232 omnibus,
2568 4165 2772 4221 nullius
2786 4181 3075 4236 personam
3104 4166 3323 4236 acripit.
3350 4166 3464 4222 Ab-

1876 4254 2023 4310 unde
2050 4258 2374 4328 magnilicus
2411 4270 2514 4321 est.
2552 4261 2758 4329 absque
2783 4244 3040 4315 mensura
3072 4261 3212 4315 dona
3246 4260 3462 4317 tribuit.

2857 4350 3107 4420 ἀφθόνως
3155 4349 3460 4422 φιλοτιμεῖ-

269 4541 448 4596 nemo
483 4540 706 4607 Ἰωσὴφ
731 4537 831 4591 καὶ
866 4539 899 4605 ἡ
928 4535 1129 4606 μήτηρ
1170 4534 1359 4589 αὑτοῦ
1388 4533 1767 4600 ἀκούσαντες

1944 4534 2049 4591 Sed
2061 4534 2251 4605 Ioseph
2284 4543 2334 4590 et
2369 4544 2543 4590 mater
2559 4535 2674 4604 ejus
2693 4536 2965 4589 audientes
2996 4552 3112 4617 qua?
3129 4552 3222 4604 per
3248 4533 3464 4591 Simeo-

178 4636 259 4689 τὰ
290 4632 454 4701 παρὰ
500 4632 608 4686 τοῦ
647 4628 965 4700 Συμεῶνος
987 4626 1333 4696 λαληθέντα
1353 4667 1368 4692 ,
1393 4627 1766 4692 ἐθαύμασαν,

180 4725 304 4787 πῶς
336 4723 630 4793 ἀΧριστδς
678 4723 930 4793 ἀνέχεται
977 4721 1090 4784 υἱὸς
1133 4717 1423 4790 ἀνθρώπου
1466 4718 1767 4785 γενέσθαι·

179 4812 502 4883 ἐθαύμασεν
539 4814 572 4882 ἡ
613 4813 804 4883 Μαρία
840 4812 958 4876 πῶς
981 4811 1196 4883 γαστὴρ
1223 4811 1484 4879 γυναικὸς
1519 4810 1769 4881 ἐχώρησε

179 4909 345 4971 Θεὸν,
377 4908 493 4969 πῶς
519 4910 552 4978 ή
582 4906 744 4978 δούλη
766 4908 858 4961 τὸν
882 4907 1066 4960 ὲλευθε
1078 4905 1270 4976 ροῦντα
1295 4906 1392 4975 τὴν
1416 4908 1593 4959 κτίσιν
1613 4906 1771 4974 ἐγέν-

180 5018 353 5072 νησεν
385 5015 398 5030 ·
440 5000 537 5055 καί
579 5018 796 5070 φησιν,
834 4996 1026 5067 Οὗτος
1065 5000 1251 5054 κεῖται
1277 5002 1363 5065 εἰς
1393 4997 1626 5053 πτῶσιν
1670 4998 1769 5052 καὶ

178 5090 529 5147 ἀνάστασιν
545 5090 797 5145 πολλῶν
813 5091 883 5145 ἐν
903 5090 983 5155 τῷ
998 5089 1267 5159 Ἰσραὴλ,
1289 5090 1389 5143 καὶ
1409 5093 1498 5156 εις
1517 5090 1770 5158 σημεῖον

177 5182 677 5252 ἀντιλεγόμενον.
709 5182 805 5246 Εἰς
863 5181 1070 5236 πτῶσιν
1118 5181 1230 5235 τῶν
1292 5182 1660 5252 ἐπιμενόντων
1699 5183 1766 5252 τῇ

178 5274 441 5345 ⁸ὶπιστίᾳ,
473 5276 553 5337 είς
584 5274 881 5328 ἀνάστασιν
929 5275 1038 5326 τῶν
1071 5273 1132 5340 ἐξ
1169 5274 1429 5336 ἀπιστίας
1469 5274 1549 5335 είς
1585 5273 1768 5325 πίστιν

183 5365 656 5436 μετατιθεμένων.
696 5364 856 5429 Λίθος
905 5361 973 5435 ἦν
1003 5366 1030 5417 ὁ
1083 5365 1317 5435 Χριστὸς
1363 5367 1443 5427 είς
1477 5363 1765 5434 οἰκοδομὴν

184 5458 469 5526 κείμενος,
490 5456 629 5509 ἀλλά
678 5457 1053 5528 προσέκοπτον
1087 5457 1137 5510 οἱ
1176 5457 1369 5527 τυφλοὶ
1413 5458 1538 5520 τοὺς
1572 5457 1767 5525 ὀφθαλ-

182 5551 325 5620 μοὺς
354 5549 686 5620 ῥεμϐόμενοι
718 5562 731 5576 ·
766 5550 826 5601 οὐ
876 5550 1056 5602 τοίνυν
1086 5549 1236 5620 αύτῷ
1280 5550 1380 5620 τὴν
1422 5548 1633 5602 πτῶσιν
1662 5548 1770 5601 τῶν

182 5642 581 5706 πεπτωκότων,
615 5641 751 5695 ἀλλά
791 5641 889 5712 τὴν
920 5640 1216 5711 ἀνάκτισιν
1258 5640 1576 5711 λογίζεσθαι
1612 5643 1713 5712 χρὴ
1750 5658 1764 5672 ’

174 5734 229 5785 εἰ
276 5735 376 5802 μὲν
415 5733 523 5803 γὰρ
562 5733 791 5786 ἔπιπτον
849 5733 1028 5801 μόνον,
1058 5733 1180 5804 οὐχὶ
1213 5733 1270 5787 δὲ
1315 5735 1410 5787 καὶ
1460 5733 1766 5792 ἀνίσταντο,

177 5824 413 5889 δικαίως
442 5824 622 5878 αὐτῶν
654 5825 750 5895 τῆς
778 5823 1016 5889 πίστεως
1048 5824 1374 5889 ὑποπτεύεις
1403 5826 1571 5879 αἴτιον
1599 5840 1609 5852 ·
1646 5827 1689 5876 εἱ
1708 5824 1763 5876 δὲ

1876 4647 1995 4683 nem
2059 4630 2393 4690 dicebantur,
2464 4629 2823 4691 mirabantur,
2883 4629 3160 4697 quomodo
3203 4627 3465 4685 Christus

1878 4723 2137 4793 dignatus
2175 4731 2257 4775 est
2305 4721 2451 4775 ﬁlius
2495 4721 2732 4777 hominis
2771 4721 2925 4786 ﬁeri;
2959 4721 3263 4775 mirabatur
3293 4720 3463 4777 Maria

1873 4814 2151 4884 quomodo
2174 4821 2368 4867 venter
2390 4812 2636 4867 titulieris
2656 4814 2931 4868 continuit
2962 4812 3155 4877 Deum,
3181 4817 3466 4882 quomodo

1876 4904 2074 4959 ancilla
2109 4905 2457 4959 liberatorem
2486 4904 2782 4959 creatiouis
2828 4908 3135 4976 generavit.
3177 4906 3247 4961 Et
3275 4908 3410 4961 dixit
3439 4920 3468 4962 :

1873 4993 1982 5048 Iste
2003 4995 2204 5063 positus
2225 5003 2301 5047 est
2330 4995 2388 5047 in
2422 4994 2640 5047 ruinam
2664 5005 2710 5048 et
2736 4995 2795 5049 in
2828 4998 3265 5051 resurrectionem
3320 4998 3469 5052 m‘ul‘

1873 5094 2047 5140 torum
2065 5087 2121 5141 in
2172 5085 2367 5150 Israel,
2399 5095 2448 5141 et
2470 5088 2525 5140 in
2559 5088 2767 5159 signum
2811 5091 2896 5142 cui
2945 5091 3357 5144 cantradicetur.
3400 5090 3465 5146 In

1874 5179 2091 5232 ruinam
2121 5178 2589 5248 perseverantium
2616 5180 2669 5233 in
2696 5178 3039 5245 inﬁdelitate,
3101 5180 3155 5233 in
3207 5195 3461 5236 resurre-

1873 5272 2115 5325 ctionem
2147 5271 2551 5327 exinlidelitate
2582 5272 2637 5327 in
2673 5271 2834 5327 ﬁdem
2883 5271 3308 5351 transeuntium.
3356 5270 3463 5324 Pe—

1880 5374 1961 5418 tra
1986 5374 2103 5419 erat
2130 5364 2383 5421 Christus
2408 5365 2463 5420 in
2497 5365 2916 5420 fundamentum
2945 5365 3142 5435 posita,
3165 5365 3260 5420 sed
3284 5364 3465 5421 offen—

1877 5455 2076 5510 derunt
2098 5455 2227 5510 caeci
2255 5458 2429 5512 oculis
2448 5466 2732 5523 errantes;
2761 5474 2872 5511 non
2904 5467 3086 5512 tamen
3116 5457 3190 5511 illi
3242 5456 3463 5512 ruinam

1874 5548 2187 5602 cadentium
2211 5588 2226 5611 ,
2259 5548 2356 5604 sed
2388 5550 2848 5605 resurrectionem
2908 5549 3150 5606 tribuere
3203 5558 3464 5620 oportet;

1872 5638 2157 5694 enimvero
2205 5639 2251 5693 si
2316 5640 2644 5699 ceciderunt
2697 5652 2934 5705 tantum.
2986 5658 3096 5700 non
3158 5642 3343 5698 autem
3401 5652 3463 5699 et

1871 5740 2253 5797 surrexerunt,
2274 5733 2423 5803 juste
2458 5749 2649 5791 eorum
2680 5736 2843 5793 ﬁdem
2904 5737 3311 5809 suspeetaberis
3335 5751 3468 5792 cau-

1874 5840 2009 5891 sam;
2046 5825 2140 5881 sed
2168 5825 2211 5881 si
2240 5841 2306 5881 ex
2335 5826 2415 5882 eis
2444 5829 2535 5898 qui
2560 5829 2840 5887 debilitate
2865 5832 3204 5895 ceciderunt,
3243 5831 3321 5905 lui
3360 5846 3455 5882 vu-
