3934 6438
248 372 385 435 177

1682 363 2112 425 SEBMONES.

3385 369 3520 431 Ηῖὸ

242 482 412 539 αυτοῦ
437 498 449 510 ’
486 479 646 532 τοῦτο
688 479 870 532 πᾶσαν
926 476 1023 548 τὴν
1066 479 1392 547 οἰκουμένην
1441 475 1744 544 ἐστήριξεν,
1777 477 1834 528 έν

1956 478 2273 547 ;1ι›ι·ιιι,οιιιιι
2297 486 2485 531 saneto
2516 478 2746 548 Spiritu,
2792 494 2939 534 nunc
2973 488 3028 533 et
3071 496 3287 551 semper
3310 495 3363 539 et
3424 492 3551 557 per‘

241 572 469 645 Χριστῷ
503 570 681 651 Ἰησοῦ
715 570 792 638 τῷ
836 570 1028 640 Κυρίῳ
1056 568 1247 638 ἡμῶν
1279 567 1345 620 δι’
1373 560 1433 621 οὗ
1479 568 1575 621 καὶ
1626 568 1743 637 μεθ’
1769 561 1831 620 οὗ

1933 569 2122 621 ‘omnia
2143 570 2338 623 sarcula
2367 570 2713 624 saeculorum.
2747 573 2941 625 Amen.

240 667 321 738 τῷ
364 664 597 735 Πατρὶή
637 660 785 726 δόξα,
824 660 920 713 σὺν
963 661 1106 730 ἁγίῳ
1162 659 1461 730 Πνεύματι,
1494 658 1589 712 νῦν
1641 659 1735 711 καὶ
1788 659 1874 712 ἀεὶ
1940 660 2035 712 καὶ
2101 662 2180 724 εἰς
2244 662 2373 723 τοὺς
2441 662 2766 732 σύμπαντας
2836 662 3044 727 αἰῶνας
3107 665 3216 718 τῶν
3286 668 3518 721 αἰώνων.

274 758 458 828 AM“
999 822 1111 877 vu.

254 941 556 1011 Ἡσυχίου
597 937 1010 1013 πρεσβυτέρου
1050 936 1489 1013 Ἱεροσολύμων
1516 937 1584 992 ἐκ
1617 937 1723 993 τοῦ
1751 938 1840 1003 είς

605 1010 708 1063 τὸν
733 1007 904 1076 ἅγιον
932 1007 1140 1076 Θωμᾶν
1176 1007 1488 1077 ἐγκωμίου.

328 1186 578 1260 Σάλπιγξ
607 1191 758 1262 ἡμᾶς
785 1189 1036 1261 ἱερατικὴ
1067 1190 1206 1261 πρὸς
1237 1192 1552 1263 πανήγυριν
1582 1191 1835 1263 ἤθροισεν

256 1285 547 1355 ’Δνδρέας,
570 1285 600 1335 6
625 1282 722 1337 τοῦ
751 1283 918 1353 χοροῦ
948 1283 1058 1336 τῶν
1073 1282 1393 1337 ἀποστόλων
1414 1285 1780 1355 πρωτότοκος,
1809 1285 1837 1335 6

245 1373 627 1444 πρωτοπαγὴς
643 1375 743 1442 τῆς
757 1373 1093 1443 Ἑκκλησίας
1106 1373 1324 1438 στύλος,
1345 1376 1372 1428 6
1390 1375 1496 1445 ττρό
1512 1375 1722 1443 Πέτρου
1738 1374 1837 1428 Πέ-

246 1482 407 1535 τρος,
426 1467 454 1517 6
476 1463 572 1517 τοῦ
603 1463 858 1534 θεμελίου
887 1463 1160 1533 θεμέλιος,
1180 1464 1208 1516 6
1226 1464 1326 1532 τῆς
1347 1464 1520 1535 ἀρχῆς
1538 1477 1561 1505 ο
1589 1463 1836 1535 ἀπαρχὴ,
1872 1492 1912 1547 Β

247 1559 278 1606 6
318 1554 457 1626 πρίν
484 1553 756 1623 κληθῆναι
789 1553 990 1616 καλῶν,
1018 1556 1046 1607 6
1069 1554 1199 1624 πρὶν
1238 1554 1628 1625 προσαχθῆναι
1665 1571 1837 1624 προσ-

246 1647 430 1716 άγων.
484 1646 820 1713 Εὐαγγέλιον
864 1645 1128 1715 κηρύττει
1161 1645 1189 1699 6
1235 1648 1401 1716 μήπω
1445 1646 1837 1699 πεπίστευται·

244 1741 391 1810 πρὶν
446 1737 660 1809 μαθεῖν,
718 1737 797 1808 τῷ
852 1737 1070 1808 ἀδελφῷ
1119 1738 1501 1792 ἀποκαλύπτει
1524 1737 1621 1808 τὴν
1670 1737 1837 1807 ζωήψ

245 1831 515 1885 τοσοῦτον
552 1830 704 1899 αὐτῷ
735 1829 965 1883 πλοῦτον
994 1833 1027 1899 ἡ
1054 1829 1173 1893 τοῦ,
1208 1829 1319 1882 Ποῦ
1353 1829 1535 1900 μένεις
1562 1845 1576 1894 ;
1605 1828 1840 1899 ἀπόκρι-

242 1924 395 1989 σιςιι
423 1923 741 1995 ἐχαρίσατο.
778 1922 980 1975 Καίτοι
1008 1941 1059 1975 τι
1097 1922 1239 1993 μέγα
1272 1917 1418 1993 εἶχεν
1450 1925 1483 1992 ἡ
1527 1922 1840 1991 ἀπόκρισις,

248 2012 373 2070 οἷον
417 2016 673 2087 Ἀνδρέας
700 2014 1028 2086 ἐμὸαθύνων
1063 2015 1154 2068 τὸν
1193 2012 1319 2067 νοῦν
1348 2014 1679 2084 ἐθεώρησεν.
1709 2013 1842 2082 Ἕρ-

250 2127 361 2180 χου
389 2110 517 2181 γὰρ,
551 2110 707 2180 φησι,
737 2108 831 2162 καὶ
873 2106 973 2162 ἴδε.
1011 2107 1133 2170 Πῶς
1164 2105 1326 2178 [γὰρ]
1357 2106 1587 2175 γέγονας
1632 2106 1844 2178 προφή-

248 2219 399 2272 της;
438 2201 602 2254 πόθεν
655 2199 914 2271 θεοφόρος
961 2198 1200 2269 ἀθρόονς
1231 2199 1284 2250 τί
1329 2197 1580 2267 θορυϐεῖς
1612 2195 1709 2250 τοῦ
1742 2197 1845 2250 Πέ-

252 2308 394 2361 τρου
437 2291 538 2349 τὰς
592 2290 794 2355 ἁκοάςς
839 2289 892 2342 τί
935 2289 1141 2357 φθάσαι
1187 2288 1463 2353 σπεύδεις,
1504 2286 1562 2340 ὂν
1607 2288 1669 2339 ού
1714 2286 1844 2357 δύνῃ

254 2383 470 2449 φθάσαι
496 2401 511 2448 ;
539 2383 569 2434 6
591 2379 873 2451 πανταχοῦ
894 2378 1104 2450 παρὼν,
1135 2379 1252 2442 πῶς
1269 2379 1559 2450 εὑρεθῆναι
1578 2380 1802 2433 δύναται
1829 2397 1843 2443 ;

270 2474 440 2528 Ἀλλά
468 2474 576 2544 γὰρ
615 2468 755 2527 οἶδεν
776 2476 806 2527 6
849 2472 1103 2543 Ἀνδρέας
1135 2471 1164 2525 ὃ
1198 2471 1386 2541 λέγει,
1422 2473 1756 2544 Εὑρήκαμεν
1786 2472 1846 2525 ὃν

255 2565 552 2620 ἀπώλεσεν
574 2567 602 2618 6
637 2565 838 2634 Ἀδὰμ,
872 2564 930 2618 ὃν
969 2562 1256 2634 ἐζημιώθη
1281 2565 1314 2633 ὴ
1348 2562 1480 2627 Εὔα,
1506 2564 1565 2617 ὃν
1592 2566 1625 2634 ἡ
1648 2564 1845 2633 νεφέλη

2690 816 2767 872 Ζ¹.

1942 930 2027 1004 Ea
2068 930 2313 1004 Hesyrhji
2356 931 2646 1004 presbyteri
2675 932 3141 1004 Hierosolymitani
3180 934 3430 989 Encamio
3465 938 3518 989 in

1952 1056 1959 1061 ,
2010 1001 2221 1074 (reatum
2248 1001 2498 1074 Thomam
2517 1001 2832 1074 [Andream]
2854 1001 2934 1074 μ)
2975 1003 3275 1070 |Dominica
3298 1007 3354 1059 in
3377 1007 3519 1060 Albis

2008 1072 2142 1141 forte
2179 1072 2542 1139 pronuntiata.
2584 1072 2742 1128 Joan.
2780 1072 2895 1145 20].

2011 1185 2176 1241 Sacra
2210 1187 2298 1240 illa
2339 1188 2465 1242 tuba
2490 1188 2752 1251 Andreas,
2784 1190 2994 1258 primus
3014 1189 3382 1258 apostolorum
3421 1191 3521 1245 fte-

1944 1287 2051 1343 tus,
2107 1279 2281 1348 prima
2308 1280 2567 1333 Ecclesiae
2605 1281 2882 1344 columna,
2918 1290 3044 1335 ante
3099 1281 3317 1337 Petrum
3344 1295 3520 1353 petra.

1943 1368 2283 1424 fundamenti
2307 1369 2742 1433 fundamentum,
2762 1371 2901 1425 initii
2921 1373 3400 1441 primitiae,vorans
3422 1392 3522 1431 an-

1944 1469 2163 1531 tequam
2192 1462 2797 1527 mcaretur,adducens
2822 1473 3113 1532 antequam
3136 1468 3520 1531 adduceretur,

1941 1569 2044 1609 nos
2075 1553 2142 1606 ad
2175 1566 2507 1608 conventum
2542 1555 2692 1608 hunc
2725 1556 3044 1610 solemniter
3083 1560 3348 1629 agendum
3383 1562 3525 1615 inci-

1942 1642 2096 1698 tavit.
2134 1641 2490 1712 Evangelinm
2528 1643 2614 1697 (ui
2641 1644 2882 1699 nondum
2911 1649 3237 1702 credebatur
3266 1652 3527 1718 pradica-

1940 1735 2040 1800 vit,
2072 1744 2126 1789 et
2153 1734 2303 1788 fratri
2341 1735 2493 1804 prius
2515 1751 2677 1804 quam
2709 1736 2986 1803 disceret,
3015 1740 3178 1793 vitam
3241 1743 3522 1797 revelavit.

1942 1826 2149 1881 Tantas
2172 1826 2246 1879 illi
2270 1827 2488 1880 divitias
2511 1827 2600 1880 illa
2625 1828 2981 1898 interrogatio
3001 1833 3182 1886 attulit
3209 1850 3222 1885 :
3246 1831 3346 1887 Ubi
3369 1835 3526 1888 habi-

1943 1916 2050 1972 tas?
2072 1916 2392 1987 Quanquam
2416 1933 2671 1986 magnum
2691 1921 2894 1989 aliquid
2918 1923 3205 1991 responsio
3238 1924 3449 1990 habuit,
3467 1935 3524 1979 ut

1941 2010 2188 2064 Andreas
2220 2010 2390 2065 menti
2421 2011 2528 2064 alte
2563 2010 2815 2082 inﬁgens,
2835 2013 3049 2067 viderit.
3067 2014 3223 2079 Veni,
3251 2016 3449 2087 inquit,
3471 2025 3527 2071 ct

1942 2101 2067 2156 vide
2087 2101 2154 2155 “.
2174 2100 2462 2166 Quomodo
2490 2102 2668 2156 factus
2693 2118 2752 2157 es
2778 2103 3048 2173 Propheta
3068 2106 3252 2161 ?undc
3279 2110 3417 2164 adeo
3442 2111 3494 2164 di
3514 2141 3530 2152 ι

1944 2191 2143 2246 vinus?
2171 2191 2298 2260 quid
2331 2191 2476 2246 Petri
2506 2196 2730 2248 auribus
2762 2195 3075 2265 obstrepis?
3105 2198 3233 2267 quid
3265 2204 3525 2270 consequi

1945 2281 2097 2335 illum
2130 2283 2371 2347 conaris;
2396 2300 2560 2352 quem
2616 2286 2815 2354 nequis
2855 2289 3380 2356 comprehendere?
3421 2292 3524 2357 Qui

1947 2373 2149 2444 ubique
2174 2384 2277 2439 est,
2308 2379 2582 2445 quomodo
2613 2379 2844 2432 inveniri
2868 2389 3049 2448 potest
3073 2381 3096 2433 ?
3119 2382 3335 2437 Etenim
3366 2386 3527 2439 srivit

1945 2465 2192 2520 Andreas
2234 2468 2364 2537 quid
2416 2469 2628 2525 diceret
2663 2489 2673 2523 :
2715 2471 3029 2527 Invenimus
3074 2489 3237 2543 quem
3292 2477 3529 2544 perdidit

1946 2556 2140 2622 Adam,
2156 2559 2243 2612 cui
2270 2559 2381 2613 Eva
2401 2559 2661 2615 damnum
2677 2562 2877 2623 attulit,
2903 2579 3064 2632 quem
3088 2566 3297 2628 peccati
3328 2567 3529 2621 nebula

257 2655 367 2725 τῆς
417 2655 692 2726 ἁμαρτίας
735 2654 847 2707 ἀπὸ
899 2653 1008 2706 τῶν
1061 2651 1360 2722 ὀφθαλμῶν
1404 2652 1514 2705 τῶν
1563 2654 1848 2723 ἡμετέρων

1956 2649 2017 2705 ab
2030 2650 2203 2706 oculis
2219 2651 2425 2705 nostris
2437 2653 2742 2713 abscondit,
2764 2670 2925 2723 quem
2944 2656 3309 2712 inobedicntia
3327 2675 3355 2713 a
3372 2661 3530 2713 nobis

258 2746 529 2817 ἔκρυψεν,
564 2745 624 2799 ὃν
667 2744 932 2816 ἐχώρισεν
969 2744 1128 2815 ήμῶν
1158 2745 1191 2814 ἡ
1246 2744 1533 2815 παρακοὴ,
1565 2744 1623 2797 ὃν
1665 2744 1848 2816 ἐζήτει

1956 2739 2232 2805 alienavit,
2265 2759 2425 2812 quem
2453 2747 2707 2811 quaesivit
2741 2746 2904 2799 David
2932 2762 2945 2797 :
2978 2746 3041 2799 In
3070 2750 3152 2800 die
3176 2749 3533 2803 tribulationis

262 2838 434 2892 Δαὸίδ
454 2854 467 2868 ·
508 2839 611 2891 Ἔν
644 2837 834 2906 ἡμέρᾳ
874 2834 1138 2906 θλίψεώς
1169 2853 1288 2904 μου
1318 2836 1427 2890 τὸν
1456 2837 1605 2890 Θεὸν
1646 2835 1846 2903 ἐξεζή-

1956 2848 2079 2887 mere
2100 2832 2267 2887 Deum
2295 2835 2551 2904 exquisivi
2578 2835 2642 2887 '°.
2672 2836 2735 2890 Et
2764 2834 3072 2906 Sophonias
3105 2840 3303 2895 clamat
3335 2861 3347 2896 :
3377 2841 3533 2907 ch-

262 2945 452 3000 τησα.
487 2932 619 2996 Καὶ,
647 2930 959 2996 Ζητήσατε
983 2926 1137 3000 [τὸν]
1160 2928 1399 2996 Κύριον,
1427 2929 1690 2997 Σοφονίας
1729 2927 1848 3000 βοᾷ,

264 3023 496 3088 πάντες
524 3022 791 3075 ταπεινοί
825 3020 957 3090 γῆς.
980 3020 1256 3073 Πέπαικεν
1279 3022 1425 3090 ἡμᾶς
1455 3022 1484 3074 6
1511 3021 1665 3083 Θεὸς,
1688 3022 1849 3090 ἡνίκα

262 3115 365 3166 τοῦ
410 3114 584 3184 ’Δδάμ
630 3112 957 3166 κατεδίκασε
992 3109 1221 3164 θάνατον
1272 3112 1366 3164 καὶ¹
1404 3110 1519 3179 βίον
1560 3111 1850 3165 ἐπίπονον·

280 3207 512 3260 Ἰάονατο
537 3204 636 3268 δὲ,
679 3203 777 3258 καί
805 3203 1079 3268 πατάξας
1112 3203 1419 3272 ἐμότωσεν
1438 3220 1451 3232 ·
1484 3203 1574 3255 ὅτε
1601 3219 1853 3272 σταυρω-

267 3297 387 3361 Oet;
417 3295 556 3368 ὑπὲρ
585 3295 678 3349 τοῦ
707 3295 922 3364 γένους,
965 3293 1045 3364 τῷ
1089 3293 1320 3364 μώλωπι
1363 3293 1528 3347 αὐτοῦ
1548 3334 1562 3359 ,
1594 3295 1735 3346 κατὰ
1763 3293 1855 3346 τὸν

277 3388 536 3451 Ἡσαΐαν,
579 3388 674 3441 καὶ
704 3388 770 3458 τῇ
804 3385 1102 3439 ἀναστάσει
1152 3384 1362 3448 πάντας
1401 3384 1609 3438 ἰάσατο.
1643 3384 1855 3467 Γυμνδς

257 3482 366 3533 »ἐπὶ
405 3478 499 3532 τοῦ
537 3477 775 3548 σταυροῦ
808 3479 834 3529 6
871 3477 1110 3548 Χριστὸς
1135 3477 1402 3546 ἀνήγετο·
1435 3475 1714 3547 ἁμαρτίαν
1747 3476 1855 3544 γὰρ

267 3572 374 3624 οὐκ
412 3570 576 3641 ἔχων,
620 3569 877 3639 ίμάτιονο
911 3568 1011 3620 οὐκ
1056 3567 1309 3639 ἔχρῃζεν.
1351 3569 1618 3638 ’Δμωμος
1658 3562 1726 3639 ἦν
1761 3567 1856 3620 καὶ

267 3659 560 3713 λανθάνειν
600 3659 700 3711 οὐκ
742 3656 995 3726 ὤφειλεν.
1051 3656 1223 3710 Οὐθὲν
1260 3652 1330 3726 ἦν
1373 3656 1621 3728 ἄσχημον
1668 3657 1852 3728 αὐτῷ’

268 3749 439 3812 αὐτὸς
469 3748 577 3820 γὰρ
604 3747 764 3818 ἡμῶν
800 3747 869 3802 τὰ
899 3748 1186 3817 ἀσχήμονα
1216 3747 1529 3816 εὐσχήμονα
1557 3745 1852 3801 δείκνυσιν.

275 3834 451 3912 Εὗρον
472 3841 531 3894 αἱ
565 3839 884 3912 μυροιρὸροι,
912 3840 1052 3910 ὅπερ
1084 3838 1171 3892 διὰ
1214 3840 1313 3910 τῆς
1346 3839 1492 3902 Εὔας
1523 3837 1813 3893 ἀπώλεσαν
1838 3854 1851 3867 ·

263 3925 403 4002 εὗρε
433 3931 494 3984 τὸ
529 3931 717 4003 κέρδος
747 3932 780 4002 ή
818 3929 1181 4001 παρασχοῦσα
1209 3933 1309 4001 τῆς
1350 3929 1554 4001 ζημίας
1582 3931 1681 4002 τὴν
1721 3931 1856 3984 ὑπό-

271 4025 453 4077 θεσιν.
492 4021 652 4087 Ἥξει
684 4021 848 4090 ἡμῖν,
883 4022 966 4086 ὡς
1006 4021 1183 4087 ὑετὸς
1224 4020 1485 4090 πρώϊμος
1513 4021 1609 4076 καί
1640 4023 1857 4093 ὄψιμος

271 4114 356 4184 τῇ
381 4112 479 4185 τῇ.
513 4116 657 4187 Ὅρα
687 4108 868 4167 τοίνυν
900 4114 993 4166 τὸν
1026 4113 1234 4183 Κύριον
1268 4114 1409 4185 μετὰ
1431 4113 1530 4182 τὴν
1558 4114 1854 4169 ἀνάστασιν

275 4181 536 4278 πρώῖμον
559 4181 680 4269 ταῖς
708 4203 977 4274 γυναιξὶν,
1005 4181 1208 4273 satro
1235 4181 1348 4266 τοῖς
1378 4181 1698 4267 ἀποστόλοις
1726 4220 1854 4272 φαι-
1887 4181 1930 4237 D

271 4298 524 4368 νόμενον.
560 4295 711 4369 Πρωῒ
750 4297 851 4368 μὲν
880 4296 991 4367 γὰρ
1022 4298 1145 4359 ταῖς
1171 4294 1384 4363 γυναιξὶ
1404 4337 1419 4360 ,
1455 4295 1721 4366 Χαίρετε·
1756 4294 1853 4365 ὀψὲ

272 4390 336 4443 δὲ
358 4392 417 4443 ὲν
445 4391 510 4460 τῇ
543 4388 681 4443 Σιὼν
711 4388 935 4459 είρήνην
968 4389 1083 4451 τοῖς
1123 4386 1394 4457 μαθηταῖς
1420 4386 1815 4457 προσεφώνησέ
1837 4404 1854 4421 ο

273 4485 402 4546 ταῖς
433 4482 555 4551 μὲν,
591 4479 679 4534 ἵνα
723 4478 863 4551 λύσῃ
903 4477 1001 4548 τὴν
1030 4478 1311 4547 ἀπόφασιν
1348 4477 1448 4546 τῆς
1490 4476 1702 4547 λύπηςο
1744 4479 1856 4540 τοῖς

274 4574 362 4638 δὲ,
395 4573 483 4626 ἵνα
521 4570 802 4643 καταλύσῃ
830 4570 928 4640 τὴν
949 4569 1170 4640 ἔχθραν,
1200 4569 1264 4639 ἢν
1285 4569 1314 4621 6
1343 4567 1560 4639 δράκων
1590 4567 1858 4639 ἐκακούρ-

277 4680 444 4736 γησε.
486 4663 571 4717 Σὺ
610 4661 892 4731 κληθήσῃ
936 4659 1185 4728 Κηφᾶςο
1226 4658 1336 4727 πρὸ
1373 4659 1472 4729 τῆς
1513 4658 1802 4730 ὁμολογίας
1832 4660 1860 4711 6

283 4755 517 4826 μισθός-
566 4755 698 4825 πρὶν
744 4753 958 4823 ἐργάσῃ
1004 4751 1095 4805 τὸν
1138 4751 1467 4822 ἀμπελῶνα,
1502 4751 1563 4804 τὸ
1604 4751 1862 4821 δηνάριον

280 4849 508 4913 ἔλαϐες·
538 4847 669 4918 πρὶν
699 4845 767 4900 ἂν
798 4844 942 4915 ἅψῃς
971 4843 1066 4897 τὸν
1097 4843 1303 4915 βωμὸν,
1337 4843 1431 4915 τὴν
1465 4843 1659 4898 θυσίαν
1688 4859 1859 4914 προσ-

276 4941 526 5006 δέδεξαι*
563 4940 694 5009 πρὶν
737 4938 1019 5008 κηρύξεις,
1043 4934 1451 5007 ὲστεφανώθης.
1482 4937 1744 5007 Πτωχοὺς
1768 4937 1862 4991 καὶ

347 5102 395 5135 ⁸⁸
422 5100 580 5157 Joan.
615 5120 653 5168 ι,
684 5102 774 5159 59.
850 5102 896 5134 ⁵⁰
923 5103 1062 5157 Psal.
1118 5118 1300 5167 Lxxvt,
1338 5099 1390 5154 2.

286 5168 509 5225 "Joan.
544 5188 581 5225 ι.

384 5189 509 5226 0311.
544 5188 581 5228 Ι.

1491 5100 1535 5133 ⁸¹
1571 5100 1743 5171 Soph.
1776 5115 1835 5166 ιι,
1890 5101 1944 5155 5.

1953 2924 2055 2977 rite
2081 2923 2270 2986 Deum,
2315 2941 2492 2979 omnes
2520 2929 2786 2980 mansueti
2823 2939 2979 2982 terra
3002 2931 3070 2983 “.
3110 2934 3385 2987 Percussit
3431 2950 3534 2990 nos

1955 3015 2097 3071 Deus
2125 3057 2140 3080 ,
2198 3018 2420 3086 quando
2451 3016 2718 3074 Adamum
2763 3021 2830 3074 ad
2874 3032 3105 3077 mortem
3140 3027 3532 3099 molestamque

1954 3106 2120 3161 vitam
2147 3110 2532 3165 condemnavit
2568 3129 2580 3165 :
2612 3110 2834 3167 Sanavit
2860 3131 2972 3179 nos,
2998 3120 3271 3184 percussit,
3302 3131 3350 3172 et
3376 3137 3537 3189 cura:

1955 3200 2028 3253 uit
2063 3217 2155 3256 nos
2182 3200 2249 3267 ⁵⁸,
2284 3204 2503 3272 quando
2543 3204 2837 3260 cruciﬁxus
2874 3222 2974 3275 pro
3004 3211 3207 3277 populo
3230 3250 3245 3275 ,
3274 3211 3533 3282 languore

1954 3298 2010 3341 et
2047 3290 2451 3346 resurrectione
2473 3308 2663 3347 omnes
2692 3296 2903 3349 sanavit
2931 3297 2997 3359 '3.
3044 3297 3235 3353 Nudus
3283 3299 3335 3352 in
3370 3315 3534 3355 cruce

1956 3380 2206 3437 Christus
2236 3385 2524 3454 pependit,
2562 3385 2773 3450 insons,
2809 3399 2960 3442 veste
2999 3404 3111 3443 non
3151 3391 3420 3462 indigens.
3448 3391 3535 3446 ln-

1957 3488 2163 3530 noeens
2193 3474 2329 3537 fuit,
2380 3486 2435 3531 et
2469 3478 2698 3532 multam
2740 3479 3034 3534 manifesto
3061 3480 3339 3549 dependit.
3383 3481 3438 3536 In
3468 3497 3537 3537 eo

1956 3561 2162 3617 foedum
2194 3564 2332 3629 nihil
2368 3564 2473 3619 fuit
2505 3582 2517 3618 :
2551 3566 2666 3635 ipse
2698 3567 2845 3621 enim
2873 3580 3118 3622 nostram
3149 3568 3448 3627 foeditatem
3479 3572 3535 3626 in

1956 3662 2211 3707 ornatum
2252 3657 2543 3710 convertit.
2586 3656 2924 3712 Invenerunt
2966 3670 3243 3730 unguenta
3293 3662 3538 3719 ferentes

1958 3743 2239 3810 mulieres,
2264 3748 2408 3814 quod
2432 3747 2719 3815 perEvam
2743 3749 3058 3804 amiserant.
3085 3750 3298 3808 Invenit
3323 3754 3537 3811 lucrum

1957 3851 2079 3906 qua:
2120 3850 2297 3906 poenae
2348 3853 2570 3892 causam
2616 3839 2887 3897 dederat:
2927 3841 3099 3897 Veniet
3139 3844 3303 3909 nobis,
3352 3855 3408 3900 ut
3452 3863 3538 3902 ros

1960 3930 2255 3982 matutinus
2281 3938 2329 3982 et
2362 3930 2628 3984 serotinus
2651 3940 2807 3985 terra:
2832 3931 2895 3984 “.
2936 3932 3133 4002 Aspice
3162 3934 3326 4004 igitur
3351 3935 3538 3991 Domi-

1959 4037 2115 4090 num,
2145 4030 2269 4091 post
2285 4022 2743 4077 resurrectionem
2768 4039 2929 4079 mane
2952 4025 3293 4089 mulieribus,
3310 4043 3539 4097 vespere

1961 4112 2223 4183 apostolis
2280 4122 2658 4184 apparentem.
2710 4114 2870 4171 Mane
2918 4116 3141 4186 quidem
3191 4119 3536 4186 mulieribus,

1961 4209 2152 4272 Avete,
2180 4222 2411 4276 vespere
2430 4207 2485 4261 in
2513 4207 2731 4263 civitate
2761 4206 2892 4262 Sion
2917 4223 3104 4278 pacem
3131 4209 3413 4280 discipulis
3439 4212 3538 4267 de-

1963 4299 2260 4379 nuntiavit.
2301 4300 2412 4354 lllis
2454 4300 2675 4370 quidem
2731 4309 2791 4355 ut
2832 4315 3126 4356 mmrorem
3182 4302 3490 4375 detergeret
3523 4323 3535 4359 :

1966 4389 2053 4444 his
2082 4405 2213 4446 vero
2246 4400 2302 4446 ut
2336 4392 2579 4448 solveret
2606 4392 2922 4448 inimicitias
2943 4434 2956 4459 ,
2994 4409 3131 4463 quas
3172 4411 3400 4465 serpens
3451 4397 3539 4451 in-

1962 4483 2132 4537 vexit.
2194 4483 2269 4537 Tu
2313 4484 2584 4539 vocaberis
2620 4482 2828 4555 Cephas
2856 4485 2904 4517 ⁵⁸
2937 4504 2950 4539 :
2983 4496 3108 4541 ante
3135 4487 3539 4544 confessionem

1963 4589 2211 4639 merces,
2273 4585 2571 4645 antequam
2623 4576 2677 4631 in
2743 4576 2903 4632 vinea
2950 4577 3215 4633 laboraris
3252 4580 3539 4636 denarium

1963 4665 2242 4735 accepisti.
2296 4665 2606 4737 Antequam
2664 4682 2814 4722 aram
2873 4669 3156 4740 tetigeris,
3211 4672 3540 4728 sacrificium

1967 4756 2109 4812 Deus
2131 4757 2377 4828 suscepit
2412 4778 2425 4814 :
2461 4767 2755 4829 antequam
2788 4761 3134 4828 praedicares,
3161 4779 3417 4818 coronam
3446 4781 3539 4820 ae-

1966 4848 2181 4919 cepisti.
2220 4849 2496 4905 Mendicos
2532 4858 2589 4907 et
2629 4851 2879 4907 indoctos
2910 4854 3162 4909 Christus
3206 4856 3387 4926 elegit.
3422 4857 3541 4926 Ipsa

1969 4940 2236 5012 sapientia
2258 4950 2515 5010 patronos
2540 4956 2650 4996 non
2677 4942 2893 5011 quaerit,
2920 4945 3014 4999 sed
3036 4944 3335 5000 ministros.
3370 4946 3541 5002 Nemo

2043 5056 2255 5154 "Osce
2285 5116 2362 5163 vr,
2415 5100 2461 5153 l.
2574 5099 2752 5155 “lsa.
2802 5116 2917 5154 un.
2957 5100 3008 5155 6.
3117 5100 3319 5156 "Osce
3364 5118 3432 5155 vl.
3481 5103 3536 5155 5.

1549 5320 1781 5375 VARIJE
1824 5321 1985 5379 LEC'l
2007 5321 2235 5377 IGNES.

365 5479 392 5509 ι
418 5468 503 5521 AI.
534 5470 568 5538 ἡ
591 5465 688 5533 τῆς
721 5466 917 5537 ἀρχῆς.
995 5466 1023 5503 b
1055 5464 1342 5535 ἐρώτησις.
1424 5469 1445 5495 θ
1477 5460 1565 5515 ῖσ.
1602 5459 1858 5529 ίματῖων.

1749 5615 1977 5672 NOTAE.

362 5737 439 5806 (1)
465 5735 654 5792 Ριιοῑῖι

768 5731 1095 5787 Bibliotheca
1138 5734 1264 5786 e.lIt.
1301 5728 1556 5793 Gt-nevm,
1596 5731 1745 5794 l6l2,
1788 5748 1838 5800 p.
1882 5731 2038 5785 “'36.
