  <div class='ocr_page' id='page_1' title='image "/cluster/home/n/w/nwhite01/storage/ocr_20150623/93/coo.31924054869973/752.png"; bbox 0 0 3934 6410; ppageno 0'>
   <div class='ocr_carea' id='block_1_1' title="bbox 266 335 403 402">
    <p class='ocr_par' dir='ltr' id='par_1_1' title="bbox 266 335 403 402">
     <span class='ocr_line' id='line_1_1' title="bbox 266 335 403 402; baseline -0.007 -1"><span class='ocrx_word' id='word_1_1' title='bbox 266 335 403 402; x_wconf 79' lang='grc'><strong>1481</strong></span> 
     </span>
    </p>
   </div>
   <div class='ocr_carea' id='block_1_2' title="bbox 1005 331 1840 400">
    <p class='ocr_par' dir='ltr' id='par_1_2' title="bbox 1005 338 1808 400">
     <span class='ocr_line' id='line_1_2' title="bbox 1005 338 1808 400; baseline -0.002 -1"><span class='ocrx_word' id='word_1_2' title='bbox 1005 338 1103 399; x_wconf 90' lang='lat' dir='ltr'><strong>DE</strong></span> <span class='ocrx_word' id='word_1_3' title='bbox 1132 338 1675 400; x_wconf 77' lang='grc' dir='ltr'><strong>ΤΕΜΡΕΒΑΝΤΙΛ</strong></span> <span class='ocrx_word' id='word_1_4' title='bbox 1712 338 1808 398; x_wconf 77' lang='grc' dir='ltr'>ΕΤ</span> 
     </span>
    </p>
   </div>
   <div class='ocr_carea' id='block_1_3' title="bbox 1952 331 2813 400">
    <p class='ocr_par' dir='ltr' id='par_1_3' title="bbox 1952 331 2813 397">
     <span class='ocr_line' id='line_1_3' title="bbox 1952 331 2813 397; baseline 0 -3"><span class='ocrx_word' id='word_1_5' title='bbox 1952 336 2208 396; x_wconf 61' lang='lat' dir='ltr'><strong>lTUTE.</strong></span> <span class='ocrx_word' id='word_1_6' title='bbox 2242 360 2309 369; x_wconf 87' lang='grc'>-·</span> <span class='ocrx_word' id='word_1_7' title='bbox 2345 331 2738 397; x_wconf 75' lang='lat' dir='ltr'><strong>CENTURIA</strong></span> <span class='ocrx_word' id='word_1_8' title='bbox 2766 337 2813 394; x_wconf 88' lang='grc' dir='ltr'><strong>Ῑ.</strong></span> 
     </span>
    </p>
   </div>
   <div class='ocr_carea' id='block_1_4' title="bbox 3385 334 3521 399">
    <p class='ocr_par' dir='ltr' id='par_1_4' title="bbox 3385 334 3521 399">
     <span class='ocr_line' id='line_1_4' title="bbox 3385 334 3521 399; baseline 0.015 -2"><span class='ocrx_word' id='word_1_9' title='bbox 3385 334 3521 399; x_wconf 74' lang='grc'><strong>1462</strong></span> 
     </span>
    </p>
   </div>
   <div class='ocr_carea' id='block_1_5' title="bbox 257 444 1840 521">
    <p class='ocr_par' dir='ltr' id='par_1_5' title="bbox 257 448 1840 521">
     <span class='ocr_line' id='line_1_5' title="bbox 257 448 1840 521; baseline -0.003 -17"><span class='ocrx_word' id='word_1_10' title='bbox 257 452 359 505; x_wconf 67' lang='grc' dir='ltr'>καὶ</span> <span class='ocrx_word' id='word_1_11' title='bbox 392 448 692 521; x_wconf 74' lang='grc' dir='ltr'><strong>προθύμως</strong></span> <span class='ocrx_word' id='word_1_12' title='bbox 726 449 1021 521; x_wconf 80' lang='grc' dir='ltr'>ὁδευομένη</span> <span class='ocrx_word' id='word_1_13' title='bbox 1043 466 1058 481; x_wconf 77' lang='grc' dir='ltr'><strong>ο</strong></span> <span class='ocrx_word' id='word_1_14' title='bbox 1107 448 1309 519; x_wconf 87' lang='grc' dir='ltr'>γνῶσίν</span> <span class='ocrx_word' id='word_1_15' title='bbox 1348 468 1407 503; x_wconf 89' lang='grc' dir='ltr'><strong>τε</strong></span> <span class='ocrx_word' id='word_1_16' title='bbox 1440 450 1661 519; x_wconf 70' lang='grc' dir='ltr'>ἀσφαλῆ</span> <span class='ocrx_word' id='word_1_17' title='bbox 1704 448 1840 502; x_wconf 82' lang='grc' dir='ltr'>Θεοῦ</span> 
     </span>
    </p>
   </div>
   <div class='ocr_carea' id='block_1_6' title="bbox 1952 444 3520 521">
    <p class='ocr_par' dir='ltr' id='par_1_6' title="bbox 1952 444 3520 517">
     <span class='ocr_line' id='line_1_6' title="bbox 1952 444 3520 517; baseline -0.001 -16"><span class='ocrx_word' id='word_1_18' title='bbox 1952 448 2129 517; x_wconf 78' lang='lat' dir='ltr'><strong>pravis</strong></span> <span class='ocrx_word' id='word_1_19' title='bbox 2155 446 2439 517; x_wconf 81' lang='lat' dir='ltr'><strong>operibus,</strong></span> <span class='ocrx_word' id='word_1_20' title='bbox 2482 445 2786 516; x_wconf 82' lang='lat' dir='ltr'><strong>opitulante</strong></span> <span class='ocrx_word' id='word_1_21' title='bbox 2833 444 2969 511; x_wconf 84' lang='lat' dir='ltr'><strong>Deo,</strong></span> <span class='ocrx_word' id='word_1_22' title='bbox 3008 460 3235 513; x_wconf 78' lang='lat' dir='ltr'><strong>prorsus</strong></span> <span class='ocrx_word' id='word_1_23' title='bbox 3296 446 3520 500; x_wconf 81' lang='lat' dir='ltr'><strong>liberat.</strong></span> 
     </span>
    </p>
   </div>
   <div class='ocr_carea' id='block_1_7' title="bbox 253 538 1845 609">
    <p class='ocr_par' dir='ltr' id='par_1_7' title="bbox 253 538 1845 609">
     <span class='ocr_line' id='line_1_7' title="bbox 253 538 1845 609; baseline -0.002 -16"><span class='ocrx_word' id='word_1_24' title='bbox 253 539 356 593; x_wconf 81' lang='grc' dir='ltr'><strong>τοῦ</strong></span> <span class='ocrx_word' id='word_1_25' title='bbox 407 539 797 607; x_wconf 77' lang='grc' dir='ltr'>ἀκαταλήπτου</span> <span class='ocrx_word' id='word_1_26' title='bbox 847 539 1142 609; x_wconf 81' lang='grc' dir='ltr'>ὁδευομένη</span> <span class='ocrx_word' id='word_1_27' title='bbox 1189 538 1497 609; x_wconf 75' lang='grc' dir='ltr'>χαρίζεται,</span> <span class='ocrx_word' id='word_1_28' title='bbox 1551 538 1674 592; x_wconf 80' lang='grc' dir='ltr'>καθ’</span> <span class='ocrx_word' id='word_1_29' title='bbox 1720 538 1845 591; x_wconf 79' lang='grc' dir='ltr'>ὅσον</span> 
     </span>
    </p>
   </div>
   <div class='ocr_carea' id='block_1_8' title="bbox 255 633 1845 704">
    <p class='ocr_par' dir='ltr' id='par_1_8' title="bbox 255 633 1845 704">
     <span class='ocr_line' id='line_1_8' title="bbox 255 633 1845 704; baseline 0 -19"><span class='ocrx_word' id='word_1_30' title='bbox 255 634 506 703; x_wconf 71' lang='grc' dir='ltr'>ἐφικτὸν,</span> <span class='ocrx_word' id='word_1_31' title='bbox 542 633 636 686; x_wconf 75' lang='grc' dir='ltr'>καὶ</span> <span class='ocrx_word' id='word_1_32' title='bbox 672 633 992 704; x_wconf 72' lang='grc' dir='ltr'><strong>μυστηρίων</strong></span> <span class='ocrx_word' id='word_1_33' title='bbox 1039 634 1199 688; x_wconf 82' lang='grc' dir='ltr'>θείων</span> <span class='ocrx_word' id='word_1_34' title='bbox 1229 636 1322 687; x_wconf 75' lang='grc' dir='ltr'>καὶ</span> <span class='ocrx_word' id='word_1_35' title='bbox 1344 633 1686 704; x_wconf 81' lang='grc' dir='ltr'>ἁποκρύφων</span> <span class='ocrx_word' id='word_1_36' title='bbox 1713 635 1845 685; x_wconf 78' lang='grc' dir='ltr'>ὀπο-</span> 
     </span>
    </p>
   </div>
   <div class='ocr_carea' id='block_1_9' title="bbox 256 719 1844 794">
    <p class='ocr_par' dir='ltr' id='par_1_9' title="bbox 256 719 1844 794">
     <span class='ocr_line' id='line_1_9' title="bbox 256 719 1844 794; baseline -0.003 -17"><span class='ocrx_word' id='word_1_37' title='bbox 256 724 487 794; x_wconf 72' lang='grc' dir='ltr'>κρύςρως</span> <span class='ocrx_word' id='word_1_38' title='bbox 539 721 731 774; x_wconf 74' lang='grc' dir='ltr'>λύσινο</span> <span class='ocrx_word' id='word_1_39' title='bbox 790 722 1026 792; x_wconf 75' lang='grc' dir='ltr'>ὑπάρχει</span> <span class='ocrx_word' id='word_1_40' title='bbox 1075 739 1136 775; x_wconf 87' lang='grc' dir='ltr'><strong>τε</strong></span> <span class='ocrx_word' id='word_1_41' title='bbox 1191 721 1374 791; x_wconf 83' lang='grc' dir='ltr'>πάσης</span> <span class='ocrx_word' id='word_1_42' title='bbox 1427 720 1649 790; x_wconf 75' lang='grc' dir='ltr'>ἐντολῆς</span> <span class='ocrx_word' id='word_1_43' title='bbox 1708 719 1844 772; x_wconf 79' lang='grc' dir='ltr'>Θεοῦ</span> 
     </span>
    </p>
   </div>
   <div class='ocr_carea' id='block_1_10' title="bbox 256 814 1845 886">
    <p class='ocr_par' dir='ltr' id='par_1_10' title="bbox 256 814 1845 886">
     <span class='ocr_line' id='line_1_10' title="bbox 256 814 1845 886; baseline -0.003 -17"><span class='ocrx_word' id='word_1_44' title='bbox 256 815 508 878; x_wconf 75' lang='grc' dir='ltr'>Παλαιᾶς</span> <span class='ocrx_word' id='word_1_45' title='bbox 547 815 646 869; x_wconf 71' lang='grc' dir='ltr'>καὶ</span> <span class='ocrx_word' id='word_1_46' title='bbox 690 815 836 879; x_wconf 76' lang='grc' dir='ltr'>Νέας</span> <span class='ocrx_word' id='word_1_47' title='bbox 885 815 1162 886; x_wconf 86' lang='grc' dir='ltr'>Διαθήκης</span> <span class='ocrx_word' id='word_1_48' title='bbox 1197 814 1479 885; x_wconf 79' lang='grc' dir='ltr'>ποιητικὴ,</span> <span class='ocrx_word' id='word_1_49' title='bbox 1515 814 1611 868; x_wconf 71' lang='grc' dir='ltr'>καὶ</span> <span class='ocrx_word' id='word_1_50' title='bbox 1646 814 1845 875; x_wconf 79' lang='grc' dir='ltr'>παντὸς</span> 
     </span>
    </p>
   </div>
   <div class='ocr_carea' id='block_1_11' title="bbox 253 906 1843 979">
    <p class='ocr_par' dir='ltr' id='par_1_11' title="bbox 253 906 1843 979">
     <span class='ocr_line' id='line_1_11' title="bbox 253 906 1843 979; baseline -0.002 -18"><span class='ocrx_word' id='word_1_51' title='bbox 253 906 472 976; x_wconf 73' lang='grc' dir='ltr'>ἀγαθοῦ</span> <span class='ocrx_word' id='word_1_52' title='bbox 516 907 612 960; x_wconf 85' lang='grc' dir='ltr'><strong>τοῦ</strong></span> <span class='ocrx_word' id='word_1_53' title='bbox 668 906 958 977; x_wconf 81' lang='grc' dir='ltr'>μέλλοντος</span> <span class='ocrx_word' id='word_1_54' title='bbox 995 908 1196 972; x_wconf 79' lang='grc' dir='ltr'>αἰῶνος</span> <span class='ocrx_word' id='word_1_55' title='bbox 1228 908 1562 979; x_wconf 81' lang='grc' dir='ltr'>παρεκτική.</span> <span class='ocrx_word' id='word_1_56' title='bbox 1608 906 1758 977; x_wconf 72' lang='grc' dir='ltr'>Δῦτη</span> <span class='ocrx_word' id='word_1_57' title='bbox 1787 906 1843 959; x_wconf 84' lang='grc' dir='ltr'>δὲ</span> 
     </span>
    </p>
   </div>
   <div class='ocr_carea' id='block_1_12' title="bbox 255 1000 1846 1074">
    <p class='ocr_par' dir='ltr' id='par_1_12' title="bbox 255 1000 1846 1074">
     <span class='ocr_line' id='line_1_12' title="bbox 255 1000 1846 1074; baseline 0.001 -22"><span class='ocrx_word' id='word_1_58' title='bbox 255 1000 468 1071; x_wconf 80' lang='grc' dir='ltr'><strong>κυρίως</strong></span> <span class='ocrx_word' id='word_1_59' title='bbox 497 1000 668 1067; x_wconf 77' lang='grc' dir='ltr'>ἐστὶν,</span> <span class='ocrx_word' id='word_1_60' title='bbox 709 1002 741 1071; x_wconf 80' lang='grc' dir='ltr'><strong>ἡ</strong></span> <span class='ocrx_word' id='word_1_61' title='bbox 789 1000 889 1070; x_wconf 83' lang='grc' dir='ltr'>τῆς</span> <span class='ocrx_word' id='word_1_62' title='bbox 939 1000 1165 1073; x_wconf 79' lang='grc' dir='ltr'><strong>καρδίας</strong></span> <span class='ocrx_word' id='word_1_63' title='bbox 1200 1002 1550 1074; x_wconf 77' lang='grc' dir='ltr'><strong>καθαρότης·</strong></span> <span class='ocrx_word' id='word_1_64' title='bbox 1583 1003 1707 1073; x_wconf 73' lang='grc' dir='ltr'>ἥτις</span> <span class='ocrx_word' id='word_1_65' title='bbox 1754 1000 1846 1055; x_wconf 77' lang='grc' dir='ltr'><strong>διὰ</strong></span> 
     </span>
    </p>
   </div>
   <div class='ocr_carea' id='block_1_13' title="bbox 252 1092 1844 1166">
    <p class='ocr_par' dir='ltr' id='par_1_13' title="bbox 252 1092 1844 1166">
     <span class='ocr_line' id='line_1_13' title="bbox 252 1092 1844 1166; baseline 0.001 -20"><span class='ocrx_word' id='word_1_66' title='bbox 252 1093 321 1146; x_wconf 79' lang='grc' dir='ltr'>τὸ</span> <span class='ocrx_word' id='word_1_67' title='bbox 354 1092 588 1163; x_wconf 84' lang='grc' dir='ltr'>μέγεθος</span> <span class='ocrx_word' id='word_1_68' title='bbox 620 1093 713 1146; x_wconf 81' lang='grc' dir='ltr'><strong>καὶ</strong></span> <span class='ocrx_word' id='word_1_69' title='bbox 746 1093 847 1162; x_wconf 80' lang='grc' dir='ltr'><strong>τὴν</strong></span> <span class='ocrx_word' id='word_1_70' title='bbox 877 1093 1143 1165; x_wconf 77' lang='grc' dir='ltr'>καλλονὴν</span> <span class='ocrx_word' id='word_1_71' title='bbox 1187 1095 1380 1165; x_wconf 79' lang='grc' dir='ltr'>αὐτῆς,</span> <span class='ocrx_word' id='word_1_72' title='bbox 1427 1096 1460 1163; x_wconf 82' lang='grc' dir='ltr'>ἢ</span> <span class='ocrx_word' id='word_1_73' title='bbox 1495 1096 1844 1166; x_wconf 84' lang='grc' dir='ltr'><strong>κυριωτέρως</strong></span> 
     </span>
    </p>
   </div>
   <div class='ocr_carea' id='block_1_14' title="bbox 252 1184 1844 1258">
    <p class='ocr_par' dir='ltr' id='par_1_14' title="bbox 252 1184 1844 1258">
     <span class='ocr_line' id='line_1_14' title="bbox 252 1184 1844 1258; baseline 0.001 -20"><span class='ocrx_word' id='word_1_74' title='bbox 252 1188 464 1250; x_wconf 68' lang='grc' dir='ltr'>εἰπεῖν,</span> <span class='ocrx_word' id='word_1_75' title='bbox 540 1184 633 1239; x_wconf 80' lang='grc' dir='ltr'><strong>διὰ</strong></span> <span class='ocrx_word' id='word_1_76' title='bbox 684 1186 784 1256; x_wconf 79' lang='grc' dir='ltr'>τὴν</span> <span class='ocrx_word' id='word_1_77' title='bbox 835 1185 1170 1258; x_wconf 75' lang='grc' dir='ltr'><strong>ἀπροσεξίαν</strong></span> <span class='ocrx_word' id='word_1_78' title='bbox 1216 1188 1311 1241; x_wconf 79' lang='grc' dir='ltr'><strong>καὶ</strong></span> <span class='ocrx_word' id='word_1_79' title='bbox 1358 1188 1623 1256; x_wconf 81' lang='grc' dir='ltr'>ἀμέλειαν</span> <span class='ocrx_word' id='word_1_80' title='bbox 1664 1186 1844 1258; x_wconf 81' lang='grc' dir='ltr'>ἡμῶν,</span> 
     </span>
    </p>
   </div>
   <div class='ocr_carea' id='block_1_15' title="bbox 256 1269 1845 1351">
    <p class='ocr_par' dir='ltr' id='par_1_15' title="bbox 256 1269 1845 1351">
     <span class='ocr_line' id='line_1_15' title="bbox 256 1269 1845 1351; baseline 0.002 -22"><span class='ocrx_word' id='word_1_81' title='bbox 256 1274 516 1340; x_wconf 73' lang='grc' dir='ltr'><strong>σπανίζει</strong></span> <span class='ocrx_word' id='word_1_82' title='bbox 546 1276 790 1348; x_wconf 80' lang='grc' dir='ltr'>σήμερον</span> <span class='ocrx_word' id='word_1_83' title='bbox 838 1277 984 1331; x_wconf 82' lang='grc' dir='ltr'>πάνυ</span> <span class='ocrx_word' id='word_1_84' title='bbox 1027 1279 1089 1332; x_wconf 87' lang='grc' dir='ltr'>ἐν</span> <span class='ocrx_word' id='word_1_85' title='bbox 1136 1282 1390 1349; x_wconf 84' lang='grc' dir='ltr'>μοναχοῖς</span> <span class='ocrx_word' id='word_1_86' title='bbox 1410 1294 1423 1307; x_wconf 82' lang='grc'><strong>’</strong></span> <span class='ocrx_word' id='word_1_87' title='bbox 1457 1280 1524 1351; x_wconf 77' lang='grc' dir='ltr'><strong>ἣν</strong></span> <span class='ocrx_word' id='word_1_88' title='bbox 1552 1282 1581 1332; x_wconf 89' lang='lat'><strong>6</strong></span> <span class='ocrx_word' id='word_1_89' title='bbox 1609 1269 1845 1351; x_wconf 78' lang='grc' dir='ltr'>Χριστὸς</span> 
     </span>
    </p>
   </div>
   <div class='ocr_carea' id='block_1_16' title="bbox 253 1366 1846 1440">
    <p class='ocr_par' dir='ltr' id='par_1_16' title="bbox 253 1366 1846 1440">
     <span class='ocr_line' id='line_1_16' title="bbox 253 1366 1846 1440; baseline 0.001 -20"><span class='ocrx_word' id='word_1_90' title='bbox 253 1366 559 1439; x_wconf 77' lang='grc' dir='ltr'><strong>μακαρίζει</strong></span> <span class='ocrx_word' id='word_1_91' title='bbox 605 1368 780 1436; x_wconf 88' lang='grc' dir='ltr'>λέγων</span> <span class='ocrx_word' id='word_1_92' title='bbox 812 1385 825 1398; x_wconf 81' lang='lat'><strong><em>°</em></strong></span> <span class='ocrx_word' id='word_1_93' title='bbox 872 1370 1161 1437; x_wconf 77' lang='grc' dir='ltr'><strong>Μακάριοι</strong></span> <span class='ocrx_word' id='word_1_94' title='bbox 1210 1374 1267 1425; x_wconf 79' lang='grc' dir='ltr'><strong>οἱ</strong></span> <span class='ocrx_word' id='word_1_95' title='bbox 1304 1372 1548 1440; x_wconf 70' lang='grc' dir='ltr'>καθαροὶ</span> <span class='ocrx_word' id='word_1_96' title='bbox 1595 1371 1668 1440; x_wconf 80' lang='grc' dir='ltr'>τῇ</span> <span class='ocrx_word' id='word_1_97' title='bbox 1706 1388 1846 1440; x_wconf 77' lang='grc' dir='ltr'>καρ-</span> 
     </span>
    </p>
   </div>
   <div class='ocr_carea' id='block_1_17' title="bbox 247 1457 1844 1535">
    <p class='ocr_par' dir='ltr' id='par_1_17' title="bbox 247 1457 1844 1535">
     <span class='ocr_line' id='line_1_17' title="bbox 247 1457 1844 1535; baseline 0.004 -24"><span class='ocrx_word' id='word_1_98' title='bbox 247 1457 384 1526; x_wconf 79' lang='grc' dir='ltr'>δίᾳ,</span> <span class='ocrx_word' id='word_1_99' title='bbox 433 1458 525 1513; x_wconf 84' lang='grc' dir='ltr'>ὅτι</span> <span class='ocrx_word' id='word_1_100' title='bbox 568 1460 741 1513; x_wconf 77' lang='grc' dir='ltr'>αὐτοὶ</span> <span class='ocrx_word' id='word_1_101' title='bbox 780 1461 891 1515; x_wconf 83' lang='grc' dir='ltr'><strong>τὸν</strong></span> <span class='ocrx_word' id='word_1_102' title='bbox 925 1462 1075 1515; x_wconf 80' lang='grc' dir='ltr'><em>Θεὸν</em></span> <span class='ocrx_word' id='word_1_103' title='bbox 1127 1462 1406 1530; x_wconf 73' lang='grc' dir='ltr'>ὄψονται.</span> <span class='ocrx_word' id='word_1_104' title='bbox 1464 1464 1701 1535; x_wconf 79' lang='grc' dir='ltr'>Τοιαύτη</span> <span class='ocrx_word' id='word_1_105' title='bbox 1750 1464 1844 1518; x_wconf 81' lang='grc' dir='ltr'>οῦν</span> 
     </span>
    </p>
   </div>
   <div class='ocr_carea' id='block_1_18' title="bbox 249 1548 1842 1627">
    <p class='ocr_par' dir='ltr' id='par_1_18' title="bbox 249 1548 1842 1627">
     <span class='ocr_line' id='line_1_18' title="bbox 249 1548 1842 1627; baseline 0.003 -22"><span class='ocrx_word' id='word_1_106' title='bbox 249 1548 417 1616; x_wconf 77' lang='grc' dir='ltr'>οὖσα,</span> <span class='ocrx_word' id='word_1_107' title='bbox 450 1551 650 1605; x_wconf 88' lang='grc' dir='ltr'>πολλοῦ</span> <span class='ocrx_word' id='word_1_108' title='bbox 684 1553 1041 1622; x_wconf 72' lang='grc' dir='ltr'>ἀγοράζεται.</span> <span class='ocrx_word' id='word_1_109' title='bbox 1090 1554 1272 1625; x_wconf 77' lang='grc' dir='ltr'>Νῆψις</span> <span class='ocrx_word' id='word_1_110' title='bbox 1303 1556 1360 1608; x_wconf 87' lang='grc' dir='ltr'><strong>ἐν</strong></span> <span class='ocrx_word' id='word_1_111' title='bbox 1408 1555 1680 1627; x_wconf 78' lang='grc' dir='ltr'><strong>ἀνθρώπῳ</strong></span> <span class='ocrx_word' id='word_1_112' title='bbox 1713 1573 1842 1627; x_wconf 83' lang='grc' dir='ltr'><strong>χρο-</strong></span> 
     </span>
    </p>
   </div>
   <div class='ocr_carea' id='block_1_19' title="bbox 251 1645 1840 1720">
    <p class='ocr_par' dir='ltr' id='par_1_19' title="bbox 251 1645 1840 1720">
     <span class='ocr_line' id='line_1_19' title="bbox 251 1645 1840 1720; baseline 0.001 -19"><span class='ocrx_word' id='word_1_113' title='bbox 251 1646 506 1711; x_wconf 81' lang='grc' dir='ltr'>νίζουσα,</span> <span class='ocrx_word' id='word_1_114' title='bbox 544 1645 707 1718; x_wconf 84' lang='grc' dir='ltr'>ὀρθοῦ</span> <span class='ocrx_word' id='word_1_115' title='bbox 746 1647 847 1700; x_wconf 82' lang='grc' dir='ltr'>καὶ</span> <span class='ocrx_word' id='word_1_116' title='bbox 889 1647 1183 1718; x_wconf 82' lang='grc' dir='ltr'>θεαρέστου</span> <span class='ocrx_word' id='word_1_117' title='bbox 1222 1648 1339 1719; x_wconf 88' lang='grc' dir='ltr'>βίου</span> <span class='ocrx_word' id='word_1_118' title='bbox 1382 1650 1576 1720; x_wconf 74' lang='grc' dir='ltr'>ὀδηγός</span> <span class='ocrx_word' id='word_1_119' title='bbox 1608 1651 1840 1718; x_wconf 87' lang='grc' dir='ltr'>γίνεται.</span> 
     </span>
    </p>
   </div>
   <div class='ocr_carea' id='block_1_20' title="bbox 252 1737 1844 1813">
    <p class='ocr_par' dir='ltr' id='par_1_20' title="bbox 252 1737 1844 1813">
     <span class='ocr_line' id='line_1_20' title="bbox 252 1737 1844 1813; baseline 0.004 -23"><span class='ocrx_word' id='word_1_120' title='bbox 252 1737 468 1791; x_wconf 78' lang='grc' dir='ltr'>Τούτου</span> <span class='ocrx_word' id='word_1_121' title='bbox 516 1738 615 1792; x_wconf 78' lang='grc' dir='ltr'>καὶ</span> <span class='ocrx_word' id='word_1_122' title='bbox 661 1737 938 1802; x_wconf 78' lang='grc' dir='ltr'>ἐπίδασις,</span> <span class='ocrx_word' id='word_1_123' title='bbox 974 1740 1207 1810; x_wconf 76' lang='grc' dir='ltr'>θεωρίαν</span> <span class='ocrx_word' id='word_1_124' title='bbox 1237 1741 1332 1794; x_wconf 72' lang='grc' dir='ltr'>καὶ</span> <span class='ocrx_word' id='word_1_125' title='bbox 1358 1740 1419 1794; x_wconf 83' lang='grc' dir='ltr'><strong>τὸ</strong></span> <span class='ocrx_word' id='word_1_126' title='bbox 1448 1741 1710 1813; x_wconf 80' lang='grc' dir='ltr'>τριμερὲς</span> <span class='ocrx_word' id='word_1_127' title='bbox 1744 1742 1844 1812; x_wconf 78' lang='grc' dir='ltr'>τῆς</span> 
     </span>
    </p>
   </div>
   <div class='ocr_carea' id='block_1_21' title="bbox 1948 539 3522 609">
    <p class='ocr_par' dir='ltr' id='par_1_21' title="bbox 1948 539 3522 609">
     <span class='ocr_line' id='line_1_21' title="bbox 1948 539 3522 609; baseline -0.002 -13"><span class='ocrx_word' id='word_1_128' title='bbox 1948 552 2153 596; x_wconf 87' lang='lat' dir='ltr'><strong>certam</strong></span> <span class='ocrx_word' id='word_1_129' title='bbox 2185 542 2349 596; x_wconf 87' lang='lat' dir='ltr'><strong>etiam</strong></span> <span class='ocrx_word' id='word_1_130' title='bbox 2402 541 2470 596; x_wconf 89' lang='lat' dir='ltr'><strong>de</strong></span> <span class='ocrx_word' id='word_1_131' title='bbox 2519 541 2632 595; x_wconf 84' lang='lat' dir='ltr'><strong>Deo</strong></span> <span class='ocrx_word' id='word_1_132' title='bbox 2690 539 3226 609; x_wconf 79' lang='lat' dir='ltr'><strong>incomprehensibili</strong></span> <span class='ocrx_word' id='word_1_133' title='bbox 3274 539 3522 595; x_wconf 75' lang='lat' dir='ltr'><strong>notitiam</strong></span> 
     </span>
    </p>
   </div>
   <div class='ocr_carea' id='block_1_22' title="bbox 1948 632 3524 705">
    <p class='ocr_par' dir='ltr' id='par_1_22' title="bbox 1948 632 3524 705">
     <span class='ocr_line' id='line_1_22' title="bbox 1948 632 3524 705; baseline -0.001 -20"><span class='ocrx_word' id='word_1_134' title='bbox 1948 633 2195 705; x_wconf 75' lang='lat' dir='ltr'><strong>largitur,</strong></span> <span class='ocrx_word' id='word_1_135' title='bbox 2226 642 2490 703; x_wconf 87' lang='lat' dir='ltr'><strong>quantum</strong></span> <span class='ocrx_word' id='word_1_136' title='bbox 2523 633 2738 702; x_wconf 88' lang='lat' dir='ltr'><strong>assequi</strong></span> <span class='ocrx_word' id='word_1_137' title='bbox 2763 633 2922 685; x_wconf 72' lang='lat' dir='ltr'><strong>licet:</strong></span> <span class='ocrx_word' id='word_1_138' title='bbox 2959 646 3174 685; x_wconf 84' lang='lat' dir='ltr'><strong>necnon</strong></span> <span class='ocrx_word' id='word_1_139' title='bbox 3214 632 3524 685; x_wconf 86' lang='lat' dir='ltr'><strong>divinorum</strong></span> 
     </span>
    </p>
   </div>
   <div class='ocr_carea' id='block_1_23' title="bbox 1948 723 3526 793">
    <p class='ocr_par' dir='ltr' id='par_1_23' title="bbox 1948 723 3526 793">
     <span class='ocr_line' id='line_1_23' title="bbox 1948 723 3526 793; baseline 0.001 -18"><span class='ocrx_word' id='word_1_140' title='bbox 1948 732 2002 776; x_wconf 89' lang='lat' dir='ltr'><strong>et</strong></span> <span class='ocrx_word' id='word_1_141' title='bbox 2038 725 2377 778; x_wconf 88' lang='lat' dir='ltr'><strong>occultorum</strong></span> <span class='ocrx_word' id='word_1_142' title='bbox 2413 723 2795 793; x_wconf 79' lang='lat' dir='ltr'><strong>mysteriorum</strong></span> <span class='ocrx_word' id='word_1_143' title='bbox 2826 733 3092 777; x_wconf 85' lang='lat' dir='ltr'><strong>secretam</strong></span> <span class='ocrx_word' id='word_1_144' title='bbox 3134 724 3339 792; x_wconf 56' lang='lat' dir='ltr'><strong>praebet</strong></span> <span class='ocrx_word' id='word_1_145' title='bbox 3380 724 3526 776; x_wconf 69' lang='lat' dir='ltr'><strong>solu~</strong></span> 
     </span>
    </p>
   </div>
   <div class='ocr_carea' id='block_1_24' title="bbox 1948 812 3515 883">
    <p class='ocr_par' dir='ltr' id='par_1_24' title="bbox 1948 812 3515 883">
     <span class='ocr_line' id='line_1_24' title="bbox 1948 812 3515 883; baseline 0.003 -20"><span class='ocrx_word' id='word_1_146' title='bbox 1948 812 2152 867; x_wconf 86' lang='lat' dir='ltr'><strong>tionem</strong></span> <span class='ocrx_word' id='word_1_147' title='bbox 2178 832 2189 866; x_wconf 90' lang='lat'><strong>:</strong></span> <span class='ocrx_word' id='word_1_148' title='bbox 2221 813 2534 883; x_wconf 84' lang='lat' dir='ltr'><strong>suppeditat</strong></span> <span class='ocrx_word' id='word_1_149' title='bbox 2562 814 2705 866; x_wconf 77' lang='lat' dir='ltr'><strong>vires</strong></span> <span class='ocrx_word' id='word_1_150' title='bbox 2745 813 3004 882; x_wconf 84' lang='lat' dir='ltr'><strong>implendi</strong></span> <span class='ocrx_word' id='word_1_151' title='bbox 3030 822 3227 866; x_wconf 90' lang='lat' dir='ltr'><strong>cuncta</strong></span> <span class='ocrx_word' id='word_1_152' title='bbox 3257 813 3348 866; x_wconf 90' lang='lat' dir='ltr'><strong>Dei</strong></span> <span class='ocrx_word' id='word_1_153' title='bbox 3369 829 3515 867; x_wconf 82' lang='lat' dir='ltr'><strong>inan-</strong></span> 
     </span>
    </p>
   </div>
   <div class='ocr_carea' id='block_1_25' title="bbox 1948 906 3525 975">
    <p class='ocr_par' dir='ltr' id='par_1_25' title="bbox 1948 906 3525 975">
     <span class='ocr_line' id='line_1_25' title="bbox 1948 906 3525 975; baseline 0 -17"><span class='ocrx_word' id='word_1_154' title='bbox 1948 906 2095 968; x_wconf 87' lang='lat' dir='ltr'><strong>data,</strong></span> <span class='ocrx_word' id='word_1_155' title='bbox 2118 915 2227 960; x_wconf 90' lang='lat' dir='ltr'><strong>tam</strong></span> <span class='ocrx_word' id='word_1_156' title='bbox 2263 906 2444 960; x_wconf 85' lang='lat' dir='ltr'><strong>Veteri</strong></span> <span class='ocrx_word' id='word_1_157' title='bbox 2474 921 2636 975; x_wconf 85' lang='lat' dir='ltr'><strong>quam</strong></span> <span class='ocrx_word' id='word_1_158' title='bbox 2673 906 2828 959; x_wconf 80' lang='lat' dir='ltr'><strong>Novo</strong></span> <span class='ocrx_word' id='word_1_159' title='bbox 2880 906 3231 959; x_wconf 87' lang='lat' dir='ltr'><strong>Testamento</strong></span> <span class='ocrx_word' id='word_1_160' title='bbox 3271 920 3525 975; x_wconf 79' lang='lat' dir='ltr'><strong>compre-~</strong></span> 
     </span>
    </p>
   </div>
   <div class='ocr_carea' id='block_1_26' title="bbox 1950 995 3523 1066">
    <p class='ocr_par' dir='ltr' id='par_1_26' title="bbox 1950 995 3523 1066">
     <span class='ocr_line' id='line_1_26' title="bbox 1950 995 3523 1066; baseline -0.001 -16"><span class='ocrx_word' id='word_1_161' title='bbox 1950 997 2151 1050; x_wconf 85' lang='lat' dir='ltr'><strong>hensa:</strong></span> <span class='ocrx_word' id='word_1_162' title='bbox 2202 1004 2256 1052; x_wconf 89' lang='lat' dir='ltr'><strong>et</strong></span> <span class='ocrx_word' id='word_1_163' title='bbox 2298 997 2516 1052; x_wconf 81' lang='lat' dir='ltr'>tandem</span> <span class='ocrx_word' id='word_1_164' title='bbox 2576 997 2831 1050; x_wconf 84' lang='lat' dir='ltr'><strong>universa</strong></span> <span class='ocrx_word' id='word_1_165' title='bbox 2894 996 3033 1049; x_wconf 90' lang='lat' dir='ltr'><strong>bona</strong></span> <span class='ocrx_word' id='word_1_166' title='bbox 3083 1004 3308 1066; x_wconf 70' lang='lat' dir='ltr'><strong>prazstat</strong></span> <span class='ocrx_word' id='word_1_167' title='bbox 3356 995 3523 1051; x_wconf 81' lang='lat' dir='ltr'><strong>futuri</strong></span> 
     </span>
    </p>
   </div>
   <div class='ocr_carea' id='block_1_27' title="bbox 1948 1087 3524 1159">
    <p class='ocr_par' dir='ltr' id='par_1_27' title="bbox 1948 1087 3524 1159">
     <span class='ocr_line' id='line_1_27' title="bbox 1948 1087 3524 1159; baseline 0.001 -18"><span class='ocrx_word' id='word_1_168' title='bbox 1948 1087 2152 1143; x_wconf 70' lang='lat' dir='ltr'><strong>smculi.</strong></span> <span class='ocrx_word' id='word_1_169' title='bbox 2179 1087 2304 1143; x_wconf 63' lang='lat' dir='ltr'><strong>llaec</strong></span> <span class='ocrx_word' id='word_1_170' title='bbox 2333 1096 2514 1143; x_wconf 90' lang='lat' dir='ltr'><strong>autem</strong></span> <span class='ocrx_word' id='word_1_171' title='bbox 2548 1089 2766 1158; x_wconf 79' lang='lat' dir='ltr'><strong>preprie</strong></span> <span class='ocrx_word' id='word_1_172' title='bbox 2797 1096 2881 1143; x_wconf 90' lang='lat' dir='ltr'><strong>est</strong></span> <span class='ocrx_word' id='word_1_173' title='bbox 2917 1087 3128 1157; x_wconf 86' lang='lat' dir='ltr'><strong>puritas</strong></span> <span class='ocrx_word' id='word_1_174' title='bbox 3174 1088 3358 1143; x_wconf 88' lang='lat' dir='ltr'><strong>cordis</strong></span> <span class='ocrx_word' id='word_1_175' title='bbox 3402 1103 3524 1159; x_wconf 68' lang='lat' dir='ltr'><strong>qum</strong></span> 
     </span>
    </p>
   </div>
   <div class='ocr_carea' id='block_1_28' title="bbox 1946 1179 3525 1250">
    <p class='ocr_par' dir='ltr' id='par_1_28' title="bbox 1946 1179 3525 1250">
     <span class='ocr_line' id='line_1_28' title="bbox 1946 1179 3525 1250; baseline 0.001 -18"><span class='ocrx_word' id='word_1_176' title='bbox 1946 1179 2165 1249; x_wconf 82' lang='lat' dir='ltr'><strong>quidem</strong></span> <span class='ocrx_word' id='word_1_177' title='bbox 2208 1188 2430 1250; x_wconf 76' lang='lat' dir='ltr'><strong>propter</strong></span> <span class='ocrx_word' id='word_1_178' title='bbox 2461 1180 2839 1235; x_wconf 77' lang='lat' dir='ltr'><strong>excellentiam</strong></span> <span class='ocrx_word' id='word_1_179' title='bbox 2890 1188 2946 1234; x_wconf 89' lang='lat' dir='ltr'><strong>et</strong></span> <span class='ocrx_word' id='word_1_180' title='bbox 3001 1180 3297 1236; x_wconf 79' lang='lat' dir='ltr'><strong>bonitatem</strong></span> <span class='ocrx_word' id='word_1_181' title='bbox 3344 1195 3525 1244; x_wconf 88' lang='lat' dir='ltr'><strong>suam,</strong></span> 
     </span>
    </p>
   </div>
   <div class='ocr_carea' id='block_1_29' title="bbox 1949 1269 3523 1343">
    <p class='ocr_par' dir='ltr' id='par_1_29' title="bbox 1949 1269 3523 1343">
     <span class='ocr_line' id='line_1_29' title="bbox 1949 1269 3523 1343; baseline -0.001 -19"><span class='ocrx_word' id='word_1_182' title='bbox 1949 1272 2031 1325; x_wconf 81' lang='lat' dir='ltr'><strong>vel</strong></span> <span class='ocrx_word' id='word_1_183' title='bbox 2069 1277 2151 1342; x_wconf 91' lang='lat' dir='ltr'><strong>(ut</strong></span> <span class='ocrx_word' id='word_1_184' title='bbox 2170 1273 2343 1343; x_wconf 81' lang='lat' dir='ltr'><strong>magis</strong></span> <span class='ocrx_word' id='word_1_185' title='bbox 2372 1272 2594 1341; x_wconf 83' lang='lat' dir='ltr'><strong>proprie</strong></span> <span class='ocrx_word' id='word_1_186' title='bbox 2621 1269 2834 1341; x_wconf 85' lang='lat' dir='ltr'><strong>loquar)</strong></span> <span class='ocrx_word' id='word_1_187' title='bbox 2867 1271 2937 1325; x_wconf 90' lang='lat' dir='ltr'><strong>ob</strong></span> <span class='ocrx_word' id='word_1_188' title='bbox 2962 1271 3231 1343; x_wconf 81' lang='lat' dir='ltr'><strong>ignaviam</strong></span> <span class='ocrx_word' id='word_1_189' title='bbox 3277 1271 3523 1342; x_wconf 64' lang='lat' dir='ltr'><strong>etnegli~</strong></span> 
     </span>
    </p>
   </div>
   <div class='ocr_carea' id='block_1_30' title="bbox 1945 1363 3524 1433">
    <p class='ocr_par' dir='ltr' id='par_1_30' title="bbox 1945 1363 3524 1433">
     <span class='ocr_line' id='line_1_30' title="bbox 1945 1363 3524 1433; baseline 0 -16"><span class='ocrx_word' id='word_1_190' title='bbox 1945 1363 2187 1433; x_wconf 75' lang='lat' dir='ltr'><strong>gentiam</strong></span> <span class='ocrx_word' id='word_1_191' title='bbox 2218 1374 2486 1428; x_wconf 88' lang='lat' dir='ltr'><strong>nostram,</strong></span> <span class='ocrx_word' id='word_1_192' title='bbox 2514 1363 2674 1417; x_wconf 82' lang='lat' dir='ltr'><strong>hodie</strong></span> <span class='ocrx_word' id='word_1_193' title='bbox 2702 1364 2947 1433; x_wconf 85' lang='lat' dir='ltr'><strong>profecto</strong></span> <span class='ocrx_word' id='word_1_194' title='bbox 2974 1379 3093 1417; x_wconf 87' lang='lat' dir='ltr'><strong>rara</strong></span> <span class='ocrx_word' id='word_1_195' title='bbox 3124 1373 3207 1418; x_wconf 86' lang='lat' dir='ltr'><strong>est</strong></span> <span class='ocrx_word' id='word_1_196' title='bbox 3236 1365 3287 1416; x_wconf 89' lang='lat' dir='ltr'><strong>in</strong></span> <span class='ocrx_word' id='word_1_197' title='bbox 3333 1379 3524 1417; x_wconf 84' lang='lat' dir='ltr'><strong>mona~</strong></span> 
     </span>
    </p>
   </div>
   <div class='ocr_carea' id='block_1_31' title="bbox 1945 1454 3520 1524">
    <p class='ocr_par' dir='ltr' id='par_1_31' title="bbox 1945 1454 3520 1524">
     <span class='ocr_line' id='line_1_31' title="bbox 1945 1454 3520 1524; baseline 0.001 -15"><span class='ocrx_word' id='word_1_198' title='bbox 1945 1455 2094 1509; x_wconf 90' lang='lat' dir='ltr'><strong>chis:</strong></span> <span class='ocrx_word' id='word_1_199' title='bbox 2124 1470 2288 1523; x_wconf 87' lang='lat' dir='ltr'><strong>quam</strong></span> <span class='ocrx_word' id='word_1_200' title='bbox 2316 1454 2568 1509; x_wconf 82' lang='lat' dir='ltr'><strong>Christus</strong></span> <span class='ocrx_word' id='word_1_201' title='bbox 2603 1454 2816 1508; x_wconf 81' lang='lat' dir='ltr'><strong>beatam</strong></span> <span class='ocrx_word' id='word_1_202' title='bbox 2870 1454 3147 1524; x_wconf 77' lang='lat' dir='ltr'><strong>praedicat,</strong></span> <span class='ocrx_word' id='word_1_203' title='bbox 3194 1455 3278 1509; x_wconf 89' lang='lat' dir='ltr'><strong>his</strong></span> <span class='ocrx_word' id='word_1_204' title='bbox 3321 1455 3520 1519; x_wconf 77' lang='lat' dir='ltr'><strong>verbis,</strong></span> 
     </span>
    </p>
   </div>
   <div class='ocr_carea' id='block_1_32' title="bbox 1947 1545 3520 1615">
    <p class='ocr_par' dir='ltr' id='par_1_32' title="bbox 1947 1545 3520 1615">
     <span class='ocr_line' id='line_1_32' title="bbox 1947 1545 3520 1615; baseline 0.001 -16"><span class='ocrx_word' id='word_1_205' title='bbox 1947 1545 2101 1599; x_wconf 79' lang='lat' dir='ltr'><strong>Beati</strong></span> <span class='ocrx_word' id='word_1_206' title='bbox 2134 1546 2330 1598; x_wconf 85' lang='lat' dir='ltr'><strong>mundo</strong></span> <span class='ocrx_word' id='word_1_207' title='bbox 2356 1545 2531 1609; x_wconf 82' lang='lat' dir='ltr'><strong>corde,</strong></span> <span class='ocrx_word' id='word_1_208' title='bbox 2566 1546 2819 1615; x_wconf 82' lang='lat' dir='ltr'><strong>quoniam</strong></span> <span class='ocrx_word' id='word_1_209' title='bbox 2850 1546 2950 1614; x_wconf 82' lang='lat' dir='ltr'><strong>ipsi</strong></span> <span class='ocrx_word' id='word_1_210' title='bbox 2985 1546 3153 1599; x_wconf 80' lang='lat' dir='ltr'><strong>Deum</strong></span> <span class='ocrx_word' id='word_1_211' title='bbox 3187 1546 3433 1600; x_wconf 76' lang='lat' dir='ltr'><strong>videbunt</strong></span> <span class='ocrx_word' id='word_1_212' title='bbox 3453 1548 3520 1600; x_wconf 73' lang='grc'><strong>⁸⁸.</strong></span> 
     </span>
    </p>
   </div>
   <div class='ocr_carea' id='block_1_33' title="bbox 1944 1635 3524 1708">
    <p class='ocr_par' dir='ltr' id='par_1_33' title="bbox 1944 1635 3524 1708">
     <span class='ocr_line' id='line_1_33' title="bbox 1944 1635 3524 1708; baseline 0.001 -16"><span class='ocrx_word' id='word_1_213' title='bbox 1944 1638 2081 1692; x_wconf 90' lang='lat' dir='ltr'><strong>Cum</strong></span> <span class='ocrx_word' id='word_1_214' title='bbox 2099 1651 2229 1706; x_wconf 88' lang='lat' dir='ltr'><strong>ergo</strong></span> <span class='ocrx_word' id='word_1_215' title='bbox 2259 1635 2329 1691; x_wconf 88' lang='lat' dir='ltr'><strong>sit</strong></span> <span class='ocrx_word' id='word_1_216' title='bbox 2359 1636 2650 1705; x_wconf 88' lang='lat' dir='ltr'><strong>ejusmodi,</strong></span> <span class='ocrx_word' id='word_1_217' title='bbox 2696 1651 2893 1707; x_wconf 84' lang='lat' dir='ltr'><strong>magno</strong></span> <span class='ocrx_word' id='word_1_218' title='bbox 2946 1637 3252 1691; x_wconf 87' lang='lat' dir='ltr'><strong>redimitur.</strong></span> <span class='ocrx_word' id='word_1_219' title='bbox 3288 1638 3524 1708; x_wconf 51' lang='lat' dir='ltr'><strong>Tempe.</strong></span> 
     </span>
    </p>
   </div>
   <div class='ocr_carea' id='block_1_34' title="bbox 1946 1726 3525 1800">
    <p class='ocr_par' dir='ltr' id='par_1_34' title="bbox 1946 1726 3525 1800">
     <span class='ocr_line' id='line_1_34' title="bbox 1946 1726 3525 1800; baseline 0.003 -20"><span class='ocrx_word' id='word_1_220' title='bbox 1946 1726 2123 1782; x_wconf 87' lang='lat' dir='ltr'><strong>rantia</strong></span> <span class='ocrx_word' id='word_1_221' title='bbox 2154 1742 2275 1796; x_wconf 74' lang='lat' dir='ltr'><strong>quae</strong></span> <span class='ocrx_word' id='word_1_222' title='bbox 2313 1727 2577 1797; x_wconf 88' lang='lat' dir='ltr'><strong>perdurat</strong></span> <span class='ocrx_word' id='word_1_223' title='bbox 2606 1726 2661 1781; x_wconf 90' lang='lat' dir='ltr'><strong>in</strong></span> <span class='ocrx_word' id='word_1_224' title='bbox 2686 1727 2931 1791; x_wconf 89' lang='lat' dir='ltr'><strong>homine,</strong></span> <span class='ocrx_word' id='word_1_225' title='bbox 2960 1736 3123 1781; x_wconf 85' lang='lat' dir='ltr'><strong>recta:</strong></span> <span class='ocrx_word' id='word_1_226' title='bbox 3156 1728 3375 1799; x_wconf 88' lang='lat' dir='ltr'><strong>Deoque</strong></span> <span class='ocrx_word' id='word_1_227' title='bbox 3408 1731 3525 1800; x_wconf 81' lang='lat' dir='ltr'><strong>pla-</strong></span> 
     </span>
    </p>
   </div>
   <div class='ocr_carea' id='block_1_35' title="bbox 250 1817 1840 1904">
    <p class='ocr_par' dir='ltr' id='par_1_35' title="bbox 250 1828 1840 1904">
     <span class='ocr_line' id='line_1_35' title="bbox 250 1828 1840 1904; baseline 0.001 -21"><span class='ocrx_word' id='word_1_228' title='bbox 250 1828 443 1899; x_wconf 72' lang='grc' dir='ltr'>ψυχῆς</span> <span class='ocrx_word' id='word_1_229' title='bbox 485 1828 714 1893; x_wconf 83' lang='grc' dir='ltr'><strong>δικαίως</strong></span> <span class='ocrx_word' id='word_1_230' title='bbox 761 1833 930 1883; x_wconf 79' lang='grc' dir='ltr'>κινεῖν</span> <span class='ocrx_word' id='word_1_231' title='bbox 965 1832 1115 1901; x_wconf 83' lang='grc' dir='ltr'>ἡμᾶς</span> <span class='ocrx_word' id='word_1_232' title='bbox 1158 1832 1489 1896; x_wconf 77' lang='grc' dir='ltr'>ἐκδιδάσκει,</span> <span class='ocrx_word' id='word_1_233' title='bbox 1522 1832 1622 1897; x_wconf 82' lang='grc' dir='ltr'>τὰς</span> <span class='ocrx_word' id='word_1_234' title='bbox 1653 1833 1840 1904; x_wconf 84' lang='grc' dir='ltr'>αἰσθή-</span> 
     </span>
    </p>
   </div>
   <div class='ocr_carea' id='block_1_36' title="bbox 1952 1817 3526 1904">
    <p class='ocr_par' dir='ltr' id='par_1_36' title="bbox 1952 1817 3526 1891">
     <span class='ocr_line' id='line_1_36' title="bbox 1952 1817 3526 1891; baseline 0.001 -20"><span class='ocrx_word' id='word_1_235' title='bbox 1952 1817 2121 1872; x_wconf 77' lang='lat' dir='ltr'><strong>cc‘ntis</strong></span> <span class='ocrx_word' id='word_1_236' title='bbox 2173 1818 2300 1871; x_wconf 70' lang='lat' dir='ltr'><strong>vitre</strong></span> <span class='ocrx_word' id='word_1_237' title='bbox 2347 1817 2456 1872; x_wconf 78' lang='lat' dir='ltr'><strong>dux</strong></span> <span class='ocrx_word' id='word_1_238' title='bbox 2501 1817 2771 1872; x_wconf 81' lang='lat' dir='ltr'><strong>ellicitur:</strong></span> <span class='ocrx_word' id='word_1_239' title='bbox 2833 1818 2992 1886; x_wconf 86' lang='lat' dir='ltr'><strong>cujus</strong></span> <span class='ocrx_word' id='word_1_240' title='bbox 3052 1833 3377 1891; x_wconf 81' lang='lat' dir='ltr'><strong>progressus</strong></span> <span class='ocrx_word' id='word_1_241' title='bbox 3423 1836 3526 1875; x_wconf 86' lang='lat' dir='ltr'><strong>nos</strong></span> 
     </span>
    </p>
   </div>
   <div class='ocr_carea' id='block_1_37' title="bbox 255 1921 1841 1998">
    <p class='ocr_par' dir='ltr' id='par_1_37' title="bbox 255 1921 1841 1998">
     <span class='ocr_line' id='line_1_37' title="bbox 255 1921 1841 1998; baseline 0.003 -23"><span class='ocrx_word' id='word_1_242' title='bbox 255 1939 381 1984; x_wconf 88' lang='grc' dir='ltr'>σεις</span> <span class='ocrx_word' id='word_1_243' title='bbox 421 1937 481 1973; x_wconf 88' lang='grc' dir='ltr'><strong>τε</strong></span> <span class='ocrx_word' id='word_1_244' title='bbox 519 1921 776 1991; x_wconf 78' lang='grc' dir='ltr'><strong>ἀσφαλῶς</strong></span> <span class='ocrx_word' id='word_1_245' title='bbox 813 1927 994 1994; x_wconf 84' lang='grc' dir='ltr'>τηρεῖ,</span> <span class='ocrx_word' id='word_1_246' title='bbox 1029 1926 1123 1978; x_wconf 70' lang='grc' dir='ltr'><strong>καὶ</strong></span> <span class='ocrx_word' id='word_1_247' title='bbox 1157 1925 1256 1990; x_wconf 83' lang='grc' dir='ltr'><strong>τὰς</strong></span> <span class='ocrx_word' id='word_1_248' title='bbox 1299 1925 1524 1994; x_wconf 76' lang='grc' dir='ltr'>γενικὰς</span> <span class='ocrx_word' id='word_1_249' title='bbox 1571 1926 1841 1998; x_wconf 85' lang='grc' dir='ltr'>τέσσαρας</span> 
     </span>
    </p>
   </div>
   <div class='ocr_carea' id='block_1_38' title="bbox 247 2016 1712 2090">
    <p class='ocr_par' dir='ltr' id='par_1_38' title="bbox 247 2016 1712 2090">
     <span class='ocr_line' id='line_1_38' title="bbox 247 2016 1712 2090; baseline 0.002 -20"><span class='ocrx_word' id='word_1_250' title='bbox 247 2016 464 2086; x_wconf 73' lang='grc' dir='ltr'>ἀρετὰς</span> <span class='ocrx_word' id='word_1_251' title='bbox 497 2018 557 2069; x_wconf 78' lang='grc' dir='ltr'>ἐν</span> <span class='ocrx_word' id='word_1_252' title='bbox 586 2017 666 2088; x_wconf 81' lang='grc' dir='ltr'>τῷ</span> <span class='ocrx_word' id='word_1_253' title='bbox 696 2018 911 2089; x_wconf 81' lang='grc' dir='ltr'>μετόχῳ</span> <span class='ocrx_word' id='word_1_254' title='bbox 943 2017 1113 2090; x_wconf 77' lang='grc' dir='ltr'>αὐτῆς</span> <span class='ocrx_word' id='word_1_255' title='bbox 1143 2017 1263 2071; x_wconf 81' lang='grc' dir='ltr'>καθ’</span> <span class='ocrx_word' id='word_1_256' title='bbox 1300 2018 1512 2089; x_wconf 81' lang='grc' dir='ltr'><strong>ἡμέραν</strong></span> <span class='ocrx_word' id='word_1_257' title='bbox 1536 2017 1712 2084; x_wconf 77' lang='grc' dir='ltr'>αὔξει.</span> 
     </span>
    </p>
   </div>
   <div class='ocr_carea' id='block_1_39' title="bbox 336 2275 1845 2352">
    <p class='ocr_par' dir='ltr' id='par_1_39' title="bbox 336 2275 1845 2352">
     <span class='ocr_line' id='line_1_39' title="bbox 336 2275 1845 2352; baseline 0.005 -22"><span class='ocrx_word' id='word_1_258' title='bbox 336 2275 404 2347; x_wconf 86' lang='grc' dir='ltr'><strong>β’.</strong></span> <span class='ocrx_word' id='word_1_259' title='bbox 457 2276 515 2332; x_wconf 86' lang='lat'><strong>&#39;0</strong></span> <span class='ocrx_word' id='word_1_260' title='bbox 571 2281 745 2349; x_wconf 78' lang='grc' dir='ltr'>μέγας</span> <span class='ocrx_word' id='word_1_261' title='bbox 795 2280 1093 2352; x_wconf 79' lang='grc' dir='ltr'><strong>νομοθέτης</strong></span> <span class='ocrx_word' id='word_1_262' title='bbox 1143 2278 1369 2352; x_wconf 78' lang='grc' dir='ltr'>Μωσῆς,</span> <span class='ocrx_word' id='word_1_263' title='bbox 1423 2281 1624 2352; x_wconf 78' lang='grc' dir='ltr'>μᾶλλον</span> <span class='ocrx_word' id='word_1_264' title='bbox 1676 2282 1732 2336; x_wconf 84' lang='grc' dir='ltr'><strong>δέ</strong></span> <span class='ocrx_word' id='word_1_265' title='bbox 1780 2284 1845 2337; x_wconf 72' lang='grc' dir='ltr'>τὸ</span> 
     </span>
    </p>
   </div>
   <div class='ocr_carea' id='block_1_40' title="bbox 257 2369 1839 2446">
    <p class='ocr_par' dir='ltr' id='par_1_40' title="bbox 257 2369 1839 2446">
     <span class='ocr_line' id='line_1_40' title="bbox 257 2369 1839 2446; baseline 0.004 -24"><span class='ocrx_word' id='word_1_266' title='bbox 257 2369 561 2440; x_wconf 70' lang='grc' dir='ltr'>Πνεῦματδ</span> <span class='ocrx_word' id='word_1_267' title='bbox 591 2372 766 2440; x_wconf 79' lang='grc' dir='ltr'>ἆγιον,</span> <span class='ocrx_word' id='word_1_268' title='bbox 801 2372 1169 2427; x_wconf 77' lang='grc' dir='ltr'><strong>ὑποδεικνύων</strong></span> <span class='ocrx_word' id='word_1_269' title='bbox 1195 2374 1254 2426; x_wconf 86' lang='grc' dir='ltr'>τὸ</span> <span class='ocrx_word' id='word_1_270' title='bbox 1279 2374 1569 2446; x_wconf 82' lang='grc' dir='ltr'><strong>ἄμεμπτον</strong></span> <span class='ocrx_word' id='word_1_271' title='bbox 1597 2376 1691 2429; x_wconf 66' lang='grc' dir='ltr'><strong>καὶ</strong></span> <span class='ocrx_word' id='word_1_272' title='bbox 1734 2391 1839 2429; x_wconf 59' lang='grc' dir='ltr'><strong>καη</strong></span> 
     </span>
    </p>
   </div>
   <div class='ocr_carea' id='block_1_41' title="bbox 254 2459 1840 2536">
    <p class='ocr_par' dir='ltr' id='par_1_41' title="bbox 254 2459 1840 2536">
     <span class='ocr_line' id='line_1_41' title="bbox 254 2459 1840 2536; baseline 0.005 -24"><span class='ocrx_word' id='word_1_273' title='bbox 254 2459 448 2531; x_wconf 78' lang='grc' dir='ltr'>θαρὸν,</span> <span class='ocrx_word' id='word_1_274' title='bbox 489 2461 583 2514; x_wconf 73' lang='grc' dir='ltr'>καὶ</span> <span class='ocrx_word' id='word_1_275' title='bbox 617 2463 991 2532; x_wconf 82' lang='grc' dir='ltr'>περιεκτικὺν,</span> <span class='ocrx_word' id='word_1_276' title='bbox 1028 2465 1123 2517; x_wconf 60' lang='grc' dir='ltr'><strong>καί⁵</strong></span> <span class='ocrx_word' id='word_1_277' title='bbox 1156 2464 1415 2526; x_wconf 74' lang='grc' dir='ltr'>ὑψοποιὸν</span> <span class='ocrx_word' id='word_1_278' title='bbox 1444 2464 1547 2534; x_wconf 77' lang='grc' dir='ltr'><strong>τῆς</strong></span> <span class='ocrx_word' id='word_1_279' title='bbox 1584 2465 1840 2536; x_wconf 79' lang='grc' dir='ltr'><strong>τοιαύτης</strong></span> 
     </span>
    </p>
   </div>
   <div class='ocr_carea' id='block_1_42' title="bbox 251 2552 1840 2627">
    <p class='ocr_par' dir='ltr' id='par_1_42' title="bbox 251 2552 1840 2627">
     <span class='ocr_line' id='line_1_42' title="bbox 251 2552 1840 2627; baseline 0.003 -23"><span class='ocrx_word' id='word_1_280' title='bbox 251 2552 494 2623; x_wconf 77' lang='grc' dir='ltr'>ἀρετῆς,</span> <span class='ocrx_word' id='word_1_281' title='bbox 529 2554 625 2606; x_wconf 74' lang='grc' dir='ltr'>καὶ</span> <span class='ocrx_word' id='word_1_282' title='bbox 660 2553 928 2607; x_wconf 72' lang='grc' dir='ltr'>διδάσκων</span> <span class='ocrx_word' id='word_1_283' title='bbox 962 2557 1130 2626; x_wconf 79' lang='grc' dir='ltr'>ἡμᾶς,</span> <span class='ocrx_word' id='word_1_284' title='bbox 1162 2556 1312 2620; x_wconf 83' lang='grc' dir='ltr'>ὅπως</span> <span class='ocrx_word' id='word_1_285' title='bbox 1340 2556 1546 2627; x_wconf 85' lang='grc' dir='ltr'><strong>ταύτης</strong></span> <span class='ocrx_word' id='word_1_286' title='bbox 1575 2556 1840 2627; x_wconf 78' lang='grc' dir='ltr'>ἄρχεσθαι</span> 
     </span>
    </p>
   </div>
   <div class='ocr_carea' id='block_1_43' title="bbox 254 2640 1842 2717">
    <p class='ocr_par' dir='ltr' id='par_1_43' title="bbox 254 2640 1842 2717">
     <span class='ocr_line' id='line_1_43' title="bbox 254 2640 1842 2717; baseline 0.004 -23"><span class='ocrx_word' id='word_1_287' title='bbox 254 2641 355 2694; x_wconf 76' lang='grc' dir='ltr'><strong>καὶ</strong></span> <span class='ocrx_word' id='word_1_288' title='bbox 380 2640 619 2695; x_wconf 81' lang='grc' dir='ltr'>ἐκτελεῖν</span> <span class='ocrx_word' id='word_1_289' title='bbox 647 2642 747 2707; x_wconf 85' lang='grc' dir='ltr'>δεῖ,</span> <span class='ocrx_word' id='word_1_290' title='bbox 772 2644 1014 2714; x_wconf 81' lang='grc' dir='ltr'>Πρόσεχε</span> <span class='ocrx_word' id='word_1_291' title='bbox 1047 2646 1284 2715; x_wconf 82' lang='grc' dir='ltr'><strong>σεαυτῷ,</strong></span> <span class='ocrx_word' id='word_1_292' title='bbox 1322 2646 1473 2717; x_wconf 82' lang='grc' dir='ltr'>φησὶ,</span> <span class='ocrx_word' id='word_1_293' title='bbox 1510 2646 1587 2717; x_wconf 77' lang='grc' dir='ltr'>μὴ</span> <span class='ocrx_word' id='word_1_294' title='bbox 1615 2645 1842 2717; x_wconf 84' lang='grc' dir='ltr'>γένηται</span> 
     </span>
    </p>
   </div>
   <div class='ocr_carea' id='block_1_44' title="bbox 256 2731 1840 2811">
    <p class='ocr_par' dir='ltr' id='par_1_44' title="bbox 256 2731 1840 2811">
     <span class='ocr_line' id='line_1_44' title="bbox 256 2731 1840 2811; baseline 0.006 -26"><span class='ocrx_word' id='word_1_295' title='bbox 256 2731 420 2802; x_wconf 75' lang='grc' dir='ltr'><strong>ρἧα</strong></span> <span class='ocrx_word' id='word_1_296' title='bbox 450 2734 712 2803; x_wconf 70' lang='grc' dir='ltr'>κρυπτὸν,</span> <span class='ocrx_word' id='word_1_297' title='bbox 741 2737 842 2806; x_wconf 78' lang='grc' dir='ltr'><strong>την</strong></span> <span class='ocrx_word' id='word_1_298' title='bbox 894 2736 1275 2806; x_wconf 80' lang='grc' dir='ltr'>μονολόγιστον</span> <span class='ocrx_word' id='word_1_299' title='bbox 1305 2738 1607 2807; x_wconf 78' lang='grc' dir='ltr'>ἐμφάνειαν</span> <span class='ocrx_word' id='word_1_300' title='bbox 1639 2740 1840 2811; x_wconf 83' lang='grc' dir='ltr'><strong>ὀνομά-</strong></span> 
     </span>
    </p>
   </div>
   <div class='ocr_carea' id='block_1_45' title="bbox 256 2821 1842 2903">
    <p class='ocr_par' dir='ltr' id='par_1_45' title="bbox 256 2821 1842 2903">
     <span class='ocr_line' id='line_1_45' title="bbox 256 2821 1842 2903; baseline 0.008 -29"><span class='ocrx_word' id='word_1_301' title='bbox 256 2821 371 2887; x_wconf 78' lang='grc' dir='ltr'><strong>ζων</strong></span> <span class='ocrx_word' id='word_1_302' title='bbox 433 2824 763 2894; x_wconf 85' lang='grc' dir='ltr'>πράγματός</span> <span class='ocrx_word' id='word_1_303' title='bbox 825 2844 973 2890; x_wconf 83' lang='grc' dir='ltr'>τινος</span> <span class='ocrx_word' id='word_1_304' title='bbox 1039 2827 1373 2899; x_wconf 82' lang='grc' dir='ltr'>μισουμένου</span> <span class='ocrx_word' id='word_1_305' title='bbox 1439 2830 1682 2903; x_wconf 87' lang='grc' dir='ltr'>πονηροῦ</span> <span class='ocrx_word' id='word_1_306' title='bbox 1736 2832 1842 2886; x_wconf 80' lang='grc' dir='ltr'><strong>ὑπὸ</strong></span> 
     </span>
    </p>
   </div>
   <div class='ocr_carea' id='block_1_46' title="bbox 254 2913 1837 2996">
    <p class='ocr_par' dir='ltr' id='par_1_46' title="bbox 254 2913 1837 2996">
     <span class='ocr_line' id='line_1_46' title="bbox 254 2913 1837 2996; baseline 0.008 -30"><span class='ocrx_word' id='word_1_307' title='bbox 254 2913 435 2967; x_wconf 83' lang='grc' dir='ltr'>Θεοῦ·</span> <span class='ocrx_word' id='word_1_308' title='bbox 480 2916 546 2988; x_wconf 77' lang='grc' dir='ltr'><strong>ἢν</strong></span> <span class='ocrx_word' id='word_1_309' title='bbox 589 2918 655 2987; x_wconf 83' lang='grc' dir='ltr'>δὴ</span> <span class='ocrx_word' id='word_1_310' title='bbox 704 2920 801 2972; x_wconf 73' lang='grc' dir='ltr'><strong>καὶ</strong></span> <span class='ocrx_word' id='word_1_311' title='bbox 849 2920 1158 2991; x_wconf 83' lang='grc' dir='ltr'>προσϐολὴν</span> <span class='ocrx_word' id='word_1_312' title='bbox 1204 2921 1456 2990; x_wconf 83' lang='grc' dir='ltr'>λέγουσιν</span> <span class='ocrx_word' id='word_1_313' title='bbox 1488 2925 1538 2977; x_wconf 86' lang='grc' dir='ltr'><strong>οἱ</strong></span> <span class='ocrx_word' id='word_1_314' title='bbox 1570 2923 1837 2996; x_wconf 87' lang='grc' dir='ltr'>Πατέρες,</span> 
     </span>
    </p>
   </div>
   <div class='ocr_carea' id='block_1_47' title="bbox 254 3010 1840 3089">
    <p class='ocr_par' dir='ltr' id='par_1_47' title="bbox 254 3010 1840 3089">
     <span class='ocr_line' id='line_1_47' title="bbox 254 3010 1840 3089; baseline 0.008 -31"><span class='ocrx_word' id='word_1_315' title='bbox 254 3011 682 3081; x_wconf 78' lang='grc' dir='ltr'>προσαγομένην</span> <span class='ocrx_word' id='word_1_316' title='bbox 712 3015 780 3083; x_wconf 85' lang='grc' dir='ltr'>τῇ</span> <span class='ocrx_word' id='word_1_317' title='bbox 811 3012 1010 3083; x_wconf 62' lang='grc' dir='ltr'>καρδίᾳ.</span> <span class='ocrx_word' id='word_1_318' title='bbox 1059 3030 1153 3066; x_wconf 86' lang='grc' dir='ltr'>σου</span> <span class='ocrx_word' id='word_1_319' title='bbox 1197 3015 1347 3087; x_wconf 80' lang='grc' dir='ltr'>παρὰ</span> <span class='ocrx_word' id='word_1_320' title='bbox 1368 3015 1462 3069; x_wconf 86' lang='grc' dir='ltr'><strong>τοῦ</strong></span> <span class='ocrx_word' id='word_1_321' title='bbox 1499 3016 1770 3081; x_wconf 77' lang='grc' dir='ltr'>διαϐόλου,</span> 
     </span>
    </p>
   </div>
   <div class='ocr_carea' id='block_1_48' title="bbox 254 3102 1840 3186">
    <p class='ocr_par' dir='ltr' id='par_1_48' title="bbox 254 3102 1840 3186">
     <span class='ocr_line' id='line_1_48' title="bbox 254 3102 1840 3186; baseline 0.009 -32"><span class='ocrx_word' id='word_1_322' title='bbox 254 3102 720 3160; x_wconf 80' lang='grc' dir='ltr'>ἐπακολουθοῦσιν</span> <span class='ocrx_word' id='word_1_323' title='bbox 768 3109 816 3161; x_wconf 76' lang='lat' dir='ltr'><strong>oi</strong></span> <span class='ocrx_word' id='word_1_324' title='bbox 845 3109 1005 3177; x_wconf 87' lang='grc' dir='ltr'>ἡμῶν</span> <span class='ocrx_word' id='word_1_325' title='bbox 1051 3109 1326 3180; x_wconf 68' lang='grc' dir='ltr'>λογισμοὶ,</span> <span class='ocrx_word' id='word_1_326' title='bbox 1374 3112 1535 3176; x_wconf 77' lang='grc' dir='ltr'>εὐθὺς</span> <span class='ocrx_word' id='word_1_327' title='bbox 1580 3131 1840 3186; x_wconf 74' lang='grc' dir='ltr'>παραφασ</span> 
     </span>
    </p>
   </div>
   <div class='ocr_carea' id='block_1_49' title="bbox 254 3196 1754 3276">
    <p class='ocr_par' dir='ltr' id='par_1_49' title="bbox 254 3196 1754 3276">
     <span class='ocr_line' id='line_1_49' title="bbox 254 3196 1754 3276; baseline 0.011 -30"><span class='ocrx_word' id='word_1_328' title='bbox 254 3196 412 3266; x_wconf 75' lang='grc' dir='ltr'>νείσῃ</span> <span class='ocrx_word' id='word_1_329' title='bbox 453 3196 530 3267; x_wconf 81' lang='grc' dir='ltr'>τῷ</span> <span class='ocrx_word' id='word_1_330' title='bbox 561 3197 656 3268; x_wconf 82' lang='grc' dir='ltr'>νῷ,</span> <span class='ocrx_word' id='word_1_331' title='bbox 693 3200 959 3270; x_wconf 78' lang='grc' dir='ltr'>ἐμπαθῶς</span> <span class='ocrx_word' id='word_1_332' title='bbox 989 3220 1048 3255; x_wconf 88' lang='grc' dir='ltr'><strong>τε</strong></span> <span class='ocrx_word' id='word_1_333' title='bbox 1079 3204 1215 3276; x_wconf 84' lang='grc' dir='ltr'>αὐτῇ</span> <span class='ocrx_word' id='word_1_334' title='bbox 1250 3207 1754 3276; x_wconf 78' lang='grc' dir='ltr'>προσδιαλέγονται.</span> 
     </span>
    </p>
   </div>
   <div class='ocr_carea' id='block_1_50' title="bbox 328 3370 1842 3452">
    <p class='ocr_par' dir='ltr' id='par_1_50' title="bbox 328 3370 1842 3452">
     <span class='ocr_line' id='line_1_50' title="bbox 328 3370 1842 3452; baseline 0.011 -31"><span class='ocrx_word' id='word_1_335' title='bbox 328 3374 400 3436; x_wconf 90' lang='grc' dir='ltr'><strong>γ’.</strong></span> <span class='ocrx_word' id='word_1_336' title='bbox 440 3370 620 3441; x_wconf 75' lang='grc' dir='ltr'>Νῆψίς</span> <span class='ocrx_word' id='word_1_337' title='bbox 674 3376 823 3428; x_wconf 85' lang='grc' dir='ltr'>ἐστιν</span> <span class='ocrx_word' id='word_1_338' title='bbox 861 3375 979 3439; x_wconf 79' lang='grc' dir='ltr'>ὁδὸς</span> <span class='ocrx_word' id='word_1_339' title='bbox 1030 3377 1211 3449; x_wconf 84' lang='grc' dir='ltr'>πάσης</span> <span class='ocrx_word' id='word_1_340' title='bbox 1244 3380 1447 3451; x_wconf 79' lang='grc' dir='ltr'>ἀρετῆς</span> <span class='ocrx_word' id='word_1_341' title='bbox 1493 3383 1587 3436; x_wconf 68' lang='grc' dir='ltr'>καὶ</span> <span class='ocrx_word' id='word_1_342' title='bbox 1619 3383 1842 3452; x_wconf 85' lang='grc' dir='ltr'>ἐντολῆς</span> 
     </span>
    </p>
   </div>
   <div class='ocr_carea' id='block_1_51' title="bbox 256 3459 1842 3543">
    <p class='ocr_par' dir='ltr' id='par_1_51' title="bbox 256 3459 1842 3543">
     <span class='ocr_line' id='line_1_51' title="bbox 256 3459 1842 3543; baseline 0.009 -28"><span class='ocrx_word' id='word_1_343' title='bbox 256 3459 420 3525; x_wconf 80' lang='grc' dir='ltr'>Θεοῦ,</span> <span class='ocrx_word' id='word_1_344' title='bbox 450 3462 572 3532; x_wconf 80' lang='grc' dir='ltr'>ἥτις</span> <span class='ocrx_word' id='word_1_345' title='bbox 604 3464 699 3517; x_wconf 74' lang='grc' dir='ltr'>καὶ</span> <span class='ocrx_word' id='word_1_346' title='bbox 729 3465 926 3537; x_wconf 85' lang='grc' dir='ltr'>καρδία</span> <span class='ocrx_word' id='word_1_347' title='bbox 957 3469 1053 3522; x_wconf 77' lang='grc' dir='ltr'>καὶ</span> <span class='ocrx_word' id='word_1_348' title='bbox 1094 3471 1316 3541; x_wconf 81' lang='grc' dir='ltr'>ἡσυχία,</span> <span class='ocrx_word' id='word_1_349' title='bbox 1364 3474 1459 3525; x_wconf 69' lang='grc' dir='ltr'>καὶ</span> <span class='ocrx_word' id='word_1_350' title='bbox 1497 3474 1842 3543; x_wconf 81' lang='grc' dir='ltr'>ἀφάνταστος</span> 
     </span>
    </p>
   </div>
   <div class='ocr_carea' id='block_1_52' title="bbox 253 3547 1272 3631">
    <p class='ocr_par' dir='ltr' id='par_1_52' title="bbox 253 3547 1272 3631">
     <span class='ocr_line' id='line_1_52' title="bbox 253 3547 1272 3631; baseline 0.014 -31"><span class='ocrx_word' id='word_1_351' title='bbox 253 3547 612 3607; x_wconf 78' lang='grc' dir='ltr'>τελειωθεῖσα</span> <span class='ocrx_word' id='word_1_352' title='bbox 643 3555 864 3629; x_wconf 78' lang='grc' dir='ltr'>φυλακὴ</span> <span class='ocrx_word' id='word_1_353' title='bbox 891 3560 1011 3622; x_wconf 72' lang='grc' dir='ltr'>νοὸς</span> <span class='ocrx_word' id='word_1_354' title='bbox 1046 3561 1079 3631; x_wconf 85' lang='grc' dir='ltr'><strong>ἡ</strong></span> <span class='ocrx_word' id='word_1_355' title='bbox 1108 3561 1272 3630; x_wconf 76' lang='grc' dir='ltr'>αὐτή.</span> 
     </span>
    </p>
   </div>
   <div class='ocr_carea' id='block_1_53' title="bbox 327 3735 1842 3819">
    <p class='ocr_par' dir='ltr' id='par_1_53' title="bbox 327 3735 1842 3819">
     <span class='ocr_line' id='line_1_53' title="bbox 327 3735 1842 3819; baseline 0.012 -29"><span class='ocrx_word' id='word_1_356' title='bbox 327 3735 392 3791; x_wconf 88' lang='grc' dir='ltr'><strong>δ’.</strong></span> <span class='ocrx_word' id='word_1_357' title='bbox 437 3740 551 3809; x_wconf 78' lang='grc' dir='ltr'><strong>Οὐχ</strong></span> <span class='ocrx_word' id='word_1_358' title='bbox 581 3743 682 3812; x_wconf 71' lang='grc' dir='ltr'>ἐρᾷ</span> <span class='ocrx_word' id='word_1_359' title='bbox 711 3744 828 3810; x_wconf 75' lang='grc' dir='ltr'><strong>φῶς</strong></span> <span class='ocrx_word' id='word_1_360' title='bbox 854 3744 1010 3816; x_wconf 88' lang='grc' dir='ltr'>ἡλίου</span> <span class='ocrx_word' id='word_1_361' title='bbox 1035 3748 1064 3800; x_wconf 97' lang='lat'><strong>6</strong></span> <span class='ocrx_word' id='word_1_362' title='bbox 1088 3749 1369 3819; x_wconf 77' lang='grc' dir='ltr'>γεννηθεὶς</span> <span class='ocrx_word' id='word_1_363' title='bbox 1394 3752 1597 3819; x_wconf 58' lang='grc' dir='ltr'>τυφλός</span> <span class='ocrx_word' id='word_1_364' title='bbox 1621 3768 1634 3780; x_wconf 90' lang='grc'><strong>·</strong></span> <span class='ocrx_word' id='word_1_365' title='bbox 1667 3751 1842 3816; x_wconf 78' lang='grc' dir='ltr'>οὕτως</span> 
     </span>
    </p>
   </div>
   <div class='ocr_carea' id='block_1_54' title="bbox 253 3825 1842 3912">
    <p class='ocr_par' dir='ltr' id='par_1_54' title="bbox 253 3825 1842 3912">
     <span class='ocr_line' id='line_1_54' title="bbox 253 3825 1842 3912; baseline 0.011 -34"><span class='ocrx_word' id='word_1_366' title='bbox 253 3825 383 3879; x_wconf 76' lang='grc' dir='ltr'><strong>οὐδὲ</strong></span> <span class='ocrx_word' id='word_1_367' title='bbox 412 3829 441 3881; x_wconf 92' lang='lat'><strong>6</strong></span> <span class='ocrx_word' id='word_1_368' title='bbox 478 3827 555 3901; x_wconf 80' lang='grc' dir='ltr'>μὴ</span> <span class='ocrx_word' id='word_1_369' title='bbox 599 3831 753 3902; x_wconf 67' lang='grc' dir='ltr'>νηψει</span> <span class='ocrx_word' id='word_1_370' title='bbox 785 3833 986 3889; x_wconf 69' lang='grc' dir='ltr'>ὁδεύων</span> <span class='ocrx_word' id='word_1_371' title='bbox 1015 3838 1117 3907; x_wconf 78' lang='grc' dir='ltr'><strong>ὁρᾷ</strong></span> <span class='ocrx_word' id='word_1_372' title='bbox 1163 3838 1437 3904; x_wconf 85' lang='grc' dir='ltr'>πλουσίως</span> <span class='ocrx_word' id='word_1_373' title='bbox 1471 3841 1569 3904; x_wconf 77' lang='grc' dir='ltr'><strong>τὰς</strong></span> <span class='ocrx_word' id='word_1_374' title='bbox 1617 3859 1842 3912; x_wconf 88' lang='grc' dir='ltr'>μαρμα-</span> 
     </span>
    </p>
   </div>
   <div class='ocr_carea' id='block_1_55' title="bbox 257 3925 1842 4007">
    <p class='ocr_par' dir='ltr' id='par_1_55' title="bbox 257 3925 1842 4007">
     <span class='ocr_line' id='line_1_55' title="bbox 257 3925 1842 4007; baseline 0.01 -33"><span class='ocrx_word' id='word_1_375' title='bbox 257 3925 437 3993; x_wconf 72' lang='grc' dir='ltr'>ρυγὰς</span> <span class='ocrx_word' id='word_1_376' title='bbox 473 3925 574 3993; x_wconf 77' lang='grc' dir='ltr'>τῆς</span> <span class='ocrx_word' id='word_1_377' title='bbox 615 3925 821 3981; x_wconf 80' lang='grc' dir='ltr'>ἄνωθεν</span> <span class='ocrx_word' id='word_1_378' title='bbox 870 3930 1125 4000; x_wconf 81' lang='grc' dir='ltr'>χάριτος·</span> <span class='ocrx_word' id='word_1_379' title='bbox 1157 3930 1280 3985; x_wconf 79' lang='grc' dir='ltr'>οὕτε</span> <span class='ocrx_word' id='word_1_380' title='bbox 1318 3932 1375 3985; x_wconf 83' lang='grc' dir='ltr'>δὲ</span> <span class='ocrx_word' id='word_1_381' title='bbox 1405 3933 1842 4007; x_wconf 79' lang='grc' dir='ltr'>ἐλευθερωθήσε-</span> 
     </span>
    </p>
   </div>
   <div class='ocr_carea' id='block_1_56' title="bbox 252 4019 1842 4099">
    <p class='ocr_par' dir='ltr' id='par_1_56' title="bbox 252 4019 1842 4099">
     <span class='ocr_line' id='line_1_56' title="bbox 252 4019 1842 4099; baseline 0.012 -33"><span class='ocrx_word' id='word_1_382' title='bbox 252 4031 351 4067; x_wconf 87' lang='grc' dir='ltr'><strong>ται</strong></span> <span class='ocrx_word' id='word_1_383' title='bbox 400 4019 467 4070; x_wconf 84' lang='grc' dir='ltr'>ὲκ</span> <span class='ocrx_word' id='word_1_384' title='bbox 521 4020 776 4090; x_wconf 79' lang='grc' dir='ltr'>πονηρῶν</span> <span class='ocrx_word' id='word_1_385' title='bbox 825 4024 921 4076; x_wconf 76' lang='grc' dir='ltr'><strong>καὶ</strong></span> <span class='ocrx_word' id='word_1_386' title='bbox 974 4025 1222 4097; x_wconf 84' lang='grc' dir='ltr'>μισητῶν</span> <span class='ocrx_word' id='word_1_387' title='bbox 1268 4026 1390 4096; x_wconf 83' lang='grc' dir='ltr'><strong>Θεῷ</strong></span> <span class='ocrx_word' id='word_1_388' title='bbox 1424 4028 1600 4099; x_wconf 82' lang='grc' dir='ltr'>ἔργων</span> <span class='ocrx_word' id='word_1_389' title='bbox 1636 4043 1698 4083; x_wconf 87' lang='grc' dir='ltr'><strong>τε</strong></span> <span class='ocrx_word' id='word_1_390' title='bbox 1744 4032 1842 4085; x_wconf 79' lang='grc' dir='ltr'><strong>καί¹</strong></span> 
     </span>
    </p>
   </div>
   <div class='ocr_carea' id='block_1_57' title="bbox 255 4105 1837 4195">
    <p class='ocr_par' dir='ltr' id='par_1_57' title="bbox 255 4105 1837 4195">
     <span class='ocr_line' id='line_1_57' title="bbox 255 4105 1837 4195; baseline 0.011 -36"><span class='ocrx_word' id='word_1_391' title='bbox 255 4105 434 4174; x_wconf 83' lang='grc' dir='ltr'>λόγων</span> <span class='ocrx_word' id='word_1_392' title='bbox 478 4111 574 4163; x_wconf 80' lang='grc' dir='ltr'>καὶ</span> <span class='ocrx_word' id='word_1_393' title='bbox 605 4113 846 4179; x_wconf 76' lang='grc' dir='ltr'>ἐννοιῶν,</span> <span class='ocrx_word' id='word_1_394' title='bbox 882 4114 942 4179; x_wconf 86' lang='grc' dir='ltr'>ὃς</span> <span class='ocrx_word' id='word_1_395' title='bbox 987 4117 1085 4170; x_wconf 75' lang='grc' dir='ltr'>οὐκ</span> <span class='ocrx_word' id='word_1_396' title='bbox 1129 4117 1422 4193; x_wconf 81' lang='grc' dir='ltr'>ἐλευθερίῳ</span> <span class='ocrx_word' id='word_1_397' title='bbox 1457 4122 1644 4193; x_wconf 84' lang='grc' dir='ltr'>τρόπῳ</span> <span class='ocrx_word' id='word_1_398' title='bbox 1672 4123 1731 4176; x_wconf 90' lang='grc' dir='ltr'><strong>ἐν</strong></span> <span class='ocrx_word' id='word_1_399' title='bbox 1770 4126 1837 4195; x_wconf 86' lang='grc' dir='ltr'><strong>τῇ</strong></span> 
     </span>
    </p>
   </div>
   <div class='ocr_carea' id='block_1_58' title="bbox 256 4200 1696 4287">
    <p class='ocr_par' dir='ltr' id='par_1_58' title="bbox 256 4200 1696 4287">
     <span class='ocr_line' id='line_1_58' title="bbox 256 4200 1696 4287; baseline 0.013 -33"><span class='ocrx_word' id='word_1_400' title='bbox 256 4200 426 4274; x_wconf 73' lang='grc' dir='ltr'>ἐξόδῳ</span> <span class='ocrx_word' id='word_1_401' title='bbox 456 4205 586 4268; x_wconf 71' lang='grc' dir='ltr'>τοὺς</span> <span class='ocrx_word' id='word_1_402' title='bbox 617 4209 943 4279; x_wconf 87' lang='grc' dir='ltr'>ταρταρίους</span> <span class='ocrx_word' id='word_1_403' title='bbox 975 4212 1373 4283; x_wconf 81' lang='grc' dir='ltr'>παρελεύσεται</span> <span class='ocrx_word' id='word_1_404' title='bbox 1406 4216 1696 4287; x_wconf 74' lang='grc' dir='ltr'>ἄρχοντας.</span> 
     </span>
    </p>
   </div>
   <div class='ocr_carea' id='block_1_59' title="bbox 329 4384 1841 4473">
    <p class='ocr_par' dir='ltr' id='par_1_59' title="bbox 329 4384 1841 4473">
     <span class='ocr_line' id='line_1_59' title="bbox 329 4384 1841 4473; baseline 0.014 -38"><span class='ocrx_word' id='word_1_405' title='bbox 329 4389 392 4437; x_wconf 77' lang='grc' dir='ltr'><strong>ε’.</strong></span> <span class='ocrx_word' id='word_1_406' title='bbox 434 4384 681 4458; x_wconf 85' lang='grc' dir='ltr'><strong>Προσοχή</strong></span> <span class='ocrx_word' id='word_1_407' title='bbox 735 4389 874 4454; x_wconf 84' lang='grc' dir='ltr'>ἐστι,</span> <span class='ocrx_word' id='word_1_408' title='bbox 928 4392 1197 4465; x_wconf 79' lang='grc' dir='ltr'>καρδιακὴ</span> <span class='ocrx_word' id='word_1_409' title='bbox 1246 4395 1592 4463; x_wconf 84' lang='grc' dir='ltr'>ἀδιάλειπτος</span> <span class='ocrx_word' id='word_1_410' title='bbox 1640 4402 1841 4473; x_wconf 84' lang='grc' dir='ltr'>ἡσυχία</span> 
     </span>
    </p>
   </div>
   <div class='ocr_carea' id='block_1_60' title="bbox 1946 1907 3525 1983">
    <p class='ocr_par' dir='ltr' id='par_1_60' title="bbox 1946 1907 3525 1983">
     <span class='ocr_line' id='line_1_60' title="bbox 1946 1907 3525 1983; baseline 0.002 -22"><span class='ocrx_word' id='word_1_411' title='bbox 1946 1907 2160 1973; x_wconf 86' lang='lat' dir='ltr'><strong>edocet,</strong></span> <span class='ocrx_word' id='word_1_412' title='bbox 2196 1915 2257 1961; x_wconf 89' lang='lat' dir='ltr'><strong>ut</strong></span> <span class='ocrx_word' id='word_1_413' title='bbox 2278 1907 2424 1978; x_wconf 88' lang='lat' dir='ltr'><strong>juste</strong></span> <span class='ocrx_word' id='word_1_414' title='bbox 2445 1923 2760 1964; x_wconf 79' lang='lat' dir='ltr'><strong>moveamus</strong></span> <span class='ocrx_word' id='word_1_415' title='bbox 2781 1909 3235 1979; x_wconf 87' lang='lat' dir='ltr'><strong>speculationem,</strong></span> <span class='ocrx_word' id='word_1_416' title='bbox 3262 1919 3316 1965; x_wconf 89' lang='lat' dir='ltr'><strong>et</strong></span> <span class='ocrx_word' id='word_1_417' title='bbox 3351 1911 3525 1983; x_wconf 79' lang='lat' dir='ltr'><strong>tripli-</strong></span> 
     </span>
    </p>
   </div>
   <div class='ocr_carea' id='block_1_61' title="bbox 1945 1996 3520 2058">
    <p class='ocr_par' dir='ltr' id='par_1_61' title="bbox 1945 1996 3520 2058">
     <span class='ocr_line' id='line_1_61' title="bbox 1945 1996 3520 2058; baseline 0.005 -8"><span class='ocrx_word' id='word_1_418' title='bbox 1945 2012 2063 2051; x_wconf 87' lang='lat' dir='ltr'><strong>cem</strong></span> <span class='ocrx_word' id='word_1_419' title='bbox 2096 1997 2293 2054; x_wconf 68' lang='lat' dir='ltr'><strong>animae</strong></span> <span class='ocrx_word' id='word_1_420' title='bbox 2332 1996 2649 2054; x_wconf 83' lang='lat' dir='ltr'><strong>facultatem</strong></span> <span class='ocrx_word' id='word_1_421' title='bbox 2677 2017 2690 2053; x_wconf 91' lang='lat'>:</span> <span class='ocrx_word' id='word_1_422' title='bbox 2722 2015 2920 2054; x_wconf 89' lang='lat' dir='ltr'><strong>sensus</strong></span> <span class='ocrx_word' id='word_1_423' title='bbox 2946 2000 3002 2054; x_wconf 90' lang='lat' dir='ltr'><strong>in</strong></span> <span class='ocrx_word' id='word_1_424' title='bbox 3049 2009 3170 2057; x_wconf 89' lang='lat' dir='ltr'><strong>tuto</strong></span> <span class='ocrx_word' id='word_1_425' title='bbox 3200 2013 3520 2058; x_wconf 84' lang='lat' dir='ltr'><strong>conservat:</strong></span> 
     </span>
    </p>
   </div>
   <div class='ocr_carea' id='block_1_62' title="bbox 1942 2090 3522 2165">
    <p class='ocr_par' dir='ltr' id='par_1_62' title="bbox 1942 2090 3522 2165">
     <span class='ocr_line' id='line_1_62' title="bbox 1942 2090 3522 2165; baseline 0.003 -22"><span class='ocrx_word' id='word_1_426' title='bbox 1942 2097 2176 2157; x_wconf 82' lang='lat' dir='ltr'><strong>quatuor</strong></span> <span class='ocrx_word' id='word_1_427' title='bbox 2230 2090 2397 2144; x_wconf 86' lang='lat' dir='ltr'><strong>etiam</strong></span> <span class='ocrx_word' id='word_1_428' title='bbox 2465 2091 2750 2161; x_wconf 78' lang='lat' dir='ltr'><strong>generales</strong></span> <span class='ocrx_word' id='word_1_429' title='bbox 2808 2092 3037 2147; x_wconf 83' lang='lat' dir='ltr'><strong>virtutes</strong></span> <span class='ocrx_word' id='word_1_430' title='bbox 3106 2094 3393 2165; x_wconf 86' lang='lat' dir='ltr'><strong>participio</strong></span> <span class='ocrx_word' id='word_1_431' title='bbox 3441 2097 3522 2149; x_wconf 88' lang='lat' dir='ltr'><strong>sui</strong></span> 
     </span>
    </p>
   </div>
   <div class='ocr_carea' id='block_1_63' title="bbox 1942 2181 2399 2251">
    <p class='ocr_par' dir='ltr' id='par_1_63' title="bbox 1942 2181 2399 2251">
     <span class='ocr_line' id='line_1_63' title="bbox 1942 2181 2399 2251; baseline 0.004 -18"><span class='ocrx_word' id='word_1_432' title='bbox 1942 2190 2105 2251; x_wconf 84' lang='lat' dir='ltr'><strong>auget</strong></span> <span class='ocrx_word' id='word_1_433' title='bbox 2134 2181 2399 2251; x_wconf 88' lang='lat' dir='ltr'><strong>quotidie.</strong></span> 
     </span>
    </p>
   </div>
   <div class='ocr_carea' id='block_1_64' title="bbox 2012 2275 3524 2349">
    <p class='ocr_par' dir='ltr' id='par_1_64' title="bbox 2012 2275 3524 2349">
     <span class='ocr_line' id='line_1_64' title="bbox 2012 2275 3524 2349; baseline -0.001 -20"><span class='ocrx_word' id='word_1_434' title='bbox 2012 2276 2068 2330; x_wconf 78' lang='lat'><strong>2.</strong></span> <span class='ocrx_word' id='word_1_435' title='bbox 2096 2275 2325 2347; x_wconf 82' lang='lat' dir='ltr'><strong>Magnus</strong></span> <span class='ocrx_word' id='word_1_436' title='bbox 2348 2277 2438 2332; x_wconf 86' lang='lat' dir='ltr'><strong>ille</strong></span> <span class='ocrx_word' id='word_1_437' title='bbox 2459 2277 2739 2349; x_wconf 85' lang='lat' dir='ltr'><strong>legislator</strong></span> <span class='ocrx_word' id='word_1_438' title='bbox 2762 2277 2960 2342; x_wconf 84' lang='lat' dir='ltr'><strong>Moses,</strong></span> <span class='ocrx_word' id='word_1_439' title='bbox 2995 2277 3105 2332; x_wconf 91' lang='lat' dir='ltr'><strong>imo</strong></span> <span class='ocrx_word' id='word_1_440' title='bbox 3132 2294 3261 2334; x_wconf 85' lang='lat' dir='ltr'><strong>vero</strong></span> <span class='ocrx_word' id='word_1_441' title='bbox 3288 2279 3524 2349; x_wconf 46' lang='lat' dir='ltr'><strong>Spiritu,-</strong></span> 
     </span>
    </p>
   </div>
   <div class='ocr_carea' id='block_1_65' title="bbox 1943 2369 3522 2442">
    <p class='ocr_par' dir='ltr' id='par_1_65' title="bbox 1943 2369 3522 2442">
     <span class='ocr_line' id='line_1_65' title="bbox 1943 2369 3522 2442; baseline 0.003 -19"><span class='ocrx_word' id='word_1_442' title='bbox 1943 2376 2190 2436; x_wconf 88' lang='lat' dir='ltr'><strong>sanctus,</strong></span> <span class='ocrx_word' id='word_1_443' title='bbox 2216 2370 2345 2426; x_wconf 91' lang='lat' dir='ltr'><strong>dum</strong></span> <span class='ocrx_word' id='word_1_444' title='bbox 2390 2369 2619 2441; x_wconf 89' lang='lat' dir='ltr'><strong>hujusce</strong></span> <span class='ocrx_word' id='word_1_445' title='bbox 2655 2371 2873 2426; x_wconf 82' lang='lat' dir='ltr'><strong>virtutis</strong></span> <span class='ocrx_word' id='word_1_446' title='bbox 2922 2370 3237 2427; x_wconf 78' lang='lat' dir='ltr'><strong>facultatem</strong></span> <span class='ocrx_word' id='word_1_447' title='bbox 3291 2373 3522 2442; x_wconf 86' lang='lat' dir='ltr'><strong>irrepre-</strong></span> 
     </span>
    </p>
   </div>
   <div class='ocr_carea' id='block_1_66' title="bbox 1944 2461 3524 2534">
    <p class='ocr_par' dir='ltr' id='par_1_66' title="bbox 1944 2461 3524 2534">
     <span class='ocr_line' id='line_1_66' title="bbox 1944 2461 3524 2534; baseline 0.002 -20"><span class='ocrx_word' id='word_1_448' title='bbox 1944 2461 2293 2527; x_wconf 88' lang='lat' dir='ltr'><strong>hensibilem,</strong></span> <span class='ocrx_word' id='word_1_449' title='bbox 2330 2477 2544 2533; x_wconf 89' lang='lat' dir='ltr'><strong>puram,</strong></span> <span class='ocrx_word' id='word_1_450' title='bbox 2577 2477 2861 2531; x_wconf 80' lang='lat' dir='ltr'><strong>capacem,</strong></span> <span class='ocrx_word' id='word_1_451' title='bbox 2893 2471 2949 2516; x_wconf 92' lang='lat' dir='ltr'><strong>et</strong></span> <span class='ocrx_word' id='word_1_452' title='bbox 2968 2462 3314 2534; x_wconf 82' lang='lat' dir='ltr'><strong>magniﬁcam</strong></span> <span class='ocrx_word' id='word_1_453' title='bbox 3340 2464 3524 2519; x_wconf 81' lang='lat' dir='ltr'><strong>subin-</strong></span> 
     </span>
    </p>
   </div>
   <div class='ocr_carea' id='block_1_67' title="bbox 1942 2551 3520 2623">
    <p class='ocr_par' dir='ltr' id='par_1_67' title="bbox 1942 2551 3520 2623">
     <span class='ocr_line' id='line_1_67' title="bbox 1942 2551 3520 2623; baseline 0 -17"><span class='ocrx_word' id='word_1_454' title='bbox 1942 2551 2107 2616; x_wconf 86' lang='lat' dir='ltr'><strong>dicat,</strong></span> <span class='ocrx_word' id='word_1_455' title='bbox 2138 2552 2375 2608; x_wconf 89' lang='lat' dir='ltr'><strong>instrues</strong></span> <span class='ocrx_word' id='word_1_456' title='bbox 2403 2568 2505 2608; x_wconf 92' lang='lat' dir='ltr'><strong>nos</strong></span> <span class='ocrx_word' id='word_1_457' title='bbox 2529 2570 2635 2623; x_wconf 89' lang='lat' dir='ltr'><strong>qua</strong></span> <span class='ocrx_word' id='word_1_458' title='bbox 2660 2553 2872 2609; x_wconf 87' lang='lat' dir='ltr'><strong>ratione</strong></span> <span class='ocrx_word' id='word_1_459' title='bbox 2904 2553 3216 2610; x_wconf 87' lang='lat' dir='ltr'><strong>ducendum</strong></span> <span class='ocrx_word' id='word_1_460' title='bbox 3272 2556 3344 2610; x_wconf 90' lang='lat' dir='ltr'><strong>sit</strong></span> <span class='ocrx_word' id='word_1_461' title='bbox 3371 2555 3440 2610; x_wconf 89' lang='lat' dir='ltr'><strong>ab</strong></span> <span class='ocrx_word' id='word_1_462' title='bbox 3461 2572 3520 2610; x_wconf 83' lang='lat' dir='ltr'><strong>ea</strong></span> 
     </span>
    </p>
   </div>
   <div class='ocr_carea' id='block_1_68' title="bbox 1944 2641 3521 2718">
    <p class='ocr_par' dir='ltr' id='par_1_68' title="bbox 1944 2641 3521 2718">
     <span class='ocr_line' id='line_1_68' title="bbox 1944 2641 3521 2718; baseline 0.003 -21"><span class='ocrx_word' id='word_1_463' title='bbox 1944 2641 2191 2711; x_wconf 84' lang='lat' dir='ltr'><strong>initium,</strong></span> <span class='ocrx_word' id='word_1_464' title='bbox 2213 2652 2375 2716; x_wconf 89' lang='lat' dir='ltr'><strong>atque</strong></span> <span class='ocrx_word' id='word_1_465' title='bbox 2422 2646 2901 2716; x_wconf 88' lang='lat' dir='ltr'><strong>couplementum:</strong></span> <span class='ocrx_word' id='word_1_466' title='bbox 2958 2647 3195 2702; x_wconf 82' lang='lat' dir='ltr'><strong>Attende</strong></span> <span class='ocrx_word' id='word_1_467' title='bbox 3250 2647 3350 2702; x_wconf 91' lang='lat' dir='ltr'><strong>tibi</strong></span> <span class='ocrx_word' id='word_1_468' title='bbox 3398 2648 3521 2718; x_wconf 82' lang='lat' dir='ltr'><strong>ipsi,</strong></span> 
     </span>
    </p>
   </div>
   <div class='ocr_carea' id='block_1_69' title="bbox 1941 2736 3524 2810">
    <p class='ocr_par' dir='ltr' id='par_1_69' title="bbox 1941 2736 3524 2810">
     <span class='ocr_line' id='line_1_69' title="bbox 1941 2736 3524 2810; baseline -0.001 -18"><span class='ocrx_word' id='word_1_469' title='bbox 1941 2739 2041 2807; x_wconf 85' lang='lat' dir='ltr'><strong>ait,</strong></span> <span class='ocrx_word' id='word_1_470' title='bbox 2067 2753 2139 2793; x_wconf 89' lang='lat' dir='ltr'><strong>ne</strong></span> <span class='ocrx_word' id='word_1_471' title='bbox 2166 2738 2390 2793; x_wconf 83' lang='lat' dir='ltr'><strong>verbum</strong></span> <span class='ocrx_word' id='word_1_472' title='bbox 2420 2739 2515 2791; x_wconf 85' lang='lat' dir='ltr'><strong>liat</strong></span> <span class='ocrx_word' id='word_1_473' title='bbox 2540 2738 2846 2792; x_wconf 86' lang='lat' dir='ltr'><strong>occultum:</strong></span> <span class='ocrx_word' id='word_1_474' title='bbox 2878 2736 3210 2808; x_wconf 73' lang='lat' dir='ltr'><strong>singularem</strong></span> <span class='ocrx_word' id='word_1_475' title='bbox 3241 2741 3524 2810; x_wconf 80' lang='lat' dir='ltr'><strong>appellans</strong></span> 
     </span>
    </p>
   </div>
   <div class='ocr_carea' id='block_1_70' title="bbox 1942 2830 3521 2902">
    <p class='ocr_par' dir='ltr' id='par_1_70' title="bbox 1942 2830 3521 2902">
     <span class='ocr_line' id='line_1_70' title="bbox 1942 2830 3521 2902; baseline 0.001 -15"><span class='ocrx_word' id='word_1_476' title='bbox 1942 2832 2363 2888; x_wconf 87' lang='lat' dir='ltr'><strong>ostentationem</strong></span> <span class='ocrx_word' id='word_1_477' title='bbox 2415 2830 2698 2901; x_wconf 84' lang='lat' dir='ltr'><strong>cujusdam</strong></span> <span class='ocrx_word' id='word_1_478' title='bbox 2753 2831 2832 2885; x_wconf 89' lang='lat' dir='ltr'><strong>rei</strong></span> <span class='ocrx_word' id='word_1_479' title='bbox 2888 2847 3070 2902; x_wconf 65' lang='lat' dir='ltr'><strong>pravae</strong></span> <span class='ocrx_word' id='word_1_480' title='bbox 3128 2833 3241 2888; x_wconf 89' lang='lat' dir='ltr'><strong>Deo</strong></span> <span class='ocrx_word' id='word_1_481' title='bbox 3297 2833 3521 2897; x_wconf 71' lang='lat' dir='ltr'><strong>odiosm,</strong></span> 
     </span>
    </p>
   </div>
   <div class='ocr_carea' id='block_1_71' title="bbox 1944 2922 3522 2994">
    <p class='ocr_par' dir='ltr' id='par_1_71' title="bbox 1944 2922 3522 2994">
     <span class='ocr_line' id='line_1_71' title="bbox 1944 2922 3522 2994; baseline 0 -16"><span class='ocrx_word' id='word_1_482' title='bbox 1944 2940 2109 2994; x_wconf 88' lang='lat' dir='ltr'><strong>quam</strong></span> <span class='ocrx_word' id='word_1_483' title='bbox 2144 2939 2276 2978; x_wconf 89' lang='lat' dir='ltr'><strong>sane</strong></span> <span class='ocrx_word' id='word_1_484' title='bbox 2328 2923 2519 2978; x_wconf 82' lang='lat' dir='ltr'><strong>Patres</strong></span> <span class='ocrx_word' id='word_1_485' title='bbox 2553 2922 2718 2977; x_wconf 88' lang='lat' dir='ltr'><strong>etiam</strong></span> <span class='ocrx_word' id='word_1_486' title='bbox 2766 2923 3055 2978; x_wconf 90' lang='lat' dir='ltr'><strong>nominant</strong></span> <span class='ocrx_word' id='word_1_487' title='bbox 3098 2925 3522 2994; x_wconf 81' lang='lat' dir='ltr'><strong>suggestionem,</strong></span> 
     </span>
    </p>
   </div>
   <div class='ocr_carea' id='block_1_72' title="bbox 1942 3012 3522 3084">
    <p class='ocr_par' dir='ltr' id='par_1_72' title="bbox 1942 3012 3522 3084">
     <span class='ocr_line' id='line_1_72' title="bbox 1942 3012 3522 3084; baseline -0.001 -15"><span class='ocrx_word' id='word_1_488' title='bbox 1942 3031 2063 3084; x_wconf 67' lang='lat' dir='ltr'><strong>quae</strong></span> <span class='ocrx_word' id='word_1_489' title='bbox 2088 3014 2239 3070; x_wconf 89' lang='lat' dir='ltr'><strong>cordi</strong></span> <span class='ocrx_word' id='word_1_490' title='bbox 2271 3023 2366 3070; x_wconf 89' lang='lat' dir='ltr'><strong>tuo</strong></span> <span class='ocrx_word' id='word_1_491' title='bbox 2398 3014 2710 3069; x_wconf 89' lang='lat' dir='ltr'><strong>obtruditur</strong></span> <span class='ocrx_word' id='word_1_492' title='bbox 2737 3030 2768 3068; x_wconf 89' lang='lat' dir='ltr'><strong>a</strong></span> <span class='ocrx_word' id='word_1_493' title='bbox 2818 3012 3056 3068; x_wconf 86' lang='lat' dir='ltr'><strong>diabolo.</strong></span> <span class='ocrx_word' id='word_1_494' title='bbox 3106 3014 3300 3080; x_wconf 79' lang='lat' dir='ltr'><strong>Quam,</strong></span> <span class='ocrx_word' id='word_1_495' title='bbox 3339 3015 3522 3070; x_wconf 88' lang='lat' dir='ltr'><strong>statim</strong></span> 
     </span>
    </p>
   </div>
   <div class='ocr_carea' id='block_1_73' title="bbox 1946 3103 3525 3177">
    <p class='ocr_par' dir='ltr' id='par_1_73' title="bbox 1946 3103 3525 3177">
     <span class='ocr_line' id='line_1_73' title="bbox 1946 3103 3525 3177; baseline 0.002 -18"><span class='ocrx_word' id='word_1_496' title='bbox 1946 3114 2008 3161; x_wconf 89' lang='lat' dir='ltr'><strong>ut</strong></span> <span class='ocrx_word' id='word_1_497' title='bbox 2062 3121 2182 3160; x_wconf 86' lang='lat' dir='ltr'><strong>sese</strong></span> <span class='ocrx_word' id='word_1_498' title='bbox 2208 3105 2522 3161; x_wconf 76' lang='lat' dir='ltr'><strong>exhibuerit</strong></span> <span class='ocrx_word' id='word_1_499' title='bbox 2563 3103 2753 3170; x_wconf 89' lang='lat' dir='ltr'><strong>menti,</strong></span> <span class='ocrx_word' id='word_1_500' title='bbox 2804 3113 3110 3174; x_wconf 88' lang='lat' dir='ltr'><strong>sequuntur</strong></span> <span class='ocrx_word' id='word_1_501' title='bbox 3165 3106 3525 3177; x_wconf 75' lang='lat' dir='ltr'><strong>cogitationes</strong></span> 
     </span>
    </p>
   </div>
   <div class='ocr_carea' id='block_1_74' title="bbox 1869 3178 3527 3268">
    <p class='ocr_par' dir='ltr' id='par_1_74' title="bbox 1869 3178 3527 3268">
     <span class='ocr_line' id='line_1_74' title="bbox 1869 3178 3527 3268; baseline 0.002 -17"><span class='ocrx_word' id='word_1_502' title='bbox 1869 3178 1912 3236; x_wconf 65' lang='grc' dir='ltr'><strong>(ἶ</strong></span> <span class='ocrx_word' id='word_1_503' title='bbox 1947 3206 2175 3265; x_wconf 68' lang='lat' dir='ltr'><strong>nostrae,</strong></span> <span class='ocrx_word' id='word_1_504' title='bbox 2239 3206 2295 3253; x_wconf 88' lang='lat' dir='ltr'><strong>ct</strong></span> <span class='ocrx_word' id='word_1_505' title='bbox 2346 3213 2469 3253; x_wconf 88' lang='lat' dir='ltr'><strong>eum</strong></span> <span class='ocrx_word' id='word_1_506' title='bbox 2524 3213 2587 3252; x_wconf 81' lang='lat' dir='ltr'><strong>ea</strong></span> <span class='ocrx_word' id='word_1_507' title='bbox 2641 3198 2908 3268; x_wconf 89' lang='lat' dir='ltr'><strong>colloquia</strong></span> <span class='ocrx_word' id='word_1_508' title='bbox 2950 3200 3184 3255; x_wconf 90' lang='lat' dir='ltr'><strong>miscent</strong></span> <span class='ocrx_word' id='word_1_509' title='bbox 3235 3200 3527 3257; x_wconf 67' lang='lat' dir='ltr'><strong>adectibus</strong></span> 
     </span>
    </p>
   </div>
   <div class='ocr_carea' id='block_1_75' title="bbox 1946 3292 2128 3361">
    <p class='ocr_par' dir='ltr' id='par_1_75' title="bbox 1946 3292 2128 3361">
     <span class='ocr_line' id='line_1_75' title="bbox 1946 3292 2128 3361; baseline 0.005 -16"><span class='ocrx_word' id='word_1_510' title='bbox 1946 3292 2128 3361; x_wconf 89' lang='lat' dir='ltr'><strong>plena.</strong></span> 
     </span>
    </p>
   </div>
   <div class='ocr_carea' id='block_1_76' title="bbox 2019 3382 3529 3456">
    <p class='ocr_par' dir='ltr' id='par_1_76' title="bbox 2019 3382 3529 3456">
     <span class='ocr_line' id='line_1_76' title="bbox 2019 3382 3529 3456; baseline 0.005 -18"><span class='ocrx_word' id='word_1_511' title='bbox 2019 3386 2072 3439; x_wconf 83' lang='lat'><strong>5.</strong></span> <span class='ocrx_word' id='word_1_512' title='bbox 2114 3382 2498 3455; x_wconf 88' lang='lat' dir='ltr'><strong>Temperantia</strong></span> <span class='ocrx_word' id='word_1_513' title='bbox 2546 3393 2633 3440; x_wconf 90' lang='lat' dir='ltr'><strong>est</strong></span> <span class='ocrx_word' id='word_1_514' title='bbox 2683 3383 2769 3440; x_wconf 86' lang='lat' dir='ltr'><strong>via</strong></span> <span class='ocrx_word' id='word_1_515' title='bbox 2826 3385 3089 3441; x_wconf 88' lang='lat' dir='ltr'><strong>virtutum</strong></span> <span class='ocrx_word' id='word_1_516' title='bbox 3136 3388 3422 3456; x_wconf 90' lang='lat' dir='ltr'><strong>omnium,</strong></span> <span class='ocrx_word' id='word_1_517' title='bbox 3470 3400 3529 3446; x_wconf 88' lang='lat' dir='ltr'><strong>et</strong></span> 
     </span>
    </p>
   </div>
   <div class='ocr_carea' id='block_1_77' title="bbox 1946 3475 3527 3547">
    <p class='ocr_par' dir='ltr' id='par_1_77' title="bbox 1946 3475 3527 3547">
     <span class='ocr_line' id='line_1_77' title="bbox 1946 3475 3527 3547; baseline 0.004 -18"><span class='ocrx_word' id='word_1_518' title='bbox 1946 3476 2330 3531; x_wconf 86' lang='lat' dir='ltr'><strong>mandatorum</strong></span> <span class='ocrx_word' id='word_1_519' title='bbox 2392 3475 2511 3542; x_wconf 89' lang='lat' dir='ltr'><strong>Dei,</strong></span> <span class='ocrx_word' id='word_1_520' title='bbox 2540 3492 2662 3546; x_wconf 71' lang='lat' dir='ltr'><strong>qua:</strong></span> <span class='ocrx_word' id='word_1_521' title='bbox 2695 3477 2913 3546; x_wconf 85' lang='lat' dir='ltr'><strong>quidem</strong></span> <span class='ocrx_word' id='word_1_522' title='bbox 2965 3479 3128 3537; x_wconf 82' lang='lat' dir='ltr'><strong>etiam</strong></span> <span class='ocrx_word' id='word_1_523' title='bbox 3164 3489 3250 3535; x_wconf 89' lang='lat' dir='ltr'><strong>est</strong></span> <span class='ocrx_word' id='word_1_524' title='bbox 3292 3496 3406 3547; x_wconf 89' lang='lat' dir='ltr'><strong>cor,</strong></span> <span class='ocrx_word' id='word_1_525' title='bbox 3469 3492 3527 3536; x_wconf 87' lang='lat' dir='ltr'><strong>ct</strong></span> 
     </span>
    </p>
   </div>
   <div class='ocr_carea' id='block_1_78' title="bbox 1944 3565 3523 3640">
    <p class='ocr_par' dir='ltr' id='par_1_78' title="bbox 1944 3565 3523 3640">
     <span class='ocr_line' id='line_1_78' title="bbox 1944 3565 3523 3640; baseline 0.008 -27"><span class='ocrx_word' id='word_1_526' title='bbox 1944 3565 2134 3635; x_wconf 82' lang='lat' dir='ltr'><strong>quies:</strong></span> <span class='ocrx_word' id='word_1_527' title='bbox 2190 3566 2490 3636; x_wconf 88' lang='lat' dir='ltr'><strong>eademque</strong></span> <span class='ocrx_word' id='word_1_528' title='bbox 2540 3566 2608 3620; x_wconf 91' lang='lat' dir='ltr'><strong>ad</strong></span> <span class='ocrx_word' id='word_1_529' title='bbox 2676 3565 3003 3621; x_wconf 76' lang='lat' dir='ltr'><strong>vacuitatem</strong></span> <span class='ocrx_word' id='word_1_530' title='bbox 3073 3567 3523 3640; x_wconf 83' lang='lat' dir='ltr'><strong>imaginationum</strong></span> 
     </span>
    </p>
   </div>
   <div class='ocr_carea' id='block_1_79' title="bbox 1945 3660 3086 3729">
    <p class='ocr_par' dir='ltr' id='par_1_79' title="bbox 1945 3660 3086 3729">
     <span class='ocr_line' id='line_1_79' title="bbox 1945 3660 3086 3729; baseline 0.002 -15"><span class='ocrx_word' id='word_1_531' title='bbox 1945 3660 2187 3729; x_wconf 84' lang='lat' dir='ltr'><strong>perfecte</strong></span> <span class='ocrx_word' id='word_1_532' title='bbox 2210 3661 2452 3725; x_wconf 82' lang='lat' dir='ltr'><strong>redacta,</strong></span> <span class='ocrx_word' id='word_1_533' title='bbox 2487 3661 2687 3716; x_wconf 88' lang='lat' dir='ltr'><strong>mentis</strong></span> <span class='ocrx_word' id='word_1_534' title='bbox 2708 3672 2791 3716; x_wconf 80' lang='lat' dir='ltr'><strong>est</strong></span> <span class='ocrx_word' id='word_1_535' title='bbox 2819 3662 3086 3717; x_wconf 90' lang='lat' dir='ltr'><strong>custodia.</strong></span> 
     </span>
    </p>
   </div>
   <div class='ocr_carea' id='block_1_80' title="bbox 2013 3750 3523 3817">
    <p class='ocr_par' dir='ltr' id='par_1_80' title="bbox 2013 3750 3523 3817">
     <span class='ocr_line' id='line_1_80' title="bbox 2013 3750 3523 3817; baseline 0.006 -15"><span class='ocrx_word' id='word_1_536' title='bbox 2013 3750 2070 3804; x_wconf 76' lang='grc'><strong>4.</strong></span> <span class='ocrx_word' id='word_1_537' title='bbox 2101 3750 2205 3816; x_wconf 78' lang='lat' dir='ltr'><strong>Qui</strong></span> <span class='ocrx_word' id='word_1_538' title='bbox 2234 3761 2541 3807; x_wconf 67' lang='lat' dir='ltr'><strong>excaecatus</strong></span> <span class='ocrx_word' id='word_1_539' title='bbox 2571 3761 2675 3817; x_wconf 87' lang='lat' dir='ltr'><strong>est,</strong></span> <span class='ocrx_word' id='word_1_540' title='bbox 2705 3767 2815 3806; x_wconf 91' lang='lat' dir='ltr'><strong>non</strong></span> <span class='ocrx_word' id='word_1_541' title='bbox 2844 3752 2995 3807; x_wconf 80' lang='lat' dir='ltr'><strong>videt</strong></span> <span class='ocrx_word' id='word_1_542' title='bbox 3020 3753 3151 3808; x_wconf 88' lang='lat' dir='ltr'><strong>solis</strong></span> <span class='ocrx_word' id='word_1_543' title='bbox 3199 3752 3421 3810; x_wconf 89' lang='lat' dir='ltr'><strong>lumen:</strong></span> <span class='ocrx_word' id='word_1_544' title='bbox 3449 3757 3523 3811; x_wconf 86' lang='lat' dir='ltr'><strong>ita</strong></span> 
     </span>
    </p>
   </div>
   <div class='ocr_carea' id='block_1_81' title="bbox 1943 3843 3522 3919">
    <p class='ocr_par' dir='ltr' id='par_1_81' title="bbox 1943 3843 3522 3919">
     <span class='ocr_line' id='line_1_81' title="bbox 1943 3843 3522 3919; baseline 0.005 -23"><span class='ocrx_word' id='word_1_545' title='bbox 1943 3843 2037 3911; x_wconf 90' lang='lat' dir='ltr'><strong>qui</strong></span> <span class='ocrx_word' id='word_1_546' title='bbox 2091 3858 2205 3897; x_wconf 88' lang='lat' dir='ltr'><strong>non</strong></span> <span class='ocrx_word' id='word_1_547' title='bbox 2258 3844 2499 3899; x_wconf 83' lang='lat' dir='ltr'><strong>ambulat</strong></span> <span class='ocrx_word' id='word_1_548' title='bbox 2556 3853 2943 3914; x_wconf 74' lang='lat' dir='ltr'><strong>temperanter,</strong></span> <span class='ocrx_word' id='word_1_549' title='bbox 3008 3843 3280 3915; x_wconf 90' lang='lat' dir='ltr'><strong>pretiosos</strong></span> <span class='ocrx_word' id='word_1_550' title='bbox 3334 3849 3522 3919; x_wconf 60' lang='lat' dir='ltr'><strong>gratiae</strong></span> 
     </span>
    </p>
   </div>
   <div class='ocr_carea' id='block_1_82' title="bbox 1943 3937 3523 4014">
    <p class='ocr_par' dir='ltr' id='par_1_82' title="bbox 1943 3937 3523 4014">
     <span class='ocr_line' id='line_1_82' title="bbox 1943 3937 3523 4014; baseline 0.006 -23"><span class='ocrx_word' id='word_1_551' title='bbox 1943 3951 2197 4006; x_wconf 82' lang='lat' dir='ltr'><strong>supernae</strong></span> <span class='ocrx_word' id='word_1_552' title='bbox 2233 3937 2555 4007; x_wconf 77' lang='lat' dir='ltr'><strong>Splendores</strong></span> <span class='ocrx_word' id='word_1_553' title='bbox 2617 3938 2812 4009; x_wconf 87' lang='lat' dir='ltr'><strong>nequit</strong></span> <span class='ocrx_word' id='word_1_554' title='bbox 2855 3939 3201 4009; x_wconf 84' lang='lat' dir='ltr'><strong>perspicere:</strong></span> <span class='ocrx_word' id='word_1_555' title='bbox 3261 3958 3441 4014; x_wconf 88' lang='lat' dir='ltr'><strong>neque</strong></span> <span class='ocrx_word' id='word_1_556' title='bbox 3491 3960 3523 3999; x_wconf 87' lang='lat' dir='ltr'><strong>a</strong></span> 
     </span>
    </p>
   </div>
   <div class='ocr_carea' id='block_1_83' title="bbox 1945 4028 3525 4105">
    <p class='ocr_par' dir='ltr' id='par_1_83' title="bbox 1945 4028 3525 4105">
     <span class='ocr_line' id='line_1_83' title="bbox 1945 4028 3525 4105; baseline 0.004 -23"><span class='ocrx_word' id='word_1_557' title='bbox 1945 4028 2100 4083; x_wconf 86' lang='lat' dir='ltr'><strong>malis</strong></span> <span class='ocrx_word' id='word_1_558' title='bbox 2122 4037 2179 4083; x_wconf 88' lang='lat' dir='ltr'><strong>et</strong></span> <span class='ocrx_word' id='word_1_559' title='bbox 2210 4028 2320 4084; x_wconf 90' lang='lat' dir='ltr'><strong>Deo</strong></span> <span class='ocrx_word' id='word_1_560' title='bbox 2352 4029 2556 4084; x_wconf 86' lang='lat' dir='ltr'><strong>odiosis</strong></span> <span class='ocrx_word' id='word_1_561' title='bbox 2587 4030 2866 4099; x_wconf 83' lang='lat' dir='ltr'><strong>operibus,</strong></span> <span class='ocrx_word' id='word_1_562' title='bbox 2896 4031 3267 4094; x_wconf 86' lang='lat' dir='ltr'><strong>sermonibus,</strong></span> <span class='ocrx_word' id='word_1_563' title='bbox 3288 4042 3345 4089; x_wconf 91' lang='lat' dir='ltr'><strong>et</strong></span> <span class='ocrx_word' id='word_1_564' title='bbox 3378 4037 3525 4105; x_wconf 83' lang='lat' dir='ltr'><strong>cogi-</strong></span> 
     </span>
    </p>
   </div>
   <div class='ocr_carea' id='block_1_84' title="bbox 1944 4122 3522 4193">
    <p class='ocr_par' dir='ltr' id='par_1_84' title="bbox 1944 4122 3522 4193">
     <span class='ocr_line' id='line_1_84' title="bbox 1944 4122 3522 4193; baseline 0.004 -17"><span class='ocrx_word' id='word_1_565' title='bbox 1944 4122 2243 4179; x_wconf 88' lang='lat' dir='ltr'><strong>tationibus</strong></span> <span class='ocrx_word' id='word_1_566' title='bbox 2289 4122 2633 4178; x_wconf 86' lang='lat' dir='ltr'><strong>liberabitur.</strong></span> <span class='ocrx_word' id='word_1_567' title='bbox 2678 4124 2747 4178; x_wconf 90' lang='lat' dir='ltr'><strong>Et</strong></span> <span class='ocrx_word' id='word_1_568' title='bbox 2782 4123 2828 4178; x_wconf 91' lang='lat' dir='ltr'><strong>is</strong></span> <span class='ocrx_word' id='word_1_569' title='bbox 2852 4132 3095 4193; x_wconf 87' lang='lat' dir='ltr'><strong>tempore</strong></span> <span class='ocrx_word' id='word_1_570' title='bbox 3139 4125 3337 4193; x_wconf 80' lang='lat' dir='ltr'><strong>exitus,</strong></span> <span class='ocrx_word' id='word_1_571' title='bbox 3372 4128 3522 4182; x_wconf 79' lang='lat' dir='ltr'><strong>nulla</strong></span> 
     </span>
    </p>
   </div>
   <div class='ocr_carea' id='block_1_85' title="bbox 1942 4214 3525 4290">
    <p class='ocr_par' dir='ltr' id='par_1_85' title="bbox 1942 4214 3525 4290">
     <span class='ocr_line' id='line_1_85' title="bbox 1942 4214 3525 4290; baseline 0.004 -21"><span class='ocrx_word' id='word_1_572' title='bbox 1942 4214 2112 4270; x_wconf 87' lang='lat' dir='ltr'><strong>libere</strong></span> <span class='ocrx_word' id='word_1_573' title='bbox 2134 4216 2401 4272; x_wconf 85' lang='lat' dir='ltr'><strong>evadendi</strong></span> <span class='ocrx_word' id='word_1_574' title='bbox 2418 4216 2631 4270; x_wconf 88' lang='lat' dir='ltr'><strong>ratione</strong></span> <span class='ocrx_word' id='word_1_575' title='bbox 2659 4229 2949 4287; x_wconf 85' lang='lat' dir='ltr'><strong>perpensa,</strong></span> <span class='ocrx_word' id='word_1_576' title='bbox 2978 4225 3338 4274; x_wconf 87' lang='lat' dir='ltr'><strong>tartareorum</strong></span> <span class='ocrx_word' id='word_1_577' title='bbox 3365 4221 3525 4290; x_wconf 88' lang='lat' dir='ltr'><strong>prin-</strong></span> 
     </span>
    </p>
   </div>
   <div class='ocr_carea' id='block_1_86' title="bbox 1945 4306 2755 4379">
    <p class='ocr_par' dir='ltr' id='par_1_86' title="bbox 1945 4306 2755 4379">
     <span class='ocr_line' id='line_1_86' title="bbox 1945 4306 2755 4379; baseline 0.001 -19"><span class='ocrx_word' id='word_1_578' title='bbox 1945 4306 2128 4377; x_wconf 89' lang='lat' dir='ltr'><strong>cipum</strong></span> <span class='ocrx_word' id='word_1_579' title='bbox 2149 4323 2344 4363; x_wconf 86' lang='lat' dir='ltr'><strong>manus</strong></span> <span class='ocrx_word' id='word_1_580' title='bbox 2369 4324 2480 4363; x_wconf 90' lang='lat' dir='ltr'><strong>non</strong></span> <span class='ocrx_word' id='word_1_581' title='bbox 2512 4307 2755 4379; x_wconf 80' lang='lat' dir='ltr'><strong>eﬂ‘ugiet.</strong></span> 
     </span>
    </p>
   </div>
   <div class='ocr_carea' id='block_1_87' title="bbox 2019 4400 3527 4473">
    <p class='ocr_par' dir='ltr' id='par_1_87' title="bbox 2019 4400 3527 4473">
     <span class='ocr_line' id='line_1_87' title="bbox 2019 4400 3527 4473; baseline 0.004 -18"><span class='ocrx_word' id='word_1_582' title='bbox 2019 4400 2072 4455; x_wconf 87' lang='lat'><strong>5.</strong></span> <span class='ocrx_word' id='word_1_583' title='bbox 2107 4400 2353 4456; x_wconf 88' lang='lat' dir='ltr'><strong>Attentio</strong></span> <span class='ocrx_word' id='word_1_584' title='bbox 2379 4410 2464 4456; x_wconf 91' lang='lat' dir='ltr'><strong>est</strong></span> <span class='ocrx_word' id='word_1_585' title='bbox 2491 4401 2750 4456; x_wconf 87' lang='lat' dir='ltr'><strong>continua</strong></span> <span class='ocrx_word' id='word_1_586' title='bbox 2780 4400 2963 4457; x_wconf 85' lang='lat' dir='ltr'><strong>cordis</strong></span> <span class='ocrx_word' id='word_1_587' title='bbox 3001 4404 3242 4473; x_wconf 85' lang='lat' dir='ltr'><strong>requies,</strong></span> <span class='ocrx_word' id='word_1_588' title='bbox 3288 4405 3357 4461; x_wconf 89' lang='lat' dir='ltr'><strong>ab</strong></span> <span class='ocrx_word' id='word_1_589' title='bbox 3404 4420 3527 4460; x_wconf 88' lang='lat' dir='ltr'><strong>om—</strong></span> 
     </span>
    </p>
   </div>
   <div class='ocr_carea' id='block_1_88' title="bbox 254 4473 1840 4566">
    <p class='ocr_par' dir='ltr' id='par_1_88' title="bbox 254 4473 1840 4566">
     <span class='ocr_line' id='line_1_88' title="bbox 254 4473 1840 4566; baseline 0.014 -42"><span class='ocrx_word' id='word_1_590' title='bbox 254 4473 603 4566; x_wconf 30' lang='grc' dir='ltr'>απὸῌπαντὸς</span> <span class='ocrx_word' id='word_1_591' title='bbox 629 4476 913 4549; x_wconf 75' lang='grc' dir='ltr'>λογισμοῦ,</span> <span class='ocrx_word' id='word_1_592' title='bbox 940 4484 1177 4552; x_wconf 85' lang='grc' dir='ltr'>Χριστὸν</span> <span class='ocrx_word' id='word_1_593' title='bbox 1218 4486 1427 4555; x_wconf 82' lang='grc' dir='ltr'>Ἰησοῦν</span> <span class='ocrx_word' id='word_1_594' title='bbox 1449 4488 1539 4543; x_wconf 82' lang='grc' dir='ltr'><strong>τὸν</strong></span> <span class='ocrx_word' id='word_1_595' title='bbox 1574 4488 1702 4544; x_wconf 83' lang='grc' dir='ltr'>Υίὸν</span> <span class='ocrx_word' id='word_1_596' title='bbox 1743 4492 1840 4545; x_wconf 85' lang='grc' dir='ltr'><strong>τοῦ</strong></span> 
     </span>
    </p>
   </div>
   <div class='ocr_carea' id='block_1_89' title="bbox 1952 4473 3524 4566">
    <p class='ocr_par' dir='ltr' id='par_1_89' title="bbox 1952 4492 3524 4563">
     <span class='ocr_line' id='line_1_89' title="bbox 1952 4492 3524 4563; baseline 0.003 -17"><span class='ocrx_word' id='word_1_597' title='bbox 1952 4492 2110 4547; x_wconf 89' lang='lat' dir='ltr'><strong>nibus</strong></span> <span class='ocrx_word' id='word_1_598' title='bbox 2172 4492 2597 4563; x_wconf 74' lang='lat' dir='ltr'><strong>cogitationibus</strong></span> <span class='ocrx_word' id='word_1_599' title='bbox 2638 4492 2855 4548; x_wconf 85' lang='lat' dir='ltr'><strong>libera:</strong></span> <span class='ocrx_word' id='word_1_600' title='bbox 2918 4508 3042 4563; x_wconf 65' lang='lat' dir='ltr'><strong>qua:</strong></span> <span class='ocrx_word' id='word_1_601' title='bbox 3096 4495 3273 4549; x_wconf 88' lang='lat' dir='ltr'><strong>solum</strong></span> <span class='ocrx_word' id='word_1_602' title='bbox 3336 4494 3524 4551; x_wconf 83' lang='lat' dir='ltr'><strong>Jesum</strong></span> 
     </span>
    </p>
   </div>
   <div class='ocr_carea' id='block_1_90' title="bbox 255 4563 1846 4650">
    <p class='ocr_par' dir='ltr' id='par_1_90' title="bbox 255 4563 1846 4650">
     <span class='ocr_line' id='line_1_90' title="bbox 255 4563 1846 4650; baseline 0.015 -35"><span class='ocrx_word' id='word_1_603' title='bbox 255 4563 395 4617; x_wconf 83' lang='grc' dir='ltr'><strong>Θεοῦ</strong></span> <span class='ocrx_word' id='word_1_604' title='bbox 431 4568 526 4631; x_wconf 61' lang='grc' dir='ltr'><strong>καὶ</strong></span> <span class='ocrx_word' id='word_1_605' title='bbox 565 4568 698 4621; x_wconf 81' lang='grc' dir='ltr'>Θεὸν</span> <span class='ocrx_word' id='word_1_606' title='bbox 742 4572 830 4624; x_wconf 78' lang='grc' dir='ltr'><strong>ἀεὶ</strong></span> <span class='ocrx_word' id='word_1_607' title='bbox 888 4574 985 4626; x_wconf 71' lang='grc' dir='ltr'>καὶ</span> <span class='ocrx_word' id='word_1_608' title='bbox 1043 4576 1289 4641; x_wconf 77' lang='grc' dir='ltr'>ἀεννάως</span> <span class='ocrx_word' id='word_1_609' title='bbox 1327 4581 1425 4634; x_wconf 75' lang='grc' dir='ltr'>καὶ</span> <span class='ocrx_word' id='word_1_610' title='bbox 1482 4582 1846 4650; x_wconf 84' lang='grc' dir='ltr'>ἀδιαλείπτως</span> 
     </span>
    </p>
   </div>
   <div class='ocr_carea' id='block_1_91' title="bbox 259 4655 1848 4745">
    <p class='ocr_par' dir='ltr' id='par_1_91' title="bbox 259 4655 1848 4745">
     <span class='ocr_line' id='line_1_91' title="bbox 259 4655 1848 4745; baseline 0.015 -38"><span class='ocrx_word' id='word_1_611' title='bbox 259 4655 425 4725; x_wconf 75' lang='grc' dir='ltr'>μόνον</span> <span class='ocrx_word' id='word_1_612' title='bbox 474 4658 638 4714; x_wconf 78' lang='grc' dir='ltr'>αὐτὸν</span> <span class='ocrx_word' id='word_1_613' title='bbox 683 4664 1053 4731; x_wconf 86' lang='grc' dir='ltr'>ἀναπνέουσα,</span> <span class='ocrx_word' id='word_1_614' title='bbox 1110 4670 1207 4722; x_wconf 76' lang='grc' dir='ltr'>καὶ</span> <span class='ocrx_word' id='word_1_615' title='bbox 1260 4672 1703 4745; x_wconf 84' lang='grc' dir='ltr'>ἐπικαλουμένη,</span> <span class='ocrx_word' id='word_1_616' title='bbox 1753 4679 1848 4731; x_wconf 77' lang='grc' dir='ltr'>καὶ</span> 
     </span>
    </p>
   </div>
   <div class='ocr_carea' id='block_1_92' title="bbox 256 4749 1842 4840">
    <p class='ocr_par' dir='ltr' id='par_1_92' title="bbox 256 4749 1842 4840">
     <span class='ocr_line' id='line_1_92' title="bbox 256 4749 1842 4840; baseline 0.014 -40"><span class='ocrx_word' id='word_1_617' title='bbox 256 4749 524 4819; x_wconf 79' lang='grc' dir='ltr'>ἀνδρείως</span> <span class='ocrx_word' id='word_1_618' title='bbox 572 4753 710 4823; x_wconf 83' lang='grc' dir='ltr'>πρὸς</span> <span class='ocrx_word' id='word_1_619' title='bbox 756 4757 885 4821; x_wconf 76' lang='grc' dir='ltr'>τοὺς</span> <span class='ocrx_word' id='word_1_620' title='bbox 935 4758 1169 4830; x_wconf 67' lang='grc' dir='ltr'>ἐχθροὺς</span> <span class='ocrx_word' id='word_1_621' title='bbox 1216 4766 1630 4838; x_wconf 83' lang='grc' dir='ltr'>συντασσομένη</span> <span class='ocrx_word' id='word_1_622' title='bbox 1670 4768 1842 4840; x_wconf 81' lang='grc' dir='ltr'>αὐτῷ,</span> 
     </span>
    </p>
   </div>
   <div class='ocr_carea' id='block_1_93' title="bbox 256 4841 1846 4931">
    <p class='ocr_par' dir='ltr' id='par_1_93' title="bbox 256 4841 1846 4931">
     <span class='ocr_line' id='line_1_93' title="bbox 256 4841 1846 4931; baseline 0.014 -38"><span class='ocrx_word' id='word_1_623' title='bbox 256 4841 410 4911; x_wconf 78' lang='grc' dir='ltr'>αὐτῷ</span> <span class='ocrx_word' id='word_1_624' title='bbox 440 4859 498 4894; x_wconf 85' lang='grc' dir='ltr'><strong>τε</strong></span> <span class='ocrx_word' id='word_1_625' title='bbox 533 4843 1005 4920; x_wconf 78' lang='grc' dir='ltr'>ἐξομολογουμένη</span> <span class='ocrx_word' id='word_1_626' title='bbox 1032 4851 1112 4921; x_wconf 84' lang='grc' dir='ltr'>τῷ</span> <span class='ocrx_word' id='word_1_627' title='bbox 1136 4852 1394 4918; x_wconf 81' lang='grc' dir='ltr'>ἐξουσίαν</span> <span class='ocrx_word' id='word_1_628' title='bbox 1422 4856 1600 4927; x_wconf 78' lang='grc' dir='ltr'>ἔχοντι</span> <span class='ocrx_word' id='word_1_629' title='bbox 1632 4876 1846 4931; x_wconf 83' lang='grc' dir='ltr'>συγχω-</span> 
     </span>
    </p>
   </div>
   <div class='ocr_carea' id='block_1_94' title="bbox 258 4934 1845 5023">
    <p class='ocr_par' dir='ltr' id='par_1_94' title="bbox 258 4934 1845 5023">
     <span class='ocr_line' id='line_1_94' title="bbox 258 4934 1845 5023; baseline 0.016 -41"><span class='ocrx_word' id='word_1_630' title='bbox 258 4935 375 5002; x_wconf 84' lang='grc' dir='ltr'>ρεῖν</span> <span class='ocrx_word' id='word_1_631' title='bbox 412 4934 808 5004; x_wconf 81' lang='grc' dir='ltr'>ἁμαρτήματα.</span> <span class='ocrx_word' id='word_1_632' title='bbox 862 4942 1391 5017; x_wconf 79' lang='grc' dir='ltr'>Περιπτυσσομένης</span> <span class='ocrx_word' id='word_1_633' title='bbox 1441 4948 1550 5020; x_wconf 81' lang='grc' dir='ltr'>γὰρ</span> <span class='ocrx_word' id='word_1_634' title='bbox 1606 4953 1845 5023; x_wconf 87' lang='grc' dir='ltr'>συνεχῶς</span> 
     </span>
    </p>
   </div>
   <div class='ocr_carea' id='block_1_95' title="bbox 255 5023 1846 5114">
    <p class='ocr_par' dir='ltr' id='par_1_95' title="bbox 255 5023 1846 5114">
     <span class='ocr_line' id='line_1_95' title="bbox 255 5023 1846 5114; baseline 0.015 -41"><span class='ocrx_word' id='word_1_635' title='bbox 255 5023 481 5114; x_wconf 45' lang='grc' dir='ltr'>Χριστῷ</span> <span class='ocrx_word' id='word_1_636' title='bbox 520 5026 589 5077; x_wconf 80' lang='grc' dir='ltr'><strong>δι’</strong></span> <span class='ocrx_word' id='word_1_637' title='bbox 616 5028 961 5100; x_wconf 69' lang='grc' dir='ltr'>ἐπικλήσεως</span> <span class='ocrx_word' id='word_1_638' title='bbox 987 5035 1250 5105; x_wconf 87' lang='grc' dir='ltr'>κρυπτῶς</span> <span class='ocrx_word' id='word_1_639' title='bbox 1278 5038 1436 5113; x_wconf 82' lang='grc' dir='ltr'>μόνῳ</span> <span class='ocrx_word' id='word_1_640' title='bbox 1465 5040 1543 5109; x_wconf 84' lang='grc' dir='ltr'>τῷ</span> <span class='ocrx_word' id='word_1_641' title='bbox 1567 5040 1666 5106; x_wconf 72' lang='grc' dir='ltr'><strong>τὰς</strong></span> <span class='ocrx_word' id='word_1_642' title='bbox 1708 5059 1846 5114; x_wconf 84' lang='grc' dir='ltr'>καρ-</span> 
     </span>
    </p>
   </div>
   <div class='ocr_carea' id='block_1_96' title="bbox 253 5111 1845 5198">
    <p class='ocr_par' dir='ltr' id='par_1_96' title="bbox 253 5111 1845 5198">
     <span class='ocr_line' id='line_1_96' title="bbox 253 5111 1845 5198; baseline 0.017 -34"><span class='ocrx_word' id='word_1_643' title='bbox 253 5111 374 5176; x_wconf 84' lang='grc' dir='ltr'>δίας</span> <span class='ocrx_word' id='word_1_644' title='bbox 408 5115 807 5191; x_wconf 73' lang='grc' dir='ltr'>ἐξεταζομένῳ,</span> <span class='ocrx_word' id='word_1_645' title='bbox 854 5124 980 5187; x_wconf 81' lang='grc' dir='ltr'>τοὺς</span> <span class='ocrx_word' id='word_1_646' title='bbox 1025 5125 1346 5198; x_wconf 76' lang='grc' dir='ltr'>ἀνθρώπους</span> <span class='ocrx_word' id='word_1_647' title='bbox 1378 5111 1436 5185; x_wconf 86' lang='grc' dir='ltr'><strong>τε</strong></span> <span class='ocrx_word' id='word_1_648' title='bbox 1467 5132 1679 5198; x_wconf 65' lang='grc' dir='ltr'>πέντας</span> <span class='ocrx_word' id='word_1_649' title='bbox 1711 5111 1845 5190; x_wconf 77' lang='grc' dir='ltr'>παν-</span> 
     </span>
    </p>
   </div>
   <div class='ocr_carea' id='block_1_97' title="bbox 253 5204 1845 5298">
    <p class='ocr_par' dir='ltr' id='par_1_97' title="bbox 253 5204 1845 5298">
     <span class='ocr_line' id='line_1_97' title="bbox 253 5204 1845 5298; baseline 0.018 -43"><span class='ocrx_word' id='word_1_650' title='bbox 253 5204 415 5298; x_wconf 83' lang='grc' dir='ltr'>τοίως</span> <span class='ocrx_word' id='word_1_651' title='bbox 449 5206 634 5262; x_wconf 85' lang='grc' dir='ltr'>λαθεῖν</span> <span class='ocrx_word' id='word_1_652' title='bbox 669 5213 1019 5287; x_wconf 84' lang='grc' dir='ltr'>πειρωμένης</span> <span class='ocrx_word' id='word_1_653' title='bbox 1049 5218 1151 5289; x_wconf 80' lang='grc' dir='ltr'>τῆς</span> <span class='ocrx_word' id='word_1_654' title='bbox 1182 5219 1364 5293; x_wconf 78' lang='grc' dir='ltr'>ψυχῆς</span> <span class='ocrx_word' id='word_1_655' title='bbox 1395 5225 1494 5296; x_wconf 83' lang='grc' dir='ltr'><strong>τὴν</strong></span> <span class='ocrx_word' id='word_1_656' title='bbox 1526 5226 1845 5298; x_wconf 84' lang='grc' dir='ltr'>γλυκύτητα</span> 
     </span>
    </p>
   </div>
   <div class='ocr_carea' id='block_1_98' title="bbox 255 5296 1843 5389">
    <p class='ocr_par' dir='ltr' id='par_1_98' title="bbox 255 5296 1843 5389">
     <span class='ocr_line' id='line_1_98' title="bbox 255 5296 1843 5389; baseline 0.018 -42"><span class='ocrx_word' id='word_1_657' title='bbox 255 5296 448 5365; x_wconf 76' lang='grc' dir='ltr'>αὐτῆς,</span> <span class='ocrx_word' id='word_1_658' title='bbox 476 5300 569 5353; x_wconf 75' lang='grc' dir='ltr'>καὶ</span> <span class='ocrx_word' id='word_1_659' title='bbox 600 5301 691 5354; x_wconf 80' lang='grc' dir='ltr'>τὸν</span> <span class='ocrx_word' id='word_1_660' title='bbox 725 5303 873 5359; x_wconf 76' lang='grc' dir='ltr'>ἔνδον</span> <span class='ocrx_word' id='word_1_661' title='bbox 899 5308 1108 5376; x_wconf 81' lang='grc' dir='ltr'>ἀγῶνα,</span> <span class='ocrx_word' id='word_1_662' title='bbox 1145 5315 1283 5384; x_wconf 85' lang='grc' dir='ltr'>μήτε</span> <span class='ocrx_word' id='word_1_663' title='bbox 1327 5318 1356 5369; x_wconf 87' lang='lat'><strong>6</strong></span> <span class='ocrx_word' id='word_1_664' title='bbox 1385 5317 1624 5389; x_wconf 86' lang='grc' dir='ltr'>πονηρὸς</span> <span class='ocrx_word' id='word_1_665' title='bbox 1666 5296 1843 5375; x_wconf 84' lang='grc' dir='ltr'>λαθὼν</span> 
     </span>
    </p>
   </div>
   <div class='ocr_carea' id='block_1_99' title="bbox 254 5389 1841 5480">
    <p class='ocr_par' dir='ltr' id='par_1_99' title="bbox 254 5389 1841 5480">
     <span class='ocr_line' id='line_1_99' title="bbox 254 5389 1841 5480; baseline 0.018 -40"><span class='ocrx_word' id='word_1_666' title='bbox 254 5389 510 5445; x_wconf 78' lang='grc' dir='ltr'>εύοδὼσει</span> <span class='ocrx_word' id='word_1_667' title='bbox 545 5396 769 5462; x_wconf 86' lang='grc' dir='ltr'>κακίαν,</span> <span class='ocrx_word' id='word_1_668' title='bbox 803 5400 898 5453; x_wconf 70' lang='grc' dir='ltr'>καὶ</span> <span class='ocrx_word' id='word_1_669' title='bbox 930 5403 1185 5471; x_wconf 79' lang='grc' dir='ltr'>ἀφανίσει</span> <span class='ocrx_word' id='word_1_670' title='bbox 1216 5407 1509 5480; x_wconf 86' lang='grc' dir='ltr'>καλλίστην</span> <span class='ocrx_word' id='word_1_671' title='bbox 1556 5412 1841 5479; x_wconf 76' lang='grc' dir='ltr'>ἐργασίαν.</span> 
     </span>
    </p>
   </div>
   <div class='ocr_carea' id='block_1_100' title="bbox 328 5483 1842 5572">
    <p class='ocr_par' dir='ltr' id='par_1_100' title="bbox 328 5483 1842 5572">
     <span class='ocr_line' id='line_1_100' title="bbox 328 5483 1842 5572; baseline 0.016 -38"><span class='ocrx_word' id='word_1_672' title='bbox 328 5485 406 5572; x_wconf 68' lang='grc' dir='ltr'><strong>ς’.</strong></span> <span class='ocrx_word' id='word_1_673' title='bbox 459 5483 639 5554; x_wconf 62' lang='grc' dir='ltr'>Νῆψίς</span> <span class='ocrx_word' id='word_1_674' title='bbox 682 5489 851 5555; x_wconf 85' lang='grc' dir='ltr'>ἐστιν,</span> <span class='ocrx_word' id='word_1_675' title='bbox 909 5491 1146 5563; x_wconf 82' lang='grc' dir='ltr'>ἔμμονος</span> <span class='ocrx_word' id='word_1_676' title='bbox 1188 5496 1450 5569; x_wconf 75' lang='grc' dir='ltr'>λογισμοῦ</span> <span class='ocrx_word' id='word_1_677' title='bbox 1502 5501 1694 5572; x_wconf 79' lang='grc' dir='ltr'>πῆξις,</span> <span class='ocrx_word' id='word_1_678' title='bbox 1748 5505 1842 5558; x_wconf 72' lang='grc' dir='ltr'><strong>καὶ</strong></span> 
     </span>
    </p>
   </div>
   <div class='ocr_carea' id='block_1_101' title="bbox 257 5570 1842 5667">
    <p class='ocr_par' dir='ltr' id='par_1_101' title="bbox 257 5570 1842 5667">
     <span class='ocr_line' id='line_1_101' title="bbox 257 5570 1842 5667; baseline 0.016 -43"><span class='ocrx_word' id='word_1_679' title='bbox 257 5570 452 5636; x_wconf 82' lang='grc' dir='ltr'>στάσις</span> <span class='ocrx_word' id='word_1_680' title='bbox 490 5577 655 5631; x_wconf 74' lang='grc' dir='ltr'>αὐτοῦ</span> <span class='ocrx_word' id='word_1_681' title='bbox 696 5581 755 5634; x_wconf 82' lang='grc' dir='ltr'>ἐν</span> <span class='ocrx_word' id='word_1_682' title='bbox 800 5581 946 5655; x_wconf 80' lang='grc' dir='ltr'>πύλῃ</span> <span class='ocrx_word' id='word_1_683' title='bbox 994 5589 1246 5657; x_wconf 81' lang='grc' dir='ltr'>καρδίας,</span> <span class='ocrx_word' id='word_1_684' title='bbox 1277 5593 1311 5663; x_wconf 81' lang='grc' dir='ltr'><strong>ἢ</strong></span> <span class='ocrx_word' id='word_1_685' title='bbox 1342 5594 1467 5656; x_wconf 74' lang='grc' dir='ltr'>τοὺς</span> <span class='ocrx_word' id='word_1_686' title='bbox 1509 5594 1842 5667; x_wconf 64' lang='grc' dir='ltr'>ἐρχομένους</span> 
     </span>
    </p>
   </div>
   <div class='ocr_carea' id='block_1_102' title="bbox 293 5748 646 5808">
    <p class='ocr_par' dir='ltr' id='par_1_102' title="bbox 293 5748 646 5808">
     <span class='ocr_line' id='line_1_102' title="bbox 293 5748 646 5808; baseline 0.014 -5"><span class='ocrx_word' id='word_1_687' title='bbox 293 5748 341 5783; x_wconf 83' lang='grc'><strong>³⁸</strong></span> <span class='ocrx_word' id='word_1_688' title='bbox 376 5748 563 5806; x_wconf 82' lang='lat' dir='ltr'><strong>Matth.</strong></span> <span class='ocrx_word' id='word_1_689' title='bbox 590 5766 646 5808; x_wconf 76' lang='grc' dir='ltr'>ν.</span> 
     </span>
    </p>
   </div>
   <div class='ocr_carea' id='block_1_103' title="bbox 585 5844 1267 5919">
    <p class='ocr_par' dir='ltr' id='par_1_103' title="bbox 585 5844 1267 5919">
     <span class='ocr_line' id='line_1_103' title="bbox 585 5844 1267 5919; baseline 0.025 -18"><span class='ocrx_word' id='word_1_690' title='bbox 585 5844 855 5909; x_wconf 67' lang='grc' dir='ltr'>Ρλτιιοι.</span> <span class='ocrx_word' id='word_1_691' title='bbox 896 5849 1011 5909; x_wconf 81' lang='lat' dir='ltr'><strong>Gn.</strong></span> <span class='ocrx_word' id='word_1_692' title='bbox 1058 5853 1267 5919; x_wconf 75' lang='lat' dir='ltr'><strong>XCIII.</strong></span> 
     </span>
    </p>
   </div>
   <div class='ocr_carea' id='block_1_104' title="bbox 1946 4583 3526 4655">
    <p class='ocr_par' dir='ltr' id='par_1_104' title="bbox 1946 4583 3526 4655">
     <span class='ocr_line' id='line_1_104' title="bbox 1946 4583 3526 4655; baseline 0.001 -15"><span class='ocrx_word' id='word_1_693' title='bbox 1946 4583 2227 4640; x_wconf 89' lang='lat' dir='ltr'><strong>Christum</strong></span> <span class='ocrx_word' id='word_1_694' title='bbox 2261 4583 2356 4638; x_wconf 89' lang='lat' dir='ltr'><strong>Dei</strong></span> <span class='ocrx_word' id='word_1_695' title='bbox 2407 4583 2603 4639; x_wconf 87' lang='lat' dir='ltr'><strong>Filium</strong></span> <span class='ocrx_word' id='word_1_696' title='bbox 2655 4594 2713 4639; x_wconf 87' lang='lat' dir='ltr'><strong>ct</strong></span> <span class='ocrx_word' id='word_1_697' title='bbox 2771 4583 2942 4639; x_wconf 89' lang='lat' dir='ltr'><strong>Deum</strong></span> <span class='ocrx_word' id='word_1_698' title='bbox 2987 4595 3253 4655; x_wconf 89' lang='lat' dir='ltr'><strong>perpetuo</strong></span> <span class='ocrx_word' id='word_1_699' title='bbox 3303 4602 3368 4642; x_wconf 88' lang='lat' dir='ltr'><strong>ac</strong></span> <span class='ocrx_word' id='word_1_700' title='bbox 3406 4588 3526 4642; x_wconf 85' lang='lat' dir='ltr'><strong>sine</strong></span> 
     </span>
    </p>
   </div>
   <div class='ocr_carea' id='block_1_105' title="bbox 1947 4674 3525 4746">
    <p class='ocr_par' dir='ltr' id='par_1_105' title="bbox 1947 4674 3525 4746">
     <span class='ocr_line' id='line_1_105' title="bbox 1947 4674 3525 4746; baseline 0.002 -16"><span class='ocrx_word' id='word_1_701' title='bbox 1947 4674 2357 4730; x_wconf 85' lang='lat' dir='ltr'><strong>intermissione</strong></span> <span class='ocrx_word' id='word_1_702' title='bbox 2387 4679 2560 4746; x_wconf 86' lang='lat' dir='ltr'><strong>spirat</strong></span> <span class='ocrx_word' id='word_1_703' title='bbox 2584 4683 2640 4730; x_wconf 90' lang='lat' dir='ltr'><strong>et</strong></span> <span class='ocrx_word' id='word_1_704' title='bbox 2663 4675 2938 4746; x_wconf 87' lang='lat' dir='ltr'><strong>implorat,</strong></span> <span class='ocrx_word' id='word_1_705' title='bbox 2969 4685 3079 4731; x_wconf 90' lang='lat' dir='ltr'><strong>stat</strong></span> <span class='ocrx_word' id='word_1_706' title='bbox 3111 4693 3235 4732; x_wconf 91' lang='lat' dir='ltr'><strong>cum</strong></span> <span class='ocrx_word' id='word_1_707' title='bbox 3265 4694 3331 4733; x_wconf 89' lang='lat' dir='ltr'><strong>eo</strong></span> <span class='ocrx_word' id='word_1_708' title='bbox 3350 4679 3525 4733; x_wconf 85' lang='lat' dir='ltr'><strong>virili-</strong></span> 
     </span>
    </p>
   </div>
   <div class='ocr_carea' id='block_1_106' title="bbox 1946 4767 3527 4841">
    <p class='ocr_par' dir='ltr' id='par_1_106' title="bbox 1946 4767 3527 4841">
     <span class='ocr_line' id='line_1_106' title="bbox 1946 4767 3527 4841; baseline 0.002 -17"><span class='ocrx_word' id='word_1_709' title='bbox 1946 4777 2030 4824; x_wconf 88' lang='lat' dir='ltr'><strong>ter</strong></span> <span class='ocrx_word' id='word_1_710' title='bbox 2051 4768 2105 4822; x_wconf 92' lang='lat' dir='ltr'><strong>in</strong></span> <span class='ocrx_word' id='word_1_711' title='bbox 2138 4768 2258 4823; x_wconf 91' lang='lat' dir='ltr'><strong>acie</strong></span> <span class='ocrx_word' id='word_1_712' title='bbox 2288 4769 2552 4823; x_wconf 86' lang='lat' dir='ltr'><strong>adversus</strong></span> <span class='ocrx_word' id='word_1_713' title='bbox 2573 4768 2781 4833; x_wconf 89' lang='lat' dir='ltr'><strong>hostes,</strong></span> <span class='ocrx_word' id='word_1_714' title='bbox 2810 4767 2970 4837; x_wconf 88' lang='lat' dir='ltr'><strong>eique</strong></span> <span class='ocrx_word' id='word_1_715' title='bbox 2992 4771 3304 4836; x_wconf 78' lang='lat' dir='ltr'><strong>conﬁtetur,</strong></span> <span class='ocrx_word' id='word_1_716' title='bbox 3326 4786 3527 4841; x_wconf 84' lang='lat' dir='ltr'><strong>nempe</strong></span> 
     </span>
    </p>
   </div>
   <div class='ocr_carea' id='block_1_107' title="bbox 1944 4860 3527 4931">
    <p class='ocr_par' dir='ltr' id='par_1_107' title="bbox 1944 4860 3527 4931">
     <span class='ocr_line' id='line_1_107' title="bbox 1944 4860 3527 4931; baseline 0.002 -16"><span class='ocrx_word' id='word_1_717' title='bbox 1944 4861 2036 4930; x_wconf 92' lang='lat' dir='ltr'><strong>qui</strong></span> <span class='ocrx_word' id='word_1_718' title='bbox 2061 4861 2230 4931; x_wconf 89' lang='lat' dir='ltr'><strong>possit</strong></span> <span class='ocrx_word' id='word_1_719' title='bbox 2252 4862 2533 4916; x_wconf 86' lang='lat' dir='ltr'><strong>remittere</strong></span> <span class='ocrx_word' id='word_1_720' title='bbox 2561 4869 2802 4929; x_wconf 90' lang='lat' dir='ltr'><strong>peccata.</strong></span> <span class='ocrx_word' id='word_1_721' title='bbox 2826 4860 2963 4914; x_wconf 89' lang='lat' dir='ltr'><strong>Cum</strong></span> <span class='ocrx_word' id='word_1_722' title='bbox 2989 4861 3135 4916; x_wconf 91' lang='lat' dir='ltr'><strong>enim</strong></span> <span class='ocrx_word' id='word_1_723' title='bbox 3160 4863 3340 4918; x_wconf 86' lang='lat' dir='ltr'><strong>anima</strong></span> <span class='ocrx_word' id='word_1_724' title='bbox 3372 4864 3527 4918; x_wconf 83' lang='lat' dir='ltr'><strong>invo-</strong></span> 
     </span>
    </p>
   </div>
   <div class='ocr_carea' id='block_1_108' title="bbox 1945 4940 3528 5025">
    <p class='ocr_par' dir='ltr' id='par_1_108' title="bbox 1945 4940 3528 5025">
     <span class='ocr_line' id='line_1_108' title="bbox 1945 4940 3528 5025; baseline 0.001 -17"><span class='ocrx_word' id='word_1_725' title='bbox 1945 4953 2253 5008; x_wconf 90' lang='lat' dir='ltr'><strong>cationihus</strong></span> <span class='ocrx_word' id='word_1_726' title='bbox 2283 4952 2518 5008; x_wconf 88' lang='lat' dir='ltr'><strong>assiduis</strong></span> <span class='ocrx_word' id='word_1_727' title='bbox 2548 4952 3021 5022; x_wconf 86' lang='lat' dir='ltr'><strong>circumplectitur</strong></span> <span class='ocrx_word' id='word_1_728' title='bbox 3070 4940 3376 5020; x_wconf 67' lang='lat' dir='ltr'><strong>Christum,</strong></span> <span class='ocrx_word' id='word_1_729' title='bbox 3432 4956 3528 5025; x_wconf 81' lang='lat' dir='ltr'><strong>qui</strong></span> 
     </span>
    </p>
   </div>
   <div class='ocr_carea' id='block_1_109' title="bbox 1943 5044 3527 5114">
    <p class='ocr_par' dir='ltr' id='par_1_109' title="bbox 1943 5044 3527 5114">
     <span class='ocr_line' id='line_1_109' title="bbox 1943 5044 3527 5114; baseline 0.001 -14"><span class='ocrx_word' id='word_1_730' title='bbox 1943 5047 2094 5101; x_wconf 88' lang='lat' dir='ltr'><strong>solus</strong></span> <span class='ocrx_word' id='word_1_731' title='bbox 2163 5052 2380 5101; x_wconf 87' lang='lat' dir='ltr'><strong>secreto</strong></span> <span class='ocrx_word' id='word_1_732' title='bbox 2436 5052 2715 5100; x_wconf 86' lang='lat' dir='ltr'><strong>scrutatur</strong></span> <span class='ocrx_word' id='word_1_733' title='bbox 2779 5044 2985 5107; x_wconf 87' lang='lat' dir='ltr'><strong>corda,</strong></span> <span class='ocrx_word' id='word_1_734' title='bbox 3043 5060 3375 5114; x_wconf 88' lang='lat' dir='ltr'><strong>omnemque</strong></span> <span class='ocrx_word' id='word_1_735' title='bbox 3435 5047 3527 5101; x_wconf 82' lang='lat' dir='ltr'><strong>dat</strong></span> 
     </span>
    </p>
   </div>
   <div class='ocr_carea' id='block_1_110' title="bbox 1944 5136 3527 5208">
    <p class='ocr_par' dir='ltr' id='par_1_110' title="bbox 1944 5136 3527 5208">
     <span class='ocr_line' id='line_1_110' title="bbox 1944 5136 3527 5208; baseline -0.001 -15"><span class='ocrx_word' id='word_1_736' title='bbox 1944 5153 2192 5208; x_wconf 85' lang='lat' dir='ltr'><strong>operam,</strong></span> <span class='ocrx_word' id='word_1_737' title='bbox 2224 5153 2296 5193; x_wconf 89' lang='lat' dir='ltr'><strong>ne</strong></span> <span class='ocrx_word' id='word_1_738' title='bbox 2328 5138 2423 5192; x_wconf 93' lang='lat' dir='ltr'><strong>ulli</strong></span> <span class='ocrx_word' id='word_1_739' title='bbox 2450 5137 2732 5193; x_wconf 88' lang='lat' dir='ltr'><strong>hominum</strong></span> <span class='ocrx_word' id='word_1_740' title='bbox 2760 5145 2906 5191; x_wconf 66' lang='lat' dir='ltr'><strong>notae</strong></span> <span class='ocrx_word' id='word_1_741' title='bbox 2933 5136 3045 5191; x_wconf 90' lang='lat' dir='ltr'><strong>sint</strong></span> <span class='ocrx_word' id='word_1_742' title='bbox 3074 5137 3395 5192; x_wconf 89' lang='lat' dir='ltr'><strong>dulcedines</strong></span> <span class='ocrx_word' id='word_1_743' title='bbox 3414 5152 3527 5192; x_wconf 79' lang='lat' dir='ltr'><strong>suae</strong></span> 
     </span>
    </p>
   </div>
   <div class='ocr_carea' id='block_1_111' title="bbox 1945 5226 3525 5299">
    <p class='ocr_par' dir='ltr' id='par_1_111' title="bbox 1945 5226 3525 5299">
     <span class='ocr_line' id='line_1_111' title="bbox 1945 5226 3525 5299; baseline 0.001 -17"><span class='ocrx_word' id='word_1_744' title='bbox 1945 5228 2262 5299; x_wconf 89' lang='lat' dir='ltr'><strong>internique</strong></span> <span class='ocrx_word' id='word_1_745' title='bbox 2315 5227 2621 5293; x_wconf 82' lang='lat' dir='ltr'><strong>conﬂictus,</strong></span> <span class='ocrx_word' id='word_1_746' title='bbox 2668 5226 2822 5281; x_wconf 91' lang='lat' dir='ltr'><strong>nullo</strong></span> <span class='ocrx_word' id='word_1_747' title='bbox 2879 5235 3040 5295; x_wconf 88' lang='lat' dir='ltr'><strong>pacto</strong></span> <span class='ocrx_word' id='word_1_748' title='bbox 3092 5227 3375 5297; x_wconf 86' lang='lat' dir='ltr'><strong>improbus</strong></span> <span class='ocrx_word' id='word_1_749' title='bbox 3434 5229 3525 5284; x_wconf 84' lang='lat' dir='ltr'><strong>ille</strong></span> 
     </span>
    </p>
   </div>
   <div class='ocr_carea' id='block_1_112' title="bbox 1951 5316 3530 5390">
    <p class='ocr_par' dir='ltr' id='par_1_112' title="bbox 1951 5316 3530 5390">
     <span class='ocr_line' id='line_1_112' title="bbox 1951 5316 3530 5390; baseline 0.001 -17"><span class='ocrx_word' id='word_1_750' title='bbox 1951 5320 2089 5373; x_wconf 88' lang='lat' dir='ltr'><strong>clam</strong></span> <span class='ocrx_word' id='word_1_751' title='bbox 2114 5320 2415 5386; x_wconf 88' lang='lat' dir='ltr'><strong>nequitiam</strong></span> <span class='ocrx_word' id='word_1_752' title='bbox 2459 5333 2783 5390; x_wconf 80' lang='lat' dir='ltr'><strong>promovere</strong></span> <span class='ocrx_word' id='word_1_753' title='bbox 2827 5316 3047 5388; x_wconf 88' lang='lat' dir='ltr'><strong>poterit,</strong></span> <span class='ocrx_word' id='word_1_754' title='bbox 3076 5325 3134 5373; x_wconf 86' lang='lat' dir='ltr'><strong>et</strong></span> <span class='ocrx_word' id='word_1_755' title='bbox 3181 5319 3530 5389; x_wconf 82' lang='lat' dir='ltr'><strong>Operationes</strong></span> 
     </span>
    </p>
   </div>
   <div class='ocr_carea' id='block_1_113' title="bbox 1950 5411 2412 5480">
    <p class='ocr_par' dir='ltr' id='par_1_113' title="bbox 1950 5411 2412 5480">
     <span class='ocr_line' id='line_1_113' title="bbox 1950 5411 2412 5480; baseline 0.002 -15"><span class='ocrx_word' id='word_1_756' title='bbox 1950 5411 2186 5480; x_wconf 82' lang='lat' dir='ltr'><strong>optimas</strong></span> <span class='ocrx_word' id='word_1_757' title='bbox 2207 5412 2412 5467; x_wconf 86' lang='lat' dir='ltr'><strong>delere.</strong></span> 
     </span>
    </p>
   </div>
   <div class='ocr_carea' id='block_1_114' title="bbox 2021 5502 3527 5575">
    <p class='ocr_par' dir='ltr' id='par_1_114' title="bbox 2021 5502 3527 5575">
     <span class='ocr_line' id='line_1_114' title="bbox 2021 5502 3527 5575; baseline 0.001 -20"><span class='ocrx_word' id='word_1_758' title='bbox 2021 5502 2074 5555; x_wconf 89' lang='lat'><strong>6.</strong></span> <span class='ocrx_word' id='word_1_759' title='bbox 2138 5502 2523 5572; x_wconf 82' lang='lat' dir='ltr'><strong>Temperantia</strong></span> <span class='ocrx_word' id='word_1_760' title='bbox 2586 5514 2672 5559; x_wconf 86' lang='lat' dir='ltr'><strong>est</strong></span> <span class='ocrx_word' id='word_1_761' title='bbox 2718 5512 3080 5573; x_wconf 86' lang='lat' dir='ltr'><strong>perseverans</strong></span> <span class='ocrx_word' id='word_1_762' title='bbox 3138 5503 3527 5575; x_wconf 86' lang='lat' dir='ltr'><strong>cogitationum</strong></span> 
     </span>
    </p>
   </div>
   <div class='ocr_carea' id='block_1_115' title="bbox 1947 5598 3530 5669">
    <p class='ocr_par' dir='ltr' id='par_1_115' title="bbox 1947 5598 3530 5669">
     <span class='ocr_line' id='line_1_115' title="bbox 1947 5598 3530 5669; baseline 0.001 -19"><span class='ocrx_word' id='word_1_763' title='bbox 1947 5599 2255 5651; x_wconf 82' lang='lat' dir='ltr'><strong>constantia</strong></span> <span class='ocrx_word' id='word_1_764' title='bbox 2302 5615 2316 5652; x_wconf 86' lang='lat'><strong>:</strong></span> <span class='ocrx_word' id='word_1_765' title='bbox 2373 5598 2598 5667; x_wconf 84' lang='lat' dir='ltr'><strong>quando</strong></span> <span class='ocrx_word' id='word_1_766' title='bbox 2665 5598 2870 5653; x_wconf 82' lang='lat' dir='ltr'><strong>scilicet</strong></span> <span class='ocrx_word' id='word_1_767' title='bbox 2932 5599 3203 5653; x_wconf 87' lang='lat' dir='ltr'><strong>sistuntnr</strong></span> <span class='ocrx_word' id='word_1_768' title='bbox 3252 5598 3383 5669; x_wconf 53' lang='lat' dir='ltr'><strong>ipsa</strong></span> <span class='ocrx_word' id='word_1_769' title='bbox 3433 5612 3530 5669; x_wconf 88' lang='lat' dir='ltr'><strong>pro</strong></span> 
     </span>
    </p>
   </div>
   <div class='ocr_carea' id='block_1_116' title="bbox 3069 5865 3139 5925">
    <p class='ocr_par' dir='ltr' id='par_1_116' title="bbox 3069 5865 3139 5925">
     <span class='ocr_line' id='line_1_116' title="bbox 3069 5865 3139 5925; baseline 0.043 -3"><span class='ocrx_word' id='word_1_770' title='bbox 3069 5865 3139 5925; x_wconf 72' lang='grc' dir='ltr'>Η</span> 
     </span>
    </p>
   </div>
  </div>
