3934 6404
491 390 625 454 ιλιι
689 466 701 479 λ

1684 386 2035 448 lIESYCllll
2087 386 2560 451 PRESBYTERI

3582 406 3696 472 1134

486 504 695 561 foribus
734 502 935 567 cordis,
968 502 1234 573 perspicit
1260 512 1314 558 et
1364 503 1515 557 audit
1545 501 1632 555 illa
1677 502 1808 570 quid
1863 501 2068 564 dicant,

2177 499 2472 571 λογισμοὺς
2512 504 2726 568 λεπτῶς
2770 507 2875 577 ὁρᾷ
2904 508 2998 560 καὶ
3030 507 3244 577 ἀκούει,
3273 514 3321 562 τί
3365 514 3455 583 μὲν
3492 518 3698 590 λέγουσι,

485 595 688 665 quidve
754 593 958 648 faciant
1022 594 1213 648 furtim
1298 594 1629 662 obrepentes
1708 592 2072 663 cogitationes

485 688 769 743 exitiales:
807 702 1060 757 quaenam
1087 690 1253 742 etiam
1312 687 1385 741 sit
1415 686 1610 751 forma,
1650 702 1771 757 quae
1806 702 1834 740 a
1864 686 2070 741 daemo-

487 784 652 837 nibus
683 782 1018 852 insculpitur
1048 791 1105 837 et
1147 782 1507 853 imprimitur:
1560 796 1627 836 ac
1681 796 1779 851 per
1835 778 2072 849 seipsam

487 875 979 947 imaginationibus
1025 875 1329 931 dissolvere
1368 875 1567 930 nititur
1615 874 1885 929 animum.
1949 873 2074 929 Haec

485 968 634 1022 enim
659 967 959 1038 diligenter
988 967 1227 1029 exculta,
1257 967 1303 1021 si
1326 968 1581 1032 velimus,
1605 966 1901 1023 admodum
1937 968 2073 1022 scite

484 1076 585 1115 nos
616 1062 818 1116 docent
838 1060 963 1115 belli
996 1060 1383 1115 intellectualis
1404 1062 1822 1133 experientiam.

558 1153 606 1204 7.
638 1150 869 1217 Quando
890 1151 1200 1205 deserimur
1238 1166 1270 1206 a
1290 1151 1425 1219 Deo,
1454 1153 1678 1222 quando
1705 1152 1835 1206 item
1876 1166 2080 1206 occur—

484 1256 612 1300 runt
645 1247 982 1300 tentatioues
1021 1245 1089 1300 ad
1143 1245 1511 1300 erudiendum
1546 1255 1707 1317 aptze,
1751 1245 1951 1315 duplex
1984 1245 2075 1300 ille

484 1350 665 1394 metu;
689 1339 1013 1393 attentionis
1032 1338 1350 1408 magistram
1381 1338 1853 1394 continuationem
1883 1352 2073 1406 parere

482 1432 621 1486 solet
651 1432 705 1485 in
728 1440 910 1486 mente
933 1431 1207 1487 hominis:
1235 1432 1326 1500 qui
1360 1447 1650 1500 pravarum
1679 1431 2071 1501 cogitationum

481 1539 823 1593 operumque
850 1532 1087 1577 conatur
1117 1524 1377 1578 ohturare
1407 1523 1639 1579 fontem.
1665 1523 1823 1578 Unde
1872 1532 1928 1578 et
1971 1524 2072 1577 (le--

483 1612 757 1666 sertiones
780 1618 837 1667 et
870 1611 1166 1681 insperatae
1192 1627 1220 1664 a
1258 1610 1369 1666 Deo
1402 1612 1746 1666 tentatioues
1768 1612 1834 1665 ad
1883 1627 2073 1666 emen-

484 1706 764 1759 dationem
806 1704 931 1759 vita:
969 1714 1173 1759 nostra:
1217 1705 1524 1759 obveniunt
1555 1705 1714 1759 nobis
1772 1706 2068 1776 praecipue,

482 1797 577 1866 qui
603 1796 1008 1852 recreationem
1036 1797 1201 1866 hujus
1237 1796 1369 1851 boni
1396 1797 1761 1868 gustavimus.
1806 1808 1861 1853 et
1889 1808 2068 1854 tamen

483 1889 826 1959 negligimus.
856 1888 1212 1944 Continuatio
1242 1906 1372 1945 vero
1398 1889 1567 1962 gignit
1586 1890 1864 1946 habitum:
1906 1892 2067 1946 habi-

486 1993 570 2037 tus
598 1991 803 2046 autem,
842 1982 1148 2035 naturalem
1182 1983 1475 2053 quamdam
1512 1986 1896 2055 temperantiae
1953 1985 2063 2040 fre-

482 2076 800 2145 quentiam:
843 2073 961 2130 bmc
993 2075 1234 2139 tandem,
1271 2090 1372 2145 pro
1413 2077 1679 2146 qualitate
1733 2077 1834 2139 rei,
1862 2077 2066 2132 sensim

482 2168 737 2238 producit
769 2167 1293 2238 contemplationem
1324 2170 1480 2224 belli:
1505 2185 1670 2240 quam
1706 2169 1912 2239 excipit
1940 2185 2068 2240 per-

482 2278 747 2317 severans
780 2276 907 2332 erga
937 2259 1123 2317 Iesum
1159 2262 1427 2332 precatio,
1473 2263 1662 2317 suavis
1695 2262 2068 2332 tranquillitas

481 2356 650 2410 animi
686 2352 1169 2424 imaginationibus
1203 2368 1395 2419 vacua,
1456 2364 1513 2409 et
1542 2354 1813 2410 stabilitas
1848 2355 1903 2409 in
1936 2354 2067 2409 Jesu

482 2449 728 2504 fundata.

549 2543 604 2595 8.
645 2541 916 2595 Constans
933 2539 1174 2603 animus,
1206 2540 1299 2609 qui
1322 2534 1603 2596 Christum
1630 2542 1851 2598 invocat
1872 2542 2070 2598 adver-

481 2650 575 2687 sus
604 2633 813 2698 hostes,
864 2632 932 2688 ad
983 2631 1249 2701 itlumque
1282 2633 1542 2705 perfugit,
1604 2643 1692 2688 est
1747 2634 1901 2690 velut
1952 2634 2067 2688 fera

480 2726 728 2795 quaedam
785 2739 816 2777 a
861 2724 1092 2778 canibus
1124 2738 1237 2778 non
1296 2726 1484 2793 paucis
1527 2726 1888 2794 circumdata,
1947 2742 2069 2800 quae

481 2819 717 2887 seipsam
755 2832 821 2870 ex
870 2817 1108 2871 adverso
1147 2816 1382 2872 collocat
1412 2818 1464 2872 in
1522 2828 1661 2874 tuto.
1694 2821 1831 2876 Cum
1882 2832 2069 2877 autem

482 2910 674 2984 procul
704 2918 888 2967 mente
910 2909 1210 2979 praevideat
1236 2911 1477 2966 hostium
1519 2913 1878 2970 invisibilium
1902 2917 2069 2972 intel-

483 3005 751 3059 lectuales
775 3003 1025 3068 insidias,
1053 3003 1182 3072 quia
1227 3004 1579 3060 continenter
1610 3007 1900 3064 adversum
1948 3010 2071 3066 illos

482 3105 594 3150 stat
618 3112 744 3157 eum
775 3095 904 3151 Jesu
932 3095 1181 3166 paciﬁco,
1213 3105 1501 3166 permanet
1529 3097 1732 3155 illaesos
1763 3102 1833 3155 ab
1868 3102 1997 3158 illis.

2174 594 2227 646 τί
2253 594 2309 647 δὲ
2351 595 2600 650 ποιοῦσιν
2630 599 2680 650 οἱ
2715 599 2913 668 φόνιοι,
2944 603 3038 654 καὶ
3066 603 3145 665 τίς
3176 604 3320 656 ἐστιν
3346 608 3377 676 ἡ
3415 608 3704 681 ὲγγλυφείσα

2175 692 2271 745 καὶ
2315 692 2656 764 στηλωθεῖσα
2709 698 2896 770 μορφὴ
2950 701 3108 773 παρὰ
3155 702 3265 756 τῶν
3306 702 3588 776 δαιμόνων,
3630 716 3708 769 καὶ

2176 784 2496 854 πειρωμένη
2536 784 2604 838 δι’
2654 788 2857 859 ἑαυτῆς
2909 793 3288 860 φανταστικῶς
3321 797 3599 853 καταλῦσαι
3634 803 3707 856 τὸν

2174 876 2321 930 νοῦν.
2373 876 2562 932 Ταῦτα
2615 877 2727 950 γὰρ
2781 881 3218 955 φιλοπονούμενα
3272 885 3369 955 τὴν
3420 889 3597 961 πεῖραν
3633 894 3709 947 τοῦ

2176 971 2370 1042 νοητοῦ
2401 972 2641 1043 πολέμου
2674 974 3063 1047 ἐπιστημόνως
3095 978 3234 1046 άγαν
3264 980 3412 1049 ἡμῖν,
3444 981 3533 1035 ἐὰν
3570 982 3710 1039 θέλω.

2178 1080 2301 1134 μεν,
2329 1062 2689 1119 δεικνύουσιν.

2244 1157 2312 1221 ζ’.
2363 1154 2487 1212 οἵδε
2519 1160 2720 1231 γεννᾷν
2757 1158 2923 1228 φόϐος
2965 1161 2996 1212 ὁ
3035 1159 3211 1224 διττὸς
3253 1161 3349 1213 καὶ
3394 1163 3447 1215 αἱ
3481 1162 3577 1216 ὑπὸ
3603 1163 3712 1220 Θεοῦ

2175 1251 2616 1322 ἐγκαταλείψεις,
2648 1252 2745 1306 καὶ
2783 1255 2842 1307 αί
2895 1253 3245 1308 παιδευτικαὶ
3279 1255 3389 1308 τῶν
3431 1262 3714 1331 πειρασμῶν

2178 1339 2504 1411 συμϐάσεις,
2562 1342 2846 1412 συνέχειαν
2888 1342 3252 1413 ὲπιστατικὴν
3288 1347 3549 1416 προσοχῆς
3576 1350 3628 1402 ὲν
3655 1352 3715 1422 τῷ

2175 1432 2495 1504 ἡγεμονικῷ
2545 1432 2639 1486 τοῦ
2697 1433 2987 1506 ἀνθρώπου
3037 1436 3386 1507 πειρωμένου
3429 1439 3526 1509 τὴν
3567 1444 3716 1514 πηγὴν

2176 1525 2383 1595 φράξαι
2412 1525 2522 1583 τῶν
2556 1525 2742 1580 κακῶν
2786 1527 3069 1598 λογισμῶν
3097 1531 3193 1582 καὶ
3227 1530 3425 1601 ἔργων,
3455 1530 3517 1585 δι’
3543 1535 3604 1606 ἢν
3643 1539 3716 1590 καὶ

2177 1618 2620 1689 ἐγκαταλείψεις,
2650 1619 2747 1673 καὶ
2781 1620 2831 1673 oi
2860 1620 3118 1691 ἀδόκητοι
3150 1621 3262 1675 ἀπὸ
3294 1621 3429 1675 Θεοῦ
3466 1630 3715 1697 πειρασμοὶ

2175 1712 2314 1784 πρὸς
2338 1712 2438 1785 τὴν
2472 1711 2633 1784 ἡμῶν
2655 1712 2750 1767 τοῦ
2782 1714 2900 1784 βίου
2929 1714 3237 1787 διόρθωσιν,
3265 1716 3357 1769 καὶ
3393 1717 3610 1785 μάλιστα
3631 1724 3717 1785 τοῖς

2176 1806 2537 1877 γευσαμένοις
2571 1806 2674 1876 τὴν
2723 1808 3036 1863 ἀνάπαυσιν
3084 1808 3182 1862 τοῦ
3234 1810 3405 1864 καλοῦ
3441 1811 3618 1866 τούτου
3645 1815 3717 1867 καὶ

2177 1899 2496 1969 ἀμελοῦσιν.
2532 1895 2600 1954 Ἥ
2624 1900 2683 1953 δὲ
2707 1900 2960 1970 συνέχεια
2994 1904 3159 1972 γεννᾷ
3185 1900 3334 1968 ἕξιν·
3362 1905 3396 1972 ἠ
3425 1903 3500 1969 δὲ,
3526 1908 3718 1976 φυσικήν

2175 2011 2298 2047 τινα
2350 1993 2665 2066 πυκνότητα
2719 1993 2972 2064 νήψεωςσ
3023 1996 3056 2066 ἡ
3095 1995 3176 2059 δὲ,
3232 1994 3468 2067 Θεωρίαν
3491 1996 3612 2061 τέως
3645 1998 3717 2051 τοῦ

2177 2084 2418 2155 πολέμου
2474 2087 2575 2156 ὴρέ
2584 2102 2661 2157 μα
2707 2086 2851 2140 κατὰ
2897 2086 3163 2158 ποιότητα
3209 2088 3397 2159 γεννᾷ,
3435 2087 3501 2158 ἢν
3544 2089 3717 2160 δέχεται

2176 2175 2439 2245 ἐπίμονος
2486 2176 2663 2246 Ἰησοῦ
2705 2175 2861 2249 εὐχὴ,
2899 2178 2932 2248 ὴ
2979 2179 3335 2246 ἀφάνταστος
3373 2178 3488 2243 νοὸς
3533 2179 3717 2248 γλυκεῖα

2176 2265 2407 2336 ἠρεμία,
2456 2266 2550 2318 καὶ
2584 2268 2618 2336 η
2648 2266 2986 2331 κατάστασις
3013 2266 3077 2331 ἐξ
3108 2266 3293 2338 Ἰησοῦ
3327 2268 3636 2325 συνεστῶσα.

2247 2540 2317 2605 η’.
2366 2535 2656 2604 Ἰσταμένη
2679 2536 2774 2588 καὶ
2800 2534 3212 2606 ἐπικαλουμένη
3238 2538 3273 2606 ή
3300 2535 3505 2591 διάνοια
3526 2536 3718 2606 Χριστὸν

2178 2628 2321 2682 κατὰ
2363 2626 2474 2680 τῶν
2504 2627 2802 2697 πολεμίων,
2851 2628 2950 2682 καὶ
2979 2627 3413 2698 καταφεύγουσα
3453 2629 3534 2681 ἐπ’
3569 2629 3716 2694 αὐτὸν,

2176 2713 2290 2772 οἷον
2320 2718 2427 2789 θήρ
2463 2736 2547 2783 τις
2591 2718 2896 2782 κυκλωθεὶς
2931 2719 3038 2773 ιῖιπδ
3065 2718 3249 2774 κυνῶν
3278 2719 3508 2787 πολλῶν,
3533 2721 3617 2774 καὶ
3635 2721 3720 2774 άν-

2176 2812 2443 2881 τιστήσας
2481 2810 2671 2873 ἑαυτὸν
2699 2814 2757 2865 ὲν
2790 2811 3135 2883 ὀχυρώματι,
3162 2812 3451 2884 πόρρωθεν
3479 2813 3531 2867 δὲ
3556 2814 3719 2884 ventri);

2177 2906 2307 2968 τοὺς
2336 2906 2562 2977 νοητοὺς
2609 2904 2800 2975 λόχους
2828 2904 2938 2958 τῶν
2975 2905 3234 2975 ἀοράτων
3276 2904 3485 2976 ἐχθρῶν
3527 2904 3712 2975 προόλὲ-

2183 3014 2382 3060 πουσα,
2413 2998 2510 3051 καλ⁸
2548 2997 2638 3051 διὰ
2669 2998 2729 3051 τὸ
2758 2997 2997 3067 συνεχῶς
3041 2998 3401 3068 ἐντυγχάνειν
3439 2995 3513 3067 τῷ
3549 2998 3720 3068 εἰρηνο-

2180 3087 2319 3158 ποιῷ
2347 3080 2521 3158 Ἰησοῦ
2540 3089 2659 3142 κατ’
2685 3086 2891 3155 αὐτῶν,
2923 3087 3169 3161 ἄτρωτος
3197 3088 3258 3156 ἐξ
3287 3089 3468 3142 αὐτῶν
3499 3087 3715 3156 διαμένει.

555 3188 610 3243 9.
655 3189 712 3242 Si
741 3203 938 3259 ριτεεε,
966 3203 1033 3243 ac
1082 3189 1179 3244 tibi
1235 3190 1423 3245 datum
1466 3201 1570 3255 est,
1630 3202 1692 3248 ut
1741 3196 1966 3252 assistas
2017 3206 2070 3252 et

2253 3180 2318 3236 θ’.
2370 3182 2432 3235 Ei
2485 3182 2784 3235 ἐπίστασαι
2839 3182 2935 3235 καὶ
2976 3181 3137 3253 ἐδόθη
3176 3197 3262 3236 σοι
3305 3183 3387 3246 είς
3424 3180 3518 3246 τὰς
3552 3179 3719 3251 aputu;

485 3283 752 3355 specteris
787 3283 1047 3337 horarum
1086 3285 1482 3340 matutinarum
1530 3295 1797 3356 tempore,
1842 3305 2073 3346 conces-

484 3394 604 3433 sum
626 3384 710 3431 est
744 3376 954 3445 utique,
979 3384 1039 3431 ut
1067 3375 1144 3430 sis
1167 3378 1333 3431 etiam
1371 3386 1673 3449 spectator.
1717 3381 1814 3436 Sin
1865 3382 2073 3447 minus.

486 3471 669 3541 vigila,
692 3477 750 3524 et
783 3470 1168 3539 consequeris.

557 3558 643 3613 10.
684 3557 903 3628 Corpus
932 3559 1101 3615 maris
1125 3558 1379 3615 consistit
1405 3560 1461 3615 in
1512 3574 1778 3631 aquarum
1819 3565 2071 3621 multitu-

484 3653 645 3708 dine:
679 3665 969 3722 compages
992 3659 1175 3706 autcm
1211 3662 1266 3706 et
1299 3653 1703 3709 lineamentum
1736 3658 2070 3727 sobrietatis,

484 3741 857 3805 abstinentim,
882 3748 940 3795 et
961 3740 1409 3811 profundissimie
1437 3744 1643 3813 quietis
1667 3748 1890 3814 animae,
1915 3750 2075 3822 abys-

420 3888 427 3894 ,
485 3846 578 3885 sus
606 3832 735 3886 item
760 3830 1292 3901 contemplationum
1324 3839 1434 3886 tam
1466 3837 1482 3854 ‘
1536 3848 1703 3902 quam
1720 3848 2071 3902 arcanorum,

482 3922 864 3994 exploratricis
922 3922 1087 3978 etiam
1159 3922 1520 3989 humilitatis,
1594 3927 1947 3983 rectitudinis
2011 3944 2076 3984 ac

483 4016 819 4081 dilectionis,
851 4023 937 4071 est
966 4028 1180 4070 summa
1227 4017 1592 4085 temperantia
1651 4026 1710 4073 et
1755 4018 2076 4090 deprecatio

481 4110 607 4165 .lesu
651 4107 860 4164 Christi
920 4123 1118 4164 carens
1171 4109 1602 4180 cogitationibus
1643 4128 1659 4164 :
1707 4110 1873 4182 idque
1947 4129 2074 4169 cum

485 4201 868 4271 frequentibus
921 4200 1175 4270 suspiriis
1226 4209 1283 4256 et
1326 4199 1591 4256 continuo
1652 4203 1864 4272 labore,
1933 4206 2074 4262 citra

485 4300 668 4343 tamen
703 4288 1074 4343 oﬂ‘ensionem
1107 4289 1216 4344 sui.
1308 4326 1313 4329 -

561 4380 643 4434 il.
683 4378 807 4433 Non
838 4380 1009 4434 omnis
1030 4383 1121 4451 qui
1150 4382 1280 4436 dicit
1307 4384 1435 4438 mihi
1468 4399 1486 4437 :
1518 4382 1782 4449 Domine,
1827 4387 2071 4455 Domine,

484 4468 705 4522 intrabit
731 4468 786 4522 in
821 4483 1037 4538 regnum
1058 4468 1329 4533 caelorum,
1356 4471 1570 4541 inquit:
1601 4482 1691 4529 sed
1721 4477 1811 4546 qui
1831 4477 1957 4548 facit
1982 4494 2074 4531 vo-

2178 3276 2540 3345 παρεστάναι,
2569 3277 2663 3329 καὶ
2695 3274 3122 3338 ἐποπτεύεσθαι,
3144 3274 3289 3330 ἀλλὰ
3306 3276 3402 3330 καὶ
3430 3272 3719 3373 ὲποπτειὲειν,

2174 3363 2325 3430 οἶδας
2357 3366 2385 3421 ὃ
2412 3367 2559 3437 λέγω
2581 3384 2594 3397 ο
2628 3369 2679 3420 εἰ
2708 3368 2766 3421 δὲ
2798 3366 2883 3434 οὓ,
2930 3367 3090 3439 νῆφε,
3122 3367 3223 3423 καὶ
3250 3368 3419 3440 λήψῃ.

2252 3555 2305 3605 ι’.
2355 3549 2534 3621 Συστή
2545 3567 2692 3620 ματα
2719 3547 3004 3605 θαλασσῶν
3032 3546 3179 3620 ὓδωρ
3214 3549 3357 3604 πολύ
3380 3565 3395 3579 ο
3428 3548 3651 3618 σύστημα
3678 3546 3719 3598 δὲ

2177 3641 2277 3697 καὶ
2308 3643 2640 3715 κραταίωμα
2672 3641 2915 3714 νήψεως,
2953 3642 3053 3696 καὶ
3096 3642 3511 3714 νηφαλιότητος,
3546 3641 3626 3694 καὶ
3645 3640 3718 3707 ψυ-

2177 3735 2340 3807 χικῆς
2382 3735 2526 3790 κατὰ
2571 3736 2772 3805 βάθους
2809 3736 3068 3810 ἡσυχίας,
3101 3736 3199 3791 καὶ
3243 3736 3482 3800 ἄϐυσσος
3523 3731 3720 3802 θεωριῶν

2178 3830 2270 3882 καὶ
2300 3829 2396 3894 ἐξα
2426 3868 2464 3885 ,.
2495 3846 2554 3882 τε
2580 3829 2676 3883 καὶ
2696 3830 3052 3903 ἀπορρήτων,
3080 3831 3178 3885 καὶ
3208 3827 3629 3900 ἐπιγνωμονικῆς
3648 3843 3718 3877 τα-

2178 3921 2515 3987 πεινώσεως,
2545 3924 2641 3978 καὶ
2669 3922 2990 3995 εὐθύτητος,
3018 3925 3115 3977 καὶ
3138 3924 3392 3993 ἀγάπης,
3427 3920 3575 3993 νῆψις
3607 3920 3720 3988 ἄκρα

2176 4016 2278 4071 καὶ
2341 4016 2520 4088 Ἰησοῦ
2559 4014 2802 4088 Χριστοῦ
2855 4016 3027 4087 χωρὶς
3080 4016 3367 4088 λογισμῶν
3427 4013 3599 4085 εὐχὴ,
3650 4009 3719 4061 καὶ

2175 4109 2337 4164 τοῦτο
2386 4109 2612 4175 στενῶς,
2661 4111 2758 4164 καὶ
2796 4108 3040 4174 πυκνῶς,
3073 4109 3168 4163 καὶ
3207 4106 3497 4181 διηνεκῶς,
3535 4101 3621 4158 καὶ
3649 4116 3721 4154 πο-

2177 4202 2435 4273 νητικῶς,
2469 4202 2566 4257 καλ⁸
2599 4203 2674 4275 μὴ
2720 4205 3068 4272 περικακεῖν.

2251 4387 2342 4435 ια’.
2372 4381 2455 4435 οὺ
2474 4379 2596 4446 πᾶς
2625 4382 2659 4435 ό
2687 4379 2884 4450 λέγων
2903 4395 3026 4448 μοι,
3054 4379 3255 4448 Κύριε,
3278 4379 3478 4448 Κύριε,
3503 4369 3719 4428 είσελεύο

2176 4489 2369 4535 σεται,
2412 4473 2611 4544 φησιν,
2650 4473 2722 4526 ἐν
2772 4471 2849 4540 τῇ
2878 4471 3183 4538 ϐασιλείῃ,
3236 4471 3383 4526 ἀλλ’
3406 4472 3439 4523 ό
3484 4465 3649 4521 ποιῶν
3671 4460 3719 4514 τὸ

484 4561 743 4613 luntatem
771 4558 951 4613 Patris
983 4561 1087 4614 mei
1125 4561 1192 4614 ⁸⁸.
1232 4560 1494 4619 Voluntas
1517 4575 1710 4621 autem
1739 4568 1915 4637 patris
1939 4570 2063 4639 ejus

2177 4562 2402 4632 θέλημα
2438 4562 2547 4618 τοῦ
2577 4562 2811 4630 Πατρός
2859 4578 3000 4631 μου.
3028 4554 3257 4631 Θέλημα
3308 4559 3368 4612 δὲ
3420 4557 3514 4611 τοῦ
3551 4551 3721 4622 Πατρδς

487 4653 602 4705 lucc
663 4658 769 4716 est,
820 4667 1071 4722 nempe:
1137 4651 1239 4718 Qui
1295 4655 1519 4728 diligitis
1577 4657 1888 4725 Dominum,
1933 4665 2073 4719 adite

486 4740 716 4795 mata".
772 4741 1184 4799 Accedentibus
1222 4760 1354 4817 ergo
1410 4749 1672 4817 precibus
1713 4767 1841 4822 erga
1882 4752 2071 4809 Iesum

483 4834 785 4899 Christum,
814 4851 1214 4906 prosequamur
1240 4840 1369 4895 odio
1403 4842 1764 4913 cogitationes
1793 4846 1983 4913 malas,
2017 4836 2073 4903 et

482 4943 614 4984 ecce
653 4928 993 4984 voluntatem
1021 4930 1115 4985 Dei
1143 4930 1400 4987 fecimus.

558 5022 646 5076 12.
688 5021 946 5078 Omnium
1001 5024 1267 5079 virtutum
1294 5037 1472 5097 typus,
1506 5031 1786 5098 exemplar
1844 5033 2071 5087 humani

482 5115 721 5185 generis,
753 5131 818 5170 ac
850 5132 1058 5170 numen
1101 5117 1472 5174 invocandum
1524 5137 1623 5192 pro
1667 5125 1840 5178 veteri
1893 5126 2072 5196 lapsu,

486 5206 754 5262 Dominus
788 5214 980 5262 noster
1003 5222 1070 5263 ac
1122 5208 1270 5264 Deus
1318 5210 1658 5279 incarnatus,
1712 5225 1771 5270 ut
1801 5217 2073 5288 picturam

484 5299 670 5354 vivam
699 5298 984 5368 proposuit
1009 5299 1168 5354 nobis
1219 5315 1395 5365 suam,
1428 5318 1592 5372 quam
1622 5306 1677 5358 in
1698 5316 1866 5362 carne
1905 5318 2077 5364 trans-

485 5388 619 5459 egit,
674 5388 874 5454 vitam,
927 5388 1077 5443 omni
1128 5390 1395 5446 virtutum
1432 5408 1633 5464 genere
1672 5396 2073 5466 splendentem.

488 5479 696 5533 Praeter
745 5478 835 5533 illa
888 5495 1017 5535 vero
1066 5481 1207 5536 bona
1258 5498 1383 5551 qua:
1413 5485 1572 5539 nobis
1619 5488 1894 5551 exhibuit,
1952 5500 2078 5560 post

487 5569 821 5640 baptismum
863 5579 1179 5640 susceptum
1223 5572 1445 5628 rediens
1502 5576 1556 5629 in
1604 5577 1911 5646 desertum,
1949 5596 2075 5637 cum

492 5659 808 5728 "ejuuasset,
832 5676 1071 5732 pugnam
1103 5662 1531 5720 intellectualem
1573 5670 1741 5738 cmpit
1769 5671 1906 5725 inire
1947 5687 2072 5729 cum

566 5833 613 5865 ”
647 5832 838 5888 Matth.
871 5851 966 5903 vu,
989 5836 1082 5891 2!.
1160 5839 1204 5871 °°
1233 5837 1379 5896 Psal.
1414 5857 1558 5908 xcvi,
1595 5842 1685 5896 10.

2180 4655 2349 4710 αὐτοῦ
2379 4657 2499 4709 ἐστι
2518 4653 2697 4717 τοῦτο,
2721 4654 2805 4718 τὸ,
2875 4656 2941 4707 Ol
2993 4651 3351 4722 ἀγαπῶντες
3379 4649 3485 4705 τὸν
3523 4648 3722 4714 Κύρων,

2173 4747 2410 4818 μισεῖτε
2440 4746 2698 4814 πονηρά.
2731 4745 2946 4800 Οὐκοῦν
2979 4744 3077 4798 σὺν
3115 4747 3181 4815 τῇ
3228 4743 3366 4815 εὐχῇ
3413 4740 3578 4814 Ἰησοῦ
3616 4738 3721 4804 Χρι-

2181 4838 2333 4904 στοῦ,
2366 4842 2691 4911 μισήσωμεν
2722 4837 2821 4891 καὶ
2849 4837 3120 4906 πονηροὺς
3161 4833 3481 4905 λογισμοὺς,
3516 4828 3602 4884 καὶ
3639 4823 3724 4878 ἰδοὺ

2179 4933 2566 5002 πεποιήκαμεν
2609 4929 2669 4984 τὸ
2703 4928 2919 5000 θέλημα
2962 4924 3058 4981 τοῦ
3085 4926 3245 4979 Θεοῦ.
3344 4952 3355 4959 ~

2254 5024 2342 5095 ιβ’.
2407 5023 2637 5093 Ἀρετῆς
2666 5023 2852 5092 πάσης
2897 5016 3267 5089 ὑπογραμμδς
3320 5015 3418 5070 καὶ
3460 5010 3727 5075 ὑπόδειγμα

2180 5119 2373 5188 γένους
2400 5114 2728 5188 ἀνθρώπιον,
2759 5115 2857 5169 καὶ
2886 5113 3187 5183 ἀνάκλησις
3227 5108 3325 5164 τοῦ
3355 5103 3583 5162 παλαιοῦ
3613 5097 3727 5153 πτώ-

2184 5228 2374 5282 ματος,
2406 5210 2434 5262 ὁ
2459 5207 2741 5279 Δεσπότης
2768 5204 2926 5277 ἡμῶν
2962 5203 3058 5259 καὶ
3106 5203 3239 5268 Θεὸς
3273 5197 3594 5274 σαρκωθεὶς,
3621 5207 3727 5262 προ·

2182 5302 2381 5373 έθηκεν
2409 5302 2562 5372 ἡμῖν,
2593 5297 2968 5371 ζωγραφήσας
2991 5296 3082 5350 τὸν
3122 5297 3182 5350 ὲν
3209 5296 3374 5367 σαρκὶ
3414 5288 3574 5346 αὐτοῦ
3613 5301 3730 5338 mw

2183 5398 2379 5469 άρετον
2416 5394 2550 5465 βίον.
2595 5393 2704 5447 Σὺν
2749 5393 2886 5446 πᾶσι
2912 5389 2971 5443 δὲ
3012 5392 3128 5452 τοῖς
3172 5388 3357 5451 καλοῖς
3398 5380 3478 5448 οἷς
3499 5383 3622 5454 ἡμῖν
3646 5377 3730 5427 ὐπ-

2186 5488 2376 5553 έδειξε,
2413 5488 2557 5558 μετὰ
2594 5487 2655 5539 τὸ
2697 5485 2985 5557 βάπτισμα
3026 5481 3266 5538 ἀνελθὼν
3298 5483 3381 5544 εἱς
3405 5478 3500 5549 τὴν
3528 5474 3728 5543 ἔρημον,

2188 5583 2324 5654 μετὰ
2365 5581 2622 5652 νηστείας
2658 5580 2887 5653 ἄρχεται
2912 5578 3094 5650 πάλης
3122 5578 3319 5647 νοητῆς
3367 5571 3461 5627 τοῦ
3486 5564 3727 5660 διαδόλον,

2183 5674 2258 5739 ὡς
2285 5672 2560 5746 ἀνθρώπῳ
2585 5668 2724 5743 ψιλῷ
2757 5671 2909 5745 αὐτῷ
2952 5670 3365 5745 προσελθόντος,
3409 5663 3499 5719 καὶ
3540 5658 3619 5715 διὰ
3653 5658 3728 5708 τοῦ
