3934 6424
254 344 394 406 1485

967 341 1064 400 DE
1100 335 1648 398 ΤΕΜΡΕΒΑΝΤΙᾹ
1690 336 1782 396 ΕΤ
1825 337 1858 395 \'

1977 332 2182 394 [‘UTE.
2218 360 2281 369 --
2318 335 2707 396 CENTURIA
2738 336 2786 396 Ι.

3393 340 3525 404 1486

249 452 457 521 τρόπου
493 448 592 517 τῆς
637 447 797 516 νίκης
837 445 1048 511 ἐδίδαξε
1093 446 1186 499 καὶ
1232 446 1382 514 ἡμᾶς
1406 443 1536 506 τοὺς
1585 441 1838 513 ἀχρείους

1981 442 2181 505 iabolo,
2209 442 2382 507 illum,
2417 453 2478 496 ut
2505 460 2701 512 purum
2739 444 3016 500 hominem
3054 448 3430 518 aggrediente.
3463 451 3530 504 Et

245 541 474 603 δούλους
492 542 520 594 ὁ
544 540 824 608 Δεσπότης
849 539 985 609 πρὸς
1012 537 1080 590 τὰ
1109 536 1400 606 πνεύματα
1428 537 1526 606 τῆς
1553 539 1842 605 πονηρίας,

251 636 402 696 ὅπως
424 633 532 705 χρὴ
559 632 656 702 τὴν
685 632 864 699 πάλην
891 633 1156 698 ἐνεργεῖν,
1194 629 1469 682 τουτέστιν
1497 629 1554 680 ἐν
1577 624 1846 679 ταπεινώ-

255 745 342 781 σει
376 730 471 780 κα“ι
499 725 746 796 νηστείᾳ,
777 726 873 778 καὶ
915 725 1048 793 εὐχῇ
1085 723 1178 775 καὶ
1215 720 1396 792 νήφει,
1438 720 1468 771 ὁ
1509 718 1581 790 μὴ
1628 715 1846 787 χρῄζιοιν

251 818 367 874 τῶν
391 817 675 882 τοιούτων,
722 815 858 870 καθὸ
884 815 1040 878 Θεὸς,
1074 815 1167 868 καὶ
1197 814 1330 875 Θεὸς
1360 812 1470 864 τῶν
1494 809 1653 864 θεῶν.
1683 836 1694 870 ι

333 992 424 1064 ιγ’.
477 993 552 1048 Τὸ
595 994 672 1057 δὲ,
710 994 866 1048 πόσοι
907 992 1099 1064 τρόποι
1149 993 1260 1044 εἱσι
1308 991 1428 1044 κατ’
1462 990 1564 1059 ἐμὲ
1601 989 1699 1060 τῆς
1751 989 1847 1056 νή-

254 1083 426 1154 ψεως,
465 1083 786 1154 καθαρίζειν
822 1083 928 1135 ἀπὸ
961 1081 1243 1153 λογισμῶν
1278 1079 1548 1152 ἐμπαθῶν
1591 1079 1683 1133 τον
1723 1076 1850 1131 νοῦν

258 1178 382 1232 κατ’
425 1177 632 1244 ὀλίγον,
689 1176 802 1229 [dub
837 1176 1081 1247 σημᾶναι
1138 1193 1220 1229 σοι
1264 1174 1430 1228 αὐτοῦ
1481 1171 1849 1242 ἀκομψεύστῳ

254 1267 404 1335 λέξει
456 1269 553 1322 καὶ
601 1267 873 1338 ἀποικίλῳ
915 1269 1018 1321 οὐκ
1067 1269 1316 1339 όκνήσωο
1365 1267 1426 1320 οὐ
1483 1265 1594 1336 γὰρ
1653 1264 1848 1334 ἔκρινα

256 1361 451 1432 ὥσπερ
500 1364 556 1415 ὲν
596 1365 712 1426 τοῖς
761 1362 858 1415 τοῦ
906 1363 1146 1432 πολέμου
1195 1361 1557 1433 διηγήμασιν,
1606 1360 1664 1412 ὲν
1713 1358 1849 1429 τῷδε

252 1455 336 1526 τῷ
375 1453 521 1524 λόγῳ
561 1453 770 1526 κρύψαι
808 1454 907 1525 τὴν
940 1453 1213 1524 ὠφέλειαν
1249 1453 1339 1508 διὰ
1367 1453 1478 1506 τῶν
1505 1451 1726 1518 λέξεων,
1757 1449 1853 1504 καὶ

259 1549 500 1618 μάλιστα
528 1551 642 1610 τοῖς
691 1547 1109 1619 ἁπλουστέροις.
1160 1547 1232 1600 Σὺ
1263 1546 1342 1612 δὲ,
1365 1546 1558 1598 τέκνον
1594 1543 1850 1616 Τιμόθεε,

259 1641 502 1712 πρόσεχε
537 1635 622 1704 οἷς
649 1639 1073 1708 ἀναγινώσκεις.

1943 549 2008 586 ea
2045 535 2294 588 vincendi
2328 536 2538 590 ratione
2567 539 2726 590 etiam
2762 555 2860 592 nos
2883 540 3109 595 inutiles
3134 557 3322 595 servos
3348 543 3531 597 docuit

1947 623 2236 688 Dominus,
2273 639 2569 700 quopacto
2598 629 3002 700 conﬂigendum
3041 635 3112 689 sit
3139 652 3262 690 cum
3319 638 3530 707 Spit-iti-

1948 717 2047 771 bus
2089 721 2369 789 nequitim,
2407 723 2508 775 hoc
2536 730 2637 783 est,
2674 722 2726 774 in
2759 723 3087 790 humilitate,
3132 726 3363 797 jejunio,
3404 747 3532 800 prc—

1949 811 2128 874 cihus,
2189 820 2246 864 et
2275 815 2672 883 temperantia:
2727 815 2818 885 qui
2867 828 3079 884 tamen,
3137 829 3197 874 ut
3257 822 3422 888 Deus,
3470 842 3533 877 ac

1949 902 2174 957 deorum
2210 904 2368 967 Deus,
2399 907 2594 961 talibus
2622 923 2727 961 non
2761 909 2995 966 habebat
3030 927 3188 983 opus.

2023 997 2106 1048 l5.
2151 996 2292 1061 Quot
2319 1007 2524 1062 autem,
2550 1016 2670 1054 mea
2703 1003 2999 1066 sententia,
3025 1005 3136 1060 sint
3160 1006 3304 1060 modi
3334 1010 3534 1063 mentis

1952 1090 2318 1158 cxpurgandm
2403 1091 2668 1160 paulatim
2734 1095 3158 1166 cogitationibus
3234 1101 3532 1156 affectuum

1952 1177 2151 1248 plenis,
2182 1188 2242 1233 nt
2273 1182 2628 1250 perveniatur
2657 1184 2724 1239 ad
2762 1189 3208 1256 temperantiam,
3245 1190 3358 1260 jam
3393 1192 3536 1248 indi-

1953 1287 2080 1326 care
2138 1273 2232 1326 tibi
2291 1289 2401 1327 non
2462 1275 2745 1340 dubitabo,
2797 1293 3054 1334 sermone
3106 1281 3532 1353 haudquaquam

1953 1373 2148 1418 ornato
2172 1375 2269 1418 aut
2302 1366 2472 1420 vario.
2506 1364 2624 1420 Non
2661 1369 2833 1431 enim,
2865 1378 2923 1424 ut
2959 1369 3010 1423 in
3042 1371 3266 1426 historia
3319 1375 3533 1441 bellica,

1955 1456 2120 1510 statui
2145 1457 2244 1510 hac
2279 1457 2530 1512 oratione
2557 1459 2660 1514 sub
2687 1459 2980 1515 verborum
3009 1462 3304 1518 lenociniis
3331 1467 3535 1521 utilita—

1955 1557 2064 1602 tem
2097 1548 2399 1616 occultare,
2428 1559 2482 1603 et
2513 1549 2746 1606 maxime
2773 1553 3223 1623 simplicioribus.
3271 1556 3351 1612 Tu
3380 1575 3535 1624 vero,

1957 1638 2029 1692 fili
2063 1637 2366 1709 Theodule,
2394 1643 2616 1697 attende
2637 1642 2882 1698 animum
2907 1645 2992 1700 his
3019 1663 3140 1716 quae
3169 1647 3322 1718 legis.

335 1731 416 1786 ιδ’.
460 1727 556 1793 Εἷς
604 1730 700 1784 οὖν
749 1729 952 1802 τρόπος
990 1730 1226 1800 νήψεως,
1263 1728 1348 1796 τδ,
1397 1728 1499 1799 τὴν
1551 1726 1856 1796 φαντασίαν

2033 1731 2120 1786 id.
2165 1729 2321 1787 Unus
2349 1747 2480 1804 ergo
2515 1734 2712 1788 modus
2742 1737 3119 1806 temperantiae
3153 1741 3542 1810 comparandas

256 1822 449 1875 πυκνὰ
498 1823 748 1886 σκοπεῖν,
811 1823 981 1891 ἤγουν
1034 1821 1132 1892 τὴν
1180 1819 1507 1893 προσϐολὴν,
1547 1820 1636 1874 διὰ
1681 1819 1744 1872 τὸ
1781 1818 1856 1889 μὴ

253 1913 529 1967 δύνασθαι
563 1913 656 1966 τὸν
696 1914 942 1967 Σατανᾶν
987 1916 1159 1985 χωρὶς
1205 1915 1513 1984 φαντασίας
1556 1911 1857 1981 λογισμοὺς

259 2006 641 2077 δημιουργεῖν,
675 2007 770 2060 καὶ
798 2005 1222 2078 παραδεικνύειν
1254 2005 1332 2077 τῷ
1361 2005 1436 2076 νῷ
1471 2006 1609 2078 πρὸς
1639 2005 1858 2072 ἀπάτην

257 2098 464 2168 ψευδῆ.
1663 2118 1708 2123 η
1729 2121 1735 2125 η

341 2190 426 2244 ιε’.
483 2190 713 2260 ’Έτερος
744 2190 823 2256 δὲ,
861 2189 922 2244 τὺ
952 2191 1099 2261 ἔχειν
1126 2189 1226 2260 τὴν
1261 2189 1489 2260 καρδίαν
1531 2187 1742 2259 βαθέως
1770 2188 1861 2244 διὰ

261 2285 472 2346 παντὸς
507 2284 805 2338 σιωπῶσαν
837 2285 928 2337 καὶ
958 2286 1338 2355 ἡσυχάζουσαν
1371 2283 1479 2337 ἀπὸ
1529 2281 1735 2345 παντὸς
1764 2282 1855 2335 λό-

260 2391 390 2442 γου,
423 2372 515 2426 καὶ
549 2371 826 2444 εὔχεσθαι.

344 2473 441 2532 ις’.
497 2466 714 2530 Ἀλλος,
757 2465 816 2518 τὸ
846 2463 1189 2535 παρακαλεῖν
1227 2463 1320 2516 τὸν
1364 2460 1571 2533 Ἰησοῦν
1615 2461 1695 2525 είς
1732 2460 1858 2531 βοή-

257 2558 425 2612 θειαν
461 2556 709 2628 συνεχῶς
743 2559 800 2610 ὲν
828 2554 1184 2610 ταπεινώσει.
1239 2563 1246 2568 ’

343 2646 431 2713 ιζ’.
491 2649 718 2719 Ἕτερος
749 2646 805 2700 δὲ
838 2646 1060 2717 τρόπος,
1083 2645 1164 2708 τὸ,
1199 2646 1419 2716 μνήμην
1453 2643 1598 2716 ἔχειν
1627 2644 1859 2700 Θανάτου

261 2742 623 2797 ἀδιάλειπτον
652 2745 711 2795 ὲν
739 2743 804 2810 τῇ
840 2739 1007 2811 ψυχῇ.

342 2841 434 2906 ιη’.
486 2827 656 2888 Abeat
691 2834 862 2886 πᾶσαι
895 2833 950 2886 at
997 2829 1278 2900 ἐργασίαι,
1323 2827 1599 2899 ἀγαπητέ,
1628 2829 1726 2892 τὰς
1761 2843 1862 2881 πο-

263 2945 335 2996 νη
346 2927 445 2997 ρας
471 2925 684 2988 ἐννοίας
716 2924 876 2995 δίκην
907 2921 1174 2992 πυλωρῶν
1204 2920 1496 2975 κωλύουσι.
1539 2920 1582 2972 Τ
1586 2919 1614 2972 ὸ
1645 2920 1701 2974 δὲ
1729 2921 1863 2991 ὁρᾷν

267 3019 412 3090 πρὸς
436 3018 667 3088 οὐρανὸν
703 3018 795 3070 καὶ
821 3016 949 3085 γῆν,
988 3014 1122 3088 μηδὲ
1172 3012 1432 3084 ἡγεῖσθαι
1461 3012 1611 3074 ὅπως
1635 3011 1862 3082 ὲνεργές

264 3113 394 3162 em
438 3111 534 3162 σὺν
566 3111 680 3171 τοῖς
713 3108 920 3171 ἄλλοις,
959 3104 1094 3160 Θεοῦ
1123 3105 1379 3170 διδόντος,
1419 3107 1571 3176 ῥῆμα
1606 3105 1664 3158 ὲν
1711 3103 1859 3175 ἄλλῳ

265 3203 424 3272 τόπῳ
451 3200 830 3271 ὲκτελέστερον
852 3197 1292 3272 ἐκίτε]θήσομαι.

347 3293 433 3346 ιθ’.
496 3291 624 3344 Ἐὰν
656 3292 796 3361 πρὸς
826 3291 1008 3358 ὀλίγον
1036 3288 1146 3341 τῶν
1199 3287 1387 3341 παθῶν
1415 3288 1511 3350 τὰς
1544 3286 1724 3352 αίτίας
1764 3287 1861 3340 ὲκ-

269 3383 568 3452 κόψαντες,
619 3383 730 3444 τοῖς
767 3381 1162 3450 πνευματικοῖς
1217 3377 1671 3448 ὲνασχοληθῶμεν
1724 3377 1863 3432 θεωο

272 3480 509 3550 ρήμασι,
545 3477 622 3549 μὴ
673 3479 734 3531 ἐν
781 3477 966 3541 αὐτοῖς
999 3475 1056 3528 δὲ
1102 3475 1500 3544 διατρίψωμεν,
1531 3473 1664 3527 αὐτὸ
1701 3472 1861 3527 τοῦτο

266 3572 494 3641 ἔχοντες
523 3571 704 3642 ἔργον,
721 3568 962 3640 εὐχερῶς
990 3567 1152 3620 πάλιν
1175 3566 1266 3620 ἐπὶ
1281 3567 1350 3620 τὰ
1369 3568 1468 3636 τῆς
1486 3566 1687 3637 σαρκὸς
1713 3565 1860 3638 πάθη

273 3661 752 3733 περιτρεπόμεθα,
799 3659 970 3731 μηδὲν
997 3657 1127 3712 ἄλλο
1165 3657 1376 3710 ἐκεῖθεν
1406 3656 1859 3727 καρπωσάμενοι,

272 3752 310 3825 ἢ
365 3753 632 3807 σκότωσιν
675 3750 956 3815 παντελῶς
988 3750 1085 3803 τοῦ
1137 3748 1254 3815 νοῦ,
1303 3748 1399 3801 καὶ
1445 3749 1539 3801 ἐπὶ
1584 3747 1654 3801 τὰ
1703 3747 1863 3801 ama:

274 3847 574 3917 ἐκτροπὴν.

346 3942 416 3993 κ’.
469 3939 559 3990 Δεῖ
615 3935 710 3991 τὸν
757 3933 1166 4006 ἀγωνιζόμενον
1220 3935 1368 3990 ἔνδον
1427 3935 1571 3989 κατὰ
1624 3933 1862 4006 στιγμὴν

271 4031 474 4104 χρόνον
504 4029 649 4100 ἔχειν
677 4029 746 4083 τὰ
778 4029 1021 4101 τέσσαρα
1048 4027 1221 4082 ταῦτα
1242 4069 1257 4094 ,
1287 4028 1621 4082 ταπείνωσιν
1646 4067 1662 4091 ,
1694 4041 1865 4098 προσ-

267 4124 412 4195 οχήν
432 4139 491 4176 τε
511 4123 710 4193 ἄκραν,
739 4121 1088 4194 ἀντίρρησιν,
1119 4123 1215 4175 καὶ
1233 4123 1564 4192 προσευχήν·
1592 4119 1866 4199 ταπείνω-

277 4235 366 4272 σιν
396 4217 516 4287 μὲν,
548 4217 631 4270 ὃτι
661 4213 798 4287 πρὸς
831 4211 1218 4284 ὑπερηφάνους
1255 4212 1515 4282 δαίμονας
1551 4209 1866 4272 ἀντιθέτους

273 4308 612 4365 ταπεινώσει
655 4307 804 4361 ἐστὶν
857 4304 997 4376 αὕτη
1050 4305 1083 4376 ἡ
1137 4305 1306 4374 πάλη,
1359 4303 1446 4357 ἵνα
1480 4303 1580 4374 τὴν
1623 4299 1864 4374 Χριστοῦ

1960 1833 2062 1887 est,
2101 1832 2160 1878 ut
2202 1824 2652 1896 imaginationem
2676 1826 2871 1883 crebro
2920 1830 3347 1900 perpendamus,
3389 1832 3544 1903 obje-

1959 1916 2201 1970 ctionem
2246 1917 2548 1972 videlicet:
2592 1933 2658 1972 eo
2703 1920 2852 1989 quod
2883 1921 3094 1992 absque
3145 1921 3542 1995 imaginatione

1962 2005 2194 2060 Satanas
2235 2018 2474 2077 nequeat
2507 2008 2685 2062 moliri
2745 2010 3135 2082 cogitationes,
3173 2025 3268 2068 aut
3319 2014 3542 2072 fallendi

1955 2096 2153 2166 gratia,
2182 2099 2353 2153 menti
2380 2114 2694 2171 proponere
2728 2103 3036 2159 mendacia.

2035 2190 2121 2244 15.
2167 2190 2318 2246 Alter
2339 2209 2494 2257 vero,
2537 2204 2602 2250 ut
2629 2195 2681 2248 in
2703 2195 2978 2265 profundo
2999 2213 3101 2268 per
3142 2200 3328 2255 omnia
3373 2201 3543 2258 silen.

1963 2283 2060 2349 tio,
2111 2295 2170 2339 et
2222 2286 2409 2356 quiete
2455 2288 2607 2342 omni
2666 2304 2925 2345 sermone
2968 2306 3161 2356 vacua,
3221 2291 3542 2351 demersum

1963 2375 2262 2431 habeamus
2289 2378 2560 2445 animum,
2602 2395 2664 2434 ac
2697 2395 3011 2451 precemur.

2041 2467 2123 2522 l6.
2167 2467 2339 2533 Alius,
2367 2478 2427 2524 ut
2459 2485 2586 2526 cum
2611 2470 2918 2528 humilitate
2947 2472 3135 2530 Jesum
3173 2475 3226 2530 in
3277 2479 3543 2535 auxilium

1965 2559 2312 2614 centinenter
2334 2561 2674 2617 invocemus.

2040 2651 2136 2714 17.,
2171 2653 2411 2720 Quartus
2466 2662 2648 2708 autem
2698 2656 2896 2711 modus
2945 2667 3065 2722 est,
3118 2670 3179 2714 ut
3229 2658 3543 2720 continuam

1965 2738 2017 2792 in
2045 2739 2227 2794 animo
2251 2741 2551 2795 habeamus
2592 2742 2784 2797 mortis
2815 2745 3157 2798 memoriam.

2040 2831 2125 2885 18.
2159 2831 2440 2887 Universae
2475 2833 2828 2903 Operationes
2860 2835 3150 2905 ejusmodi,
3200 2838 3543 2905 charissimc,

1967 2939 2123 2979 more
2154 2925 2453 2994 ianitorum
2483 2941 2672 2981 arcere
2711 2926 2886 2982 solent
2912 2945 3108 2998 pravas
3131 2934 3544 3003 conceptiones.

1965 3016 2170 3084 Quanti
2202 3034 2335 3073 vero
2368 3019 2439 3074 sit
2461 3021 2750 3087 momenti,
2794 3021 2989 3076 coalum
3024 3022 3247 3088 intueri,
3291 3037 3346 3080 et
3390 3028 3545 3082 nihiii

1969 3105 2150 3161 facere
2205 3116 2431 3174 terram,
2493 3123 2601 3162 una
2658 3123 2785 3162 cum
2835 3109 3080 3179 reliquis,
3139 3112 3252 3166 Deo
3301 3113 3548 3170 donante

1967 3201 2284 3256 facultatem
2307 3202 2553 3270 dicendi,
2590 3202 2698 3259 alio
2736 3203 2857 3259 loco
2883 3205 3101 3274 plenius
3125 3221 3420 3276 exponam.

2041 3294 2127 3349 19.
2164 3292 2220 3347 Si
2240 3293 2538 3363 amputatis
2563 3293 2630 3348 ad
2653 3293 2929 3349 modicum
2949 3303 3165 3366 tempus
3194 3297 3550 3354 atl'ectionnm

1969 3399 2188 3448 causas,
2224 3385 2448 3440 studere
2479 3385 2808 3455 incipiamus
2841 3386 3184 3455 spiritalibus
3212 3389 3550 3446 observatio-

1967 3477 2154 3541 nibus,
2187 3483 2243 3530 et
2268 3477 2322 3529 in
2353 3475 2432 3530 eis
2457 3491 2566 3531 non
2595 3475 2971 3541 immorcmur,
3007 3479 3252 3532 eamdem
3282 3493 3551 3538 navantes

1968 3583 2222 3640 operam,
2263 3566 2426 3622 facile
2475 3567 2662 3622 denuo
2705 3565 3054 3622 revolvemur
3081 3568 3153 3622 ad
3186 3572 3370 3625 carnis
3415 3573 3551 3628 atie-

1976 3669 2126 3726 ctus,
2163 3659 2375 3713 nullum
2404 3659 2533 3713 inde
2557 3658 2796 3714 fructum
2837 3659 3002 3713 alium
3029 3659 3352 3727 referentes,
3389 3681 3549 3734 quam

1969 3752 2341 3809 omnimodam
2395 3751 2909 3807 obtenehrationem
2964 3753 3199 3822 mentis,
3248 3764 3306 3810 et
3341 3757 3412 3812 ad
3465 3773 3552 3815 res

1968 3844 2202 3900 sensiles
2229 3842 2665 3898 conversionem.

2031 3935 2120 3992 20.
2164 3933 2300 3989 Eum
2335 3934 2428 4004 qui
2462 3934 2979 3992 sustinetinteriora
3013 3938 3331 4002 certamina,
3359 3939 3551 3994 eodem

1970 4037 2253 4084 rnomento
2287 4027 2568 4096 temporis,
2616 4027 2769 4082 hisce
2810 4037 3051 4098 quatuor
3101 4029 3388 4099 praeditum
3432 4047 3553 4085 esse

1968 4118 2253 4182 convenit,
2285 4116 2616 4182 humilitate,
2657 4118 2966 4173 attentione
3025 4133 3258 4182 summa,
3315 4121 3555 4175 relucta-

1973 4213 2142 4278 tione,
2177 4223 2233 4268 et
2266 4212 2606 4282 precatione.
2630 4209 2952 4266 Humilitate
2999 4212 3245 4284 quidem,
3296 4215 3553 4284 quoniam

1969 4305 2262 4362 conﬂictus
2318 4304 2408 4361 ille
2463 4312 2551 4361 est
2603 4305 2872 4361 adversus
2928 4306 3198 4375 superbos
3236 4306 3553 4374 damionas,

279 4405 535 4478 βοήθειαν
577 4403 636 4454 ὲν
684 4401 832 4472 χειρὶ
864 4399 1093 4470 παρδίας
1136 4398 1258 4470 ἔχῃ,
1303 4396 1390 4451 διὰ
1435 4395 1496 4449 τὸ
1524 4395 1621 4450 τὸν
1660 4394 1858 4466 Κύριον

1977 4398 2302 4455 humilitatis
2363 4397 2747 4454 adversarios:
2787 4413 2896 4468 quo
2943 4397 3147 4454 Christi
3179 4399 3441 4454 auxilium
3499 4400 3555 4454 in

277 4497 670 4568 ὑπερηφάνους
752 4494 970 4564 μισεῖν·
1024 4492 1300 4564 προσοχὴν
1352 4489 1430 4555 δὲ,
1487 4489 1578 4544 ἵνα
1630 4489 1722 4543 ἀεὶ
1768 4487 1870 4560 τὴν
1898 4487 1948 4546 ’,ι

279 4589 480 4647 ἑαυτοῦ
527 4587 753 4660 καρδίαν
796 4587 925 4656 ποιῇ
987 4583 1194 4654 μηδένα
1249 4583 1514 4654 λογισμὸν
1568 4583 1734 4654 ἔχειν,
1771 4581 1876 4636 κᾶν

272 4683 446 4754 δῆθεν
477 4681 678 4751 ἀγαθὸς
704 4679 1003 4750 φαίνηται*
1039 4675 1364 4750 ἀντίρρησιν
1406 4675 1485 4742 δὲ,
1518 4675 1608 4729 ῐνα
1635 4673 1876 4745 ὁπηνίκα

274 4778 454 4844 ὀξέως
485 4776 650 4845 γνοὺς
689 4773 781 4827 τὸν
818 4771 1066 4836 ἐλθόντα,
1106 4770 1271 4832 εὐθὺς
1305 4770 1428 4838 μετ’
1461 4768 1632 4840 ὀργῆς
1659 4767 1874 4821 ἀντιλο-

280 4871 505 4941 γισθείη
531 4867 608 4939 τῷ
635 4861 878 4936 πονηρῷ.
911 4863 1021 4916 Καὶ
1042 4859 1544 4929 ἀποκριθήσομαι,
1565 4858 1722 4931 φησὶ,
1751 4859 1872 4924 τοῖς

282 4961 649 5025 ὀνειδίζουσί
678 4976 782 5030 μοι
811 4956 971 5012 κακά
993 4973 1007 4986 ·
1037 4955 1185 5022 Οὐχὶ
1216 4952 1298 5019 τῷ
1333 4951 1454 5018 Θεῷ
1493 4950 1876 5022 ὑποταγήσε-

281 5074 381 5112 ται
418 5057 454 5122 ἡ
490 5051 660 5122 ψυχή
687 5065 846 5120 you;
889 5045 1053 5118 εὐχὴν
1083 5045 1162 5109 δὲ,
1194 5045 1283 5098 ἵνα
1317 5043 1454 5116 μετὰ
1479 5045 1579 5114 τὴν
1611 5044 1876 5115 ἀντίρρη-

289 5165 401 5212 σιν,
435 5144 597 5206 εὐθὺς
630 5144 695 5194 ἐκ
732 5137 940 5209 βαθέων
978 5137 1212 5207 καρδίας
1242 5135 1536 5206 κραυγάσῃ
1579 5134 1718 5204 πρδς
1745 5134 1788 5186 Χ
1798 5150 1880 5203 ρι-

290 5237 421 5291 στὸν
453 5231 742 5303 στεναγμῷ
796 5230 1052 5299 ἀλαλήτῳ
1074 5244 1087 5260 ο
1121 5227 1216 5281 καὶ
1261 5227 1383 5279 τότε
1416 5227 1578 5289 αὐτὸς
1621 5228 1649 5279 ὁ
1680 5227 1880 5293 ἀγωνι-

287 5329 515 5397 ζόμενος
550 5321 806 5394 βλέψεται
851 5319 942 5372 τὸν
971 5317 1164 5389 ἐχθρὸν
1195 5317 1458 5388 λυόμενεν
1487 5315 1564 5386 τῷ
1595 5315 1738 5386 ἁγίῳ
1777 5317 1873 5370 καὶ

288 5413 656 5489 προσκυνητῷ
687 5411 917 5481 ὀνόματι
951 5405 1046 5463 τοῦ
1102 5405 1298 5479 Ἰησοῦ,
1347 5407 1420 5464 ὡς
1455 5405 1582 5478 χοῦν
1619 5406 1723 5459 ὑπὸ
1751 5407 1876 5460 ἀνέ-

295 5527 422 5582 μου,
458 5509 493 5578 ἢ
527 5508 604 5570 ὡς
654 5503 860 5558 καπνὸν
893 5501 1210 5557 ἐκλείποντα
1256 5506 1400 5570 μετὰ
1439 5499 1540 5569 τῆς
1572 5499 1872 5568 φαντασίας

295 5599 487 5656 αὑτοῦ.

376 5790 421 5825 ⁸³
455 5801 597 5857 Psal.
630 5813 819 5863 cxvm,
851 5796 940 5852 42.
1024 5796 1067 5828 θ’
1098 5791 1245 5848 Psal.
1282 5807 1394 5859 ut,
1428 5792 1476 5845 Ι.

1974 4509 2139 4550 manu
2160 4492 2342 4548 cordis
2364 4492 2598 4548 habeat:
2623 4507 2753 4548 eum
2775 4490 3044 4547 Dominus
3065 4491 3245 4547 oderit
3267 4493 3556 4563 superbos.

1973 4583 2295 4639 Attentione
2326 4595 2479 4646 vero,
2533 4588 2594 4636 ut
2634 4596 2794 4637 suum
2850 4581 3027 4652 ipsius
3052 4581 3300 4637 animum
3351 4581 3559 4653 cogita-

1973 4678 2238 4744 tionibus,
2292 4675 2462 4731 etiam
2511 4675 2664 4730 velut
2708 4671 2976 4729 bonitatis
3037 4673 3277 4745 speciem
3335 4688 3448 4745 prae
3499 4689 3559 4728 se

1974 4769 2302 4832 ferentibus,
2332 4768 2636 4824 immunem
2672 4780 2892 4836 semper
2921 4765 3136 4820 reddat.
3176 4763 3560 4820 Reluctatione

1972 4867 2271 4926 autem,ut
2305 4875 2429 4913 cum
2453 4857 2804 4912 accedentem
2859 4853 3102 4926 diligenti
3163 4854 3364 4910 mentis
3427 4869 3561 4909 acu--

1977 4953 2125 5008 mine
2165 4950 2402 5012 noverit,
2455 4963 2580 5004 mox
2619 4945 3034 5002 excandescens
3087 4947 3428 5002 contradicat
3484 4946 3562 5000 illi

1977 5059 2240 5113 nequam.
2318 5042 2386 5097 Et
2453 5037 2797 5109 respondebo.
2855 5038 3066 5108 inquit,
3123 5036 3561 5106 exprobrantibus

1979 5135 2109 5188 mihi
2169 5134 2316 5188 mala
2348 5133 2445 5186 διε
2505 5131 2692 5186 Nonne
2750 5129 2859 5184 Deo
2914 5129 3152 5198 subjecta
3215 5129 3316 5182 erit
3377 5128 3562 5183 anima

1981 5244 2099 5281 mea
2118 5227 2210 5283 ⁸³2
2241 5226 2569 5282 Precatione
2597 5233 2803 5289 autem,
2850 5233 2910 5278 ut
2939 5232 3295 5294 posteaquam
3340 5221 3562 5276 restite~

1982 5321 2076 5382 rit,
2143 5317 2432 5374 confestim
2499 5334 2570 5374 ex
2631 5318 2827 5372 intimo
2880 5315 3044 5371 corde
3103 5313 3439 5370 vociferatur
3494 5316 3562 5369 ad

1984 5410 2266 5467 Christum
2295 5409 2501 5481 gemitu
2527 5409 2815 5464 indicibiii.
2843 5407 3094 5476 Tumque
3129 5405 3194 5474 is,
3255 5405 3351 5475 qui
3401 5406 3565 5461 modo

1986 5504 2252 5568 certabat,
2283 5503 2491 5562 videbit
2515 5503 2730 5558 hostem
2762 5517 2885 5557 cum
2912 5499 3261 5555 illusionibns
3302 5496 3438 5562 suis,
3469 5514 3567 5569 per

1987 5607 2188 5647 nomen
2218 5591 2348 5646 Iesu
2383 5600 2632 5646 sanctum
2661 5602 2718 5645 et
2745 5587 3107 5652 adorandum,
3159 5585 3309 5640 velut
3371 5586 3562 5655 pulve-

1986 5701 2102 5739 rem
2134 5700 2164 5738 a
2187 5693 2371 5749 vento,
2406 5692 2501 5737 aut
2526 5684 2659 5738 fumi
2683 5679 3064 5739 evanescentis
3094 5679 3286 5743 instar,
3315 5678 3558 5734 dissolvi.
