3934 6408
437 382 457 444 l
473 384 569 445 i8?

499 502 592 555 il.
636 499 737 565 Qui
800 513 907 553 non
943 508 1026 552 est
1058 496 1229 550 fretus
1261 494 1574 565 precatione
1601 489 2024 562 cogitationibus
2061 492 2097 547 Λ

1628 373 1999 439 IIESYCHII
2039 371 2515 432 PRESBYTERI

3539 373 3653 441 1488

2203 491 2319 553 xci"
2369 485 2428 537 Ὀ
2461 483 2537 554 μὴ
2570 483 2709 554 ἔχων
2747 481 2912 553 εὐχὴν
2945 480 3193 553 καθαρὰν
3231 481 3657 554 ὶ.ο“ίισμῶν,ὃπ>οιι

436 605 683 666 purgata,
718 593 1054 648 caretarmis
1085 590 1152 644 ad
1181 590 1383 643 bellum
1421 588 1585 657 aptis.
1632 584 2021 640 Precationem

2144 578 2229 631 »ύκ
2260 576 2372 648 ἔχει
2402 578 2482 641 είς
2524 577 2759 648 πόλεμον
2780 594 2795 611 ο
2834 576 2998 646 εὐχὴν
3027 574 3085 628 δὲ
3118 574 3260 645 λέγω
3286 576 3507 641 ἁεννάως
3536 580 3663 653 imp.

434 687 579 750 dico,
605 701 822 753 semper
848 684 1122 753 vigentem
1166 682 1219 734 in
1270 679 1643 749 penetralibus
1693 677 1923 730 animat:
1965 683 2028 729 ut

439 797 536 850 per
567 778 972 832 invocationem
999 776 1129 829 .lesu
1159 774 1364 829 Christi
1394 782 1450 827 et
1476 771 1796 825 intestinum
1821 768 2022 823 bellum

436 870 756 939 eastigctur.
780 875 836 921 et
868 864 1045 920 hostis
1065 870 1347 918 exuratur.

508 959 599 1012 29..
648 958 820 1011 Debes
844 955 1097 1025 equidem
1136 962 1189 1007 tu
1217 950 1403 1006 subtili
1437 960 1493 1005 et
1546 950 1761 1004 intenso
1823 948 2026 1002 utentis

438 1051 636 1104 intuitu
661 1049 997 1119 perspicere,
1031 1043 1379 1114 utintelligas
1412 1041 1785 1113 ingredientes
1815 1040 2023 1110 cogita-

439 1144 639 1199 tiones.
673 1140 773 1195 Ubi
807 1156 939 1194 vero
969 1137 1145 1198 noris,
1175 1136 1360 1190 statim
1414 1134 1722 1190 resistendo
1773 1142 2028 1188 conteras

440 1233 926 1305 caputserpentis:
963 1244 1182 1300 unaque
1214 1228 1518 1297 suspirans,
1541 1226 1820 1280 Christum
1854 1225 2027 1281 incla-

442 1338 605 1383 matu.
676 1328 743 1381 Et
796 1328 869 1379 ita
925 1324 1211 1394 experiere
1274 1321 1521 1377 divinam
1581 1329 1633 1375 et
1695 1319 2026 1375 invisibilem

438 1417 848 1473 defensionem.
882 1417 961 1469 Ac
989 1423 1103 1469 tum
1126 1413 1336 1484 liquido
1363 1412 1655 1484 perspicua
1708 1413 1802 1467 ﬁet
1848 1412 2030 1469 cordis

441 1512 735 1567 rectitude.

512 1604 604 1659 ‘23.
675 1600 1147 1669 Quemadmodum
1190 1599 1237 1653 is
1280 1598 1372 1668 qui
1423 1596 1706 1669 speculum
1770 1606 1919 1653 tenet
1975 1598 2028 1651 in

443 1714 631 1760 manu,
697 1696 743 1750 si
812 1695 951 1750 forte
999 1693 1315 1748 consistens
1369 1694 1425 1745 in
1476 1691 1657 1746 medio
1708 1690 2027 1756 multorum,

443 1789 639 1843 detixis
668 1787 841 1842 oculis
868 1787 1149 1840 intueatur
1209 1783 1263 1837 in
1313 1782 1561 1852 speculo,
1621 1780 1771 1835 videt
1808 1779 2027 1850 quidem

446 1881 592 1951 quali
624 1882 693 1935 sit
724 1880 839 1950 ipse
871 1877 1032 1942 facie,
1062 1877 1212 1931 videt
1237 1875 1403 1929 etiam
1435 1873 1668 1928 aliorum
1729 1872 1941 1926 vultum
1973 1872 2029 1925 in

449 1976 589 2029 idem
626 1971 908 2044 speculum
936 1968 1401 2025 incumbentium:
1433 1970 1506 2022 ita
1527 1966 1620 2036 qui
1668 1975 1815 2021 totus
1842 1966 1898 2020 in
1938 1980 2032 2019 eor

450 2082 611 2121 suum
644 2062 934 2128 incumbit,
972 2070 1026 2116 et
1067 2076 1225 2116 suum
1257 2060 1432 2129 ipsius
1465 2067 1666 2113 statum
1700 2057 1753 2111 in
1786 2072 1853 2111 eo
1895 2071 2032 2111 eon-

451 2155 634 2224 SplCil,
669 2164 723 2208 et
768 2152 977 2224 nigrant
1018 2148 1345 2220 spiritalium
1406 2147 1730 2217 Aithiopum
1788 2146 2033 2201 intuetur

451 2248 665 2303 faciem.

518 2340 610 2395 24.
652 2337 922 2394 Cancrum
952 2348 1109 2389 mens
1140 2348 1236 2404 per
1257 2330 1493 2403 seipsam
1517 2331 1691 2387 solam
1718 2347 1829 2386 non
1854 2337 2035 2400 potest

450 2441 713 2497 superare
780 2424 1092 2479 illusionem
1148 2422 1499 2477 dmmonum:
1564 2435 1629 2473 ne
1701 2417 1805 2473 sibi
1850 2418 1919 2473 de
1967 2433 2035 2471 eo

453 2520 686 2575 nimium
719 2518 869 2573 fidat.
908 2515 1041 2577 Nam
1063 2530 1188 2570 cum
1219 2514 1330 2569 sint
1380 2511 1613 2574 versuti,
1670 2511 1836 2566 etiam
1888 2511 2035 2565 vinei

450 2613 733 2678 simulant,
759 2610 889 2665 dum
919 2609 1140 2663 aliunde
1161 2623 1258 2678 per
1276 2607 1492 2661 inanem
1526 2605 1751 2676 gloriam
1776 2605 2037 2675 supplan-

453 2714 590 2759 tant.
626 2704 860 2771 Quando
891 2716 1023 2757 vero
1060 2699 1223 2755 Jesus
1262 2700 1567 2763 invocatur,
1621 2713 1693 2752 ne
1744 2697 1811 2751 ad
1844 2698 2035 2751 horam

453 2794 673 2864 quidem
706 2792 1035 2856 subsistere,
1071 2797 1164 2844 aut
1193 2790 1379 2843 fallere
1413 2797 1464 2842 te
1493 2796 1743 2859 possunt.

523 2886 613 2940 23.
658 2884 939 2947 Observa,
992 2899 1062 2937 ne
1122 2898 1229 2952 qua
1287 2881 1505 2935 ducaris
1553 2880 1839 2951 opinione,
1884 2894 2037 2935 more

452 2979 638 3051 populi
663 2976 947 3033 lsraelitiei
982 2994 996 3031 :
1036 2985 1091 3030 et
1138 2974 1211 3029 ita
1245 2975 1475 3030 tradaris
1519 2972 1777 3029 hostibus
1827 2972 2041 3028 intelle-

459 3072 756 3127 etualibus.
784 3071 878 3125 llle
914 3068 1061 3124 enim
1092 3067 1363 3124 benefit-io
1391 3066 1489 3123 Dei
1525 3066 1773 3123 omnium
1794 3066 2039 3121 auctoris

2127 672 2403 741 γουμένην
2429 673 2488 726 ὲν
2520 670 2736 735 ἀδύτοις
2771 669 2871 739 τῆς
2920 667 3123 737 ψυχῆς,
3162 668 3249 719 ἴνα
3289 670 3352 739 τῇ
3384 667 3468 722 τοῦ
3516 671 3663 741 Ἰησοῦ

2129 762 2692 835 Χριστοῦέπικλήσει
2722 764 2752 814 ὁ
2782 762 3030 832 κρυφεως
3076 759 3307 830 πόλεμος
3352 763 3667 835 μαστιγῆται,

2129 857 2226 911 καὶ
2258 857 2527 928 φλέγηται
2561 856 2839 926 πολέμιος.

2202 950 2312 1021 κβ’.
2363 950 2441 1005 Εὖ
2471 950 2573 1021 μὲν
2608 949 2847 1019 ὀφείλεις
2889 947 3003 1012 όξεῖ
3035 946 3129 1000 καὶ
3159 945 3388 1017 συντόνῳ
3419 946 3503 1000 νοῦ
3529 949 3672 1019 βλέμ-

2132 1061 2262 1115 ματι
2288 1041 2533 1114 βλέπειν,
2569 1043 2711 1096 ῶστε
2738 1043 2879 1095 νοεῖν
2919 1040 3049 1102 τοὺς
3077 1038 3483 1110 εἰσερχομένους
3504 1056 3515 1069 ·
3538 1043 3675 1108 γνοὺς

2127 1137 2206 1202 δὲ,
2240 1134 2371 1208 παρ’
2415 1134 2558 1190 αὐτὰ
2595 1134 2662 1189 δι’
2694 1134 3072 1206 ἀντιρρήσεως
3107 1131 3237 1203 θλᾷν
3275 1131 3500 1201 τὴντοῦ
3526 1134 3677 1202 όφεως

2131 1227 2400 1299 κεφαλὴν,
2434 1227 2531 1282 καὶ
2558 1226 2677 1298 ἅμα
2701 1225 2877 1296 τούτῳ
2912 1226 3010 1279 σὺν
3041 1225 3333 1295 στεναγμῷ
3363 1224 3541 1295 βόησον
3565 1227 3679 1298 πρὸς

2131 1320 2404 1391 Χριστὸν,
2470 1304 2565 1374 καὶ
2627 1317 2778 1392 λήψῃ
2840 1319 3034 1389 πεῖραν
3094 1315 3217 1370 τότε
3277 1315 3422 1381 θείας
3476 1319 3676 1390 ἀοράτου

2130 1414 2470 1486 ἀντιλήψεως
2511 1429 2524 1444 ⁸
2578 1414 2676 1468 καὶ
2727 1414 2853 1467 τότε
2905 1412 3038 1484 ὁρᾷς
3099 1410 3382 1483 τηλαυγῶς
3445 1410 3681 1485 εὐθύτητα

2132 1507 2387 1579 καρδίας.

2207 1608 2315 1669 κγ’.
2347 1601 2561 1672 ’Ὠσπερ
2600 1601 2629 1653 ό
2651 1598 2869 1672 κρατῶν
2909 1598 3177 1675 ἔσοπτρον
3205 1598 3264 1651 ὲν
3293 1598 3450 1670 χειρὶ,
3480 1597 3622 1669 μέσον
3634 1598 3679 1652 δὲ

2133 1697 2182 1749 εἰ
2198 1693 2353 1764 τύχοι
2380 1692 2591 1747 πολλῶν
2615 1692 2904 1762 ἱστάμενος
2926 1690 3191 1755 ἀτενίζων
3216 1689 3294 1761 τῷ
3308 1690 3561 1761 ἐσόπτρῳ,
3585 1690 3681 1760 βλέσ

2135 1804 2226 1841 πει
2281 1786 2382 1857 μὲν
2431 1785 2493 1838 τὸ
2542 1784 2673 1840 ἴδιον
2720 1784 3017 1855 πρόσωπον
3066 1784 3270 1848 ὁποῖον,
3298 1781 3478 1853 βλέπει
3518 1782 3569 1835 δὲ
3608 1784 3682 1835 καὶ

2132 1880 2240 1935 τῶν
2285 1879 2461 1935 ἄλλων
2507 1879 2617 1932 τῶν
2658 1876 3048 1946 ὲγκυπτόντων
3081 1876 3141 1929 ὲν
3190 1874 3270 1947 τῷ
3306 1874 3387 1929 ἐνὶ
3432 1874 3681 1947 ἐσόπτρῳ·

2132 1973 2308 2036 οὓτως
2342 1975 2371 2027 ὁ
2397 1973 2466 2026 δι’
2502 1972 2625 2026 ὅλου
2656 1970 2949 2040 ὲγκύπτων
2994 1970 3078 2033 είς
3120 1968 3220 2041 τὴν
3253 1967 3477 2037 καρδίαν
3504 1966 3662 2034 αὐτοῦ,

2138 2065 2327 2137 βλέπει
2367 2066 2466 2138 μὲν
2510 2064 2612 2137 τὴν
2651 2063 2849 2118 ἑαυτοῦ
2892 2062 3236 2119 κατάστασιν
3268 2064 3326 2116 ὲν
3352 2062 3502 2132 αὐτῇ,
3531 2060 3685 2131 βλέπει

2133 2158 2191 2211 δὲ
2222 2158 2415 2212 καὶτὰ
2464 2157 2674 2230 μέλανα
2730 2155 3003 2228 πρόσωπα
3041 2154 3152 2209 τῶν
3197 2152 3404 2225 νοητῶν
3432 2151 3682 2207 Αἰθιόπων.

2208 2338 2306 2393 κδ’.
2373 2337 2515 2390 Ἀλλ’
2546 2336 2608 2389 ού
2643 2334 2870 2390 δύναται
2911 2335 2940 2388 ό
2984 2333 3110 2398 νοῦς
3160 2332 3388 2403 νικῆσαι
3429 2330 3686 2402 φαντασίαν

2136 2429 2420 2501 δαιμονίαν
2453 2430 2519 2483 δι’
2564 2426 2761 2483 ἑαυτοῦ
2832 2425 2998 2497 μόνου
3035 2466 3052 2492 ,
3101 2424 3315 2496 μήποτε
3363 2419 3541 2475 τούτου
3581 2421 3687 2493 θαῤ-

2142 2527 2347 2599 ρείτω·
2385 2523 2689 2596 πανοῦργοι
2730 2521 2842 2592 γὰρ
2881 2520 3035 2582 ὅντες
3069 2518 3164 2572 καὶ
3215 2514 3477 2588 ἡττᾶσθαι
3503 2514 3689 2585 ὑποκρί-

2138 2634 2345 2677 νονται.
2386 2614 2612 2676 ἄλλοθεν
2656 2614 2745 2667 διὰ
2788 2608 3100 2674 κενοδοξίας
3146 2604 3607 2670 ὑποσκελίζοντες·
3635 2605 3687 2673 τῇ

2142 2709 2201 2763 δὲ
2268 2706 2443 2778 Ἰησοῦ
2499 2704 2791 2775 ἐπικλήσει
2842 2701 3058 2769 στῆναιι
3109 2700 3209 2753 καὶ
3257 2695 3609 2751 δολιεύσασθαί
3641 2711 3687 2748 σε

2139 2802 2262 2857 οὐδὲ
2291 2800 2396 2854 κᾶν
2427 2799 2565 2869 πρὸς
2589 2797 2738 2868 ὥραν
2769 2795 3157 2866 ύπομένωσιν.

2210 2898 2312 2947 κε’.
2373 2890 2536 2960 Ὅρα,
2588 2889 2664 2959 μὴ
2699 2886 2893 2958 οἰηθῇς
2944 2884 3087 2938 κατὰ
3136 2882 3232 2937 τὸν
3267 2881 3435 2936 πάλαι
3492 2879 3684 2951 Ἰσραὴλ.

2142 2986 2238 3038 καὶ
2291 2981 2648 3055 παραδοθήσῃ
2697 2980 2793 3033 καὶ
2842 2977 3005 3041 αὐτὸς
3058 2978 3171 3040 τοῖς
3224 2976 3434 3044 νοητοῖς
3478 2971 3684 3044 ἐχθροῖς·

2141 3080 2349 3140 ἐκεῖνος
2405 3075 2515 3147 γὰρ
2564 3071 2718 3144 παρά
2768 3070 2863 3123 τοῦ
2904 3070 3014 3123 τῶν
3051 3068 3192 3121 ὅλων
3244 3062 3401 3131 Θεοῦ,
3455 3063 3687 3133 Αἰγύπτου

454 3168 717 3223 liberatus
784 3167 852 3221 ab
916 3164 1172 3238 Aigypto,
1236 3165 1305 3220 ad
1354 3180 1515 3239 opem
1582 3164 1685 3220 sibi
1756 3164 2036 3219 ferendam

2144 3168 2504 3238 ἀπαλλαγεὶς,
2544 3163 2739 3236 βοηθὸν
2786 3160 2981 3216 ἑαυτοῦ
3028 3157 3331 3229 ἐπενόησεν
3374 3153 3576 3209 εἴδωλον
3608 3168 3690 3222 χω-

454 3258 785 3331 exeogitavit
823 3258 1026 3313 idolum
1059 3257 1353 3312 conﬂatile.

520 3352 620 3427 26.
665 3349 1165 3406 ldolumconllatile
1188 3349 1479 3421 intelliges,
1514 3358 1755 3405 mentem
1788 3358 2038 3405 nostram

456 3442 762 3497 infirmam:
813 3458 936 3511 qua:
978 3441 1223 3511 quandiu
1270 3441 1491 3512 quidem
1547 3441 1800 3512 implorat
1849 3441 2038 3497 Jesum

454 3538 735 3593 Christum
755 3537 1018 3591 adversus
1037 3535 1297 3605 nequitia:
1326 3535 1575 3605 spiritus,
1606 3534 1764 3590 facile
1791 3534 2041 3606 profligat

454 3646 588 3681 eos:
638 3637 693 3683 et
746 3627 1050 3682 invisibiles
1099 3626 1307 3681 inimici
1371 3624 1561 3698 copias
1616 3627 1885 3683 militares
1922 3636 2039 3681 arte

454 3720 639 3774 subtili
695 3720 958 3789 repulsat.
1012 3719 1109 3773 Sin
1146 3733 1376 3789 prorsus
1436 3718 1487 3772 in
1547 3719 1726 3787 seipsa
1782 3718 2039 3774 fiduciam

457 3811 837 3883 imprudenter
860 3811 1114 3875 eollocct,
1141 3811 1291 3865 velut
1323 3811 1438 3865 avis
1482 3826 1603 3880 qua:
1638 3810 1838 3865 dicitur
1872 3809 2039 3878 ὀξύπ-

456 3923 632 3976 τερος,
661 3904 1064 3959 deturbabitur.
1119 3903 1183 3957 In
1224 3904 1351 3967 Deo,
1419 3904 1612 3974 inquit,
1670 3903 1899 3972 speravit
1952 3919 2043 3956 cor

460 4018 650 4067 meum,
677 4011 725 4055 et
758 4001 980 4070 adjutus
1000 4018 1115 4054 sum
1136 4017 1155 4055 :
1179 4010 1228 4055 et
1270 4001 1508 4069 reﬂoruit
1551 4016 1678 4054 caro
1710 4016 1825 4055 mea
1848 4000 1913 4053 ⁶³.
1952 4000 2039 4065 Ει,

455 4095 606 4160 Quis,
637 4104 832 4163 pra'ter
882 4091 1193 4159 Dominum,
1235 4101 1513 4163 consurget
1558 4092 1709 4156 mihi,
1740 4100 1854 4145 'aut
1883 4092 2041 4146 stabit

458 4201 662 4237 mecum
683 4187 936 4238 adversus
966 4184 1275 4238 innumeras
1306 4182 1649 4253 cogitationes
1688 4181 2043 4253 malignas“?

455 4278 561 4343 Qui
608 4292 738 4331 vero
786 4277 889 4332 sibi
944 4276 1069 4347 ipsi,
1109 4285 1167 4332 et
1211 4292 1323 4332 non
1363 4276 1496 4344 Deo,
1544 4275 1681 4342 fidit,
1736 4290 1867 4330 casu
1917 4285 2041 4332 ruet

457 4384 803 4440 gravrssmto.

2146 3279 2356 3318 νευτον.

2220 3359 2333 3419 κς¹.
2389 3348 2626 3406 Εἴδωλον
2682 3346 2740 3400 δὲ
2789 3345 3003 3416 νοήσεις
3056 3341 3352 3414 χωνευτὸν,
3402 3338 3489 3393 τὸν
3529 3333 3689 3401 ἀσθενῆ

2147 3446 2304 3518 ἡμῶν
2333 3443 2479 3511 νοῦν,
2511 3442 2570 3506 ὃς
2599 3439 2806 3511 γε,ἒως
2839 3438 2937 3509 μὲν
2977 3433 3184 3505 Ἰησοῦν
3213 3431 3451 3504 Χριστὸν
3479 3444 3691 3499 παρακα-

2148 3539 2259 3603 λεῖς
2308 3537 2452 3592 κοιτά
2487 3536 2597 3590 τῶν
2640 3534 2741 3606 τῆς
2791 3529 3055 3601 πονηρίας
3094 3528 3453 3598 πνευμάτων,
3497 3521 3689 3581 εὐκόλως

2149 3632 2289 3686 αύτά
2316 3627 2648 3686 καταδιώκει
2667 3642 2681 3657 ⁸
2715 3624 2812 3679 καὶ
2850 3622 2969 3693 μετ’
2999 3621 3317 3691 ἐπιστήμης
3342 3616 3574 3686 ὲντέχνου
3596 3627 3691 3682 τροι

2150 3725 2345 3783 ποῦται
2370 3723 2469 3787 τὰς
2490 3718 2757 3793 ἀοράτους
2786 3714 3053 3787 πολεμίας
3080 3712 3175 3766 τοῦ
3213 3708 3439 3781 Ἐχθροῦ
3457 3705 3690 3775 δυνάμεις.

2162 3816 2330 3872 Ἐπὰν
2360 3816 2419 3869 δὲ
2437 3814 2600 3876 αὐτὸς
2627 3813 2709 3874 είς
2735 3806 2929 3863 ἑαυτὸν
2961 3803 3217 3875 ἀφρόνως
3244 3800 3562 3871 θαρῤήσειεν
3580 3793 3691 3854 ὅλος,

2147 3911 2222 3974 ὡς
2265 3908 2293 3961 ὁ
2330 3905 2626 3977 λεγόμενος
2680 3899 3020 3971 όξύπτερος,
3067 3894 3429 3966 ταράσσεται.
3485 3885 3601 3942 Ἐπὶ

2150 4001 2296 4069 Θεῷ,
2331 3975 2520 4072 φησιν,
2553 3997 2823 4065 ἤλπισεν
2850 3991 2889 4059 ἢ
2923 3988 3139 4060 καρδία
3166 4005 3314 4057 μου,
3356 3982 3453 4039 καὶ
3487 3975 3692 4072 ἐϐοηθήζ

2147 4099 2282 4161 θην,
2309 4068 2408 4145 καί
2436 4088 2738 4143 ἀνέθαλεν
2771 4084 2813 4154 ή
2864 4080 3025 4150 σάρξ
3055 4096 3201 4150 μου.
3250 4076 3387 4144 Καὶ,
3429 4075 3521 4140 Τίς
3545 4068 3693 4161 πάρεξ

2146 4159 2253 4238 τοῦ
2287 4180 2511 4251 Κυρίου
2544 4173 2960 4242 ἀναστήσεταί
2996 4188 3097 4241 με,
3149 4168 3252 4224 καὶ
3286 4159 3694 4237 συμπαρατάεε-

2147 4278 2246 4333 ταί
2278 4292 2350 4345 με
2400 4274 2500 4327 ἐπὶ
2548 4267 3057 4338 πονηρευομένοις
3092 4260 3355 4328 πολλοῖς
3386 4252 3693 4329 λογισμοῖς,

2160 4367 2217 4421 ’0
2241 4365 2298 4420 δὲ
2337 4365 2418 4428 εἰς
2448 4361 2643 4417 ἑαυτὸν
2675 4357 2898 4432 Οαρῥῶν
2931 4355 3028 4411 καὶ
3063 4355 3164 4408 οὐκ
3195 4354 3277 4417 εἰς
3310 4352 3461 4415 Θεὸν,
3490 4346 3695 4401 πεσεῖται

2148 4460 2352 4529 πτῶμα
2391 4453 2810 4523 ὲξαισιώτατον.

525 4548 615 4601 ‘27.
656 4545 708 4600 Is
742 4554 827 4601 est
861 4553 1091 4617 typuset
1119 4545 1252 4601 ordo
1287 4544 1694 4615 tranquillitatis
1730 4545 1921 4600 animi.
1983 4545 2037 4601 Si

2222 4550 2325 4614 κζ’.
2358 4545 2681 4619 Καρδιακῆς
2722 4541 2958 4614 ἡσυχίας
2999 4532 3156 4601 οὗτος
3194 4535 3369 4599 τύπος
3421 4531 3513 4587 καὶ
3541 4528 3691 4592 τάξις·

456 4648 669 4693 certare
712 4637 968 4702 statuisti,
1004 4637 1327 4692 imitandum
1369 4636 1465 4690 tibi
1496 4653 1744 4707 propone
1784 4636 2042 4709 exiguum

456 4731 867 4794 animalculum,
897 4745 1155 4784 araueam
1183 4746 1197 4781 :
1230 4729 1315 4782 sin
1338 4727 1542 4794 minus,
1579 4727 1956 4799 tranquillum,
1987 4737 2046 4783 ut

456 4827 635 4887 decet,
664 4822 911 4879 nondum
937 4822 1083 4894 geris
1111 4820 1375 4875 animum.
1420 4819 1515 4875 Illa
1541 4821 1764 4891 quidem
1800 4823 2044 4877 minutas

457 4923 687 4971 venatur
717 4929 958 4970 muscas.
989 4912 1146 4980 Quod
1175 4913 1220 4967 si
1252 4922 1330 4980 tu,
1368 4912 1515 4968 illius
1552 4915 1824 4985 exemplo,
1859 4914 2045 4970 labore

455 5008 695 5079 quietem
719 5007 917 5063 animae
950 5021 1271 5076 comparare
1303 5005 1562 5073 volueris,
1597 5006 1879 5063 irremisse
1910 5023 2045 5077 pue-

458 5115 547 5153 ros
587 5098 884 5154 interficies
920 5095 1296 5168 Babylonicos.
1340 5094 1460 5162 Quo
1511 5112 1713 5167 genere
1758 5097 1922 5153 caedis
1960 5097 2044 5152 di-

456 5193 599 5250 teris
635 5208 736 5263 per
768 5191 1024 5248 Itavidem
1062 5190 1256 5246 beatus
1280 5205 1310 5243 ιι
1343 5187 1550 5258 Spiritu
1582 5198 1790 5245 sancto.

524 5283 616 5338 28.
658 5282 1131 5350 Quemadmodum
1184 5282 1304 5338 fieri
1354 5280 1568 5351 nequit,
1630 5289 1692 5336 ut
1752 5282 1811 5336 in
1855 5282 2044 5336 ﬁrma-

458 5388 645 5432 mento
661 5376 827 5431 situm
857 5376 999 5431 inter
1027 5388 1173 5430 astra
1204 5372 1578 5443 conspiciatur
1604 5388 1753 5428 mare
1770 5372 2041 5439 Rubrum,

457 5479 513 5522 et
548 5470 715 5524 homo
743 5462 909 5540 super
939 5478 1138 5524 terram
1162 5466 1448 5521 ambulans
1483 5483 1593 5521 non
1634 5467 1869 5537 respiret
1897 5468 2045 5524 hunc

458 5576 638 5643 aerem
678 5579 693 5615 :
724 5562 816 5617 Sic
844 5563 1052 5632 absque
1081 5558 1353 5631 frequenti
1382 5557 1512 5613 Jesu
1553 5558 1922 5625 invocatione,
1951 5575 2046 5614 cor

462 5663 708 5708 nostrum
750 5670 984 5725 purgare
1016 5670 1128 5708 non
1178 5668 1471 5724 possumus
1519 5652 1874 5708 adfectionum
1923 5662 2042 5709 stuc

535 5826 579 5856 ⁸³
611 5824 751 5878 Psal.
778 5839 946 5892 nm,
985 5828 1036 5879 '7.
1114 5826 1159 5859 “
1184 5825 1323 5879 Psal.
1359 5843 1508 5879 xcut.

2136 4648 2186 4699 εἰ
2217 4642 2397 4716 βούλει
2418 4640 2604 4695 ἀθλεῖν
2631 4679 2646 4705 ,
2669 4637 2731 4691 τὸ
2755 4633 2953 4707 μικρὸν
2973 4630 3237 4699 ζωύφιον,
3267 4631 3302 4699 ὴ
3344 4627 3548 4716 ἀράχνη
3585 4620 3695 4716 sane

2139 4752 2222 4801 σοι
2248 4732 2409 4788 τοῦτο
2432 4729 2742 4797 ὑπόδειγμα
2763 4743 2776 4757 ·
2809 4724 2936 4778 εἰδὲ
2969 4723 3064 4794 μὴ,
3096 4719 3254 4773 οὔπω
3300 4718 3378 4782 ὡς
3415 4716 3494 4770 δεῖ
3518 4711 3695 4784 ἡσύχα-

2142 4846 2242 4892 σας
2271 4826 2368 4898 νῷ.
2402 4824 2652 4892 Κάκείνη
2688 4821 2791 4892 μὲν
2829 4818 2992 4891 μυίας
3023 4814 3237 4888 μικρὰς
3278 4810 3538 4884 θηρεύει·
3574 4801 3695 4898 δῖ’δὲ

2136 4924 2185 4979 εί
2210 4892 2352 4975 οὕτω
2398 4919 2496 4973 καὶ
2522 4917 2599 4981 ὡς
2628 4916 2768 4986 ανύτὴ
2802 4915 2861 4966 ὲν
2905 4912 3053 4982 ψυχῇ
3092 4907 3276 4962 πονῶν
3303 4902 3590 4978 ὴσυχάζεις
3612 4936 3625 4960 ,

2144 5012 2343 5068 παύσει
2378 5010 2607 5065 κτείνων
2642 5006 2731 5061 ἀεὶ
2757 5006 2928 5077 νήπια
2973 4999 3297 5055 Βαϐυλώνια
3325 5037 3341 5060 ,
3371 4994 3492 5049 καθ’
3530 4991 3583 5044 όν
3622 4985 3694 5077 φός

2146 5122 2237 5161 νον
2285 5100 2568 5175 μακαρίζῃ
2613 5097 2719 5152 ὑπὸ
2766 5072 2863 5151 τοῦ
2904 5092 3223 5164 Πνεύματος
3266 5087 3361 5143 τοῦ
3409 5084 3592 5154 ἁγίου,
3629 5072 3698 5128 διὰ

2149 5197 2337 5252 Δαϐίδ.

2224 5293 2334 5359 κη’.
2377 5286 2465 5349 Ὦς
2497 5283 2560 5337 οὐ
2611 5279 2841 5336 δυνατὸν
2883 5277 2983 5349 τὴν
3036 5273 3305 5347 Ἐρυθρὰν
3366 5269 3625 5359 θάλασσαν
3650 5262 3699 5359 εν

2148 5377 2224 5450 τῷ
2255 5351 2600 5448 στερεώματι
2632 5370 2866 5442 ὀφθῆναι
2904 5367 3071 5439 μέσον
3094 5366 3369 5436 ἀστέρων·
3401 5358 3492 5414 καὶ
3524 5355 3592 5417 ὡς
3616 5351 3700 5450 οῦκ

2150 5440 2230 5523 ἔνι
2260 5440 2548 5540 ἀνθ-ρωπον
2581 5467 2637 5518 ὲν
2659 5465 2734 5536 γῇ
2763 5440 3179 5532 περιπατοῦντα
3211 5455 3285 5528 μὴ
3314 5453 3406 5509 τὸν
3438 5450 3568 5519 ἀέρα
3592 5440 3698 5540 170:3-

2153 5580 2243 5616 τον
2271 5560 2589 5614 ἀναπνέεινο
2621 5555 2794 5618 οὓτως
2830 5552 3094 5608 ἀδύνατον
3127 5547 3423 5619 καθαρίσαι
3451 5541 3543 5611 τὴν
3564 5534 3700 5608 ἡμῶν

2153 5654 2378 5727 καρδίαν
2409 5651 2469 5717 ἐξ
2507 5648 2771 5722 ἐμπαθῶν
2792 5646 3105 5719 νοημάτων,
3129 5643 3225 5698 καὶ
3266 5635 3553 5703 ἀποδιῶξαι
3594 5644 3696 5689 νοη⁹
