3934 6404
340 403 475 470 1497

1047 405 1146 466 DE
1178 405 1723 467 TEMPERANTIA
1754 407 1848 467 ET
1888 406 2252 468 VIRTUTE.
2293 431 2360 445 -
2401 402 2792 465 CENTURIA
2818 401 2870 462 Ι.

3443 402 3586 470 1498

310 533 453 594 σκῃς
479 517 610 582 τοὺς
647 516 1005 588 ἀλλοφύλους,
1038 518 1208 590 ἤγουν
1259 519 1388 582 τοὺς
1423 519 1533 572 τῶν
1582 521 1896 589 Αἰγυπτίων

2037 529 2320 576 cntancam
2357 537 2368 571 :
2414 526 2472 571 ut
2518 517 2622 571 hoc
2664 523 2826 585 pacto
2869 511 3026 567 facile
3066 512 3348 570 discernas
3388 517 3582 572 alieni-

309 615 694 686 πρωτοτόκους
735 615 906 679 υἱούς.

383 797 448 849 ν’.
493 791 584 852 Ὠς
613 789 794 862 ἀγαθὴ
830 790 924 844 καὶ
981 793 1228 863 τερπνὴ,
1281 793 1374 848 καὶ
1407 792 1619 864 ἡδίστη,
1658 792 1894 861 φωτεινή

316 899 376 940 τε
409 883 503 935 καὶ
533 882 839 949 πάγκαλος,
887 882 981 938 καὶ
1013 883 1390 954 ἁγλαοφανῆςι
1431 885 1526 939 καὶ
1559 883 1736 954 ὡραία
1769 885 1899 954 ἀρε-

313 970 406 1041 τὴ,
435 969 601 1041 νῆψις
635 970 741 1024 ὑπὸ
787 971 904 1036 σοῦ,
929 972 1131 1042 Χριστὲ
1161 975 1188 1025 ὀ
1219 971 1370 1035 Θεὸς,
1413 971 1770 1041 εύοδουμένη,
1805 970 1900 1024 καὶ

317 1062 706 1134 ἐγρηγορότως
745 1062 1093 1134 ἀνθρωπίνου
1139 1064 1258 1128 νοὸς
1291 1065 1348 1117 ἐν
1376 1063 1699 1118 ταπεινώσει
1729 1062 1897 1134 πολλῇ

315 1156 636 1226 ὁδευομένη·
666 1156 900 1209 ἐκτείνει
929 1155 1039 1226 γὰρ
1083 1157 1190 1218 ἓως
1221 1156 1500 1226 θαλάσσης
1529 1157 1625 1210 καὶ
1657 1155 1898 1210 ἀϐύσσου

317 1243 568 1316 θεωριῶν
594 1244 663 1297 τὰ
695 1244 950 1314 κλήματα
999 1245 1193 1314 αὐτῆς,
1225 1245 1321 1298 καὶ
1359 1244 1464 1309 ἓως
1505 1244 1766 1316 ποταμῶν
1801 1262 1899 1314 μυ-

318 1337 564 1405 στηρίων
623 1335 876 1405 τερπνῶν
929 1351 987 1388 τε
1037 1342 1133 1389 καὶ
1183 1335 1344 1391 θείων
1389 1335 1489 1398 τὰς
1537 1335 1900 1404 παραφυάδας

319 1427 520 1497 αὐτῆς,
559 1427 770 1490 ποτίζει
813 1443 873 1478 τε
928 1424 1052 1478 νοῦν
1103 1428 1166 1483 ἐκ
1199 1429 1395 1497 χρόνου
1439 1425 1635 1481 πολλοῦ
1684 1443 1898 1478 καύσω-

321 1519 486 1571 θέντα
536 1521 602 1589 τῇ
659 1518 885 1588 ἀσεϐείᾳ
933 1519 1040 1571 ὑπὸ
1093 1518 1275 1590 ἅλμης
1337 1519 1589 1591 πονηρῶν
1625 1519 1901 1590 λογισμῶν

320 1611 740 1679 πνευματικῶν,
770 1612 865 1664 καὶ
900 1611 997 1664 τοῦ
1049 1611 1152 1682 τῆς
1205 1613 1403 1684 σαρκὸς
1435 1611 1730 1682 δυσμενοῦς
1773 1630 1904 1682 φρο-

320 1704 588 1774 νήματος,
629 1704 656 1756 ὅ
692 1704 807 1756 ἐστι
851 1702 1102 1765 θάνατος.

395 1801 496 1849 ναθ.
523 1794 704 1864 Νῆψις
739 1794 886 1848 ἔοικε
929 1797 996 1864 τῇ
1031 1793 1126 1846 τοῦ
1181 1793 1376 1848 Ἰακὼὸ
1419 1794 1665 1863 κλίμακι,
1693 1794 1776 1862 ἐρ’
1876 1795 1902 1845 ὁ

321 1884 458 1947 Θεὸς
499 1884 773 1954 ἐπιμένει,
814 1887 909 1938 καὶ
935 1885 984 1936 οἱ
1013 1884 1236 1952 ἄγγελοι
1265 1883 1668 1938 ἀναϐαίνουσινο
1693 1865 1904 1954 ἀναιρεῖ
1937 1865 1976 1920 Β

321 1973 438 2043 γᾶρ
471 1973 531 2038 ἐξ
553 1974 712 2043 ἡμῶν
740 1975 847 2027 πᾶν
875 1973 1064 2029 κακόν⁹
1093 1973 1232 2046 αῦτη
1260 1975 1368 2045 γὰρ
1400 1975 1654 2028 ἐκκόπτει
1678 1974 1902 2028 πολυλο-

322 2066 478 2134 γίαν,
521 2065 814 2138 λοιδορίαν,
871 2065 1226 2126 καταλαλιᾶιν,
1280 2066 1374 2120 καὶ
1425 2065 1642 2123 πάντων
1680 2066 1789 2118 τῶν
1821 2067 1908 2120 αίς-

326 2157 544 2227 σθητῶν
595 2159 783 2210 κακῶν
816 2159 906 2211 τὸν
951 2159 1275 2226 κατάλογον,
1312 2159 1412 2216 οὐκ
1445 2159 1788 2230 ἀνασχομένη
1821 2159 1907 2215 διὰ

322 2250 504 2310 ταῦτα
534 2249 654 2302 οὐδὲ
687 2249 823 2321 πρὸς
854 2249 1033 2318 ὀλίγον
1068 2249 1379 2322 στερεῖσθαι
1404 2250 1500 2320 τῆς
1537 2249 1674 2313 ἰδίας
1706 2250 1910 2318 γλυκύ-

325 2361 512 2414 τητος.

329 2489 335 2495 ,
401 2432 499 2502 νβ’.
536 2431 755 2504 Ταύτην
806 2432 1106 2503 προθύμως
1138 2431 1358 2500 ἀδελφοὶ
1409 2430 1706 2501 μετίωμεν,
1734 2431 1828 2484 καὶ
1856 2433 1911 2486 ὲν

327 2525 454 2586 ταῖς
504 2523 763 2594 θεωρίαις
819 2523 1012 2593 αὐτῆς,
1053 2523 1272 2593 καθαρᾷ
1317 2521 1528 2594 διανοίᾳ
1561 2523 1658 2574 σὺν
1691 2520 1912 2593 Χριστῷ

345 2617 524 2685 Ἰησοῦ
555 2616 870 2687 πετόμενοι,
912 2615 1152 2685 κινῶμεν
1189 2615 1289 2686 τὴν
1320 2614 1556 2686 θεωρίαν
1587 2615 1694 2668 τῶν
1735 2615 1916 2686 ἁμαρ-

336 2708 470 2761 τιῶν
497 2709 530 2778 ἡ
541 2707 658 2777 μῶν
691 2709 783 2761 καὶ
806 2707 900 2761 τοῦ
935 2707 1052 2778 βίου
1080 2705 1173 2760 τοῦ
1199 2705 1488 2778 προτέρου,
1514 2706 1600 2760 ἵνα
1624 2709 1681 2761 ὲν
1713 2709 1776 2776 τῇ
1807 2707 1916 2760 τῶν

336 2797 630 2871 ἁμαρτιῶν
656 2799 817 2870 ἡμῶν
853 2800 1040 2869 μνήμῃ
1069 2797 1481 2868 συντριϐόμενοι
1513 2797 1607 2851 καὶ
1629 2797 1916 2850 ταπεινού-

340 2907 519 2960 μενοι,
550 2889 920 2943 ἀδιάσπαστον
951 2889 1182 2960 ὲξήμῶν
1209 2889 1422 2960 ἒξωμεν
1446 2892 1545 2960 τὴν
1576 2891 1752 2963 Ἰησοῦ
1786 2894 1825 2946 Χ
1837 2911 1918 2964 ρι-

338 2980 472 3034 στοῦ
499 2981 594 3034 τοῦ
625 2980 834 3051 Κυρίου
863 2981 1024 3052 ἡμῶν
1053 2981 1308 3054 βοήθειαν
1331 2984 1411 3046 είς
1437 2983 1532 3037 τὸν
1554 2983 1788 3055 ἀόρατον
1821 2986 1918 3039 πό-

335 3072 528 3143 λεμον’
581 3071 938 3142 στερηθέντες
993 3069 1102 3142 γὰρ
1149 3073 1248 3142 τῆς
1311 3072 1487 3142 Ἰησοῦ
1543 3071 1795 3144 βοηθείας
1851 3075 1917 3128 δι’

1999 628 2206 684 genas,
2275 611 2417 667 ﬁlios
2493 608 2755 664 nimirum
2829 606 3226 678 primogenitos
3295 607 3581 680 Egyptio~

1999 721 2140 760 rum.

2071 797 2160 852 50.
2201 797 2375 862 Quam
2418 794 2584 859 bona,
2630 789 2990 856 delet-labilis,
3025 792 3232 856 suavis,
3272 791 3579 862 splendida,

2000 889 2278 958 praeclara,
2311 895 2539 940 venusta
2570 893 2625 938 et
2663 883 2912 954 speciosa
2951 885 3126 938 \‘irlus
3156 891 3238 937 est
3273 892 3581 952 temperan-

1999 979 2120 1032 tia:
2157 995 2276 1046 qurc
2324 992 2353 1030 a
2405 986 2478 1039 te,
2534 975 2750 1030 Christe
2810 975 2974 1038 Deus,
3024 973 3298 1044 dirigitur,
3353 981 3408 1027 et
3454 989 3579 1032 cum

2001 1084 2212 1123 summa
2244 1067 2441 1120 mentis
2474 1067 2724 1120 humana:
2749 1063 3131 1119 humiliatione
3161 1064 3452 1135 vigilanter
3481 1063 3582 1118 de-

2001 1159 2248 1214 ducitur!
2304 1157 2561 1211 Extendit
2620 1157 2766 1215 enim
2817 1157 3070 1227 palmites
3110 1171 3238 1211 suos
3291 1171 3468 1225 usque
3512 1157 3578 1210 ad

2000 1265 2172 1315 mare,
2201 1259 2256 1303 et
2299 1249 2555 1320 altyssum
2591 1248 3049 1317 spcculationum,
3083 1257 3138 1303 et
3163 1264 3335 1317 usque
3367 1247 3433 1301 ad
3476 1246 3580 1301 llu-

2001 1340 2148 1395 mina
2183 1339 2550 1408 iucundorum
2583 1353 2648 1392 ac
2677 1337 2987 1396 divinorum
3030 1337 3416 1407 mysteriorum
3454 1352 3582 1406 pro-

2001 1430 2225 1500 pagines
2251 1444 2376 1483 suas
2445 1437 2609 1498 atque
2637 1437 2765 1497 potu
2797 1427 2970 1481 reiicit
2996 1428 3236 1480 animum
3259 1425 3582 1495 jamdudum

2003 1520 2282 1590 impietate
2311 1527 2656 1583 :cstuantem,
2695 1533 2808 1586 prae
2841 1515 3116 1584 salsugine
3149 1525 3260 1569 tum
3293 1529 3585 1584 pravarum

2003 1615 2392 1685 cogitationum
2422 1629 2449 1666 a
2475 1612 2818 1666 daemonibus
2843 1610 3203 1674 invectarum,
3230 1617 3342 1662 tum
3371 1609 3585 1664 hostilis

2005 1709 2146 1784 (qua:
2178 1721 2328 1760 mors
2356 1703 2458 1774 est)
2493 1703 2799 1774 prudentia:
2829 1700 3031 1755 carnis.

2079 1802 2165 1856 5i.
2212 1799 2596 1868 Temperantia
2641 1796 2934 1867 persimilis
2973 1803 3056 1850 est
3092 1795 3249 1850 scalae
3280 1794 3466 1860 Jacob,
3500 1797 3588 1849 cui

2011 1895 2152 1947 Deus
2183 1891 2403 1952 insidet,
2437 1898 2491 1942 et
2519 1904 2623 1956 qua
2669 1886 2974 1940 ascendunt
3015 1885 3212 1956 angeli.
3252 1884 3416 1938 Tollit
3441 1885 3586 1938 enim

2008 1998 2035 2035 a
2069 1981 2224 2035 nobis
2259 1994 2422 2032 omne
2458 1977 2673 2031 vitium.
2718 1975 2852 2030 Nam
2892 1983 3140 2044 amputat
3184 1975 3302 2044 ipsa
3344 1975 3590 2043 loquaci-

2013 2083 2198 2138 tatem,
2239 2071 2571 2130 convicium,
2611 2069 3034 2130 detractionem,
3071 2066 3315 2120 omnium
3355 2065 3598 2135 denique

2010 2167 2269 2224 vitiorum
2331 2163 2612 2218 scnsilium
2677 2161 3016 2230 catalogum:
3075 2173 3196 2228 quae
3255 2156 3460 2211 idcirco
3521 2171 3592 2210 ne

2014 2257 2285 2324 tantisper
2323 2253 2543 2323 quidem
2578 2249 2722 2304 ferre
2753 2257 2953 2316 potest,
2989 2254 3047 2302 ut
3075 2246 3341 2301 suavitate
3372 2243 3592 2314 propria

2013 2355 2212 2404 careat.

2085 2440 2172 2495 52.
2215 2437 2476 2506 Hujusce,
2528 2434 2748 2500 fratres,
2781 2432 2946 2488 alacri
2987 2431 3170 2485 animo
3218 2428 3594 2484 desideremus

2013 2548 2133 2587 esse
2179 2530 2520 2602 participes:
2563 2542 2628 2581 ac
2676 2527 2729 2579 in
2782 2523 3246 2595 speculationibus
3290 2521 3411 2590 ejus
3457 2533 3596 2588 puro

2015 2625 2179 2680 corde
2212 2638 2336 2677 cum
2361 2620 2579 2676 Christo
2602 2617 2732 2672 Jesu
2771 2617 3040 2680 volantes,
3065 2613 3426 2670 discutiamus
3463 2623 3597 2680 pec-

2017 2728 2265 2776 catorum
2312 2721 2626 2769 nostrorum
2659 2723 2715 2766 et
2743 2711 2989 2781 pristinre
3026 2709 3150 2764 vita:
3184 2707 3451 2762 rationem
3493 2723 3506 2760 :
3539 2716 3600 2760 ut

2019 2793 2371 2882 peccatorum
2412 2815 2722 2860 nostrorum
2751 2802 3131 2858 recordatione
3162 2798 3381 2854 contriti
3412 2808 3468 2853 et
3491 2799 3598 2852 hu—

2018 2902 2234 2968 miliati,
2263 2899 2536 2955 indivulso
2561 2912 2590 2950 a
2616 2895 2776 2950 nobis
2803 2893 3018 2948 Domini
3042 2890 3216 2946 nostri
3243 2890 3371 2944 Jesu
3396 2889 3598 2943 Christi

2019 2996 2291 3067 potiamur
2312 2989 2534 3055 auxilio,
2564 2990 2632 3044 ad
2665 2987 2866 3042 bellum
2899 2981 3169 3040 invisibile
3199 2981 3596 3052 peragendum.

2021 3085 2137 3156 Ope
2167 3082 2438 3154 siquidem
2466 3079 2598 3134 Jcsu
2639 3075 2904 3138 destituti,
2940 3089 3038 3144 per
3077 3069 3466 3141 arrogantiam,
3497 3067 3603 3122 hu-

339 3164 745 3235 ὑπερηφανίας,
789 3163 824 3235 ἢ
873 3164 1308 3234 φιλανθρωπίας,
1337 3164 1370 3236 ἢ
1404 3163 1734 3232 κενοδοξίας,
1766 3167 1921 3220 ὑστεσ

2037 3190 2248 3233 manum
2275 3187 2540 3237 amorem,
2568 3175 2664 3224 aut
2689 3183 2884 3223 vanam
2914 3165 3162 3237 gloriam,
3193 3161 3387 3232 privati
3416 3176 3606 3216 sumus

342 3255 598 3328 ρήθημεν
657 3255 1040 3328 καθαρότητος.
1079 3257 1330 3328 καρδίας·
1379 3257 1448 3312 δι’
1497 3253 1566 3331 ἧς
1599 3259 1921 3330 γνωρίζεται

339 3348 621 3419 ἀνθρώπῳ
651 3349 804 3412 Θεός·
834 3349 1010 3403 αἴτιον
1043 3349 1152 3421 γὰρ
1182 3349 1258 3414 ὡς
1289 3349 1582 3422 ὑπόσχεσις
1611 3349 1706 3404 τοῦ
1750 3351 1926 3408 δευτέ-

341 3459 465 3513 ρου,
500 3441 562 3494 τὸ
595 3442 882 3512 πρότερον.

419 3533 519 3604 νγ’.
571 3535 714 3598 Νοῦς
756 3534 832 3604 μὴ
871 3533 1088 3604 ἀμελῶν
1125 3533 1224 3603 τῆς
1253 3533 1447 3588 ἑαυτοῦ
1488 3536 1736 3606 κρυπτῆς
1761 3536 1926 3606 ἐργα-

343 3625 496 3690 σίας,
530 3625 628 3679 σὺν
668 3630 781 3689 τοῖς
813 3625 1022 3690 λοιποῖς
1067 3625 1251 3688 καλοῖς
1280 3621 1362 3689 οἷς
1394 3627 1458 3679 ἐκ
1507 3629 1606 3697 τῆς
1645 3628 1927 3700 διηνεκοῦς

343 3720 618 3793 ἐργασίας
685 3721 782 3790 τῆς
840 3719 1088 3789 (ξυλακῆς
1145 3719 1403 3790 εὑρήσει,
1463 3719 1558 3772 καὶ
1616 3711 1714 3781 τὰς
1763 3720 1927 3773 πέντε

345 3809 633 3883 αἰσθήσεις
667 3811 761 3865 τοῦ
795 3811 1068 3882 σώματος,
1094 3811 1268 3881 ἀργὰς
1292 3810 1403 3862 τῶν
1433 3810 1539 3874 ἔξω
1574 3809 1763 3864 κακῶν
1793 3813 1930 3866 ἁπο-

345 3905 538 3971 δείξει.
573 3905 650 3976 Τῇ
677 3905 786 3976 γὰρ
807 3905 985 3976 οἰκείᾳ
1010 3906 1180 3976 ἀρετῇ
1215 3905 1304 3958 καὶ
1326 3903 1486 3975 νήψει
1516 3904 1582 3956 δι’
1603 3902 1727 3957 ὅλου
1761 3921 1932 3974 προσ-

349 3994 516 4070 έχων,
549 3995 642 4047 καὶ
673 3997 786 4058 τοῖς
832 3995 1068 4066 νοήμασι
1097 3996 1208 4058 τοῖς
1233 3993 1420 4057 καλοῖς
1450 3995 1800 4064 κατατρυφᾷν
1836 3993 1931 4048 θέ-

347 4087 486 4150 λων,
519 4087 619 4140 οὐκ
657 4087 912 4157 ἀνέχεται
936 4085 1270 4140 κλέπτεσθαι
1293 4085 1382 4139 διὰ
1406 4085 1514 4138 τῶν
1539 4087 1702 4140 πέντε
1733 4086 1932 4158 αἰσθή-

353 4195 522 4239 σεων,
547 4178 750 4232 ὲνύλων
777 4179 874 4232 καὶ
917 4177 1162 4249 ματαίων
1201 4177 1478 4248 λογισμῶν
1526 4177 1676 4248 αὐτῷ
1709 4195 1937 4252 προσερ·

352 4269 628 4345 χομένων,
655 4269 793 4323 ἀλλὰ
814 4271 978 4338 γνοὺς
1003 4268 1183 4323 αὐτῶν
1213 4269 1275 4332 τὸ
1309 4268 1608 4340 ἀπατηλὸν,
1636 4268 1782 4330 ἔνδον
1809 4270 1937 4322 ἐαυ-

352 4359 454 4416 τοῦ
479 4362 545 4416 τὰ
575 4361 746 4416 πολλὰ
781 4361 1058 4416 συστέλλει
1091 4361 1280 4425 αὐτάς.

423 4453 516 4510 νδ’.
549 4455 842 4526 Παράμενε
869 4455 934 4524 τῇ
957 4453 1186 4524 διανοίᾳ,
1215 4453 1308 4506 καὶ
1326 4455 1388 4506 οὐ
1422 4453 1704 4514 κοπιάσεις
1730 4453 1788 4506 ὲν
1816 4470 1936 4509 πει-

2031 3273 2212 3330 cordis
2244 3271 2504 3342 puritate.
2536 3282 2643 3336 qua
2685 3261 2980 3319 innotescit
3013 3259 3222 3316 homini
3255 3258 3418 3313 Deus.
3453 3255 3608 3311 Prius

2031 3363 2201 3426 enim,
2236 3367 2294 3414 ut
2324 3359 2441 3430 ipse
2467 3356 2774 3430 pollicetur,
2801 3361 2888 3408 est
2916 3367 3083 3407 causa
3110 3349 3361 3406 secundi.

2105 3539 2190 3595 55.
2233 3535 2464 3592 Animus
2505 3532 2599 3602 qui
2635 3531 2691 3585 in
2728 3531 2912 3600 seipse
2953 3527 3254 3583 excolendo
3295 3524 3610 3580 interiorem

2033 3630 2409 3702 operationem
2459 3641 2570 3680 non
2623 3623 2878 3694 negligit,
2931 3629 3127 3690 praeter
3176 3619 3384 3689 reliqua
3433 3617 3612 3681 bona,

2034 3740 2155 3795 qua:
2175 3738 2242 3777 ex
2265 3717 2524 3775 continua
2547 3715 2778 3770 actionis
2805 3711 3194 3782 observatione
3223 3717 3615 3777 consequetur.

2035 3815 2202 3870 etiam
2249 3811 2492 3882 quinque
2535 3821 2730 3862 sensus
2772 3803 3018 3875 corporis
3053 3801 3296 3857 externis
3336 3799 3484 3854 Vitiis
3521 3815 3616 3852 va-

2037 3919 2170 3961 cuos
2231 3902 2502 3956 ostendet.
2555 3895 2660 3962 Qui
2717 3893 2862 3950 enim
2921 3892 3200 3964 propriam
3247 3889 3504 3944 virtutem
3554 3903 3616 3944 ac

2040 3993 2458 4067 temperantiam
2507 3991 2670 4060 plane
2704 3993 2882 4051 curat,
2910 3991 2966 4040 et
3001 3981 3278 4055 prmelaris
3314 3980 3618 4035 delectatur

2038 4088 2300 4154 consiliis,
2343 4101 2452 4140 non
2505 4082 2632 4138 sinit
2677 4078 2937 4148 occupari
2989 4093 3047 4133 se
3084 4077 3329 4147 quinque
3367 4072 3619 4128 sensibus

2040 4195 2265 4257 accessu
2303 4189 2608 4234 crassarum
2643 4185 3016 4240 ranarumque
3050 4165 3438 4238 cogitationum
3472 4180 3484 4216 :
3525 4163 3618 4216 sed

2042 4275 2238 4334 harum
2281 4269 2508 4326 insidias
2545 4283 2668 4322 cum
2707 4265 2874 4328 norit,
2910 4263 3053 4316 intra
3095 4260 3338 4328 scipsum
3376 4269 3622 4310 summo-

2043 4381 2174 4438 perc
2201 4362 2420 4418 cohibet
2445 4375 2558 4416 eas.
3180 4417 3186 4422 _

2117 4456 2206 4510 54.
2237 4453 2296 4508 ln
2327 4452 2518 4507 eadem
2554 4464 2815 4521 permane
2850 4443 3144 4505 sententia,
3176 4448 3232 4495 et
3267 4438 3321 4492 in
3363 4433 3624 4490 tentatio-

359 4543 612 4616 ρασμοῖς·
648 4542 859 4596 ἐκεῖθεν
896 4541 954 4595 δὲ
1011 4530 1342 4612 ἀναχωρῶν,
1375 4539 1614 4610 ὑπόμενε
1652 4539 1722 4592 τὰ
1769 4539 1921 4610 ἐπερ

2043 4548 2206 4602 nibus
2245 4559 2357 4598 non
2392 4541 2705 4606 lahorabis;
2740 4555 2771 4593 a
2801 4552 2906 4608 qua
2937 4534 2984 4590 si
3017 4531 3260 4594 recedas,
3297 4526 3467 4582 tolera
3503 4536 3625 4592 quas

356 4635 588 4710 χόμενα.

431 4732 526 4784 νε’.
562 4726 776 4796 Ὥσπερ
822 4725 950 4790 τοὺς
995 4723 1343 4788 κακοσίτους,
1373 4722 1618 4792 ἀψίνοιον
1644 4721 1850 4792 ὠφελεῖ
1879 4722 1941 4774 τὸ

360 4818 582 4890 mpm,
611 4814 756 4870 οὕτω
785 4817 899 4880 τοῖς
933 4814 1300 4886 κακοτρόποις
1344 4814 1492 4868 κακὰ
1537 4813 1770 4883 πάσχειν
1801 4829 1942 4884 συμ-

358 4911 540 4981 φέρει.

429 4998 539 5066 νς⁹.
574 5000 636 5053 Εἰ
695 4998 772 5072 μὴ
825 4997 1000 5060 θέλεις
1051 4995 1410 5062 κακοπαθεῖν,
1458 4995 1594 5066 μηδὲ
1628 4996 1940 5048 κακοποιεῖν

361 5093 508 5156 θέλε,
540 5093 676 5146 διότι
722 5091 880 5146 τοῦτο
923 5089 1162 5160 κάκείνῳ
1211 5086 1587 5158 ἀπαραὸἀτως
1633 5083 1940 5140 ἀκολουθεῖο

361 5187 390 5249 δ
431 5185 529 5256 γὰρ
578 5185 794 5255 σπείρει
851 5184 1110 5246 ἕκαστος,
1141 5198 1300 5236 τουτο
1333 5183 1428 5236 καὶ
1478 5177 1706 5252 θερίσει.
1757 5178 1940 5231 Ἑκουο

364 5280 498 5344 σίως
531 5273 624 5331 οὖν
669 5277 740 5330 τὰ
772 5275 952 5346 φαῦλα
983 5275 1319 5348 σπείροντες,
1355 5273 1449 5326 καὶ
1490 5271 1762 5333 ἀκουσίως
1793 5269 1942 5340 θερί-

364 5373 573 5435 ζοντες,
610 5369 712 5441 τὴν
739 5365 1092 5436 δικαιοσύνην
1147 5363 1240 5418 τοῦ
1289 5362 1425 5422 Θεοῦ
1457 5360 1764 5432 θαυμάζειν
1795 5357 1948 5428 ὀφεί-

364 5464 554 5532 λομεν.

439 5553 537 5626 νς.
583 5552 972 5623 Ἐκτυιρλοῦται
1019 5555 1047 5606 ο
1094 5550 1219 5618 νοῦς
1269 5549 1357 5602 διὰ
1403 5547 1510 5602 τῶν
1539 5546 1706 5617 τριῶν
1743 5543 1949 5597 τούτων

369 5645 584 5704 παθῶν,
618 5645 984 5716 φιλαργυρίας
1013 5645 1178 5712 λέγω,
1215 5641 1525 5708 κενοδοξίας
1545 5679 1560 5704 ,
1599 5627 1694 5692 κα⁴ι
1728 5635 1942 5706 ἡδονῆς.

443 5743 545 5807 νη¹.
579 5736 788 5801 Γνῶσις
819 5736 911 5790 καί
943 5736 1124 5800 πίστις
1155 5736 1211 5788 αἰ
1248 5733 1348 5802 τῆς
1382 5732 1596 5802 φύσεως
1627 5726 1785 5798 ἡμῶν
1819 5725 1944 5778 σύν-

371 5845 587 5900 τροφοι,
635 5827 703 5881 δι’
745 5827 897 5883 οὐδὲν
924 5827 1068 5884 ’ἄλλο
1118 5827 1151 5899 ἦ
1181 5827 1246 5880 δι’
1280 5825 1492 5888 ἐκείνας
1529 5819 1942 5895 ἠμϐλύνθησαν.

2043 4634 2409 4695 occurret-int.

2115 4729 2202 4784 53.
2243 4723 2714 4792 Quemadmodum
2776 4731 3021 4775 amarum
3083 4711 3420 4768 absinthium
3475 4706 3628 4775 juvat

2043 4834 2140 4875 eos
2167 4815 2261 4887 qui
2292 4813 2444 4868 eihos
2476 4811 2763 4866 fastidiunt
2791 4847 2806 4872 ,
2838 4807 2913 4860 ita
2941 4803 3083 4860 male
3129 4798 3358 4856 moratis
3392 4792 3628 4850 homini-

2042 4911 2145 4968 bus
2171 4907 2299 4964 utile
2325 4914 2431 4963 est,
2461 4911 2520 4956 ut
2545 4901 2827 4972 patiantur
2854 4896 3102 4952 adversa.

2120 5000 2207 5056 56.
2249 4997 2362 5054 Nisi
2405 4993 2663 5052 statueris
2705 4991 2935 5048 adversa
2986 4983 3221 5058 perpeti.
3255 4995 3326 5036 ne
3371 4979 3632 5034 decenias

2050 5095 2194 5149 bene
2258 5103 2418 5160 agere
2470 5100 2594 5140 cum
2646 5085 2754 5139 hoc
2803 5097 2868 5138 ex
2914 5080 3006 5134 illo
3049 5083 3316 5149 perpetuo
3349 5074 3629 5138 sequatur.

2051 5183 2208 5250 Quod
2259 5182 2406 5235 enim
2462 5177 2696 5249 quisque
2744 5173 3012 5235 seminat,
3070 5171 3173 5225 hoc
3225 5165 3390 5222 etiam
3441 5165 3632 5250 metet.T

2052 5248 2322 5335 P—roindc,
2371 5269 2414 5323 si
2464 5248 2586 5337 qua:
2635 5272 2832 5335 sponte
2883 5260 3218 5318 seminamus
3258 5253 3430 5315 mala,
3473 5248 3632 5304 inviti

2050 5363 2333 5426 metimus,
2355 5357 2624 5430 justitiam
2659 5354 2902 5410 divinam
2924 5347 3180 5408 admirari
3211 5345 3488 5401 debemus.

2125 5535 2212 5590 57.
2257 5533 2320 5587 lli
2351 5541 2460 5585 tres
2489 5528 2719 5584 allectus
2754 5533 3032 5582 excaecant
3070 5521 3310 5577 animum
3339 5533 3350 5568 :
3383 5510 3627 5572 avaritia,

2054 5631 2298 5697 inquam,
2335 5641 2473 5678 vana
2507 5623 2694 5694 gloria.
2727 5631 2780 5676 ct
2811 5620 3082 5688 voluptas.

2124 5693 2210 5772 $8.
2253 5717 2410 5770 Nulla
2459 5693 2563 5769 alia
2610 5729 2686 5776 re,
2730 5726 2890 5782 quam
2940 5707 3048 5768 his,
3081 5701 3316 5774 cognitio
3367 5706 3420 5752 et
3473 5693 3626 5755 ﬁdes.

2056 5825 2178 5878 qua:
2252 5807 2596 5862 collectanea:
2665 5811 2793 5858 sunt
2859 5809 3068 5855 natura:
3143 5801 3379 5856 nostra‘,
3449 5784 3631 5858 proﬂi-

1999 5917 2004 5920 ·
2062 5911 2278 5968 gantur.
