3934 6410
411 357 549 424 1499

406 577 530 618 rum
579 561 872 617 universus
922 562 1220 632 catalogus,
1273 561 1486 617 illarum
1530 562 1581 615 vi
1632 563 1989 617 vehementer

407 653 757 709 invaluerunt
782 652 924 707 inter
953 653 1227 708 homines.
1758 712 1761 715 Α

475 744 566 799 60.
608 742 712 810 Qui
761 759 872 800 non
910 745 1064 801 novit
1096 746 1405 808 veritatem,
1442 760 1547 799 nec.
1590 741 1719 799 vere
1763 747 1986 801 credere

406 845 589 907 potest
624 853 638 889 :
672 836 798 906 quia
840 837 993 891 notio
1024 845 1217 891 natura
1252 837 1509 907 praacedit
1541 837 1723 891 ﬁdem.
1760 836 1984 908 Eloquia

406 929 678 997 siquidem
721 928 1017 997 Scriptura:
1059 944 1167 983 non
1211 939 1271 983 ut
1314 929 1679 999 intelligamus
1721 931 1987 987 duntaxat

406 1020 607 1091 scripta
642 1029 788 1085 sunt,
819 1020 913 1075 sed
944 1031 1004 1075 ut
1041 1036 1105 1075 ea
1139 1036 1304 1093 Opere
1333 1022 1727 1093 compleamus.

472 1195 561 1249 61.
606 1195 877 1251 Ducamus
926 1195 1090 1267 igitur
1126 1196 1342 1252 initium
1375 1198 1443 1252 ab
1474 1214 1657 1269 opere.
1692 1198 1802 1254 Hac
1835 1201 1989 1278 enim.

406 1286 618 1341 ratione
674 1286 934 1357 deinceps
996 1288 1380 1357 proficientes,
1444 1292 1816 1360 reperiemus,
1870 1308 1981 1347 non

404 1377 568 1431 modo
614 1393 765 1447 spem
817 1378 871 1431 in
920 1376 1111 1439 Deum,
1160 1380 1257 1434 sed
1310 1380 1474 1435 etiam
1532 1381 1743 1435 firmam
1798 1382 1980 1448 tidem,

405 1468 654 1522 notitiam
694 1469 1035 1535 interiorem,
1080 1470 1459 1525 liberationem
1501 1488 1530 1526 a
1567 1473 1980 1541 tentationibus,

405 1558 797 1614 charismatum
842 1560 1005 1624 dona,
1049 1562 1231 1615 cordis
1284 1562 1705 1626 confessionem,
1745 1573 1798 1619 et
1843 1566 1984 1619 assi-

405 1650 542 1703 duas
567 1649 853 1720 lacrymas,
887 1652 1216 1720 precationis
1244 1652 1508 1708 beneﬁcio
1550 1654 1798 1708 ﬁdelibus
1827 1669 1984 1709 acce-

405 1739 557 1793 dere.
594 1739 781 1810 Neque
824 1758 955 1796 vero
994 1741 1112 1796 haec
1158 1743 1358 1807 solum,
1389 1744 1483 1797 scd
1522 1745 1683 1799 etiam
1728 1743 1980 1799 acciden-

1595 362 1961 426 IIESYCHII
1987 361 2462 425 PRESBYTER!

482 468 569 526 59.
606 468 799 533 Furor,
847 466 949 535 ira,
996 467 1163 534 bella,
1209 468 1405 537 caedes,
1439 479 1493 528 et
1532 471 1779 540 reliquus
1822 471 1994 525 malo—
2022 475 2066 532 Α

3492 364 3605 430 1500

2166 468 2263 522 νθθ.
2302 467 2486 538 Θυμὸς
2529 467 2623 520 καὶ
2674 465 2838 537 ὀργὴ,
2872 466 2965 518 καὶ
3000 464 3219 535 πόλεμοι
3247 466 3336 521 καὶ
3361 469 3511 536 φόνοι,
3532 478 3611 530 καὶ

2097 562 2205 623 πᾶς
2242 562 2270 612 6
2296 559 2484 622 λοιπὸς
2518 560 2629 611 τῶν
2668 557 2859 612 κακῶν
2887 555 3209 624 κατάλογος,
3254 556 3317 611 δι’
3356 560 3542 627 ὲκείνας
3566 569 3613 618 ἒν

2094 650 2407 720 ἀνθρώποις
2442 649 2647 718 σφόδρα
2677 650 2740 701 ὲκ
2749 647 3024 719 ραταιώθη
3035 665 3149 699 σαν.

2167 741 2232 808 ξ’.
2278 742 2337 793 Ὀ
2376 740 2450 812 μὴ
2482 739 2768 808 γινώσκσιιν
2816 740 2917 810 τὴν
2967 737 3244 809 ἀλήθειαν,
3281 736 3396 790 οὔτε
3435 740 3619 807 ἀληθῶς

2095 831 2372 885 πιστεύειν
2400 831 2628 885 δύναται
2654 847 2669 861 ·
2700 831 2732 900 ἠ
2775 829 2886 900 γὰρ
2918 828 3118 898 γνῶσις
3169 827 3308 881 κατὰ
3338 827 3483 895 φύσιν
3508 847 3619 901 προ-

2093 926 2311 994 ηγεῖται
2339 923 2439 993 τῆς
2467 922 2723 985 πίστεως⁸
2757 920 2826 974 τὰ
2855 922 2964 992 γὰρ
2998 920 3095 987 τῆς
3124 919 3337 990 Γραφῆς
3366 921 3619 991 είρτιμέναι

2091 1015 2190 1083 οὑχ
2215 1014 2303 1068 ίνα
2323 1015 2611 1085 νοήσωμεν
2634 1012 2817 1083 μόνον,
2848 1011 2962 1065 Et)?
2990 1012 3137 1074 ὅπως
3161 1009 3296 1064 αὑτά
3323 1013 3619 1084 ποιήσωμεν,

2093 1107 2332 1178 εἴρηται.

2164 1197 2267 1263 ξα’.
2308 1180 2626 1269 Ἀρξιὶἷμεθα
2646 1196 2712 1267 δὴ
2741 1190 2834 1249 οὖν
2863 1194 2958 1247 τοῦ
2996 1194 3159 1266 ἔργου
3179 1212 3194 1225 ο
3221 1193 3359 1248 οὓτω
3388 1193 3487 1265 γὰρ
3518 1197 3622 1250 άκοε

2091 1291 2297 1353 λούθως
2327 1290 2752 1361 προκόπτοντες.
2782 1288 3096 1357 εὑρήσομεν
3125 1287 3206 1339 ὅτι
3234 1287 3294 1339 οὑ
3323 1286 3472 1356 μόνον
3502 1288 3531 1357 ἡ
3558 1291 3624 1353 εἰς

2089 1384 2221 1444 Θεὸν
2251 1382 2431 1446 ἐλπὶς,
2459 1380 2708 1434 ἀλλὰκαὶ
2738 1378 2933 1451 βεϐαία
2965 1379 3145 1442 πίστις
3176 1377 3269 1430 καὶ
3298 1377 3484 1443 γνῶσις
3505 1380 3622 1431 ἔσω.

2089 1471 2225 1542 τέρα
2254 1514 2268 1535 ,
2306 1471 2400 1524 καὶ
2449 1469 2775 1540 πειρασμῶν
2821 1468 3116 1539 λύτρωσις,
3172 1467 3266 1520 καὶ
3310 1468 3624 1536 χαρισμάτων

2088 1560 2413 1631 δωρήματα,
2449 1561 2542 1612 καὶ
2566 1558 2958 1629 ἐξομολόγησις
2994 1556 3285 1628 καρδιακὴ,
3307 1557 3394 1608 καὶ
3422 1556 3625 1628 δάκρυον

2088 1653 2322 1715 ἐκτενὲς.
2375 1652 2465 1705 διὰ
2502 1650 2814 1722 προσευχῆς
2863 1652 2974 1710 τοῖς
3018 1649 3235 1709 πιστοῖς
3279 1646 3622 1716 παραγίνεται.

2089 1742 2163 1796 Οὐ
2201 1741 2363 1811 μόνον
2388 1741 2445 1795 δὲ
2469 1741 2666 1803 ταῦτα,
2701 1741 2840 1795 ἀλλὰ
2878 1741 2973 1794 καὶ
2998 1739 3104 1792 τῶν
3139 1740 3504 1808 ἐπερχομένων
3530 1738 3624 1790 ολι-

406 1832 541 1886 tium
602 1833 1014 1888 tribulationum
1078 1835 1463 1898 tolerantiam,
1506 1837 1806 1901 sinceram,
1864 1852 1977 1905 quae

2091 1831 2272 1899 ὅερῶν
2299 1831 2568 1902 ὑπομονὴ,
2599 1831 2694 1887 καὶ
2724 1829 3025 1899 εἰλικρινὴς
3061 1828 3157 1881 τοῦ
3190 1827 3413 1896 πλησίον
3439 1827 3623 1893 άςεσις,

404 1923 477 1977 sit
514 1925 788 1993 proximo,
815 1926 1221 1991 remissionem,
1253 1928 1621 2000 cognitionem
1654 1929 1786 2000 legis
1819 1929 1981 1998 Spiri-

406 2016 547 2079 talis,
585 2016 810 2085 justitire
842 2017 1036 2073 divinae
1070 2019 1440 2090 adeptionem,
1477 2020 1768 2074 adventum
1804 2020 1977 2075 sancti

403 2107 658 2176 Spiritus,
701 2108 1027 2179 spiritalium
1076 2112 1462 2165 thesaurorum
1516 2112 1879 2180 largitionem,
1923 2121 1977 2168 et

399 2206 596 2252 cuncta
634 2214 755 2269 qua:
785 2200 1058 2269 pollicitus
1089 2213 1173 2255 est
1212 2202 1356 2256 Deus
1396 2217 1455 2256 se
1486 2203 1809 2257 donaturum
1843 2203 1979 2259 ﬁde-

399 2288 542 2343 libus
574 2288 913 2351 liominibus.
941 2299 1053 2345 tum
1086 2291 1137 2345 in
1168 2293 1271 2347 hoc
1301 2300 1413 2347 tum
1448 2295 1499 2347 in
1536 2293 1722 2348 futuro
1754 2296 1974 2351 smculo.

397 2380 467 2433 Et
508 2388 567 2433 ut
614 2379 667 2433 in
714 2396 924 2434 summa
959 2381 1157 2444 dicam,
1202 2399 1312 2437 non
1360 2392 1515 2454 potes
1551 2387 1732 2440 anima
1775 2403 1883 2456 prae
1917 2403 1976 2443 se

397 2469 543 2523 ferre
584 2470 875 2539 imaginem
922 2470 1037 2531 Dei,
1071 2471 1174 2525 nisi
1215 2474 1451 2542 gratuito
1492 2473 1583 2528 Dei
1626 2490 1872 2534 munere.
1912 2493 1976 2533 ac

399 2559 502 2613 title
537 2559 775 2613 hominis
802 2574 866 2613 ex
893 2561 1076 2613 animo
1104 2563 1505 2630 perseverantis
1533 2563 1586 2618 in
1621 2580 1831 2618 summa
1869 2566 1974 2619 hu-

397 2647 645 2712 militate,
681 2656 736 2702 et
770 2664 875 2702 non
907 2648 1194 2704 luesitante
1223 2652 1559 2720 precatione.

467 2738 555 2795 62.
599 2737 793 2808 lugens
831 2739 1075 2808 profecto
1113 2741 1318 2796 bonum
1355 2753 1459 2807 est,
1491 2744 1650 2798 sicuti
1685 2746 1973 2814 experien-

400 2828 471 2883 tia
505 2830 837 2899 accepimus,
870 2837 932 2883 ut
977 2830 1071 2901 qui
1119 2846 1277 2886 suum
1321 2833 1497 2902 ipsius
1538 2850 1634 2889 cor
1672 2851 1975 2907 expurgare

397 2920 708 2984 desiderat,
766 2922 1116 2976 continenter
1165 2922 1384 2979 invocet
1444 2925 1734 2980 Dominum
1785 2926 1971 2981 .lesum

397 3011 658 3066 adversus
707 3011 893 3067 hostes
941 3010 1671 3082 spiritales.'Animadverte,
1707 3026 1971 3086 quantum

397 3106 471 3171 id,
506 3104 649 3175 quod
702 3105 846 3160 facto
882 3107 1129 3176 periculo
1175 3107 1309 3175 dixi,
1340 3116 1603 3164 consonet
1644 3125 1769 3164 cum
1814 3110 1972 3165 testi-

2088 1922 2184 1974 καὶ
2208 1921 2376 1990 νόμου
2410 1920 2786 1990 πνευματικοῦ
2844 1920 3163 1987 ἐπίγνωσις,
3199 1918 3290 1970 καὶ
3318 1916 3625 1986 δικαιοσύνης

2085 2013 2222 2066 Θεοῦ
2249 2014 2487 2091 εὕρεσιις,
2522 2016 2614 2067 καὶ
2640 2013 2953 2084 πνεύματος
2987 2012 3145 2080 ἁγίου
3171 2010 3522 2079 ἐπιφοίτησις,
3549 2011 3627 2063 καὶ

2086 2106 2381 2178 θησαυρῶν
2412 2105 2807 2176 πνευματικῶν
2830 2104 2999 2167 δόσις,
3031 2102 3127 2155 καὶ
3156 2100 3329 2153 πάντα
3357 2100 3451 2152 ὅσα
3482 2100 3627 2165 ἐπηγ-

2084 2197 2304 2264 γείλατο
2350 2198 2378 2249 ὁ
2431 2196 2563 2258 Θεὸς
2615 2195 2885 2266 παρέχειν
2914 2195 3027 2255 τοῖς
3068 2192 3282 2251 πιστοῖς
3330 2188 3623 2259 ἀνθρώποις,

2085 2288 2181 2341 καὶ
2205 2282 2330 2350 ὧδε,
2363 2290 2453 2341 καὶ
2483 2291 2542 2341 ἐν
2573 2287 2654 2358 τῷ
2684 2286 2931 2356 μέλλοντι
2960 2284 3143 2337 αἰῶνιθ
3178 2282 3275 2335 καὶ
3304 2279 3478 2343 ἁπλῶς
3507 2279 3627 2343 ἅπαξ

2083 2382 2207 2432 κατ’
2247 2379 2433 2433 εἰκόνα
2474 2377 2611 2433 Θεοῦ
2661 2378 3001 2445 ἀναφανῆναι
3034 2375 3137 2447 τὴν
3180 2373 3355 2445 ψυχὴν
3382 2372 3623 2433 ἀδύνατον,

2082 2472 2131 2526 εί
2165 2471 2240 2542 μὴ
2274 2471 2363 2525 διὰ
2408 2471 2752 2543 χαρίσματος
2781 2471 2919 2524 Θεοῦ
2967 2471 3063 2524 καὶ
3100 2470 3336 2525 πίστεως
3371 2464 3626 2534 ἀνθρώπου

2085 2563 2224 2633 μετά
2276 2563 2480 2633 πολλῆς
2522 2563 3044 2635 ταπεινοφροσύνης,
3096 2562 3193 2615 καὶ
3248 2560 3624 2631 ἀμετεωρίστου

2081 2655 2410 2725 προσευχῆς,
2435 2658 2500 2725 τῇ
2536 2655 2745 2727 διανοίᾳ
2772 2656 3215 2725 παραμένοντος.

2153 2744 2251 2814 ξβι.
2282 2746 2446 2813 Μέγα
2468 2746 2637 2810 ὅντως
2662 2746 2889 2815 ἀγαθὸν,
2918 2745 2990 2811 ὡς
3021 2748 3085 2799 ἐκ
3105 2744 3198 2797 πεί
3206 2762 3302 2816 ρας
3333 2741 3629 2814 παρειλήφει

2084 2855 2204 2910 μεν,
2236 2837 2299 2890 τὸ
2338 2837 2580 2907 συνεχῶς
2629 2837 3008 2892 ἐπικαλεῖσθαι
3038 2834 3248 2905 Κύριον
3291 2833 3487 2906 Ἰησοῦν
3514 2833 3627 2904 μετὰ

2078 2931 2188 2984 τῶν
2216 2928 2426 3000 νοητῶν
2469 2929 2772 3000 πολεμίων,
2830 2929 2921 2983 τὸν
2964 2928 3294 3000 βουλόμενον
3330 2926 3424 2996 τὴν
3466 2924 3627 2979 ἑαυτοῦ

2081 3023 2317 3094 καρδίαν
2365 3022 2627 3093 καθάρσι’
2671 3023 2777 3094 ὅρα
2826 3022 2945 3085 πῶς
2981 3020 3280 3092 σύμςωνος
3300 3022 3327 3074 6
3357 3021 3501 3088 λόγος
3527 3022 3551 3073 6
3577 3019 3629 3071 ἐκ

2081 3118 2172 3169 πεί
2181 3134 2276 3188 ρας
2301 3117 2430 3188 παρ’
2460 3115 2593 3187 ἐμοῦ
2622 3114 2810 3185 ῥηθεὶς
2825 3116 2950 3179 ταῖς
2983 3115 3298 3185 Γραφικαῖς
3320 3112 3625 3185 μαρτυρίαις.

397 3196 600 3251 moniis
642 3195 962 3268 Scriptura.
1008 3200 1265 3271 Praepara
1314 3210 1388 3268 te,
1435 3200 1635 3271 inquit,
1678 3202 1864 3269 israel,
1906 3203 1971 3258 ad

2090 3192 2438 3279 Ἑτοιμάζου,
2489 3206 2675 3277 φησὶν,
2722 3205 2971 3277 Ἰσραὴλ,
3020 3204 3113 3259 τοῦ
3165 3203 3542 3259 ἐπικαλεῖσθαι
3582 3199 3631 3253 τὸ

397 3289 765 3343 invocandum
804 3306 999 3346 nomen
1041 3292 1253 3347 Domini
1290 3291 1386 3349 Dei
1428 3295 1527 3349 tui.
1561 3295 1631 3349 Et
1658 3294 1972 3366 Apostolus,

400 3381 527 3436 Sine
554 3382 937 3438 intermissione
974 3393 1121 3439 orate
1144 3386 1209 3438 ".
1242 3385 1319 3440 Ac
1356 3386 1619 3442 Dominus
1662 3396 1850 3443 noster
1887 3388 1975 3441 in-

398 3477 556 3544 quit,
592 3474 717 3531 Sine
774 3494 856 3531 me
904 3478 1036 3532 nihil
1071 3480 1285 3547 potestis
1316 3481 1507 3551 facere.
1545 3479 1646 3544 Qui
1699 3490 1876 3535 manet
1918 3482 1975 3534 in

399 3585 502 3631 me,
532 3578 581 3623 et
604 3586 695 3641 ego
724 3570 778 3623 in
809 3587 891 3635 eo,
916 3572 998 3624 hic
1034 3572 1135 3642 fert
1166 3573 1393 3643 fructum
1423 3573 1647 3627 multum
1673 3573 1739 3627 ⁷⁸.
1776 3576 1841 3629 Et
1874 3574 1975 3629 ile—

396 3677 557 3723 rnm:
593 3659 650 3716 Si
687 3663 802 3733 quis
834 3664 890 3718 in
936 3681 1018 3718 me
1063 3680 1164 3717 non
1214 3667 1487 3731 manserit,
1528 3666 1765 3720 mittetur
1804 3667 1971 3737 foras,

397 3751 532 3806 sicut
576 3749 779 3819 palmes
807 3752 873 3806 ".
916 3752 1127 3806 Bonum
1169 3752 1362 3824 ingens
1393 3762 1478 3808 est
1520 3753 1716 3820 oratio,
1742 3755 1973 3823 bonum,

398 3842 639 3910 inquam,
671 3841 817 3910 quod
859 3843 1023 3897 etiam
1056 3843 1239 3898 omnia
1280 3853 1535 3913 procurat
1566 3863 1579 3896 :
1617 3854 1672 3900 et
1714 3846 1976 3903 emundat

397 3947 511 3999 cor,
543 3932 597 3987 in
628 3948 736 4003 quo
769 3942 1047 4002 spectatur
1082 3934 1224 3989 Deus
1252 3951 1282 3989 a
1315 3934 1589 3992 ﬁdelibus.

467 4027 555 4081 65.
597 4026 933 4083 llumilitatis
975 4028 1203 4095 bonum,
1241 4045 1366 4083 cum
1413 4030 1612 4085 habeat
1664 4031 1772 4087 vim
1824 4032 1973 4087 exal-

399 4117 546 4177 taudi
592 4126 790 4175 natura
838 4136 960 4186 sua,
1006 4119 1228 4191 Deoque
1280 4122 1353 4177 sit
1398 4124 1789 4195 gratissimum.
1830 4126 1975 4197 quod

398 4211 564 4265 etiam
607 4211 791 4266 omnia
830 4211 1227 4282 propemodum
1259 4212 1410 4277 vitia,
1444 4222 1499 4268 et
1538 4229 1659 4283 quae
1705 4214 1813 4269 Deo
1848 4224 1976 4271 sunt

398 4301 616 4368 odiosa,
662 4304 719 4357 in
769 4305 931 4358 nobis
979 4305 1256 4371 absumat,
1305 4313 1596 4376 propterea
1648 4323 1758 4361 non
1817 4308 1975 4364 facile

398 4396 703 4463 comparari
740 4395 897 4450 solet.
936 4396 1126 4465 Itaque
1162 4397 1214 4451 in
1261 4414 1374 4452 uno
1402 4400 1703 4471 eodemque
1729 4403 1970 4471 homine,

398 4500 508 4540 non
536 4484 752 4540 difﬁcile
777 4495 861 4541 est
889 4486 1130 4555 reperire
1158 4488 1514 4557 particulares
1539 4493 1797 4561 quasdam
1829 4495 1971 4548 mul-

400 4582 577 4628 tarum
627 4575 858 4631 aliarum
902 4575 1168 4631 virtutum
1208 4579 1499 4635 actiones:
1544 4582 1598 4635 in
1645 4597 1711 4637 eo
1754 4598 1883 4637 vero
1928 4584 1971 4639 si

397 4679 609 4731 quaeras
629 4666 1023 4725 humiliationis
1044 4670 1353 4733 odoratum,
1373 4672 1457 4727 vix
1484 4675 1746 4743 reperies.
1777 4674 1974 4741 Quam-

399 4757 585 4812 obrem
628 4760 984 4830 temperantia
1032 4776 1143 4815 non
1185 4762 1401 4817 modica
1439 4779 1576 4834 opus
1616 4772 1721 4829 est,
1759 4762 1825 4820 ad
1872 4767 1974 4822 hoc

398 4848 603 4904 bonum
632 4852 1101 4921 consequendum.
1140 4854 1358 4909 Etenim
1392 4855 1478 4909 vel
1507 4855 1781 4911 diabolum
1820 4857 1971 4912 Scri-

403 4949 560 5007 ptura
612 4941 745 4998 dicit
793 4944 1171 5010 immundum,
1218 4947 1475 5017 quoniam
1538 4949 1606 5002 ab
1662 4949 1818 5002 initio
1871 4950 1973 5005 hoc

398 5030 577 5100 ipsum
629 5033 951 5090 humilitatis
997 5037 1205 5092 bonum
1267 5040 1496 5109 repulit,
1553 5051 1607 5095 et
1661 5042 1974 5112 superbiam

400 5120 670 5177 adamavit
695 5141 707 5177 :
730 5134 1016 5195 propterea
1046 5126 1430 5187 denominatur
1461 5132 1513 5184 in
1538 5132 1794 5188 universa
1823 5132 1974 5187 Seri-

401 5218 557 5277 ptura
585 5212 806 5281 spiritus
834 5215 1167 5272 immundus.
1201 5218 1373 5285 Quam
1398 5220 1548 5274 enim
1572 5221 1971 5277 immunditiam

402 5315 717 5369 corpoream
764 5317 1082 5376 perpetrare
1123 5318 1309 5380 queat,
1340 5310 1413 5376 id,
1453 5313 1599 5382 quod
1643 5317 1887 5385 corporis
1920 5327 1976 5372 et

402 5392 581 5448 carnis
609 5402 693 5448 est
719 5397 937 5464 penitus
964 5414 1176 5469 expers,
1211 5417 1313 5457 nec
1350 5404 1460 5459 ullo
1504 5404 1623 5459 loco
1662 5406 1827 5461 situm
1866 5414 1971 5474 est,

403 5487 457 5533 et
484 5484 744 5555 sanguine
769 5495 937 5549 caret,
969 5490 1145 5558 qualis
1172 5490 1328 5547 initio
1357 5499 1412 5547 et
1441 5507 1588 5548 nunc
1613 5503 1695 5549 est
1719 5493 1971 5559 Satanas,

407 5580 465 5623 ut
502 5585 567 5626 ex
597 5573 683 5627 his
712 5575 920 5630 dicatur
960 5581 1317 5636 immundus?
1335 5583 1689 5653 Perspicuum
1727 5594 1811 5640 est
1846 5600 1973 5639 cum

476 5745 561 5797 ιιι
592 5748 786 5804 Thess.
814 5769 922 5817 LIII,
963 5757 1044 5808 ιτ.
1123 5756 1345 5810 τιιοειιι.
1380 5774 1466 5822 ιν,
1509 5758 1559 5812 5.
1639 5761 1681 5792 τε
1718 5742 1847 5813 ibid.
1886 5761 1938 5814 0.

2078 3297 2250 3367 ὄνομα
2309 3296 2517 3368 Κυρίου
2575 3296 2670 3351 τοῦ
2721 3295 2856 3350 Θεοῦ
2918 3310 3047 3348 σουο
3084 3293 3183 3348 καὶ
3232 3294 3261 3345 6
3326 3290 3629 3351 Ἀπόστολος,

2091 3388 2518 3454 Ἀδιαλείπτως
2547 3388 2988 3456 προσεύχεσθε.
3018 3387 3129 3439 Καὶ
3159 3388 3190 3439 6
3251 3383 3448 3453 Κύριος
3502 3381 3632 3452 ἡμῶν

2080 3497 2269 3552 φησιν,
2309 3482 2392 3534 Οὐ
2422 3480 2693 3541 δύνασθε
2729 3478 2912 3549 χωρίς
2941 3478 3090 3548 ἐμοῦ
3119 3476 3320 3533 ποιεῖν
3355 3474 3554 3530 οὐδέν·
3588 3474 3630 3524 Ὀ

2073 3574 2275 3642 μένων
2298 3573 2367 3627 ἐν
2384 3573 2533 3643 ἐμοὶ,
2553 3573 2714 3643 κάγὼ
2733 3574 2803 3626 ἐν
2828 3570 3007 3637 αὐτῷ,
3040 3566 3223 3637 οὗτος
3252 3570 3414 3639 φέρει
3437 3566 3635 3635 καρπὸν

2080 3664 2299 3718 πολύν.
2325 3664 2437 3717 Καὶ
2475 3664 2662 3728 πάλιν,
2703 3662 2840 3717 Ἐὰν
2861 3661 2947 3732 μὴ
2969 3663 3150 3732 μείνῃ
3182 3663 3257 3714 ἐν
3274 3659 3423 3730 ἐμοὶ,
3453 3657 3634 3721 ἐκϐλη-

2078 3754 2155 3823 θῇ
2187 3754 2305 3820 ἔξω
2341 3757 2422 3821 ὡς
2456 3756 2522 3809 τὸ
2551 3754 2775 3825 κλῆμα.
2800 3755 2959 3822 Μέγα
2985 3753 3189 3821 ἀγαθὸν
3218 3751 3378 3821 εὐχὴ,
3414 3749 3500 3804 καὶ
3522 3748 3635 3815 ἀγα-

2078 3844 2169 3898 θὸν
2225 3844 2445 3898 πάντων
2502 3844 2858 3914 παρεκτικον,
2894 3842 3123 3915 καρδίαν
3166 3842 3454 3911 καθαῖρον,
3487 3830 3634 3908 ὲνῇό

2077 3934 2209 3997 Θεὸς
2232 3936 2529 3990 όπτάνεται
2559 3939 2669 3999 τοῖς
2702 3938 2938 3998 πιστοῖς.

2150 4027 2250 4097 ξγ’.
2284 4029 2360 4081 Τὸ
2386 4029 2487 4098 τῆς
2518 4028 2908 4091 ταπεινώσεως
2936 4028 3148 4099 χρῆμα,
3190 4022 3378 4094 ἐπειδὴ
3412 4019 3640 4105 ὑψοποιὸν

2079 4124 2325 4191 πέφυκεν
2349 4116 2513 4182 εἶναι,
2540 4122 2634 4174 καὶ
2659 4119 2778 4190 Θεῷ
2804 4118 3193 4189 ἀγαπώμενον,
3221 4116 3317 4170 καὶ
3338 4109 3636 4168 άναλωτικδν

2081 4212 2267 4281 σχεδὸν
2296 4213 2517 4266 πάντων
2547 4212 2657 4267 τῶν
2692 4215 2751 4266 ὲν
2786 4215 2918 4285 ἡμῖν
2963 4213 3150 4267 κακῶν
3183 4212 3286 4266 καὶ
3317 4206 3635 4282 μισουμένων

2079 4305 2217 4376 Θεῷ,
2254 4306 2617 4378 δυσπόριστον
2670 4306 2760 4360 διά
2813 4306 2988 4359 ταῦτα
3048 4308 3297 4373 πέφυκεν
3343 4301 3513 4356 εἶναι·
3560 4298 3638 4350 καὶ

2081 4399 2281 4470 ῥᾳδίως
2331 4401 2397 4452 ἂν
2446 4402 2507 4453 ὲν
2543 4398 2820 4470 ἀνθρώπῳ
2866 4399 2948 4452 ἐνὶ
2986 4397 3199 4452 πολλῶν
3249 4394 3460 4466 ἀρετῶν
3486 4389 3638 4446 ἄλλων

2078 4491 2347 4565 ἐργασίας
2377 4491 2529 4553 τινὰς
2557 4493 2812 4560 μερικὲς,
2841 4490 3084 4561 ζητήσας
3118 4490 3175 4544 δὲ
3218 4492 3277 4571 εν
3307 4487 3454 4557 αὑτῷ
3482 4483 3637 4554 ὀσμὴν

2079 4580 2467 4645 ταπεινώσεως
2494 4582 2647 4652 μόλις
2664 4580 2945 4651 εὑρήσεις.
2974 4582 3071 4634 Διὰ
3095 4584 3257 4635 τοῦτο
3284 4579 3442 4651 χρεία
3464 4574 3638 4641 πολλῆς

2081 4672 2314 4741 νήψεως,
2347 4671 2486 4725 ὥστε
2539 4674 2847 4740 κτήσασθαι
2888 4674 3047 4726 τοῦτο
3078 4671 3137 4725 τὸ
3168 4672 3382 4744 χρῆμα.
3419 4667 3522 4723 Καὶ
3548 4666 3639 4733 γὰρ

2082 4761 2399 4833 ἀκάθαρτον
2443 4764 2533 4816 καὶ
2567 4764 2657 4816 τὸν
2703 4764 2951 4816 διάϐολον
2981 4764 3128 4830 λέγει
3177 4759 3451 4833 ήΓραφὴ,
3476 4754 3639 4821 ἐπειδὴ

2080 4852 2238 4907 τοῦτο
2264 4852 2498 4925 ὲξαρχῆς
2531 4854 2593 4908 τὸ
2630 4856 2838 4924 ἀγαθὸν
2866 4856 2966 4924 τῆς
3000 4852 3502 4926 ταπεινοφροσύνης
3525 4850 3639 4918 χρῆ-

2085 4962 2161 5015 μα
2180 4943 2462 4996 ἀπώσατο·
2498 4945 2592 4997 καὶ
2616 4947 2715 5015 τὴν
2739 4944 3123 5015 ὑπερηφανίαν
3157 4944 3435 5013 ὴγάπησε’
3459 4937 3534 4990 διὸ
3563 4938 3641 4986 καὶ

2082 5036 2394 5107 ἀκάθαρτον
2426 5037 2645 5105 πνεῦμα
2692 5040 2751 5089 ὲν
2803 5038 3011 5098 πάσαις
3057 5038 3176 5098 ταῖς
3220 5035 3462 5106 Γραφαῖς
3495 5041 3642 5101 προσ-

2082 5129 2429 5201 αγορεύεται.
2495 5129 2653 5184 Ἐπεὶ
2716 5130 2880 5183 ποίαν
2931 5127 3279 5199 ἀκαθαρσίαν
3347 5118 3643 5192 σωματικὴν

2082 5222 2308 5277 δύναται
2342 5223 2689 5293 ἐργάσασθαι
2721 5224 2780 5276 τὸ
2810 5222 3106 5290 ἀσώματον
3144 5221 3345 5288 πάντη,
3379 5215 3469 5268 καὶ
3494 5211 3645 5278 ἀσαρο

2082 5316 2175 5369 κόν
2200 5332 2260 5368 τε
2281 5356 2296 5381 ,
2323 5315 2417 5368 καὶ
2461 5315 2719 5380 ἄστατον,
2771 5316 2867 5368 καὶ
2892 5314 3149 5383 ἄναιμον,
3188 5306 3297 5372 οἷος
3332 5308 3565 5375 ὑπῆρχεν
3594 5295 3645 5360 ἐξ

2082 5406 2257 5476 ἀρχῆς
2284 5407 2380 5460 καὶ
2407 5406 2504 5459 νῦν
2537 5408 2565 5459 6
2587 5407 2857 5472 Σατανᾶς,
2889 5406 2976 5457 ίνα
2998 5402 3314 5473 ἀκάθαρτος
3335 5399 3439 5451 ἀπὸ
3457 5392 3642 5446 τούτων

2082 5497 2308 5569 λέγηται
2336 5518 2350 5567 ;
2378 5498 2617 5569 Εὔδηλον
2646 5500 2726 5552 ὅτι
2762 5498 2850 5553 διὰ
2892 5498 2993 5567 τὴν
3049 5492 3431 5568 ὑπερηφανίαν
3459 5483 3641 5554 ἐκλήθη

2083 5590 2411 5661 ἀκάθαρτος,
2447 5592 2542 5644 καὶ
2590 5594 2653 5644 ὲκ
2694 5589 2937 5659 καθαροῦ
2983 5590 3075 5643 καὶ
3128 5582 3392 5659 φωτεινοῦ
3430 5576 3639 5648 ἀγγέλευ
