3934 6368
359 359 498 426 1503

1538 340 1916 427 ἨΕδΥοΗΠ
1953 365 2430 426 PRESBYTERI

3485 366 3508 430 i
3521 364 3624 432 5N

360 471 591 526 matiam
634 478 874 536 exercet,
915 477 1008 525 aut
1051 469 1268 542 angitur
1301 477 1356 525 et
1397 471 1728 544 indignatur,
1765 488 1828 528 ac
1857 474 1942 526 in-

2090 491 2182 542 (ει,
2207 475 2300 526 καὶ
2331 473 2362 542 ἢ
2390 475 2805 543 γαστριμαργεῖ
2831 473 2921 526 καὶ
2951 471 3627 540 ἀκολασταίνει,λυπεῑταί

356 565 532 633 jnrias
566 563 623 616 in
662 561 982 618 memoriam
1031 570 1271 629 revocat,
1310 563 1454 618 unde
1498 571 1738 617 mentem
1787 574 1942 617 tene-

362 655 476 710 bris
513 655 696 710 obruit
727 671 740 708 :
773 662 866 709 aut
909 653 1302 710 exercitatione
1344 653 1634 708 immodica
1664 655 1852 720 utitur,
1891 663 1946 709 et

365 747 616 816 inquinat
643 746 913 800 animum.

439 837 524 892 70.
569 837 673 903 Qui
727 837 891 892 rebus
946 835 1384 902 abrenuntiavit,
1451 834 1685 905 exempli
1751 834 1944 906 gratia,

367 927 548 988 uxori,
596 925 1053 994 possessionibus,
1088 932 1144 980 et
1191 925 1435 994 reliquis,
1481 923 1806 978 exteriorem
1847 923 1948 977 ho-

369 1017 574 1072 minem
605 1017 733 1072 l'ecit
768 1018 1121 1081 monachum,
1151 1015 1397 1070 nondum
1426 1024 1608 1069 autem
1639 1023 1694 1068 et
1725 1013 1949 1067 interio-

373 1087 509 1164 ren’i.
553 1109 654 1175 Qui
687 1125 814 1164 vero
853 1108 1278 1180 cogitationibus
1303 1108 1403 1163 ista
1437 1106 1822 1162 aﬂ‘ectantibus
1865 1119 1951 1160 re-

372 1200 666 1261 nuntiavit,
699 1200 1015 1253 interiorem
1048 1199 1352 1263 hominem,
1389 1197 1647 1252 nimirum
1686 1197 1950 1260 animum,

373 1290 606 1344 reddidit
653 1291 1005 1345 monachum.
1046 1291 1114 1344 Et
1147 1291 1474 1345 exteriorem
1512 1289 1732 1358 quidem
1775 1288 1953 1342 horni-

373 1396 523 1444 nem,
564 1383 727 1436 modo
779 1381 966 1447 libeat,
1017 1381 1174 1438 facile
1221 1391 1400 1452 potest
1451 1380 1720 1450 quispiam
1760 1394 1954 1433 mona-

371 1473 539 1526 chum
579 1473 835 1528 elliccre:
869 1474 1015 1544 atqui
1062 1489 1173 1527 non
1218 1481 1301 1528 est
1339 1472 1515 1544 exigui
1551 1472 1752 1544 operis,
1787 1471 1958 1526 inter-

378 1580 506 1617 num
533 1563 810 1619 hominem
843 1564 1022 1620 facere
1049 1566 1400 1620 monachum.

447 1648 537 1704 71.
585 1651 718 1717 Quis
773 1670 939 1724 porro
979 1653 1571 1725 generationishujus,
1599 1654 1695 1728 qui
1745 1652 1958 1724 cogita-

377 1739 626 1798 tionibus
655 1745 1010 1814 all‘ectionum
1029 1747 1286 1800 studiosis
1309 1747 1469 1816 plane
1501 1747 1784 1810 liberatus,
1813 1761 1958 1814 purae

2045 583 2102 616 τε
2140 565 2236 618 καὶ
2267 563 2591 636 ὀργίζεται,
2625 565 2723 617 καὶ
2787 568 3172 635 μνησικακεῖ·
3227 566 3326 620 καὶ
3375 567 3630 622 ἐντεῦθεν

2045 656 2138 708 τὸν
2166 655 2291 708 νοῦν
2325 655 2589 720 σκοτίζει,
2615 656 2650 726 ἢ
2694 654 2919 726 ἀμέτρῳ
2939 656 3174 727 ἀσκήσει
3205 655 3502 728 κέχρηται,
3537 661 3632 714 καὶ

2049 746 2196 801 Οολοί
2223 746 2321 818 τὴν
2346 747 2608 802 διάνοιαν.

2121 844 2182 890 0'.
2237 839 2294 890 Ὀ
2321 838 2422 908 μὲν
2446 840 2560 901 τοῖς
2595 839 2921 910 πράγμασιν
2945 838 3386 910 ἀποταξάμενος,
3415 835 3528 893 οἷον
3569 844 3634 909 τῇ

2049 932 2293 998 γυναικὶ,
2321 931 2418 982 καὶ
2459 932 2575 993 τοῖς
2626 931 2911 1002 χρήμασι,
2940 932 3036 984 καὶ
3076 934 3192 995 τοῖς
3229 932 3381 1000 ἑξῆς,
3409 932 3502 984 τὸν
3532 932 3640 997 ἔξω

2051 1021 2592 1094 ἄνθρωπον’ὲποίησε
2626 1023 2885 1094 μοναχὸν,
2910 1023 3066 1077 οὔπω
3093 1024 3150 1077 δὲ
3185 1025 3280 1077 καὶ
3304 1025 3398 1077 τὸν
3427 1022 3641 1090 ἄνθρωο

2055 1131 2154 1168 πον
2183 1114 2276 1167 τὸν
2315 1114 2425 1167 ἔσω
2451 1129 2464 1142 ·
2493 1115 2522 1166 ὁ
2549 1114 2605 1167 δὲ
2635 1116 2750 1177 τοῖς
2798 1115 3006 1169 τούτων
3056 1115 3331 1185 ὲμπαθέσι
3373 1115 3638 1184 νοήμασι,

2053 1205 2144 1260 τὸν
2167 1206 2275 1260 ἔσω
2297 1207 2610 1277 ἄνθρωπον,
2638 1207 2666 1259 ὃ
2697 1208 2848 1260 ἐστιν
2870 1207 2900 1260 ὁ
2929 1208 3077 1272 νοῦς.
3113 1208 3225 1260 Καὶ
3253 1206 3347 1260 τὸν
3391 1205 3495 1275 μὲν
3535 1205 3648 1270 ἔξω

2057 1299 2346 1370 ἄνθρωπον
2405 1298 2645 1361 εὐκόλως
2697 1315 2784 1362 τις
2825 1301 2974 1352 ποιεῖ
3033 1299 3294 1368 μοναχὸν,
3325 1297 3490 1368 μόνον
3549 1297 3650 1351 ἐὰν

2059 1389 2282 1462 θελήσῃ,
2311 1390 2413 1444 οὐκ
2440 1390 2619 1458 ὀλίγος
2648 1391 2707 1444 δὲ
2729 1389 2880 1460 ἁγὼν
2909 1389 3001 1443 τὸν
3032 1387 3458 1460 ἔσωςᾶνορωπον
3485 1389 3650 1458 ποιῆ-

2062 1499 2154 1535 σαι
2199 1482 2453 1552 μοναχόν.

2133 1667 2234 1716 οδ).
2279 1659 2378 1725 Τίς
2421 1660 2571 1713 ἐστιν
2617 1659 2726 1732 ἄρα
2754 1661 2812 1712 ὲν
2848 1663 2913 1731 τῇ
2951 1661 3119 1730 γενεᾷ
3151 1659 3327 1730 ταύτῃ
3355 1662 3395 1713 ιό
3434 1660 3650 1713 παντά-

2065 1771 2228 1806 πασιν
2261 1751 2598 1818 ἀπαλλαγεὶς
2629 1749 2892 1822 ὲμπαθῶν
2923 1751 3244 1821 νοημάτων,
3280 1752 3377 1804 καὶ
3415 1752 3520 1821 τῆς
3555 1769 3655 1804 κα-

379 1847 480 1900 per
525 1837 709 1889 omnia
749 1836 1137 1904 defazeatreque
1173 1838 1444 1891 orationis
1484 1837 1804 1906 dignitatem
1839 1834 1957 1888 adi-

2099 1847 2234 1917 αρᾶς
2267 1843 2356 1897 διὰ
2409 1843 2610 1906 παντὸς
2646 1842 2745 1898 καὶ
2797 1843 2966 1897 ἀΰ).ου
3014 1843 3380 1910 καταξιωῡεὶς
3415 1861 3654 1914 προσευ-

382 1923 516 1993 pisci
575 1927 830 1981 meruit?
871 1929 1014 1998 quod
1065 1929 1284 1998 quidem
1349 1929 1562 1999 signum
1619 1938 1700 1983 est
1757 1925 1960 1982 interni

386 2017 664 2072 monachi.

455 2108 540 2160 7:2.
561 2107 892 2164 Aﬂ'ectiones
910 2126 1017 2164 non
1041 2125 1227 2180 pauca:
1248 2111 1414 2164 latent
1432 2111 1484 2164 in
1500 2109 1698 2164 animis
1721 2108 1924 2163 nostris
1943 2125 1956 2160 :

383 2215 505 2268 qua
551 2209 663 2254 tum
709 2203 1220 2272 deprehenduntur,
1255 2218 1379 2258 cum
1421 2202 1745 2258 emerserint
1772 2213 1962 2254 earum

381 2309 582 2348 causre.
619 2357 622 2360 ,

466 2385 556 2440 75.
596 2385 676 2440 Ne
723 2387 957 2442 colloces
1003 2403 1220 2444 onmem
1250 2403 1472 2458 operam
1512 2394 1661 2440 tuam
1702 2386 1756 2440 in‘
1799 2399 1964 2440 carne

383 2479 620 2528 curanda
649 2494 662 2530 :
693 2475 787 2529 sed
824 2484 965 2530 stato
1001 2485 1247 2545 tempore
1281 2491 1380 2544 pro
1411 2475 1620 2528 viribus
1650 2487 1770 2526 eam
1806 2485 1963 2524 exer-

382 2575 529 2631 ceto,
585 2575 747 2638 atque
792 2568 1032 2624 animum
1091 2577 1242 2622 tuum
1297 2569 1514 2638 penitus
1561 2567 1624 2620 ad
1692 2564 1954 2619 interiora

384 2668 665 2714 converte.
715 2657 1018 2726 Corporalis
1061 2663 1196 2714 enim
1239 2661 1546 2714 exercitatio
1595 2660 1666 2713 ad
1697 2657 1962 2711 modicum

388 2751 536 2806 utilis
560 2760 632 2805 est
657 2752 702 2783 ⁷⁸
730 2769 742 2804 :
777 2751 952 2822 pietas
980 2760 1161 2805 autem
1186 2752 1250 2805 ad
1283 2751 1468 2805 omnia
1499 2751 1650 2805 utilis
1678 2759 1783 2805 est.

459 2841 548 2894 '74.
583 2840 687 2896 Ubi
717 2849 935 2896 cessant
964 2841 1196 2896 allectus
1239 2841 1526 2912 impetere,
1569 2849 1680 2894 tum
1715 2841 1966 2895 oboritur

388 2932 718 3002 arrogantia,
755 2933 836 2986 vel
870 2932 942 2986 ob
963 2932 1038 2997 id,
1072 2933 1216 3002 quod
1249 2949 1360 2986 non
1383 2941 1735 3000 amputantur
1763 2948 1964 2998 causae,

387 3027 474 3080 vel
505 3039 570 3078 eo
601 3027 743 3094 quod
774 3023 1033 3079 insidiose
1063 3025 1366 3094 subrepunt
1410 3025 1710 3079 deemones.

464 3117 550 3170 75.
586 3115 876 3171 llumilitas
899 3125 950 3170 et
987 3116 1208 3171 alllictio
1240 3118 1480 3172 liberant
1503 3118 1782 3172 hominem
1813 3117 1964 3171 omni
1997 3145 2040 3202 ο

391 3215 620 3277 peccato
663 3223 677 3258 ι
725 3222 851 3260 cum
901 3207 993 3260 illa
1046 3207 1266 3276 quidem
1323 3208 1597 3262 rescindat
1657 3208 1973 3264 affectiones

395 3298 564 3352 animi
596 3317 609 3352 :
640 3299 741 3353 ista
772 3314 924 3363 vero,
953 3299 1221 3368 corporis.
1253 3299 1543 3368 PrOpterea
1575 3301 1840 3355 Dominus
1863 3301 1971 3355 ait:

394 3389 550 3446 Beati
583 3389 778 3444 mundo
809 3392 980 3455 corde,
1014 3391 1265 3460 quoniam
1292 3392 1392 3460 ipsi
1419 3391 1583 3444 Deum
1610 3391 1851 3445 videbunt
1880 3393 1924 3424 ⁷⁹
1962 3409 1973 3445 :

396 3481 598 3554 ipsum,
621 3483 860 3553 inquam,
882 3493 938 3538 et
963 3483 1245 3538 thesauros
1271 3485 1324 3537 in
1347 3501 1414 3539 eo
1441 3485 1750 3540 reconditos
1773 3503 1786 3540 :
1813 3501 1979 3554 quan-

401 3575 471 3629 do
503 3590 606 3644 per
653 3575 976 3628 eharitatem
1012 3583 1066 3628 et;
1095 3575 1487 3628 continentiam
1524 3575 1736 3645 seipsos
1785 3590 1980 3628 emun-

407 3669 676 3722 daverint.
725 3667 1010 3736 Tantoqne
1058 3667 1270 3735 plenius
1328 3667 1612 3734 videbunt,
1668 3677 1874 3738 quanto
1921 3683 1980 3721 se

400 3760 758 3832 purgaverint
783 3760 1121 3814 accuratius.

479 3851 564 3905 '76.
593 3851 940 3915 Sermonum,
967 3850 1055 3919 qni
1091 3848 1158 3902 de
1189 3864 1513 3920 quacunque
1540 3849 1744 3906 virtute
1768 3850 1982 3906 haben-

401 3952 513 4005 tur,
549 3942 785 3997 intentio
811 3949 914 4005 est,
949 3949 1008 3994 ut
1030 3941 1240 4010 integer
1277 3949 1529 3996 servetur
1554 3942 1774 3996 animus
1801 3959 1812 3993 :
1843 3941 1986 3996 sicut

403 4035 662 4104 antiquus
737 4033 954 4088 Davidis
1023 4048 1218 4102 scopus
1257 4031 1733 4088 circumcisionem
1803 4033 1986 4088 cordis

404 4125 743 4196 przesignaba
755 4133 792 4179 ι.

474 4218 563 4272 77.
607 4218 680 4273 Ut
710 4219 764 4271 in
809 4217 1086 4279 sensibus,
1125 4231 1248 4270 cum
1284 4231 1348 4270 ea
1381 4215 1631 4270 videmus
1661 4233 1782 4286 qua:
1812 4215 1987 4271 offen-

404 4310 560 4366 dunt.
594 4308 880 4363 laedimur:
924 4307 994 4360 ita
1025 4307 1172 4362 circa
1194 4307 1435 4360 animum
1467 4307 1685 4362 accidit.

478 4402 562 4454 78.
607 4399 1072 4466 Quemadmodum
1109 4397 1202 4467 qui
1235 4413 1330 4451 eor
1371 4398 1602 4468 alicujus
1632 4398 1830 4468 planta:
1853 4398 1980 4454 vul-

2062 1937 2185 2008 χῆς,
2221 1937 2358 2006 ὅπερ
2389 1935 2507 1988 ἐστὶ
2543 1938 2768 2006 σημεῖον
2791 1935 2890 1989 τοῦ
2924 1935 3074 1988 ἔνδον
3105 1933 3345 2006 μονα.χοῦ
3372 1953 3387 2002 ;

2135 2111 2233 2183 οβ’.
2272 2111 2454 2166 Πολλὰ
2499 2111 2646 2182 πάιοη
2696 2113 2755 2164 ὲν
2803 2113 2923 2176 ταῖς
2952 2111 3156 2182 ψυχαῖς
3188 2113 3351 2182 ἡμῶν
3384 2111 3659 2182 ἐγκεκρυ-

2065 2222 2227 2260 πται·
2261 2205 2385 2259 τότε
2416 2205 2472 2257 δὲ
2503 2205 2848 2274 ἐλέγχονται,
2881 2204 3010 2257 ὅταν
3047 2205 3114 2256 τὰ
3149 2205 3300 2258 αἴτια
3328 2205 3650 2276 φαίνωνται.

2135 2389 2236 2452 ογ’.
2271 2383 2365 2453 Μὴ
2413 2383 2540 2454 ὃλην
2589 2381 2688 2453 τὴν
2743 2381 2940 2452 σχολὴν
2973 2371 3128 2452 ῖπερὶ
3162 2381 3260 2452 τὴν
3314 2385 3498 2453 σάρκα
3542 2383 3653 2453 ἔχε,

2029 2475 2184 2530 ,ἀλλ’
2215 2477 2338 2529 ὅσον
2375 2475 2546 2544 αὐτὴν
2595 2473 2738 2527 κατὰ
2787 2475 3022 2544 δύναμιν
3076 2475 3206 2544 περὶ
3249 2473 3350 2544 τὴν
3395 2475 3654 2544 ἄσκησιν,

2067 2570 2161 2623 καὶ
2195 2569 2315 2622 ὅλον
2348 2567 2438 2621 τὸν
2465 2566 2591 2620 νοῦν
2645 2583 2740 2620 σου
2793 2565 2923 2637 περὶ
2974 2567 3042 2619 τὰ
3096 2565 3246 2619 ἔνδον
3280 2565 3540 2638 στρέψον.
3592 2568 3661 2620 ἰι

2071 2662 2178 2731 γὰρ
2213 2657 2522 2729 σωματικὴ
2555 2659 2863 2729 γυμνασία
2894 2658 3044 2726 πρὸς
3073 2659 3285 2727 ὀλίγον
3309 2659 3485 2713 ἐστὶν
3511 2659 3654 2728 dige-

2069 2757 2273 2822 λιμος·
2302 2753 2334 2822 ἡ
2372 2749 2428 2803 δὲ
2455 2750 2710 2803 εὐσέϐεια
2741 2751 2822 2812 εἰς
2883 2749 3063 2803 πάντα
3093 2750 3375 2818 ὠφέλιμός
3411 2752 3583 2806 ἐστιν.

2138 2845 2232 2899 οδ¹.
2282 2844 2407 2896 Ἐπὶ
2437 2846 2509 2915 τῇ
2540 2843 2648 2896 τῶν
2682 2843 2874 2898 παθῶν
2922 2843 3253 2915 ἅνεργησῖᾳ,
3288 2844 3322 2914 ἦ
3357 2845 3460 2897 ὑπε
3475 2861 3648 2914 ρηιξα-

2073 2939 2164 3010 viq.
2195 2938 2512 3008 συμϐαίνει,
2544 2938 2578 3008 ἢ
2615 2938 2726 2990 τῶν
2773 2937 2962 2992 αἰτιῶν
3003 2938 3105 2990 οὐκ
3157 2938 3652 3008 ἀποκοπτομένων,

2071 3033 2105 3106 ἢ
2143 3030 2252 3084 τῶν
2285 3031 2559 3101 δαιμόνων
2589 3030 2898 3101 δολουργῶς
2927 3031 3386 3100 ὑποχωρούντων.

2143 3121 2236 3179 σε’.
2286 3125 2352 3180 Ἠ
2375 3125 2708 3186 ταπείνωσις
2736 3123 2832 3176 καὶ
2860 3122 3226 3186 κακοπάθεια,
3257 3122 3446 3192 πάσης
3482 3122 3658 3193 ἁμαρ-

2077 3218 2201 3282 τεας
2230 3214 2578 3286 ἐλευθεροῦσι
2617 3215 2709 3268 τὸν
2739 3213 3062 3288 ἄνθρωπον·
3101 3217 3134 3285 ἡ
3167 3215 3289 3285 μὲν.
3329 3213 3397 3270 τά
3441 3218 3543 3286 τῆς
3569 3215 3661 3284 (ἔνι’

2081 3311 2206 3382 73:1;-
2255 3311 2288 3380 ἡ
2331 3309 2410 3372 δὲ,
2462 3310 2528 3362 τὰ
2573 3308 2668 3361 τοῦ
2720 3307 2976 3378 σώματος
3013 3309 3435 3378 περικόπτουσα
3490 3307 3659 3374 πάθη·

2077 3403 2167 3456 διὰ
2196 3402 2357 3456 τοῦτο
2382 3403 2533 3470 λέγει
2561 3403 2590 3454 ὁ
2623 3400 2848 3470 Κύριος·
2886 3399 3177 3466 Μακάριοι
3210 3403 3265 3452 ci
3313 3397 3566 3466 καθαροὶ
3596 3397 3664 3464 τῇ

2081 3492 2316 3560 καρδίᾳ,
2365 3491 2454 3544 ὅτι
2497 3490 2669 3546 αὐτοὶ
2717 3490 2824 3544 τὸν
2855 3490 3004 3544 Θεὸν
3041 3491 3298 3559 ὄψονται
3323 3505 3338 3520 °
3373 3490 3544 3543 αὑτὸν
3578 3492 3663 3543 καὶ

2080 3587 2208 3648 τοὺς
2243 3587 2301 3636 ἐν
2335 3584 2482 3652 αὐτῷ
2519 3582 2851 3654 Θησαυροὺς,
2897 3583 3026 3636 ὅταν
3072 3581 3139 3634 δι’
3174 3581 3402 3650 ἀγάπης
3454 3581 3554 3633 καὶ
3584 3583 3666 3648 ἐγ-

2083 3679 2348 3749 κρατείας
2393 3678 2623 3740 ἑαυτοὺς
2674 3675 2986 3746 καθὰρωσι,
3025 3675 3116 3728 καὶ
3171 3671 3437 3725 τοσοῦτον
3483 3671 3664 3734 πλέον,

2083 3775 2205 3826 ὅσον
2235 3771 2334 3842 τὴν
2367 3770 2636 3842 κάθαρσιν
2666 3769 3022 3822 ἐπιτείνουσι.

2154 3860 2262 3928 ος·’.
2297 3857 2706 3930 Σκοπευτήριον
2731 3858 2839 3912 τῶν
2874 3859 3004 3928 περὶ
3035 3858 3239 3929 ἀρετῆς
3261 3858 3448 3926 πάσης
3477 3855 3666 3924 λόγων,

2084 3956 2116 4024 ὴ
2145 3954 2240 4007 τοῦ
2277 3952 2366 4006 νοῦ
2399 3953 2632 4024 τήρησίς
2662 3951 2833 4017 ἐστιν,
2863 3951 2937 4014 ὡς
2969 3953 2997 4004 ὁ
3034 3950 3203 4004 πάλαι
3231 3949 3326 4002 τοῦ
3351 3948 3524 4002 Δαϐὶό
3551 3965 3667 4002 σκο-

2087 4047 2189 4111 πὸς
2214 4047 2315 4116 τὴν
2345 4043 2654 4117 περιτομὴ)
2677 4044 2776 4114 τῆς
2806 4043 3035 4116 καρδίας
3069 4043 3394 4113 προεδήλου.

2156 4221 2253 4285 0;”.
2296 4220 2512 4290 Ὠσπερ
2542 4215 2818 4287 αἰσθητῶς
2839 4215 2909 4270 τὰ
2940 4216 3252 4288 βλάπτοντα
3279 4214 3521 4288 ὁρῶντες
3550 4213 3671 4284 βλα-

2089 4311 2361 4382 πτόμεοαζ
2394 4311 2540 4365 οὕτω
2569 4312 2711 4366 κατά
2739 4311 2885 4366 νοῦν.

2159 4405 2262 4478 οη’.
2308 4407 2520 4475 Ὥσπερ
2565 4405 2594 4456 ὁ
2646 4403 2746 4474 τὴν
2789 4403 2882 4458 τοῦ
2936 4402 3103 4470 φυτοῦ
3157 4401 3380 4472 τρώσας
3431 4399 3669 4470 καρδίαν,

407 4493 639 4556 neravit,
671 4493 812 4568 iila‘m
844 4507 1067 4561 prorsus
1084 4491 1292 4544 aridam
1318 4489 1551 4544 reddidit
1578 4507 1590 4543 :
1621 4489 1694 4544 ita
1723 4490 1790 4544 de
1820 4491 1971 4545 COl'dt

2090 4501 2209 4552 ὅλον
2241 4496 2528 4566 ἐξήρανεν,
2553 4494 2698 4548 οὕτω
2727 4495 2823 4548 καὶ
2847 4495 2936 4547 ἐπὶ
2966 4492 3196 4563 καρδίαν
3223 4491 3520 4562 ἀνθρώπου
3549 4491 3670 4552 νόει,

411 4589 651 4641 humano
667 4585 830 4639 debes
860 4582 1180 4652 intelligere,
1213 4590 1268 4636 et
1295 4589 1557 4651 punctum
1582 4581 1760 4652 ipsum
1810 4583 1991 4636 anim-

404 4677 710 4731 advertere.
766 4673 1218 4742 Quandoquidem
1291 4671 1444 4726 l'ures
1500 4687 1773 4742 nusquam
1821 4673 1984 4742 quie-

407 4777 589 4824 scunt.
1637 4766 1655 4781 '

478 4860 566 4914 79.
591 4858 727 4911 Cum
757 4856 917 4911 vellet
941 4854 1202 4908 Dominus
1230 4852 1540 4917 ostendere,
1573 4868 1672 4906 nos
1703 4854 1768 4906 ad
1801 4853 1988 4907 omnia

410 4951 667 5007 mandata
691 4946 995 5019 peragenda
1029 4945 1236 5009 teneri;
1267 4944 1502 4997 filiorum
1533 4956 1713 4998 autem
1735 4945 1986 5014 adoptio-

409 5061 535 5101 nem
559 5059 680 5099 esse
713 5041 934 5112 preprio
957 5039 1224 5113 sanguine
1247 5038 1504 5092 donatam
1535 5038 1870 5104 hominibus,
1891 5040 1986 5100 ait,

409 5139 542 5196 Cum
565 5135 794 5207 feceritis
817 5133 1016 5196 omnia,
1041 5146 1156 5202 quae
1175 5139 1436 5200 praecepta
1470 5140 1588 5182 sunt
1607 5131 1772 5197 vobis,
1797 5132 1988 5185 dicite:

409 5229 555 5284 Scn'i
575 5225 786 5280 inutiles
801 5239 980 5278 sumus
1003 5239 1020 5276 :
1042 5222 1179 5292 quod
1196 5221 1468 5274 debuimus
1492 5221 1664 5288 facere
1685 5223 1900 5292 fecimus
1917 5224 1986 5275 “°.

412 5322 484 5374 Ea
510 5321 576 5373 de
607 5331 768 5370 causa
802 5312 1028 5384 regnum
1063 5313 1327 5367 etelorum
1359 5327 1469 5365 non
1502 5322 1586 5366 est
1615 5327 1826 5366 merces
1851 5329 1988 5380 ope-

415 5427 558 5475 rum;
583 5409 678 5464 sed
709 5407 880 5478 gratia
913 5403 1153 5469 Domini,
1185 5403 1437 5458 ﬁdelibus
1460 5403 1632 5458 servis
1661 5415 1984 5477 pl‘tnpurula.

414 5504 530 5556 Nm
567 5501 808 5572 postulat
845 5513 1038 5553 servus
1067 5496 1399 5564 libertatem,
1431 5495 1598 5551 veluti
1630 5479 1938 5550 mercedem
1973 5517 1982 5550 :

417 5592 508 5646 sed
566 5593 769 5663 gratias
825 5591 951 5660 agit,
1003 5597 1060 5644 ut
1108 5588 1340 5653 debitor,
1389 5598 1442 5644 ct
1497 5589 1644 5644 velut
1692 5573 1986 5655 gratuitum

422 5699 612 5738 uzztnus
641 5684 861 5751 excipit.

489 5793 532 5823 ⁷⁸
563 5791 584 5844 ι
613 5791 754 5844 Tim.
777 5807 857 5856 ιγ,
884 5795 934 5847 8.
1011 5797 1052 5827 ’θ
1082 5795 1270 5848 Matth.
1301 5811 1352 5858 v,
1375 5793 1425 5846 8.
1505 5793 1549 5825 ⁸⁰
1580 5793 1690 5848 an
1738 5809 1868 5860 :tvu,
1910 5794 1989 5848 lO.

2090 4590 2260 4658 αὐτὴν
2309 4587 2407 4660 τὴν
2461 4587 2700 4657 στιγμὴν
2748 4586 3042 4658 προσέχειν
3087 4585 3190 4649 δεῖ,
3229 4582 3424 4654 ἐπειδὴ
3455 4583 3560 4635 οὐκ
3587 4583 3671 4651 ἀρ·

2091 4685 2278 4754 γοῦσιν
2307 4684 2354 4736 oi
2387 4681 2638 4734 κλέπται.

2161 4857 2259 4914 00'.
2312 4859 2372 4912 Ὀ
2408 4857 2615 4928 Κύριος
2645 4858 2825 4908 πᾶσαν
2864 4853 3086 4925 ἐντολὴν
3113 4853 3480 4922 ὀφειλομένην
3513 4853 3672 4918 δεῖξαι

2097 4955 2289 5020 θέλω-θ,
2326 4953 2424 5021 τὴν
2456 4951 2512 5004 δὲ
2543 4949 2824 5003 υἱοθεσίαν
2859 4947 2974 5016 ἰδίῳ
3002 4948 3197 5017 αἵματι
3231 4949 3346 5010 τοῖς
3369 4944 3672 5017 ἀνθρώποις

2097 5044 2503 5118 δεδωρημένην,
2557 5042 2745 5111 φησὶν.
2797 5041 2986 5094 Ὅταν
3029 5038 3231 5091 πάντα
3271 5035 3576 5104 ποιήσητε
3611 5032 3674 5086 τὰ

2095 5133 2587 5206 προστεταγμένα
2614 5129 2776 5199 ὑμῖν,
2803 5129 3031 5192 εἴπατε,
3073 5129 3153 5182 ὅτι
3197 5125 3442 5198 Ἀχρεῖοι
3472 5123 3674 5179 δοῦλοί

2094 5231 2304 5298 ἐσμεν,
2336 5226 2435 5282 καὶ
2471 5223 2862 5293 ὃξὼςρείλομεν
2917 5219 3192 5289 ποιῆσαι,
3246 5217 3668 5286 πεποιήκαμεν.

2097 5320 2196 5373 Διὰ
2239 5320 2400 5372 τοῦτο
2441 5318 2543 5370 οὐκ
2585 5316 2700 5369 ἔστι
2745 5314 2938 5384 μισθὸς
3001 5314 3180 5384 ἔργων
3211 5313 3242 5382 ἡ
3279 5309 3530 5380 βασιλεία
3573 5309 3672 5360 τῶν

2097 5413 2364 5484 οὐρανῶν,
2391 5407 2526 5464 ἀλλὰ
2557 5409 2716 5480 χάρις
2749 5407 3012 5460 δεσπότου
3054 5404 3266 5466 πιστοῖς
3295 5402 3502 5464 δοὲλοις
3531 5402 3667 5468 ἡτοι-

2103 5505 2356 5574 μαιομένη
2379 5521 2393 5534 ⁸
2426 5504 2526 5556 οὐκ
2574 5502 2800 5554 ἀπαιτεῖ
2828 5499 3016 5562 δοῦλος
3047 5499 3124 5560 ὡς
3153 5496 3367 5566 μιςϐὶν,
3403 5494 3500 5562 τὴν
3531 5492 3666 5543 ἐλευ-

2101 5599 2309 5669 Off-‘27»,
2344 5595 2460 5650 ἀλλ’
2493 5595 2808 5667 εὐχαριστεῖ
2839 5593 2912 5656 ὡς
2951 5590 3260 5660 risv-15W.
3294 5588 3388 5643 x1"-
3415 5583 3552 5640 κατά
3578 5581 3660 5654 κί’

2110 5708 2192 5758 ριν
2223 5687 2522 5756 ἐκῧέχττοιι.
