3934 6402
239 370 379 439 1505

235 577 338 637 τὰς
363 570 611 643 Γραφὲις,
640 571 733 625 καὶ
766 572 877 633 τοῖς
904 566 961 623 εὖ
986 569 1332 623 δουλεύουσιν
1369 570 1520 641 αὐτῴ
1558 570 1656 641 τὴν
1684 570 1829 621 ἐλευ-

236 664 431 734 θερίαν
456 662 771 732 χαρίξεται·
806 661 942 732 φησὶ
972 660 1101 730 γάρ·
1151 659 1261 727 Εὖ,
1295 660 1479 715 δοῦλε
1511 662 1695 731 ἀγαθὲ
1728 661 1830 714 καὶ

236 755 444 821 mare,
480 754 583 807 ἐπὶ
620 753 796 822 ὀλίγα
830 754 1045 823 ἐγένου
1075 754 1314 819 πιστὸς,
1350 754 1449 807 ἐπὶ
1480 753 1730 808 πολλῶν
1755 767 1830 806 σε

238 843 632 911 καταστήσω,
669 844 910 899 εἴσελθε
942 848 1030 911 εἰς
1062 846 1176 913 τὴν
1206 846 1401 912 χαρὰν
1450 848 1558 901 τοῦ
1607 848 1829 916 Κυρίου

240 958 388 993 σου.
430 937 598 992 Οὔπω
621 939 678 992 δὲ
702 937 889 1001 δοῦλός
924 940 1039 990 ἑστι
1081 941 1293 1006 πιστὸς,
1319 943 1347 994 6
1370 941 1500 1012 ψιλῇ
1532 944 1596 1013 τῇ
1626 939 1832 1010 γνώσει

238 1031 687 1103 ἐπερειδόμενος,
718 1031 834 1084 ἀλλ’
878 1034 907 1084 ὁ
951 1031 1019 1084 δι’
1046 1032 1293 1104 ὑπακοῆς
1337 1034 1417 1105 τῷ
1461 1036 1832 1105 ἐντειλαμένῳ

239 1124 469 1195 Χριστῷ
512 1123 809 1191 πιστεύων,
864 1124 955 1176 τὸν
987 1125 1269 1195 Δεσπότην
1322 1126 1521 1197 τιμῶν,
1568 1129 1716 1180 ποιεῖ
1761 1127 1832 1181 τὰ

238 1216 610 1285 κελευόμενα·
661 1214 887 1284 σφαλεὶς
939 1215 995 1268 δὲ
1042 1217 1076 1287 ἢ
1131 1217 1512 1287 παρακούσας,
1568 1219 1831 1289 ὑπομένει

237 1308 317 1372 ὡς
348 1308 457 1362 ἴδια
502 1310 572 1362 τὰ
635 1308 1003 1379 ἐπερχόμενα.
1042 1309 1352 1381 Φιλομαοὴς
1398 1307 1493 1365 οὖν
1541 1311 1695 1379 γίνου
1734 1312 1831 1365 καὶ

243 1401 563 1471 φιλόπονος·
590 1403 623 1472 ὴ
652 1402 764 1471 γὰρ
791 1400 922 1471 ψιλὴ
953 1400 1157 1469 γνῶσις
1187 1406 1370 1470 φυσιοῖ
1397 1402 1487 1456 τὸν
1513 1403 1825 1475 ἄνθρωπον.

316 1578 432 1634 ita}.
471 1580 537 1634 Ol.
587 1580 1015 1651 ἀπροσδοκήτως
1068 1582 1205 1651 ἡμῖν
1261 1579 1658 1650 συμϐαίνοντες
1713 1598 1833 1633 πει-

244 1674 471 1745 ρασμοὶ,
514 1673 880 1744 οἰκονομικῶς
936 1675 1085 1743 ἡμᾶς
1136 1672 1460 1742 φιλοπόνους
1513 1673 1830 1728 διδάσκουσι

240 1765 522 1834 γενέσθαι.

946 368 1041 427 DE
1066 366 1615 429 ΤΕΜΡΕΠᾹΝΊῚᾹ
1666 368 1760 426 ΕΤ
1800 367 1829 426 V

1942 367 2166 426 TUTE.
2206 393 2274 404 -
2316 368 2706 431 CENTURIA
2748 372 2796 431 Ι.

313 484 389 536 ιιί.
440 481 525 542 Ὠς
557 478 834 533 ἀπέθανεν
869 479 1009 549 ὑπὲρ
1037 478 1145 532 τῶν
1179 478 1465 548 ἁμαρτιῶν
1501 479 1658 549 ἡμῶν
1683 477 1825 529 κατὰ
1856 481 1900 536 Λ

2004 475 2094 530 80.
2138 477 2274 532 Nam
2326 488 2577 535 mortuus
2624 489 2709 536 est
2759 496 2858 553 pro
2893 485 3130 554 peccatis
3164 487 3387 554 nostris,
3418 503 3508 544 se-

1932 567 2174 622 cundum
2208 570 2564 639 Scripturas:
2597 587 2662 627 ac
2690 573 2831 628 bene
2872 576 3241 632 servientibus
3271 579 3320 633 ei
3344 579 3511 633 liber-

1933 666 2098 712 tatem
2147 661 2386 730 gratuito
2432 662 2679 734 largitur.
2729 664 2912 734 luquit
2943 666 3090 721 enim
3123 687 3135 721 :
3174 666 3343 738 Euge,
3366 686 3511 723 serve

1931 750 2059 805 bone
2083 762 2131 805 et
2151 753 2340 820 ﬁdelis,
2364 771 2526 824 supra
2557 773 2728 826 pauca
2751 758 2898 828 fuisti
2928 758 3118 827 ﬁdelis,
3144 776 3303 830 supra
3341 760 3508 814 multa

1931 852 1981 895 te
2022 845 2342 898 constituam
2371 862 2389 900 :
2425 848 2569 902 intra
2610 848 2666 901 in
2699 849 2956 918 gaudium
2984 849 3201 904 Domini
3229 854 3305 905 tui
3335 853 3402 905 δι.
3434 853 3503 906 At

1931 937 2175 991 nondum
2208 950 2294 992 est
2341 938 2519 994 fidelis
2555 954 2772 1006 servus,
2797 942 2888 1012 qui
2928 943 2996 997 de
3020 944 3164 998 nuda
3199 944 3510 1015 cognitione

1930 1026 2194 1095 gloriatur
2226 1046 2239 1081 :
2271 1029 2365 1084 sed
2386 1030 2477 1099 qui
2500 1031 2887 1101 obtemperans
2906 1035 3245 1104 praecipienti
3268 1036 3508 1097 tlhristo.

1932 1119 2123 1186 credit,
2148 1128 2198 1174 et
2238 1136 2577 1190 prosequens
2605 1124 2815 1179 honore
2835 1125 3151 1193 Dominum,
3186 1127 3336 1182 illius
3356 1128 3509 1198 jussa

1933 1210 2161 1280 peragit.
2196 1211 2298 1277 Qui
2331 1222 2514 1268 autem
2539 1224 2703 1281 errat,
2739 1224 2794 1270 et
2824 1231 2933 1271 non
2964 1227 3140 1287 paret,
3176 1234 3335 1275 casus
3361 1219 3512 1274 velut

1932 1302 2238 1372 peculiares
2300 1304 2446 1359 ferre
2500 1306 2735 1377 cogitur.
2805 1308 3093 1375 Quocirca,
3155 1312 3401 1366 discendi
3455 1322 3511 1367 et

1931 1395 2195 1462 operandi
2217 1396 2495 1450 studiosus
2526 1406 2645 1452 esto
2678 1417 2690 1452 :
2721 1398 2847 1469 quia
2873 1402 3019 1455 nuda
3045 1404 3286 1474 cognitio
3314 1404 3507 1458 inﬂare

1931 1486 2068 1540 solet
2100 1486 2401 1541 hominem.

2000 1575 2093 1633 8t.
2129 1575 2509 1644 Tentationes,
2547 1594 2667 1648 quae
2692 1580 2851 1635 nobis
2882 1597 2946 1637 ex
2976 1593 3254 1652 insperato
3291 1588 3511 1641 contin-

1932 1676 2087 1737 gunt,
2122 1667 2533 1737 dispensatione
2560 1671 2743 1727 divina
2779 1686 2881 1728 nos
2906 1673 3130 1741 docent,
3163 1676 3217 1729 in
3247 1678 3512 1734 continuo

1932 1759 2120 1813 labore
2151 1759 2358 1813 versari
2389 1760 2612 1816 debere.

316 1858 428 1928 πβ’.
472 1858 633 1911 Ἰδιον
662 1857 761 1928 μὲν
785 1856 1018 1927 ἀστέρος
1044 1856 1105 1909 τὸ
1131 1856 1260 1927 περὶ
1291 1856 1452 1910 αὐτὸν
1477 1856 1614 1926 φῶς,
1647 1856 1742 1910 τοῦ
1771 1857 1826 1910 δὲ

2002 1851 2092 1905 82.
2114 1849 2293 1905 Stella:
2316 1853 2643 1921 proprietas,
2668 1862 2751 1908 est
2773 1854 2956 1911 lumen
2986 1873 3095 1926 quo
3114 1858 3355 1913 ambitur
3384 1878 3397 1914 :
3435 1863 3510 1929 pii

241 1949 534 2010 θεοσεϐοῦς
573 1949 670 2003 καὶ
716 1950 850 2002 Θεὸν
900 1948 1236 2019 φοϐουμένου
1269 1949 1421 2011 ῐδιον,
1454 1948 1700 2001 εὐτέλεια
1732 1952 1829 2002 καὶ

238 2041 614 2103 ταπείνωσις·
654 2040 779 2093 ἐπεὶ
824 2040 946 2110 μηδ’
978 2040 1108 2095 ἄλλο
1138 2057 1190 2092 τι
1241 2040 1606 2111 γνωριστικὸν
1654 2040 1829 2108 πέφυ-

239 2149 338 2185 κεν
366 2128 531 2196 εἶναι,
582 2132 676 2184 καὶ
718 2131 1007 2202 δηλότερον
1043 2134 1271 2202 σημεῖον
1302 2132 1410 2184 τῶν
1443 2131 1537 2184 τοῦ
1584 2132 1827 2202 Χριστοῦ

243 2225 529 2295 μαθητῶν,
560 2225 635 2285 ὡς
662 2224 920 2277 ταπεινὸν
961 2225 1217 2295 φρόνημα
1248 2225 1343 2277 καὶ¹
1371 2225 1588 2288 εὐτελὲς
1619 2226 1821 2295 σχῆμα.

242 2318 356 2369 Καὶ
384 2315 546 2369 τοῦτο
571 2315 750 2368 πάντα
782 2315 947 2386 βοῶσι
973 2316 1042 2369 τὰ
1064 2317 1312 2387 τέσσαρα
1341 2318 1652 2387 Εύαγγέλια
1673 2334 1686 2348 ·
1719 2320 1748 2370 6
1771 2318 1827 2372 δὲ

242 2410 326 2480 μὴ
351 2409 526 2472 οὕτως
550 2410 824 2471 ταπεινῶς
851 2409 1022 2478 βιοὺς,
1053 2410 1150 2461 τοῦ
1186 2411 1390 2481 μέρους
1429 2411 1687 2464 ἐκπίπτει
1730 2411 1827 2465 τοῦ

235 2502 438 2555 ἑαυτὸν
469 2500 735 2563 ἑκουσίως
780 2501 1227 2564 ταπεινώσαντος
1276 2503 1439 2572 μέχρι
1467 2503 1704 2574 σταυροῦ
1735 2504 1830 2558 καὶ

233 2591 503 2657 θανάτου,
547 2591 641 2645 τοῦ
681 2593 776 2646 καὶ
809 2592 914 2645 τῶν
949 2592 1112 2647 θείων
1144 2594 1491 2663 Εὐαγγελίων
1517 2596 1828 2664 πρακτικοῦ

234 2684 554 2761 νομοθέτου.

315 2875 430 2935 πγ⁰.
468 2871 533 2921 Ol
575 2866 896 2936 διψῶντες,
948 2869 1106 2937 φησὶ,
1149 2869 1480 2937 πορεύεσθε
1515 2869 1610 2939 ἐφ’
1635 2867 1827 2937 ὕδωρ·

233 2961 291 3013 οἱ
321 2960 381 3012 δὲ
407 2958 670 3028 διψῶντες
695 2959 853 3024 Θεὸν,
882 2959 1183 3030 πορεύεσθε
1208 2960 1542 3033 καθαρότητι
1566 2962 1827 3025 διανοίας·

237 3054 389 3124 πλὴν
417 3052 495 3123 τῷ
528 3053 752 3123 ὑψηλῶς
781 3053 849 3106 δι’
881 3054 1050 3123 αὐτῆς
1080 3055 1390 3125 πετομένῳ,
1419 3054 1525 3125 χρὴ
1558 3051 1831 3125 καὶπρὸς

233 3147 342 3216 τὴν
373 3145 479 3215 γῆν
508 3147 607 3215 τῆς
647 3144 842 3199 ἑαυτοῦ
873 3146 1147 3209 εὐτελείας
1173 3145 1338 3216 ὀρᾷν·
1375 3146 1549 3209 οὐδεὶς
1579 3146 1688 3218 γὰρ
1730 3146 1824 3200 τοῦ
1852 3173 1895 3230 c

236 3237 500 3291 ταπεινοῦ
537 3238 892 3309 ὑψηλότερος.
926 3237 1041 3303 ,Ὦς
1065 3237 1175 3309 γὰρ
1216 3238 1395 3307 φωτὸς
1446 3237 1521 3309 μὴ
1556 3238 1826 3309 παρόντος

235 3329 460 3399 ζοφώδη
495 3332 590 3383 καὶ
640 3329 897 3383 σκοτεινὰ
943 3328 1185 3395 ἅπαντα,
1215 3328 1359 3382 οὕτω
1385 3331 1477 3384 καὶ
1517 3331 1591 3401 μὴ
1626 3324 1831 3402 παρού-

238 3439 345 3492 σης
398 3421 927 3492 ταπεινοφροσύνης,
998 3421 1178 3476 πάντα
1229 3421 1390 3492 ἡμῶν
1448 3423 1679 3491 μάταια,
1732 3422 1830 3476 καὶ

235 3511 390 3564 ἕωλα
411 3510 478 3564 τὰ
508 3510 654 3564 κατὰ
684 3510 815 3565 Θεὸν
853 3509 1292 3581 σπουδαζόμενα.

309 3690 419 3746 που.
459 3690 628 3755 τέλος
685 3690 743 3743 δὲ
795 3666 982 3757 λόγου,
1016 3687 1078 3740 τδ
1124 3689 1232 3742 πᾶν
1280 3688 1469 3742 ἄκουε·
1530 3688 1640 3742 Τὸν
1678 3689 1825 3744 Θεὸν

235 3784 459 3855 φοϐοῦ,
490 3786 589 3838 καὶ
621 3785 727 3849 τὰς
757 3784 1014 3848 ἐντολὰς
1038 3780 1227 3835 αὑτοῦ
1258 3782 1543 3849 φύλαττε,
1584 3782 1679 3836 καὶ
1702 3799 1828 3853 νοη-

234 3876 354 3938 τῶς
388 3875 484 3929 καὶ
522 3873 831 3945 αἰσθητῶς·
870 3875 920 3926 εἰ
954 3873 1061 3942 γὰρ
1101 3870 1308 3941 νοητῶς
1363 3870 1574 3940 βιάσεις
1625 3872 1826 3925 σαυτὸν

233 3967 417 4029 αὐτὰς
469 3968 679 4037 τηρεῖν,
744 3964 992 4031 ὀλιγάκις
1031 3961 1139 4014 τῶν
1178 3960 1451 4031 αἰσθητῶν
1517 3964 1598 4025 εἰς
1656 3962 1827 4025 αὐτὰς

234 4059 463 4110 κύπτων
496 4058 700 4128 δεήσει.
734 4056 874 4127 Φησὶ⁵
913 4055 1021 4125 γὰρ
1048 4056 1076 4107 ὁ
1109 4052 1276 4107 Δαὸίδ
1300 4068 1313 4081 ·
1352 4053 1729 4123 ἸΙὸουλήθην
1758 4055 1826 4109 τὸ

236 4150 474 4219 θέλημὰ
504 4167 619 4204 σου
650 4149 749 4203 καὶ
778 4150 886 4201 τὸν
918 4150 1106 4216 νόμον
1135 4160 1252 4198 σου
1286 4145 1535 4213 ποιῆσαι
1561 4148 1631 4201 ἐν
1658 4148 1827 4217 μέσῳ

154 4248 159 4251 ’
235 4243 356 4313 τῆς
394 4245 629 4307 κοιλίας
662 4259 805 4312 μουι
839 4243 935 4294 Ἂν
993 4239 1067 4311 μὴ
1126 4240 1183 4290 ἐν
1242 4238 1393 4309 μέσῳ
1452 4242 1555 4311 τῆς
1592 4240 1824 4304 κοιλίαῆ

235 4336 525 4390 τουτέστιν
573 4337 629 4389 ὲν
668 4335 807 4405 μέσῃ
854 4335 1052 4405 καρδίᾳ
1089 4338 1116 4389 6
1147 4336 1436 4409 ἄνθρωπος
1471 4336 1531 4388 τὸ
1565 4333 1657 4387 τοῦ
1690 4333 1825 4387 Θεοῦ

236 4430 465 4499 θέλημα
495 4429 590 4480 καὶ
616 4427 706 4480 τὸν
726 4427 894 4497 νόμον
922 4430 1218 4497 ποιήσειεν,
1251 4427 1374 4482 οὔτε
1402 4426 1602 4493 ἔξωθεν
1629 4425 1827 4498 ῥᾳδίως

1930 1958 2060 1997 vero
2090 1957 2155 1995 ae
2193 1940 2365 1996 Deum
2404 1943 2650 1998 timentis
2681 1945 2785 1998 viri
2817 1948 3148 2017 proprietas,
3181 1960 3264 2005 est
3287 1951 3507 2021 simpli-

1930 2033 2065 2087 citas
2095 2042 2153 2089 et
2183 2031 2484 2088 humilitas.
2517 2030 2737 2089 Nullum
2780 2044 2864 2089 est
2896 2038 3044 2092 enim
3089 2040 3236 2094 aliud
3280 2043 3512 2111 quodvis

1930 2125 2273 2179 manifestius
2304 2142 2367 2180 ac
2388 2126 2592 2199 certius
2618 2127 2831 2199 signum
2862 2129 3255 2200 discipulorum
3283 2133 3509 2203 Christi,

1929 2234 2091 2294 quam
2113 2217 2336 2274 humilis
2360 2219 2428 2274 de
2450 2234 2509 2274 se
2536 2221 2896 2285 existimatio,
2917 2233 2973 2277 et
3008 2223 3236 2293 simplex
3264 2225 3504 2282 habitus.

1929 2309 2001 2364 Et
2031 2310 2138 2365 hoc
2196 2311 2493 2366 inclamant
2550 2314 2735 2368 omnia
2779 2326 3017 2384 quatuor
3058 2317 3369 2390 Evangelia.
3405 2320 3507 2386 Qui

1929 2418 2061 2457 vero
2105 2402 2258 2457 in'ea
2287 2403 2641 2473 simplicitate
2670 2406 2837 2461 vitam
2872 2423 2983 2463 non
3007 2410 3138 2480 agit,
3169 2426 3234 2465 eo
3264 2413 3510 2481 privatur

1931 2490 2219 2556 beneficio,
2269 2500 2328 2546 ut
2356 2501 2556 2562 sponte
2587 2509 2645 2549 se
2676 2493 2969 2551 humiliare
3020 2500 3211 2568 possit,
3247 2517 3417 2571 usque
3442 2504 3508 2557 ad

1931 2599 2150 2638 erucem
2186 2594 2242 2639 et
2281 2594 2513 2639 mortem
2562 2587 2969 2655 perferendam.
3025 2589 3339 2656 Quinetiam
3390 2594 3511 2663 ipso

1931 2675 2239 2731 divinorum
2289 2678 2707 2748 Evangeliorum
2745 2680 3055 2749 legislatore
3094 2684 3377 2752 privatur:
3410 2686 3507 2757 qui

1933 2769 2184 2830 sancivit,
2215 2785 2495 2839 nunquam
2539 2786 2651 2825 non
2683 2773 3022 2841 operandqu
3052 2789 3191 2831 esse.

2004 2862 2092 2916 85.
2141 2860 2413 2928 Sitientes,
2459 2863 2659 2932 inquit,
2706 2865 2878 2918 venite
2926 2867 2997 2919 ad
3028 2866 3396 2937 aquam”.At
3419 2872 3510 2940 qui

1933 2953 2097 3007 sititis
2128 2952 2323 3019 Deum,
2353 2955 2598 3009 accedite
2627 2970 2752 3011 eum
2779 2957 3016 3026 puritate
3041 2960 3241 3015 cordis.
3276 2960 3511 3016 Verum-

1934 3054 2118 3099 tamen
2170 3061 2400 3100 neccsse
2451 3056 2535 3102 est
2581 3062 2707 3102 eum
2755 3049 2845 3117 qui
2910 3049 3075 3120 hujus
3109 3051 3365 3121 puritatis
3405 3070 3509 3124 cpe

1932 3139 2079 3193 volat
2102 3139 2155 3193 iu
2188 3139 2380 3211 altum,
2406 3140 2570 3194 etiam
2606 3142 2663 3195 in
2700 3150 2899 3196 terram
2934 3159 3046 3198 suae
3083 3130 3257 3214 ipsius
3291 3147 3505 3218 simpli-

1931 3232 2113 3286 citatis
2163 3232 2365 3287 intueri
2398 3255 2409 3288 :
2439 3233 2565 3302 quia
2604 3247 2769 3288 nemo
2804 3234 3003 3289 humili
3048 3236 3166 3290 viro
3205 3240 3487 3295 sublimior

1934 3326 2003 3381 Ut
2054 3324 2200 3378 enim
2246 3326 2475 3381 absente
2508 3326 2740 3392 lumine,
2783 3328 3083 3398 caliginosa
3125 3337 3183 3384 et
3225 3334 3511 3388 tenebrosa

1929 3424 2056 3469 sunt
2095 3415 2280 3469 omnia
2306 3455 2321 3479 ,
2348 3416 2424 3469 ita
2479 3415 2523 3469 si
2576 3417 2719 3471 desit
2760 3418 3063 3483 humilitas,
3105 3420 3288 3474 omnia
3330 3424 3510 3479 studia

1929 3515 2138 3570 nostra,
2167 3523 2289 3576 qua:
2312 3507 2367 3561 in
2397 3508 2508 3562 Deo
2533 3508 2766 3564 colendo
2790 3510 3183 3580 impendimus,
3209 3528 3344 3568 vana
3380 3528 3510 3571 sunt

1927 3606 1982 3650 ct
2007 3597 2227 3652 frivola.

1999 3688 2433 3744 84.Universum
2466 3692 2738 3747 sermonis
2763 3692 2922 3749 linem
2952 3698 3079 3753 audi
3113 3716 3127 3753 ι
3160 3700 3330 3753 Deum
3361 3701 3506 3765 time,

1926 3788 1974 3831 et
2002 3780 2257 3833 mandata
2290 3781 2407 3850 ejus
2434 3800 2583 3836 serva
2609 3781 2680 3849 ⁸³,
2701 3792 2808 3838 tam
2834 3787 3021 3842 animo
3042 3804 3204 3858 quam
3230 3791 3504 3845 sensibus.

1925 3869 2061 3926 Nam
2117 3872 2208 3926 ubi
2234 3874 2475 3944 coegeris
2523 3874 2709 3930 animo
2740 3876 2973 3946 teipsum
3013 3880 3081 3935 ad
3111 3896 3175 3935 ea
3218 3884 3505 3948 servanda,

1929 3963 2240 4034 impingens
2270 3964 2325 4017 in
2362 3980 2555 4019 sensus
2586 3974 2729 4032 tuos,
2751 3968 3025 4037 indigebis
3056 3970 3329 4026 interdum
3362 3973 3506 4029 illis:

1927 4070 2051 4108 eum
2090 4053 2258 4109 David
2289 4055 2471 4110 dicat:
2505 4055 2655 4110 Volui
2699 4057 3023 4114 voluntatem
3062 4069 3210 4114 tuam
3249 4071 3296 4116 et
3330 4063 3497 4134 legem

1929 4155 2078 4199 timm
2117 4147 2310 4217 facere,
2343 4147 2399 4198 in
2427 4146 2599 4202 medio
2630 4149 2823 4203 ventris
2853 4151 2953 4204 mei
2978 4150 3048 4205 ⁸⁵.
3092 4151 3208 4204 Nisi
3245 4153 3298 4206 in
3325 4155 3509 4208 medio

1928 4239 2155 4298 ventris,
2202 4237 2309 4294 hoc
2343 4248 2445 4303 est,
2493 4239 2547 4293 in
2595 4241 2779 4295 medio
2824 4243 3008 4303 corde,
3058 4244 3396 4300 voluntatem
3444 4263 3510 4300 ae

1930 4330 2105 4399 legem
2145 4330 2241 4385 Dei
2278 4330 2505 4400 impleat
2556 4331 2740 4396 homo,
2778 4349 2878 4389 nec
2927 4335 3172 4389 exterius
3204 4336 3307 4391 hoc
3347 4337 3509 4396 facile

1930 4422 2135 4491 poterit
2171 4420 2405 4477 efficere.
2462 4424 2767 4479 Conveniet
2802 4426 2985 4496 itaque
3036 4427 3204 4481 Deum
3239 4428 3508 4501 intempe-

235 4520 453 4591 πρᾶξαι
494 4517 654 4572 τοῦτο
710 4517 954 4571 δύναται.
1008 4518 1143 4572 Καὶι
1169 4522 1286 4589 ἐρεῖ
1343 4522 1479 4591 πρὸς
1526 4520 1658 4573 Θεὸν
1686 4520 1715 4572 6
1750 4518 1823 4589 μὴ

1937 4528 2060 4567 rans
2095 4521 2150 4566 et
2192 4528 2361 4583 vagus
2397 4513 2582 4579 homo,
2626 4515 2712 4569 his
2756 4517 2960 4580 verbis,
2996 4515 3150 4571 Viam
3184 4528 3333 4573 tuam
3369 4523 3509 4576 scire

234 4613 432 4680 νήφων
457 4610 551 4662 καὶ
584 4608 897 4678 ἀδιάφορος,
934 4608 1016 4675 τὸ,
1051 4610 1204 4673 ὁδούς
1237 4628 1330 4664 σου
1370 4611 1570 4663 εἰδέναι
1597 4611 1657 4663 οὐ
1698 4610 1824 4681 βού-

236 4703 432 4772 λομαι,
480 4702 696 4764 πάντως
744 4700 811 4753 δι’
848 4699 1082 4771 ἔλλειψιν
1132 4700 1282 4766 θείας
1335 4702 1691 4773 ὲλλὰμψεως·
1722 4697 1825 4775 ἧσο

236 4812 391 4857 τινος
442 4796 470 4847 6
526 4793 771 4864 μετέχων
829 4795 928 4849 οὐκ
994 4794 1466 4867 ἀπληροφόρητος,
1528 4795 1664 4848 ἀλλὰ
1730 4795 1827 4849 καὶ

239 4886 483 4957 ἔμπεδος
520 4886 721 4949 ἱκανῶς
757 4887 887 4958 περὶ
918 4886 987 4939 τὰ
1012 4887 1131 4940 θεῖα
1158 4888 1473 4957 γενήσεται.

315 4984 422 5034 πε’.
465 4978 679 5049 Ὥσπερ
715 4977 824 5050 γὰρ
869 4979 928 5031 τὸ
961 4978 1217 5050 αἰσθητὸν
1252 4978 1384 5042 ἃλας
1408 4978 1592 5049 ἡδύνει
1631 4977 1724 5033 τόν
1758 4994 1821 5031 τε

240 5069 411 5137 ἄρτον
438 5070 535 5122 καὶ
583 5070 693 5122 πᾶν
730 5069 884 5139 ὄψον,
919 5071 1014 5123 καὶ
1048 5069 1267 5140 ἄσηπτα
1307 5069 1431 5122 τινὰ
1482 5069 1590 5121 τῶν
1646 5070 1825 5143 κρεῶν

241 5163 343 5213 καὶ
404 5159 649 5231 διαρκῶν
714 5161 995 5229 φυλάττει,
1035 5164 1130 5215 καὶ
1190 5161 1289 5233 τὴν
1348 5161 1584 5226 ὀζωδίαν
1641 5164 1825 5215 πᾶσαν

241 5251 613 5315 διασκεδᾶζει·
635 5251 781 5305 οὕτω
802 5253 897 5305 καὶ
925 5253 1017 5305 ἐπὶ
1047 5253 1145 5322 τῆς
1171 5252 1265 5306 τοῦ
1293 5253 1413 5316 νοὸς
1436 5253 1703 5323 φυλακῆς,
1727 5254 1829 5323 τῆς

244 5342 446 5413 νοητῆς
479 5340 746 5412 ἡδύτητος
774 5342 870 5394 καὶ
903 5340 1225 5411 θαυμαστῆς
1260 5343 1521 5411 ὲργασέας
1551 5343 1680 5395 νόει.
1718 5343 1829 5395 Καὶ

245 5437 358 5507 γὰρ
403 5437 585 5506 ἡδύνει
636 5433 858 5498 ὲνθέως,
890 5434 987 5488 καὶ
1030 5435 1123 5487 τὸν
1179 5434 1355 5498 ἐντὸς,
1395 5436 1490 5488 καὶ
1537 5434 1630 5487 τὸν
1668 5434 1827 5498 ἐκτὸς

243 5526 562 5596 ἄνθρωπον,
595 5525 692 5578 καὶ
725 5524 826 5594 τὴν
857 5523 1087 5588 ὁζωδίαν
1117 5523 1226 5577 τῶν
1257 5523 1518 5595 πονηρῶν
1548 5522 1830 5593 λογισμῶν

246 5615 524 5678 ἐκδιώκει,
558 5615 654 5669 καὶ
694 5613 934 5685 διαρκῶν
985 5616 1045 5667 ὲν
1090 5616 1203 5676 τοῖς
1246 5614 1432 5677 καλοῖς
1465 5617 1613 5685 ἡμᾶς
1644 5616 1834 5683 διαφυ-

245 5708 434 5761 λάττει

320 5827 362 5859 αι
403 5824 593 5881 Matth.
627 5840 747 5892 xxv,
781 5823 870 5878 25.
948 5824 992 5855 θ’
1015 5825 1110 5879 Isa.
1144 5841 1229 5889 ιγ,
1268 5825 1314 5880 l.

1394 5826 1436 5858 “
1470 5826 1636 5881 Ereti.
1665 5843 1756 5893 xu,
1800 5828 1857 5881 l5

1931 4604 2060 4658 nolo
2087 4623 2099 4657 :
2131 4605 2321 4674 utique
2347 4605 2415 4659 ob
2440 4605 2713 4661 defectum
2741 4606 3117 4661 illustrationis
3145 4609 3363 4664 divinm.
3398 4612 3510 4667 Cu-

1926 4693 2017 4764 jus
2062 4695 2281 4763 quidem
2328 4696 2421 4765 qui
2456 4696 2733 4766 particeps
2787 4706 2891 4761 est,
2930 4713 3040 4751 non
3074 4707 3158 4753 est
3211 4700 3455 4757 incertus
3494 4723 3505 4757 :

1931 4787 2027 4841 sed
2073 4787 2315 4857 illigatus
2362 4798 2413 4843 et
2446 4788 2743 4858 impeditus
2772 4791 2967 4846 evadet
3002 4792 3218 4848 abunde
3247 4794 3392 4850 circa
3422 4813 3509 4852 res

1933 4879 2169 4934 divinas.

2007 4970 2095 5025 85.
2148 4969 2434 5037 Quomodo
2454 4972 2532 5026 sal
2569 4973 2716 5029 istud
2755 4977 2958 5031 sensile
2988 4978 3216 5032 condire
3244 4978 3384 5034 solet
3414 4995 3508 5049 pa-

1936 5078 2086 5128 nem,
2124 5072 2179 5117 et
2220 5079 2438 5118 omnem
2488 5079 2695 5130 eseam,
2732 5082 2926 5121 carnes
2965 5069 3096 5123 item
3135 5071 3422 5139 quasdam,
3453 5084 3507 5128 et

1936 5158 2058 5224 qua:
2079 5155 2337 5209 duratura
2375 5164 2524 5219 sunt,
2559 5167 2892 5213 conservata
2916 5161 3224 5229 putredine,
3256 5176 3507 5217 omnem-

1936 5265 2046 5319 que
2081 5249 2283 5303 malum
2334 5249 2484 5320 fugat
2512 5250 2736 5305 odorem
2779 5268 2794 5305 :
2832 5252 2980 5308 hunc
3016 5253 3179 5308 etiam
3204 5254 3259 5308 in
3287 5257 3507 5310 modum

1937 5342 2143 5395 sentire
2183 5341 2352 5396 debes
2414 5342 2484 5397 'de
2537 5345 2954 5399 conservatione
2988 5346 3209 5411 mentis,
3243 5348 3511 5402 suavitate

1936 5435 2131 5497 animi,
2186 5442 2243 5489 et
2303 5433 2626 5489 admiranda
2656 5436 2776 5504 ejus
2807 5436 3065 5492 eilicaeia.
3097 5437 3331 5493 Suavem
3363 5438 3511 5493 enim

1937 5523 2200 5579 divinitus
2231 5523 2410 5578 reddit
2444 5524 2741 5589 hominem,
2762 5534 2869 5580 tam
2901 5527 3200 5592 internum,
3222 5543 3383 5597 quam
3415 5544 3510 5583 ex-

1882 5622 1887 5623 ’
1944 5626 2196 5670 ternum:
2229 5623 2284 5669 et
2312 5630 2603 5684 pravarum
2634 5616 3022 5687 cogitationum
3064 5618 3281 5689 paedore
3326 5619 3512 5689 proﬂi~

1945 5718 2089 5779 gata,
2118 5722 2475 5777 perseverans
2499 5709 2549 5762 in
2588 5709 2749 5763 rebus
2778 5709 3047 5777 honestis,
3071 5727 3172 5767 nos
3202 5723 3510 5770 conservat.

1955 5830 1998 5859 ³³
2024 5828 2165 5882 Psal.
2201 5843 2379 5893 χχχιχ,
2411 5828 2460 5881 9.
