3934 6408
449 367 580 433 1507

447 577 584 631 dies:
629 591 642 627 :
696 587 764 627 ex
826 573 914 626 his
987 585 1154 641 porro
1208 579 1508 640 erumpunt
1554 569 1802 624 exterius
1881 582 2035 624 acto-

448 681 548 720 nes
628 665 909 734 improba).
991 662 1263 716 Caeterum
1352 660 1445 730 qui
1531 661 1724 716 divino
1811 661 2035 732 adjutus

450 756 980 820 auxilio,confestim
1011 754 1246 825 primum
1281 753 1630 818 exstinxerit,
1666 753 1874 822 reliqua
1899 752 2036 808 eﬂ'u-

451 850 600 920 gict:
639 862 974 917 suavemque
1016 861 1201 900 rerum
1237 845 1547 900 divinarum
1575 854 1902 915 assequetur
1933 862 2036 902 cu-

451 942 656 995 mulate
701 939 951 994 notitiam
980 953 1088 1007 qua
1129 937 1297 992 Deum
1343 937 1548 1006 ubique
1595 938 1790 992 adesse
1812 937 2034 994 sentiet.

453 1033 510 1086 ln
540 1049 607 1086 eo
635 1046 767 1086 vero
805 1031 1088 1100 speculum
1115 1029 1316 1084 mentis
1339 1044 1404 1083 ex
1431 1028 1875 1083 reverberatione
1900 1044 2037 1082 con-

455 1127 694 1179 tinenter
731 1125 1052 1188 illustratur,
1095 1138 1204 1176 non
1246 1123 1404 1176 aliter
1427 1137 1589 1191 quam
1637 1122 1840 1175 vitrum
1874 1137 2036 1176 mun-

453 1214 581 1266 dum
613 1227 643 1265 a
680 1213 792 1266 sole
825 1211 1087 1266 sensibili.
1147 1211 1214 1265 Et
1258 1221 1374 1266 tum
1420 1211 1657 1281 quiescit
1702 1211 1920 1266 animus
1968 1213 2038 1267 ab

453 1305 602 1358 omni
649 1305 774 1371 alia,
813 1319 1198 1374 quamcunque
1233 1313 1584 1378 conceperat,
1624 1304 2033 1374 speculatione:

455 1397 605 1450 velut
653 1411 950 1452 occurrens
991 1412 1157 1467 scopo
1187 1397 1432 1453 omnium
1456 1395 1724 1451 bonorum
1755 1398 2033 1453 desidera-

453 1488 690 1544 tissimo.

525 1580 616 1634 87.
657 1578 793 1634 Cum
825 1579 1006 1635 omnis
1045 1581 1302 1653 cogitatio
1331 1597 1396 1638 ex
1433 1581 1821 1655 imaginatione
1853 1597 2036 1637 rerum

454 1672 813 1740 quarumdam
843 1673 1128 1727 sensilium
1166 1675 1375 1729 oriatur
1401 1675 1456 1730 in
1483 1675 1647 1731 corde
1673 1719 1689 1741 ,
1739 1685 1872 1730 tunc
1910 1675 2040 1732 bea-

459 1773 572 1816 tum
630 1762 932 1816 divinitatis
971 1763 1154 1816 lumen
1216 1763 1508 1819 illustrabit
1555 1765 1855 1829 hominem,
1909 1779 2039 1819 cum

1641 365 2009 426 HESYClIlI
2045 364 2521 428 PRESBYTER!

517 481 608 536 86.
665 477 708 533 Ε
752 477 1102 549 suggestione
1151 476 1518 548 cogitationes
1547 475 1802 531 oriuntur
1836 476 2034 531 immo-
2067 487 2106 540 Α

3542 370 3559 430 1
3570 375 3654 435 538

2209 478 2328 543 πςο.
2386 480 2482 532 Ἐκ
2525 476 2845 548 προσϐολῆς
2879 474 3067 528 πολλοὶ
3105 473 3365 545 λογισμοὶ,
3405 479 3463 530 ἐκ
3493 479 3539 532 δὲ
3563 484 3662 536 τού-

2139 589 2246 626 των
2270 573 2304 642 ή
2333 571 2548 642 πονηρὰ
2585 569 2822 640 αἰσθητὴ
2851 567 3053 638 πρᾶξις
3072 582 3085 596 ·
3113 569 3140 620 ὁ
3171 567 3226 619 δὲ
3261 567 3485 636 μετὰτοῦ
3519 573 3664 642 Ἰησοῦ

2138 663 2198 716 τὸ
2233 661 2453 733 πρῶτον
2491 661 2656 724 εὐθὺς
2717 659 3012 722 σύεννύων,
3049 659 3126 730 ,τὰ
3180 659 3303 729 ἑξῆς
3350 660 3567 728 διέφυγε,
3592 669 3668 719 καὶ

2137 754 2346 823 γνῶσιν
2377 754 2527 809 θείαν
2551 754 2812 822 γλυκεῖαν
2844 752 3160 822 πλουτήσει,
3192 751 3257 803 δι’
3279 747 3344 822 ἧς
3386 753 3506 807 Θεὸν
3533 757 3670 827 εὑρήα

2140 861 2224 900 σει
2271 847 2366 900 τὸν
2411 845 2698 917 πανταχοῦ
2741 845 2907 900 δνταο
2932 845 2993 897 ὲν
3024 844 3172 915 αὐτῷ
3224 843 3280 897 δὲ
3317 844 3376 896 τὸ
3407 845 3673 916 κάτοπτρον

2137 935 2233 990 τοῦ
2269 936 2392 1000 νοὸς
2425 936 2750 1007 ὰντερείσας
2786 935 3087 1005 ψωτίξεται
3105 935 3364 1005 διηνεκῶς
3387 936 3501 988 καθ’
3527 939 3673 1007 ὁμοιό.

2138 1045 2280 1098 τητα
2313 1028 2410 1082 τοῦ
2439 1027 2684 1102 καθαροῦ
2737 1029 2922 1096 ὑέλου,
2966 1030 3064 1082 καὶ
3111 1025 3204 1082 τοῦ
3256 1027 3504 1098 αἰσθητοῦ
3530 1031 3677 1099 ἡλίου,

2139 1121 2234 1174 καὶ
2284 1121 2409 1174 τότε
2453 1119 2800 1174 ἀναπαύεται
2831 1120 2860 1172 δ
2899 1119 3049 1184 νοῦς,
3103 1119 3178 1184 ὡς
3234 1119 3295 1172 τὸ
3343 1119 3556 1189 ἔσχατον
3593 1123 3680 1176 τῶν

2139 1211 2386 1283 ὀρεκτῶν
2420 1213 2658 1282 φθάσας,
2697 1214 2806 1268 ἀπὸ
2851 1215 3040 1285 πάσης
3079 1212 3246 1285 ἄλλης
3289 1213 3432 1277 τινος
3475 1215 3528 1266 ἐν
3558 1216 3682 1287 αύτῷ

2139 1307 2400 1378 θεωρίας.

2212 1575 2322 1638 πῖ.
2379 1573 2604 1644 Ἐπειδὴ
2639 1575 2750 1637 πᾶς
2791 1571 3057 1641 λογισμὸς
3077 1571 3166 1624 διὰ
3212 1570 3505 1638 φαντασίας
3529 1572 3684 1640 αἰσθη-

2140 1668 2251 1721 τῶν
2298 1684 2467 1720 τινων
2514 1667 2830 1738 εἰσέρχεται
2874 1667 2933 1718 ἐν
2974 1666 3041 1735 τῇ
3092 1664 3316 1735 καρδίᾳ,
3347 1664 3464 1716 τότε
3495 1664 3686 1734 αὑγάζει

2140 1761 2305 1814 αὐτὸν
2337 1759 2398 1812 τὸ
2433 1760 2709 1830 μακάριον
2757 1757 2874 1828 φῶς
2921 1757 3020 1827 τῆς
3069 1755 3348 1827 θεότητος,
3390 1757 3512 1808 ὅταν
3545 1757 3688 1810 πάντα

457 1851 638 1907 omnia
671 1869 897 1923 prorsus
926 1863 1116 1924 pacata
1147 1855 1466 1920 reddiderit,
1497 1864 1552 1909 et
1582 1855 1900 1925 hujusmodi
1927 1853 2044 1910 for-

2151 1854 2457 1924 εὐκαιρήσῃ
2495 1852 2605 1906 ἀπὸ
2645 1852 2888 1916 πάντων,
2930 1849 3030 1904 καὶ
3075 1848 3482 1919 ἀσχημάτιστος
3509 1850 3565 1902 ὲκ
3592 1850 3688 1902 roti-

456 1959 668 1998 marum
693 1959 887 2014 expers
902 1943 1220 2014 apparuerit
1245 1963 1258 1998 :
1287 1945 1329 1998 si
1356 1960 1546 2000 verum
1569 1956 1670 2008 est,
1693 1945 2040 2016 splendorem

459 2035 606 2089 illum
640 2051 790 2106 pune
830 2035 999 2090 menti
1029 2037 1380 2107 perspicuum
1428 2051 1572 2104 esse,
1611 2037 2038 2108 coneeptionum

457 2128 702 2182 omnium
737 2128 1064 2197 privatio-ne.

529 2217 617 2271 88.
659 2217 876 2282 Quanto
905 2216 1214 2271 accuratius
1243 2217 1626 2272 observaveris
1682 2219 2042 2290 cogitationes

457 2308 628 2363 animi
658 2309 756 2370 tui,
807 2316 958 2362 tanto
987 2309 1193 2378 majore
1222 2323 1345 2362 cum
1375 2309 1650 2363 desiderio
1680 2308 1866 2365 Jesum
1914 2326 2043 2381 pre-

456 2400 688 2456 caberis.
716 2401 1009 2466 Etcontra,
1035 2409 1242 2470 quanto
1263 2400 1631 2472 negligentius
1656 2416 1750 2456 eas
1766 2399 2044 2457 serutatus

455 2494 648 2556 fueris,
699 2503 851 2548 tanto
887 2492 1104 2564 longius
1131 2493 1200 2547 ab
1240 2491 1371 2548 Jesu
1399 2493 1714 2549 recesseris.
1751 2495 1821 2549 Et
1849 2509 2042 2564 quem~

455 2586 752 2640 admodum
802 2585 956 2655 prius
1003 2584 1134 2638 illud
1165 2599 1350 2639 aerem
1382 2586 1586 2641 mentis
1617 2586 1817 2640 mirum
1844 2586 1898 2640 in
1924 2603 2042 2640 mo-

456 2680 586 2733 dum
620 2679 896 2733 illustrat:
931 2678 1026 2743 ita,
1062 2677 1106 2732 si
1142 2678 1267 2747 quis
1295 2679 1659 2748 temperantia
1689 2680 2042 2745 destituatur,

458 2781 514 2827 et
557 2771 714 2826 suavi
747 2771 878 2826 Jesu
908 2770 1278 2838 invocatione,
1311 2772 1557 2827 tenebris
1585 2787 1814 2843 prorsus
1863 2773 2046 2830 obdu-

456 2873 634 2918 eetur.
669 2861 736 2916 Et
789 2877 903 2916 rem
945 2862 1260 2932 huiusmodi
1296 2863 1375 2918 sic
1413 2874 1608 2919 natura
1642 2881 1700 2921 se
1728 2865 1954 2928 habere,
1986 2875 2047 2922 ut

456 2956 721 3021 diximus,
745 2963 801 3009 et
826 2970 936 3008 non
955 2955 1134 3018 aliter,
1163 2955 1502 3025 experientia
1527 2957 1728 3024 disces,
1751 2974 1877 3013 cum
1901 2958 2046 3015 facto

461 3051 582 3118 ipso
618 3049 918 3104 tentaveris
948 3065 961 3102 :
992 3063 1116 3104 cum
1153 3064 1215 3104 ea
1237 3050 1670 3121 virtusjucunda
1701 3052 2046 3108 illuminandi

459 3139 719 3194 facultate
769 3139 1016 3208 praedita,
1061 3153 1172 3192 non
1205 3140 1363 3195 aliter
1408 3141 1618 3212 percipi
1658 3143 1850 3211 soleat,
1881 3159 2044 3214 quam

458 3230 822 3300 experientia.

534 3324 622 3378 89.
667 3324 964 3394 lmplorare
992 3325 1182 3380 Jesum
1217 3325 1454 3382 assiduis
1482 3326 1758 3397 precibus,
1791 3343 1914 3382 cum
1951 3330 2051 3385 de-

461 3415 666 3470 siderio
698 3416 932 3486 quodam
978 3418 1268 3474 suavitatis
1313 3426 1369 3472 et
1414 3419 1620 3476 laetitia:
1651 3421 1835 3490 pleno,
1874 3423 2053 3478 reddit

463 3508 666 3564 mentis
717 3524 902 3564 aerem
933 3509 1154 3580 plenum
1183 3511 1383 3582 gaudio
1430 3521 1486 3566 et
1519 3513 1933 3582 tranquillitate,
1981 3515 2054 3570 ob

462 3617 730 3656 summam
762 3601 844 3656 sui
887 3603 1346 3660 observationem.
1385 3603 1455 3659 Ut
1488 3615 1672 3660 autem
1709 3607 1926 3661 animus
1953 3623 2056 3678 pe-

463 3695 609 3748 nitus
665 3696 980 3762 mundetur,
1030 3711 1195 3751 causa
1245 3704 1330 3751 est
1361 3697 1523 3752 Jesus
1582 3697 1838 3753 Christus
1883 3699 2054 3756 Filius

465 3784 557 3837 Dei
607 3792 658 3839 et
689 3785 854 3850 Deus,
877 3786 1125 3840 omnium
1168 3786 1436 3840 bonorum
1463 3798 1658 3842 auctor
1705 3798 1760 3843 et
1798 3789 2050 3845 etfector.

466 3875 574 3949 {-Jgo
602 3876 774 3944 enim,
803 3876 1004 3947 inquit,
1027 3876 1168 3932 Deus
1191 3878 1390 3947 faciens
1417 3894 1603 3947 pacem
1626 3877 1696 3933 ⁸⁵.
2000 3873 2008 3878 ’

529 4088 618 4144 90.
664 4088 877 4154 Anima,
925 4103 1048 4159 qum
1093 4087 1378 4145 beneﬁciis
1412 4098 1468 4144 et
1511 4089 1806 4148 dulcedine
1855 4094 2054 4150 aﬂ'ecta

461 4191 546 4235 est
581 4181 652 4234 ab
689 4180 841 4245 Jesu,
862 4197 988 4236 cum
1013 4182 1380 4236 exsultatione
1406 4183 1646 4251 quadam
1677 4195 1732 4239 et
1762 4185 2051 4254 charitate,

465 4288 559 4341 per
594 4272 1023 4338 confessionem,
1053 4289 1180 4328 eum
1231 4274 1326 4343 qui
1358 4275 1622 4331 beneﬁcia
1680 4278 1935 4346 contulit,
1964 4294 2056 4335 re-

461 4374 750 4420 munerat:
779 4375 887 4419 tam
911 4367 1112 4436 gratias
1134 4368 1365 4439 agendo,
1398 4386 1560 4440 quam
1594 4371 1902 4428 invocanda
1929 4390 2055 4429 cum

466 4458 742 4526 voluptate
780 4458 946 4512 animi
977 4459 1308 4529 placatorem
1335 4479 1493 4518 suum
1532 4478 1546 4514 :
1572 4464 1657 4518 vel
1689 4479 1754 4518 eo
1787 4474 2053 4535 tempore,

2149 1963 2260 2000 των
2292 1947 2544 2017 γένηται,
2576 1945 2738 2016 εἴπερ
2765 1946 2798 2016 ή
2837 1943 3164 2015 λαμπρότης
3214 1941 3397 2010 ἐκείνη
3433 1943 3564 1994 κατά
3591 1943 3688 1994 στέ-

2153 2053 2316 2107 ρησιν
2347 2037 2458 2089 τῶν
2487 2037 2708 2090 πάντων
2749 2034 3048 2106 νοημάτων
3081 2031 3490 2102 παραφαίνεται
3530 2031 3596 2102 τῷ
3622 2050 3690 2085 κα-

2151 2125 2220 2180 θα
2229 2126 2304 2198 ρῷ
2339 2128 2440 2182 νοΐ.

2223 2226 2337 2290 σπη’.
2380 2220 2547 2273 Ὅσον
2600 2219 2700 2289 τὴν
2740 2219 2982 2273 διάνοιαν
3038 2219 3228 2290 ἄκρως
3256 2217 3555 2288 προσέχεις,
3583 2219 3693 2271 κατὰ

2151 2311 2410 2365 τοσοῦτον
2443 2313 2582 2382 μετὰ
2612 2311 2786 2364 πόθου
2818 2311 2895 2382 τῷ
2931 2310 3108 2382 Ἰησοῦ
3149 2308 3449 2381 προσεύξῃ.
3476 2311 3574 2362 Καὶ
3599 2310 3694 2362 ὅσον

2154 2402 2318 2456 πάλιν
2351 2403 2449 2472 τὴν
2484 2401 2726 2456 διάνοιαν
2764 2401 2985 2472 ἀμελῶς
3019 2401 3324 2473 ἐπισκέψῃ,
3371 2400 3505 2454 κατὰ
3547 2400 3693 2453 τοσοῦ.

2153 2513 2246 2550 τον
2273 2497 2368 2550 καὶ
2397 2495 2492 2548 τοῦ
2535 2495 2714 2566 Ἰησοῦ
2737 2495 3103 2566 μακρυνθὴσῃ
3128 2511 3140 2523 ·
3179 2496 3276 2549 καὶ
3305 2494 3488 2565 ὥσπερ
3512 2493 3566 2546 τὸ
3593 2496 3694 2563 πρό-

2153 2607 2315 2661 τερον
2348 2588 2539 2659 ἄκρως
2584 2587 2679 2640 τὸν
2709 2589 2852 2658 ἀέρα
2895 2588 2996 2657 τῆς
3045 2587 3295 2650 διανοίας
3330 2586 3559 2656 φωτίζει,
3586 2586 3693 2639 οὕτω

2154 2681 2249 2734 καὶ
2287 2679 2347 2733 τὸ
2393 2678 2704 2733 ὲκίενῶσαι
2745 2678 2853 2732 ἀπὸ
2886 2677 2987 2750 τῆς
3026 2678 3270 2750 νήψεως,
3319 2678 3414 2731 καὶ
3459 2678 3549 2748 τῆς
3592 2678 3695 2745 γλυ-

2153 2774 2309 2837 κείας
2353 2773 2706 2844 ἐπικλήσεως
2741 2771 2944 2842 Ἰησοῦ,
2992 2771 3278 2837 σκοτίςειν
3317 2770 3476 2826 αὑτὸν
3517 2773 3572 2824 ἑκ
3595 2788 3695 2825 παν·

2152 2867 2245 2931 τὸς
2278 2866 2549 2936 πέφυκεν,
2584 2864 2664 2929 ὡς
2707 2860 2849 2919 εῖναι
2897 2864 3061 2935 φύσει
3107 2866 3171 2919 τὸ
3227 2866 3459 2936 πρᾶγμα
3501 2865 3694 2918 τοιοῦτον

2153 2959 2231 3023 ὡς
2278 2960 2532 3029 εἴπομεν,
2579 2959 2676 3012 καὶ
2714 2957 2891 3022 ἄλλως
2922 2957 3024 3011 οὐκ
3055 2957 3198 3011 ἔστι.
3245 2956 3358 3011 Καὶ
3388 2955 3538 3009 τοῦτο
3565 2957 3694 3027 πείρᾳ

2154 3049 2325 3121 λήψῃ,
2363 3049 2514 3120 ἔργῳ
2561 3049 2890 3120 δικιμάσας,
2929 3048 3056 3103 ἐπεὶ
3103 3049 3180 3120 μὴ
3232 3049 3472 3118 πέφυκεν
3501 3049 3692 3119 aperti}

2154 3144 2384 3214 τοιαύτη
2415 3143 2728 3213 φωτοτόκος
2756 3143 2970 3216 τερπνὴ
2999 3141 3266 3214 ἐργασία,
3296 3141 3346 3194 εί
3372 3141 3444 3212 μή
3479 3143 3540 3212 τῇ
3567 3139 3694 3210 πείρᾳ

2075 3211 2121 3273 C
2151 3211 2530 3293 διδάσκεσθαι.

2163 3358 2166 3360 ν
2227 3332 2337 3388 πθ’.
2379 3331 2454 3384 Τὸ
2491 3330 2593 3402 μὲν
2630 3329 2770 3400 μετὰ
2819 3328 2993 3382 πόθου
3034 3328 3184 3392 τινος
3228 3328 3428 3400 μεστοῦ
3474 3326 3695 3396 ﬂuxi-1:;-

2116 3447 2120 3452 ·
2153 3439 2246 3488 τος
2275 3425 2372 3480 καὶ
2405 3424 2582 3495 χαρᾶς
2603 3419 2992 3475 ἐπικαλεῖσθαι
3025 3421 3275 3492 συνεχῶς
3316 3419 3538 3492 Ἰησοῦν,
3564 3417 3696 3470 αἴτιον

2153 3517 2249 3572 τοῦ
2275 3519 2454 3589 χαρᾶς
2489 3515 2731 3587 ἔμπλεον
2765 3515 2859 3568 καὶ
2888 3513 3138 3585 γαλήνης
3182 3509 3328 3566 εἶναι
3365 3510 3456 3565 τὸν
3481 3510 3600 3581 ἀέρι
3621 3509 3694 3578 τῆς

2154 3611 2406 3683 καρδίας,
2459 3611 2524 3663 ὲκ
2573 3608 2676 3678 τῆς
2712 3607 2892 3678 ἄκρας
2937 3607 3243 3678 προσοχῆς.
3304 3604 3412 3659 Τοῦ
3451 3605 3506 3657 δὲ
3550 3604 3694 3670 ἄκρως

2155 3700 2529 3773 καθαίρεσθαι
2559 3699 2660 3772 τὴν
2693 3699 2946 3771 καρδίαν,
2979 3699 3154 3762 αἴτιος
3194 3696 3411 3768 Ἰησοῦς
3451 3693 3694 3767 Χριστδςῦ

2156 3793 2288 3857 Υἱὸς
2317 3790 2418 3846 τοῦ
2452 3789 2590 3844 Θεοῦ
2632 3791 2730 3844 καὶ
2760 3788 2917 3856 Θεὸς,
2949 3791 2978 3841 ὁ
3011 3788 3240 3841 πάντων
3275 3786 3388 3839 τῶν
3431 3783 3594 3839 καλῶν
3634 3784 3696 3836 αῖ-

2156 3903 2270 3949 τιος
2300 3885 2396 3940 καὶ
2425 3883 2683 3956 ποιητής.
2722 3879 2867 3953 Ἐγὼ
2895 3882 3006 3954 γὰρ
3027 3922 3040 3947 ,
3074 3878 3236 3953 φησὶ,
3281 3879 3428 3947 Θεὸς
3452 3876 3617 3932 ποιῶν
3636 3877 3695 3928 ei-

2148 3977 2229 4048 ρή
2236 3995 2372 4046 νην.

2227 4097 2300 4160 ια.
2343 4090 2804 4164 Εὐεργετουμένη
2857 4087 3039 4160 ψυχὴ,
3083 4087 3180 4142 καὶ
3209 4085 3599 4156 γλυκαινομένη
3621 4081 3697 4136 ὖπὺ

2169 4183 2377 4255 Ἰησοῦ,
2413 4183 2553 4256 μετὰ
2575 4180 2956 4252 ἀγαλλιάσεως
2982 4197 3128 4244 τινος
3163 4181 3266 4234 καὶ
3291 4181 3509 4251 ἀγάπης
3535 4178 3610 4230 διὰ
3627 4175 3698 4245 τῆς

2158 4275 2607 4347 ὲξομολογήσεως
2659 4275 2756 4328 τὸν
2801 4273 3106 4344 εὐεργέτην
3153 4272 3476 4343 ἀμείϐεται,
3519 4270 3698 4339 εὐχαριο

2161 4369 2364 4422 στοῦσα
2394 4367 2492 4421 καὶ
2527 4365 2946 4436 ἐπικαλουμένη
2991 4363 3132 4435 μετὰ
3181 4351 3502 4435 θυμηδείας,
3539 4363 3614 4414 τὸν
3643 4360 3700 4412 ti-

2163 4458 2563 4531 ρηνοποιοῦντα
2592 4457 2787 4528 αὐτὴν,
2829 4456 2927 4511 καὶ
2960 4455 3128 4526 μέσον
3160 4454 3336 4525 αὐτῆς
3367 4453 3563 4525 νοητῶς
3591 4449 3696 4522 ὁρώ-

463 4567 572 4619 quo
604 4552 752 4606 videt
780 4567 905 4606 eum
953 4553 1007 4607 in
1042 4554 1222 4610 medio
1247 4555 1661 4624 dissolventem,
1696 4559 2045 4614 intellectuali

2162 4569 2260 4624 σης
2291 4551 2455 4606 αὑτὸν
2482 4551 2684 4605 λύοντα
2715 4549 2814 4614 τὰς
2855 4547 3167 4620 φαντασίας
3197 4547 3310 4602 τῶν
3337 4551 3436 4620 τῆς
3479 4545 3702 4616 πονηρίας

465 4643 698 4711 ratione,
729 4645 1008 4702 illusiones
1042 4646 1335 4718 spirituum
1365 4649 1647 4720 nequitize.

535 4761 624 4815 9L
670 4759 737 4813 Et
767 4761 1018 4830 despexit,
1055 4761 1231 4832 inquit
1273 4763 1467 4830 David,
1501 4764 1683 4818 oculus
1713 4781 1858 4820 meus
1889 4766 2052 4821 intel-

463 4853 715 4909 icctualis
753 4855 994 4909 inimicos
1025 4873 1164 4910 meos
1195 4857 1474 4926 spiritales
1509 4873 1524 4911 :
1570 4867 1617 4910 et
1661 4858 2051 4928 insurgentibus

460 4946 520 4998 in
551 4960 634 4998 me
663 4945 843 4997 audiet
883 4947 1028 4998 auris
1056 4961 1173 4998 mea
1200 4945 1270 4999 ⁸⁸.
1305 4944 1370 4999 Et
1397 4945 1820 5000 retributionem
1853 4961 2052 5015 pecca-

465 5044 643 5090 torum
675 5036 730 5089 in
765 5051 854 5091 me
883 5051 912 5090 a
943 5035 1056 5091 Deo
1093 5035 1208 5090 ﬁeri
1248 5037 1524 5091 videbam.

534 5150 624 5205 92.
667 5149 725 5204 Si
753 5151 917 5205 nulla:
955 5149 1164 5206 fuerint
1189 5149 1246 5204 in
1301 5160 1486 5206 mente
1521 5150 1827 5217 illusiones,
1857 5151 1912 5205 in
1949 5167 2051 5207 suo

464 5241 702 5296 naturali
731 5250 877 5297 statu
917 5251 1205 5312 permanet
1235 5243 1472 5306 animus,
1524 5255 1750 5313 paratus
1785 5243 2053 5299 inclinare

466 5332 522 5388 in
559 5350 778 5389 onmem
810 5335 1212 5401 delectabilem,
1243 5335 1568 5405 spiritalem,
1609 5344 1663 5390 et
1696 5335 1810 5390 Deo
1841 5345 2050 5407 gratam

467 5425 1004 5493 contemplationem.

538 5537 629 5590 93.
672 5534 783 5591 llac
830 5553 960 5609 ergo
1015 5539 1252 5601 ratione,
1314 5549 1374 5595 ut
1409 5538 1543 5603 dixi,
1592 5536 1954 5606 temperantia
1999 5548 2059 5593 et

469 5626 782 5696 deprecatio
807 5627 937 5684 Jesu
968 5646 1093 5686 sese
1125 5640 1319 5686 natura
1363 5637 1556 5685 mutuo
1587 5629 1832 5684 stabilire
1858 5628 2059 5683 solent.

556 5804 603 5836 ³⁵
635 5801 742 5856 lsa.
769 5821 890 5872 xu',
925 5807 979 5861 ’1.
1076 5808 1123 5840 ⁸⁸
1149 5805 1292 5862 I’sal.
1323 5824 1432 5863 XCI.

2159 4645 2514 4715 πνευμάτων.

2229 4759 2341 4824 ιια’.
2384 4756 2494 4810 Καὶ
2522 4754 2743 4818 ἐπεῖδε,
2773 4754 2940 4824 φησίν
2973 4754 3002 4808 ὁ
3033 4752 3200 4806 Δαόὶδ
3220 4753 3248 4805 ὁ
3277 4751 3493 4823 νοητὸς,
3525 4749 3702 4819 ὀρθαῖ-

2155 4847 2271 4916 μός
2294 4863 2415 4915 μου
2445 4846 2515 4899 ἐν
2550 4843 2677 4910 τοῖς
2703 4843 2942 4913 ἐχθροῖς
2969 4860 3111 4912 μου.
3147 4841 3257 4898 Καὶ
3296 4842 3371 4895 ἐν
3417 4840 3536 4906 τοῖς
3561 4840 3704 4892 errar-

2161 4937 2528 5008 ιστιιμένοις,
2561 4937 2889 4991 ἀκούσεται
2918 4935 2986 4988 τὸ
3003 4928 3113 5000 οὖς
3137 4952 3278 5003 μου.
3314 4933 3426 4987 Καὶ
3454 4929 3704 4985 ἀνταπόδο-

2164 5049 2249 5084 σιν
2279 5028 2628 5101 ἁμαρτωλῶν
2659 5025 2800 5081 εἶδον
2827 5027 2978 5098 παρὰ
3005 5024 3142 5078 Θεοῦ
3174 5027 3232 5079 ὲν
3261 5025 3391 5096 ἐμοὶ
3423 5020 3703 5092 γενομένην.

2233 5143 2339 5214 1.,βῆ
2381 5141 2701 5196 Φαντασιῶν
2731 5142 2789 5194 δὲ
2820 5141 2898 5212 μὴ
2925 5138 3104 5193 οὐσῶν
3129 5155 3294 5192 τινων
3326 5140 3384 5190 ὲν
3409 5135 3617 5206 καρδίᾳ,
3645 5132 3706 5192 εἰς

2160 5239 2220 5290 τδ
2250 5236 2391 5290 κατὰ
2424 5235 2590 5304 φύσιν
2620 5237 2648 5288 ὁ
2692 5233 2818 5298 νοῦς
2851 5233 3096 5297 ἵσταται,
3123 5232 3342 5300 ἕτοιμος
3374 5229 3450 5280 ὢν
3477 5223 3706 5281 κινεῖσθαι

2159 5332 2242 5391 εἰς
2289 5331 2474 5383 πᾶσαν
2514 5325 2754 5398 θεωρίαν
2799 5325 3042 5396 τερπνὴν
3077 5321 3456 5394 πνευματικὴν
3494 5319 3584 5372 καὶ
3613 5314 3706 5367 θεο-

2160 5422 2311 5491 φιλῆ.

2237 5535 2346 5604 ια’.
2389 5535 2580 5598 Οὕτως
2610 5532 2725 5600 οὖν,
2758 5534 2834 5596 ὡς
2863 5528 3040 5598 εἷπον,
3075 5529 3390 5599 πεφύκασιν
3414 5516 3708 5585 εἶναιάλλή·

2168 5627 2276 5680 λων
2314 5627 2640 5691 συστατικὰ,
2673 5628 2709 5697 ἥ
2741 5644 2800 5680 τε
2825 5625 3006 5697 νῆψις,
3037 5623 3136 5678 καὶ
3174 5618 3350 5692 Ἰησοῦ
3374 5615 3538 5688 εὐχή·
3566 5613 3596 5684 ή
3626 5605 3706 5678 μὲν
