3934 6448
275 423 412 486 1509

983 419 1081 478 DE
1119 415 1666 477 TEMPERANTIA
1708 416 1802 475 ET
1844 411 2207 477 V'lR'l‘UTE.
2240 440 2305 447 -υ
2330 411 2724 472 CENTURIA
2748 413 2799 474 Ι.

3398 416 3539 483 151θ

272 531 405 599 γὰρ,
442 527 588 599 ἄκρα
630 526 879 597 προσοχὴ
909 526 1006 595 τῆς
1050 522 1310 593 συνεχοῦς
1336 520 1505 590 εὐχῆς
1526 536 1540 549 ⁸
1578 522 1612 589 ὴ
1641 521 1695 573 δὲ
1725 518 1860 590 εὐχὴ

1991 521 2182 571 Lumma
2207 517 2353 572 enim
2376 517 2703 581 observatio,
2736 516 3055 573 continuam
3087 533 3370 589 promovet
3410 538 3537 591 pres

274 619 442 675 πάλιν
472 617 694 671 ἐννοιῶν
726 617 825 686 τῆς
858 619 1034 687 ἄκρας
1064 616 1279 686 νὴψεως
1307 613 1401 666 καὶ
1433 610 1730 682 προσοχῆς.

347 799 449 866 ιδ’.
492 797 745 870 Χρηστὸς
796 793 1151 864 παιδαγωγὸς
1197 792 1293 846 καὶ
1342 790 1437 844 τοῦ
1482 788 1737 858 σώματος
1765 788 1860 840 καὶ

270 889 376 959 τῆς
408 889 610 960 ψυχῆς,
639 890 672 957 ή
717 885 1091 957 ἀνεπίληπτος
1119 884 1310 954 μνήμη
1340 880 1437 934 τοῦ
1469 880 1724 944 θανάτου,
1764 880 1861 932 καὶ

272 983 337 1035 τὸ
360 1022 376 1045 ,
409 982 480 1034 τὰ
510 982 569 1033 ἐν
598 979 751 1051 μέσῳ
796 977 1017 1039 πάντως
1061 974 1498 1045 παραδραμόντα
1540 970 1701 1024 αὐτὸν
1722 1012 1735 1035 ,
1775 970 1865 1023 ἀεὶ

273 1072 612 1145 ’προσλέπειν
652 1073 752 1140 τὴν
794 1068 1009 1139 κλίνην,
1057 1067 1186 1120 ἔνθα
1226 1062 1708 1136 ψυχορραγοῦντες
1736 1062 1865 1132 μέλ-

274 1164 442 1235 λομεν
475 1161 857 1226 κατακεῖσθαι,
894 1162 988 1214 καὶ
1015 1159 1083 1212 τὰ
1109 1158 1292 1211 λοιπά.

350 1260 454 1322 κε’.
498 1254 613 1306 Οὐκ
654 1252 827 1314 ἔστιν,
862 1249 1112 1320 ἀδελφοὶ,
1148 1248 1315 1302 ῦπνον
1344 1248 1583 1319 ἄρασθαι
1614 1245 1704 1298 τὸν
1746 1244 1869 1314 βουσ

273 1347 506 1418 λόμενυν
550 1345 798 1413 ἄτρωτον
847 1343 1030 1414 μένειν
1075 1341 1164 1394 διὰ
1196 1341 1399 1404 παντός
1423 1357 1436 1368 ·
1466 1340 1685 1408 ἀνάγκη
1719 1337 1868 1390 δυοῖν

271 1439 533 1509 θάτερον,
570 1437 604 1506 ἦ
646 1438 839 1490 πεσεῖν
882 1435 978 1489 καὶ
1004 1432 1307 1487 ἀπολέσθαι
1357 1429 1719 1501 γυμνωθέντα
1760 1428 1869 1482 τῶν

272 1528 518 1598 ἀρετῶν,
566 1528 597 1598 ἢ
627 1527 717 1580 διά
747 1526 948 1589 παντὸς
977 1523 1055 1596 τῷ
1088 1523 1169 1579 νοῒ
1205 1521 1674 1592 καθωπλισμένον
1704 1521 1868 1574 έστά-

273 1639 374 1675 ναι
395 1636 409 1650 ο
435 1621 527 1672 καὶ
557 1619 667 1688 γὰρ
700 1622 727 1671 ὁ
759 1618 956 1690 ὲχθρδς
988 1618 1075 1671 ἀεὶ
1116 1617 1337 1670 ἵσταται
1375 1615 1513 1686 μετά
1545 1613 1644 1685 τῆς
1676 1613 1869 1667 ἑαυτοῦ

274 1710 669 1784 παρατάξεως.

353 1808 469 1871 ι,ς’.
512 1800 727 1855 Γίνεταί
759 1818 844 1865 τις
879 1800 1220 1865 κατάστασις
1249 1799 1373 1853 θεία
1403 1801 1461 1852 έν
1489 1797 1568 1868 τῷ
1596 1798 1671 1870 νῷ
1712 1798 1872 1869 ἡμῶν

276 1895 351 1946 ὲκ
389 1892 487 1964 τῆς
519 1890 778 1962 συνεχοῦς
813 1891 1038 1962 μνήμης
1065 1888 1159 1942 τοῦ
1187 1889 1400 1958 Κυρίου
1425 1886 1582 1957 ἡμῶν
1626 1888 1719 1939 καὶ
1748 1887 1868 1937 ἐπι-

277 1983 535 2053 κλήσεως
560 1983 727 2038 αῦτοῦ
753 1980 1033 2053 συνεχοῦς,
1060 1981 1155 2034 ἐὰν
1183 1979 1259 2051 μὴ
1288 1977 1587 2049 ἀμελῶμεν
1608 1978 1706 2046 τῆς
1733 1976 1869 2047 πρὸς

277 2077 525 2149 Χριστὸν
557 2076 759 2146 συχνῆς
789 2075 933 2129 κατὰ
975 2073 1100 2127 νοῦν
1142 2072 1377 2143 δεήσεως
1407 2072 1505 2125 xal.
1530 2071 1630 2141 τῆς
1659 2071 1873 2140 πυκνῆς

278 2171 524 2238 νήψεως,
558 2170 648 2222 καὶ
673 2165 769 2219 τοῦ
797 2164 1152 2219 ὲπιστατικοῦ
1179 2165 1344 2233 ἔργου
1369 2180 1383 2194 ο
1411 2163 1546 2216 ἀλλά
1576 2163 1668 2216 καὶ
1705 2161 1873 2226 ὅντως

279 2263 453 2332 ἔργον
486 2259 620 2313 αὐτὸ
660 2259 770 2325 ἀεὶ,
833 2259 931 2313 καὶ
977 2257 1242 2320 ὡσαύτως
1290 2254 1871 2327 ἐπιτελούμενονέχω-

287 2370 396 2424 μεν
424 2352 521 2422 τῆς
562 2350 737 2421 Ἰησοῦ
791 2350 1032 2421 Χριστοῦ
1063 2348 1159 2404 τοῦ
1193 2348 1403 2420 Κυρίου
1448 2348 1608 2418 ἡμῶν
1642 2347 1874 2417 ἐπικλή-

284 2460 456 2510 σεως,
481 2442 618 2495 ἀλλὰ
652 2441 793 2512 μετὰ
817 2441 1116 2513 πυρώσεως
1141 2441 1369 2512 καρδίας
1393 2439 1714 2503 ἐκϐοῶντες,
1733 2437 1874 2491 ὥστε

287 2533 625 2605 μεταλαϐεῖν
664 2534 728 2586 τὸ
772 2531 929 2601 ἅγιον
972 2532 1145 2603 ὄνομα
1192 2531 1370 2601 Ἰησοῦ
1404 2547 1420 2563 ο
1464 2531 1723 2601 συνέχεια
1766 2529 1875 2600 γὰρ

287 2627 394 2678 καὶ
437 2625 531 2678 ἐπὶ
560 2623 765 2695 ἀρετῆς
796 2623 893 2677 καὶ
921 2625 1014 2675 ἐπὶ
1044 2621 1247 2685 κακίας
1290 2623 1475 2692 μήτηρ
1500 2618 1667 2683 ἕξεως
1690 2635 1701 2647 ’
1740 2620 1773 2687 ἡ
1796 2618 1876 2683 δὲ,

284 2714 369 2779 ὡς
406 2714 566 2784 φύσις
596 2713 785 2767 λοιπὸν
815 2714 1028 2785 κρατεῖ.
1065 2713 1177 2766 Καὶ
1199 2714 1257 2765 ὲν
1296 2710 1632 2764 καταστάσει
1652 2709 1879 2779 τοιαύτῃ

285 2813 322 2863 ὁ
371 2807 497 2871 νοῦς
540 2809 855 2877 γενόμενος,
905 2804 1060 2876 ζητεῖ
1113 2805 1240 2867 τοὺς
1307 2801 1621 2872 πολεμίους,
1689 2800 1879 2872 ῶσπερ

290 2903 447 2957 κύων
469 2898 785 2962 Λακωνικὸς
820 2897 1034 2967 λαγωὸν
1082 2899 1141 2951 ἐν
1173 2897 1428 2968 λόχμαις.
1465 2893 1622 2949 Οῦτω
1646 2894 1754 2964 γὰρ
1786 2895 1883 2946 καὶ

287 2996 323 3046 ὁ
352 2990 479 3055 νοῦς
508 2987 759 3061 πονηρῶν
792 2987 1073 3058 λογισμῶν
1097 2985 1359 3058 ὲξερευνᾷ
1378 3002 1391 3016 ·
1425 2984 1541 3039 ἀλλ’
1568 2984 1597 3036 ὁ
1636 2983 1757 3053 μὲν,
1793 2984 1880 3036 ἵνα

288 3082 625 3154 καταφάγῃ’
656 3083 684 3135 ὁ
712 3081 787 3147 δὲ,
825 3079 913 3133 ἵνα
951 3080 1312 3152 καταφθεὶρῃ.

368 3260 475 3329 ιιζν.
520 3261 649 3314 Ὅτε
697 3253 790 3314 οῦν
837 3260 935 3315 καὶ
979 3260 1174 3323 ὁσάκις
1229 3258 1624 3329 ὲπισυμϐαίνει
1674 3258 1879 3328 πληθύ-

292 3353 486 3409 νεσθαι
529 3354 589 3406 ἐν
634 3353 768 3423 ἡμῖν
807 3350 936 3414 τοὺς
982 3351 1256 3422 πονηροὺς
1304 3349 1625 3421 λογισμοὺς,
1658 3350 1759 3421 τὴν
1787 3347 1881 3403 τοῦ

296 3444 510 3517 Κυρίου
544 3442 702 3513 ἡμῶν
744 3440 919 3514 Ἰησοῦ
947 3439 1189 3513 Χριστοῦ
1242 3440 1534 3511 ἐπίκλησιν
1590 3439 1760 3510 μέσον
1786 3440 1885 3493 αὺ-

293 3535 412 3589 τῶν
458 3533 822 3606 ἐμϐάλωμεν
863 3533 958 3586 καὶ
1003 3530 1394 3601 διαλυομένους
1433 3530 1636 3595 αὐτοὺς
1676 3531 1884 3593 εὐθέως

293 3625 425 3678 τότε
474 3622 606 3678 ὡσεὶ
655 3621 868 3678 καπνὸν
928 3623 988 3677 ὲν
1037 3621 1164 3692 ἀέρι
1213 3620 1481 3692 ὀψόμεθα,
1528 3619 1604 3684 ὡς
1637 3624 1671 3691 ἡ
1717 3623 1885 3691 πεῖρα

296 3715 538 3782 ἐδίδαξε·
572 3717 668 3770 καὶ
715 3716 813 3770 τοῦ
860 3715 984 3778 νοὸς
1016 3715 1208 3785 “μόνου
1259 3711 1717 3783 καταλειφθέντος
1761 3713 1883 3766 τότε

295 3806 603 3880 ἀρχώμεθα
646 3807 815 3864 πάλιν
838 3807 939 3877 τῆς
987 3803 1249 3876 συνεχοῦς
1293 3804 1573 3874 προσοχῆς
1619 3803 1713 3856 καὶ
1764 3805 1887 3857 ἐπι-

297 3900 575 3970 κλήσεως.
619 3898 733 3953 Καὶ
776 3898 973 3960 ὁσάκις
1003 3896 1111 3949 ὑπὸ
1137 3895 1336 3967 πείρας
1360 3895 1507 3958 τινὸς
1533 3893 1693 3948 τοῦτο
1721 3892 1886 3947 πάλιν

296 3990 590 4063 πάθωμεν,
620 3988 793 4055 οὕτως
815 3988 1083 4061 ποιῶμεν.
1776 3972 1793 3985 ’

375 4175 488 4240 ιιη’.
505 4170 592 4236 Ὠς
615 4169 724 4243 γὰρ
745 4170 806 4224 οὐ
840 4167 1069 4222 δυνατὸν
1104 4171 1313 4240 γυμνὸν
1332 4169 1415 4231 είς
1437 4167 1677 4239 πόλεμον
1708 4165 1888 4220 εἰσελ-

298 4263 471 4316 θόντα
503 4260 742 4334 σώματι,
794 4261 828 4334 ἢ
868 4258 1102 4314 πλεῦσαι
1133 4260 1276 4330 μέγα
1312 4258 1547 4326 πέλαγος
1584 4259 1702 4328 μετ’
1733 4257 1888 4311 ἐνδυ-

301 4354 578 4426 μάτων,ἢ
614 4353 714 4427 ζῇν
764 4354 894 4409 ἄνευ
932 4351 1027 4407 τοῦ
1063 4352 1349 4418 ἀναπνεῖν,
1395 4350 1572 4416 οὕτως
1619 4351 1887 4405 ἀδύνατον

297 4446 479 4516 χωρὶς
544 4443 929 4510 ταπεινώσεως
978 4445 1075 4498 καὶ
1148 4444 1406 4515 συνεχοῦς
1462 4443 1600 4515 πρὸς
1650 4444 1889 4515 Χριστὸν

1962 607 2268 661 cationem:
2295 606 2535 676 precatio
2579 620 2798 660 rursum
2825 608 3171 676 procuratrix
3199 614 3283 661 est
3311 623 3541 663 summa:

1965 696 2340 766 temperantiae
2365 705 2419 750 et
2445 695 2845 751 observationis
2866 696 3276 766 cogitationum.

2034 786 2122 841 94.
2163 785 2417 857 Optimus
2465 790 2713 859 corporis
2756 796 2811 843 et
2855 790 3051 843 animte
3082 790 3405 860 paedagogus
3435 805 3539 852 est,

1965 879 2272 936 indelebilis
2306 881 2569 937 memoria
2592 882 2786 936 mortis
2811 898 2824 935 :
2850 890 2924 949 et,
2963 882 3032 936 iis
3058 898 3178 952 quae
3197 892 3325 936 ante
3354 882 3544 938 oculos

1963 971 2179 1041 iacent,
2225 972 2451 1027 omnino
2500 973 2907 1043 praetermissis,
2959 974 3310 1029 continenter
3366 973 3544 1028 cubile

1966 1065 2289 1133 praevidere,
2321 1065 2375 1119 in
2427 1080 2535 1136 quo
2562 1066 2792 1136 posthac
2848 1081 2973 1119 cum
3011 1065 3294 1135 refrigerio
3322 1065 3544 1135 requie-

1969 1169 2123 1209 scere
2155 1155 2446 1224 possimus.
3468 1210 3485 1219 κ

2038 1246 2127 1301 95.
2169 1246 2287 1300 Non
2334 1246 2516 1312 debet,
2569 1246 2788 1315 fratres,
2822 1249 3076 1320 amplecti
3129 1264 3406 1314 somnum,
3448 1248 3541 1319 qui

1970 1350 2236 1408 perpetuo
2265 1338 2383 1393 vult
2417 1338 2618 1393 illcesus
2647 1355 2892 1395 manere.
2938 1338 3128 1409 Itaque
3176 1354 3405 1394 necesse
3460 1349 3549 1393 est:

1970 1432 2201 1485 alterum
2234 1431 2490 1497 duorum,
2523 1439 2618 1484 aut
2655 1431 2947 1500 spoliatum
2978 1432 3274 1486 virtutibus
3318 1445 3544 1485 occum-

1971 1524 2101 1579 bere
2117 1532 2174 1579 et
2199 1525 2400 1594 perire,
2427 1532 2523 1577 aut
2549 1532 2733 1578 mente
2763 1530 2980 1593 semper
2997 1524 3541 1578 ari'nata'consistere:

1972 1613 2098 1683 quia
2153 1627 2434 1683 nunquam
2465 1628 2576 1668 non
2611 1619 2755 1669 astat
2800 1612 2996 1678 hostis,
3031 1613 3264 1684 stipatus
3301 1613 3551 1669 exercitu

1974 1720 2093 1761 5110.

2044 1797 2133 1853 96.
2177 1796 2365 1852 Status
2415 1797 2639 1868 quidam
2705 1797 2927 1854 divinus
2964 1798 3211 1853 nascitur
3260 1797 3316 1851 in
3365 1795 3556 1851 animo

1975 1900 2166 1946 nostro
2195 1907 2260 1946 ex
2286 1891 2550 1946 continua
2586 1890 2796 1946 Domini
2821 1891 2995 1947 nostri
3029 1891 3309 1955 memoria,
3332 1898 3387 1945 et
3409 1889 3547 1944 assi-

1973 1981 2082 2036 dua
2119 1981 2237 2050 ejus
2271 1981 2650 2037 invocatione:
2689 1984 2852 2038 modo
2897 1983 3116 2038 solliciti
3145 1983 3317 2038 simus
3344 1982 3411 2038 de
3441 1981 3550 2036 l're-

1972 2073 2268 2143 quentibus
2316 2074 2485 2128 animi
2531 2075 2787 2145 precibus
2817 2091 2947 2148 erga
2996 2075 3301 2139 Christum,
3343 2074 3565 2129 crebris

1970 2164 2233 2233 jejuniis,’
2249 2174 2305 2219 et
2348 2167 2606 2236 Operibus
2666 2167 3033 2238 principatum
3076 2166 3429 2222 tenentibus:
3465 2152 3552 2220 re?

1975 2270 2125 2321 vera,
2166 2271 2333 2325 opere
2374 2256 2514 2326 ipso,
2547 2258 2690 2327 quod
2730 2258 2782 2312 in
2813 2258 3156 2314 invocatione
3209 2256 3419 2311 Domini
3448 2273 3550 2312 no-

1975 2349 2074 2403 stri
2099 2349 2228 2404 Jesu
2266 2348 2466 2404 Christi
2507 2349 2777 2417 consistit,
2805 2365 3024 2421 semper
3052 2360 3108 2405 et
3152 2349 3346 2405 eodem
3390 2349 3555 2403 modo

1976 2441 2287 2511 peragendo
2315 2441 2525 2510 praediti
2556 2440 2751 2505 simus,
2780 2455 3016 2497 accenso
3043 2441 3207 2497 corde
3241 2441 3553 2496 exclaman-

1978 2543 2085 2597 tes,
2120 2539 2181 2587 ut
2226 2533 2401 2587 sancti
2437 2532 2674 2588 nominis
2718 2531 2850 2587 Jesu
2874 2532 3149 2603 possimus
3178 2547 3302 2588 esse
3331 2531 3553 2603 particio

1979 2638 2096 2693 pes.
2133 2622 2439 2677 Assiduitas
2479 2623 2650 2686 enim,
2697 2622 2812 2677 sive
2843 2623 2899 2677 in
2932 2622 3134 2678 virtute
3162 2622 3281 2678 sive
3313 2623 3369 2677 in
3400 2622 3548 2681 vitio.

1980 2723 2158 2769 mater
2204 2723 2289 2769 est
2338 2713 2595 2770 habitus:
2633 2714 2854 2770 habitus
2898 2723 3102 2776 autem,
3148 2717 3299 2772 velut
3334 2723 3555 2775 natura,

1980 2816 2177 2862 caetera
2194 2807 2420 2863 obtinet.
2444 2806 2501 2861 ln
2530 2820 2597 2862 co
2617 2806 2800 2876 itaque
2821 2814 2966 2861 statu
2995 2807 3296 2862 collocatus
3316 2808 3553 2873 animus,

1983 2896 2173 2952 hostes
2212 2896 2463 2966 inquirit,
2502 2904 2564 2950 ut
2611 2895 2766 2952 canis
2801 2896 3082 2951 laconicus
3118 2896 3173 2950 in
3224 2897 3373 2953 silvis
3404 2898 3559 2967 lepo-

1984 3006 2121 3045 rcm.
2164 2989 2241 3044 Ad
2275 2989 2422 3043 hunc
2463 2989 2608 3041 enim
2657 2987 2879 3042 modum
2913 3002 3071 3043 mens
3110 2995 3387 3043 scrutatur
3431 3005 3557 3058 per-

1985 3096 2173 3136 versas
2219 3079 2618 3150 cogitationes:
2669 3077 2765 3134 sed
2797 3078 2886 3135 ille
2915 3078 3160 3149 quidem,
3194 3086 3255 3136 ut
3279 3081 3556 3144 comedat,

1988 3175 2107 3231 haec
2136 3183 2340 3239 autem,
2374 3179 2435 3227 ut
2461 3169 2772 3227 labefactet.

2054 3264 2143 3319 97.
2185 3261 2635 3330 Quandocunque
2677 3268 2733 3314 et
2775 3258 3209 3330 quotiescunque
3252 3259 3559 3331 contigerit,

1986 3366 2048 3411 ut
2078 3364 2338 3426 augeatur
2368 3354 2424 3407 in
2459 3352 2618 3407 nobis
2646 3365 2911 3406 numerus
2942 3366 3233 3420 pravarum
3276 3351 3563 3421 cogitatio-

1983 3464 2118 3504 num
2141 3488 2155 3513 ,
2188 3444 2588 3523 interjieiamus
2634 3444 2688 3496 in
2724 3443 2965 3497 medium
2998 3459 3187 3498 earum
3226 3442 3567 3513 imploratio-

1985 3556 2112 3595 nem
2147 3537 2360 3592 Domini
2387 3535 2563 3589 nostri
2591 3532 2723 3589 Jesu
2754 3532 2995 3588 Christi:
3028 3544 3253 3603 tumque
3284 3549 3411 3588 mox
3447 3549 3564 3599 eas,

1986 3632 2162 3686 instar
2202 3627 2336 3683 fumi
2368 3627 2424 3681 in
2458 3641 2606 3691 aere,
2641 3624 2953 3680 videbimus
2979 3639 3309 3680 evanescere
3338 3639 3351 3676 :
3405 3627 3565 3681 sicuti

1985 3721 2172 3778 docuit
2204 3718 2562 3790 experientia.
2583 3718 2653 3773 Et
2681 3717 2726 3772 si
2749 3732 2904 3773 mens
2930 3717 3045 3772 sola
3068 3717 3571 3788 comprehendatur

1986 3812 2056 3867 ab
2086 3811 2214 3870 illis,
2247 3809 2430 3863 denuo
2478 3821 2824 3862 resumamus
2852 3806 3069 3860 initium
3096 3806 3425 3861 continentis
3468 3807 3567 3861 oli-

1988 3900 2317 3957 servationis
2382 3906 2437 3953 et
2477 3896 2865 3952 invocationis.
2946 3896 3173 3962 Quoties
3235 3898 3418 3968 itaque
3476 3899 3566 3953 tali

1988 3991 2226 4063 quodam
2279 3988 2525 4061 periculo
2570 4002 2789 4043 rursum
2848 3987 3190 4053 vexabimur,
3232 3987 3338 4044 hoc
3384 3988 3564 4059 ipsum
3620 4043 3623 4046 ι

1988 4098 2235 4157 agamus.

2060 4176 2150 4232 98.
2192 4170 2668 4242 Quemadmodum
2691 4170 2807 4227 ﬁeri
2833 4186 2945 4227 non
2972 4179 3151 4243 potest
3182 4178 3243 4227 ut
3263 4172 3386 4242 quis
3418 4175 3570 4230 nudo

1990 4286 2222 4343 corpore
2260 4266 2602 4324 descendens
2630 4265 2690 4321 in
2730 4264 3002 4337 praelium,
3034 4265 3207 4323 victor
3234 4266 3449 4334 evadat,
3474 4278 3571 4324 aut

1990 4380 2116 4419 cum
2139 4361 2477 4417 indumentis
2506 4360 2561 4414 in
2585 4358 2855 4414 immenso
2881 4358 3074 4431 pelago
3103 4369 3275 4428 natet,
3300 4370 3396 4417 aut
3426 4364 3572 4419 vivat

1993 4454 2113 4510 sine
2146 4452 2507 4523 respiratione
2529 4492 2545 4518 ,
2590 4451 2664 4506 ita
2696 4450 2813 4506 ﬁeri
2846 4467 2957 4505 non
3000 4460 3182 4522 potest
3215 4463 3274 4508 ut
3301 4455 3436 4510 citra
3464 4455 3568 4509 hu-

300 4536 544 4599 ίκεσίας,
575 4536 669 4589 τὸν
705 4536 899 4606 νοητὸν
920 4535 1017 4589 κα)⁸
1049 4533 1294 4605 κρυπτὸν
1324 4533 1564 4603 πόλεμον
1596 4533 1877 4605 ἐκμαθεῖν,

1993 4546 2277 4601 militatem
2332 4552 2405 4599 et:
2437 4543 2755 4599 continuam
2813 4543 3013 4599 Christi
3068 4545 3526 4614 supplicationem
3556 4589 3569 4610 ,

295 4627 400 4681 καὶ
426 4626 693 4697 τεχνικῶς
719 4626 946 4690 τούτους
968 4625 1336 4680 καταδιώκειν
1364 4625 1461 4678 καὶ
1486 4624 1722 4695 βάλλειν.

377 4809 486 4879 ἥθ’.
538 4809 599 4863 Ὁ
655 4809 832 4881 μέγας
870 4807 1322 4880 πρακτικώτατος
1373 4809 1538 4864 Δαὸίδ
1590 4826 1724 4882 φησι
1756 4826 1770 4840 ·
1818 4809 1888 4864 Τι’)

300 4898 528 4971 κράτος
562 4917 687 4970 μου
719 4899 874 4970 πρὸς
928 4899 1005 4954 σὲ
1040 4898 1294 4969 φυλάξω
1316 4940 1333 4966 ,
1369 4901 1508 4973 πρὸς
1542 4900 1636 4955 τὸν
1681 4898 1889 4972 Κύριον

301 4993 481 5062 λέγει,
514 4991 659 5046 ὥστε
686 4993 747 5047 τὺ
777 4991 1121 5065 φυλαχθῆναι
1162 4993 1221 5045 ὲν
1259 4993 1393 5063 ἡμῖν
1434 4991 1496 5044 τὸ
1534 4993 1738 5063 κράτος
1790 4992 1891 5063 τῆς

298 5083 611 5155 καρδιακῆς
643 5086 836 5153 νοερᾶς
878 5084 1129 5156 ἡσυχίας,
1165 5082 1225 5150 ὲξ
1263 5079 1332 5155 ἦς
1380 5083 1681 5153 γεννῶνται
1717 5085 1892 5139 πᾶσαι

300 5177 364 5231 αἱ
398 5176 614 5247 ἀρεταὶ,
652 5174 743 5229 διὰ
782 5175 879 5228 τοῦ
934 5174 1250 5247 βοηθεῖσθαι
1280 5176 1430 5246 ἡμᾶς
1461 5176 1613 5246 παρὰ
1644 5175 1738 5228 τοῦ
1775 5177 1890 5229 Κυ-

307 5269 428 5339 ρίου
477 5268 837 5339 προσγίνεται
857 5285 872 5299 ·
917 5268 1012 5322 τοῦ
1060 5269 1157 5323 καὶ
1186 5268 1285 5332 τὰς
1314 5268 1535 5332 ἐντολὰς
1564 5268 1767 5333 δόντος,
1799 5269 1895 5322 καὶ

308 5359 405 5428 ἀφ’
434 5359 595 5429 ἡμῶν
625 5360 724 5432 τὴν
776 5360 982 5433 μιαρὰν
1019 5360 1190 5431 λήθην
1235 5358 1616 5427 ὲκδιώκοντος,
1653 5360 1894 5430 συνεχῶς

316 5449 448 5522 παρ’
477 5451 636 5523 ἡμῶν
684 5452 1075 5523 ἐπιϐοωμένων
1112 5452 1424 5523 φθαρτικὴν
1451 5447 1623 5506 οὖσαν
1655 5452 1894 5518 μάλιστα

319 5543 415 5611 sic;
457 5542 765 5614 καρδιακῆς
799 5545 1031 5616 ἡσυχίας
1057 5542 1157 5614 τὴν
1186 5542 1473 5613 ἀμέλειαν,
1500 5544 1575 5607 ὡς
1608 5542 1753 5615 ὕδωρ
1784 5561 1894 5597 πυ-

309 5636 406 5708 ρός
425 5652 440 5669 ·
471 5635 684 5708 διόπερ,
727 5636 950 5708 μοναχὲ,
974 5637 1050 5709 μὴ
1079 5636 1139 5704 ἐξ
1172 5636 1435 5707 ἀμελείας
1469 5637 1659 5701 ὑπνοῖς
1682 5637 1763 5702 εἰς
1794 5637 1892 5691 θά-

383 5817 427 5850 "
461 5813 603 5873 Psal.
629 5831 782 5875 LVIII.

1995 4637 2239 4709 spiritale
2260 4645 2314 4690 et
2334 4643 2606 4691 secretum
2633 4633 2833 4689 bellum
2861 4632 3188 4701 ediscamus,
3203 4644 3259 4691 et
3279 4635 3574 4693 artiﬁciose

1997 4723 2355 4795 cogitationes
2382 4721 2500 4777 illas
2520 4721 2857 4791 expellamus
2884 4731 2940 4776 et
2963 4722 3253 4781 caedamus.

2067 4816 2158 4873 99.
2198 4814 2424 4886 Magnus
2451 4812 2655 4878 David,
2696 4828 2878 4868 rerum
2907 4815 3266 4886 gerendarum
3305 4819 3576 4888 peritissi-

2000 4922 2145 4973 mus,
2196 4904 2484 4960 Dominum
2519 4903 2823 4974 alloquens,
2854 4904 2965 4960 ait:
2996 4906 3381 4963 Fortitudinem
3404 4927 3576 4965 meam

1999 5000 2071 5054 ad
2115 5009 2161 5054 te
2190 4998 2482 5053 custodiam
2505 4996 2574 5053 ⁸⁷.
2614 4996 2695 5051 Ita
2730 5006 2792 5051 ut
2817 5005 2930 5053 tota
2973 4999 3054 5053 vis
3085 5000 3285 5068 quietis
3319 5002 3579 5072 spiritalis

1999 5091 2164 5147 animi
2208 5090 2403 5152 nostri,
2441 5088 2583 5144 unde
2607 5099 2912 5145 nascuntur
2944 5106 3134 5147 omnes
3166 5093 3415 5159 virtutes,
3443 5111 3577 5151 con-

2000 5192 2249 5239 servetur
2282 5183 2491 5237 auxilio
2521 5181 2732 5236 Domini
2760 5200 2773 5235 :
2807 5182 2899 5252 qui
2936 5192 2992 5237 et
3028 5193 3302 5253 praecepta
3328 5185 3497 5250 dedit,
3525 5196 3579 5242 ct

2001 5275 2274 5343 impuram
2318 5271 2652 5326 oblivionem
2706 5285 2736 5324 a
2782 5270 2938 5327 nobis
2987 5271 3231 5341 expellit,
3260 5281 3370 5328 cta
3399 5276 3577 5331 conti-

2004 5372 2199 5419 nenter
2217 5363 2657 5426 inclamantibus,
2685 5363 2971 5435 ignaviam:
2988 5379 3108 5435 qua:
3132 5367 3581 5436 tranquillitatem

2006 5457 2209 5510 mentis
2258 5470 2370 5509 non
2424 5455 2584 5509 aliter
2622 5455 2947 5525 corrumpit,
2995 5471 3158 5525 quam
3186 5472 3327 5528 aqua
3377 5458 3578 5531 ignem.

2005 5547 2396 5614 Quamobrem,
2428 5548 2719 5613 monacho,
2746 5564 2816 5603 ne
2845 5548 3086 5603 dormias
3118 5550 3171 5603 in
3210 5560 3441 5605 mortem
3473 5569 3585 5623 pra:

2008 5638 2355 5712 negligentia,
2391 5640 2487 5695 sed
2514 5639 2737 5696 nomine
2756 5639 2884 5697 Jesu
2911 5651 3135 5711 percute
3159 5643 3375 5698 hostes:
3412 5654 3484 5711 et,
3528 5655 3587 5699 ut
