3934 6444
239 406 381 473 1513

952 408 1049 468 DE
1088 407 1634 470 ΤΕΜΡΕΠΑΝΤῘΑ
1673 409 1769 469 ΕΤ
1811 412 1815 423 ¹

1924 409 2168 469 lTUTE.
2208 436 2276 446 -
2313 411 2707 474 CENTURIA
2747 414 2832 476 II.

3366 419 3506 487 15M

233 519 499 596 Χριστοῦ,
528 519 596 574 ἶν’
622 517 828 583 εὐθέως
859 518 1136 592 καταλυθῇ
1171 519 1232 572 τὸ
1257 521 1536 590 δαιμόνιον
1567 519 1815 588 ίνδαλμα,

1929 529 2017 576 tur
2045 519 2247 592 efﬁgies
2268 520 2536 576 daemonis
2569 538 2583 574 :
2624 537 2694 576 ne
2727 537 2885 578 mens
2935 535 3179 582 sectetur
3239 531 3507 606 imagina-

234 615 330 670 τοῦ
375 614 452 686 μὴ
518 611 948 681 ἐξακολουθῆσαι
990 614 1054 682 τῇ
1101 612 1374 683 φαντασίᾳ
1414 611 1512 664 τὸν
1563 609 1706 676 νοῦν,
1744 611 1820 676 ὡς

237 708 435 778 νήπιον
459 705 565 758 ὑπὸ
593 704 1064 772 φαντασιςσκόπου
1087 705 1233 766 τινὸς
1263 704 1636 774 πλανώμενον.

310 805 375 852 ε’.
402 797 776 866 Κοπιάσωμεν
804 796 880 859 ὼς
917 797 947 850 6
974 795 1159 858 Δαϐὶδ,
1193 795 1489 864 κράζοντες
1521 797 1603 864 τὸ,
1645 797 1824 868 Ἰησοῦ

232 888 462 960 Χριστέ,
508 888 585 964 μὴ
614 929 616 931 ›
647 886 1044 958 βραγχιασάτω
1089 887 1246 956 ἡμῶν
1273 888 1302 940 ὁ
1347 886 1580 959 λάρυγξ,
1619 889 1714 943 καὶ
1742 889 1820 960 μὴ

234 980 533 1036 ἐκλίπωσιν
569 979 620 1032 oi
653 979 834 1050 νοητοί
885 977 1044 1049 ἡμῶν
1081 978 1353 1050 ὀφθαλμοὶ
1386 979 1494 1035 ἀπὸ
1537 981 1632 1035 τοῦ
1668 982 1821 1036 ἐλπί-

233 1071 354 1136 ζειν
383 1073 535 1144 ἡμᾶς
587 1072 683 1125 ἐπὶ
731 1072 938 1142 Κύριον
993 1073 1086 1126 τὸν
1139 1071 1270 1126 Θεὸν
1299 1075 1480 1146 ἡμῶν,
1511 1075 1614 1146 τῆς
1639 1093 1821 1148 παρα-

233 1165 402 1236 ϐολῆς
434 1165 521 1218 ἀεὶ
557 1163 899 1234 μεμνημένοι
947 1163 1042 1217 τοῦ
1097 1165 1290 1236 κριτοῦ
1336 1166 1437 1237 τῆς
1493 1167 1820 1240 ἀδικίας,ἥν

235 1254 395 1310 εἶπεν
433 1258 461 1309 6
491 1255 720 1327 Κύριος,
751 1254 884 1326 πρὸς
909 1255 971 1308 τὸ
1011 1255 1120 1310 δείν
1168 1258 1317 1327 ἡμᾶς
1361 1257 1595 1312 πάντοτε
1648 1275 1819 1331 προσ-

231 1349 515 1421 εὔχεσθαι,
545 1349 641 1402 καὶ
675 1346 749 1419 μὴ
781 1349 1063 1414 ἐκτεκεῖν,
1091 1348 1190 1401 καὶ
1219 1349 1279 1403 τὸ
1303 1349 1491 1421 κέρδος
1508 1351 1819 1423 εὑρήσομεν

236 1444 333 1500 καὶ
356 1445 458 1514 τὴν
485 1441 791 1510 ἐκδίκησιν.

306 1534 382 1601 ς’.
413 1535 628 1604 Ὠσπερ
687 1534 717 1584 ὁ
771 1530 852 1602 τῷ
898 1531 1036 1604 ἡλίῳ
1095 1531 1384 1597 ἀτενίζων,
1429 1532 1696 1587 ἀδύνατον
1742 1531 1820 1605 μὴ

230 1624 508 1686 πλουσίως
556 1621 659 1685 τὰς
721 1619 874 1690 ὄψεις
927 1619 1404 1690 καταυγάζεσθαν
1463 1620 1640 1686 οὓτως
1669 1621 1698 1673 6
1732 1621 1820 1676 ἀεὶ

231 1717 528 1786 ἐγκύπτων
579 1716 660 1778 εἰς
709 1713 849 1783 ἀέρα
906 1713 1138 1785 καρδίας
1168 1709 1446 1781 αὑτοῦ,οὐ
1487 1712 1715 1768 δυνατὸν
1739 1703 1822 1785 μὴ’

229 1807 590 1879 φωτίζεσθαι.

1927 612 2153 680 tionem,
2184 628 2337 668 more
2366 613 2546 683 pueri,
2577 612 2674 683 qui
2707 616 2988 671 seducitur
3016 618 3088 673 ab
3119 619 3342 680 illusore
3367 641 3507 697 quo~

1921 719 2089 774 piam.

1994 798 2047 852 5.
2069 799 2450 864 Elaboremus,
2485 798 2705 856 Davidis
2741 801 2797 855 in
2837 818 3048 861 morem
3107 807 3500 875 vociferantes,

1922 889 2051 945 Jesu
2071 891 2314 955 Christe,
2347 907 2418 947 ne
2443 893 2823 950 irraucescant
2851 895 3041 954 fauces
3079 909 3286 957 nostra;
3324 919 3506 959 :nevo

1922 983 2180 1039 deﬁciant
2208 985 2605 1044 intellectuales
2629 987 2774 1044 oculi
2812 991 2991 1046 nostri
3022 991 3092 1059 ⁸⁸,
3135 991 3268 1049 dum
3313 1009 3506 1067 sperae

1920 1089 2044 1129 mus
2083 1075 2136 1129 in
2172 1075 2407 1132 Domino
2432 1077 2544 1133 Deo
2569 1089 2760 1135 nostro
2777 1085 2798 1134 ':
2858 1087 3139 1140 "memores
3169 1099 3390 1158 semper
3415 1086 3504 1143 die

1921 1172 2023 1220 ctrc
2051 1181 2080 1220 a
2111 1165 2344 1224 Domino
2371 1170 2670 1239 parabolae,
2710 1173 2778 1227 de
2801 1172 2989 1242 judice
3018 1173 3504 1250 iniquitatis:qute

1921 1252 2122 1320 innuit,
2151 1271 2372 1328 semper
2392 1274 2494 1314 nos
2518 1261 2730 1330 precari
2758 1262 2984 1329 debere,
3029 1272 3088 1320 ct
3118 1281 3228 1322 non
3257 1267 3500 1342 fatigari.

1921 1345 2135 1402 lucrum
2163 1349 2290 1404 inde
2313 1360 2734 1417 consecuturos,
2762 1361 2819 1408 et
2845 1354 3166 1414 vindictam.

1991 1523 2044 1577 6.
2100 1524 2172 1580 Ut
2194 1524 2290 1595 qui
2311 1524 2541 1580 intentis
2564 1525 2739 1581 oculis
2760 1525 2934 1582 solem
2973 1528 3246 1596 intuetur,
3273 1546 3386 1588 non
3405 1547 3502 1603 po-

1921 1622 2029 1672 test
2056 1615 2239 1670 visum
2266 1615 2486 1672 abunde
2525 1616 2862 1672 illustratum
2882 1633 2996 1674 non
3025 1619 3231 1676 habere
3265 1637 3280 1674 :
3313 1621 3386 1676 ita
3404 1625 3500 1693 qui

1919 1722 2139 1778 semper
2161 1707 2434 1765 incumbit
2465 1709 2521 1764 in
2546 1724 2737 1766 aerem
2775 1710 2956 1766 cordis
2996 1711 3105 1780 sui,
3157 1727 3272 1769 non
3319 1723 3502 1784 potest

1919 1813 2031 1853 non
2058 1799 2335 1855 illustrari.

306 1901 375 1968 ζ’.
419 1901 515 1966 Ὦς
571 1899 858 1965 ἀδύνατον,
914 1897 1013 1970 τὴν
1057 1897 1343 1969 παροῦσαν
1377 1896 1527 1969 ζωὴν
1557 1897 1660 1969 ζῇν
1685 1899 1814 1952 ἄνευ

1991 1892 2044 1946 7.
2093 1889 2566 1956 Quemadmodum
2611 1893 2820 1964 absque
2871 1896 2998 1951 cibo
3036 1904 3282 1968 potuque
3326 1897 3495 1952 vitam

225 1989 326 2045 τοῦ
367 1991 570 2044 ἐσθίειν
601 1990 696 2044 καὶ
737 1989 936 2055 πίνειν,
964 1987 1138 2052 οὕτως
1167 1987 1428 2043 ἀδύνατον
1452 1990 1623 2060 χωρὶς
1652 1989 1817 2058 φυλαο

227 2081 339 2154 atﬁ;
360 2081 481 2146 νοὸς
504 2081 601 2137 καὶ
629 2079 1000 2153 καθαρότητος
1015 2079 1265 2151 καρδίας,
1288 2079 1317 2134 ὃ
1336 2081 1452 2133 ἐστι
1474 2080 1574 2135 καὶ
1596 2080 1816 2150 λέγεται

227 2175 418 2246 νῆψις,
451 2176 532 2238 είς
558 2191 612 2228 τι
641 2173 1020 2244 πνευματικὸν
1057 2173 1152 2226 καὶ
1191 2172 1430 2242 ἀρέσκον
1461 2172 1581 2242 Θεῷ
1603 2173 1814 2242 φθάσαι

225 2269 332 2337 τὴν
352 2266 550 2337 ψυχὴν,
581 2265 614 2335 ἢ
642 2263 1078 2336 ἐλευθερωθῆναι
1100 2263 1199 2332 τῆς
1211 2263 1352 2318 κατά
1372 2262 1611 2318 διάνοιαν
1635 2264 1818 2337 ἁμαρ-

227 2359 374 2421 τίας,
424 2358 473 2410 εἰ
528 2357 623 2411 καὶ
671 2354 918 2427 βιάζεταί
947 2371 1032 2419 τις
1062 2354 1255 2411 ἐαυτὸν
1277 2354 1368 2410 διὰ
1395 2354 1488 2408 τὸν
1512 2353 1682 2425 φόϐον
1707 2355 1816 2412 τῶν

231 2445 515 2499 κολάσεων
547 2444 623 2517 μὴ
646 2444 1004 2516 ἁμαρτάνειν.

186 2565 223 2624 6-
302 2536 375 2609 η’.
408 2539 552 2610 Πλὴν
574 2539 670 2591 καὶ¹
717 2539 766 2592 ot
795 2538 900 2608 τῆς
946 2539 1068 2592 κατ’
1105 2535 1388 2610 ἐνέργειαν
1417 2539 1696 2611 ἁμαρτίας
1723 2539 1817 2613 βίᾳ

229 2632 342 2685 τινὶ
373 2630 730 2702 ἀπεχόμενοι,
767 2631 1032 2703 μακάριοι
1061 2629 1214 2704 παρά
1254 2647 1314 2684 τε
1335 2631 1414 2702 τῷ
1443 2631 1562 2703 Θεῷ
1589 2634 1686 2686 καὶ
1714 2635 1817 2702 ἀγ-

229 2723 440 2793 γέλοις,
489 2724 583 2776 καὶ
646 2720 982 2793 ἀνθρώποις,
1037 2723 1119 2776 ὃτι
1160 2720 1380 2794 βιασταὶ
1408 2724 1506 2794 τῆς
1536 2723 1818 2794 βασιλείας

226 2817 341 2870 τῶν
369 2814 619 2886 οὐρανῶν
645 2814 1014 2886 εὑρίσκονται.
1794 2802 1814 2816 ⁰

303 2908 371 2963 θ’.
403 2905 580 2962 Τοῦτο
624 2903 940 2977 θαυμαστὸν
989 2905 1089 2975 τῆς
1129 2904 1401 2974 ὠφελείας
1452 2905 1552 2975 τῆς
1583 2905 1678 2959 τοῦ
1720 2904 1816 2962 νοῦ

229 3000 489 3074 ἡσυχίας,
515 3000 598 3054 ὅτι
628 2997 805 3054 πάντα
832 2997 899 3051 τὰ
944 2997 1318 3069 ἁμαρτήματα
1359 2997 1502 3052 κατὰ
1525 2997 1651 3053 νοῦν
1677 2999 1818 3072 πρό-

226 3110 390 3164 τερον
419 3090 708 3164 κρούονται
740 3093 800 3142 ἐν
828 3089 1112 3160 λογισμοῖς
1153 3088 1312 3160 μόνον
1337 3105 1352 3119 ·
1383 3089 1525 3144 ὥστε
1547 3091 1595 3144 εί
1635 3109 1815 3164 παρα-

226 3181 464 3253 δεχθῶσι
511 3179 663 3251 παρὰ
717 3179 818 3250 τῆς
852 3179 1113 3242 διανοίας,
1169 3178 1424 3246 γενέσθαι
1465 3181 1814 3252 αἰσθητὰκαὶ

1915 1982 2060 2038 hanc
2091 1983 2278 2039 vivere
2301 1999 2413 2039 non
2453 1999 2789 2054 possumus:
2821 1986 2917 2051 ita,
2945 1987 2992 2043 si
3045 1987 3188 2043 desit
3241 1989 3496 2047 custodia

1914 2074 2136 2133 mentis.
2181 2083 2239 2129 et
2294 2074 2503 2145 puritas
2531 2075 2736 2142 cordis,
2781 2093 2904 2147 quae
2941 2085 3027 2132 est
3047 2085 3104 2133 et
3132 2078 3334 2134 dicitur
3359 2088 3499 2135 tem-

1916 2167 2188 2236 perantia,
2219 2181 2330 2221 non
2361 2175 2544 2237 potest
2568 2167 2638 2222 ad
2674 2182 2791 2223 rem
2843 2168 3013 2223 ullam
3044 2169 3229 2224 anima
3271 2170 3496 2240 spirita-

1916 2258 2025 2314 lem
2081 2266 2139 2314 et
2167 2258 2279 2314 Deo
2321 2267 2528 2330 gratam
2567 2259 2881 2329 pervenire,
2930 2268 3026 2316 aut
3050 2261 3221 2316 animi
3269 2271 3526 2331 peccaro.

1915 2349 2136 2405 liberari
2171 2367 2185 2404 :
2220 2350 2438 2406 etiamsi
2468 2361 2618 2407 metu
2650 2365 2942 2421 prunarum
2975 2352 3082 2408 sibi
3111 2353 3226 2409 vim
3255 2353 3380 2425 quis
3401 2356 3493 2410 iu-

1915 2436 2078 2506 ferat,
2103 2442 2172 2497 ad
2203 2443 2490 2498 vitandum.
2507 2453 2814 2515 peccatum.

1987 2535 2040 2590 8.
2064 2534 2450 2590 Verumtamen
2481 2544 2536 2591 et
2590 2537 2682 2606 qui
2728 2537 2786 2591 vi
2837 2537 3070 2607 quadam
3126 2537 3402 2595 abstinent
3463 2555 3492 2596 a

1916 2626 2286 2695 perpetrando
2312 2625 2565 2696 peccato,
2591 2628 2741 2684 beati
2799 2641 3100 2686 censent-ur
3118 2632 3263 2701 apud
3293 2632 3491 2690 Deum.

1915 2718 2158 2788 angelos,
2184 2728 2240 2773 et
2269 2719 2519 2774 homines
2555 2738 2570 2776 :
2616 2722 2750 2792 quia
2796 2722 3044 2790 violenti,
3076 2732 3328 2795 raptores
3372 2739 3494 2780 esse

1916 2810 2071 2880 regni
2097 2810 2361 2865 caelorum
2383 2812 2762 2867 inveniuntur.

1987 2900 2041 2955 9.
2066 2899 2212 2955 Inter
2243 2904 2528 2956 commoda
2549 2918 2671 2972 quae
2693 2901 3011 2957 referuntur
3063 2918 3134 2960 ex
3180 2906 3495 2977 tranquilli-

1916 2998 2030 3046 tate
2085 2993 2278 3055 animi,
2320 2994 2426 3049 hoc
2475 2995 2674 3048 mirum
2702 3003 2808 3061 est,
2865 2996 3013 3064 quod
3061 2997 3244 3052 omnia
3269 3009 3491 3068 peccata

1915 3082 2068 3153 prius
2097 3086 2519 3156 cogitationibus
2565 3087 2836 3141 duntaxat
2872 3088 3095 3157 pulsant
3137 3089 3385 3145 animum
3421 3109 3491 3146 :a

1917 3189 2029 3244 quo
2059 3174 2104 3229 si
2128 3176 2484 3245 recipiantur,
2521 3177 2746 3230 sensilia
2786 3176 2928 3232 ﬁunt
2977 3187 3034 3234 et
3054 3194 3264 3236 crassa.
3307 3179 3496 3237 Virtus

227 3245 432 3348 παξίέα.
481 3245 884 3347 Ἀμαρτήματα
951 3275 1130 3329 πάντα
1172 3245 1432 3328 ἐκκόπτει
1465 3276 1500 3346 ἡ
1529 3245 1811 3349 πρακτικὴ

1924 3276 2102 3322 autem
2132 3268 2400 3338 operandi
2429 3268 2696 3332 studiosa,
2741 3279 3105 3339 promovente
3136 3279 3193 3326 et
3219 3287 3382 3343 opem
3413 3275 3494 3328 fe-

227 3369 404 3442 ἀρετὴ
425 3369 482 3421 ἐν
511 3365 726 3438 τῷέσω
753 3366 910 3437 ἡμῶν
952 3365 1247 3437 ἀνθρώπῳ,
1309 3365 1386 3437 μὴ
1435 3367 1584 3422 ἐῶσα
1637 3369 1810 3424 ταῦτα

226 3462 310 3526 είς
333 3461 473 3533 ἔργα
496 3460 726 3531 ἀχθῆναι
762 3458 998 3528 πονηρὰ,
1029 3461 1094 3528 τῇ
1127 3460 1270 3530 ῥοπῇ
1289 3459 1386 3512 καὶ
1410 3458 1689 3529 ἀντιλήψει
1713 3457 1812 3514 τοῦ

227 3552 438 3624 Κυρίου
476 3551 632 3621 ἡμῶν
670 3552 843 3622 Ἰησοῦ
867 3549 1124 3622 Χριστοῦ.

301 3651 358 3701 ι’.
393 3644 574 3698 Είκὼν
607 3643 706 3714 τῆς
739 3642 1011 3713 ἐξωτέρας
1037 3641 1131 3694 καὶ
1159 3640 1424 3713 αἰσθητῆς
1455 3643 1551 3696 καὶ
1575 3657 1814 3712 σωματιο

227 3734 334 3806 κῆς
389 3735 712 3804 ἀσκήσεως,
751 3734 784 3804 ἡ
829 3731 1046 3787 Παλαιὰ
1091 3731 1370 3803 Διαθήκη·
1433 3733 1496 3786 τὸ
1553 3731 1611 3785 δέ
1655 3730 1812 3800 ἅγιον

227 3825 589 3895 Εὑατγέλιον,
612 3826 640 3878 ὅ
669 3825 816 3878 ἐστιν
837 3826 870 3894 ή
905 3823 1084 3895 Καινὴ
1109 3862 1124 3888 ,
1149 3822 1314 3876 εἰκὼν
1370 3824 1469 3892 τῆς
1516 3824 1810 3896 προσοχῆς,

227 3921 400 3990 ἤγουν
418 3918 518 3988 τῆς
552 3917 926 3986 καθαρότητος
951 3916 1053 3985 τῆς
1083 3915 1332 3987 καρδίας.
1377 3916 1490 3970 Καὶ
1548 3915 1741 3988 ὥσπερ
1777 3917 1811 3988 ἡ

228 4011 446 4067 Παλαιά
475 4010 576 4063 οὐκ
625 4008 887 4075 ἐτελείου,
947 4007 1071 4062 οὔτε
1123 4007 1496 4078 ἐπληροφόρει
1561 4006 1656 4062 τδν
1700 4007 1812 4063 ἔσω

225 4102 517 4173 ἄνθρωπον
543 4103 622 4165 είς
639 4099 955 4155 θεοσέϐειαν
979 4099 1222 4170 (Οὐδένα
1245 4099 1380 4168 γὰρ,
1411 4101 1624 4171 φησὶνὸ
1651 4101 1813 4155 Ἀπό-

227 4194 441 4260 στολος,
472 4195 656 4263 νόμος
680 4191 1042 4263 ἐτελείωσε).
1083 4192 1220 4262 μόνα
1245 4191 1307 4246 -δέ
1336 4192 1403 4246 τὰ
1436 4193 1616 4264 παχέα
1640 4194 1813 4265 ἀμαρο

224 4289 450 4359 τήματα
497 4284 758 4340 διεκώλυε
788 4285 905 4356 (τοῦ
928 4285 1037 4356 γὰρ
1067 4285 1308 4340 κωλῦσαι
1342 4285 1416 4356 μὴ
1444 4285 1696 4341 ἐκϐαλεῖν
1721 4285 1812 4340 τὸν

221 4375 508 4446 ὀφθαλμὸν
549 4379 643 4431 καὶ
671 4376 860 4431 ὀδόντα
902 4375 998 4430 τοῦ
1029 4375 1280 4448 πλησίον,
1308 4379 1368 4429 τὸ
1390 4379 1485 4430 καὶ
1511 4378 1638 4442 τοὺς
1663 4375 1814 4446 λογι-

223 4470 405 4541 σμοὺς
426 4469 535 4523 ἀπὸ
547 4470 773 4542 καρδίας
790 4469 1042 4540 ἐκκόψαι,
1066 4469 1162 4522 ὃπε
1174 4486 1204 4540 ρ
1226 4469 1342 4523 ἐστὶ
1363 4467 1458 4522 τοῦ
1474 4468 1811 4540 Εὐαγγελίου

215 4561 528 4631 διάταγμα,
556 4562 652 4615 καὶ
705 4563 806 4625 τὰς
857 4562 1103 4633 πονηρὰς
1159 4560 1513 4632 ἐνθυμήσεις,
1543 4561 1730 4632 μεῖζόν
1755 4580 1808 4615 τι
1843 4579 1886 4635 ι)

218 4656 312 4718 εὶς
340 4653 696 4725 καθαρότητα
716 4652 918 4723 ψυχῆς)
937 4669 949 4682 θ
968 4651 1110 4706 οῦτω
1134 4654 1228 4706 καὶ
1257 4653 1349 4706 ἐπὶ
1369 4656 1469 4724 τῆς
1493 4654 1812 4725 σωματικῆς

217 4742 579 4811 δικαιοσύνης
615 4741 712 4796 καὶ
757 4743 1064 4811 ἀσκήσεως,
1115 4742 1368 4812 νηστείας
1412 4741 1576 4812 λέγω,
1604 4744 1814 4814 ἐγκρα-

217 4834 404 4898 τείας,
438 4850 604 4904 χαμεκ
629 4833 760 4898 νίας,
792 4833 1126 4903 ἀγρυπνίας,
1157 4833 1420 4900 στάσεως,
1449 4833 1546 4887 καὶ
1569 4834 1681 4888 τῶν
1701 4834 1815 4887 λοι-

219 4929 375 4990 πῶν,
399 4925 437 4980 ἃ.
463 4927 588 4997 περὶ
634 4942 691 4979 ιο
721 4924 880 4994 σῶμα
918 4923 1220 4993 πεφύκασι,
1258 4925 1351 4978 καὶ
1397 4924 1457 4978 τὸ
1510 4924 1812 4994 παθητικὸν

220 5019 404 5093 μέρος
451 5017 547 5072 τοῦ
589 5017 841 5088 σώματος
891 5017 1188 5087 ἡσυχάζειν
1241 5019 1387 5070 ποιεῖ
1412 5016 1521 5070 ἀπὸ
1558 5019 1658 5087 τῆς
1687 5017 1813 5072 κατ’

217 5111 519 5185 ἐνέργειαν
541 5109 841 5180 ἁμαρτίας,
866 5108 1054 5179 ὥσπερ
1083 5103 1237 5161 εἷπον
1264 5108 1395 5178 περὶ
1418 5111 1518 5178 τῆς
1539 5108 1810 5173 Παλαιᾶς,

219 5202 376 5255 καλά
395 5218 454 5254 τε
497 5201 628 5254 ὄντα
657 5200 754 5254 καὶ
810 5197 982 5253 ταῦτα
1008 5217 1021 5230 ο
1056 5199 1406 5268 παιδαγωγία
1438 5199 1547 5270 γάρ
1579 5202 1685 5254 είσι
1713 5200 1809 5254 τοῦ

218 5295 334 5359 ἔξω
359 5292 518 5363 ἡμῶν
537 5289 847 5362 ἀνθρώπου,
869 5291 969 5343 καὶ
990 5289 1228 5363 φρουρὸς
1247 5289 1354 5343 τῶν
1375 5291 1494 5343 κατ’
1522 5291 1809 5362 ἐνέργειαν

217 5385 442 5449 κακῶν,
462 5384 522 5436 ού
554 5382 656 5454 μὴν
692 5383 787 5435 καὶ
805 5380 916 5434 τῶν
945 5381 1088 5435 κατὰ
1117 5380 1356 5435 διάνοιαν
1378 5381 1809 5452 ἁμαρτημάτων

219 5473 531 5536 κωλυτικά,
559 5468 670 5524 οἷον
702 5469 1010 5536 ἀπαλλάξαι
1036 5471 1184 5540 ἡμᾶς
1234 5471 1331 5525 σὺν
1369 5469 1489 5541 Θεῷ
1529 5469 1808 5534 παντελῶς

218 5568 450 5638 φθόνου,
487 5564 684 5636 ὀργῆς,
711 5563 807 5616 καλ⁹
827 5561 938 5616 τῶν
957 5560 1184 5618 λοιπῶν.
1641 5559 1658 5566 “

289 5831 338 5866 ⁸³
365 5828 507 5884 I‘sal.
543 5842 731 5891 vam,
758 5829 812 5883 ε.
886 5828 930 5860 ⁸⁸
955 5827 1123 5882 Hebr.
1145 5844 1244 5894 VII,
1262 5827 1348 5888 19o

548 5921 819 5982 PATROL.
863 5921 976 5981 Gn.
1027 5918 1246 5980 XCIII.

1913 3368 2074 3415 rente
2103 3361 2336 3416 Domino
2363 3367 2558 3416 nostro
2579 3359 2714 3416 Iesu
2743 3361 2989 3428 Christo,
3045 3363 3318 3419 abscindit
3374 3369 3496 3421 uni-

1913 3465 2070 3505 versa
2095 3460 2316 3520 peccata
2348 3451 2404 3505 in
2427 3453 2650 3505 homine
2702 3458 2894 3505 nostro
2926 3451 3161 3518 interno,
3224 3469 3293 3509 ne
3344 3456 3496 3513 sinat

1912 3556 1976 3597 ea
2004 3542 2200 3597 deduci
2232 3543 2288 3597 in
2313 3557 2479 3612 opera
2528 3557 2717 3612 prava.

1986 3635 2074 3688 10.
2106 3633 2280 3689 Vetus
2307 3634 2719 3689 Testamentum
2760 3641 2846 3688 est
2868 3634 3045 3708 imago
3065 3644 3328 3706 externas,
3354 3656 3492 3696 seu-

1913 3725 2090 3780 sibilis
2143 3735 2199 3781 et
2265 3740 2541 3797 corporeae
2591 3727 3018 3782 exercitationis.
3073 3728 3334 3786 Sanctum
3387 3749 3492 3787 au-

1915 3828 2027 3874 tem
2077 3819 2450 3890 Evangelium,
2499 3819 2646 3890 quod
2691 3828 2777 3873 est
2804 3819 3015 3874 Novum
3048 3820 3488 3889 "Testamentum,

1915 3912 2095 3982 imago
2122 3920 2207 3966 est
2224 3911 2542 3967 attentionis
2569 3911 2686 3966 sive
2712 3911 2963 3981 puritatis
2975 3914 3272 3970 cordis.Et
3297 3932 3491 3985 quem-

1915 4001 2210 4056 admodum
2245 4001 2412 4057 thus
2476 4002 2609 4057 illud
2667 4003 2982 4056 interiorem
3034 4004 3314 4060 hominem
3373 4023 3492 4077 pcr-

1915 4088 2116 4144 icctum
2163 4097 2218 4144 et
2268 4091 2560 4145 certiorem
2624 4105 2734 4144 non
2789 4090 3028 4146 faciebat
3058 4091 3279 4150 incultu
3299 4095 3487 4150 divino

1917 4181 2229 4254 (Neminem
2251 4183 2419 4245 enim,
2463 4183 2644 4254 inquit
2703 4183 3019 4254 Apostolus,
3068 4186 3146 4239 ad
3199 4189 3490 4259 perfectum

1915 4275 2140 4329 adduxit
2159 4275 2246 4329 lea:
2269 4275 2364 4344 ”),
2393 4276 2488 4331 sed
2516 4276 2630 4331 sola
2645 4276 2928 4332 crassiora
2962 4287 3191 4347 peccata
3225 4282 3491 4350 prohibe-

1915 4366 2009 4420 bat
2035 4367 2184 4433 (nam
2205 4369 2565 4440 cogitationes
2595 4368 2853 4423 cordiset
2886 4384 3085 4438 pravas
3133 4372 3299 4426 animi
3354 4389 3488 4427 con-

1915 4458 2196 4527 ceptiones
2223 4469 2530 4529 amputare,
2559 4461 2704 4531 quod
2733 4469 2816 4514 est
2839 4470 3170 4531 praeceptum
3205 4463 3490 4535 Evangeli-

1916 4563 2063 4612 cum,
2088 4551 2442 4618 praestantius
2458 4551 2716 4620 quiddam
2749 4561 2832 4606 est
2867 4553 2933 4606 ad
2970 4554 3292 4609 munditiam
3371 4558 3490 4610 ani-

1916 4654 2040 4702 nuc,
2058 4655 2222 4708 quam
2249 4650 2434 4696 vetare
2487 4657 2558 4696 ne
2587 4643 2710 4711 quis
2752 4652 2909 4698 eruat
2952 4645 3170 4700 oculum
3225 4657 3319 4702 aut
3354 4650 3490 4705 den-

1916 4738 2027 4785 tem
2049 4733 2340 4802 proximi):
2375 4734 2566 4788 eodem
2601 4735 2760 4788 modo
2783 4745 2838 4789 et
2865 4737 2918 4789 in
2945 4747 3169 4792 externa
3194 4740 3408 4808 justitia
3437 4754 3491 4797 ct

1918 4822 2332 4890 exercitatione,
2358 4825 2570 4894 jejunio
2623 4825 2900 4889 videlicet,
2936 4829 3303 4897 continentia,
3363 4850 3490 4890 cum

1918 4915 2186 4970 dormitur
2251 4916 2424 4982 humi,
2473 4917 2694 4987 vigiliis,
2741 4919 2948 4988 quiete,
2986 4929 3041 4972 et
3084 4921 3306 4991 reliquis
3363 4941 3492 4994 quae

1919 5009 2060 5064 circa
2083 5023 2286 5078 corpus
2316 5018 2626 5072 versantur,
2675 5020 2733 5065 et
2771 5019 2980 5080 partem
3010 5015 3261 5082 corporis
3279 5015 3491 5070 λίτροιί-

1917 5101 2022 5156 bus
2045 5102 2333 5156 obnoxiam
2367 5111 2725 5172 componunt,
2759 5119 2830 5158 ne
2855 5114 3143 5174 peceatum
3190 5105 3243 5158 in
3294 5121 3493 5177 corpus

1917 5201 2204 5248 externum
2231 5205 2504 5264 erumpat,
2549 5204 2609 5248 ut
2637 5195 2706 5249 dc
2740 5196 2920 5250 1Veteri
2975 5196 3324 5253 Testamento
3355 5201 3490 5255 dixi-

1916 5299 2072 5352 mus;
2104 5302 2415 5356 quanquam
2450 5298 2504 5342 ct
2544 5290 2660 5343 haec
2695 5290 2915 5358 quidem
2977 5289 3118 5343 bona
3165 5299 3333 5358 sunt;
3365 5307 3491 5347 eru-

1915 5375 2076 5430 diunt
2102 5377 2249 5430 enim
2274 5379 2604 5433 exteriorem
2626 5390 2872 5435 nostrum
2917 5381 3218 5446 hominem,
3246 5391 3301 5437 ct
3330 5391 3490 5441 tuen-

1915 5475 2005 5520 tur
2033 5469 2102 5522 ab
2156 5470 2402 5524 externis
2454 5472 2604 5525 vitiis
2639 5473 2693 5525 in
2736 5477 2918 5529 actum
2952 5475 3432 5542 prorumpentibus
3473 5494 3488 5530 :

1917 5574 2028 5612 non
2060 5567 2242 5614 tamen
2273 5562 2438 5618 animi
2465 5572 2688 5633 peccata
2717 5557 2976 5619 coercent
3009 5578 3024 5616 :
3056 5564 3360 5633 cuiusmodi
3383 5579 3489 5633 est,

1918 5647 2152 5703 liberare
2196 5666 2300 5706 nos
2363 5666 2605 5721 prorsus,
2636 5651 2944 5722 opitulante
2985 5650 3113 5718 Bco,
3145 5652 3214 5708 ab
3256 5653 3490 5723 invidia;

1919 5739 2020 5805 ira,
2043 5750 2098 5794 ct
2126 5742 2350 5812 rciiquis
2369 5742 2738 5799 affet-tibus."-

2861 5904 2863 5908 Ι
2932 5928 3010 5990 48
