3934 6438
327 389 466 456 1517

1034 388 1132 448 DE
1169 383 1718 446 TEMPERANTIA
1749 381 1846 445 ET
1885 324 2250 443 VIR'ﬁITE.
2282 386 2352 420 -τ
2385 379 2773 441 CENTURIA
2797 380 2858 439 II

3455 382 3592 448 15i8

325 495 680 567 φαντασθείς.
737 497 846 551 Καὶ
891 495 1034 551 οὕτω
1092 496 1253 551 πάλιν
1312 495 1400 556 τὸν
1463 493 1636 564 Ἀδὰμ
1676 488 1907 562 ἐχώρισε

2044 505 2077 544 e
2107 490 2216 546 Deo
2237 489 2498 560 aequalem
2524 488 2933 558 imaginaretut.
2991 489 3190 545 Eadem
3235 507 3450 548 rursum
3499 510 3589 548 ra-

325 590 487 654 Θεοῦ,
523 589 704 642 θεῖκὸν
755 588 972 658 ἀξίωμα
1032 588 1313 656 φαντάσας
1369 585 1553 647 αὐτὸν,
1613 583 1708 639 καὶ
1761 580 1906 636 οὕτω

2013 585 2160 640 tione
2188 585 2360 640 Adam
2382 583 2628 639 defecit:
2655 583 2800 637 Deo:
2827 595 2951 636 cum
2983 585 3322 654 majestatem
3353 584 3591 641 divinam

327 683 538 744 πάντας
599 680 727 744 τοὺς
763 680 1180 751 ἁμαρτάνοντας
1224 679 1442 749 ἀπατᾷν
1483 677 1511 729 ὁ
1539 674 1784 747 ψεύστης
1814 671 1909 726 καὶ

2044 678 2400 750 maginatione
2449 675 2685 748 quadam
2730 675 2838 732 sibi
2887 691 3141 749 arrogare
3173 678 3358 734 vellet.
3407 677 3474 734 Et
3520 680 3594 736 ita

323 775 498 838 δόλιος
525 771 718 828 εῐωθεν
743 772 957 842 ἐχθρός.

404 966 494 1032 ιη’.
525 955 938 1030 Πικραινόμεθα
971 953 1071 1024 τὴν
1105 953 1337 1024 καρδίαν
1383 952 1490 1008 ὑπὸ
1515 951 1596 1008 ἰοῦ
1634 937 1913 1020 λογισμῶν

329 1054 622 1129 πονηρίας,
692 1053 823 1107 ὅταν
872 1051 1149 1121 προσοχῆς
1198 1049 1297 1104 καὶ
1360 1046 1538 1118 Ἰησοῦ
1576 1044 1744 1116 εὐχῆς
1777 1043 1914 1115 πρὸς

331 1145 473 1202 πολὺ
505 1144 612 1198 ὑπὸ
641 1144 812 1214 λήθης
839 1141 1178 1212 ἀμελοῦντες
1202 1137 1546 1207 ἀωγώμεθα
1570 1153 1586 1170 ο
1621 1133 1914 1204 γλυκαινό-

331 1238 475 1309 μιθα
503 1237 560 1291 δὲ
589 1234 754 1289 πάλιν
783 1236 842 1289 ὲν
879 1232 1133 1304 αἰσθήσει
1164 1231 1259 1286 καὶ
1307 1229 1537 1302 ἡδύτητί
1585 1245 1692 1282 τινι
1750 1225 1918 1295 ἀγαλ-

329 1326 566 1389 λιάσεως
599 1324 898 1396 μακαρίας,
927 1324 1055 1378 ὅταν
1092 1323 1164 1376 τά
1215 1321 1596 1394 προειρημένα
1636 1317 1919 1389 κραταιῶθς

331 1419 434 1474 καὶ.
459 1417 760 1488 προθύμως
790 1417 850 1471 ὲν
905 1414 984 1485 τῷ
1031 1412 1378 1486 ἐργαστηρίῳ
1403 1414 1501 1483 τῆς
1551 1410 1788 1474 διανοίας
1820 1411 1920 1480 Ep.-

336 1509 519 1581 μσλῶς
560 1507 649 1564 διὰ
696 1507 899 1580 ἔρωτος
922 1506 1066 1560 θείου
1117 1504 1461 1568 ὲπιτελῶμεν
1488 1520 1502 1533 ·
1547 1502 1672 1557 τότε
1708 1501 1820 1571 γὰρ
1856 1499 1918 1553 οῦ

332 1603 404 1660 δι’
436 1602 565 1660 ἄλλο
591 1619 645 1656 τι
667 1603 733 1672 τῇ
764 1601 1038 1672 καρδιακῇ
1071 1597 1276 1668 ἡσυχίᾳ
1323 1595 1560 1667 βαδίζειν
1603 1591 1921 1666 προθυμού-

337 1696 505 1768 μεθα,
531 1695 648 1756 ἀλλ’
673 1695 708 1767 ἢ
761 1695 853 1751 διὰ
894 1694 994 1766 τὴν
1020 1693 1219 1763 ἑαυτῆς
1261 1693 1320 1752 ἓν
1366 1693 1433 1762 τῇ
1465 1689 1616 1762 ψυχῇ
1664 1689 1924 1757 γλυκεῖαν

336 1787 535 1858 ἡδονὴν
562 1785 657 1840 καὶ
682 1783 896 1855 τέρψιν.
919 1823 928 1833 .

2015 771 2245 825 mendax
2291 779 2347 826 et
2375 770 2597 826 dolosus
2625 768 2798 826 hostis
2826 784 3041 838 omnes,
3068 769 3160 841 qui
3186 780 3450 842 peccant,
3492 772 3599 827 eir-

2015 865 2332 920 eumvenire
2359 864 2521 918 solet.

2088 957 2176 1012 {8.
2207 959 2253 1012 Α
2283 971 2496 1012 veneno
2532 956 2924 1029 cogitationum
2955 970 3344 1027 perversurum
3371 971 3598 1012 exacer-

2016 1050 2208 1106 bamur
2235 1050 2440 1114 animo,
2479 1051 2699 1121 quando
2759 1052 3065 1108 attentione
3111 1049 3354 1119 Jesuque
3400 1049 3598 1120 deprc-

2017 1145 2231 1201 catione
2262 1145 2355 1202 diu
2380 1146 2661 1218 neglectis,
2703 1163 2806 1203 nos
2837 1147 3062 1202 abducit
3108 1147 3333 1202 oblivio.
3391 1148 3597 1202 Contra

2017 1252 2148 1292 vero
2205 1238 2600 1303 dulcescimus,
2671 1255 2740 1294 ex
2799 1240 3151 1310 perceptione
3218 1248 3274 1294 et
3333 1241 3600 1297 suavitate

2019 1329 2252 1401 quadam
2311 1331 2480 1385 beatae
2513 1331 2926 1396 exsultationis,
2983 1333 3204 1402 quando
3262 1340 3600 1397 constanter,

2020 1421 2273 1476 alacriter
2339 1430 2395 1475 et
2439 1421 2681 1477 studiose
2743 1422 2797 1475 in
2843 1420 3055 1476 ofﬁcina
3112 1421 3309 1477 mentis
3339 1463 3356 1490 ,
3416 1439 3603 1478 amore

2025 1511 2211 1567 divino
2241 1512 2424 1576 ducti,
2457 1512 2582 1578 ista,
2617 1527 2738 1582 quae
2768 1521 2897 1567 ante
2929 1513 3185 1577 diximus,
3231 1515 3600 1583 exsequimur.

2025 1604 2183 1661 Tunc
2233 1606 2378 1660 enim
2408 1605 2613 1660 nullam
2649 1605 2808 1659 aliam
2851 1605 2921 1660 ob
2972 1620 3191 1659 causam
3229 1605 3413 1674 quieto
3441 1605 3607 1661 corde

2026 1697 2212 1754 vivere
2241 1707 2586 1770 exoptamus,
2615 1712 2780 1767 quam
2812 1697 2882 1753 ob
2907 1713 3131 1753 suavem
3162 1697 3310 1753 illius
3341 1697 3395 1752 in
3425 1697 3610 1754 anima

2027 1791 2363 1861 voluptatem
2395 1799 2451 1845 et
2479 1789 2919 1846 delectationem.

334 1832 1254 1945 .-.-;d;.‘"£;tc;f;t:q-'émarnttd'w,
1302 1871 1397 1925 καὶ
1421 1871 1586 1941 τέχνη
1632 1869 1859 1940 τεχνῶν,
1895 1869 1924 1942 ἡ

2044 1832 2363 1861 Nmpe“...
2396 1832 2451 1845 ν.
2480 1832 2919 1846 νν.νν.....ν..υ....

2104 1883 2191 1937 i9.
2225 1881 2326 1937 Ars
2355 1882 2575 1948 artium,
2615 1890 2670 1935 et
2701 1881 2927 1936 scientia
2965 1881 3343 1947 scientiarum,
3397 1890 3481 1938 est
3521 1898 3611 1937 ars

340 1967 452 2022 τῶν
498 1966 826 2039 κακούργων
863 1963 1144 2037 λογισμῶν
1194 1967 1314 2019 ἐστι
1354 1963 1543 2036 τέχνη.
1596 1963 1784 2016 Ἔστιν
1829 1961 1924 2016 οὖν

340 2058 568 2132 ἄριστος
590 2059 792 2130 τρόπος
817 2059 914 2113 καὶ
954 2058 1120 2128 τέχνη
1143 2057 1350 2123 αὐτῶν,
1397 2057 1480 2120 τὸ,
1521 2056 1578 2109 ὲν
1607 2052 1801 2125 Κυρίῳ
1825 2053 1925 2125 τὴν

337 2151 642 2220 φαντασίαν
670 2150 893 2221 βλέπειν
915 2150 1016 2218 τῆς
1044 2148 1376 2222 προσϐολῆς,
1396 2149 1489 2202 καὶ
1514 2148 1804 2219 φυλάττειν
1825 2149 1926 2222 τὴν

337 2243 606 2308 διάνοιαν,
629 2241 820 2314 ὥσπερ
850 2242 943 2296 τὸν
963 2240 1224 2312 αἰσθητὸν
1247 2239 1600 2312 φυλάσσομεν
1623 2239 1923 2310 ὀφθαλμὸν,

338 2334 442 2390 καὶ
475 2333 640 2398 ὀξέως
678 2335 796 2403 μετ’
846 2331 1012 2386 αὑτοῦ
1043 2331 1318 2403 βλέπομεν
1371 2331 1463 2387 τὸν
1490 2330 1688 2402 πλῆξαι
1736 2331 1926 2385 τοῦτον

340 2425 412 2477 ix
437 2422 763 2493 συμϐάσεως
788 2421 1108 2494 ἐρχόμενον,
1143 2422 1238 2475 καὶ
1273 2422 1376 2487 ὅση
1396 2420 1626 2492 δύναμις
1659 2422 1767 2474 πᾶν
1793 2421 1927 2491 κάρ-

339 2532 445 2586 φος
469 2514 753 2584 κωλύομεν
781 2513 840 2580 ἐξ
870 2513 1060 2567 αὑτοῦ.

417 2603 488 2660 κ’.
535 2603 622 2669 Ὦς
655 2604 716 2658 οῦ
746 2603 962 2669 τέξεται
990 2603 1124 2674 χιὼν
1148 2604 1345 2675 φλόγα,
1398 2606 1433 2676 ἢ
1469 2605 1617 2676 ὕδωρ
1656 2605 1769 2679 πῦρ
1807 2624 1930 2676 γεν.

343 2701 524 2772 νήσει,
556 2699 584 2771 ἢ
627 2699 837 2770 ῥάμνος
869 2696 1054 2762 σῦκον,
1087 2697 1260 2762 οὕτως
1293 2698 1393 2754 οὐκ
1437 2699 1931 2772 ἐλευθερωθήσεται

343 2791 551 2855 παντὸς
579 2789 867 2861 ἀνθρώπου
899 2789 1100 2860 καρδία
1125 2790 1237 2843 ἀπὸ
1267 2790 1600 2862 δαιμονικῶν
1632 2789 1929 2861 λογισμῶν,

343 2881 444 2935 καὶ
472 2879 654 2951 ἔργων
704 2879 802 2933 καὶ
849 2879 1047 2949 λύγων,
1101 2879 1178 2950 μὴ
1218 2879 1508 2952 καθάρασα
1532 2881 1600 2941 τὰ
1629 2879 1776 2936 ενδον
1796 2897 1808 2909 ”
1838 2882 1933 2940 καὶ

344 2970 516 3045 νῆψις
548 2972 647 3029 σὺν
680 2972 818 3044 εὐχῇ
865 2971 1039 3043 Ἰησοῦ
1073 2971 1305 3043 συνάψει
1333 2973 1516 3044 νῆψιν,
1548 2972 1645 3031 καὶ
1669 2972 1935 3028 ταπείνω-

345 3082 439 3121 σιν
470 3065 564 3120 καὶ
593 3064 834 3137 ψυχικὴν
856 3065 1088 3135 ἡσυχίαν
1105 3065 1465 3135 κατορθοῦσα,
1490 3067 1585 3119 καὶ
1603 3066 1936 3138 ἐπειγομένη

2032 1973 2390 2045 malignarum
2422 1973 2835 2042 cogitationum.
2877 1973 3067 2028 Modus
3097 1975 3264 2046 igitur
3293 1975 3534 2045 optimus
3555 1983 3612 2030 et

2031 2083 2121 2122 ars
2143 2082 2332 2123 earum
2373 2075 2477 2133 est,
2529 2073 2842 2137 conspecta,
2873 2065 3108 2122 Domino
3145 2065 3381 2132 favente,
3417 2081 3612 2138 sugge-

2032 2159 2226 2214 stionis
2281 2157 2670 2229 imaginatione
2696 2200 2710 2224 ,
2761 2172 3092 2213 conservare
3126 2157 3370 2212 animum
3401 2174 3414 2210 :
3449 2157 3609 2212 sicuti

2033 2249 2350 2306 sensibiiem
2373 2249 2591 2303 oculum
2623 2249 2982 2314 custodimus,
3020 2258 3074 2304 et
3096 2264 3162 2304 eo
3185 2257 3344 2304 acute
3367 2249 3612 2305 videmus

2033 2355 2164 2396 casu
2209 2339 2519 2395 venientem
2547 2339 2614 2394 ad
2644 2339 3059 2410 percutiendum
3090 2340 3262 2406 illum,
3291 2354 3354 2395 ac
3401 2356 3504 2409 pro
3529 2339 3613 2395 vi-

2035 2435 2187 2490 ribus
2214 2434 2283 2490 ab
2309 2448 2373 2488 εο
2401 2432 2666 2488 festucam
2693 2446 2920 2486 omnem
2945 2445 3214 2486 arcemus.

2101 2609 2193 2665 20.
2227 2606 2698 2675 Quemadmodum
2731 2606 2824 2661 nix
2851 2621 2960 2661 non
2988 2605 3164 2676 pariet
3185 2559 3616 2670 ﬂammain,.tt-ec

2034 2715 2174 2773 aqua
2201 2702 2461 2774 producet
2490 2701 2693 2772 ignem,
2732 2706 2827 2754 aut
2853 2699 3009 2769 Spina
3041 2696 3202 2753 ﬁcum
3235 2715 3250 2753 ι
3284 2697 3359 2751 ita
3397 2713 3496 2753 eor
3523 2712 3618 2750 cu-

2034 2794 2208 2864 jusvis
2236 2792 2496 2857 hominis,
2537 2791 2643 2846 nisi
2671 2790 2987 2862 purgaverit
3019 2789 3300 2855 interiora,
3335 2805 3447 2844 non
3479 2789 3620 2844 libe-

2035 2885 2249 2940 rabitur
2296 2883 2650 2940 dazmoniacis
2729 2883 3192 2956 cogitationibus,
3234 2883 3493 2953 operibus
3565 2895 3622 2940 et

2037 2975 2416 3032 sermonibus:
2437 2975 2542 3030 nisi
2566 2975 2728 3032 etiam
2756 2975 3010 3039 attentio,
3038 2976 3228 3045 juncta
3245 2975 3618 3044 deprecationi

2037 3065 2191 3132 Jesu,
2221 3065 2488 3121 accendat
2520 3066 2940 3137 temperantiam
2961 3105 2977 3132 ,
3031 3081 3138 3136 qua
3171 3065 3536 3120 humilitatem
3565 3074 3623 3122 et
3721 3086 3728 3089 -

347 3159 454 3213 σὺν
482 3156 764 3229 προθυμίᾳ
818 3157 1008 3228 πολλῇ,
1057 3157 1154 3212 καὶ
1207 3157 1490 3212 ὁδεύουσα.
1547 3158 1687 3212 Ἀλλ’
1724 3159 1934 3228 ἀνάγκη

2044 3155 2288 3225 quietem
2319 3155 2489 3210 animi
2518 3146 2807 3228 dirigente,
2851 3170 2946 3211 cor
2995 3155 3318 3222 deducatur,
3364 3164 3420 3211 et
3465 3158 3624 3212 valde

350 3252 668 3324 στειρεῦσαι
690 3251 791 3320 τὴν
815 3250 1154 3322 ἁπρὸσεκτον
1182 3249 1360 3322 ψυχὴν
1381 3251 1584 3316 παντὸς
1611 3250 1819 3320 ἀγαθοῦ
1846 3252 1940 3306 καὶ

346 3343 562 3397 τελείου
587 3343 880 3414 νοήματος,
925 3341 1002 3406 ὡς
1037 3341 1263 3413 ἡμίονον
1319 3343 1594 3414 ἄκαρπον,
1693 3343 1794 3396 οὐκ
1824 3343 1941 3396 ἔστι

353 3434 574 3498 σύνεσις
601 3433 985 3505 πνευματικῆς
1033 3433 1304 3497 συνέσεως
1329 3451 1344 3466 ο
1375 3433 1547 3497 ὅντως
1596 3435 1788 3505 εἰρήνη
1822 3432 1942 3487 ἐστὶ

349 3527 457 3600 τῆς
477 3525 658 3599 ψυχῆς
694 3526 755 3580 τὸ
789 3527 962 3596 γλυκὺ
1003 3528 1235 3600 πρᾶγμα
1257 3526 1352 3581 καὶ
1373 3526 1572 3599 ὄνομα,
1594 3526 1688 3582 καὶ
1709 3526 1942 3590 κένωσις

351 3619 650 3692 νοημάτων
679 3617 968 3691 δμπαθῶν.

421 3804 540 3856 κα’.
563 3797 734 3855 Ὅταν
789 3797 978 3862 κακῶς
1023 3796 1431 3869 συμφωνήσῃή
1470 3795 1620 3866 ψυχὴ
1675 3794 1814 3866 μετὰ
1845 3795 1942 3855 τοῦ

357 3889 638 3962 σώματος,
666 3890 786 3944 τότε
815 3889 985 3963 ἄμφω
1013 3889 1362 3960 οἰκοδομοῦσι
1415 3889 1574 3945 πόλιν
1608 3887 1940 3956 κενοδοξίας,

356 3984 458 4042 καὶ
487 3983 888 4056 ὑπερηφανίας,
912 3984 1008 4040 καὶ
1046 3983 1172 4046 τοὺς
1199 3984 1257 4036 ἐν
1318 3981 1501 4044 αὐτοῖς
1557 3980 1946 4051 κατοικοῦντας

354 4078 576 4142 ἀσεϐεῖς
603 4076 920 4148 λογισμούς.
942 4075 998 4130 Ὀ
1015 4074 1073 4129 δὲ
1100 4075 1306 4146 Κύριος
1325 4075 1403 4144 τῷ
1423 4072 1573 4144 φόϐῳ
1592 4073 1693 4143 τῆς
1717 4072 1947 4144 γεέννης

356 4169 465 4242 τὴν
488 4170 799 4242 ὁμοφωνίαν
817 4169 996 4226 αὐτῶν
1021 4170 1214 4239 συγχεῖ
1237 4185 1297 4220 τε
1327 4167 1422 4224 καὶ
1445 4167 1663 4238 διαιρεῖ,
1691 4165 1948 4238 ἀλλότριά

359 4280 431 4318 τε
456 4263 553 4316 καὶ
576 4261 800 4317 ἐναντία
835 4259 916 4330 τῷ
939 4261 1154 4330 σώματι
1207 4259 1307 4330 τὴν
1337 4258 1535 4330 κυρίαν
1558 4257 1737 4329 ψυχὴν
1767 4256 1948 4311 λαλεῖν

355 4372 426 4410 τε
449 4355 545 4409 καὶ
572 4357 790 4424 φρονεῖν
827 4350 1175 4420 ἀναγκάζων.
1213 4350 1304 4416 Ἐξ
1340 4344 1402 4405 οὗ
1431 4350 1594 4419 φόϐος
1621 4350 1716 4404 καὶ
1739 4349 1950 4427 νδιαμε-

361 4448 561 4520 ρισμὸς
583 4449 766 4511 αὐτοῖς
819 4445 1133 4515 συμϐαίνει,
1169 4445 1258 4500 διὰ
1297 4444 1382 4510 τὸ,
1423 4446 1487 4499 τὸ
1535 4444 1792 4516 φρόνημα
1846 4443 1948 4508 τῆς

2041 3247 2294 3303 alacriter
2313 3248 2551 3304 incedat.
2587 3248 2695 3304 Sed
2716 3250 3028 3305 necessario
3059 3251 3256 3306 evadet
3273 3250 3476 3316 anima,
3502 3266 3625 3322 quae

2042 3355 2154 3396 non
2187 3340 2462 3410 attendit,
2495 3341 2696 3397 sterilis
2733 3342 2902 3398 totius
2957 3341 3090 3398 boni
3148 3351 3204 3398 et
3251 3343 3624 3415 intelligentia

2041 3434 2324 3506 perfectae,
2358 3435 2590 3506 perinde
2639 3451 2703 3491 ac
2742 3437 2923 3491 mulus
2967 3437 3200 3504 inutilis,
3251 3438 3340 3494 cui
3385 3455 3496 3493 non
3539 3449 3627 3494 est

2036 3523 2356 3580 intellectus
2405 3526 2688 3606 sapientiae
2735 3525 3024 3596 spiritalis.
3064 3526 3321 3583 Profecto
3375 3544 3481 3599 pax
3539 3539 3624 3585 est

2042 3616 2283 3672 suavitas
2307 3616 2526 3681 animze,
2561 3625 2670 3672 tam
2702 3633 2782 3684 re,
2810 3633 2977 3688 quam
3015 3619 3258 3684 nomine,
3293 3630 3350 3675 et
3373 3636 3613 3677 evacua-

2032 3707 2122 3762 vtio
2161 3708 2551 3779 cogitationum
2585 3709 2887 3768 deditarum
2924 3709 3334 3767 aﬂ'ectionibus.

2033 3835 2036 3838 ι
2115 3797 2206 3852 21.
2223 3796 2656 3863 Quandovitiose
2680 3799 2978 3855 concordat
3001 3801 3184 3854 anima
3208 3817 3337 3857 cum
3364 3818 3617 3873 corpore,

2055 3898 2187 3946 tunc
2235 3891 2396 3946 ambo
2443 3898 2770 3946 construunt
2803 3891 3080 3947 civitatem
3122 3908 3278 3947 vanae
3319 3892 3538 3963 glorie,
3568 3907 3624 3948 et

2043 3981 2318 4052 superbia:
2349 3983 2580 4049 turrim,
2612 3984 2928 4038 habitantes
2983 3985 3148 4040 etiam
3195 3986 3250 4041 in
3293 3987 3374 4042 eis
3427 3987 3626 4056 impias

2048 4076 2429 4146 cogitationes.
2460 4077 2728 4132 Caeterum
2748 4076 3032 4143 Dominus,
3061 4094 3260 4133 eorum
3273 4081 3624 4136 concordiam

2047 4177 2198 4221 metu
2247 4166 2509 4238 gehennae
2566 4165 2855 4222 confundit
2913 4183 2976 4223 ac
3037 4168 3429 4225 dividit:dum
3483 4172 3628 4243 cogit

2047 4259 2416 4330 principatum
2440 4268 2713 4314 tenentem
2733 4259 2970 4314 animam
2992 4262 3196 4316 sentire
3213 4273 3268 4316 et
3286 4263 3425 4332 loqui
3452 4264 3627 4318 aliena

2045 4359 2105 4407 et
2132 4351 2404 4407 contraria
2439 4351 2676 4422 corpori.
2717 4350 2794 4406 Ex
2823 4367 2932 4422 quo
2969 4362 3118 4408 metu
3145 4353 3322 4408 oritur
3350 4354 3459 4408 illis
3485 4355 3626 4409 divi-

2050 4444 2174 4499 sio:
2206 4459 2274 4497 eo
2307 4443 2452 4514 quod
2493 4444 2788 4512 prudentia
2814 4445 3000 4500 carnis
3037 4444 3258 4500 inimica
3305 4446 3376 4501 sit
3411 4445 3540 4512 Deo,
3571 4457 3627 4503 ct

362 4541 598 4614 σαρκὸς,
630 4539 723 4610 ἔχθ
735 4556 831 4608 ραν
857 4540 937 4602 είς
960 4536 1092 4591 Θεὸν
1112 4533 1276 4603 εἶναι,
1305 4538 1401 4595 καὶ
1421 4535 1502 4608 τῷ
1524 4535 1618 4591 τοῦ
1635 4533 1772 4590 Θεοῦ
1796 4534 1934 4607 νόμιζε

2053 4533 2158 4605 legi
2186 4534 2382 4590 divinat
2413 4550 2526 4590 non
2551 4535 2624 4590 sit
2645 4535 2912 4606 subjecta.

364 4635 448 4709 μὴ
476 4630 894 4689 ὑποτάσσεσθαι.

438 4725 542 4795 κβ’.
571 4723 651 4778 Τὰ
700 4715 823 4774 καθ’
861 4717 1078 4792 ἡμέραν
1120 4716 1279 4788 ἡμῶν
1325 4716 1464 4787 ἔργα
1495 4715 1577 4769 δεῖ
1619 4713 1946 4784 σταθμίζειν

359 4817 494 4875 καθ’
529 4816 680 4886 ὤραν
718 4813 812 4868 καὶ
878 4809 1188 4882 προσέχειν,
1240 4809 1335 4863 καὶ
1362 4807 1538 4876 κοῦφα
1580 4807 1680 4877 ὅση
1719 4805 1949 4877 δύναμις

363 4910 461 4970 ἐπ’
491 4910 760 4978 ἀνάγκαις
806 4908 984 4959 ποιεῖν
1024 4907 1090 4974 τῇ
1137 4901 1348 4973 ἑσπέρᾳ
1380 4901 1470 4956 διά
1499 4899 1602 4968 τῆς
1634 4899 1946 4970 μετανοίας,

361 5005 424 5067 εἰ
457 5021 518 5075 γε
553 5000 856 5074 βουλόμεθα
892 5000 989 5054 σὺν
1021 4997 1144 5064 Θεῷ
1165 4995 1266 5064 τῆς
1300 4993 1500 5056 κακίας
1537 4991 1946 5063 περιγενέσθαι.

366 5097 485 5153 Καὶ
523 5098 748 5149 σκοπεῖν
783 5093 886 5158 δεῖ,
922 5091 972 5143 εἰ
1015 5089 1156 5143 κατά
1216 5085 1348 5140 Θεὸν
1367 5084 1632 5154 τελοῦμεν
1671 5083 1851 5138 πάντα
1879 5082 1950 5136 τὰ

366 5187 612 5258 αἰσθητά
649 5185 743 5240 καὶ
785 5183 1088 5253 φαινόμενα
1141 5177 1295 5250 ἡμῶν
1338 5175 1476 5248 ἔργα
1540 5175 1664 5228 κατ’
1716 5173 1950 5228 ἐνώπιον

366 5279 511 5336 Θεοῦ
541 5278 639 5334 καὶ
664 5278 848 5350 μόνον,
896 5275 985 5329 ἱνα
1017 5273 1093 5345 μὴ
1123 5272 1228 5324 ὑπὸ
1253 5271 1363 5325 τῶν
1397 5269 1704 5340 αἰσθήσεων
1736 5268 1951 5337 ἀλόγως

367 5370 756 5443 κλεπτώμεθα.

339 5588 350 5595 -
408 5558 554 5621 .κγ⁶.
594 5549 722 5604 Ἐὰν
743 5549 808 5602 τδ
837 5545 959 5601 καθ’
1005 5544 1247 5614 ἑκάστην
1288 5539 1665 5611 κερδαίνωμεν
1699 5537 1797 5592 σὺν
1824 5534 1948 5607 Θεῷ

338 5644 438 5710 εὲκ
461 5640 562 5711 τῆς
590 5638 748 5709 ἡμῶν
772 5637 1006 5707 νὴψεως,
1035 5633 1136 5686 οὐκ
1158 5627 1448 5698 ὀφείλομεν
1472 5624 1783 5695 ἀδιαφόρως
1812 5623 1947 5676 ἀνα-

363 5729 704 5802 στρέφεσθαι
756 5729 848 5782 καὶ
878 5722 1204 5795 ζημιοῦσθαι
1249 5719 1338 5772 διὰ
1383 5715 1596 5771 πολλῶν
1645 5712 1948 5784 συντυχιῶν

361 5821 688 5894 ὲπισφαλῶν
711 5861 726 5888 ,
758 5819 894 5874 ἀλλὰ
929 5816 1128 5888 μᾶλλον
1179 5811 1544 5882 καταφρονεῖν
1577 5807 1658 5862 δεῖ
1702 5805 1811 5860 τῶν
1844 5824 1947 5878 μα-

2121 4713 2212 4767 ‘22.
2269 4711 2544 4766 Debemus
2588 4727 2754 4782 Opera
2803 4723 2990 4767 nostra
3033 4715 3350 4783 quotidiana
3403 4716 3632 4789 singulis

2037 4805 2204 4860 .boris
2243 4803 2550 4874 ponderare
2610 4812 2667 4858 et
2712 4804 3008 4860 observare
3045 4822 3058 4859 :
3091 4821 3266 4875 eaque
3316 4809 3630 4878 vespertino

2054 4907 2337 4967 tempore,
2383 4911 2483 4966 pro
2529 4895 2693 4960 virili,
2741 4896 3130 4960 necessitatum
3163 4898 3349 4953 habita
3397 4901 3628 4964 ratione,

2055 4987 2326 5044 beneﬁcio
2361 4987 2698 5055 pmnitentim
2725 4987 2994 5053 allevare,
3040 4989 3084 5042 si
3119 4989 3362 5059 quidem,
3415 4989 3631 5044 favente

2055 5081 2198 5147 Deo,
2240 5080 2433 5135 vitium
2464 5093 2726 5148 superare
2757 5078 3028 5138 volumus.
3073 5081 3629 5136 Animadvertendum

2056 5181 2142 5228 est
2171 5173 2358 5239 etiam,
2389 5187 2458 5225 an
2493 5170 2748 5226 universa
2779 5185 2945 5240 opera
2976 5181 3163 5226 nostra
3195 5181 3419 5226 externa
3449 5188 3630 5226 coram

2059 5266 2174 5321 Deo
2219 5263 2539 5334 conspicua,
2593 5278 2657 5316 ex
2705 5264 2976 5317 sententia
3021 5263 3206 5320 divina
3256 5273 3628 5334 peraguntur:

2058 5355 2164 5411 hac
2212 5357 2372 5410 etiam
2415 5353 2590 5408 solum
2644 5353 2712 5407 de
2749 5368 2950 5420 causa,
3011 5370 3083 5408 ne
3137 5354 3438 5410 irrationali
3471 5355 3634 5410 modo

2055 5447 2430 5516 subripiamur
2460 5461 2490 5498 a
2520 5445 2792 5500 sensibus.

2125 5539 2218 5594 ΞΖ).
2256 5537 2335 5602 Si,
2356 5535 2661 5606 opitulante
2685 5537 2814 5600 Deo,
2842 5553 2908 5592 ex
2934 5541 3296 5609 temperantia
3323 5550 3510 5595 nostra
3530 5539 3640 5593 hoc

2054 5629 2192 5684 lucri
2216 5626 2466 5696 quotidie
2493 5625 2810 5691 fecerimus,
2849 5644 2958 5683 non
2982 5629 3247 5685 debemus
3281 5631 3399 5685 sine
3425 5631 3636 5686 discri—

2057 5718 2204 5772 minc
2229 5715 2564 5779 conversari,
2590 5730 2660 5769 ne
2688 5717 2948 5772 damnum
2981 5735 3046 5774 ex
3077 5721 3244 5776 variis
3271 5721 3635 5775 conversatio-

2061 5809 2220 5864 nibur
2253 5807 2502 5866 erroneis
2532 5809 2924 5871 contrahemus
2954 5832 2967 5868 :
2995 5813 3087 5869 sed
3121 5814 3320 5884 potius,
3344 5813 3558 5869 amabili
3583 5815 3638 5862 et
