  <div class='ocr_page' id='page_1' title='image "/cluster/home/n/w/nwhite01/storage/ocr_20150623/93/coo.31924054869973/772.png"; bbox 0 0 3934 6464; ppageno 0'>
   <div class='ocr_carea' id='block_1_1' title="bbox 301 438 436 506">
    <p class='ocr_par' dir='ltr' id='par_1_1' title="bbox 301 438 436 506">
     <span class='ocr_line' id='line_1_1' title="bbox 301 438 436 506; baseline 0.007 -1"><span class='ocrx_word' id='word_1_1' title='bbox 301 438 436 506; x_wconf 72' lang='lat'><strong>1521</strong></span> 
     </span>
    </p>
   </div>
   <div class='ocr_carea' id='block_1_2' title="bbox 997 451 2802 530">
    <p class='ocr_par' dir='ltr' id='par_1_2' title="bbox 997 451 2802 530">
     <span class='ocr_line' id='line_1_2' title="bbox 997 451 2802 530; baseline 0.002 -18"><span class='ocrx_word' id='word_1_2' title='bbox 997 452 1092 513; x_wconf 88' lang='lat' dir='ltr'><strong>DE</strong></span> <span class='ocrx_word' id='word_1_3' title='bbox 1130 453 1679 530; x_wconf 73' lang='lat' dir='ltr'><strong>TEMPERANTIA</strong></span> <span class='ocrx_word' id='word_1_4' title='bbox 1708 453 1800 513; x_wconf 87' lang='lat' dir='ltr'>ET</span> <span class='ocrx_word' id='word_1_5' title='bbox 1841 451 2202 514; x_wconf 73' lang='lat' dir='ltr'><strong>VIRTUTE.</strong></span> <span class='ocrx_word' id='word_1_6' title='bbox 2229 477 2295 487; x_wconf 80' lang='lat'><strong>--</strong></span> <span class='ocrx_word' id='word_1_7' title='bbox 2325 453 2715 516; x_wconf 78' lang='lat' dir='ltr'><strong>CENTURIA</strong></span> <span class='ocrx_word' id='word_1_8' title='bbox 2743 457 2802 516; x_wconf 91' lang='lat' dir='ltr'><strong>II</strong></span> 
     </span>
    </p>
   </div>
   <div class='ocr_carea' id='block_1_3' title="bbox 3439 461 3572 528">
    <p class='ocr_par' dir='ltr' id='par_1_3' title="bbox 3439 461 3572 528">
     <span class='ocr_line' id='line_1_3' title="bbox 3439 461 3572 528; baseline 0.023 -2"><span class='ocrx_word' id='word_1_9' title='bbox 3439 461 3572 528; x_wconf 74' lang='grc'><strong>1522</strong></span> 
     </span>
    </p>
   </div>
   <div class='ocr_carea' id='block_1_4' title="bbox 292 556 1883 636">
    <p class='ocr_par' dir='ltr' id='par_1_4' title="bbox 292 556 1880 636">
     <span class='ocr_line' id='line_1_4' title="bbox 292 556 1880 636; baseline 0.004 -26"><span class='ocrx_word' id='word_1_10' title='bbox 292 557 528 628; x_wconf 72' lang='grc' dir='ltr'>δύναμιν</span> <span class='ocrx_word' id='word_1_11' title='bbox 542 556 808 630; x_wconf 69' lang='grc' dir='ltr'>ἃρῥητον,</span> <span class='ocrx_word' id='word_1_12' title='bbox 822 559 1066 633; x_wconf 71' lang='grc' dir='ltr'>ἀρρήτου</span> <span class='ocrx_word' id='word_1_13' title='bbox 1089 562 1144 616; x_wconf 80' lang='grc' dir='ltr'>δὲ</span> <span class='ocrx_word' id='word_1_14' title='bbox 1165 565 1260 617; x_wconf 70' lang='grc' dir='ltr'>καὶ</span> <span class='ocrx_word' id='word_1_15' title='bbox 1281 563 1493 635; x_wconf 77' lang='grc' dir='ltr'>ἀρετῶν</span> <span class='ocrx_word' id='word_1_16' title='bbox 1520 563 1880 636; x_wconf 68' lang='grc' dir='ltr'>θεωρητικήν.</span> 
     </span>
    </p>
   </div>
   <div class='ocr_carea' id='block_1_5' title="bbox 2002 556 3570 636">
    <p class='ocr_par' dir='ltr' id='par_1_5' title="bbox 2002 559 3570 628">
     <span class='ocr_line' id='line_1_5' title="bbox 2002 559 3570 628; baseline 0.01 -15"><span class='ocrx_word' id='word_1_17' title='bbox 2002 559 2199 616; x_wconf 77' lang='lat' dir='ltr'><strong>ld-\‘ittl</strong></span> <span class='ocrx_word' id='word_1_18' title='bbox 2235 577 2513 626; x_wconf 81' lang='lat' dir='ltr'><strong>arcanam,</strong></span> <span class='ocrx_word' id='word_1_19' title='bbox 2553 579 2877 620; x_wconf 86' lang='lat' dir='ltr'><strong>arcanorum</strong></span> <span class='ocrx_word' id='word_1_20' title='bbox 2919 576 2974 621; x_wconf 89' lang='lat' dir='ltr'><strong>et</strong></span> <span class='ocrx_word' id='word_1_21' title='bbox 3034 569 3294 625; x_wconf 82' lang='lat' dir='ltr'><strong>virtutum</strong></span> <span class='ocrx_word' id='word_1_22' title='bbox 3328 583 3570 628; x_wconf 76' lang='lat' dir='ltr'><strong>content-</strong></span> 
     </span>
    </p>
   </div>
   <div class='ocr_carea' id='block_1_6' title="bbox 293 647 1882 730">
    <p class='ocr_par' dir='ltr' id='par_1_6' title="bbox 293 647 1882 730">
     <span class='ocr_line' id='line_1_6' title="bbox 293 647 1882 730; baseline 0.006 -28"><span class='ocrx_word' id='word_1_23' title='bbox 293 648 406 702; x_wconf 78' lang='grc' dir='ltr'><strong>Καὶ</strong></span> <span class='ocrx_word' id='word_1_24' title='bbox 427 647 590 718; x_wconf 81' lang='grc' dir='ltr'>βάθος</span> <span class='ocrx_word' id='word_1_25' title='bbox 613 649 820 721; x_wconf 76' lang='grc' dir='ltr'>ὑψηλὸν</span> <span class='ocrx_word' id='word_1_26' title='bbox 842 652 936 706; x_wconf 79' lang='grc' dir='ltr'>τοῦ</span> <span class='ocrx_word' id='word_1_27' title='bbox 967 654 1201 726; x_wconf 78' lang='grc' dir='ltr'><strong>ἀπείρου</strong></span> <span class='ocrx_word' id='word_1_28' title='bbox 1225 656 1386 711; x_wconf 83' lang='grc' dir='ltr'>θείων</span> <span class='ocrx_word' id='word_1_29' title='bbox 1415 657 1634 712; x_wconf 76' lang='grc' dir='ltr'><strong>ἐννοιῶν</strong></span> <span class='ocrx_word' id='word_1_30' title='bbox 1662 660 1720 712; x_wconf 84' lang='grc' dir='ltr'>ἐν</span> <span class='ocrx_word' id='word_1_31' title='bbox 1745 676 1882 730; x_wconf 83' lang='grc' dir='ltr'>καρ-</span> 
     </span>
    </p>
   </div>
   <div class='ocr_carea' id='block_1_7' title="bbox 292 740 1885 822">
    <p class='ocr_par' dir='ltr' id='par_1_7' title="bbox 292 740 1885 822">
     <span class='ocr_line' id='line_1_7' title="bbox 292 740 1885 822; baseline 0.008 -28"><span class='ocrx_word' id='word_1_32' title='bbox 292 740 384 813; x_wconf 82' lang='grc' dir='ltr'><strong>δίᾳ</strong></span> <span class='ocrx_word' id='word_1_33' title='bbox 404 741 722 812; x_wconf 74' lang='grc' dir='ltr'>δεξάμυος,</span> <span class='ocrx_word' id='word_1_34' title='bbox 744 744 1068 817; x_wconf 84' lang='grc' dir='ltr'>ὀφθήσεται,</span> <span class='ocrx_word' id='word_1_35' title='bbox 1088 741 1181 816; x_wconf 61' lang='grc' dir='ltr'>’ὡς</span> <span class='ocrx_word' id='word_1_36' title='bbox 1212 750 1433 818; x_wconf 77' lang='grc' dir='ltr'>ἐφικτὸν</span> <span class='ocrx_word' id='word_1_37' title='bbox 1453 751 1672 822; x_wconf 78' lang='grc' dir='ltr'>καρδίᾳ,</span> <span class='ocrx_word' id='word_1_38' title='bbox 1695 752 1724 805; x_wconf 86' lang='grc' dir='ltr'>ὁ</span> <span class='ocrx_word' id='word_1_39' title='bbox 1753 752 1885 817; x_wconf 80' lang='grc' dir='ltr'>Θεὸς</span> 
     </span>
    </p>
   </div>
   <div class='ocr_carea' id='block_1_8' title="bbox 292 833 1884 915">
    <p class='ocr_par' dir='ltr' id='par_1_8' title="bbox 292 833 1884 915">
     <span class='ocr_line' id='line_1_8' title="bbox 292 833 1884 915; baseline 0.008 -29"><span class='ocrx_word' id='word_1_40' title='bbox 292 834 406 888; x_wconf 83' lang='grc' dir='ltr'><strong>τῶν</strong></span> <span class='ocrx_word' id='word_1_41' title='bbox 436 833 577 888; x_wconf 88' lang='grc' dir='ltr'>θεῶν</span> <span class='ocrx_word' id='word_1_42' title='bbox 600 852 616 867; x_wconf 79' lang='grc' dir='ltr'><strong><em>ο</em></strong></span> <span class='ocrx_word' id='word_1_43' title='bbox 656 837 685 888; x_wconf 84' lang='grc' dir='ltr'><strong>ὁ</strong></span> <span class='ocrx_word' id='word_1_44' title='bbox 723 836 782 891; x_wconf 81' lang='grc' dir='ltr'>δὲ</span> <span class='ocrx_word' id='word_1_45' title='bbox 821 837 946 902; x_wconf 82' lang='grc' dir='ltr'>νοῦς</span> <span class='ocrx_word' id='word_1_46' title='bbox 981 841 1281 910; x_wconf 69' lang='grc' dir='ltr'>ἐκπλαγεὶς</span> <span class='ocrx_word' id='word_1_47' title='bbox 1323 844 1568 898; x_wconf 75' lang='grc' dir='ltr'>κυδαίνει</span> <span class='ocrx_word' id='word_1_48' title='bbox 1613 845 1884 915; x_wconf 81' lang='grc' dir='ltr'>ἀγαπητι-</span> 
     </span>
    </p>
   </div>
   <div class='ocr_carea' id='block_1_9' title="bbox 293 927 1886 1007">
    <p class='ocr_par' dir='ltr' id='par_1_9' title="bbox 293 927 1886 1007">
     <span class='ocr_line' id='line_1_9' title="bbox 293 927 1886 1007; baseline 0.006 -25"><span class='ocrx_word' id='word_1_49' title='bbox 293 927 412 992; x_wconf 86' lang='grc' dir='ltr'><strong>κῶς</strong></span> <span class='ocrx_word' id='word_1_50' title='bbox 452 927 588 982; x_wconf 80' lang='grc' dir='ltr'>Θεὸν</span> <span class='ocrx_word' id='word_1_51' title='bbox 640 929 733 986; x_wconf 80' lang='grc' dir='ltr'><strong>τὸν</strong></span> <span class='ocrx_word' id='word_1_52' title='bbox 791 930 1125 1002; x_wconf 78' lang='grc' dir='ltr'><strong>βλεπόμενον</strong></span> <span class='ocrx_word' id='word_1_53' title='bbox 1168 937 1264 988; x_wconf 76' lang='grc' dir='ltr'>καὶ</span> <span class='ocrx_word' id='word_1_54' title='bbox 1315 936 1620 1007; x_wconf 75' lang='grc' dir='ltr'><strong>βλέποντα,</strong></span> <span class='ocrx_word' id='word_1_55' title='bbox 1661 937 1758 992; x_wconf 72' lang='grc' dir='ltr'>καὶ</span> <span class='ocrx_word' id='word_1_56' title='bbox 1797 938 1886 992; x_wconf 70' lang='grc' dir='ltr'><strong>διὰ</strong></span> 
     </span>
    </p>
   </div>
   <div class='ocr_carea' id='block_1_10' title="bbox 291 1018 1510 1096">
    <p class='ocr_par' dir='ltr' id='par_1_10' title="bbox 291 1018 1510 1096">
     <span class='ocr_line' id='line_1_10' title="bbox 291 1018 1510 1096; baseline 0.008 -22"><span class='ocrx_word' id='word_1_57' title='bbox 291 1018 454 1075; x_wconf 81' lang='grc' dir='ltr'>τοῦτο</span> <span class='ocrx_word' id='word_1_58' title='bbox 483 1024 707 1078; x_wconf 79' lang='grc' dir='ltr'>κάκεῖνο</span> <span class='ocrx_word' id='word_1_59' title='bbox 736 1025 832 1078; x_wconf 78' lang='grc' dir='ltr'>καὶ</span> <span class='ocrx_word' id='word_1_60' title='bbox 863 1023 1028 1089; x_wconf 80' lang='grc' dir='ltr'>σώζει</span> <span class='ocrx_word' id='word_1_61' title='bbox 1055 1027 1147 1080; x_wconf 82' lang='grc' dir='ltr'><strong>τὸν</strong></span> <span class='ocrx_word' id='word_1_62' title='bbox 1173 1029 1510 1096; x_wconf 78' lang='grc' dir='ltr'><strong>ἀτενίζοντα.</strong></span> 
     </span>
    </p>
   </div>
   <div class='ocr_carea' id='block_1_11' title="bbox 365 1199 1885 1284">
    <p class='ocr_par' dir='ltr' id='par_1_11' title="bbox 365 1199 1885 1284">
     <span class='ocr_line' id='line_1_11' title="bbox 365 1199 1885 1284; baseline 0.009 -30"><span class='ocrx_word' id='word_1_63' title='bbox 365 1199 433 1257; x_wconf 85' lang='grc' dir='ltr'>λ’.</span> <span class='ocrx_word' id='word_1_64' title='bbox 449 1200 622 1257; x_wconf 79' lang='grc' dir='ltr'>Βυθδν</span> <span class='ocrx_word' id='word_1_65' title='bbox 645 1202 849 1274; x_wconf 77' lang='grc' dir='ltr'>ὑψηλὸν</span> <span class='ocrx_word' id='word_1_66' title='bbox 865 1203 1163 1275; x_wconf 74' lang='grc' dir='ltr'><strong>κατόψεται</strong></span> <span class='ocrx_word' id='word_1_67' title='bbox 1186 1210 1504 1276; x_wconf 81' lang='grc' dir='ltr'>γνωστικῶς</span> <span class='ocrx_word' id='word_1_68' title='bbox 1531 1211 1729 1282; x_wconf 82' lang='grc' dir='ltr'>ἡσυχία</span> <span class='ocrx_word' id='word_1_69' title='bbox 1750 1231 1885 1284; x_wconf 79' lang='grc' dir='ltr'>καρ-</span> 
     </span>
    </p>
   </div>
   <div class='ocr_carea' id='block_1_12' title="bbox 291 1287 1884 1370">
    <p class='ocr_par' dir='ltr' id='par_1_12' title="bbox 291 1287 1884 1370">
     <span class='ocr_line' id='line_1_12' title="bbox 291 1287 1884 1370; baseline 0.009 -29"><span class='ocrx_word' id='word_1_70' title='bbox 291 1287 459 1362; x_wconf 76' lang='grc' dir='ltr'>διακὴ</span> <span class='ocrx_word' id='word_1_71' title='bbox 488 1291 898 1365; x_wconf 78' lang='grc' dir='ltr'>κατορθουμένη</span> <span class='ocrx_word' id='word_1_72' title='bbox 918 1331 935 1358; x_wconf 95' lang='grc'><strong>,</strong></span> <span class='ocrx_word' id='word_1_73' title='bbox 987 1294 1084 1349; x_wconf 78' lang='grc' dir='ltr'>καὶ</span> <span class='ocrx_word' id='word_1_74' title='bbox 1126 1295 1340 1364; x_wconf 76' lang='grc' dir='ltr'>ἐξαίσια</span> <span class='ocrx_word' id='word_1_75' title='bbox 1368 1301 1519 1370; x_wconf 78' lang='grc' dir='ltr'>παρὰ</span> <span class='ocrx_word' id='word_1_76' title='bbox 1551 1300 1686 1356; x_wconf 88' lang='grc' dir='ltr'>Θεοῦ</span> <span class='ocrx_word' id='word_1_77' title='bbox 1721 1302 1884 1356; x_wconf 83' lang='grc' dir='ltr'>ἀκου-</span> 
     </span>
    </p>
   </div>
   <div class='ocr_carea' id='block_1_13' title="bbox 293 1378 957 1455">
    <p class='ocr_par' dir='ltr' id='par_1_13' title="bbox 293 1378 957 1455">
     <span class='ocr_line' id='line_1_13' title="bbox 293 1378 957 1455; baseline 0.012 -23"><span class='ocrx_word' id='word_1_78' title='bbox 293 1378 554 1449; x_wconf 85' lang='grc' dir='ltr'>σθήσεται</span> <span class='ocrx_word' id='word_1_79' title='bbox 580 1379 675 1447; x_wconf 77' lang='grc' dir='ltr'>οὖς</span> <span class='ocrx_word' id='word_1_80' title='bbox 705 1383 957 1455; x_wconf 78' lang='grc' dir='ltr'>ἡσυχίας.</span> 
     </span>
    </p>
   </div>
   <div class='ocr_carea' id='block_1_14' title="bbox 365 1472 1884 1550">
    <p class='ocr_par' dir='ltr' id='par_1_14' title="bbox 365 1472 1884 1550">
     <span class='ocr_line' id='line_1_14' title="bbox 365 1472 1884 1550; baseline 0.009 -25"><span class='ocrx_word' id='word_1_81' title='bbox 365 1472 469 1527; x_wconf 87' lang='grc' dir='ltr'>λα’.</span> <span class='ocrx_word' id='word_1_82' title='bbox 509 1475 814 1546; x_wconf 87' lang='grc' dir='ltr'>Ὀδοιπόρος</span> <span class='ocrx_word' id='word_1_83' title='bbox 861 1478 962 1549; x_wconf 79' lang='grc' dir='ltr'><strong>μὲν</strong></span> <span class='ocrx_word' id='word_1_84' title='bbox 997 1478 1214 1550; x_wconf 80' lang='grc' dir='ltr'>μακρὰν</span> <span class='ocrx_word' id='word_1_85' title='bbox 1252 1480 1345 1533; x_wconf 79' lang='grc' dir='ltr'>καὶ</span> <span class='ocrx_word' id='word_1_86' title='bbox 1398 1482 1757 1537; x_wconf 82' lang='grc' dir='ltr'>δυσδιάσατον</span> <span class='ocrx_word' id='word_1_87' title='bbox 1788 1485 1884 1539; x_wconf 74' lang='grc' dir='ltr'>καὶ</span> 
     </span>
    </p>
   </div>
   <div class='ocr_carea' id='block_1_15' title="bbox 290 1563 1883 1646">
    <p class='ocr_par' dir='ltr' id='par_1_15' title="bbox 290 1563 1883 1646">
     <span class='ocr_line' id='line_1_15' title="bbox 290 1563 1883 1646; baseline 0.006 -26"><span class='ocrx_word' id='word_1_88' title='bbox 290 1563 576 1636; x_wconf 69' lang='grc' dir='ltr'>ἀργαλέαν</span> <span class='ocrx_word' id='word_1_89' title='bbox 623 1567 743 1622; x_wconf 73' lang='grc' dir='ltr'>ὁδὸν</span> <span class='ocrx_word' id='word_1_90' title='bbox 789 1570 1104 1626; x_wconf 81' lang='grc' dir='ltr'><strong>στείλασθαι</strong></span> <span class='ocrx_word' id='word_1_91' title='bbox 1139 1573 1505 1644; x_wconf 70' lang='grc' dir='ltr'>ἐναρξάμενος</span> <span class='ocrx_word' id='word_1_92' title='bbox 1528 1615 1542 1640; x_wconf 92' lang='grc'><strong>,</strong></span> <span class='ocrx_word' id='word_1_93' title='bbox 1586 1575 1797 1646; x_wconf 81' lang='grc' dir='ltr'>πλάνην</span> <span class='ocrx_word' id='word_1_94' title='bbox 1823 1593 1883 1630; x_wconf 87' lang='grc' dir='ltr'><strong>τε</strong></span> 
     </span>
    </p>
   </div>
   <div class='ocr_carea' id='block_1_16' title="bbox 293 1661 1884 1740">
    <p class='ocr_par' dir='ltr' id='par_1_16' title="bbox 293 1661 1884 1740">
     <span class='ocr_line' id='line_1_16' title="bbox 293 1661 1884 1740; baseline 0.006 -26"><span class='ocrx_word' id='word_1_95' title='bbox 293 1661 651 1734; x_wconf 72' lang='grc' dir='ltr'>ὑφορώμενος</span> <span class='ocrx_word' id='word_1_96' title='bbox 697 1667 755 1719; x_wconf 84' lang='grc' dir='ltr'><strong>ὲν</strong></span> <span class='ocrx_word' id='word_1_97' title='bbox 796 1665 875 1736; x_wconf 84' lang='grc' dir='ltr'>τῷ</span> <span class='ocrx_word' id='word_1_98' title='bbox 919 1667 1323 1740; x_wconf 75' lang='grc' dir='ltr'><strong>ὑποστρέφειν,</strong></span> <span class='ocrx_word' id='word_1_99' title='bbox 1364 1671 1570 1740; x_wconf 82' lang='grc' dir='ltr'>σημεῖά</span> <span class='ocrx_word' id='word_1_100' title='bbox 1615 1687 1737 1724; x_wconf 90' lang='grc' dir='ltr'>τινα</span> <span class='ocrx_word' id='word_1_101' title='bbox 1788 1671 1884 1726; x_wconf 64' lang='grc' dir='ltr'><strong>καί⁵</strong></span> 
     </span>
    </p>
   </div>
   <div class='ocr_carea' id='block_1_17' title="bbox 291 1753 1882 1834">
    <p class='ocr_par' dir='ltr' id='par_1_17' title="bbox 291 1753 1882 1834">
     <span class='ocr_line' id='line_1_17' title="bbox 291 1753 1882 1834; baseline 0.007 -28"><span class='ocrx_word' id='word_1_102' title='bbox 291 1753 525 1822; x_wconf 79' lang='grc' dir='ltr'>ὁδηγοὺς</span> <span class='ocrx_word' id='word_1_103' title='bbox 569 1755 629 1808; x_wconf 79' lang='grc' dir='ltr'><strong>ὲν</strong></span> <span class='ocrx_word' id='word_1_104' title='bbox 677 1757 958 1830; x_wconf 76' lang='grc' dir='ltr'><strong>ὁδοιπορίᾳ</strong></span> <span class='ocrx_word' id='word_1_105' title='bbox 1013 1759 1180 1814; x_wconf 71' lang='grc' dir='ltr'>αὑτοῦ</span> <span class='ocrx_word' id='word_1_106' title='bbox 1227 1761 1634 1832; x_wconf 78' lang='grc' dir='ltr'>καταπήξεται,</span> <span class='ocrx_word' id='word_1_107' title='bbox 1692 1762 1882 1834; x_wconf 70' lang='grc' dir='ltr'>ῥᾳδίαν</span> 
     </span>
    </p>
   </div>
   <div class='ocr_carea' id='block_1_18' title="bbox 292 1840 1876 1925">
    <p class='ocr_par' dir='ltr' id='par_1_18' title="bbox 292 1840 1876 1925">
     <span class='ocr_line' id='line_1_18' title="bbox 292 1840 1876 1925; baseline 0.006 -25"><span class='ocrx_word' id='word_1_108' title='bbox 292 1845 451 1918; x_wconf 84' lang='grc' dir='ltr'><strong>αὺτῷ</strong></span> <span class='ocrx_word' id='word_1_109' title='bbox 483 1847 582 1918; x_wconf 81' lang='grc' dir='ltr'><strong>τὴν</strong></span> <span class='ocrx_word' id='word_1_110' title='bbox 613 1849 751 1918; x_wconf 87' lang='grc' dir='ltr'>πρὸς</span> <span class='ocrx_word' id='word_1_111' title='bbox 780 1850 852 1904; x_wconf 77' lang='grc' dir='ltr'><strong>τὰ</strong></span> <span class='ocrx_word' id='word_1_112' title='bbox 874 1840 1468 1924; x_wconf 76' lang='grc' dir='ltr'>οἰκεῖαὲπανάκαμψιν</span> <span class='ocrx_word' id='word_1_113' title='bbox 1494 1854 1876 1925; x_wconf 77' lang='grc' dir='ltr'>προξενοῦντα.</span> 
     </span>
    </p>
   </div>
   <div class='ocr_carea' id='block_1_19' title="bbox 292 1937 1882 2018">
    <p class='ocr_par' dir='ltr' id='par_1_19' title="bbox 292 1937 1882 2018">
     <span class='ocr_line' id='line_1_19' title="bbox 292 1937 1882 2018; baseline 0.004 -25"><span class='ocrx_word' id='word_1_114' title='bbox 292 1937 507 2006; x_wconf 81' lang='grc' dir='ltr'>Λόγους</span> <span class='ocrx_word' id='word_1_115' title='bbox 527 1939 586 1993; x_wconf 85' lang='grc' dir='ltr'>δὲ</span> <span class='ocrx_word' id='word_1_116' title='bbox 611 1943 639 1993; x_wconf 86' lang='grc' dir='ltr'>ὁ</span> <span class='ocrx_word' id='word_1_117' title='bbox 665 1942 945 2011; x_wconf 76' lang='grc' dir='ltr'>νηφαλίως</span> <span class='ocrx_word' id='word_1_118' title='bbox 961 1944 1160 2000; x_wconf 83' lang='grc' dir='ltr'>ὁδεύων</span> <span class='ocrx_word' id='word_1_119' title='bbox 1183 1945 1326 2018; x_wconf 31' lang='grc' dir='ltr'>ἀνὴρ,</span> <span class='ocrx_word' id='word_1_120' title='bbox 1341 1945 1701 2016; x_wconf 85' lang='grc' dir='ltr'>στηλὼσεται,</span> <span class='ocrx_word' id='word_1_121' title='bbox 1723 1947 1882 2000; x_wconf 78' lang='grc' dir='ltr'>τοῦτο</span> 
     </span>
    </p>
   </div>
   <div class='ocr_carea' id='block_1_20' title="bbox 292 2026 1126 2104">
    <p class='ocr_par' dir='ltr' id='par_1_20' title="bbox 292 2026 1126 2104">
     <span class='ocr_line' id='line_1_20' title="bbox 292 2026 1126 2104; baseline 0.01 -25"><span class='ocrx_word' id='word_1_122' title='bbox 292 2026 430 2080; x_wconf 84' lang='grc' dir='ltr'>αὐτὸ</span> <span class='ocrx_word' id='word_1_123' title='bbox 455 2029 544 2081; x_wconf 83' lang='grc' dir='ltr'>καὶ</span> <span class='ocrx_word' id='word_1_124' title='bbox 566 2029 729 2094; x_wconf 79' lang='grc' dir='ltr'>αὐτὸς</span> <span class='ocrx_word' id='word_1_125' title='bbox 756 2031 1126 2104; x_wconf 82' lang='grc' dir='ltr'>ὑφορώμενος.</span> 
     </span>
    </p>
   </div>
   <div class='ocr_carea' id='block_1_21' title="bbox 369 2120 1884 2200">
    <p class='ocr_par' dir='ltr' id='par_1_21' title="bbox 369 2120 1884 2200">
     <span class='ocr_line' id='line_1_21' title="bbox 369 2120 1884 2200; baseline 0.008 -26"><span class='ocrx_word' id='word_1_126' title='bbox 369 2120 472 2192; x_wconf 83' lang='grc' dir='ltr'>λβ’.</span> <span class='ocrx_word' id='word_1_127' title='bbox 513 2123 676 2178; x_wconf 83' lang='grc' dir='ltr'><strong>Ἀλλά</strong></span> <span class='ocrx_word' id='word_1_128' title='bbox 714 2125 794 2197; x_wconf 85' lang='grc' dir='ltr'>τῷ</span> <span class='ocrx_word' id='word_1_129' title='bbox 841 2127 941 2198; x_wconf 79' lang='grc' dir='ltr'><strong>μὲν</strong></span> <span class='ocrx_word' id='word_1_130' title='bbox 977 2128 1243 2199; x_wconf 83' lang='grc' dir='ltr'>όδιοπόρῳ</span> <span class='ocrx_word' id='word_1_131' title='bbox 1286 2131 1714 2200; x_wconf 79' lang='grc' dir='ltr'>ὲπανακάμψαι,</span> <span class='ocrx_word' id='word_1_132' title='bbox 1760 2131 1884 2186; x_wconf 84' lang='grc' dir='ltr'>ὅθεν</span> 
     </span>
    </p>
   </div>
   <div class='ocr_carea' id='block_1_22' title="bbox 292 2211 1881 2294">
    <p class='ocr_par' dir='ltr' id='par_1_22' title="bbox 292 2211 1881 2294">
     <span class='ocr_line' id='line_1_22' title="bbox 292 2211 1881 2294; baseline 0.008 -30"><span class='ocrx_word' id='word_1_133' title='bbox 292 2211 463 2284; x_wconf 78' lang='grc' dir='ltr'>ὲξέδη</span> <span class='ocrx_word' id='word_1_134' title='bbox 483 2217 660 2288; x_wconf 78' lang='grc' dir='ltr'>χαρᾶς</span> <span class='ocrx_word' id='word_1_135' title='bbox 700 2216 961 2288; x_wconf 78' lang='grc' dir='ltr'>πρόξενον</span> <span class='ocrx_word' id='word_1_136' title='bbox 994 2235 1009 2248; x_wconf 75' lang='grc' dir='ltr'><strong>ο</strong></span> <span class='ocrx_word' id='word_1_137' title='bbox 1043 2221 1294 2291; x_wconf 81' lang='grc' dir='ltr'>νηφαλέῳ</span> <span class='ocrx_word' id='word_1_138' title='bbox 1339 2222 1394 2275; x_wconf 82' lang='grc' dir='ltr'>δὲ</span> <span class='ocrx_word' id='word_1_139' title='bbox 1427 2223 1881 2294; x_wconf 77' lang='grc' dir='ltr'>ἐπανακάμπτειν</span> 
     </span>
    </p>
   </div>
   <div class='ocr_carea' id='block_1_23' title="bbox 293 2303 1882 2385">
    <p class='ocr_par' dir='ltr' id='par_1_23' title="bbox 293 2303 1882 2385">
     <span class='ocr_line' id='line_1_23' title="bbox 293 2303 1882 2385; baseline 0.008 -30"><span class='ocrx_word' id='word_1_140' title='bbox 293 2303 381 2367; x_wconf 77' lang='grc' dir='ltr'>εἰς</span> <span class='ocrx_word' id='word_1_141' title='bbox 412 2303 482 2358; x_wconf 81' lang='grc' dir='ltr'><strong>τὰ</strong></span> <span class='ocrx_word' id='word_1_142' title='bbox 508 2305 685 2361; x_wconf 83' lang='grc' dir='ltr'>ὀπίσω</span> <span class='ocrx_word' id='word_1_143' title='bbox 704 2351 720 2376; x_wconf 93' lang='grc'><strong>,</strong></span> <span class='ocrx_word' id='word_1_144' title='bbox 754 2308 974 2382; x_wconf 76' lang='grc' dir='ltr'>ὄλεθρος</span> <span class='ocrx_word' id='word_1_145' title='bbox 1019 2310 1200 2382; x_wconf 87' lang='grc' dir='ltr'>ψυχῆς</span> <span class='ocrx_word' id='word_1_146' title='bbox 1229 2311 1453 2384; x_wconf 78' lang='grc' dir='ltr'><strong>λογικῆς</strong></span> <span class='ocrx_word' id='word_1_147' title='bbox 1476 2357 1491 2378; x_wconf 88' lang='grc'><strong>,</strong></span> <span class='ocrx_word' id='word_1_148' title='bbox 1526 2315 1620 2368; x_wconf 83' lang='grc' dir='ltr'>καὶ</span> <span class='ocrx_word' id='word_1_149' title='bbox 1656 2317 1882 2385; x_wconf 84' lang='grc' dir='ltr'>σημεῖον</span> 
     </span>
    </p>
   </div>
   <div class='ocr_carea' id='block_1_24' title="bbox 296 2396 1882 2474">
    <p class='ocr_par' dir='ltr' id='par_1_24' title="bbox 296 2396 1882 2474">
     <span class='ocr_line' id='line_1_24' title="bbox 296 2396 1882 2474; baseline 0.007 -24"><span class='ocrx_word' id='word_1_150' title='bbox 296 2396 637 2464; x_wconf 66' lang='grc' dir='ltr'>ἀποστασίας</span> <span class='ocrx_word' id='word_1_151' title='bbox 666 2399 1110 2473; x_wconf 64' lang='grc' dir='ltr'>τῶνοθεαρέστων</span> <span class='ocrx_word' id='word_1_152' title='bbox 1137 2402 1318 2474; x_wconf 73' lang='grc' dir='ltr'>ἔργων</span> <span class='ocrx_word' id='word_1_153' title='bbox 1347 2422 1405 2458; x_wconf 87' lang='grc' dir='ltr'>τε</span> <span class='ocrx_word' id='word_1_154' title='bbox 1438 2407 1530 2458; x_wconf 79' lang='grc' dir='ltr'>καὶ</span> <span class='ocrx_word' id='word_1_155' title='bbox 1559 2404 1756 2474; x_wconf 86' lang='grc' dir='ltr'>λόγων,</span> <span class='ocrx_word' id='word_1_156' title='bbox 1786 2407 1882 2461; x_wconf 80' lang='grc' dir='ltr'>καὶ</span> 
     </span>
    </p>
   </div>
   <div class='ocr_carea' id='block_1_25' title="bbox 295 2487 1878 2570">
    <p class='ocr_par' dir='ltr' id='par_1_25' title="bbox 295 2487 1878 2570">
     <span class='ocr_line' id='line_1_25' title="bbox 295 2487 1878 2570; baseline 0.009 -31"><span class='ocrx_word' id='word_1_157' title='bbox 295 2487 539 2554; x_wconf 63' lang='grc' dir='ltr'>ἐννοιῶν,</span> <span class='ocrx_word' id='word_1_158' title='bbox 554 2506 648 2544; x_wconf 86' lang='grc' dir='ltr'><strong>και</strong></span> <span class='ocrx_word' id='word_1_159' title='bbox 673 2489 784 2556; x_wconf 60' lang='lat' dir='ltr'><strong>tisi</strong></span> <span class='ocrx_word' id='word_1_160' title='bbox 813 2493 871 2545; x_wconf 67' lang='grc' dir='ltr'><strong>ἓν</strong></span> <span class='ocrx_word' id='word_1_161' title='bbox 899 2491 1076 2564; x_wconf 80' lang='grc' dir='ltr'>καιρῷ</span> <span class='ocrx_word' id='word_1_162' title='bbox 1095 2493 1265 2548; x_wconf 73' lang='grc' dir='ltr'>ὕπνου</span> <span class='ocrx_word' id='word_1_163' title='bbox 1298 2495 1475 2566; x_wconf 83' lang='grc' dir='ltr'>ψυχῆς</span> <span class='ocrx_word' id='word_1_164' title='bbox 1503 2495 1878 2570; x_wconf 80' lang='grc' dir='ltr'>θανατηφόρου</span> 
     </span>
    </p>
   </div>
   <div class='ocr_carea' id='block_1_26' title="bbox 299 2576 1881 2660">
    <p class='ocr_par' dir='ltr' id='par_1_26' title="bbox 299 2576 1881 2660">
     <span class='ocr_line' id='line_1_26' title="bbox 299 2576 1881 2660; baseline 0.009 -30"><span class='ocrx_word' id='word_1_165' title='bbox 299 2576 428 2641; x_wconf 81' lang='grc' dir='ltr'>τοὺς</span> <span class='ocrx_word' id='word_1_166' title='bbox 456 2577 648 2648; x_wconf 79' lang='grc' dir='ltr'>λόγους</span> <span class='ocrx_word' id='word_1_167' title='bbox 675 2580 751 2646; x_wconf 82' lang='grc' dir='ltr'>ὡς</span> <span class='ocrx_word' id='word_1_168' title='bbox 798 2582 1002 2654; x_wconf 78' lang='grc' dir='ltr'>κέντρα</span> <span class='ocrx_word' id='word_1_169' title='bbox 1050 2583 1420 2656; x_wconf 83' lang='grc' dir='ltr'>διεγείροντας</span> <span class='ocrx_word' id='word_1_170' title='bbox 1459 2587 1619 2643; x_wconf 74' lang='grc' dir='ltr'>αὑτὸν</span> <span class='ocrx_word' id='word_1_171' title='bbox 1644 2591 1714 2660; x_wconf 79' lang='grc' dir='ltr'><strong>τῇ</strong></span> <span class='ocrx_word' id='word_1_172' title='bbox 1745 2590 1881 2644; x_wconf 83' lang='grc' dir='ltr'>ὑπο-</span> 
     </span>
    </p>
   </div>
   <div class='ocr_carea' id='block_1_27' title="bbox 296 2672 1883 2754">
    <p class='ocr_par' dir='ltr' id='par_1_27' title="bbox 296 2672 1883 2754">
     <span class='ocr_line' id='line_1_27' title="bbox 296 2672 1883 2754; baseline 0.008 -30"><span class='ocrx_word' id='word_1_173' title='bbox 296 2672 501 2742; x_wconf 79' lang='grc' dir='ltr'>μνήσει</span> <span class='ocrx_word' id='word_1_174' title='bbox 537 2673 632 2726; x_wconf 83' lang='grc' dir='ltr'>τοῦ</span> <span class='ocrx_word' id='word_1_175' title='bbox 664 2675 860 2729; x_wconf 77' lang='grc' dir='ltr'>πολλοῦ</span> <span class='ocrx_word' id='word_1_176' title='bbox 890 2677 1084 2748; x_wconf 85' lang='grc' dir='ltr'>κάρου,</span> <span class='ocrx_word' id='word_1_177' title='bbox 1115 2679 1210 2733; x_wconf 83' lang='grc' dir='ltr'>καὶ</span> <span class='ocrx_word' id='word_1_178' title='bbox 1241 2679 1516 2751; x_wconf 67' lang='grc' dir='ltr'>ῥᾳθυμίας</span> <span class='ocrx_word' id='word_1_179' title='bbox 1540 2681 1638 2752; x_wconf 89' lang='grc' dir='ltr'><strong>τῆς</strong></span> <span class='ocrx_word' id='word_1_180' title='bbox 1659 2680 1720 2749; x_wconf 72' lang='grc' dir='ltr'><strong>ἐξ</strong></span> <span class='ocrx_word' id='word_1_181' title='bbox 1747 2683 1883 2754; x_wconf 80' lang='grc' dir='ltr'>άμε-</span> 
     </span>
    </p>
   </div>
   <div class='ocr_carea' id='block_1_28' title="bbox 292 2755 970 2834">
    <p class='ocr_par' dir='ltr' id='par_1_28' title="bbox 292 2755 970 2834">
     <span class='ocr_line' id='line_1_28' title="bbox 292 2755 970 2834; baseline 0.012 -25"><span class='ocrx_word' id='word_1_182' title='bbox 292 2755 319 2805; x_wconf 78' lang='grc' dir='ltr'><strong>ὶ-</strong></span> <span class='ocrx_word' id='word_1_183' title='bbox 331 2759 444 2822; x_wconf 89' lang='grc' dir='ltr'>είας</span> <span class='ocrx_word' id='word_1_184' title='bbox 472 2759 620 2832; x_wconf 75' lang='grc' dir='ltr'>αὐτῷ</span> <span class='ocrx_word' id='word_1_185' title='bbox 652 2763 970 2834; x_wconf 66' lang='grc' dir='ltr'>συμϐάσης..</span> 
     </span>
    </p>
   </div>
   <div class='ocr_carea' id='block_1_29' title="bbox 369 2852 1880 2934">
    <p class='ocr_par' dir='ltr' id='par_1_29' title="bbox 369 2852 1880 2934">
     <span class='ocr_line' id='line_1_29' title="bbox 369 2852 1880 2934; baseline 0.009 -29"><span class='ocrx_word' id='word_1_186' title='bbox 369 2852 470 2921; x_wconf 87' lang='grc' dir='ltr'>λγ⁶.</span> <span class='ocrx_word' id='word_1_187' title='bbox 487 2853 576 2907; x_wconf 83' lang='grc' dir='ltr'><strong>Ἐν</strong></span> <span class='ocrx_word' id='word_1_188' title='bbox 606 2854 840 2925; x_wconf 72' lang='grc' dir='ltr'>θλίψεσι,</span> <span class='ocrx_word' id='word_1_189' title='bbox 879 2857 975 2911; x_wconf 79' lang='grc' dir='ltr'>καὶ</span> <span class='ocrx_word' id='word_1_190' title='bbox 998 2856 1365 2928; x_wconf 86' lang='grc' dir='ltr'>άπογνὼσεσι,</span> <span class='ocrx_word' id='word_1_191' title='bbox 1392 2861 1486 2915; x_wconf 78' lang='grc' dir='ltr'>καὶ</span> <span class='ocrx_word' id='word_1_192' title='bbox 1511 2862 1880 2934; x_wconf 77' lang='grc' dir='ltr'>άπελπισμοῖς</span> 
     </span>
    </p>
   </div>
   <div class='ocr_carea' id='block_1_30' title="bbox 300 2945 1882 3022">
    <p class='ocr_par' dir='ltr' id='par_1_30' title="bbox 300 2945 1882 3022">
     <span class='ocr_line' id='line_1_30' title="bbox 300 2945 1882 3022; baseline 0.008 -24"><span class='ocrx_word' id='word_1_193' title='bbox 300 2945 697 3014; x_wconf 78' lang='grc' dir='ltr'>περιπεσόντας</span> <span class='ocrx_word' id='word_1_194' title='bbox 727 2949 878 3018; x_wconf 81' lang='grc' dir='ltr'>ἡμᾶς</span> <span class='ocrx_word' id='word_1_195' title='bbox 917 2949 1022 3022; x_wconf 80' lang='grc' dir='ltr'>χρὴ</span> <span class='ocrx_word' id='word_1_196' title='bbox 1053 2953 1226 3004; x_wconf 85' lang='grc' dir='ltr'>ποιεῖν</span> <span class='ocrx_word' id='word_1_197' title='bbox 1255 2954 1311 3005; x_wconf 80' lang='grc' dir='ltr'><strong>ὲν</strong></span> <span class='ocrx_word' id='word_1_198' title='bbox 1347 2954 1559 3016; x_wconf 78' lang='grc' dir='ltr'>ἑαυτοῖς</span> <span class='ocrx_word' id='word_1_199' title='bbox 1585 2953 1680 3007; x_wconf 85' lang='grc' dir='ltr'><strong>τοῦ</strong></span> <span class='ocrx_word' id='word_1_200' title='bbox 1715 2955 1882 3011; x_wconf 77' lang='grc' dir='ltr'>Δαϐὶδ</span> 
     </span>
    </p>
   </div>
   <div class='ocr_carea' id='block_1_31' title="bbox 293 3036 1878 3114">
    <p class='ocr_par' dir='ltr' id='par_1_31' title="bbox 293 3036 1878 3114">
     <span class='ocr_line' id='line_1_31' title="bbox 293 3036 1878 3114; baseline 0.007 -27"><span class='ocrx_word' id='word_1_201' title='bbox 293 3036 390 3089; x_wconf 77' lang='grc' dir='ltr'>τὸν</span> <span class='ocrx_word' id='word_1_202' title='bbox 414 3036 592 3104; x_wconf 89' lang='grc' dir='ltr'>λόγον,</span> <span class='ocrx_word' id='word_1_203' title='bbox 623 3039 839 3110; x_wconf 76' lang='grc' dir='ltr'>ὲκχέειν</span> <span class='ocrx_word' id='word_1_204' title='bbox 867 3042 962 3112; x_wconf 81' lang='grc' dir='ltr'><strong>τὴν</strong></span> <span class='ocrx_word' id='word_1_205' title='bbox 989 3042 1220 3113; x_wconf 85' lang='grc' dir='ltr'>καρδίαν</span> <span class='ocrx_word' id='word_1_206' title='bbox 1259 3043 1416 3114; x_wconf 76' lang='grc' dir='ltr'>ἡμῶν</span> <span class='ocrx_word' id='word_1_207' title='bbox 1441 3044 1575 3114; x_wconf 81' lang='grc' dir='ltr'>πρὸς</span> <span class='ocrx_word' id='word_1_208' title='bbox 1609 3045 1699 3099; x_wconf 82' lang='grc' dir='ltr'><strong>τὸν</strong></span> <span class='ocrx_word' id='word_1_209' title='bbox 1727 3046 1878 3112; x_wconf 79' lang='grc' dir='ltr'>Θεὸν,</span> 
     </span>
    </p>
   </div>
   <div class='ocr_carea' id='block_1_32' title="bbox 295 3129 1884 3208">
    <p class='ocr_par' dir='ltr' id='par_1_32' title="bbox 295 3129 1884 3208">
     <span class='ocr_line' id='line_1_32' title="bbox 295 3129 1884 3208; baseline 0.008 -30"><span class='ocrx_word' id='word_1_210' title='bbox 295 3145 314 3176; x_wconf 82' lang='lat'><strong>:</strong></span> <span class='ocrx_word' id='word_1_211' title='bbox 338 3129 400 3181; x_wconf 81' lang='lat' dir='ltr'><strong>al.</strong></span> <span class='ocrx_word' id='word_1_212' title='bbox 424 3129 523 3200; x_wconf 75' lang='grc' dir='ltr'>τὴν</span> <span class='ocrx_word' id='word_1_213' title='bbox 561 3131 745 3201; x_wconf 84' lang='grc' dir='ltr'>δέησιν</span> <span class='ocrx_word' id='word_1_214' title='bbox 774 3133 869 3186; x_wconf 78' lang='grc' dir='ltr'>καὶ</span> <span class='ocrx_word' id='word_1_215' title='bbox 890 3133 990 3204; x_wconf 82' lang='grc' dir='ltr'><strong>τὴν</strong></span> <span class='ocrx_word' id='word_1_216' title='bbox 1037 3133 1218 3204; x_wconf 84' lang='grc' dir='ltr'>θλίψιν</span> <span class='ocrx_word' id='word_1_217' title='bbox 1245 3135 1402 3206; x_wconf 83' lang='grc' dir='ltr'>ἡμῶν</span> <span class='ocrx_word' id='word_1_218' title='bbox 1432 3135 1506 3200; x_wconf 87' lang='grc' dir='ltr'>ὼς</span> <span class='ocrx_word' id='word_1_219' title='bbox 1542 3134 1660 3189; x_wconf 73' lang='grc' dir='ltr'>ἔστι</span> <span class='ocrx_word' id='word_1_220' title='bbox 1691 3138 1884 3208; x_wconf 81' lang='grc' dir='ltr'>Κυρίῳ</span> 
     </span>
    </p>
   </div>
   <div class='ocr_carea' id='block_1_33' title="bbox 1989 654 3571 728">
    <p class='ocr_par' dir='ltr' id='par_1_33' title="bbox 1989 654 3571 728">
     <span class='ocr_line' id='line_1_33' title="bbox 1989 654 3571 728; baseline 0.008 -22"><span class='ocrx_word' id='word_1_221' title='bbox 1989 654 2295 722; x_wconf 83' lang='lat' dir='ltr'><strong>platricem.</strong></span> <span class='ocrx_word' id='word_1_222' title='bbox 2338 655 2407 709; x_wconf 86' lang='lat' dir='ltr'><strong>Et</strong></span> <span class='ocrx_word' id='word_1_223' title='bbox 2431 671 2556 710; x_wconf 90' lang='lat' dir='ltr'><strong>eum</strong></span> <span class='ocrx_word' id='word_1_224' title='bbox 2583 657 2746 711; x_wconf 83' lang='lat' dir='ltr'><strong>imam</strong></span> <span class='ocrx_word' id='word_1_225' title='bbox 2777 660 3206 728; x_wconf 68' lang='lat' dir='ltr'><strong>profunditatem</strong></span> <span class='ocrx_word' id='word_1_226' title='bbox 3236 663 3571 718; x_wconf 79' lang='lat' dir='ltr'><strong>inﬁnitarum</strong></span> 
     </span>
    </p>
   </div>
   <div class='ocr_carea' id='block_1_34' title="bbox 1937 746 3572 819">
    <p class='ocr_par' dir='ltr' id='par_1_34' title="bbox 1937 746 3572 819">
     <span class='ocr_line' id='line_1_34' title="bbox 1937 746 3572 819; baseline 0.009 -22"><span class='ocrx_word' id='word_1_227' title='bbox 1937 790 1946 793; x_wconf 89' lang='lat'><strong>-</strong></span> <span class='ocrx_word' id='word_1_228' title='bbox 1986 746 2309 800; x_wconf 88' lang='lat' dir='ltr'><strong>notitiarum</strong></span> <span class='ocrx_word' id='word_1_229' title='bbox 2343 747 2654 804; x_wconf 83' lang='lat' dir='ltr'><strong>divinarum</strong></span> <span class='ocrx_word' id='word_1_230' title='bbox 2699 751 2883 806; x_wconf 90' lang='lat' dir='ltr'><strong>animo</strong></span> <span class='ocrx_word' id='word_1_231' title='bbox 2915 753 3082 808; x_wconf 90' lang='lat' dir='ltr'><strong>fuerit</strong></span> <span class='ocrx_word' id='word_1_232' title='bbox 3110 765 3393 819; x_wconf 88' lang='lat' dir='ltr'><strong>assecuta,</strong></span> <span class='ocrx_word' id='word_1_233' title='bbox 3424 757 3572 812; x_wconf 84' lang='lat' dir='ltr'><strong>vidc-</strong></span> 
     </span>
    </p>
   </div>
   <div class='ocr_carea' id='block_1_35' title="bbox 1986 836 3571 914">
    <p class='ocr_par' dir='ltr' id='par_1_35' title="bbox 1986 836 3571 914">
     <span class='ocr_line' id='line_1_35' title="bbox 1986 836 3571 914; baseline 0.006 -22"><span class='ocrx_word' id='word_1_234' title='bbox 1986 837 2133 892; x_wconf 87' lang='lat' dir='ltr'><strong>bitur</strong></span> <span class='ocrx_word' id='word_1_235' title='bbox 2174 836 2319 892; x_wconf 87' lang='lat' dir='ltr'><strong>Deus</strong></span> <span class='ocrx_word' id='word_1_236' title='bbox 2361 839 2628 904; x_wconf 90' lang='lat' dir='ltr'><strong>deorum,</strong></span> <span class='ocrx_word' id='word_1_237' title='bbox 2677 853 2942 912; x_wconf 86' lang='lat' dir='ltr'><strong>quantum</strong></span> <span class='ocrx_word' id='word_1_238' title='bbox 2984 845 3324 914; x_wconf 89' lang='lat' dir='ltr'><strong>permittitur</strong></span> <span class='ocrx_word' id='word_1_239' title='bbox 3365 846 3571 914; x_wconf 87' lang='lat' dir='ltr'><strong>animo,</strong></span> 
     </span>
    </p>
   </div>
   <div class='ocr_carea' id='block_1_36' title="bbox 1987 930 3568 1005">
    <p class='ocr_par' dir='ltr' id='par_1_36' title="bbox 1987 930 3568 1005">
     <span class='ocr_line' id='line_1_36' title="bbox 1987 930 3568 1005; baseline 0.006 -21"><span class='ocrx_word' id='word_1_240' title='bbox 1987 930 2132 985; x_wconf 87' lang='lat' dir='ltr'><strong>unde</strong></span> <span class='ocrx_word' id='word_1_241' title='bbox 2178 947 2335 986; x_wconf 88' lang='lat' dir='ltr'><strong>mens</strong></span> <span class='ocrx_word' id='word_1_242' title='bbox 2381 933 2610 988; x_wconf 88' lang='lat' dir='ltr'><strong>attonita</strong></span> <span class='ocrx_word' id='word_1_243' title='bbox 2649 934 2920 1005; x_wconf 80' lang='lat' dir='ltr'><strong>glorificat</strong></span> <span class='ocrx_word' id='word_1_244' title='bbox 2970 938 3346 993; x_wconf 87' lang='lat' dir='ltr'><strong>amantissime</strong></span> <span class='ocrx_word' id='word_1_245' title='bbox 3399 939 3568 994; x_wconf 88' lang='lat' dir='ltr'><strong>Deum</strong></span> 
     </span>
    </p>
   </div>
   <div class='ocr_carea' id='block_1_37' title="bbox 1985 1025 3569 1101">
    <p class='ocr_par' dir='ltr' id='par_1_37' title="bbox 1985 1025 3569 1101">
     <span class='ocr_line' id='line_1_37' title="bbox 1985 1025 3569 1101; baseline 0.008 -26"><span class='ocrx_word' id='word_1_246' title='bbox 1985 1029 2341 1090; x_wconf 88' lang='lat' dir='ltr'><strong>conspectum</strong></span> <span class='ocrx_word' id='word_1_247' title='bbox 2361 1033 2417 1078; x_wconf 92' lang='lat' dir='ltr'><strong>et</strong></span> <span class='ocrx_word' id='word_1_248' title='bbox 2438 1025 2870 1096; x_wconf 84' lang='lat' dir='ltr'><strong>conspicientem</strong></span> <span class='ocrx_word' id='word_1_249' title='bbox 2902 1045 2916 1082; x_wconf 88' lang='lat'><strong>:</strong></span> <span class='ocrx_word' id='word_1_250' title='bbox 2944 1029 3038 1099; x_wconf 88' lang='lat' dir='ltr'><strong>qui</strong></span> <span class='ocrx_word' id='word_1_251' title='bbox 3063 1038 3296 1101; x_wconf 88' lang='lat' dir='ltr'><strong>utraque</strong></span> <span class='ocrx_word' id='word_1_252' title='bbox 3317 1031 3385 1087; x_wconf 90' lang='lat' dir='ltr'><strong>de</strong></span> <span class='ocrx_word' id='word_1_253' title='bbox 3406 1048 3569 1087; x_wconf 85' lang='lat' dir='ltr'><strong>causa</strong></span> 
     </span>
    </p>
   </div>
   <div class='ocr_carea' id='block_1_38' title="bbox 1985 1110 2775 1172">
    <p class='ocr_par' dir='ltr' id='par_1_38' title="bbox 1985 1110 2775 1172">
     <span class='ocr_line' id='line_1_38' title="bbox 1985 1110 2775 1172; baseline 0.009 -7"><span class='ocrx_word' id='word_1_254' title='bbox 1985 1110 2204 1166; x_wconf 83' lang='lat' dir='ltr'><strong>assidue</strong></span> <span class='ocrx_word' id='word_1_255' title='bbox 2243 1111 2547 1170; x_wconf 74' lang='lat' dir='ltr'><strong>intuentem</strong></span> <span class='ocrx_word' id='word_1_256' title='bbox 2577 1117 2775 1172; x_wconf 81' lang='lat' dir='ltr'><strong>salvat.</strong></span> 
     </span>
    </p>
   </div>
   <div class='ocr_carea' id='block_1_39' title="bbox 2056 1205 3569 1279">
    <p class='ocr_par' dir='ltr' id='par_1_39' title="bbox 2056 1205 3569 1279">
     <span class='ocr_line' id='line_1_39' title="bbox 2056 1205 3569 1279; baseline 0.008 -19"><span class='ocrx_word' id='word_1_257' title='bbox 2056 1205 2144 1261; x_wconf 87' lang='grc'>50.</span> <span class='ocrx_word' id='word_1_258' title='bbox 2177 1206 2284 1262; x_wconf 89' lang='lat' dir='ltr'><strong>Cor</strong></span> <span class='ocrx_word' id='word_1_259' title='bbox 2324 1209 2712 1279; x_wconf 88' lang='lat' dir='ltr'><strong>tranquillum,</strong></span> <span class='ocrx_word' id='word_1_260' title='bbox 2785 1215 3134 1271; x_wconf 88' lang='lat' dir='ltr'><strong>emendatum</strong></span> <span class='ocrx_word' id='word_1_261' title='bbox 3197 1226 3253 1272; x_wconf 89' lang='lat' dir='ltr'><strong>et</strong></span> <span class='ocrx_word' id='word_1_262' title='bbox 3306 1217 3569 1273; x_wconf 89' lang='lat' dir='ltr'><strong>noscendi</strong></span> 
     </span>
    </p>
   </div>
   <div class='ocr_carea' id='block_1_40' title="bbox 1987 1297 3570 1380">
    <p class='ocr_par' dir='ltr' id='par_1_40' title="bbox 1987 1297 3570 1380">
     <span class='ocr_line' id='line_1_40' title="bbox 1987 1297 3570 1380; baseline 0.008 -28"><span class='ocrx_word' id='word_1_263' title='bbox 1987 1297 2226 1368; x_wconf 87' lang='lat' dir='ltr'><strong>peritum</strong></span> <span class='ocrx_word' id='word_1_264' title='bbox 2247 1301 2583 1357; x_wconf 75' lang='lat' dir='ltr'><strong>scrutabitur</strong></span> <span class='ocrx_word' id='word_1_265' title='bbox 2611 1304 2768 1359; x_wconf 83' lang='lat' dir='ltr'><strong>valde</strong></span> <span class='ocrx_word' id='word_1_266' title='bbox 2796 1306 3066 1375; x_wconf 87' lang='lat' dir='ltr'><strong>profunda</strong></span> <span class='ocrx_word' id='word_1_267' title='bbox 3091 1327 3104 1361; x_wconf 92' lang='lat'><strong>:</strong></span> <span class='ocrx_word' id='word_1_268' title='bbox 3126 1310 3345 1364; x_wconf 69' lang='lat' dir='ltr'><strong>«tauris</strong></span> <span class='ocrx_word' id='word_1_269' title='bbox 3371 1311 3570 1380; x_wconf 75' lang='lat' dir='ltr'><strong>quieta:</strong></span> 
     </span>
    </p>
   </div>
   <div class='ocr_carea' id='block_1_41' title="bbox 1987 1389 3504 1466">
    <p class='ocr_par' dir='ltr' id='par_1_41' title="bbox 1987 1389 3504 1466">
     <span class='ocr_line' id='line_1_41' title="bbox 1987 1389 3504 1466; baseline 0.009 -24"><span class='ocrx_word' id='word_1_270' title='bbox 1987 1389 2188 1443; x_wconf 89' lang='lat' dir='ltr'><strong>mentis</strong></span> <span class='ocrx_word' id='word_1_271' title='bbox 2216 1389 2482 1446; x_wconf 80' lang='lat' dir='ltr'><strong>efficietur</strong></span> <span class='ocrx_word' id='word_1_272' title='bbox 2516 1410 2546 1448; x_wconf 84' lang='lat' dir='ltr'><strong>a</strong></span> <span class='ocrx_word' id='word_1_273' title='bbox 2577 1395 2689 1450; x_wconf 90' lang='lat' dir='ltr'><strong>Deo</strong></span> <span class='ocrx_word' id='word_1_274' title='bbox 2719 1411 2888 1466; x_wconf 81' lang='lat' dir='ltr'><strong>capax</strong></span> <span class='ocrx_word' id='word_1_275' title='bbox 2926 1400 3182 1455; x_wconf 83' lang='lat' dir='ltr'><strong>audiendi</strong></span> <span class='ocrx_word' id='word_1_276' title='bbox 3218 1401 3504 1456; x_wconf 89' lang='lat' dir='ltr'><strong>immensa.</strong></span> 
     </span>
    </p>
   </div>
   <div class='ocr_carea' id='block_1_42' title="bbox 2057 1478 3566 1560">
    <p class='ocr_par' dir='ltr' id='par_1_42' title="bbox 2057 1478 3566 1560">
     <span class='ocr_line' id='line_1_42' title="bbox 2057 1478 3566 1560; baseline 0.008 -26"><span class='ocrx_word' id='word_1_277' title='bbox 2057 1479 2147 1534; x_wconf 79' lang='grc'><strong>51.</strong></span> <span class='ocrx_word' id='word_1_278' title='bbox 2183 1478 2370 1535; x_wconf 82' lang='lat' dir='ltr'><strong>Viator</strong></span> <span class='ocrx_word' id='word_1_279' title='bbox 2412 1481 2565 1538; x_wconf 84' lang='lat' dir='ltr'><strong>brevi</strong></span> <span class='ocrx_word' id='word_1_280' title='bbox 2611 1485 2958 1554; x_wconf 82' lang='lat' dir='ltr'><strong>profecturus</strong></span> <span class='ocrx_word' id='word_1_281' title='bbox 3011 1489 3223 1560; x_wconf 81' lang='lat' dir='ltr'><strong>longam</strong></span> <span class='ocrx_word' id='word_1_282' title='bbox 3252 1531 3266 1553; x_wconf 90' lang='lat'><strong>,</strong></span> <span class='ocrx_word' id='word_1_283' title='bbox 3335 1494 3566 1546; x_wconf 87' lang='lat' dir='ltr'><strong>transitu</strong></span> 
     </span>
    </p>
   </div>
   <div class='ocr_carea' id='block_1_43' title="bbox 1985 1570 3570 1649">
    <p class='ocr_par' dir='ltr' id='par_1_43' title="bbox 1985 1570 3570 1649">
     <span class='ocr_line' id='line_1_43' title="bbox 1985 1570 3570 1649; baseline 0.007 -23"><span class='ocrx_word' id='word_1_284' title='bbox 1985 1570 2263 1626; x_wconf 77' lang='lat' dir='ltr'><strong>dimcilcm</strong></span> <span class='ocrx_word' id='word_1_285' title='bbox 2293 1579 2349 1626; x_wconf 89' lang='lat' dir='ltr'><strong>et</strong></span> <span class='ocrx_word' id='word_1_286' title='bbox 2378 1574 2686 1630; x_wconf 81' lang='lat' dir='ltr'><strong>molestiam</strong></span> <span class='ocrx_word' id='word_1_287' title='bbox 2723 1579 2902 1645; x_wconf 87' lang='lat' dir='ltr'><strong>viam,</strong></span> <span class='ocrx_word' id='word_1_288' title='bbox 2955 1581 3246 1649; x_wconf 87' lang='lat' dir='ltr'><strong>suspicans</strong></span> <span class='ocrx_word' id='word_1_289' title='bbox 3289 1583 3450 1637; x_wconf 86' lang='lat' dir='ltr'><strong>etiam</strong></span> <span class='ocrx_word' id='word_1_290' title='bbox 3500 1600 3570 1638; x_wconf 91' lang='lat' dir='ltr'><strong>ne</strong></span> 
     </span>
    </p>
   </div>
   <div class='ocr_carea' id='block_1_44' title="bbox 1987 1661 3568 1737">
    <p class='ocr_par' dir='ltr' id='par_1_44' title="bbox 1987 1661 3568 1737">
     <span class='ocr_line' id='line_1_44' title="bbox 1987 1661 3568 1737; baseline 0.005 -19"><span class='ocrx_word' id='word_1_291' title='bbox 1987 1661 2314 1718; x_wconf 87' lang='lat' dir='ltr'><strong>divertendo</strong></span> <span class='ocrx_word' id='word_1_292' title='bbox 2347 1673 2515 1728; x_wconf 85' lang='lat' dir='ltr'><strong>erret,</strong></span> <span class='ocrx_word' id='word_1_293' title='bbox 2552 1666 2706 1737; x_wconf 84' lang='lat' dir='ltr'><strong>signa</strong></span> <span class='ocrx_word' id='word_1_294' title='bbox 2734 1669 3004 1737; x_wconf 82' lang='lat' dir='ltr'><strong>quaedam,</strong></span> <span class='ocrx_word' id='word_1_295' title='bbox 3039 1670 3139 1724; x_wconf 76' lang='lat' dir='ltr'><strong>via:</strong></span> <span class='ocrx_word' id='word_1_296' title='bbox 3170 1671 3356 1736; x_wconf 84' lang='lat' dir='ltr'><strong>duces,</strong></span> <span class='ocrx_word' id='word_1_297' title='bbox 3388 1671 3442 1724; x_wconf 90' lang='lat' dir='ltr'><strong>in</strong></span> <span class='ocrx_word' id='word_1_298' title='bbox 3473 1688 3568 1726; x_wconf 86' lang='lat' dir='ltr'><strong>sua</strong></span> 
     </span>
    </p>
   </div>
   <div class='ocr_carea' id='block_1_45' title="bbox 1986 1751 3569 1830">
    <p class='ocr_par' dir='ltr' id='par_1_45' title="bbox 1986 1751 3569 1830">
     <span class='ocr_line' id='line_1_45' title="bbox 1986 1751 3569 1830; baseline 0.006 -25"><span class='ocrx_word' id='word_1_299' title='bbox 1986 1751 2330 1824; x_wconf 89' lang='lat' dir='ltr'><strong>profectione</strong></span> <span class='ocrx_word' id='word_1_300' title='bbox 2356 1755 2564 1828; x_wconf 81' lang='lat' dir='ltr'><strong>deﬁgit,</strong></span> <span class='ocrx_word' id='word_1_301' title='bbox 2587 1756 2709 1828; x_wconf 74' lang='lat' dir='ltr'><strong>qua:</strong></span> <span class='ocrx_word' id='word_1_302' title='bbox 2737 1758 2952 1815; x_wconf 84' lang='lat' dir='ltr'><strong>facilem</strong></span> <span class='ocrx_word' id='word_1_303' title='bbox 2977 1761 3080 1815; x_wconf 86' lang='lat' dir='ltr'><strong>sibi</strong></span> <span class='ocrx_word' id='word_1_304' title='bbox 3108 1772 3302 1830; x_wconf 85' lang='lat' dir='ltr'><strong>parent</strong></span> <span class='ocrx_word' id='word_1_305' title='bbox 3334 1763 3569 1817; x_wconf 80' lang='lat' dir='ltr'><strong>reditum</strong></span> 
     </span>
    </p>
   </div>
   <div class='ocr_carea' id='block_1_46' title="bbox 1986 1839 3568 1922">
    <p class='ocr_par' dir='ltr' id='par_1_46' title="bbox 1986 1839 3568 1922">
     <span class='ocr_line' id='line_1_46' title="bbox 1986 1839 3568 1922; baseline 0.006 -24"><span class='ocrx_word' id='word_1_306' title='bbox 1986 1844 2202 1900; x_wconf 81' lang='lat' dir='ltr'><strong>ad&#39;sua.</strong></span> <span class='ocrx_word' id='word_1_307' title='bbox 2237 1845 2333 1900; x_wconf 82' lang='lat' dir='ltr'><strong>Vir</strong></span> <span class='ocrx_word' id='word_1_308' title='bbox 2358 1857 2564 1915; x_wconf 89' lang='lat' dir='ltr'><strong>autem,</strong></span> <span class='ocrx_word' id='word_1_309' title='bbox 2591 1839 2684 1919; x_wconf 83' lang='lat' dir='ltr'><strong>qui</strong></span> <span class='ocrx_word' id='word_1_310' title='bbox 2718 1851 2901 1906; x_wconf 89' lang='lat' dir='ltr'><strong>sobrie</strong></span> <span class='ocrx_word' id='word_1_311' title='bbox 2933 1851 3159 1914; x_wconf 90' lang='lat' dir='ltr'><strong>incedit,</strong></span> <span class='ocrx_word' id='word_1_312' title='bbox 3206 1869 3326 1922; x_wconf 80' lang='lat' dir='ltr'><strong>qua:</strong></span> <span class='ocrx_word' id='word_1_313' title='bbox 3377 1853 3568 1908; x_wconf 85' lang='lat' dir='ltr'><strong>audie-</strong></span> 
     </span>
    </p>
   </div>
   <div class='ocr_carea' id='block_1_47' title="bbox 1987 1936 3247 2012">
    <p class='ocr_par' dir='ltr' id='par_1_47' title="bbox 1987 1936 3247 2012">
     <span class='ocr_line' id='line_1_47' title="bbox 1987 1936 3247 2012; baseline 0.006 -22"><span class='ocrx_word' id='word_1_314' title='bbox 1987 1936 2076 2002; x_wconf 88' lang='lat' dir='ltr'><strong>rit,</strong></span> <span class='ocrx_word' id='word_1_315' title='bbox 2102 1936 2311 1994; x_wconf 86' lang='lat' dir='ltr'><strong>notabit</strong></span> <span class='ocrx_word' id='word_1_316' title='bbox 2341 1956 2354 1993; x_wconf 90' lang='lat'><strong>:</strong></span> <span class='ocrx_word' id='word_1_317' title='bbox 2391 1939 2536 1994; x_wconf 91' lang='lat' dir='ltr'><strong>idem</strong></span> <span class='ocrx_word' id='word_1_318' title='bbox 2572 1941 2737 1996; x_wconf 89' lang='lat' dir='ltr'><strong>etiam</strong></span> <span class='ocrx_word' id='word_1_319' title='bbox 2772 1943 2889 2012; x_wconf 89' lang='lat' dir='ltr'><strong>ipse</strong></span> <span class='ocrx_word' id='word_1_320' title='bbox 2921 1943 3247 1997; x_wconf 80' lang='lat' dir='ltr'><strong>observans.</strong></span> 
     </span>
    </p>
   </div>
   <div class='ocr_carea' id='block_1_48' title="bbox 2058 2112 3564 2192">
    <p class='ocr_par' dir='ltr' id='par_1_48' title="bbox 2058 2112 3564 2192">
     <span class='ocr_line' id='line_1_48' title="bbox 2058 2112 3564 2192; baseline 0.007 -24"><span class='ocrx_word' id='word_1_321' title='bbox 2058 2112 2148 2168; x_wconf 70' lang='lat'><strong>32.</strong></span> <span class='ocrx_word' id='word_1_322' title='bbox 2179 2112 2284 2169; x_wconf 86' lang='lat' dir='ltr'><strong>Sed</strong></span> <span class='ocrx_word' id='word_1_323' title='bbox 2312 2113 2507 2169; x_wconf 76' lang='lat' dir='ltr'><strong>viatori</strong></span> <span class='ocrx_word' id='word_1_324' title='bbox 2525 2115 2751 2186; x_wconf 84' lang='lat' dir='ltr'><strong>quidem</strong></span> <span class='ocrx_word' id='word_1_325' title='bbox 2767 2117 2990 2182; x_wconf 85' lang='lat' dir='ltr'><strong>reditus,</strong></span> <span class='ocrx_word' id='word_1_326' title='bbox 3015 2119 3159 2174; x_wconf 87' lang='lat' dir='ltr'><strong>unde</strong></span> <span class='ocrx_word' id='word_1_327' title='bbox 3185 2135 3437 2192; x_wconf 85' lang='lat' dir='ltr'><strong>egressus</strong></span> <span class='ocrx_word' id='word_1_328' title='bbox 3459 2133 3564 2190; x_wconf 90' lang='lat' dir='ltr'><strong>est,</strong></span> 
     </span>
    </p>
   </div>
   <div class='ocr_carea' id='block_1_49' title="bbox 1985 2203 3622 2283">
    <p class='ocr_par' dir='ltr' id='par_1_49' title="bbox 1985 2203 3622 2283">
     <span class='ocr_line' id='line_1_49' title="bbox 1985 2203 3622 2283; baseline 0.007 -25"><span class='ocrx_word' id='word_1_329' title='bbox 1985 2203 2225 2259; x_wconf 79' lang='lat' dir='ltr'><strong>ketitiam</strong></span> <span class='ocrx_word' id='word_1_330' title='bbox 2257 2206 2430 2276; x_wconf 85' lang='lat' dir='ltr'><strong>gignit</strong></span> <span class='ocrx_word' id='word_1_331' title='bbox 2460 2226 2472 2260; x_wconf 90' lang='lat'><strong>:</strong></span> <span class='ocrx_word' id='word_1_332' title='bbox 2506 2207 2691 2262; x_wconf 90' lang='lat' dir='ltr'><strong>sobrio</strong></span> <span class='ocrx_word' id='word_1_333' title='bbox 2721 2216 2906 2263; x_wconf 89' lang='lat' dir='ltr'><strong>autem</strong></span> <span class='ocrx_word' id='word_1_334' title='bbox 2935 2211 3050 2264; x_wconf 84' lang='lat' dir='ltr'><strong>viro</strong></span> <span class='ocrx_word' id='word_1_335' title='bbox 3085 2227 3368 2283; x_wconf 78' lang='lat' dir='ltr'><strong>regressus</strong></span> <span class='ocrx_word' id='word_1_336' title='bbox 3409 2215 3477 2269; x_wconf 81' lang='lat' dir='ltr'><strong>ad</strong></span> <span class='ocrx_word' id='word_1_337' title='bbox 3504 2232 3567 2269; x_wconf 87' lang='lat' dir='ltr'><strong>ca</strong></span> <span class='ocrx_word' id='word_1_338' title='bbox 3615 2261 3622 2269; x_wconf 90' lang='lat'><strong>.</strong></span> 
     </span>
    </p>
   </div>
   <div class='ocr_carea' id='block_1_50' title="bbox 1983 2299 3565 2372">
    <p class='ocr_par' dir='ltr' id='par_1_50' title="bbox 1983 2299 3565 2372">
     <span class='ocr_line' id='line_1_50' title="bbox 1983 2299 3565 2372; baseline 0.008 -22"><span class='ocrx_word' id='word_1_339' title='bbox 1983 2311 2104 2366; x_wconf 67' lang='lat' dir='ltr'><strong>quae</strong></span> <span class='ocrx_word' id='word_1_340' title='bbox 2130 2313 2160 2351; x_wconf 87' lang='lat' dir='ltr'><strong>a</strong></span> <span class='ocrx_word' id='word_1_341' title='bbox 2189 2305 2341 2370; x_wconf 84' lang='lat' dir='ltr'><strong>tergo</strong></span> <span class='ocrx_word' id='word_1_342' title='bbox 2379 2299 2621 2369; x_wconf 82' lang='lat' dir='ltr'><strong>reliquit,</strong></span> <span class='ocrx_word' id='word_1_343' title='bbox 2649 2309 2736 2355; x_wconf 89' lang='lat' dir='ltr'><strong>est</strong></span> <span class='ocrx_word' id='word_1_344' title='bbox 2759 2301 2958 2358; x_wconf 71' lang='lat' dir='ltr'><strong>animae</strong></span> <span class='ocrx_word' id='word_1_345' title='bbox 2993 2303 3272 2359; x_wconf 82' lang='lat' dir='ltr'><strong>rationalis</strong></span> <span class='ocrx_word' id='word_1_346' title='bbox 3293 2305 3565 2372; x_wconf 86' lang='lat' dir='ltr'><strong>interitus,</strong></span> 
     </span>
    </p>
   </div>
   <div class='ocr_carea' id='block_1_51' title="bbox 1982 2389 3569 2464">
    <p class='ocr_par' dir='ltr' id='par_1_51' title="bbox 1982 2389 3569 2464">
     <span class='ocr_line' id='line_1_51' title="bbox 1982 2389 3569 2464; baseline 0.009 -21"><span class='ocrx_word' id='word_1_347' title='bbox 1982 2405 2048 2444; x_wconf 84' lang='lat' dir='ltr'><strong>ac</strong></span> <span class='ocrx_word' id='word_1_348' title='bbox 2081 2389 2348 2445; x_wconf 84' lang='lat' dir='ltr'><strong>indicium</strong></span> <span class='ocrx_word' id='word_1_349' title='bbox 2364 2390 2686 2447; x_wconf 80' lang='lat' dir='ltr'><strong>defectionis</strong></span> <span class='ocrx_word' id='word_1_350' title='bbox 2715 2393 2784 2448; x_wconf 90' lang='lat' dir='ltr'><strong>ab</strong></span> <span class='ocrx_word' id='word_1_351' title='bbox 2827 2395 3105 2464; x_wconf 88' lang='lat' dir='ltr'><strong>operibus,</strong></span> <span class='ocrx_word' id='word_1_352' title='bbox 3129 2399 3474 2454; x_wconf 83' lang='lat' dir='ltr'><strong>sermonibus</strong></span> <span class='ocrx_word' id='word_1_353' title='bbox 3511 2409 3569 2457; x_wconf 87' lang='lat' dir='ltr'><strong>et</strong></span> 
     </span>
    </p>
   </div>
   <div class='ocr_carea' id='block_1_52' title="bbox 1981 2481 3566 2559">
    <p class='ocr_par' dir='ltr' id='par_1_52' title="bbox 1981 2481 3566 2559">
     <span class='ocr_line' id='line_1_52' title="bbox 1981 2481 3566 2559; baseline 0.006 -23"><span class='ocrx_word' id='word_1_354' title='bbox 1981 2481 2398 2553; x_wconf 77' lang='lat' dir='ltr'><strong>cogitationibus</strong></span> <span class='ocrx_word' id='word_1_355' title='bbox 2435 2483 2546 2538; x_wconf 88' lang='lat' dir='ltr'><strong>Deo</strong></span> <span class='ocrx_word' id='word_1_356' title='bbox 2581 2484 2768 2555; x_wconf 79' lang='lat' dir='ltr'><strong>gratis.</strong></span> <span class='ocrx_word' id='word_1_357' title='bbox 2800 2483 2846 2541; x_wconf 91' lang='lat' dir='ltr'><strong>Is</strong></span> <span class='ocrx_word' id='word_1_358' title='bbox 2896 2486 3087 2557; x_wconf 78' lang='lat' dir='ltr'><strong>itaque</strong></span> <span class='ocrx_word' id='word_1_359' title='bbox 3103 2497 3346 2559; x_wconf 85' lang='lat' dir='ltr'><strong>tempore</strong></span> <span class='ocrx_word' id='word_1_360' title='bbox 3390 2493 3566 2546; x_wconf 86' lang='lat' dir='ltr'><strong>somni</strong></span> 
     </span>
    </p>
   </div>
   <div class='ocr_carea' id='block_1_53' title="bbox 1983 2571 3570 2650">
    <p class='ocr_par' dir='ltr' id='par_1_53' title="bbox 1983 2571 3570 2650">
     <span class='ocr_line' id='line_1_53' title="bbox 1983 2571 3570 2650; baseline 0.007 -25"><span class='ocrx_word' id='word_1_361' title='bbox 1983 2571 2200 2627; x_wconf 89' lang='lat' dir='ltr'><strong>lethalis</strong></span> <span class='ocrx_word' id='word_1_362' title='bbox 2229 2574 2426 2629; x_wconf 69' lang='lat' dir='ltr'><strong>animae</strong></span> <span class='ocrx_word' id='word_1_363' title='bbox 2462 2576 2750 2631; x_wconf 83' lang='lat' dir='ltr'><strong>habiturus</strong></span> <span class='ocrx_word' id='word_1_364' title='bbox 2807 2586 2894 2632; x_wconf 89' lang='lat' dir='ltr'><strong>est</strong></span> <span class='ocrx_word' id='word_1_365' title='bbox 2945 2579 3337 2650; x_wconf 79' lang='lat' dir='ltr'><strong>cogitationes,</strong></span> <span class='ocrx_word' id='word_1_366' title='bbox 3397 2582 3570 2636; x_wconf 89' lang='lat' dir='ltr'><strong>instar</strong></span> 
     </span>
    </p>
   </div>
   <div class='ocr_carea' id='block_1_54' title="bbox 1983 2663 3570 2744">
    <p class='ocr_par' dir='ltr' id='par_1_54' title="bbox 1983 2663 3570 2744">
     <span class='ocr_line' id='line_1_54' title="bbox 1983 2663 3570 2744; baseline 0.006 -25"><span class='ocrx_word' id='word_1_367' title='bbox 1983 2663 2296 2719; x_wconf 87' lang='lat' dir='ltr'><strong>aculeorum</strong></span> <span class='ocrx_word' id='word_1_368' title='bbox 2315 2666 2619 2722; x_wconf 80' lang='lat' dir='ltr'><strong>excitantes</strong></span> <span class='ocrx_word' id='word_1_369' title='bbox 2636 2682 2760 2721; x_wconf 90' lang='lat' dir='ltr'><strong>eum</strong></span> <span class='ocrx_word' id='word_1_370' title='bbox 2773 2708 2786 2734; x_wconf 91' lang='lat'><strong>,</strong></span> <span class='ocrx_word' id='word_1_371' title='bbox 2806 2672 3321 2726; x_wconf 58' lang='lat' dir='ltr'><strong>con&#39;imemorationc</strong></span> <span class='ocrx_word' id='word_1_372' title='bbox 3335 2674 3570 2744; x_wconf 80' lang='lat' dir='ltr'><strong>crapula:</strong></span> 
     </span>
    </p>
   </div>
   <div class='ocr_carea' id='block_1_55' title="bbox 1983 2757 3297 2832">
    <p class='ocr_par' dir='ltr' id='par_1_55' title="bbox 1983 2757 3297 2832">
     <span class='ocr_line' id='line_1_55' title="bbox 1983 2757 3297 2832; baseline 0.004 -20"><span class='ocrx_word' id='word_1_373' title='bbox 1983 2757 2188 2821; x_wconf 68' lang='lat' dir='ltr'><strong>multm,</strong></span> <span class='ocrx_word' id='word_1_374' title='bbox 2213 2764 2271 2812; x_wconf 90' lang='lat' dir='ltr'><strong>et</strong></span> <span class='ocrx_word' id='word_1_375' title='bbox 2299 2757 2552 2829; x_wconf 66' lang='lat' dir='ltr'><strong>ignaviae,</strong></span> <span class='ocrx_word' id='word_1_376' title='bbox 2584 2759 2862 2814; x_wconf 76' lang='lat' dir='ltr'><strong>nascentis</strong></span> <span class='ocrx_word' id='word_1_377' title='bbox 2892 2775 2924 2814; x_wconf 90' lang='lat' dir='ltr'><strong>e</strong></span> <span class='ocrx_word' id='word_1_378' title='bbox 2946 2761 3297 2832; x_wconf 78' lang='lat' dir='ltr'><strong>negligentia.</strong></span> 
     </span>
    </p>
   </div>
   <div class='ocr_carea' id='block_1_56' title="bbox 2055 2850 3572 2924">
    <p class='ocr_par' dir='ltr' id='par_1_56' title="bbox 2055 2850 3572 2924">
     <span class='ocr_line' id='line_1_56' title="bbox 2055 2850 3572 2924; baseline 0.003 -18"><span class='ocrx_word' id='word_1_379' title='bbox 2055 2851 2145 2906; x_wconf 89' lang='grc'><strong>55.</strong></span> <span class='ocrx_word' id='word_1_380' title='bbox 2178 2850 2314 2907; x_wconf 91' lang='lat' dir='ltr'><strong>Cum</strong></span> <span class='ocrx_word' id='word_1_381' title='bbox 2348 2851 2640 2906; x_wconf 88' lang='lat' dir='ltr'><strong>incidimus</strong></span> <span class='ocrx_word' id='word_1_382' title='bbox 2666 2851 2720 2905; x_wconf 89' lang='lat' dir='ltr'><strong>in</strong></span> <span class='ocrx_word' id='word_1_383' title='bbox 2756 2852 3156 2918; x_wconf 86' lang='lat' dir='ltr'><strong>tribulationes,</strong></span> <span class='ocrx_word' id='word_1_384' title='bbox 3180 2854 3572 2924; x_wconf 82' lang='lat' dir='ltr'><strong>desponsioncs</strong></span> 
     </span>
    </p>
   </div>
   <div class='ocr_carea' id='block_1_57' title="bbox 1984 2942 3573 3012">
    <p class='ocr_par' dir='ltr' id='par_1_57' title="bbox 1984 2942 3573 3012">
     <span class='ocr_line' id='line_1_57' title="bbox 1984 2942 3573 3012; baseline 0.002 -14"><span class='ocrx_word' id='word_1_385' title='bbox 1984 2942 2156 2998; x_wconf 78' lang='lat' dir='ltr'><strong>animi</strong></span> <span class='ocrx_word' id='word_1_386' title='bbox 2214 2959 2279 2998; x_wconf 88' lang='lat' dir='ltr'><strong>ac</strong></span> <span class='ocrx_word' id='word_1_387' title='bbox 2315 2942 2762 3012; x_wconf 87' lang='lat' dir='ltr'><strong>desperationes,</strong></span> <span class='ocrx_word' id='word_1_388' title='bbox 2819 2943 2984 2997; x_wconf 82' lang='lat' dir='ltr'><strong>verba</strong></span> <span class='ocrx_word' id='word_1_389' title='bbox 3039 2943 3261 3000; x_wconf 89' lang='lat' dir='ltr'><strong>Davidis</strong></span> <span class='ocrx_word' id='word_1_390' title='bbox 3318 2945 3372 2999; x_wconf 94' lang='lat' dir='ltr'><strong>in</strong></span> <span class='ocrx_word' id='word_1_391' title='bbox 3415 2947 3573 3002; x_wconf 86' lang='lat' dir='ltr'><strong>nobis</strong></span> 
     </span>
    </p>
   </div>
   <div class='ocr_carea' id='block_1_58' title="bbox 1987 3034 3571 3107">
    <p class='ocr_par' dir='ltr' id='par_1_58' title="bbox 1987 3034 3571 3107">
     <span class='ocr_line' id='line_1_58' title="bbox 1987 3034 3571 3107; baseline 0.002 -17"><span class='ocrx_word' id='word_1_392' title='bbox 1987 3034 2092 3106; x_wconf 89' lang='lat' dir='ltr'><strong>ipsi</strong></span> <span class='ocrx_word' id='word_1_393' title='bbox 2127 3034 2354 3105; x_wconf 82' lang='lat' dir='ltr'><strong>exsequi</strong></span> <span class='ocrx_word' id='word_1_394' title='bbox 2385 3035 2650 3090; x_wconf 88' lang='lat' dir='ltr'><strong>debemus</strong></span> <span class='ocrx_word' id='word_1_395' title='bbox 2670 3078 2684 3102; x_wconf 93' lang='lat'><strong>,</strong></span> <span class='ocrx_word' id='word_1_396' title='bbox 2716 3035 2996 3090; x_wconf 66' lang='lat' dir='ltr'><strong>effundere</strong></span> <span class='ocrx_word' id='word_1_397' title='bbox 3037 3036 3089 3090; x_wconf 89' lang='lat' dir='ltr'><strong>in</strong></span> <span class='ocrx_word' id='word_1_398' title='bbox 3121 3047 3420 3107; x_wconf 87' lang='lat' dir='ltr'><strong>conspectu</strong></span> <span class='ocrx_word' id='word_1_399' title='bbox 3475 3039 3571 3093; x_wconf 87' lang='lat' dir='ltr'><strong>Dei</strong></span> 
     </span>
    </p>
   </div>
   <div class='ocr_carea' id='block_1_59' title="bbox 1985 3125 3572 3197">
    <p class='ocr_par' dir='ltr' id='par_1_59' title="bbox 1985 3125 3572 3197">
     <span class='ocr_line' id='line_1_59' title="bbox 1985 3125 3572 3197; baseline 0.004 -16"><span class='ocrx_word' id='word_1_400' title='bbox 1985 3125 2156 3182; x_wconf 82' lang='lat' dir='ltr'><strong>corda.</strong></span> <span class='ocrx_word' id='word_1_401' title='bbox 2184 3135 2390 3192; x_wconf 90' lang='lat' dir='ltr'><strong>nostra,</strong></span> <span class='ocrx_word' id='word_1_402' title='bbox 2421 3127 2799 3197; x_wconf 80' lang='lat' dir='ltr'><strong>precationem</strong></span> <span class='ocrx_word' id='word_1_403' title='bbox 2842 3139 2898 3184; x_wconf 88' lang='lat' dir='ltr'><strong>et</strong></span> <span class='ocrx_word' id='word_1_404' title='bbox 2922 3130 3280 3186; x_wconf 83' lang='lat' dir='ltr'><strong>aﬂlictioncm</strong></span> <span class='ocrx_word' id='word_1_405' title='bbox 3308 3141 3572 3197; x_wconf 86' lang='lat' dir='ltr'><strong>nostram,</strong></span> 
     </span>
    </p>
   </div>
   <div class='ocr_carea' id='block_1_60' title="bbox 303 3217 1883 3303">
    <p class='ocr_par' dir='ltr' id='par_1_60' title="bbox 303 3218 1883 3298">
     <span class='ocr_line' id='line_1_60' title="bbox 303 3218 1883 3298; baseline 0.006 -25"><span class='ocrx_word' id='word_1_406' title='bbox 303 3218 679 3289; x_wconf 69' lang='grc' dir='ltr'>άναγγέλλειν·</span> <span class='ocrx_word' id='word_1_407' title='bbox 708 3223 1185 3296; x_wconf 79' lang='grc' dir='ltr'>ὲξομολογούμεθα</span> <span class='ocrx_word' id='word_1_408' title='bbox 1208 3227 1315 3298; x_wconf 74' lang='grc' dir='ltr'><strong>γὰρ</strong></span> <span class='ocrx_word' id='word_1_409' title='bbox 1339 3225 1416 3298; x_wconf 85' lang='grc' dir='ltr'><strong>τῷ</strong></span> <span class='ocrx_word' id='word_1_410' title='bbox 1441 3225 1581 3298; x_wconf 84' lang='grc' dir='ltr'>Θεῷ,</span> <span class='ocrx_word' id='word_1_411' title='bbox 1604 3226 1680 3292; x_wconf 85' lang='grc' dir='ltr'><strong>ὡς</strong></span> <span class='ocrx_word' id='word_1_412' title='bbox 1705 3228 1883 3297; x_wconf 80' lang='grc' dir='ltr'>σοφῶς</span> 
     </span>
    </p>
   </div>
   <div class='ocr_carea' id='block_1_61' title="bbox 2002 3217 3668 3303">
    <p class='ocr_par' dir='ltr' id='par_1_61' title="bbox 2002 3217 3668 3290">
     <span class='ocr_line' id='line_1_61' title="bbox 2002 3217 3668 3290; baseline 0.003 -15"><span class='ocrx_word' id='word_1_413' title='bbox 2002 3227 2049 3275; x_wconf 75' lang='lat' dir='ltr'><strong>ut</strong></span> <span class='ocrx_word' id='word_1_414' title='bbox 2073 3227 2180 3286; x_wconf 87' lang='lat' dir='ltr'><strong>est,</strong></span> <span class='ocrx_word' id='word_1_415' title='bbox 2220 3217 2452 3274; x_wconf 87' lang='lat' dir='ltr'><strong>Domino</strong></span> <span class='ocrx_word' id='word_1_416' title='bbox 2495 3219 2849 3276; x_wconf 84' lang='lat' dir='ltr'><strong>denuntiare.</strong></span> <span class='ocrx_word' id='word_1_417' title='bbox 2887 3223 3232 3278; x_wconf 68' lang='lat' dir='ltr'><strong>Confitentur</strong></span> <span class='ocrx_word' id='word_1_418' title='bbox 3263 3224 3408 3280; x_wconf 85' lang='lat' dir='ltr'><strong>enim</strong></span> <span class='ocrx_word' id='word_1_419' title='bbox 3443 3226 3571 3290; x_wconf 84' lang='lat' dir='ltr'><strong>Deo,</strong></span> <span class='ocrx_word' id='word_1_420' title='bbox 3660 3280 3668 3290; x_wconf 69' lang='grc'><strong>,</strong></span> 
     </span>
    </p>
   </div>
   <div class='ocr_carea' id='block_1_62' title="bbox 297 3310 1886 3393">
    <p class='ocr_par' dir='ltr' id='par_1_62' title="bbox 297 3310 1886 3393">
     <span class='ocr_line' id='line_1_62' title="bbox 297 3310 1886 3393; baseline 0.007 -29"><span class='ocrx_word' id='word_1_421' title='bbox 297 3310 586 3384; x_wconf 83' lang='grc' dir='ltr'>δυναμένῳ</span> <span class='ocrx_word' id='word_1_422' title='bbox 625 3314 695 3368; x_wconf 82' lang='grc' dir='ltr'><strong>τὰ</strong></span> <span class='ocrx_word' id='word_1_423' title='bbox 735 3315 858 3370; x_wconf 82' lang='grc' dir='ltr'>καθ’</span> <span class='ocrx_word' id='word_1_424' title='bbox 895 3318 1047 3388; x_wconf 77' lang='grc' dir='ltr'>ἡμᾶς</span> <span class='ocrx_word' id='word_1_425' title='bbox 1091 3317 1388 3390; x_wconf 79' lang='grc' dir='ltr'>διοικῆσαι,</span> <span class='ocrx_word' id='word_1_426' title='bbox 1434 3321 1529 3374; x_wconf 82' lang='grc' dir='ltr'>καὶ</span> <span class='ocrx_word' id='word_1_427' title='bbox 1572 3321 1672 3393; x_wconf 83' lang='grc' dir='ltr'>τὴν</span> <span class='ocrx_word' id='word_1_428' title='bbox 1707 3320 1886 3392; x_wconf 78' lang='grc' dir='ltr'>θλίψιν</span> 
     </span>
    </p>
   </div>
   <div class='ocr_carea' id='block_1_63' title="bbox 298 3401 1888 3484">
    <p class='ocr_par' dir='ltr' id='par_1_63' title="bbox 298 3401 1888 3484">
     <span class='ocr_line' id='line_1_63' title="bbox 298 3401 1888 3484; baseline 0.008 -28"><span class='ocrx_word' id='word_1_429' title='bbox 298 3401 397 3456; x_wconf 66' lang='grc' dir='ltr'><strong>ἐπὶ</strong></span> <span class='ocrx_word' id='word_1_430' title='bbox 425 3403 762 3477; x_wconf 85' lang='grc' dir='ltr'>συμφέροντι</span> <span class='ocrx_word' id='word_1_431' title='bbox 803 3406 1030 3478; x_wconf 86' lang='grc' dir='ltr'>ποιῆσαι</span> <span class='ocrx_word' id='word_1_432' title='bbox 1065 3408 1283 3480; x_wconf 78' lang='grc' dir='ltr'>ῥᾳδίαν,</span> <span class='ocrx_word' id='word_1_433' title='bbox 1321 3411 1416 3463; x_wconf 72' lang='grc' dir='ltr'>καὶ</span> <span class='ocrx_word' id='word_1_434' title='bbox 1439 3410 1709 3480; x_wconf 74' lang='grc' dir='ltr'>ῥύσασθαι</span> <span class='ocrx_word' id='word_1_435' title='bbox 1739 3413 1888 3484; x_wconf 77' lang='grc' dir='ltr'>ἡμᾶς</span> 
     </span>
    </p>
   </div>
   <div class='ocr_carea' id='block_1_64' title="bbox 299 3492 1406 3571">
    <p class='ocr_par' dir='ltr' id='par_1_64' title="bbox 299 3492 1406 3571">
     <span class='ocr_line' id='line_1_64' title="bbox 299 3492 1406 3571; baseline 0.008 -28"><span class='ocrx_word' id='word_1_436' title='bbox 299 3492 404 3563; x_wconf 86' lang='grc' dir='ltr'><strong>τῆς</strong></span> <span class='ocrx_word' id='word_1_437' title='bbox 437 3492 688 3566; x_wconf 83' lang='grc' dir='ltr'>ὀλεθρίας</span> <span class='ocrx_word' id='word_1_438' title='bbox 712 3511 772 3550; x_wconf 89' lang='grc' dir='ltr'><strong>τε</strong></span> <span class='ocrx_word' id='word_1_439' title='bbox 798 3496 894 3551; x_wconf 66' lang='grc' dir='ltr'><strong>καὶ⁸</strong></span> <span class='ocrx_word' id='word_1_440' title='bbox 922 3496 1173 3570; x_wconf 83' lang='grc' dir='ltr'>φθαρτῆς</span> <span class='ocrx_word' id='word_1_441' title='bbox 1209 3497 1406 3571; x_wconf 82' lang='grc' dir='ltr'>λύπης.</span> 
     </span>
    </p>
   </div>
   <div class='ocr_carea' id='block_1_65' title="bbox 380 3673 1888 3755">
    <p class='ocr_par' dir='ltr' id='par_1_65' title="bbox 380 3673 1888 3755">
     <span class='ocr_line' id='line_1_65' title="bbox 380 3673 1888 3755; baseline 0.007 -29"><span class='ocrx_word' id='word_1_442' title='bbox 380 3673 478 3730; x_wconf 85' lang='grc' dir='ltr'>λδ’.</span> <span class='ocrx_word' id='word_1_443' title='bbox 503 3673 687 3745; x_wconf 81' lang='grc' dir='ltr'>Θυμδς</span> <span class='ocrx_word' id='word_1_444' title='bbox 713 3677 823 3750; x_wconf 81' lang='grc' dir='ltr'><strong>γὰρ</strong></span> <span class='ocrx_word' id='word_1_445' title='bbox 846 3679 999 3752; x_wconf 76' lang='grc' dir='ltr'>παρὰ</span> <span class='ocrx_word' id='word_1_446' title='bbox 1029 3678 1193 3750; x_wconf 77' lang='grc' dir='ltr'>φύσιν</span> <span class='ocrx_word' id='word_1_447' title='bbox 1222 3681 1366 3736; x_wconf 78' lang='grc' dir='ltr'>κατὰ</span> <span class='ocrx_word' id='word_1_448' title='bbox 1388 3681 1690 3755; x_wconf 85' lang='grc' dir='ltr'>ἀνθρώπων</span> <span class='ocrx_word' id='word_1_449' title='bbox 1715 3683 1888 3738; x_wconf 86' lang='grc' dir='ltr'>κινού-</span> 
     </span>
    </p>
   </div>
   <div class='ocr_carea' id='block_1_66' title="bbox 306 3768 1887 3847">
    <p class='ocr_par' dir='ltr' id='par_1_66' title="bbox 306 3768 1887 3847">
     <span class='ocr_line' id='line_1_66' title="bbox 306 3768 1887 3847; baseline 0.007 -28"><span class='ocrx_word' id='word_1_450' title='bbox 306 3783 492 3836; x_wconf 87' lang='grc' dir='ltr'>μενος,</span> <span class='ocrx_word' id='word_1_451' title='bbox 517 3769 611 3822; x_wconf 80' lang='grc' dir='ltr'>καὶ</span> <span class='ocrx_word' id='word_1_452' title='bbox 632 3768 810 3840; x_wconf 83' lang='grc' dir='ltr'>λύπην</span> <span class='ocrx_word' id='word_1_453' title='bbox 836 3771 898 3825; x_wconf 84' lang='grc' dir='ltr'><strong>οὐ</strong></span> <span class='ocrx_word' id='word_1_454' title='bbox 922 3771 1066 3826; x_wconf 81' lang='grc' dir='ltr'>κατὰ</span> <span class='ocrx_word' id='word_1_455' title='bbox 1086 3771 1220 3826; x_wconf 78' lang='grc' dir='ltr'>Θεὸν</span> <span class='ocrx_word' id='word_1_456' title='bbox 1265 3775 1362 3828; x_wconf 75' lang='grc' dir='ltr'>καὶ</span> <span class='ocrx_word' id='word_1_457' title='bbox 1383 3774 1612 3846; x_wconf 84' lang='grc' dir='ltr'>ἀκηδίαν</span> <span class='ocrx_word' id='word_1_458' title='bbox 1645 3775 1887 3847; x_wconf 73' lang='grc' dir='ltr'>ἐμποιεῖ-</span> 
     </span>
    </p>
   </div>
   <div class='ocr_carea' id='block_1_67' title="bbox 304 3858 1891 3935">
    <p class='ocr_par' dir='ltr' id='par_1_67' title="bbox 304 3858 1891 3935">
     <span class='ocr_line' id='line_1_67' title="bbox 304 3858 1891 3935; baseline 0.006 -24"><span class='ocrx_word' id='word_1_459' title='bbox 304 3858 589 3930; x_wconf 79' lang='grc' dir='ltr'>φθαρτικὰ</span> <span class='ocrx_word' id='word_1_460' title='bbox 615 3860 816 3931; x_wconf 85' lang='grc' dir='ltr'>ὁμοίως</span> <span class='ocrx_word' id='word_1_461' title='bbox 840 3863 949 3916; x_wconf 75' lang='grc' dir='ltr'>εἰσὶ</span> <span class='ocrx_word' id='word_1_462' title='bbox 978 3863 1088 3916; x_wconf 88' lang='grc' dir='ltr'><strong>τῶν</strong></span> <span class='ocrx_word' id='word_1_463' title='bbox 1118 3863 1338 3933; x_wconf 77' lang='grc' dir='ltr'>ἀγαθῶν</span> <span class='ocrx_word' id='word_1_464' title='bbox 1357 3882 1417 3918; x_wconf 84' lang='grc' dir='ltr'><strong>τε</strong></span> <span class='ocrx_word' id='word_1_465' title='bbox 1451 3865 1548 3920; x_wconf 79' lang='grc' dir='ltr'>καὶ</span> <span class='ocrx_word' id='word_1_466' title='bbox 1569 3866 1891 3935; x_wconf 87' lang='grc' dir='ltr'>γνωστικῶν</span> 
     </span>
    </p>
   </div>
   <div class='ocr_carea' id='block_1_68' title="bbox 303 3950 1889 4030">
    <p class='ocr_par' dir='ltr' id='par_1_68' title="bbox 303 3950 1889 4030">
     <span class='ocr_line' id='line_1_68' title="bbox 303 3950 1889 4030; baseline 0.006 -28"><span class='ocrx_word' id='word_1_467' title='bbox 303 3950 622 4021; x_wconf 83' lang='grc' dir='ltr'>λογισμῶν,</span> <span class='ocrx_word' id='word_1_468' title='bbox 654 3951 692 4006; x_wconf 75' lang='grc' dir='ltr'>ἃ</span> <span class='ocrx_word' id='word_1_469' title='bbox 727 3954 754 4006; x_wconf 84' lang='grc' dir='ltr'>ὀ</span> <span class='ocrx_word' id='word_1_470' title='bbox 786 3953 991 4026; x_wconf 83' lang='grc' dir='ltr'>Κύριος</span> <span class='ocrx_word' id='word_1_471' title='bbox 1028 3956 1096 4026; x_wconf 77' lang='grc' dir='ltr'><strong>τῇ</strong></span> <span class='ocrx_word' id='word_1_472' title='bbox 1137 3954 1526 4028; x_wconf 77' lang='grc' dir='ltr'>ἐξομολογήσει</span> <span class='ocrx_word' id='word_1_473' title='bbox 1552 3956 1889 4030; x_wconf 75' lang='grc' dir='ltr'>σκορπίξων,</span> 
     </span>
    </p>
   </div>
   <div class='ocr_carea' id='block_1_69' title="bbox 306 4041 767 4115">
    <p class='ocr_par' dir='ltr' id='par_1_69' title="bbox 306 4041 767 4115">
     <span class='ocr_line' id='line_1_69' title="bbox 306 4041 767 4115; baseline 0.009 -20"><span class='ocrx_word' id='word_1_474' title='bbox 306 4041 492 4114; x_wconf 83' lang='grc' dir='ltr'>χαράν</span> <span class='ocrx_word' id='word_1_475' title='bbox 528 4044 767 4115; x_wconf 72' lang='grc' dir='ltr'>ἐμποιεῖ.</span> 
     </span>
    </p>
   </div>
   <div class='ocr_carea' id='block_1_70' title="bbox 382 4133 1892 4210">
    <p class='ocr_par' dir='ltr' id='par_1_70' title="bbox 382 4133 1892 4210">
     <span class='ocr_line' id='line_1_70' title="bbox 382 4133 1892 4210; baseline 0.008 -24"><span class='ocrx_word' id='word_1_476' title='bbox 382 4133 479 4187; x_wconf 80' lang='grc' dir='ltr'>λε’.</span> <span class='ocrx_word' id='word_1_477' title='bbox 532 4135 827 4206; x_wconf 84' lang='grc' dir='ltr'>Λογισμῶν</span> <span class='ocrx_word' id='word_1_478' title='bbox 877 4135 933 4191; x_wconf 75' lang='grc' dir='ltr'>δὲ</span> <span class='ocrx_word' id='word_1_479' title='bbox 975 4137 1036 4192; x_wconf 69' lang='grc' dir='ltr'><strong>ἐν</strong></span> <span class='ocrx_word' id='word_1_480' title='bbox 1087 4137 1324 4210; x_wconf 73' lang='grc' dir='ltr'>καρδίᾳ,</span> <span class='ocrx_word' id='word_1_481' title='bbox 1367 4139 1466 4194; x_wconf 68' lang='grc' dir='ltr'>καὶ</span> <span class='ocrx_word' id='word_1_482' title='bbox 1506 4141 1582 4210; x_wconf 80' lang='grc' dir='ltr'>μὴ</span> <span class='ocrx_word' id='word_1_483' title='bbox 1627 4140 1892 4200; x_wconf 88' lang='grc' dir='ltr'>θελόντων</span> 
     </span>
    </p>
   </div>
   <div class='ocr_carea' id='block_1_71' title="bbox 1995 3312 3576 3389">
    <p class='ocr_par' dir='ltr' id='par_1_71' title="bbox 1995 3312 3576 3389">
     <span class='ocr_line' id='line_1_71' title="bbox 1995 3312 3576 3389; baseline 0.001 -21"><span class='ocrx_word' id='word_1_484' title='bbox 1995 3322 2255 3383; x_wconf 86' lang='lat' dir='ltr'><strong>tanquam</strong></span> <span class='ocrx_word' id='word_1_485' title='bbox 2282 3328 2347 3368; x_wconf 91' lang='lat' dir='ltr'><strong>ea</strong></span> <span class='ocrx_word' id='word_1_486' title='bbox 2382 3329 2504 3382; x_wconf 74' lang='lat' dir='ltr'><strong>qua:</strong></span> <span class='ocrx_word' id='word_1_487' title='bbox 2529 3312 2670 3369; x_wconf 85' lang='lat' dir='ltr'><strong>circa</strong></span> <span class='ocrx_word' id='word_1_488' title='bbox 2715 3331 2816 3370; x_wconf 93' lang='lat' dir='ltr'><strong>nos</strong></span> <span class='ocrx_word' id='word_1_489' title='bbox 2847 3326 3015 3382; x_wconf 87' lang='lat' dir='ltr'><strong>sunt,</strong></span> <span class='ocrx_word' id='word_1_490' title='bbox 3071 3317 3347 3388; x_wconf 84' lang='lat' dir='ltr'><strong>sapienter</strong></span> <span class='ocrx_word' id='word_1_491' title='bbox 3377 3319 3576 3389; x_wconf 85' lang='lat' dir='ltr'><strong>guber-</strong></span> 
     </span>
    </p>
   </div>
   <div class='ocr_carea' id='block_1_72' title="bbox 1995 3405 3579 3476">
    <p class='ocr_par' dir='ltr' id='par_1_72' title="bbox 1995 3405 3579 3476">
     <span class='ocr_line' id='line_1_72' title="bbox 1995 3405 3579 3476; baseline 0.002 -16"><span class='ocrx_word' id='word_1_492' title='bbox 1995 3405 2171 3472; x_wconf 87' lang='lat' dir='ltr'><strong>nanti,</strong></span> <span class='ocrx_word' id='word_1_493' title='bbox 2205 3414 2259 3460; x_wconf 91' lang='lat' dir='ltr'><strong>et</strong></span> <span class='ocrx_word' id='word_1_494' title='bbox 2292 3405 2387 3476; x_wconf 88' lang='lat' dir='ltr'><strong>qui</strong></span> <span class='ocrx_word' id='word_1_495' title='bbox 2420 3405 2829 3461; x_wconf 86' lang='lat' dir='ltr'><strong>tribulationem</strong></span> <span class='ocrx_word' id='word_1_496' title='bbox 2877 3423 3002 3461; x_wconf 86' lang='lat' dir='ltr'><strong>cum</strong></span> <span class='ocrx_word' id='word_1_497' title='bbox 3055 3408 3231 3462; x_wconf 85' lang='lat' dir='ltr'><strong>fructu</strong></span> <span class='ocrx_word' id='word_1_498' title='bbox 3266 3409 3437 3462; x_wconf 87' lang='lat' dir='ltr'><strong>levem</strong></span> <span class='ocrx_word' id='word_1_499' title='bbox 3465 3408 3579 3463; x_wconf 74' lang='lat' dir='ltr'><strong>elli-</strong></span> 
     </span>
    </p>
   </div>
   <div class='ocr_carea' id='block_1_73' title="bbox 1996 3495 3578 3564">
    <p class='ocr_par' dir='ltr' id='par_1_73' title="bbox 1996 3495 3578 3564">
     <span class='ocr_line' id='line_1_73' title="bbox 1996 3495 3578 3564; baseline 0.001 -14"><span class='ocrx_word' id='word_1_500' title='bbox 1996 3510 2121 3550; x_wconf 88' lang='lat' dir='ltr'><strong>cere</strong></span> <span class='ocrx_word' id='word_1_501' title='bbox 2174 3502 2394 3564; x_wconf 89' lang='lat' dir='ltr'><strong>potest,</strong></span> <span class='ocrx_word' id='word_1_502' title='bbox 2435 3504 2492 3550; x_wconf 90' lang='lat' dir='ltr'><strong>et</strong></span> <span class='ocrx_word' id='word_1_503' title='bbox 2528 3495 2761 3551; x_wconf 89' lang='lat' dir='ltr'><strong>liberare</strong></span> <span class='ocrx_word' id='word_1_504' title='bbox 2794 3511 2895 3551; x_wconf 91' lang='lat' dir='ltr'><strong>nos</strong></span> <span class='ocrx_word' id='word_1_505' title='bbox 2923 3497 2993 3552; x_wconf 89' lang='lat' dir='ltr'><strong>ab</strong></span> <span class='ocrx_word' id='word_1_506' title='bbox 3043 3497 3265 3551; x_wconf 86' lang='lat' dir='ltr'><strong>interitu</strong></span> <span class='ocrx_word' id='word_1_507' title='bbox 3298 3507 3351 3553; x_wconf 90' lang='lat' dir='ltr'><strong>et</strong></span> <span class='ocrx_word' id='word_1_508' title='bbox 3384 3513 3578 3553; x_wconf 89' lang='lat' dir='ltr'><strong>corru-</strong></span> 
     </span>
    </p>
   </div>
   <div class='ocr_carea' id='block_1_74' title="bbox 1995 3585 2473 3657">
    <p class='ocr_par' dir='ltr' id='par_1_74' title="bbox 1995 3585 2473 3657">
     <span class='ocr_line' id='line_1_74' title="bbox 1995 3585 2473 3657; baseline -0.002 -16"><span class='ocrx_word' id='word_1_509' title='bbox 1995 3585 2173 3657; x_wconf 90' lang='lat' dir='ltr'><strong>ptibili</strong></span> <span class='ocrx_word' id='word_1_510' title='bbox 2204 3586 2473 3640; x_wconf 83' lang='lat' dir='ltr'><strong>molestia.</strong></span> 
     </span>
    </p>
   </div>
   <div class='ocr_carea' id='block_1_75' title="bbox 2067 3675 3579 3749">
    <p class='ocr_par' dir='ltr' id='par_1_75' title="bbox 2067 3675 3579 3749">
     <span class='ocr_line' id='line_1_75' title="bbox 2067 3675 3579 3749; baseline 0 -17"><span class='ocrx_word' id='word_1_511' title='bbox 2067 3677 2157 3732; x_wconf 75' lang='grc'>54.</span> <span class='ocrx_word' id='word_1_512' title='bbox 2213 3675 2291 3730; x_wconf 91' lang='lat' dir='ltr'><strong>Ira</strong></span> <span class='ocrx_word' id='word_1_513' title='bbox 2319 3677 2586 3747; x_wconf 84' lang='lat' dir='ltr'><strong>siquidem</strong></span> <span class='ocrx_word' id='word_1_514' title='bbox 2619 3678 2882 3733; x_wconf 69' lang='lat' dir='ltr'><strong>adversus</strong></span> <span class='ocrx_word' id='word_1_515' title='bbox 2913 3678 3164 3734; x_wconf 85' lang='lat' dir='ltr'><strong>homines</strong></span> <span class='ocrx_word' id='word_1_516' title='bbox 3194 3687 3392 3749; x_wconf 70' lang='lat' dir='ltr'><strong>prmter</strong></span> <span class='ocrx_word' id='word_1_517' title='bbox 3414 3687 3579 3732; x_wconf 82' lang='lat' dir='ltr'><strong>natu-</strong></span> 
     </span>
    </p>
   </div>
   <div class='ocr_carea' id='block_1_76' title="bbox 1999 3769 3582 3834">
    <p class='ocr_par' dir='ltr' id='par_1_76' title="bbox 1999 3769 3582 3834">
     <span class='ocr_line' id='line_1_76' title="bbox 1999 3769 3582 3834; baseline 0 -10"><span class='ocrx_word' id='word_1_518' title='bbox 1999 3784 2115 3824; x_wconf 88' lang='lat' dir='ltr'><strong>ram</strong></span> <span class='ocrx_word' id='word_1_519' title='bbox 2143 3778 2344 3831; x_wconf 88' lang='lat' dir='ltr'><strong>emota,</strong></span> <span class='ocrx_word' id='word_1_520' title='bbox 2377 3777 2430 3822; x_wconf 83' lang='lat' dir='ltr'><strong>et</strong></span> <span class='ocrx_word' id='word_1_521' title='bbox 2477 3769 2754 3827; x_wconf 88' lang='lat' dir='ltr'><strong>tristitiam</strong></span> <span class='ocrx_word' id='word_1_522' title='bbox 2799 3786 2910 3826; x_wconf 85' lang='lat' dir='ltr'><strong>non</strong></span> <span class='ocrx_word' id='word_1_523' title='bbox 2939 3771 3245 3825; x_wconf 87' lang='lat' dir='ltr'><strong>secundum</strong></span> <span class='ocrx_word' id='word_1_524' title='bbox 3283 3771 3473 3834; x_wconf 86' lang='lat' dir='ltr'><strong>Deum,</strong></span> <span class='ocrx_word' id='word_1_525' title='bbox 3523 3778 3582 3824; x_wconf 85' lang='lat' dir='ltr'><strong>et</strong></span> 
     </span>
    </p>
   </div>
   <div class='ocr_carea' id='block_1_77' title="bbox 1999 3857 3584 3931">
    <p class='ocr_par' dir='ltr' id='par_1_77' title="bbox 1999 3857 3584 3931">
     <span class='ocr_line' id='line_1_77' title="bbox 1999 3857 3584 3931; baseline 0.001 -17"><span class='ocrx_word' id='word_1_526' title='bbox 1999 3858 2220 3914; x_wconf 71' lang='lat' dir='ltr'><strong>taadinm</strong></span> <span class='ocrx_word' id='word_1_527' title='bbox 2266 3857 2436 3929; x_wconf 85' lang='lat' dir='ltr'><strong>gignit</strong></span> <span class='ocrx_word' id='word_1_528' title='bbox 2468 3875 2480 3910; x_wconf 92' lang='lat'>:</span> <span class='ocrx_word' id='word_1_529' title='bbox 2513 3874 2633 3928; x_wconf 81' lang='lat' dir='ltr'><strong>qua:</strong></span> <span class='ocrx_word' id='word_1_530' title='bbox 2665 3859 2872 3929; x_wconf 88' lang='lat' dir='ltr'><strong>pariter</strong></span> <span class='ocrx_word' id='word_1_531' title='bbox 2926 3869 3285 3931; x_wconf 86' lang='lat' dir='ltr'><strong>corrumpunt</strong></span> <span class='ocrx_word' id='word_1_532' title='bbox 3325 3861 3497 3914; x_wconf 88' lang='lat' dir='ltr'><strong>bonas</strong></span> <span class='ocrx_word' id='word_1_533' title='bbox 3527 3868 3584 3915; x_wconf 91' lang='lat' dir='ltr'><strong>et</strong></span> 
     </span>
    </p>
   </div>
   <div class='ocr_carea' id='block_1_78' title="bbox 2000 3947 3580 4019">
    <p class='ocr_par' dir='ltr' id='par_1_78' title="bbox 2000 3947 3580 4019">
     <span class='ocr_line' id='line_1_78' title="bbox 2000 3947 3580 4019; baseline -0.003 -12"><span class='ocrx_word' id='word_1_534' title='bbox 2000 3947 2243 4007; x_wconf 82' lang='lat' dir='ltr'><strong>eruditas</strong></span> <span class='ocrx_word' id='word_1_535' title='bbox 2303 3947 2702 4019; x_wconf 77' lang='lat' dir='ltr'><strong>cogitationes:</strong></span> <span class='ocrx_word' id='word_1_536' title='bbox 2737 3958 2794 4004; x_wconf 89' lang='lat' dir='ltr'><strong>et</strong></span> <span class='ocrx_word' id='word_1_537' title='bbox 2832 3965 2930 4018; x_wconf 89' lang='lat' dir='ltr'><strong>per</strong></span> <span class='ocrx_word' id='word_1_538' title='bbox 2973 3949 3372 4004; x_wconf 89' lang='lat' dir='ltr'><strong>confessionem</strong></span> <span class='ocrx_word' id='word_1_539' title='bbox 3417 3949 3580 4005; x_wconf 91' lang='lat' dir='ltr'><strong>dissi-</strong></span> 
     </span>
    </p>
   </div>
   <div class='ocr_carea' id='block_1_79' title="bbox 1999 4040 3128 4112">
    <p class='ocr_par' dir='ltr' id='par_1_79' title="bbox 1999 4040 3128 4112">
     <span class='ocr_line' id='line_1_79' title="bbox 1999 4040 3128 4112; baseline 0.001 -18"><span class='ocrx_word' id='word_1_540' title='bbox 1999 4048 2201 4112; x_wconf 89' lang='lat' dir='ltr'><strong>pantur</strong></span> <span class='ocrx_word' id='word_1_541' title='bbox 2235 4055 2267 4093; x_wconf 90' lang='lat' dir='ltr'><strong>a</strong></span> <span class='ocrx_word' id='word_1_542' title='bbox 2298 4040 2528 4095; x_wconf 90' lang='lat' dir='ltr'><strong>Domino</strong></span> <span class='ocrx_word' id='word_1_543' title='bbox 2564 4040 2806 4095; x_wconf 67' lang='lat' dir='ltr'><strong>laetitiam</strong></span> <span class='ocrx_word' id='word_1_544' title='bbox 2836 4041 3128 4096; x_wconf 81' lang='lat' dir='ltr'><strong>inferente.</strong></span> 
     </span>
    </p>
   </div>
   <div class='ocr_carea' id='block_1_80' title="bbox 2071 4130 3584 4202">
    <p class='ocr_par' dir='ltr' id='par_1_80' title="bbox 2071 4130 3584 4202">
     <span class='ocr_line' id='line_1_80' title="bbox 2071 4130 3584 4202; baseline 0.001 -15"><span class='ocrx_word' id='word_1_545' title='bbox 2071 4131 2163 4187; x_wconf 82' lang='grc'><strong>55.</strong></span> <span class='ocrx_word' id='word_1_546' title='bbox 2209 4130 2584 4202; x_wconf 77' lang='lat' dir='ltr'><strong>Cogitationes</strong></span> <span class='ocrx_word' id='word_1_547' title='bbox 2611 4131 2668 4186; x_wconf 90' lang='lat' dir='ltr'><strong>in</strong></span> <span class='ocrx_word' id='word_1_548' title='bbox 2707 4131 2912 4197; x_wconf 89' lang='lat' dir='ltr'><strong>animo,</strong></span> <span class='ocrx_word' id='word_1_549' title='bbox 2951 4133 3034 4188; x_wconf 84' lang='lat' dir='ltr'><strong>vel</strong></span> <span class='ocrx_word' id='word_1_550' title='bbox 3059 4132 3215 4187; x_wconf 88' lang='lat' dir='ltr'><strong>nobis</strong></span> <span class='ocrx_word' id='word_1_551' title='bbox 3235 4133 3417 4188; x_wconf 88' lang='lat' dir='ltr'><strong>invitis</strong></span> <span class='ocrx_word' id='word_1_552' title='bbox 3449 4133 3584 4189; x_wconf 78' lang='lat' dir='ltr'><strong>fixas</strong></span> 
     </span>
    </p>
   </div>
   <div class='ocr_carea' id='block_1_81' title="bbox 307 4224 1883 4304">
    <p class='ocr_par' dir='ltr' id='par_1_81' title="bbox 307 4224 1883 4304">
     <span class='ocr_line' id='line_1_81' title="bbox 307 4224 1883 4304; baseline 0.006 -26"><span class='ocrx_word' id='word_1_553' title='bbox 307 4224 478 4295; x_wconf 79' lang='grc' dir='ltr'>ἡμῶν</span> <span class='ocrx_word' id='word_1_554' title='bbox 516 4227 804 4296; x_wconf 82' lang='grc' dir='ltr'>παγέντων</span> <span class='ocrx_word' id='word_1_555' title='bbox 845 4245 906 4281; x_wconf 88' lang='grc' dir='ltr'><strong>τε</strong></span> <span class='ocrx_word' id='word_1_556' title='bbox 952 4229 1046 4283; x_wconf 74' lang='grc' dir='ltr'><strong>καὶ</strong></span> <span class='ocrx_word' id='word_1_557' title='bbox 1079 4230 1383 4300; x_wconf 78' lang='grc' dir='ltr'>ἱσταμένων</span> <span class='ocrx_word' id='word_1_558' title='bbox 1404 4272 1420 4298; x_wconf 97' lang='grc'><strong>,</strong></span> <span class='ocrx_word' id='word_1_559' title='bbox 1453 4228 1757 4304; x_wconf 76' lang='grc' dir='ltr'>ἐξαλείφειν</span> <span class='ocrx_word' id='word_1_560' title='bbox 1794 4234 1883 4288; x_wconf 57' lang='lat' dir='ltr'><strong>ne.</strong></span> 
     </span>
    </p>
   </div>
   <div class='ocr_carea' id='block_1_82' title="bbox 2002 4224 3582 4304">
    <p class='ocr_par' dir='ltr' id='par_1_82' title="bbox 2003 4225 3582 4297">
     <span class='ocr_line' id='line_1_82' title="bbox 2003 4225 3582 4297; baseline -0.002 -15"><span class='ocrx_word' id='word_1_561' title='bbox 2003 4235 2058 4282; x_wconf 88' lang='lat' dir='ltr'><strong>et</strong></span> <span class='ocrx_word' id='word_1_562' title='bbox 2090 4227 2480 4290; x_wconf 86' lang='lat' dir='ltr'><strong>consistentes,</strong></span> <span class='ocrx_word' id='word_1_563' title='bbox 2519 4225 2701 4280; x_wconf 84' lang='lat' dir='ltr'><strong>delere</strong></span> <span class='ocrx_word' id='word_1_564' title='bbox 2725 4225 2866 4280; x_wconf 87' lang='lat' dir='ltr'><strong>solet</strong></span> <span class='ocrx_word' id='word_1_565' title='bbox 2885 4225 3197 4297; x_wconf 81' lang='lat' dir='ltr'><strong>deprecatio</strong></span> <span class='ocrx_word' id='word_1_566' title='bbox 3221 4241 3347 4297; x_wconf 82' lang='lat' dir='ltr'><strong>erga</strong></span> <span class='ocrx_word' id='word_1_567' title='bbox 3369 4225 3582 4292; x_wconf 89' lang='lat' dir='ltr'><strong>Jesum,</strong></span> 
     </span>
    </p>
   </div>
   <div class='ocr_carea' id='block_1_83' title="bbox 310 4317 1883 4394">
    <p class='ocr_par' dir='ltr' id='par_1_83' title="bbox 310 4317 1883 4394">
     <span class='ocr_line' id='line_1_83' title="bbox 310 4317 1883 4394; baseline 0.009 -26"><span class='ocrx_word' id='word_1_568' title='bbox 310 4333 492 4386; x_wconf 84' lang='grc' dir='ltr'>φυκεν</span> <span class='ocrx_word' id='word_1_569' title='bbox 540 4317 718 4382; x_wconf 72' lang='grc' dir='ltr'><strong>Ἰησοῦ</strong></span> <span class='ocrx_word' id='word_1_570' title='bbox 753 4318 888 4392; x_wconf 80' lang='grc' dir='ltr'><strong>εὐχὴ</strong></span> <span class='ocrx_word' id='word_1_571' title='bbox 913 4321 1054 4392; x_wconf 81' lang='grc' dir='ltr'>μετὰ</span> <span class='ocrx_word' id='word_1_572' title='bbox 1086 4321 1303 4393; x_wconf 74' lang='grc' dir='ltr'>νηψεως</span> <span class='ocrx_word' id='word_1_573' title='bbox 1342 4323 1407 4377; x_wconf 78' lang='grc' dir='ltr'>ἐκ</span> <span class='ocrx_word' id='word_1_574' title='bbox 1440 4322 1652 4394; x_wconf 73' lang='grc' dir='ltr'>βαθέων</span> <span class='ocrx_word' id='word_1_575' title='bbox 1673 4325 1883 4382; x_wconf 77' lang='grc' dir='ltr'>ὲννοιῶ·.</span> 
     </span>
    </p>
   </div>
   <div class='ocr_carea' id='block_1_84' title="bbox 2002 4317 3578 4394">
    <p class='ocr_par' dir='ltr' id='par_1_84' title="bbox 2003 4317 3578 4389">
     <span class='ocr_line' id='line_1_84' title="bbox 2003 4317 3578 4389; baseline -0.001 -15"><span class='ocrx_word' id='word_1_576' title='bbox 2003 4333 2070 4374; x_wconf 80' lang='lat' dir='ltr'><strong>ex</strong></span> <span class='ocrx_word' id='word_1_577' title='bbox 2104 4317 2314 4376; x_wconf 86' lang='lat' dir='ltr'><strong>intimis</strong></span> <span class='ocrx_word' id='word_1_578' title='bbox 2333 4317 2502 4374; x_wconf 89' lang='lat' dir='ltr'><strong>animi</strong></span> <span class='ocrx_word' id='word_1_579' title='bbox 2527 4317 2886 4389; x_wconf 87' lang='lat' dir='ltr'><strong>conceptibus</strong></span> <span class='ocrx_word' id='word_1_580' title='bbox 2923 4328 3042 4375; x_wconf 80' lang='lat' dir='ltr'><strong>orta</strong></span> <span class='ocrx_word' id='word_1_581' title='bbox 3085 4334 3210 4375; x_wconf 83' lang='lat' dir='ltr'><strong>cum</strong></span> <span class='ocrx_word' id='word_1_582' title='bbox 3263 4319 3578 4375; x_wconf 82' lang='lat' dir='ltr'><strong>sobrietate.</strong></span> 
     </span>
    </p>
   </div>
   <div class='ocr_carea' id='block_1_85' title="bbox 311 4408 570 4465">
    <p class='ocr_par' dir='ltr' id='par_1_85' title="bbox 311 4408 570 4465">
     <span class='ocr_line' id='line_1_85' title="bbox 311 4408 570 4465; baseline 0.008 -1"><span class='ocrx_word' id='word_1_583' title='bbox 311 4408 570 4465; x_wconf 74' lang='grc' dir='ltr'>καρδίας.</span> 
     </span>
    </p>
   </div>
   <div class='ocr_carea' id='block_1_86' title="bbox 389 4409 1883 4578">
    <p class='ocr_par' dir='ltr' id='par_1_86' title="bbox 389 4409 1883 4578">
     <span class='ocr_line' id='line_1_86' title="bbox 389 4409 570 4465; baseline 0.033 -6"><span class='ocrx_word' id='word_1_584' title='bbox 389 4451 391 4459; x_wconf 74' lang='lat'>,</span> <span class='ocrx_word' id='word_1_585' title='bbox 463 4409 516 4463; x_wconf 87' lang='grc' dir='ltr'><strong>ία</strong></span> <span class='ocrx_word' id='word_1_586' title='bbox 554 4449 570 4465; x_wconf 91' lang='grc'><strong>.</strong></span> 
     </span>
     <span class='ocr_line' id='line_1_87' title="bbox 389 4409 1883 4578; baseline 0.007 -23"><span class='ocrx_word' id='word_1_587' title='bbox 389 4409 498 4565; x_wconf 56' lang='grc' dir='ltr'>ξιξ.</span> <span class='ocrx_word' id='word_1_588' title='bbox 521 4427 849 4572; x_wconf 55' lang='grc' dir='ltr'>ἷζουφισμδν</span> <span class='ocrx_word' id='word_1_589' title='bbox 883 4503 940 4557; x_wconf 81' lang='grc' dir='ltr'>δὲ</span> <span class='ocrx_word' id='word_1_590' title='bbox 994 4505 1092 4558; x_wconf 73' lang='grc' dir='ltr'>καὶ</span> <span class='ocrx_word' id='word_1_591' title='bbox 1126 4503 1320 4576; x_wconf 87' lang='grc' dir='ltr'>χαράν,</span> <span class='ocrx_word' id='word_1_592' title='bbox 1355 4505 1418 4558; x_wconf 77' lang='grc' dir='ltr'><strong>ἐν</strong></span> <span class='ocrx_word' id='word_1_593' title='bbox 1457 4506 1636 4578; x_wconf 81' lang='grc' dir='ltr'>θλίψει</span> <span class='ocrx_word' id='word_1_594' title='bbox 1684 4510 1883 4566; x_wconf 71' lang='grc' dir='ltr'>πολλῶι</span> 
     </span>
    </p>
   </div>
   <div class='ocr_carea' id='block_1_87' title="bbox 2002 4409 3586 4578">
    <p class='ocr_par' dir='ltr' id='par_1_87' title="bbox 2073 4497 3586 4570">
     <span class='ocr_line' id='line_1_88' title="bbox 2073 4497 3586 4570; baseline -0.001 -14"><span class='ocrx_word' id='word_1_595' title='bbox 2073 4499 2164 4556; x_wconf 85' lang='grc'>56.</span> <span class='ocrx_word' id='word_1_596' title='bbox 2203 4497 2340 4554; x_wconf 90' lang='lat' dir='ltr'><strong>Cum</strong></span> <span class='ocrx_word' id='word_1_597' title='bbox 2374 4499 2628 4570; x_wconf 89' lang='lat' dir='ltr'><strong>angimur</strong></span> <span class='ocrx_word' id='word_1_598' title='bbox 2653 4499 3006 4555; x_wconf 87' lang='lat' dir='ltr'><strong>multitudine</strong></span> <span class='ocrx_word' id='word_1_599' title='bbox 3031 4500 3420 4570; x_wconf 86' lang='lat' dir='ltr'><strong>cogitationum</strong></span> <span class='ocrx_word' id='word_1_600' title='bbox 3449 4499 3586 4554; x_wconf 84' lang='lat' dir='ltr'><strong>irra-</strong></span> 
     </span>
    </p>
   </div>
   <div class='ocr_carea' id='block_1_88' title="bbox 313 4590 1883 4672">
    <p class='ocr_par' dir='ltr' id='par_1_88' title="bbox 313 4590 1883 4672">
     <span class='ocr_line' id='line_1_89' title="bbox 313 4590 1883 4672; baseline 0.006 -28"><span class='ocrx_word' id='word_1_601' title='bbox 313 4590 535 4659; x_wconf 86' lang='grc' dir='ltr'>άλόγων</span> <span class='ocrx_word' id='word_1_602' title='bbox 567 4590 845 4664; x_wconf 83' lang='grc' dir='ltr'>λογισμῶν</span> <span class='ocrx_word' id='word_1_603' title='bbox 886 4593 1173 4665; x_wconf 85' lang='grc' dir='ltr'>γενόμενοι</span> <span class='ocrx_word' id='word_1_604' title='bbox 1213 4595 1524 4668; x_wconf 81' lang='grc' dir='ltr'>εὑρήσομεν</span> <span class='ocrx_word' id='word_1_605' title='bbox 1549 4638 1564 4664; x_wconf 93' lang='grc'><strong>,</strong></span> <span class='ocrx_word' id='word_1_606' title='bbox 1593 4599 1720 4653; x_wconf 82' lang='grc' dir='ltr'>ὅταν</span> <span class='ocrx_word' id='word_1_607' title='bbox 1753 4619 1883 4672; x_wconf 88' lang='grc' dir='ltr'>μεμ-</span> 
     </span>
    </p>
   </div>
   <div class='ocr_carea' id='block_1_89' title="bbox 2002 4590 3590 4672">
    <p class='ocr_par' dir='ltr' id='par_1_89' title="bbox 2008 4591 3590 4659">
     <span class='ocr_line' id='line_1_90' title="bbox 2008 4591 3590 4659; baseline -0.002 -11"><span class='ocrx_word' id='word_1_608' title='bbox 2008 4591 2314 4659; x_wconf 86' lang='lat' dir='ltr'><strong>tionalium,</strong></span> <span class='ocrx_word' id='word_1_609' title='bbox 2351 4591 2525 4646; x_wconf 87' lang='lat' dir='ltr'><strong>levari</strong></span> <span class='ocrx_word' id='word_1_610' title='bbox 2551 4591 2792 4646; x_wconf 75' lang='lat' dir='ltr'><strong>dolerent</strong></span> <span class='ocrx_word' id='word_1_611' title='bbox 2831 4605 2891 4647; x_wconf 84' lang='lat' dir='ltr'><strong>et</strong></span> <span class='ocrx_word' id='word_1_612' title='bbox 2935 4592 3176 4647; x_wconf 86' lang='lat' dir='ltr'><strong>recreari</strong></span> <span class='ocrx_word' id='word_1_613' title='bbox 3232 4609 3332 4648; x_wconf 69' lang='lat' dir='ltr'><strong>nos</strong></span> <span class='ocrx_word' id='word_1_614' title='bbox 3383 4594 3590 4647; x_wconf 79' lang='lat' dir='ltr'><strong>sentie-</strong></span> 
     </span>
    </p>
   </div>
   <div class='ocr_carea' id='block_1_90' title="bbox 311 4680 1883 4765">
    <p class='ocr_par' dir='ltr' id='par_1_90' title="bbox 311 4680 1883 4760">
     <span class='ocr_line' id='line_1_91' title="bbox 311 4680 1883 4760; baseline 0.008 -26"><span class='ocrx_word' id='word_1_615' title='bbox 311 4680 550 4752; x_wconf 71' lang='grc' dir='ltr'>ψώμεθα</span> <span class='ocrx_word' id='word_1_616' title='bbox 589 4683 817 4748; x_wconf 77' lang='grc' dir='ltr'>ἑαυτοὺς</span> <span class='ocrx_word' id='word_1_617' title='bbox 865 4686 923 4738; x_wconf 78' lang='grc' dir='ltr'><strong>ὲν</strong></span> <span class='ocrx_word' id='word_1_618' title='bbox 966 4685 1217 4758; x_wconf 78' lang='grc' dir='ltr'>ἀληθείᾳ,</span> <span class='ocrx_word' id='word_1_619' title='bbox 1261 4689 1360 4741; x_wconf 78' lang='grc' dir='ltr'>καὶ</span> <span class='ocrx_word' id='word_1_620' title='bbox 1401 4691 1775 4760; x_wconf 84' lang='grc' dir='ltr'>ἁπροσπαθῶς</span> <span class='ocrx_word' id='word_1_621' title='bbox 1800 4709 1814 4724; x_wconf 75' lang='grc' dir='ltr'><strong>ο</strong></span> <span class='ocrx_word' id='word_1_622' title='bbox 1863 4693 1883 4746; x_wconf 68' lang='grc' dir='ltr'><strong>ἰ</strong></span> 
     </span>
    </p>
   </div>
   <div class='ocr_carea' id='block_1_91' title="bbox 2002 4680 3590 4765">
    <p class='ocr_par' dir='ltr' id='par_1_91' title="bbox 2007 4683 3590 4754">
     <span class='ocr_line' id='line_1_92' title="bbox 2007 4683 3590 4754; baseline 0.001 -15"><span class='ocrx_word' id='word_1_623' title='bbox 2007 4699 2152 4748; x_wconf 90' lang='lat' dir='ltr'><strong>mus,</strong></span> <span class='ocrx_word' id='word_1_624' title='bbox 2177 4683 2224 4737; x_wconf 93' lang='lat' dir='ltr'><strong>si</strong></span> <span class='ocrx_word' id='word_1_625' title='bbox 2255 4697 2403 4747; x_wconf 88' lang='lat' dir='ltr'><strong>vere,</strong></span> <span class='ocrx_word' id='word_1_626' title='bbox 2448 4691 2506 4738; x_wconf 84' lang='lat' dir='ltr'><strong>et</strong></span> <span class='ocrx_word' id='word_1_627' title='bbox 2560 4683 2706 4738; x_wconf 88' lang='lat' dir='ltr'><strong>omni</strong></span> <span class='ocrx_word' id='word_1_628' title='bbox 2757 4683 2958 4738; x_wconf 78' lang='lat' dir='ltr'><strong>affectu</strong></span> <span class='ocrx_word' id='word_1_629' title='bbox 3015 4684 3288 4752; x_wconf 81' lang='lat' dir='ltr'><strong>deposito,</strong></span> <span class='ocrx_word' id='word_1_630' title='bbox 3341 4685 3590 4754; x_wconf 80' lang='lat' dir='ltr'><strong>oosipsos</strong></span> 
     </span>
    </p>
   </div>
   <div class='ocr_carea' id='block_1_92' title="bbox 315 4773 1883 4856">
    <p class='ocr_par' dir='ltr' id='par_1_92' title="bbox 315 4773 1883 4856">
     <span class='ocr_line' id='line_1_93' title="bbox 315 4773 1883 4856; baseline 0.006 -28"><span class='ocrx_word' id='word_1_631' title='bbox 315 4773 402 4845; x_wconf 82' lang='grc' dir='ltr'>τῷ</span> <span class='ocrx_word' id='word_1_632' title='bbox 424 4775 746 4844; x_wconf 83' lang='grc' dir='ltr'>ἀναγγεῖλαι</span> <span class='ocrx_word' id='word_1_633' title='bbox 785 4777 962 4830; x_wconf 88' lang='grc' dir='ltr'>πάντα</span> <span class='ocrx_word' id='word_1_634' title='bbox 994 4777 1246 4849; x_wconf 83' lang='grc' dir='ltr'>καθάπερ</span> <span class='ocrx_word' id='word_1_635' title='bbox 1273 4777 1652 4851; x_wconf 86' lang='grc' dir='ltr'>ἀνθρώπῳ,τῷ</span> <span class='ocrx_word' id='word_1_636' title='bbox 1684 4782 1883 4856; x_wconf 45' lang='grc' dir='ltr'>Κυρίῳι</span> 
     </span>
    </p>
   </div>
   <div class='ocr_carea' id='block_1_93' title="bbox 2002 4773 3588 4856">
    <p class='ocr_par' dir='ltr' id='par_1_93' title="bbox 2005 4774 3588 4842">
     <span class='ocr_line' id='line_1_94' title="bbox 2005 4774 3588 4842; baseline 0 -10"><span class='ocrx_word' id='word_1_637' title='bbox 2005 4790 2357 4832; x_wconf 87' lang='lat' dir='ltr'><strong>accusemus:</strong></span> <span class='ocrx_word' id='word_1_638' title='bbox 2399 4784 2496 4830; x_wconf 90' lang='lat' dir='ltr'><strong>aut</strong></span> <span class='ocrx_word' id='word_1_639' title='bbox 2525 4775 2572 4830; x_wconf 87' lang='lat' dir='ltr'><strong>si</strong></span> <span class='ocrx_word' id='word_1_640' title='bbox 2607 4774 2862 4842; x_wconf 79' lang='lat' dir='ltr'><strong>Domino,</strong></span> <span class='ocrx_word' id='word_1_641' title='bbox 2895 4777 3046 4831; x_wconf 88' lang='lat' dir='ltr'><strong>velut</strong></span> <span class='ocrx_word' id='word_1_642' title='bbox 3077 4776 3284 4831; x_wconf 84' lang='lat' dir='ltr'><strong>homim</strong></span> <span class='ocrx_word' id='word_1_643' title='bbox 3370 4792 3588 4832; x_wconf 85' lang='lat' dir='ltr'><strong>annun-</strong></span> 
     </span>
    </p>
   </div>
   <div class='ocr_carea' id='block_1_94' title="bbox 319 4865 1883 4939">
    <p class='ocr_par' dir='ltr' id='par_1_94' title="bbox 319 4865 1883 4939">
     <span class='ocr_line' id='line_1_95' title="bbox 319 4865 1883 4939; baseline 0.006 -20"><span class='ocrx_word' id='word_1_644' title='bbox 319 4865 435 4919; x_wconf 75' lang='grc' dir='ltr'><strong>Καὶ</strong></span> <span class='ocrx_word' id='word_1_645' title='bbox 486 4865 705 4928; x_wconf 86' lang='grc' dir='ltr'>πάντως</span> <span class='ocrx_word' id='word_1_646' title='bbox 745 4866 812 4920; x_wconf 81' lang='grc' dir='ltr'>ὲκ</span> <span class='ocrx_word' id='word_1_647' title='bbox 842 4865 950 4920; x_wconf 90' lang='grc' dir='ltr'><strong>τῶν</strong></span> <span class='ocrx_word' id='word_1_648' title='bbox 994 4867 1089 4921; x_wconf 81' lang='grc' dir='ltr'><strong>δυο</strong></span> <span class='ocrx_word' id='word_1_649' title='bbox 1132 4868 1444 4939; x_wconf 79' lang='grc' dir='ltr'>εὑρήσομεν</span> <span class='ocrx_word' id='word_1_650' title='bbox 1490 4871 1798 4927; x_wconf 83' lang='grc' dir='ltr'>ἀνάπαυσιν</span> <span class='ocrx_word' id='word_1_651' title='bbox 1836 4876 1883 4929; x_wconf 71' lang='grc' dir='ltr'><strong>ὲ)</strong></span> 
     </span>
    </p>
   </div>
   <div class='ocr_carea' id='block_1_95' title="bbox 2002 4865 3597 4939">
    <p class='ocr_par' dir='ltr' id='par_1_95' title="bbox 2010 4869 3597 4939">
     <span class='ocr_line' id='line_1_96' title="bbox 2010 4869 3597 4939; baseline -0.003 -12"><span class='ocrx_word' id='word_1_652' title='bbox 2010 4873 2206 4928; x_wconf 89' lang='lat' dir='ltr'><strong>tiemus</strong></span> <span class='ocrx_word' id='word_1_653' title='bbox 2235 4870 2439 4925; x_wconf 87' lang='lat' dir='ltr'><strong>omnia.</strong></span> <span class='ocrx_word' id='word_1_654' title='bbox 2468 4869 2580 4924; x_wconf 78' lang='lat' dir='ltr'><strong>liae</strong></span> <span class='ocrx_word' id='word_1_655' title='bbox 2609 4869 2810 4938; x_wconf 87' lang='lat' dir='ltr'><strong>duplici</strong></span> <span class='ocrx_word' id='word_1_656' title='bbox 2859 4869 3089 4933; x_wconf 85' lang='lat' dir='ltr'><strong>ratione,</strong></span> <span class='ocrx_word' id='word_1_657' title='bbox 3121 4877 3207 4924; x_wconf 87' lang='lat' dir='ltr'><strong>et.</strong></span> <span class='ocrx_word' id='word_1_658' title='bbox 3241 4884 3353 4923; x_wconf 71' lang='lat' dir='ltr'><strong>non.</strong></span> <span class='ocrx_word' id='word_1_659' title='bbox 3408 4869 3597 4939; x_wconf 69' lang='lat' dir='ltr'><strong>aliter,</strong></span> 
     </span>
    </p>
   </div>
   <div class='ocr_carea' id='block_1_96' title="bbox 321 4955 1883 5034">
    <p class='ocr_par' dir='ltr' id='par_1_96' title="bbox 321 4955 1883 5034">
     <span class='ocr_line' id='line_1_97' title="bbox 321 4955 1883 5034; baseline 0.004 -26"><span class='ocrx_word' id='word_1_660' title='bbox 321 4956 550 5022; x_wconf 79' lang='grc' dir='ltr'>παντὸς,</span> <span class='ocrx_word' id='word_1_661' title='bbox 584 4955 677 5015; x_wconf 77' lang='grc' dir='ltr'>καὶ</span> <span class='ocrx_word' id='word_1_662' title='bbox 701 4957 874 5022; x_wconf 85' lang='grc' dir='ltr'>άλλως</span> <span class='ocrx_word' id='word_1_663' title='bbox 903 4958 1004 5012; x_wconf 84' lang='grc' dir='ltr'>οὐκ</span> <span class='ocrx_word' id='word_1_664' title='bbox 1029 4958 1195 5014; x_wconf 63' lang='grc' dir='ltr'>ἐστιν.</span> <span class='ocrx_word' id='word_1_665' title='bbox 1217 4959 1278 5011; x_wconf 83' lang='grc' dir='ltr'><strong>Εἰ</strong></span> <span class='ocrx_word' id='word_1_666' title='bbox 1303 4959 1360 5012; x_wconf 81' lang='grc' dir='ltr'>δέ</span> <span class='ocrx_word' id='word_1_667' title='bbox 1377 4976 1440 5028; x_wconf 90' lang='grc' dir='ltr'><strong>γε</strong></span> <span class='ocrx_word' id='word_1_668' title='bbox 1469 4962 1805 5034; x_wconf 76' lang='grc' dir='ltr'>νομίζοιμεν,</span> <span class='ocrx_word' id='word_1_669' title='bbox 1827 4963 1883 5017; x_wconf 65' lang='grc' dir='ltr'><strong>ὡς</strong></span> 
     </span>
    </p>
   </div>
   <div class='ocr_carea' id='block_1_97' title="bbox 2002 4955 3593 5034">
    <p class='ocr_par' dir='ltr' id='par_1_97' title="bbox 2013 4958 3593 5034">
     <span class='ocr_line' id='line_1_98' title="bbox 2013 4958 3593 5034; baseline -0.004 -15"><span class='ocrx_word' id='word_1_670' title='bbox 2013 4961 2410 5019; x_wconf 79' lang='lat' dir='ltr'><strong>recreationem</strong></span> <span class='ocrx_word' id='word_1_671' title='bbox 2443 4961 2812 5016; x_wconf 86' lang='lat' dir='ltr'><strong>omnimodam</strong></span> <span class='ocrx_word' id='word_1_672' title='bbox 2844 4961 3245 5017; x_wconf 88' lang='lat' dir='ltr'><strong>nanciscemur.</strong></span> <span class='ocrx_word' id='word_1_673' title='bbox 3282 4958 3376 5012; x_wconf 90' lang='lat' dir='ltr'><strong>Sin</strong></span> <span class='ocrx_word' id='word_1_674' title='bbox 3400 4959 3593 5034; x_wconf 52' lang='lat' dir='ltr'><strong>exislif</strong></span> 
     </span>
    </p>
   </div>
   <div class='ocr_carea' id='block_1_98' title="bbox 321 5049 1883 5126">
    <p class='ocr_par' dir='ltr' id='par_1_98' title="bbox 321 5049 1883 5126">
     <span class='ocr_line' id='line_1_99' title="bbox 321 5049 1883 5126; baseline 0.005 -26"><span class='ocrx_word' id='word_1_675' title='bbox 321 5049 589 5122; x_wconf 83' lang='grc' dir='ltr'>χειρικῶς</span> <span class='ocrx_word' id='word_1_676' title='bbox 622 5049 684 5102; x_wconf 83' lang='grc' dir='ltr'>τὸ</span> <span class='ocrx_word' id='word_1_677' title='bbox 726 5049 837 5105; x_wconf 91' lang='grc' dir='ltr'><strong>τῶν</strong></span> <span class='ocrx_word' id='word_1_678' title='bbox 882 5051 1207 5122; x_wconf 83' lang='grc' dir='ltr'>ποιημάτων</span> <span class='ocrx_word' id='word_1_679' title='bbox 1237 5051 1434 5115; x_wconf 74' lang='grc' dir='ltr'>αἴτιον,</span> <span class='ocrx_word' id='word_1_680' title='bbox 1481 5053 1576 5106; x_wconf 77' lang='grc' dir='ltr'>καὶ</span> <span class='ocrx_word' id='word_1_681' title='bbox 1618 5055 1883 5126; x_wconf 80' lang='grc' dir='ltr'>πυγμικῶ</span> 
     </span>
    </p>
   </div>
   <div class='ocr_carea' id='block_1_99' title="bbox 2002 5049 3588 5126">
    <p class='ocr_par' dir='ltr' id='par_1_99' title="bbox 2015 5051 3588 5121">
     <span class='ocr_line' id='line_1_100' title="bbox 2015 5051 3588 5121; baseline -0.004 -12"><span class='ocrx_word' id='word_1_682' title='bbox 2015 5068 2265 5117; x_wconf 84' lang='lat' dir='ltr'><strong>mcmus,</strong></span> <span class='ocrx_word' id='word_1_683' title='bbox 2323 5051 2472 5106; x_wconf 89' lang='lat' dir='ltr'><strong>velut</strong></span> <span class='ocrx_word' id='word_1_684' title='bbox 2523 5058 2774 5121; x_wconf 87' lang='lat' dir='ltr'><strong>porrecta</strong></span> <span class='ocrx_word' id='word_1_685' title='bbox 2828 5066 3016 5116; x_wconf 86' lang='lat' dir='ltr'><strong>manu,</strong></span> <span class='ocrx_word' id='word_1_686' title='bbox 3089 5051 3259 5104; x_wconf 86' lang='lat' dir='ltr'><strong>Deum</strong></span> <span class='ocrx_word' id='word_1_687' title='bbox 3308 5059 3588 5103; x_wconf 86' lang='lat' dir='ltr'><strong>auctorem</strong></span> 
     </span>
    </p>
   </div>
   <div class='ocr_carea' id='block_1_100' title="bbox 320 5137 1883 5212">
    <p class='ocr_par' dir='ltr' id='par_1_100' title="bbox 320 5137 1883 5212">
     <span class='ocr_line' id='line_1_101' title="bbox 320 5137 1883 5212; baseline 0.003 -16"><span class='ocrx_word' id='word_1_688' title='bbox 320 5139 796 5211; x_wconf 79' lang='grc' dir='ltr'>άνταμειὸόμεθα,</span> <span class='ocrx_word' id='word_1_689' title='bbox 827 5141 1182 5212; x_wconf 80' lang='grc' dir='ltr'>γνωσόμεθα’</span> <span class='ocrx_word' id='word_1_690' title='bbox 1239 5142 1301 5196; x_wconf 87' lang='lat'><strong>&#39;0</strong></span> <span class='ocrx_word' id='word_1_691' title='bbox 1329 5142 1490 5210; x_wconf 72' lang='grc' dir='ltr'><strong>ἔχων</strong></span> <span class='ocrx_word' id='word_1_692' title='bbox 1517 5137 1637 5199; x_wconf 76' lang='grc' dir='ltr'>ὦτα</span> <span class='ocrx_word' id='word_1_693' title='bbox 1664 5146 1883 5202; x_wconf 74' lang='grc' dir='ltr'>ἀκούειι</span> 
     </span>
    </p>
   </div>
   <div class='ocr_carea' id='block_1_101' title="bbox 2002 5137 3591 5212">
    <p class='ocr_par' dir='ltr' id='par_1_101' title="bbox 2015 5140 3591 5210">
     <span class='ocr_line' id='line_1_102' title="bbox 2015 5140 3591 5210; baseline -0.004 -11"><span class='ocrx_word' id='word_1_694' title='bbox 2015 5160 2220 5208; x_wconf 91' lang='lat' dir='ltr'><strong>rerum,</strong></span> <span class='ocrx_word' id='word_1_695' title='bbox 2265 5151 2324 5199; x_wconf 88' lang='lat' dir='ltr'><strong>et</strong></span> <span class='ocrx_word' id='word_1_696' title='bbox 2369 5143 2568 5198; x_wconf 86' lang='lat' dir='ltr'><strong>borum</strong></span> <span class='ocrx_word' id='word_1_697' title='bbox 2601 5157 2726 5196; x_wconf 87' lang='lat' dir='ltr'><strong>esse</strong></span> <span class='ocrx_word' id='word_1_698' title='bbox 2769 5157 3012 5207; x_wconf 89' lang='lat' dir='ltr'><strong>causam,</strong></span> <span class='ocrx_word' id='word_1_699' title='bbox 3069 5151 3128 5196; x_wconf 85' lang='lat' dir='ltr'><strong>et</strong></span> <span class='ocrx_word' id='word_1_700' title='bbox 3179 5140 3361 5194; x_wconf 85' lang='lat' dir='ltr'><strong>oblato</strong></span> <span class='ocrx_word' id='word_1_701' title='bbox 3408 5156 3591 5210; x_wconf 83' lang='lat' dir='ltr'><strong>pugno</strong></span> 
     </span>
    </p>
   </div>
   <div class='ocr_carea' id='block_1_102' title="bbox 322 5229 1883 5308">
    <p class='ocr_par' dir='ltr' id='par_1_102' title="bbox 322 5229 1133 5304">
     <span class='ocr_line' id='line_1_103' title="bbox 322 5229 1133 5304; baseline 0.001 -19"><span class='ocrx_word' id='word_1_702' title='bbox 322 5229 618 5298; x_wconf 76' lang='grc' dir='ltr'>ἀκουέτω,</span> <span class='ocrx_word' id='word_1_703' title='bbox 647 5232 811 5304; x_wconf 64' lang='grc' dir='ltr'>φησιν</span> <span class='ocrx_word' id='word_1_704' title='bbox 843 5233 871 5286; x_wconf 84' lang='grc' dir='ltr'>ὀ</span> <span class='ocrx_word' id='word_1_705' title='bbox 909 5231 1133 5304; x_wconf 80' lang='grc' dir='ltr'>Κύριος.</span> 
     </span>
    </p>
   </div>
   <div class='ocr_carea' id='block_1_103' title="bbox 2002 5229 3592 5308">
    <p class='ocr_par' dir='ltr' id='par_1_103' title="bbox 2018 5231 3592 5308">
     <span class='ocr_line' id='line_1_104' title="bbox 2018 5231 3592 5308; baseline -0.005 -18"><span class='ocrx_word' id='word_1_706' title='bbox 2018 5236 2246 5308; x_wconf 81' lang='lat' dir='ltr'><strong>rependi</strong></span> <span class='ocrx_word' id='word_1_707' title='bbox 2277 5234 2439 5290; x_wconf 90' lang='lat' dir='ltr'><strong>nobis</strong></span> <span class='ocrx_word' id='word_1_708' title='bbox 2475 5248 2869 5305; x_wconf 81' lang='lat' dir='ltr'><strong>cognoscemus</strong></span> <span class='ocrx_word' id='word_1_709' title='bbox 2908 5232 3061 5298; x_wconf 90' lang='lat' dir='ltr'><strong>illud,</strong></span> <span class='ocrx_word' id='word_1_710' title='bbox 3098 5232 3200 5297; x_wconf 78' lang='lat' dir='ltr'><strong>Qui</strong></span> <span class='ocrx_word' id='word_1_711' title='bbox 3234 5231 3384 5285; x_wconf 83' lang='lat' dir='ltr'><strong>habet</strong></span> <span class='ocrx_word' id='word_1_712' title='bbox 3436 5247 3592 5285; x_wconf 73' lang='lat' dir='ltr'><strong>aures</strong></span> 
     </span>
    </p>
   </div>
   <div class='ocr_carea' id='block_1_104' title="bbox 2022 5323 3120 5394">
    <p class='ocr_par' dir='ltr' id='par_1_104' title="bbox 2022 5323 3120 5394">
     <span class='ocr_line' id='line_1_105' title="bbox 2022 5323 3120 5394; baseline -0.001 -12"><span class='ocrx_word' id='word_1_713' title='bbox 2022 5327 2291 5389; x_wconf 77' lang='lat' dir='ltr'><strong>audiendi,</strong></span> <span class='ocrx_word' id='word_1_714' title='bbox 2323 5325 2589 5392; x_wconf 61' lang='lat' dir='ltr'><strong>audiat“,</strong></span> <span class='ocrx_word' id='word_1_715' title='bbox 2626 5323 2802 5394; x_wconf 77' lang='lat' dir='ltr'><strong>inquit</strong></span> <span class='ocrx_word' id='word_1_716' title='bbox 2833 5323 3120 5381; x_wconf 85' lang='lat' dir='ltr'><strong>Dominus.</strong></span> 
     </span>
    </p>
   </div>
   <div class='ocr_carea' id='block_1_105' title="bbox 400 5404 1883 5488">
    <p class='ocr_par' dir='ltr' id='par_1_105' title="bbox 400 5404 1880 5485">
     <span class='ocr_line' id='line_1_106' title="bbox 400 5404 1880 5485; baseline 0.006 -26"><span class='ocrx_word' id='word_1_717' title='bbox 400 5404 500 5472; x_wconf 78' lang='grc' dir='ltr'>λζ’.</span> <span class='ocrx_word' id='word_1_718' title='bbox 539 5405 737 5463; x_wconf 78' lang='grc' dir='ltr'>Είκόνα</span> <span class='ocrx_word' id='word_1_719' title='bbox 763 5408 857 5464; x_wconf 82' lang='grc' dir='ltr'><strong>τοῦ</strong></span> <span class='ocrx_word' id='word_1_720' title='bbox 887 5409 980 5464; x_wconf 83' lang='grc' dir='ltr'><strong>νοῦ</strong></span> <span class='ocrx_word' id='word_1_721' title='bbox 1013 5410 1042 5465; x_wconf 84' lang='grc' dir='ltr'>ὁ</span> <span class='ocrx_word' id='word_1_722' title='bbox 1068 5411 1363 5485; x_wconf 79' lang='grc' dir='ltr'>νομοθέτης</span> <span class='ocrx_word' id='word_1_723' title='bbox 1400 5414 1604 5485; x_wconf 86' lang='grc' dir='ltr'>Μωσῆς</span> <span class='ocrx_word' id='word_1_724' title='bbox 1633 5414 1880 5485; x_wconf 76' lang='grc' dir='ltr'>λαμϐάνε</span> 
     </span>
    </p>
   </div>
   <div class='ocr_carea' id='block_1_106' title="bbox 2002 5404 3594 5488">
    <p class='ocr_par' dir='ltr' id='par_1_106' title="bbox 2095 5413 3594 5488">
     <span class='ocr_line' id='line_1_107' title="bbox 2095 5413 3594 5488; baseline -0.005 -13"><span class='ocrx_word' id='word_1_725' title='bbox 2095 5419 2186 5476; x_wconf 90' lang='grc'>57.</span> <span class='ocrx_word' id='word_1_726' title='bbox 2227 5416 2732 5488; x_wconf 82' lang='lat' dir='ltr'><strong>Mentisimaginem</strong></span> <span class='ocrx_word' id='word_1_727' title='bbox 2758 5431 2788 5470; x_wconf 88' lang='lat' dir='ltr'><strong>a</strong></span> <span class='ocrx_word' id='word_1_728' title='bbox 2819 5416 3066 5487; x_wconf 87' lang='lat' dir='ltr'><strong>patribus</strong></span> <span class='ocrx_word' id='word_1_729' title='bbox 3083 5415 3294 5485; x_wconf 84' lang='lat' dir='ltr'><strong>accepit</strong></span> <span class='ocrx_word' id='word_1_730' title='bbox 3319 5413 3594 5486; x_wconf 85' lang='lat' dir='ltr'><strong>legislator</strong></span> 
     </span>
    </p>
   </div>
   <div class='ocr_carea' id='block_1_107' title="bbox 327 5500 1883 5579">
    <p class='ocr_par' dir='ltr' id='par_1_107' title="bbox 327 5500 1882 5579">
     <span class='ocr_line' id='line_1_108' title="bbox 327 5500 1882 5579; baseline 0.006 -27"><span class='ocrx_word' id='word_1_731' title='bbox 327 5516 423 5553; x_wconf 85' lang='grc' dir='ltr'><strong>ται</strong></span> <span class='ocrx_word' id='word_1_732' title='bbox 451 5500 602 5571; x_wconf 71' lang='grc' dir='ltr'>παρὰ</span> <span class='ocrx_word' id='word_1_733' title='bbox 631 5501 740 5555; x_wconf 89' lang='grc' dir='ltr'><strong>τῶν</strong></span> <span class='ocrx_word' id='word_1_734' title='bbox 761 5503 1033 5573; x_wconf 81' lang='grc' dir='ltr'>πατέρων,</span> <span class='ocrx_word' id='word_1_735' title='bbox 1055 5504 1114 5565; x_wconf 83' lang='grc' dir='ltr'>ὃς</span> <span class='ocrx_word' id='word_1_736' title='bbox 1137 5504 1272 5558; x_wconf 76' lang='grc' dir='ltr'>Θεὸν</span> <span class='ocrx_word' id='word_1_737' title='bbox 1296 5508 1399 5577; x_wconf 75' lang='grc' dir='ltr'>ὁρᾷ</span> <span class='ocrx_word' id='word_1_738' title='bbox 1427 5509 1486 5559; x_wconf 80' lang='grc' dir='ltr'><strong>ἐν</strong></span> <span class='ocrx_word' id='word_1_739' title='bbox 1512 5510 1577 5579; x_wconf 80' lang='grc' dir='ltr'>τῇ</span> <span class='ocrx_word' id='word_1_740' title='bbox 1609 5506 1778 5578; x_wconf 86' lang='grc' dir='ltr'>βάτῳ,</span> <span class='ocrx_word' id='word_1_741' title='bbox 1812 5523 1882 5560; x_wconf 85' lang='grc' dir='ltr'><strong>κα</strong></span> 
     </span>
    </p>
   </div>
   <div class='ocr_carea' id='block_1_108' title="bbox 2002 5500 3591 5579">
    <p class='ocr_par' dir='ltr' id='par_1_108' title="bbox 2023 5505 3591 5579">
     <span class='ocr_line' id='line_1_109' title="bbox 2023 5505 3591 5579; baseline -0.006 -12"><span class='ocrx_word' id='word_1_742' title='bbox 2023 5511 2222 5576; x_wconf 83' lang='lat' dir='ltr'><strong>Moses,</strong></span> <span class='ocrx_word' id='word_1_743' title='bbox 2248 5507 2342 5579; x_wconf 90' lang='lat' dir='ltr'><strong>qui</strong></span> <span class='ocrx_word' id='word_1_744' title='bbox 2385 5508 2554 5562; x_wconf 92' lang='lat' dir='ltr'><strong>Deum</strong></span> <span class='ocrx_word' id='word_1_745' title='bbox 2587 5506 2735 5561; x_wconf 86' lang='lat' dir='ltr'><strong>videt</strong></span> <span class='ocrx_word' id='word_1_746' title='bbox 2769 5507 2822 5560; x_wconf 89' lang='lat' dir='ltr'><strong>in</strong></span> <span class='ocrx_word' id='word_1_747' title='bbox 2857 5507 3013 5571; x_wconf 88' lang='lat' dir='ltr'><strong>rubo,</strong></span> <span class='ocrx_word' id='word_1_748' title='bbox 3066 5506 3219 5560; x_wconf 88' lang='lat' dir='ltr'><strong>vultu</strong></span> <span class='ocrx_word' id='word_1_749' title='bbox 3271 5505 3591 5567; x_wconf 89' lang='lat' dir='ltr'><strong>illustratur,</strong></span> 
     </span>
    </p>
   </div>
   <div class='ocr_carea' id='block_1_109' title="bbox 331 5589 1883 5674">
    <p class='ocr_par' dir='ltr' id='par_1_109' title="bbox 331 5589 1880 5670">
     <span class='ocr_line' id='line_1_110' title="bbox 331 5589 1880 5670; baseline 0.006 -28"><span class='ocrx_word' id='word_1_750' title='bbox 331 5589 396 5642; x_wconf 83' lang='grc' dir='ltr'>τὸ</span> <span class='ocrx_word' id='word_1_751' title='bbox 438 5590 730 5660; x_wconf 89' lang='grc' dir='ltr'>πρόσωπον</span> <span class='ocrx_word' id='word_1_752' title='bbox 771 5591 1090 5660; x_wconf 79' lang='grc' dir='ltr'>δοξάζεται,</span> <span class='ocrx_word' id='word_1_753' title='bbox 1139 5595 1232 5649; x_wconf 79' lang='grc' dir='ltr'>καὶ</span> <span class='ocrx_word' id='word_1_754' title='bbox 1268 5595 1399 5661; x_wconf 83' lang='grc' dir='ltr'>Θεὸς</span> <span class='ocrx_word' id='word_1_755' title='bbox 1440 5597 1637 5670; x_wconf 81' lang='grc' dir='ltr'>Φαραὼ</span> <span class='ocrx_word' id='word_1_756' title='bbox 1672 5598 1776 5651; x_wconf 85' lang='grc' dir='ltr'>ὑπὸ</span> <span class='ocrx_word' id='word_1_757' title='bbox 1818 5615 1880 5651; x_wconf 89' lang='grc' dir='ltr'><strong>το</strong></span> 
     </span>
    </p>
   </div>
   <div class='ocr_carea' id='block_1_110' title="bbox 2002 5589 3596 5674">
    <p class='ocr_par' dir='ltr' id='par_1_110' title="bbox 2017 5594 3596 5674">
     <span class='ocr_line' id='line_1_111' title="bbox 2017 5594 3596 5674; baseline -0.003 -18"><span class='ocrx_word' id='word_1_758' title='bbox 2017 5602 2176 5674; x_wconf 80' lang='lat' dir='ltr'><strong>Deus</strong></span> <span class='ocrx_word' id='word_1_759' title='bbox 2199 5597 2502 5652; x_wconf 81' lang='lat' dir='ltr'><strong>Pharaonis</strong></span> <span class='ocrx_word' id='word_1_760' title='bbox 2526 5611 2556 5650; x_wconf 91' lang='lat' dir='ltr'><strong>a</strong></span> <span class='ocrx_word' id='word_1_761' title='bbox 2576 5595 2686 5650; x_wconf 90' lang='lat' dir='ltr'><strong>Deo</strong></span> <span class='ocrx_word' id='word_1_762' title='bbox 2705 5596 2932 5650; x_wconf 91' lang='lat' dir='ltr'><strong>deorum</strong></span> <span class='ocrx_word' id='word_1_763' title='bbox 2964 5594 3338 5658; x_wconf 90' lang='lat' dir='ltr'><strong>constituitur,</strong></span> <span class='ocrx_word' id='word_1_764' title='bbox 3366 5594 3596 5664; x_wconf 81' lang='lat' dir='ltr'><strong>ﬂagellat</strong></span> 
     </span>
    </p>
   </div>
   <div class='ocr_carea' id='block_1_111' title="bbox 332 5677 1883 5765">
    <p class='ocr_par' dir='ltr' id='par_1_111' title="bbox 332 5677 1883 5761">
     <span class='ocr_line' id='line_1_112' title="bbox 332 5677 1883 5761; baseline 0.006 -27"><span class='ocrx_word' id='word_1_765' title='bbox 332 5677 474 5735; x_wconf 83' lang='grc' dir='ltr'>Θεοῦ</span> <span class='ocrx_word' id='word_1_766' title='bbox 506 5681 615 5737; x_wconf 91' lang='grc' dir='ltr'><strong>τῶν</strong></span> <span class='ocrx_word' id='word_1_767' title='bbox 646 5683 787 5738; x_wconf 90' lang='grc' dir='ltr'>θεῶν</span> <span class='ocrx_word' id='word_1_768' title='bbox 814 5685 1160 5753; x_wconf 83' lang='grc' dir='ltr'>καθίσταται,</span> <span class='ocrx_word' id='word_1_769' title='bbox 1209 5687 1486 5757; x_wconf 78' lang='grc' dir='ltr'>Αἴγυπτον</span> <span class='ocrx_word' id='word_1_770' title='bbox 1521 5689 1796 5761; x_wconf 77' lang='grc' dir='ltr'>μαστίζει,</span> <span class='ocrx_word' id='word_1_771' title='bbox 1823 5709 1883 5744; x_wconf 75' lang='grc' dir='ltr'><strong>κα</strong></span> 
     </span>
    </p>
   </div>
   <div class='ocr_carea' id='block_1_112' title="bbox 2002 5677 3598 5765">
    <p class='ocr_par' dir='ltr' id='par_1_112' title="bbox 2024 5685 3598 5765">
     <span class='ocr_line' id='line_1_113' title="bbox 2024 5685 3598 5765; baseline -0.004 -15"><span class='ocrx_word' id='word_1_772' title='bbox 2024 5691 2340 5765; x_wconf 69' lang='lat' dir='ltr'><strong>IEgyptum,</strong></span> <span class='ocrx_word' id='word_1_773' title='bbox 2385 5687 2570 5744; x_wconf 87' lang='lat' dir='ltr'><strong>educit</strong></span> <span class='ocrx_word' id='word_1_774' title='bbox 2623 5687 2899 5753; x_wconf 87' lang='lat' dir='ltr'><strong>lsraclcm,</strong></span> <span class='ocrx_word' id='word_1_775' title='bbox 2958 5696 3014 5742; x_wconf 90' lang='lat' dir='ltr'><strong>et</strong></span> <span class='ocrx_word' id='word_1_776' title='bbox 3060 5685 3208 5758; x_wconf 87' lang='lat' dir='ltr'><strong>leges</strong></span> <span class='ocrx_word' id='word_1_777' title='bbox 3257 5686 3431 5744; x_wconf 79' lang='lat' dir='ltr'><strong>sancit</strong></span> <span class='ocrx_word' id='word_1_778' title='bbox 3474 5701 3598 5754; x_wconf 70' lang='lat' dir='ltr'><strong>qua</strong></span> 
     </span>
    </p>
   </div>
   <div class='ocr_carea' id='block_1_113' title="bbox 413 5861 892 5928">
    <p class='ocr_par' dir='ltr' id='par_1_113' title="bbox 413 5861 892 5928">
     <span class='ocr_line' id='line_1_114' title="bbox 413 5861 892 5928; baseline 0.008 -9"><span class='ocrx_word' id='word_1_779' title='bbox 413 5861 461 5898; x_wconf 76' lang='lat'>&quot;</span> <span class='ocrx_word' id='word_1_780' title='bbox 478 5863 669 5923; x_wconf 82' lang='lat' dir='ltr'><strong>Matth.</strong></span> <span class='ocrx_word' id='word_1_781' title='bbox 702 5883 775 5928; x_wconf 73' lang='grc' dir='ltr'>ιι.</span> <span class='ocrx_word' id='word_1_782' title='bbox 813 5868 892 5923; x_wconf 83' lang='lat' dir='ltr'><strong>l5.</strong></span> 
     </span>
    </p>
   </div>
  </div>
