3934 6438
324 403 462 469 1529

1041 405 1139 465 DE
1181 404 1737 467 TEMPERANTIA
1772 406 1869 466 ΕΤ

2008 403 2268 468 λΤΗΤΕ.
2310 402 2792 472 -ὨΕΝἸἮΒΙΑ
2828 410 2914 471 ΙΙ.

3454 412 3595 481 1530

316 533 501 588 πομεν
531 512 634 585 τὴν
672 511 825 569 κατὰ
856 511 1059 584 κράτος
1095 511 1277 568 αὐτῶν
1324 508 1496 587 ἧτταν
1518 552 1533 579 ,
1563 512 1663 585 τὴν
1697 513 1785 568 διὰ
1812 517 1900 568 τοῦ

2011 514 2309 583 reprobum
2339 513 2583 582 titulum,
2611 531 2779 587 quam
2801 515 3075 573 invocatio
3107 516 3345 578 Domini.
3368 523 3449 580 Ac
3488 538 3595 580 nos

329 610 513 684 Ἰησοῦ
557 609 654 667 τοῦ
676 608 926 684 μεγάλου
962 607 1100 665 Θεοῦ
1137 609 1319 680 ήμῶν,
1349 608 1444 665 καὶ
1478 607 1578 680 τήν
1606 606 1766 680 ήμῶν
1796 606 1907 664 τῶν

315 704 595 761 ταπεινῶν
612 704 710 761 καὶ
741 701 975 759 εὐτελῶν
1003 701 1101 757 καὶ
1127 701 1336 775 ἀγρίων
1363 700 1663 773 ἐκδίκησιν.

391 970 494 1041 νβ’.
560 970 686 1027 ὀτι
726 970 932 1037 πάντας
968 968 1021 1027 oi
1049 968 1300 1041 λογισμοὶ
1339 966 1494 1023 οὐδὲν
1532 966 1722 1042 ἕτερόν
1767 967 1908 1022 εἰσιν

320 1062 438 1119 ἀλλ’
457 1062 492 1135 ή
514 1061 811 1132 φαντασίαι
840 1060 1002 1133 μόναι
1036 1060 1305 1132 αἰσθητῆς
1323 1060 1420 1115 καὶ
1451 1058 1741 1131 κοσμικῶν
1760 1075 1906 1132 πραρ

317 1156 573 1229 γμάτων,
598 1155 652 1209 ot
673 1155 859 1210 πολλοὶ
875 1154 1200 1228 ἀγνοοῦμεν.
1221 1153 1397 1225 Εἴπερ
1413 1152 1470 1207 δὲ
1492 1151 1817 1224 χρονίσομεν
1845 1153 1906 1206 ἀν

312 1246 457 1318 εὐχῇ
491 1244 776 1316 νήφοντες,
793 1245 1078 1317 στερίσκει
1112 1244 1213 1317 μὲν
1239 1242 1377 1316 εὐχή
1402 1243 1498 1315 τὴν
1527 1241 1765 1298 διάνοιαν
1800 1242 1905 1298 πά-

319 1351 428 1407 οης
458 1334 695 1400 ὑλώδους
718 1334 1023 1405 φαντασίας
1046 1335 1325 1408 λογισμῶν
1341 1333 1622 1407 ῥυπαρῶν·
1645 1334 1905 1407 γνωρίζει

318 1424 378 1479 δὲ
400 1422 546 1494 αὐτὴ
592 1425 688 1481 καὶ
712 1425 834 1490 τοὺς
852 1424 1046 1494 λόγους
1068 1425 1179 1483 τῶν
1211 1425 1509 1496 πολεμίων,
1544 1423 1641 1479 καὶ
1667 1424 1730 1478 τὸ
1761 1423 1905 1497 μέγα

318 1513 514 1586 κέρδος
547 1514 716 1586 εὐχῆς
730 1532 791 1568 τε
816 1516 913 1570 καὶ
942 1514 1160 1587 νήψεως
1180 1532 1198 1550 ο
1224 1514 1398 1586 Πλὴν
1419 1514 1545 1583 τοῖς
1572 1513 1904 1586 ὀφθαλμοῖς

317 1623 441 1663 σου
482 1607 907 1678 κατανοήσεις,
958 1607 1058 1663 και
1087 1608 1501 1665 ἀνταπόδοσιν
1539 1604 1903 1679 ἁμαρτωλῶν

316 1701 527 1771 νοητῶν
556 1702 765 1774 νοητῶς
785 1702 882 1757 καὶ
910 1702 1074 1768 αὐτὸς
1092 1700 1158 1754 σὺ
1171 1700 1328 1772 ὄψει,
1379 1702 1474 1757 καὶ
1522 1703 1903 1773 κατανοήσεις,

317 1796 460 1868 φησὶ
502 1794 668 1850 Δαϐὶδ
707 1797 737 1850 ὀ
776 1794 924 1865 θεῖος
990 1795 1255 1869 μελφδός.

2009 605 2233 675 quidem
2265 606 2370 677 ipsi
2399 606 2777 679 censpicimus
2800 606 2858 664 in
2885 608 3092 676 animo,
3123 610 3193 667 de
3213 611 3338 678 illis,
3392 623 3590 684 poten-

2010 696 2082 753 tia
2096 696 2230 755 Iesu
2250 700 2449 755 summi
2484 698 2582 756 Dei
2609 701 2809 769 nostri,
2837 710 2953 759 tum
2978 702 3264 759 victoriam
3295 704 3436 770 dari,
3473 713 3591 762 tum

2008 799 2274 858 nostram,
2313 792 2410 862 qui
2434 791 2672 851 humiles
2698 831 2717 862 ,
2781 794 2975 864 exiles,
3027 803 3085 853 et
3111 795 3333 854 inutiles
3376 813 3593 867 sumus,

2007 883 2273 940 ultionem
2297 885 2464 942 sumi.

2012 1006 2019 1007 ί
2078 975 2166 1030 52.
2204 975 2526 1048 ignoramus
2579 978 2829 1051 plerique
2901 982 3191 1040 universas
3233 983 3593 1056 cogitationes

2005 1065 2145 1121 nihil
2170 1067 2316 1124 aliud
2363 1084 2487 1127 esse
2545 1079 2911 1143 praeterquam
2970 1074 3120 1131 solas
3172 1074 3266 1131 im.
3284 1074 3593 1147 ginatioaes

2005 1157 2297 1214 sensilium
2322 1166 2380 1215 et
2429 1161 2832 1219 mundanarum
2866 1180 3074 1222 rerum.
3117 1165 3275 1232 Quod
3322 1166 3375 1223 si
3417 1165 3591 1223 sobrii

2005 1252 2658 1324 prccibusimmoremur,
2692 1257 2931 1328 precatio
2955 1260 3135 1330 privat
3168 1262 3412 1317 animum
3438 1259 3591 1318 omni

2005 1358 2194 1400 crassa
2267 1346 2611 1402 sordidarum
2695 1351 3093 1420 cogitationum
3170 1353 3591 1426 imaginatione.

2004 1429 2332 1501 Perspicuas
2363 1432 2531 1487 etiam
2553 1433 2668 1503 ipsa
2692 1433 2826 1491 facit
2846 1437 3088 1493 hostium
3118 1448 3302 1496 artes.
3321 1448 3378 1495 ct
3401 1438 3592 1496 decla-

2005 1531 2111 1587 rat,
2141 1522 2338 1593 ingens
2367 1538 2433 1577 ex
2458 1524 2713 1595 precibus
2736 1534 2796 1581 et
2815 1529 3175 1598 temperantia
3198 1546 3409 1586 tut-rum
3434 1530 3590 1589 oriri.

2008 1612 2377 1669 Verumtamen
2400 1614 2565 1670 oculis
2595 1617 2698 1670 tuis
2721 1618 3100 1684 considerabis,
3118 1629 3169 1675 et
3189 1621 3589 1676 retributionem

2004 1713 2340 1773 peccatorum
2366 1704 2691 1776 spiritalium
2723 1707 2909 1764 animo
2932 1709 3094 1764 etiam
3116 1718 3177 1764 tu
3199 1709 3316 1781 ipse
3336 1711 3529 1765 videbis
3549 1711 3590 1776 ί,

2006 1801 2063 1851 et
2089 1795 2486 1859 considerabis,
2502 1795 2681 1867 inquit
2707 1797 2877 1853 David
2904 1798 3210 1855 modulator
3241 1798 3481 1854 divinus.

390 1885 494 1957 vf.
533 1887 1018 1961 Μνημονεύσωμεν
1043 1927 1060 1954 ,
1104 1891 1152 1944 ει
1206 1888 1453 1956 δυνατὸν,
1501 1887 1599 1943 τοῦ
1672 1887 1900 1963 Θανάτου

2076 1886 2166 1941 55.
2206 1883 2552 1956 Perpetuam,
2577 1887 2626 1943 si
2678 1887 2792 1943 ﬁeri
2820 1895 3024 1958 potest,
3074 1890 3270 1945 mortis
3316 1898 3591 1960 gestemus

313 1979 718 2044 ἀδιαλείπτως·
744 1974 906 2054 δι”ἦς
937 1982 1156 2054 μνήμης
1174 1981 1472 2055 φροντίδων
1508 1979 1767 2045 ἀπόθεσις
1794 1997 1902 2051 μαμ-

312 2070 629 2143 ταιοτήτων
657 2087 719 2126 τε
744 2071 806 2125 ὲν
833 2072 966 2143 ήμτν
996 2073 1289 2142 γεννᾶται,
1320 2072 1536 2142 φυλακή
1562 2089 1623 2126 τε
1649 2070 1769 2135 νοὸς
1805 2070 1902 2125 καὶ

312 2161 579 2236 διηνεκὴς
607 2161 799 2234 δέησις
817 2177 832 2191 ⁸
852 2161 1238 2235 ἀπροσπάθεια
1277 2161 1333 2216 δὲ
1364 2161 1460 2215 τοῦ
1485 2159 1756 2232 σώματος,
1786 2156 1903 2229 βδέο

312 2253 473 2321 λυξις
520 2254 820 2328 ἁμαρτίας,
849 2254 944 2310 καὶ
975 2253 1186 2326 σχεδὸν,
1216 2255 1264 2309 εἰ
1304 2254 1387 2307 δεῖ
1426 2250 1660 2321 τάληθὲς
1702 2249 1899 2314 εἰπεῖν,

313 2344 475 2399 πᾶσα
528 2344 699 2417 ἀρετὴ
748 2344 962 2414 ἄγουσα
1012 2345 1077 2398 ὲκ
1126 2341 1333 2414 ταύτης
1406 2339 1731 2405 ὲκϐλύξεται
1758 2354 1772 2368 ’
1818 2338 1901 2395 διὸ

259 2445 265 2450 ’
310 2438 398 2504 ὡς
444 2441 515 2514 τῇ
546 2438 656 2514 ἰδίᾳ
693 2441 857 2513 πνοῇ,
899 2440 949 2495 εἰ
976 2439 1221 2507 δυνατὸν,
1256 2435 1337 2509 τῷ
1374 2435 1662 2509 πράγματι
1690 2432 1907 2515 χρησῴο

314 2527 489 2601 μεθα.

391 2705 485 2763 νδν.
530 2704 753 2776 Καρδία
790 2702 1088 2772 ξενωθεῖσα
1145 2704 1461 2777 φαντασιῶν
1483 2744 1498 2770 ,
1542 2704 1745 2768 τελέως
1770 2703 1900 2776 νοή-

313 2815 474 2870 ματα
520 2796 736 2865 τέξεται
796 2797 961 2870 μέσον
994 2797 1170 2867 αὐτῆς
1212 2798 1521 2870 σκιρτῶντα
1554 2797 1677 2851 θεῖά
1702 2815 1761 2850 τε
1804 2797 1901 2851 καὶ

312 2888 697 2965 μυστηριώδη,
723 2888 788 2943 δν
805 2890 1011 2957 τρόπον
1044 2889 1339 2962 σκιρτῶσιν
1373 2887 1579 2960 ἰχθύες,
1608 2888 1705 2944 καὶ
1738 2890 1903 2957 ὲγκυ-

310 2970 549 3038 etaiam
569 2982 818 3052 δελφῖνες
847 2981 1196 3054 γαληνιώσης
1224 2981 1530 3053 θαλάσσης
1562 2981 1659 3036 καλ⁵
1689 2980 1902 3054 ῥιπίζε-

307 3092 410 3129 ται
467 3074 566 3145 μὲν
612 3073 860 3130 θάλασσα
893 3073 1000 3127 ὑπὸ
1043 3072 1251 3144 λεπτῆς
1297 3071 1492 3144 αὔρας.
1528 3068 1803 3135 Ἀϐυσσος
1841 3071 1901 3126 δὲ

310 3167 546 3241 καρδίας
578 3166 685 3221 ὑπὸ
713 3164 1032 3236 Πνεύματος
1059 3166 1241 3235 ἁγίου.
1264 3166 1393 3219 Ὅτι
1421 3164 1510 3232 δὲ,
1550 3164 1902 3237 φησὶν,ἐστὲ

2002 1978 2489 2048 memoriamzqua
2542 1979 3156 2057 curarum,vanitatum
3213 1979 3485 2046 omnium,
3534 1989 3592 2037 et

2000 2068 2339 2139 reliquorum
2363 2085 2487 2140 quae
2518 2078 2648 2126 sunt
2674 2071 2731 2125 in
2773 2070 2957 2138 nobis,
2982 2072 3256 2143 depositio
3301 2072 3585 2127 nascitur:

2002 2160 2351 2217 conservatio
2415 2161 2581 2217 etiam
2634 2163 2881 2230 mentis,
2934 2170 2991 2219 et
3040 2164 3265 2220 assidua
3306 2165 3587 2235 precatio,

2001 2250 2263 2308 alienatio
2293 2252 2424 2308 item
2452 2253 2521 2308 ab
2547 2253 2699 2335 omni
2737 2254 2982 2325 corporis
3037 2253 3260 2324 aﬂeetu,
3286 2257 3589 2312 exsecratio

2001 2344 2235 2415 peccati,
2269 2360 2331 2400 ac
2359 2345 2779 2415 propemodum,
2819 2346 2865 2402 si
2900 2362 3088 2402 verum
3128 2347 3313 2404 dicere
3349 2356 3585 2418 oportet,

2002 2435 2181 2491 virtus
2206 2435 2389 2491 omnis
2422 2450 2490 2491 ex
2519 2450 2583 2491 ea
2618 2436 2881 2506 prodiens
2920 2438 3171 2494 scaturit.
3216 2438 3585 2506 Quamobrem

2021 2539 2122 2595 pso
2152 2524 2318 2591 facto,
2352 2534 2613 2596 tanquam
2642 2526 2866 2598 propria
2895 2527 3217 2599 spiratione,
3243 2528 3290 2583 si
3338 2528 3452 2583 ﬁeri
3482 2545 3587 2599 po-

2005 2625 2131 2683 test,
2166 2625 2389 2672 utamur
2415 2634 2501 2673 ea.
3578 2680 3579 2683 η

2073 2708 2164 2764 54.
2202 2707 2355 2765 Mens
2383 2709 2573 2781 procul
2597 2709 2666 2764 ab
2689 2709 3036 2766 illusionibus
3065 2710 3322 2778 alienata,
3356 2712 3580 2767 tandem

2003 2800 2220 2857 divinas
2265 2809 2327 2857 et
2375 2804 2647 2874 mysteriis
2696 2803 2889 2874 plenas
2942 2805 3334 2875 conceptiones
3380 2806 3582 2875 pariet,

2002 2893 2282 2949 exsultans
2321 2893 2374 2948 in
2431 2895 2611 2951 medio
2638 2895 2742 2963 sui,
2781 2896 3241 2967 quemadmodum
3293 2898 3585 2966 tranquillo
3620 2912 3634 2921 ‘

2003 2985 2141 3040 mari
2178 2985 2435 3041 exsiliunt
2482 2987 2680 3057 pisces,
2738 2995 2795 3042 et
2844 2987 3083 3044 demisso
3135 2988 3311 3058 capite
3340 2987 3586 3058 delphini

2002 3077 2333 3133 subsultant.
2391 3077 2456 3131 Et
2512 3077 2616 3133 levi
2655 3077 2877 3148 quidem
2911 3094 3041 3134 aura
3076 3077 3335 3149 perﬂatur
3382 3093 3533 3134 mare
3567 3096 3582 3133 :

2004 3167 2231 3238 abyssus
2262 3177 2443 3223 autem
2468 3168 2669 3235 cordis,
2706 3169 2912 3240 Spiritu
2945 3180 3158 3228 sancto.
3198 3168 3460 3234 Quoniam
3489 3188 3587 3225 au-

308 3235 456 3331 sui.
492 3235 925 3325 ἐξαπέστειλεν
958 3260 993 3313 δ
1035 3258 1177 3325 Θεὸς
1216 3257 1284 3313 τὸ
1331 3255 1573 3327 Πνεῦμα
1609 3235 1717 3312 τοῦ
1764 3255 1900 3312 Υίοῦ

2008 3235 2110 3314 tem
2141 3261 2286 3324 estis,
2316 3260 2411 3327 ait,
2441 3261 2542 3331 [itii
2574 3260 2691 3327 Dei,
2716 3235 2858 3317 misit
2887 3262 3031 3317 Deus
3054 3259 3315 3331 Spiritum
3347 3259 3478 3316 Filii
3503 3263 3587 3316 sui

314 3353 526 3421 αὑτοῦ,
557 3354 629 3410 ἐν
668 3352 798 3423 ταῖς
831 3351 1103 3422 καρδίαις
1138 3350 1306 3423 ὑμῶν
1350 3348 1600 3423 κρᾶζον,
1640 3351 1834 3420 Ἀϐϐά,
1869 3352 1904 3405 ὁ

313 3444 541 3518 Πατήρ.

386 3542 479 3591 νε’.
521 3535 818 3609 Ἀπορήσει
851 3534 950 3591 καὶ
975 3535 1279 3608 διχονοήσει
1310 3534 1421 3598 πᾶς
1452 3533 1692 3606 μοναχὸς
1733 3550 1904 3587 πνευο

312 3625 551 3698 ματικοῦ
597 3624 783 3699 ἔργου,
833 3625 940 3699 πρὸ
987 3626 1207 3697 νήψεως
1245 3622 1339 3679 νοῦ
1383 3622 1670 3689 λαϐέσθαι,
1722 3623 1762 3696 ἦ
1800 3622 1902 3676 οὐκ

309 3718 472 3782 εἰδὼς
501 3719 602 3789 μὲν
620 3719 681 3773 τὺ
694 3717 900 3793 ταύτης
921 3718 1139 3785 κάλλος,
1159 3717 1195 3790 ἢ
1227 3716 1383 3782 εἰδὼς
1414 3714 1901 3789 μὲν,δι’ἀμελείας

305 3810 369 3865 δὲ
405 3809 484 3882 μὴ
506 3810 828 3882 δυνάμενος,
848 3812 952 3882 τῆς
981 3810 1039 3865 δὲ
1066 3809 1302 3885 ἀπορίας
1323 3807 1712 3882 ἀναμφιϐόλως
1731 3805 1901 3878 λυθήμ

310 3920 495 3969 σεται,
552 3903 671 3968 νοὸς
722 3904 956 3976 τήρησιν
1008 3901 1228 3969 ἐπιϐὰς,
1276 3902 1317 3973 ἧ
1352 3903 1468 3955 ἐστι
1522 3899 1617 3954 καὶ
1677 3898 1900 3969 λέγεται

309 3988 623 4066 πρακτική
645 3993 937 4068 φιλοσοφία
982 3994 1122 4061 νοδς,
1153 3993 1232 4059 ὡς
1272 3991 1374 4065 τήν
1412 3991 1531 4046 όδδν
1571 3990 1824 4063 εὑρηκὼς
1863 3983 1899 4066 ἦ

306 4082 490 4154 εἴπεν,
534 4087 680 4159 Ἐγώ
719 4089 839 4160 ειμι
876 4088 916 4159 ἠ
943 4085 1105 4157 ὁδὸς,
1141 4085 1241 4142 καὶ
1274 4086 1314 4156 ή
1340 4083 1701 4154 ἀνάστασις,
1730 4083 1829 4140 καὶ
1863 4085 1902 4157 ἠ

303 4177 448 4248 (uti.

382 4355 492 4422 vg'.
518 4355 690 4413 Πάλιν
710 4349 868 4423 αὖθις
882 4355 1153 4429 ἀπορήσει
1174 4354 1316 4426 ὀρῶν
1336 4353 1575 4411 ἄϐυσσον
1590 4355 1897 4428 λογισμῶν,

305 4446 413 4500 καὶ
459 4446 665 4519 πλῆθος
699 4447 910 4519 νηπίων
959 4445 1346 4511 Βαϐυλωνίων,
1374 4445 1513 4500 ἀλλά
1562 4447 1657 4500 καὶ
1690 4445 1898 4517 ταύτην

1996 3349 2061 3433 [in
2092 3350 2251 3404 corda
2285 3359 2479 3416 vestra,
2506 3350 2848 3419 clamantem,
2875 3338 3047 3419 Abba,
3079 3350 3245 3407 Pater
3260 3353 3304 3410 ¹.

2073 3519 2162 3575 55.
2205 3519 2281 3577 De
2312 3537 2478 3592 opere
2506 3521 2734 3593 spiritali
2769 3524 3066 3593 haesitabit,
3097 3524 3243 3580 etab
3280 3539 3348 3580 eo
3374 3525 3587 3584 alienus

2003 3613 2107 3668 erit
2133 3613 2310 3668 omnis
2347 3615 2667 3682 monachus,
2701 3616 2794 3688 qui
2824 3616 3241 3689 temperantiam
3269 3617 3439 3672 animi
3458 3628 3586 3675 ante

2000 3721 2111 3761 non
2135 3705 2364 3778 adeptus
2391 3707 2577 3775 fuerit,
2606 3716 2703 3763 aut
2730 3708 3058 3781 ignora'verit
3080 3711 3202 3780 ejus
3227 3708 3580 3780 dignitatem:

1996 3792 2096 3852 'aut
2132 3795 2318 3853 scierit
2345 3798 2597 3868 quidem,
2628 3790 2729 3856 sed
2755 3798 3005 3856 socordia
3048 3798 3230 3855 vietus
3274 3815 3394 3855 eam
3424 3814 3584 3855 exer-

2001 3899 2127 3941 cere
2164 3901 2275 3941 non
2310 3886 2501 3958 possit.
2536 3887 2659 3954 Qua
2676 3889 2867 3959 procul
2898 3889 3067 3945 dubio
3087 3888 3428 3945 dubitatione
3455 3887 3585 3944 libe-

2001 3978 2229 4047 rabitur,
2253 3979 2344 4035 ubi
2364 3979 2567 4038 mentis
2587 3979 3032 4037 observationem
3062 3995 3354 4053 aggressus
3383 3979 3579 4035 fuerit:

1999 4086 2122 4143 quae
2148 4078 2206 4127 et
2241 4079 2326 4128 est
2375 4080 2432 4126 et
2482 4071 2687 4128 dicitur
2730 4071 3077 4144 philosophia
3123 4070 3325 4126 mentis
3357 4069 3581 4126 activa:

1998 4162 2456 4233 quemadmodum
2479 4163 2619 4220 viam
2643 4162 2958 4235 appellavit,
2995 4161 3089 4235 qui
3112 4161 3285 4218 dixit:
3316 4160 3429 4233 Ego
3462 4178 3588 4216 sum.

1998 4254 2106 4322 aia,
2135 4256 2467 4322 resurrectio,
2496 4264 2545 4311 et
2571 4257 2679 4310 vita
2696 4256 2740 4310 ³.

1989 4414 1996 4423 ,
2071 4348 2160 4404 56.
2202 4351 2393 4406 Denuo
2431 4349 2727 4418 haesitabit,
2759 4349 3050 4407 attendens
3089 4348 3344 4422 abyssum
3375 4347 3593 4420 cogita-

2000 4440 2233 4508 tionum,
2258 4452 2315 4499 et
2340 4442 2747 4500 multitudinem
2770 4444 3120 4515 parvulorum
3142 4441 3590 4513 Babyloniorum.

303 4537 433 4593 λύει
448 4538 548 4611 τὴν
574 4540 812 4612 ἀπορίαν
838 4540 1105 4613 Χριστὸς,
1120 4541 1234 4611 εἴγε
1256 4543 1326 4612 τῇ
1346 4540 1505 4612 βάσει
1528 4539 1629 4610 τῆς
1656 4539 1898 4605 διανοίας

2008 4532 2119 4591 Sed
2140 4535 2285 4592 hanc
2314 4535 2479 4591 etiam
2499 4528 2908 4594 haesitationem
2941 4535 3105 4593 solvit
3127 4534 3401 4599 Christus,
3434 4534 3588 4589 dunt.—

300 4632 576 4704 διηνεκῶς
609 4632 698 4688 ἆτ’
727 4633 890 4688 αὐτὸν
912 4633 1201 4706 ἱστάμεθα.
1228 4634 1312 4689 Τὰ
1340 4634 1397 4688 δὲ
1426 4633 1603 4690 πάντα
1638 4628 1897 4688 Βαϐυλώ-

2008 4627 2162 4684 modo
2193 4628 2245 4683 ei
2279 4628 2430 4685 velut
2456 4629 2626 4684 animi
2665 4629 3023 4684 fundamento
3052 4627 3404 4684 continenter
3440 4624 3589 4679 inni—

299 4741 402 4781 νια
452 4725 624 4797 νήπια
666 4735 725 4781 rt
768 4727 836 4799 τῇ
879 4725 1061 4799 πέτρᾳ
1102 4725 1278 4798 ταύτῃ
1320 4725 1668 4796 ὲδαφιοῦντες
1696 4729 1897 4782 ἐναπο-

303 4814 585 4890 κροΰομεν
608 4815 1126 4889 πέςηροῦντεςαατά
1155 4817 1217 4872 τὸ
1246 4816 1450 4904 λόγιον,
1469 4817 1572 4889 τὴν
1600 4815 1896 4889 ἐπιθυμίαν

303 4911 344 4983 ἡ
350 4908 475 4980 μῶν
489 4909 551 4976 ἐξ
577 4910 783 4986 αὐτων.
804 4911 911 4979 ’ος
931 4910 1064 4981 γὰρ,
1092 4909 1253 4982 φησὶ,
1283 4911 1589 4981 φυλάσσει
1609 4908 1893 4978 ἐντολὴν,

301 5003 386 5060 οὐ
428 5001 722 5076 γνώσεται
755 5001 926 5073 ῥῆμα
960 5004 1269 5072 πονηρόν
1323 5001 1505 5074 χωρὶς
1542 5001 1656 5075 γὰρ
1709 4999 1900 5074 ἐμοῦ,
1940 5078 1949 5089 ο

301 5098 442 5169 ἔφη.
464 5096 538 5152 οὺ
564 5095 836 5152 δύνασθε
863 5095 1060 5152 ποιεῖν
1088 5094 1293 5152 οὐδέν.

380 5269 482 5336 νζθ.
510 5263 681 5335 Οὗτος
709 5268 965 5344 ἀληθινὸς
990 5269 1069 5343 τῷ
1103 5268 1218 5325 ὄντι
1254 5270 1513 5345 μοναχὸς,
1534 5270 1564 5326 ό
1586 5269 1895 5342 νῆψινκατ-

305 5360 519 5433 ορθῶνο
548 5362 648 5416 καὶ
668 5354 826 5428 οὗτος
855 5361 1412 5436 ἀληθινὺςνηφάλιος,
1440 5364 1471 5417 ὁ
1502 5363 1562 5418 ὲν
1590 5362 1795 5435 καρδίᾳ
1815 5359 1894 5418 ῶν

307 5455 572 5528 μοναχός.
716 5496 719 5501 -

378 5553 486 5619 νη’.
529 5545 1078 5620 Συμπαρατείνεται
1126 5547 1443 5618 ἀνθρώποις
1479 5549 1507 5602 ό
1539 5547 1655 5620 βίος
1697 5546 1757 5600 ὲν
1782 5545 1892 5600 ἔνι-

306 5640 513 5709 ιυτοῖς,
548 5641 609 5694 ἑν
642 5640 835 5713 μησὶν,
865 5642 925 5696 ὲν
968 5641 1262 5711 ἑϐδομάσιν
1285 5642 1377 5709 ,ἐν
1410 5658 1469 5697 τε
1494 5641 1756 5713 ἡμέραις,
1792 5641 1891 5695 καὶ⁵

1992 4710 2199 4775 tamur.
2242 4716 2538 4775 Universos
2564 4727 2744 4774 autem
2773 4717 3096 4791 Babylonios
3124 4715 3421 4772 infantulos
3457 4714 3591 4772 huic

2001 4819 2172 4883 petra;
2223 4819 2482 4881 tanquam
2535 4810 2852 4879 pavimento
2903 4809 3201 4877 allidimus,
3266 4806 3589 4877 implentes,

1996 4903 2151 4977 iuxta
2176 4903 2476 4973 eloquium,
2503 4903 2839 4960 desiderium
2864 4909 3115 4957 nostrum
3142 4916 3207 4957 ex
3245 4898 3380 4970 ipsis
3406 4898 3449 4954 ‘.
3482 4898 3590 4964 Qui

2000 4996 2162 5065 enim,
2203 4995 2411 5067 inquit,
2447 4996 2671 5051 custodit
2730 5002 3074 5065 prwceptum,
3131 5011 3237 5049 non
3285 4994 3587 5065 experietur

2004 5090 2297 5162 quidquam
2320 5088 2452 5144 mali
2472 5088 2517 5143 ⁸.
2547 5086 2683 5153 Quia
2706 5087 2818 5142 sine
2846 5103 2950 5153 me,
2978 5085 3079 5153 ait,
3108 5085 3240 5141 nihil
3257 5084 3471 5155 potestis
3498 5085 3584 5155 [α.-

2005 5197 2120 5237 cere
2152 5181 2195 5238 °.

2076 5272 2165 5330 57.
2196 5270 2301 5337 Hic
2329 5271 2575 5345 profecto
2614 5285 2778 5328 verus
2804 5274 2891 5325 est
2934 5266 3259 5331 monachus,
3307 5264 3402 5337 qui
3434 5275 3584 5324 recte

1984 5364 2422 5437 temperantiam
2455 5372 2703 5430 exercet;
2737 5370 2794 5418 et
2822 5358 2912 5415 hic
2941 5373 3072 5416 vere
3114 5366 3428 5431 temperans
3474 5368 3583 5427 est,

2001 5455 2093 5529 qui
2118 5456 2424 5512 monachus
2451 5462 2535 5511 est
2564 5453 2770 5531 animo.

2070 5547 2160 5603 58.
2206 5545 2324 5603 Vita
2356 5546 2639 5602 hominum
2667 5541 3035 5616 protenditur,
3070 5556 3173 5613 per
3197 5555 3396 5609 annos,
3425 5556 3582 5595 meu-

1998 5653 2107 5705 ses,
2136 5637 2527 5704 hebdomadas,
2557 5638 2694 5703 dies,
2729 5633 2913 5700 horas,
2946 5642 3156 5700 noctes,
3198 5642 3255 5688 et
3303 5642 3579 5690 momenta

384 5841 573 5902 ‘Psal.
608 5860 697 5912 xc,
726 5846 778 5902 8.
857 5846 881 5877 '
909 5845 1082 5903 Galat.
1116 5860 1188 5910 tv,
1218 5841 1274 5897 6.
1330 5844 1352 5877 ³
1377 5842 1534 5902 Joan.
1570 5858 1647 5910 at,
1683 5840 1775 5897 25.
1854 5840 1880 5876 ’ν
1902 5841 2045 5899 Psal.
2077 5856 2290 5910 cxxxvt,
2323 5840 2377 5896 5.
2456 5843 2476 5874 ⁸
2505 5839 2672 5897 Eccli.
2706 5854 2821 5909 vm,
2846 5840 2901 5895 5.
2983 5842 3002 5873 θ
3026 5837 3183 5896 Joan.
3212 5854 3304 5907 xv,
3335 5836 3395 5893 5.
3482 5854 3487 5859 ·
