3934 6400
445 381 581 447 1315

1639 379 2005 440 HESYCHII
2048 381 2523 441 PRESBYTER!

3535 391 3642 462 15:36

427 556 432 562 η
511 489 601 544 70.
644 482 741 544 Va:
790 486 1040 544 interiori
1091 487 1323 553 homini,
1385 497 1606 559 prepter
1675 491 2030 545 exteriorem.

2212 488 2276 544 θ’.
2313 489 2454 543 Οὐαὶ
2484 489 2576 543 τδν
2603 488 2714 543 Ξσω
2745 490 2854 544 ἀπὸ
2878 490 2986 542 τῶν
3007 483 3140 554 ἔξιθ’
3171 493 3367 561 σφόδρα
3388 495 3486 570 γὰρ
3504 500 3645 576 λυπη.

437 578 673 638 Gravem
706 584 857 637 enim
897 581 1206 635 molestiam
1251 580 1504 634 internus
1545 581 1711 635 homo
1741 582 2034 637 contrahet

2156 582 2369 654 ὶήσεται
2395 581 2601 648 όξνδον
2641 581 2931 653 ἄνθρωπος
2960 581 3070 634 ἀπὸ
3101 581 3210 635 τῶν
3255 583 3350 646 ἔξω
3371 589 3644 660 αισθήσεων,

441 675 512 730 ab
556 675 801 731 externis
847 673 1120 737 sensibus,
1159 682 1272 726 tum
1328 673 1422 728 ille
1478 674 1726 729 molestia
1785 674 2035 741 aﬂectus,

441 767 666 840 ﬂagellis
694 769 973 839 castigabit
1007 782 1124 821 eos.
1146 765 1248 832 Qui
1275 776 1566 822 exsecutus
1585 776 1669 823 est
1696 768 1841 837 quod
1873 768 2039 825 habet

445 861 651 926 littera,
679 862 792 930 jam
832 861 986 915 novit
1017 860 1166 929 quod
1198 859 1536 914 tbeoremate
1559 861 1894 917 continetur.

521 977 608 1030 71.
651 975 732 1042 Si,
791 988 857 1030 ex
907 975 1180 1030 sententia
1235 973 1483 1036 Patrum,
1548 976 1780 1030 interior
1849 987 2040 1032 noster

449 1066 614 1122 homo
640 1068 710 1122 sit
740 1076 1076 1136 temperans,
1118 1067 1284 1122 etiam
1325 1067 1656 1123 exteriorem
1693 1077 1872 1139 potest
1903 1086 2039 1124 cuu-

447 1173 688 1213 servare.
719 1158 994 1213 C.eterum
1037 1175 1138 1213 nos
1178 1169 1233 1213 et
1271 1159 1538 1213 malorum
1587 1159 1877 1216 eﬂ'cctorcs
1925 1161 2037 1215 da:-

451 1263 661 1312 mones.
710 1251 872 1306 ambo
911 1251 1078 1305 simul
1125 1259 1510 1320 perpetramus
1554 1261 1799 1322 peccata.
1842 1253 1920 1307 Ac
1983 1251 2038 1306 hi

447 1339 672 1407 quidem
702 1338 758 1392 in
803 1338 1229 1411 cogitationibus
1270 1339 1537 1393 duntaxat
1563 1342 1679 1395 sive
1710 1340 2040 1410 descriptio-

448 1431 612 1489 nibus
649 1431 1042 1503 imaginatoriis
1084 1448 1182 1502 pro
1221 1431 1455 1486 arbitrio
1498 1432 1738 1487 formant
1767 1433 1822 1486 in
1855 1429 2040 1487 animo

450 1532 777 1596 peceatum:
825 1539 930 1579 nos
978 1533 1162 1578 autem
1205 1531 1263 1578 et
1301 1524 1728 1594 cogitationibus
1776 1523 1946 1587 intus,
1985 1533 2041 1578 et

450 1623 605 1671 extra
635 1616 899 1686 operibus
925 1615 1079 1686 ipsis.
1120 1615 1255 1670 Nam
1293 1631 1417 1672 cum
1452 1613 1812 1669 crassitudine
1843 1627 2042 1682 corpo-

455 1707 530 1762 ris
561 1707 842 1763 dzemones
879 1716 1124 1770 careant.
1170 1708 1600 1780 cogitationibus
1639 1705 1791 1770 solis,
1831 1705 2041 1760 machi-

455 1798 679 1854 natione
725 1807 888 1868 atque
917 1801 1388 1857 circumventione
1409 1801 1664 1855 nituntur
1683 1840 1697 1864 ,
1731 1809 1787 1854 et
1816 1797 2042 1869 perinde

2141 675 2252 728 Καὶ
2302 673 2569 744 λυπηθεὶς
2613 668 2769 738 οὗτος
2821 673 3044 744 μάστιξι
3100 677 3352 744 χρήσεται
3403 681 3529 736 κατὰ
3565 688 3649 741 τῶν

2140 768 2248 836 ἔξω
2299 767 2634 838 αἰσθήσεων.
2688 767 2750 821 ’0
2797 766 3018 837 πράξας
3067 764 3130 818 τδ
3175 767 3234 819 ἐν
3274 770 3348 837 τῷ
3390 773 3647 844 γράμματι,

2144 859 2246 930 ήδη
2272 859 2488 927 ἐπέγνω
2527 857 2590 911 τὸ
2623 859 2684 910 ὲν
2711 857 2792 927 τῷ
2814 855 3153 927 θεωρήματι.

2212 976 2315 1026 οα’.
2363 969 2492 1024 Ἔὰν
2523 972 2551 1024 ὁ
2575 967 2685 1022 ἔσω
2711 967 2870 1039 ἡμῶν
2905 965 3194 1038 ἄνθρωπος
3220 968 3355 1021 κατά
3382 969 3494 1033 τοὺς
3517 974 3650 1030 nm.

2145 1079 2246 1134 ρας
2274 1063 2460 1134 νήφει,
2490 1061 2716 1124 δυνατός
2741 1062 2860 1113 ἐστι
2889 1059 3120 1129 φυλάξαι
3161 1059 3255 1112 καὶ
3294 1060 3381 1114 τὸν
3415 1061 3523 1130 ἔξω,
3549 1068 3656 1138 πλὴν

2141 1159 2222 1210 ὅτι
2244 1157 2402 1226 ἡμεῖς
2422 1171 2483 1207 τε
2507 1155 2604 1207 καὶ
2629 1155 2676 1206 οἱ
2693 1169 2830 1206 κακε
2841 1153 3038 1223 ργάται
3065 1151 3314 1222 δαίμονες
3327 1155 3510 1218 κοινῶς
3528 1157 3657 1226 ἄμφω

2142 1245 2587 1317 διαπρπτόμεοα
2629 1244 2728 1308 τὰς
2763 1243 3061 1315 ἁμαρτίας.
3107 1242 3218 1296 Καὶ
3246 1244 3292 1295 οἰ
3341 1243 3430 1314 μὲν
3465 1247 3515 1299 ὲν
3547 1248 3658 1317 λογι.

2146 1342 2304 1410 σμοῖς
2339 1337 2522 1408 μόνον,
2554 1336 2674 1408 ἦτοι
2706 1338 2763 1389 ὲν
2793 1333 3189 1407 φαντασιὼδεσι
3239 1334 3552 1406 ζωγραφίαις
3571 1341 3659 1395 δια.

2146 1430 2576 1502 σχηματίζουσιν
2611 1430 2668 1482 ὲν
2698 1429 2795 1500 νῷ,
2825 1428 2901 1492 ὡς
2939 1427 3256 1500 βούλονται,
3283 1428 3380 1497 τὴν
3408 1429 3659 1502 ἁμαρτίαν
3701 1453 3704 1456 ~

2145 1525 2307 1593 ἡμεῖς
2331 1523 2388 1576 δὲ
2417 1523 2511 1577 καὶ
2529 1521 2620 1576 διὰ
2648 1521 2933 1594 λογισμῶν
2955 1520 3170 1574 ἔνδοθεν
3186 1519 3278 1574 καὶ
3299 1520 3366 1574 δι’
3388 1520 3547 1592 ἔργων
3565 1525 3663 1590 ἔξω·

2119 1611 2122 1614 ’
2155 1620 2276 1676 οενο
2312 1620 2622 1692 παχύτητος
2657 1621 2766 1692 γὰρ
2798 1617 3070 1690 σωμάτων
3095 1617 3419 1689 ἀποροῦντες
3445 1620 3490 1673 οἰ
3513 1619 3664 1692 δαίμο-

2144 1729 2256 1777 νες,
2283 1713 2374 1766 διὰ
2401 1711 2685 1782 λογισμῶν
2723 1709 2884 1782 μόνον
2917 1709 3014 1763 καὶ
3039 1707 3320 1780 δολιότητα
3347 1709 3437 1762 καὶ
3465 1711 3664 1782 ἀπάτην,

2146 1808 2242 1861 καὶ
2289 1806 2367 1869 ὡς
2410 1805 2600 1868 αὐτοῖς
2641 1802 2966 1874 προξενοῦσι
3011 1801 3108 1856 καὶ
3151 1803 3283 1871 ἡμῖν
3328 1801 3424 1871 τὴν
3469 1803 3666 1859 κόλασιν.

455 1889 616 1944 nobis
646 1905 711 1945 ac
747 1891 854 1946 sibi
908 1904 1208 1960 procurant
1239 1892 1591 1963 supplicium.
1637 1889 1798 1956 Quod
1838 1889 1882 1943 si
1921 1887 2042 1943 exi-

2156 1900 2210 1954 Εἰ
2232 1898 2342 1971 γὰρ
2369 1896 2682 1968 παχύτητος
2719 1894 2992 1965 σωμάτων
3027 1893 3102 1964 μὴ
3131 1892 3499 1962 ἐστερίσκοντο
3522 1897 3666 1950 olei:-

457 1979 615 2036 liales
643 1981 720 2036 illi
748 1981 908 2036 molis
927 1997 1207 2053 corporea
1235 1999 1343 2038 non
1374 1992 1559 2038 essent
1583 1991 1856 2053 expertes,
1881 1982 2045 2036 etiam

456 2071 616 2126 factis
667 2071 803 2142 ipsis
860 2087 1089 2142 peccare
1139 2089 1251 2128 non
1301 2075 1668 2130 desinerent:
1720 2083 1780 2128 ut
1831 2073 1925 2142 qui
1977 2071 2046 2126 ad

456 2162 625 2232 impie
675 2163 946 2234 agendum
1005 2173 1247 2235 paratam
1307 2179 1526 2235 semper
1588 2171 1810 2220 servent
1865 2165 2048 2219 inten-

464 2252 695 2309 tionem.

531 2346 620 2400 72.
661 2346 790 2401 Sola
822 2347 1069 2418 precatio
1109 2348 1351 2418 perimit,
1398 2358 1454 2404 et
1494 2348 1550 2403 in
1577 2348 1820 2404 cinerem
1853 2347 2050 2420 redigit

455 2455 650 2497 eorum
677 2439 940 2494 fraudes:
978 2455 1176 2509 nempe
1215 2437 1375 2496 Jesus
1417 2439 1558 2494 Deus
1593 2449 1650 2493 et
1688 2439 1782 2495 Dei
1815 2439 1987 2494 Filius
2016 2455 2048 2492 a

458 2533 620 2588 nobis
670 2532 1022 2588 continenter
1068 2540 1125 2585 ct
1162 2531 1281 2586 sine
1330 2530 1675 2586 hmsitatione
1717 2531 2046 2585 invocatus:

458 2621 554 2690 qui
584 2634 807 2690 prorsus
828 2620 910 2674 eis
936 2635 1046 2674 non
1071 2619 1356 2688 permittit,
1396 2628 1454 2673 ut
1484 2619 1569 2673 vel
1612 2619 1825 2672 initium
1863 2618 2051 2673 incur-

456 2712 634 2766 sionis
669 2728 783 2766 sua:
815 2711 1002 2781 (quam
1033 2711 1196 2766 etiam
1240 2709 1661 2780 impressionem
1704 2709 2054 2780 vocant),aut

460 2802 693 2857 formam
727 2797 1124 2858 subostendant
1157 2801 1324 2855 menti
1357 2800 1414 2854 111
1437 2801 1662 2870 speculo
1691 2801 2002 2856 intellectus
2037 2819 2050 2854 :

463 2891 550 2947 vel
579 2892 844 2960 quosdam
881 2905 1168 2946 sermones
1206 2889 1444 2944 habeant
1468 2905 1590 2944 cum
1627 2891 1812 2945 corde.
1859 2889 2055 2944 Forma

462 2995 628 3050 porro
673 2979 1032 3043 daemoniaca,
1073 2995 1195 3049 qua:
1242 2979 1419 3033 nullas
1467 2979 1626 3034 habet
1659 2980 1804 3034 vires
1851 2979 1906 3034 in
1938 2993 2054 3047 cor,

460 3072 573 3128 erit
591 3072 755 3127 etiam
788 3088 960 3128 vacua
1007 3071 1448 3140 cogitationibus,
1493 3081 1554 3126 ut
1593 3071 1834 3128 diximus
1879 3089 1892 3124 :
1927 3073 2057 3141 quia

461 3165 886 3238 cogitationibus
919 3164 1390 3220 intercedentibus
1418 3163 1658 3219 animam
1686 3165 1825 3219 clam
1854 3164 2056 3235 alloqui

465 3257 630 3321 solet,
662 3265 720 3312 et
748 3257 982 3313 edocere
1008 3256 1158 3311 vitia.

537 3369 631 3426 75.
690 3369 1057 3434 Quamobrem
1121 3367 1468 3423 assiduarum
1533 3383 1757 3438 precum
1827 3368 2054 3433 auxilio,

467 3470 734 3532 purgatur
783 3476 878 3514 aer
922 3461 1120 3514 mentis
1165 3471 1367 3516 nostra:
1411 3461 1623 3516 nebulis
1675 3461 1948 3527 obscuris,
2002 3467 2061 3517 et

467 3554 650 3608 ventis
714 3552 1171 3621 nequissimorum
1234 3553 1548 3622 spirituum.
1620 3552 1818 3608 Mentis
1875 3562 2058 3608 autem

469 3658 600 3698 aere
620 3651 876 3729 purgato,
908 3655 1015 3696 non
1049 3650 1248 3712 potest,
1280 3643 1478 3712 inquit,
1511 3642 1562 3698 ei
1599 3659 1708 3696 non
1748 3643 1934 3696 lucere
1975 3641 2060 3696 di-

475 3734 659 3788 vinum
690 3733 819 3788 Jesu
861 3733 1042 3786 lumen
1084 3751 1097 3788 :
1145 3732 1306 3786 modo
1341 3749 1411 3786 ne
1453 3748 1587 3786 vana
1642 3732 1833 3802 gloria,
1869 3746 2062 3801 super-

473 3827 562 3882 bia
601 3835 658 3882 et
704 3827 1071 3882 ostentatione
1137 3827 1310 3881 simus
1351 3825 1544 3890 inﬂati,
1597 3835 1654 3880 et
1709 3823 1942 3879 leviores
1991 3823 2060 3878 ad

473 3923 742 3994 captanda
777 3939 898 3994 quae
923 3931 1054 3979 sunt
1088 3921 1659 3993 incomprehensibilia
1693 3938 1707 3975 :
1750 3932 1806 3976 ct
1831 3921 1899 3977 ab
1929 3920 2062 3977 Jesu

474 4015 813 4084 reperiamur
861 4029 970 4068 non
1011 4028 1133 4070 esse
1184 4014 1545 4085 opitulatione
1594 4013 1768 4084 digni,
1809 4027 1877 4068 eo
1916 4011 2066 4084 quod

473 4104 728 4160 Christus
763 4103 927 4160 iudex
957 4103 1280 4159 humilitatis
1307 4103 1486 4159 oderit
1519 4103 1646 4158 vilia
1677 4103 1788 4157 illa.

545 4217 632 4270 71.
675 4217 880 4271 Demus
920 4230 1051 4287 ergo
1085 4214 1222 4270 colla
1271 4215 1488 4271 duobus
1537 4215 1680 4280 istis,
1727 4216 1960 4271 orationi
2009 4225 2066 4272 et

477 4305 830 4360 humilitati:
880 4319 1002 4374 qua:
1065 4305 1309 4360 adhibita
1367 4305 1724 4376 temperantia
1781 4314 1912 4360 sunt
1965 4307 2066 4362 ad-

477 4412 670 4452 versus
721 4396 1000 4452 daemones
1068 4405 1317 4462 armata,
1371 4396 1602 4466 perinde
1659 4412 1723 4454 ac
1778 4397 2067 4456 ﬂammeus

476 4488 644 4543 ensis.
691 4487 944 4554 Quandiu
1000 4486 1148 4542 enim
1203 4487 1282 4542 sic
1323 4503 1569 4559 agemus,
1615 4489 1840 4562 singulis
1874 4490 2068 4546 diebus

2147 1992 2348 2060 τήριοι,
2385 1988 2494 2042 οὐδ’
2523 1988 2590 2042 ἂν
2617 1987 2710 2040 καὶ
2738 1985 2807 2039 δι’
2839 1985 3017 2057 ἔργων
3063 1984 3396 2054 ἁμαρτάνειν
3437 1985 3667 2054 ἐπαύοντο,

2149 2079 2375 2151 ἑτοίμην
2413 2080 2494 2142 είς
2539 2078 2599 2131 τὸ
2637 2076 2860 2132 ἀσεϐεῖν
2897 2075 2996 2147 τὴν
3049 2075 3371 2146 προαίρεσιν
3407 2075 3486 2129 ἀεὶ
3519 2077 3670 2132 διασώ-

2152 2170 2360 2236 ζοντες.

2223 2351 2321 2423 οβ’.
2347 2351 2496 2423 Εὖχὴ
2521 2349 2578 2404 δὲ
2611 2348 2990 2420 μονολόγιστος
3015 2346 3221 2401 κτείνει
3249 2362 3306 2399 τε
3338 2345 3428 2398 καὶ
3467 2345 3673 2416 ἐκτεφροῑ

2152 2445 2249 2508 τὰς
2281 2444 2465 2500 αὐτῶν
2503 2445 2742 2506 ἀπάτας,
2772 2443 2838 2496 δι’
2867 2443 2900 2511 ἠ
2913 2439 3028 2510 μῶν
3078 2437 3547 2509 παρακαλούμενος
3595 2439 3672 2507 '11;-

2155 2535 2281 2599 σοῦς
2304 2536 2332 2588 ὁ
2367 2534 2496 2600 Θεὸς
2543 2535 2638 2588 καὶ
2667 2533 2804 2587 Θεοῦ
2833 2532 2984 2596 mg.
3015 2529 3261 2602 συνεχῶς
3284 2529 3341 2583 δὲ
3377 2529 3460 2582 καὶ
3489 2528 3674 2590 ἀόκνως,

2158 2628 2283 2699 μηδ’
2317 2627 2456 2692 ὅλως
2486 2627 2838 2698 παραχωρῶν
2877 2623 3112 2688 τούτοις,
3142 2621 3272 2676 οὔτε
3301 2621 3398 2692 τὴν
3427 2621 3578 2691 ἀρχὴν
3604 2621 3677 2690 τῆς

2156 2721 2434 2790 εἰσϐολῆς,
2468 2720 2535 2791 ἢν
2559 2719 2625 2790 δὴ
2660 2719 2756 2773 καὶ
2783 2717 3099 2794 προσϐολὴν
3141 2715 3419 2778 καλοῦσιν,
3448 2715 3677 2778 ὑποδεῖξαι

2155 2814 2234 2886 τῷ
2273 2814 2347 2885 νῷ
2375 2815 2432 2868 ὲν
2470 2813 2769 2884 κατόπτρῳ
2792 2812 2892 2881 τῆς
2928 2810 3196 2873 διανοίας,
3237 2808 3298 2861 οὐ
3347 2807 3559 2877 μορφὴν,
3583 2804 3678 2858 οὕτε

2161 2907 2269 2978 μὴν
2298 2905 2489 2973 λόγους
2535 2903 2689 2966 τινὰς
2722 2901 2959 2970 λαλῆσαι
3002 2903 3069 2973 τῇ
3102 2898 3329 2970 καρδίᾳ.
3365 2895 3680 2967 Δαιμονιώδης

2157 2999 2213 3054 δὲ
2263 2997 2447 3069 μορφὴ
2499 2995 2574 3068 μὴ
2609 2994 2927 3048 είσδύνουσα
2966 2994 3024 3047 ὲν
3063 2990 3400 3062 καρδίᾳ,καὶ
3434 2989 3680 3058 λογισμῶν,

2158 3089 2233 3152 ὼς
2272 3087 2505 3157 ἔφημεν,
2547 3085 2681 3156 κενὴ
2713 3085 2894 3148 ἔσται,
2937 3083 3019 3137 ὅτι
3055 3084 3124 3153 τῇ
3159 3080 3309 3152 ψυχῇ
3337 3080 3421 3134 διὰ
3458 3077 3683 3148 λογισμῶν

2159 3179 2368 3248 ὁμιλεῖν
2426 3193 2486 3230 τε
2529 3175 2625 3230 καὶ
2665 3175 3006 3230 ἐκδιδάσκειν
3044 3173 3148 3244 τὴν
3208 3169 3410 3228 κακίαν
3439 3168 3548 3234 ἔθος
3578 3169 3682 3239 αὐτῇ

2086 3246 2130 3306 C
2161 3246 2487 3340 λεληθότως.

2229 3389 2327 3453 cy".
2369 3381 2460 3448 Ἐξ
2489 3381 2658 3453 εὐχῆς
2687 3375 2781 3435 οὗν
2809 3379 3071 3450 συνεχοῦς
3100 3377 3402 3449 καθαρεύει
3430 3376 3458 3429 ό
3496 3374 3590 3445 ἀὴρ
3616 3375 3689 3441 τῆς

2159 3475 2400 3537 διανοίας
2435 3475 2501 3528 ὲκ
2537 3472 2716 3543 νεφῶν
2763 3471 3077 3536 σκοτεινῶν,
3121 3469 3183 3537 ἐξ
3232 3469 3448 3538 ἀνέμων
3490 3464 3686 3534 πνευμα-

2161 3583 2270 3619 των
2305 3563 2714 3636 πονηροτάτων.
2745 3560 3162 3633 Καθαρεύοντος
3183 3559 3246 3614 δὲ
3267 3558 3361 3613 τοῦ
3392 3559 3484 3628 τῆς
3509 3555 3690 3625 καρδίας

2161 3657 2350 3729 ἀέρος,
2374 3655 2692 3710 ἀνένδεκτόν
2725 3654 2803 3726 μὴ
2830 3653 3071 3725 λάμπειν
3101 3654 3272 3723 φησὶν
3297 3648 3445 3723 αὐτῷ
3471 3649 3526 3703 τὸ
3553 3646 3692 3701 θεῖκὸν

2164 3751 2280 3821 φῶς
2317 3749 2518 3823 Ἰησοῦ,
2560 3751 2609 3803 εἰ
2651 3751 2811 3821 μήτοι
2847 3765 2912 3818 γε
2947 3747 3054 3802 ὑπὸ
3096 3745 3409 3814 κενοδοξίας
3443 3743 3530 3797 καὶ
3559 3739 3693 3808 τύφου

2164 3843 2260 3897 καὶ
2289 3840 2673 3913 φανητιασμοῦ
2727 3839 3053 3912 φυσώμεθα,
3097 3839 3191 3893 καὶ
3245 3833 3599 3908 κουφιζόμεθα
3636 3834 3695 3894 εἰς

2163 3933 2234 3988 τὰ
2267 3934 2529 4004 ἀκίχητα,
2561 3932 2658 3986 καὶ
2683 3931 2984 4004 ἁϐοήθητοι
3006 3931 3145 4004 πρὸς
3181 3928 3361 4004 Ἰησοῦ
3384 3925 3698 3999 εὑρισκόμεθα

2164 4027 2340 4094 αὐτοὶ,
2377 4026 2454 4098 τῷ
2487 4029 2668 4097 μισεῖν
2714 4025 2809 4080 τὸν
2852 4024 3090 4097 Χριστὸν
3135 4024 3204 4080 τὰ
3239 4022 3486 4089 τοιαῦτα,
3513 4019 3592 4073 τὸν
3621 4016 3697 4085 τῆς

2163 4117 2553 4182 ταπεινώσεως
2581 4115 2932 4189 ὑποδείκτην.

2237 4225 2328 4280 06'.
2375 4225 2658 4298 Ἐχώμεθα
2688 4227 2873 4283 τοίνυν
2905 4227 3072 4299 εὐχῆς
3105 4227 3202 4282 καὶ
3235 4225 3602 4288 ταπεινώσεως
3618 4220 3700 4274 τῶν

2166 4314 2260 4370 δύο
2305 4315 2532 4384 τούτων,
2569 4315 2729 4372 ἅτινα
2776 4315 2918 4371 κατὰ
2960 4315 3235 4386 δαιμόνων
3267 4317 3367 4370 σὺν
3405 4313 3555 4385 νήψει
3582 4309 3701 4364 ὁπλί-

2169 4406 2376 4474 ζονται,
2395 4401 2486 4464 οἵα
2513 4408 2764 4480 μάχαιρα
2787 4409 3040 4479 φλόγινος
3061 4426 3074 4439 ·
3102 4407 3285 4475 ἔξεστι
3311 4407 3419 4480 γὰρ
3446 4407 3570 4477 ἡμῖν
3591 4402 3704 4457 οὕτω

2169 4517 2235 4569 γε
2269 4500 2485 4554 ποιοῦσι
2526 4500 2648 4555 καθ’
2680 4500 2896 4572 ἡμέραν
2936 4501 3030 4554 καὶ
3077 4499 3202 4555 καθ’
3249 4500 3402 4572 ὥραν
3439 4494 3706 4570 καρδηκῶς

475 4589 534 4634 et
558 4579 708 4635 horis
733 4577 864 4644 laeti,
895 4576 1186 4650 mysticum
1215 4577 1417 4634 festum
1447 4578 1631 4635 animo
1659 4580 1938 4639 celebrare
1973 4596 2054 4652 po-

2170 4590 2448 4662 μυστικῶς
2482 4591 2807 4663 ηθομὲνοις
2845 4590 3144 4663 ἑορτάζειν.

479 4671 732 4727 terimus.

552 4784 640 4839 75.
679 4784 814 4840 Octo
852 4781 1224 4855 generaliores
1270 4783 1484 4840 vitiosa:
1520 4784 1898 4856 cogitationes,
1941 4802 2065 4856 qua:

478 4875 866 4948 cogitationem
893 4889 1114 4932 omnem
1159 4876 1621 4946 complectuntur,
1665 4885 1722 4931 et
1756 4876 1900 4932 unde
1927 4893 2066 4932 cun-

479 4975 584 5023 cta:
619 4974 918 5022 nascuntur
967 4966 1448 5036 (quemadmodum
1487 4981 1555 5021 ex
1592 4965 1725 5022 Jove
1751 4975 1805 5020 et
1847 4966 2064 5024 lunone

480 5061 662 5118 omnis
709 5061 925 5116 daemon
974 5061 1379 5127 exsecrandns,
1433 5061 1570 5117 deus
1617 5061 1952 5129 Grecorum,
2007 5045 2068 5118 ut

481 5152 667 5210 [erunt
699 5154 915 5210 illorum
978 5152 1222 5225 fabulae),
1255 5168 1449 5209 omnes
1520 5154 1754 5210 redeunt
1807 5155 1876 5210 ad
1919 5154 2068 5211 fores

480 5245 673 5301 animi.
704 5244 835 5311 Quae
868 5260 992 5300 cum
1015 5243 1330 5300 invenerint
1359 5252 1600 5300 mentem
1629 5246 1874 5301 custodia
1901 5247 2070 5302 desti-

484 5347 681 5400 tutam,
707 5337 982 5408 sigillatim
1004 5335 1410 5408 ingrediuntur,
1432 5352 1532 5393 suo
1546 5354 1775 5409 quaeque
1801 5345 2067 5410 tempore.

483 5428 836 5501 Quaecunque
863 5431 1034 5496 enim,
1062 5429 1278 5486 illarum
1311 5439 1457 5494 octo,
1483 5431 1738 5503 cogitatio
1760 5432 2068 5498 ascendens

486 5518 542 5573 in
571 5521 836 5587 animum,
864 5521 1233 5578 introduxerit
1261 5522 1583 5588 exercitum,
1615 5537 1816 5592 nempe
1848 5537 2066 5594 gregem

487 5611 852 5668 obscenarum
906 5613 1320 5685 cogitationum,
1353 5630 1439 5679 ea,
1479 5614 1834 5670 obtcncbrata
1865 5623 2069 5682 mente,

491 5711 755 5771 provocat
795 5719 1012 5776 corpus,
1049 5720 1314 5763 conversa
1344 5707 1410 5763 ad
1440 5723 1605 5777 opera
1647 5706 1824 5777 turpia
1871 5722 2071 5778 perpe-

499 5788 714 5844 tranda.

2239 4797 2332 4846 οε⁹.
2359 4792 2424 4846 01
2447 4790 2592 4846 ὀκτὼ
2642 4791 3005 4856 γενικώτατοι
3033 4792 3135 4864 τῆς
3153 4792 3357 4857 κακίας
3391 4788 3642 4861 λογισμοὶ.
3663 4785 3708 4837 ἐν

2165 4881 2249 4952 οἷς
2278 4884 2597 4957 περιέχεται
2623 4886 2734 4948 πᾶς
2776 4883 3058 4956 λογισμὸς,
3089 4885 3183 4939 καὶ
3207 4885 3265 4953 ιε
3305 4877 3383 4939 ὧν
3428 4884 3612 4944 πάντες
3631 4876 3711 4948 τὴν

2162 4977 2382 5048 ,γένεσιν
2405 4975 2622 5047 ἔχουσιν
2645 4975 2743 5046 (ὡς
2767 4977 2832 5029 ὲκ
2847 4975 2944 5046 τῆς
2967 4976 3148 5046 ’Ἤρας
3164 4981 3232 5032 ’τε
3253 4975 3352 5028 καὶ
3378 4973 3473 5028 τοῦ
3492 4972 3602 5034 Διὸς
3625 4968 3710 5032 πᾶς

2166 5065 2380 5138 δαίμων
2410 5064 2614 5137 ἐναγὴς
2647 5064 2768 5128 θεὸς
2794 5063 3042 5131 Δαναῶν,
3071 5067 3214 5119 κατὰ
3236 5066 3364 5129 τοὺς
3392 5062 3605 5117 ἐκείνων
3628 5058 3711 5128 μύ-

2167 5158 2340 5226 θους),
2365 5157 2568 5221 πάντες
2595 5157 2923 5230 ἀνέρχονται
2960 5158 3020 5210 ὲν
3048 5156 3194 5228 πύλῃ
3233 5157 3456 5228 καρδίας
3478 5196 3494 5220 ,
3530 5154 3618 5208 καὶ
3641 5151 3714 5204 τὸν

2169 5248 2298 5305 νοῦν
2335 5248 2590 5321 εὑρόντες
2639 5247 2974 5318 ἀφύλακτον,
3007 5243 3088 5313 εἷς
3127 5249 3248 5303 καθ’
3287 5241 3373 5311 εἷς
3408 5247 3715 5318 εἰσέρχονται

2171 5343 2231 5396 ὲν
2263 5341 2378 5412 ἰδίῳ
2405 5339 2605 5413 καιρῷ.
2638 5339 2930 5410 Ὁπότερος
2954 5339 3064 5410 ⁸γὰρ
3093 5340 3204 5393 τῶν
3230 5338 3376 5394 ὀκτὼ
3400 5333 3716 5403 διαλογισμῖς

2171 5431 2378 5494 ἀναϐὰς
2411 5429 2470 5484 ὲν
2507 5428 2706 5500 καρδία
2745 5428 2965 5502 εἰσέλθῃ
3010 5427 3180 5499 ἑσμὸν
3205 5424 3484 5496 λογισμῶν
3505 5419 3716 5491 αἰσχρῶν

2172 5525 2428 5594 φάλαγγα
2471 5523 2809 5591 εἰσαγαγεῖν,
2851 5523 2946 5576 καὶ
2985 5521 3129 5575 οῦτω
3165 5522 3255 5576 τὸν
3301 5519 3429 5572 νοῦν
3461 5514 3714 5574 σκοτίσας,

2174 5615 2399 5668 ἐκκαλεῖ
2422 5614 2484 5666 τὸ
2517 5613 2694 5685 σῶμα,
2729 5613 3066 5684 τρεπόμενος
3097 5613 3178 5677 εἰς
3209 5607 3474 5683 ἐργασίαν
3501 5600 3716 5676 αἰσχρῶν

2178 5707 2444 5778 πράξεων.
