3934 6414
249 338 387 405 1537
441 363 444 366 '

997 335 1095 396 DE
1125 334 1677 396 TEMPERANTIA
1707 335 1803 393 ΕΤ
1843 333 2207 393 VIRTUTE.
2250 360 2316 368 --
2354 336 2742 398 CENTURIA
2781 339 2864 402 ΙΙ.

3401 337 3537 403 152ῗὸ

318 448 426 515 σις’.
466 448 525 501 Ὀ
548 447 726 500 τοίνυν
756 445 853 516 τὴν
886 446 1132 517 κεφαλὴν
1166 446 1352 517 τηρῶν
1385 447 1485 515 τὴν
1517 445 1610 498 τοῦ
1637 444 1834 514 ὄφεως,

2014 443 2102 498 76.
2146 443 2494 516 Quapropter
2527 447 2618 516 qui
2653 457 2815 517 caput
2844 450 3113 519 serpentis
3139 452 3533 518 observaverit,

241 544 344 598 καὶ
383 543 451 594 δι’
481 540 862 612 ἀντιρρήσεως
899 538 1219 610 θυμοειδοῦς
1256 538 1587 608 δακεθύμοις
1627 539 1833 610 ῥήμασι

241 632 554 706 χρώμενος,
582 632 691 697 πὺξ
736 631 916 701 βαλὼν
943 632 1163 702 δείματι
1209 631 1597 702 ἀπεκρούσατο
1620 629 1712 683 τὸν
1742 646 1837 682 πο-

243 728 436 798 λέμιον
462 724 514 796 (ὃ
547 727 642 778 καὶ
674 724 770 778 νῦν
799 741 885 788 τις
908 718 1068 787 ἄλλος
1092 719 1160 794 ἦν
1183 725 1435 794 κοπιῶν),
1464 723 1700 793 Πρῶτος
1719 721 1837 776 τῶν

243 817 497 888 καρπῶν
551 816 904 887 μεταλάϐοι,
949 817 1025 882 ὡς
1077 816 1224 870 δοκεῖ
1285 815 1503 887 Παύλῳ.
1554 816 1614 870 '0
1656 816 1837 869 τοίνυν

248 911 394 964 θλῶν
419 909 516 981 τὴν
542 910 732 981 κάρανν
779 908 1015 979 ίξέφυγι.
1045 908 1142 962 καὶ
1177 906 1408 972 πολλοὺς
1444 909 1717 978 πονηροὺς
1749 907 1838 960 λο-

245 1003 488 1072 γισμοὺς
534 999 631 1055 καί
681 1001 822 1072 ἔργα
875 1001 1241 1072 πονηρότερα,
1290 1001 1383 1054 καὶ
1427 1001 1552 1054 τότε
1591 1000 1839 1071 διαμένει

243 1095 571 1166 ἀκύμαντος
601 1095 636 1164 ή
667 1093 902 1159 διάνοια,
936 1093 1032 1146 τοῦ
1069 1091 1206 1146 Θεοῦ
1253 1092 1695 1163 ἁπεκδεχομένου
1739 1090 1840 1161 τὴν

246 1190 429 1261 αὐτῆς
450 1188 785 1260 ἐγρήγορσιν
808 1188 888 1250 είς
918 1187 1044 1250 τοὺς
1064 1186 1381 1258 λογισμοὺς,
1406 1187 1504 1239 καὶ
1523 1186 1844 1255 ιιιντιδωρου⁶

247 1283 421 1354 μένου
451 1280 588 1351 αὐτῇ
624 1279 847 1345 εἰδέναι,
896 1278 1016 1343 πῶς
1049 1279 1131 1332 δεῖ
1171 1278 1562 1350 περιγενέσθαι
1585 1280 1714 1342 τοὺς
1745 1279 1842 1330 ἀν-

245 1373 644 1436 τιπαλαίοντας
669 1372 861 1442 αὐτὴν,
891 1372 984 1425 καὶ
999 1372 1149 1435 ὅπως
1171 1371 1276 1442 χρὴ
1309 1371 1670 1442 καθαίρεσθαι
1699 1373 1843 1424 κατὰ

249 1465 457 1536 μικρὸν
499 1465 603 1533 τὴν
648 1462 899 1534 καρδίαν,
952 1464 1017 1516 ὲκ
1063 1461 1344 1532 λογισμῶν
1389 1463 1715 1516 κοινούντων
1749 1461 1843 1514 καὶ

249 1558 582 1628 μιαινόντων
607 1557 700 1609 τὸν
731 1555 880 1619 evre,
908 1555 1225 1627 ἄνθρωπον,
1254 1555 1331 1619 ὥς
1370 1572 1537 1626 φησιν
1565 1557 1594 1608 6
1616 1553 1841 1625 Κύριος,

265 1653 371 1707 Ἐκ
404 1651 516 1721 τῆς
550 1650 804 1720 καρδίας
844 1650 1199 1721 ἐξέρχονται
1236 1649 1617 1721 διαλογισμοί
1655 1664 1844 1718 πονη-

245 1741 371 1812 ροί,
397 1741 689 1812 πορνεῖαι,
707 1741 994 1812 μοιχεῖαι,
1017 1740 1267 1796 κάκεῖνά
1286 1743 1405 1796 εἱσι
1429 1741 1501 1795 τὰ
1522 1742 1846 1796 κοινοῦντα

249 1837 360 1888 τὸν
391 1833 731 1901 ἄνθρωπον.

325 1924 425 1989 0;".
464 1927 671 1989 Ὄντως
693 1925 804 1998 ἄρα
831 1924 1054 1980 δύναται
1074 1924 1223 1998 ψυχὴ
1255 1925 1313 1980 ὲν
1352 1925 1542 1997 Κυρίῳ
1558 1925 1750 1993 στῆναι
1779 1927 1846 1996 τῇ

255 2019 461 2088 ἑαυτῆς
496 2019 772 2092 εὐμορφίᾳ
803 2020 898 2074 καὶ
931 2019 1230 2092 ὡραιότητι
1252 2021 1347 2076 καὶ
1372 2020 1653 2092 εὐθύτητι,
1683 2020 1758 2082 ὡς
1789 2019 1848 2086 ἒξ

245 2111 437 2182 ’ἀρχῆς
463 2111 601 2182 πρὸς
630 2110 765 2166 Θεοῦ
793 2111 1018 2184 ἐκτίσθη
1053 2110 1176 2167 λίαν
1231 2112 1372 2184 καλή
1401 2129 1462 2166 τε
1491 2111 1586 2167 καὶ
1642 2110 1847 2177 εὐθεῖα,

256 2202 444 2266 καθώς
481 2219 647 2274 φησιν
676 2204 704 2257 6
737 2201 911 2274 μέγας
942 2203 1038 2256 τοῦ
1098 2203 1304 2275 Κυρίου
1339 2203 1597 2276 θεράπων
1648 2201 1850 2257 Ἀντὼα

252 2311 393 2358 νιος,
418 2295 518 2363 τῆς
544 2294 725 2365 ψυχῆς
751 2294 813 2347 τδ
828 2293 1017 2366 νοερὸν
1051 2294 1196 2350 κατὰ
1224 2294 1390 2366 φύσιν
1421 2296 1652 2366 ἐχούσης
1679 2293 1848 2367 ἀρετῇ

256 2387 574 2440 συνίσταται
597 2403 612 2418 °
642 2388 738 2440 καὶ
753 2385 914 2441 πάλιν
938 2383 1060 2440 εἷπε
1079 2398 1095 2414 ⁸
1115 2387 1189 2440 Τὸ
1211 2388 1320 2459 γὰρ
1345 2387 1564 2444 εὐθεῖαν
1587 2382 1726 2442 εῖναι
1750 2387 1853 2457 τὴν

257 2475 461 2546 ψυχὴν,
489 2474 652 2529 τοῦτό
687 2477 806 2529 ἐστι
856 2476 920 2529 τὸ
962 2476 1105 2533 κατά
1145 2477 1310 2547 φύσιν
1350 2478 1542 2550 νοερὸν
1591 2479 1729 2549 αὐτῇ

258 2567 494 2638 ἐκτίσθη
517 2583 532 2598 ο
567 2567 662 2622 καὶ
695 2564 814 2639 μετ’
841 2567 1000 2636 ὀλίγα
1027 2563 1183 2632 αὖθίς
1212 2585 1382 2639 φησι·
1402 2569 1851 2641 Καθαρεύσωμεν

255 2659 364 2729 τὴν
396 2658 661 2716 διάνοιαν.
707 2659 850 2729 Ἐγὼ
902 2659 1011 2731 γὰρ
1055 2661 1300 2715 πιστεύω
1326 2662 1407 2716 ὅτι
1454 2662 1853 2734 καθαρεύσασά

255 2753 408 2824 ψυχὴ
439 2755 780 2826 πανταχόθεν
805 2757 902 2810 καὶ
949 2757 1092 2810 κατὰ
1129 2756 1293 2827 φύσιν
1336 2756 1551 2810 ἑστῶτα
1577 2800 1592 2823 ,
1629 2757 1852 2812 δύναται

254 2847 548 2919 διορατικὴ
577 2849 845 2920 γενομένη
878 2847 1105 2902 πλείονα
1157 2849 1253 2902 καὶ
1286 2850 1601 2920 μακρότερα
1633 2848 1853 2920 βλέπειν

256 2938 372 2993 τῶν
395 2939 668 3010 δαιμόνων
688 2981 703 3006 ,
747 2938 948 3011 ἔχουσα
998 2940 1100 2994 τὸν
1149 2939 1607 2995 ἀποκαλύπτοντα
1647 2941 1853 3012 Κύριον

255 3033 400 3104 αὐτῇ
420 3049 436 3065 ο
469 3032 598 3088 τάδε
656 3035 824 3104 φησὶν
849 3035 880 3088 6
910 3033 1120 3098 κλεινὸς
1161 3033 1472 3096 ’Δντώνιος,
1503 3032 1580 3096 ῶς
1612 3050 1778 3104 φησιν
1825 3035 1853 3086 ό

262 3124 443 3196 μέγας
488 3124 812 3189 Ἀθανάσιος
835 3127 895 3180 ὲν
924 3125 1003 3197 τῷ
1031 3124 1159 3196 περὶ
1203 3123 1494 3178 Ἀντωνίου
1522 3123 1653 3195 Βίῳ.

335 3397 440 3465 οη’.
470 3388 585 3458 Πᾶς
637 3389 896 3462 λογισμὸς
927 3390 1200 3461 φαντασία
1226 3390 1286 3443 ἐν
1323 3390 1400 3461 νῷ
1432 3388 1682 3462 αἰσθήσει
1712 3389 1856 3454 τινὸς

174 3510 186 3521 ο
263 3485 596 3556 πράγματος
613 3500 629 3517 ο
651 3483 778 3547 νοῦς
791 3481 902 3554 γὰρ
917 3481 992 3536 ὢν
1017 3484 1046 3536 6
1081 3479 1367 3553 Ἀσσύριος
1393 3479 1496 3534 οὐκ
1523 3478 1698 3543 ἄλλως
1715 3481 1858 3534 ἀπα-

261 3578 369 3648 τᾷν
397 3575 664 3646 ὲξισχύει,
703 3577 753 3630 εί
791 3575 866 3646 μὴ
901 3575 1165 3646 χρήσεται
1219 3576 1333 3636 τοῖς
1383 3571 1515 3642 παρ’
1551 3571 1710 3642 ἡμῶν
1771 3573 1856 3625 ai-

265 3666 490 3740 σθητοῖς
511 3670 609 3724 καὶ
639 3669 948 3740 συνήθεσιν.

342 3849 441 3906 οϐ’.
483 3850 572 3914 Ὧς
608 3849 669 3902 οὐ
698 3846 921 3903 δυνατὸν
950 3845 1062 3918 ἄρα
1079 3844 1243 3916 ὄρνεα
1273 3842 1494 3899 διώκειν
1516 3843 1664 3913 ἡμᾶς
1694 3842 1752 3895 ἐν
1775 3843 1856 3913 τῷ

267 3943 399 4015 ἀέρι
419 3942 674 4014 πτερωτὰ
694 3940 856 4004 ὂντας
879 3934 1224 4010 ἀνθρώπους,
1247 3936 1281 4008 ἢ
1311 3933 1641 3991 ἀνίπτασθαι
1666 3932 1857 4006 ὥσπερ

268 4035 525 4099 κάκεῖνα,
553 4031 714 4086 τοῦτο
740 4031 840 4102 τῆς
872 4028 1031 4101 ⁴ήμῶν
1083 4026 1302 4098 φύσεως
1341 4026 1444 4080 οὐκ
1471 4023 1732 4096 ἐχούσης·
1761 4022 1856 4078 οὐ·

265 4142 383 4189 τως
401 4125 464 4179 οὐ
496 4123 748 4194 δυνατὸν¹
777 4123 1075 4195 λογισμοὺς
1103 4121 1454 4195 αὐτομάτους
1480 4121 1858 4193 δαιμονιώδεις

272 4215 659 4289 περιγενέσθαι
684 4216 854 4288 χωρὶς
883 4215 1050 4285 εὐχῆς
1077 4213 1352 4284 νηπικῆς
1394 4212 1600 4283 συχνῆς
1619 4251 1635 4274 ,
1669 4212 1702 4282 ἢ
1731 4213 1858 4266 ἀτε-

267 4313 383 4376 νῶς
405 4312 544 4380 ἄγαν
573 4310 710 4382 πρὸς
735 4308 870 4364 Θεὸν
886 4309 1043 4381 ὄμμα
1063 4307 1156 4364 νοῦ
1179 4306 1462 4379 νήχεσθαι.
1483 4306 1545 4360 Et
1570 4302 1727 4370 δὲού,
1754 4306 1857 4376 γῆν

269 4403 552 4476 θραύσεις.

1936 546 1991 590 et
2027 537 2291 592 iracunde
2333 539 2674 606 reluctando,
2718 540 2901 594 verbis
2936 542 3198 597 animosis
3249 551 3403 608 usus,
3448 547 3534 600 in-

1933 626 2084 696 jecto
2126 643 2311 699 pugno
2348 629 2403 682 in
2450 630 2642 684 faciem
2695 630 2995 701 pulsaverit
3042 632 3255 688 hostem
3308 634 3386 702 {in
3429 652 3538 706 quo

1939 717 2100 772 modo
2131 719 2403 790 quispiam
2429 719 2568 775 alius
2607 720 2916 791 laborabat)
2948 720 3162 777 Primus
3189 726 3254 778 de
3281 726 3539 795 fructibus

1941 811 2206 880 percipere
2237 812 2405 876 debet,
2441 819 2504 866 ut
2545 812 2724 882 placet
2767 813 2938 869 Paulo
2973 814 3039 868 ¹⁸.
3087 815 3191 882 Qui
3227 832 3359 888 ergo
3401 833 3538 873 con-

1942 901 2124 955 tundit
2154 909 2336 972 caput,
2374 903 2422 957 is
2450 912 2506 958 et
2536 904 2740 959 multas
2784 906 3148 978 cogitationes
3187 923 3387 977 pravas
3420 910 3540 964 cvi-

1944 999 2038 1056 tat,
2083 1001 2136 1046 et
2171 1007 2338 1062 opera
2401 994 2608 1064 pejora.
2663 995 2858 1065 Fitque
2907 1005 3042 1065 tum,
3097 1007 3160 1052 ut
3215 1001 3542 1070 tranquillus

1943 1091 2262 1152 permaneat
2305 1085 2521 1140 animus
2561 1103 2575 1139 :
2626 1087 2784 1157 cujus
2838 1089 3229 1144 excitationem
3276 1091 3542 1146 adversus

1944 1177 2302 1249 cogitationes
2349 1181 2546 1250 probat
2584 1180 2750 1249 Deus,
2811 1193 2867 1238 et
2918 1187 3316 1242 remunerandi
3373 1202 3540 1242 causa

1943 1271 2099 1327 docet
2155 1287 2304 1338 eum,
2351 1289 2460 1344 quo
2506 1284 2668 1345 pacto
2735 1277 3122 1348 impugnantes
3168 1295 3227 1334 se
3274 1295 3541 1350 superare.

1944 1373 2111 1435 queat
2142 1383 2155 1419 :
2189 1373 2246 1419 et
2280 1381 2389 1436 qua
2428 1368 2646 1423 ratiunc
2673 1383 2771 1423 cor
2809 1371 3070 1440 paulatim
3101 1387 3338 1444 purgare
3372 1389 3542 1444 opor-

1949 1466 2062 1512 teat
2097 1457 2521 1529 cogitationibus
2567 1461 2972 1519 maculantibus
3012 1473 3067 1519 et
3121 1465 3541 1523 inquinantibus

1947 1550 2266 1605 interiorem
2329 1550 2632 1616 hominem,
2687 1553 2832 1608 sicut
2919 1562 2998 1608 alt
3067 1554 3332 1612 Dominus
3389 1576 3405 1613 :
3461 1557 3542 1611 De

1951 1644 2104 1697 corde
2161 1651 2348 1697 exeunt
2420 1645 2768 1714 cogitationes
2830 1646 3012 1713 malet,
3077 1647 3365 1714 adulteria,
3431 1652 3542 1720 for-

1949 1734 2243 1789 nicationes
2298 1750 2318 1790 :
2373 1743 2423 1790 et
2471 1735 2582 1791 hwc
2628 1746 2750 1792 sunt
2802 1753 2921 1807 qua:
2967 1739 3314 1809 coinquinant
3372 1741 3543 1795 hami-

1901 1829 1921 1878 ξ
1953 1841 2071 1881 nem
2117 1828 2181 1884 ³⁷.

2023 1920 2109 1974 77.
2139 1920 2253 1977 Hac
2289 1921 2475 1992 itaque
2523 1921 2740 1978 ratione
2771 1929 2956 1993 potest
2981 1921 3163 1976 anima
3210 1937 3307 1991 per
3354 1921 3542 1976 Domi-

1951 2026 2082 2066 num
2139 2013 2376 2068 retinere
2399 2029 2553 2068 suam
2584 2012 2762 2083 Ipsius
2813 2021 3186 2082 venustatem,
3219 2015 3540 2085 pulchrituL

1953 2104 2138 2159 dinem
2188 2115 2246 2160 et
2293 2104 2703 2174 rectitudinem,
2765 2106 2909 2162 sicut
2953 2106 3109 2162 initio
3137 2116 3318 2162 creata
3345 2116 3429 2163 cst
3475 2109 3542 2162 ad

1950 2195 2369 2252 similitudinem
2393 2197 2509 2264 Dei,
2548 2198 2709 2254 valde
2748 2198 3000 2269 speciosa
3031 2207 3087 2253 et
3117 2209 3293 2264 recta,
3326 2208 3390 2255 ut
3451 2200 3543 2255 in-

1951 2289 2070 2359 quit
2101 2304 2330 2360 magnus
2365 2287 2581 2344 Domini
2610 2306 2804 2346 servus
2823 2290 3119 2358 Antonius,
3153 2291 3372 2357 animae,
3419 2308 3544 2362 quae

1952 2383 2254 2438 secundum
2276 2390 2525 2437 naturam
2568 2385 2794 2456 regitur,
2825 2384 2909 2440 vis
2965 2373 3298 2440 lntellectiva
3326 2395 3542 2441 constat

1953 2473 2176 2529 virtute.
2205 2474 2274 2529 Et
2296 2474 2496 2530 iterum
2519 2474 2678 2543 dixit,
2709 2462 2936 2531 Rectam
2973 2487 3096 2533 esse
3121 2477 3383 2545 animam,
3439 2479 3543 2533 hoc

1950 2574 2058 2629 est,
2095 2565 2269 2636 ipsam
2312 2567 2516 2622 habere
2547 2566 2865 2624 facultatem
2916 2567 3308 2624 intellectivam
3332 2561 3545 2625 natura;

1953 2667 2400 2726 consentaneam,
2435 2660 2513 2714 uti
2536 2669 2714 2715 creata
2749 2671 2854 2717 est.
2882 2661 2950 2716 Et
2993 2663 3202 2728 statim,
3244 2663 3436 2732 paucis
3459 2664 3544 2717 in-

1953 2751 2230 2820 terjectis,‘
2267 2752 2343 2806 ait
2380 2769 2393 2805 :
2431 2753 2666 2824 Purgato
2736 2752 2909 2807 simus
2970 2754 3173 2808 animo.
3231 2754 3346 2825 Ego
3394 2754 3541 2808 enim

1955 2844 2120 2898 credo
2150 2839 2408 2910 animam,
2447 2859 2775 2915 quacunque
2805 2853 2960 2914 parte
2999 2853 3305 2916 purgatam,
3342 2852 3398 2899 et
3439 2860 3542 2897 na-

1958 2937 2078 2986 tura
2109 2947 2209 2987 sua
2250 2943 2820 3004 constantem,posse,
2852 2934 3226 3004 perspicacem
3262 2935 3536 2996 etl‘ectam,

1957 3025 2166 3079 acutius
2193 3033 2250 3078 et
2269 3025 2566 3080 remotiora
2587 3026 2795 3091 videre,
2824 3041 2984 3094 quam
3003 3024 3216 3095 possint
3241 3025 3537 3090 dzemones,

1883 3145 1928 3206 α
1959 3113 2159 3206 quippe
2189 3130 2312 3206 qum
2341 3115 2632 3206 Dominum
2663 3115 2766 3170 sibi
2803 3115 3139 3170 revelantem
3168 3114 3386 3206 habeat,
3408 3115 3537 3170 Hmc

1959 3204 2095 3260 dicit
2123 3205 2356 3276 inclytus
2375 3204 2671 3272 Antonius,
2708 3214 2934 3262 auctore
2961 3205 3267 3261 Athanasio
3315 3221 3538 3277 magno,
3609 3255 3618 3262 .

1957 3293 2014 3350 in
2037 3295 2162 3352 Vita
2195 3295 2442 3351 Antonii.

2030 3385 2117 3446 78.
2151 3385 2372 3450 Quaeris
2400 3386 2658 3456 cogitatio
2683 3393 2768 3441 est
2789 3385 3108 3457 imaginatio
3130 3401 3254 3456 quae
3279 3385 3457 3441 oritur
3487 3387 3540 3441 in

1957 3485 2140 3532 mente
2169 3492 2234 3532 ex
2270 3479 2622 3548 perceptione
2676 3479 2936 3534 sensitiva
2960 3479 3038 3533 rei
3060 3480 3366 3549 cujusdam.
3401 3479 3540 3535 Cum

1956 3565 2108 3620 enim
2130 3565 2385 3636 Assyrius
2408 3567 2478 3623 sit
2495 3569 2739 3638 spiritus,
2772 3585 2885 3624 non
2933 3578 3118 3640 potest
3137 3570 3299 3624 aliter
3323 3571 3538 3640 fallere,

1955 3672 2118 3726 quam
2143 3658 2191 3712 si
2227 3667 2414 3713 utatur
2438 3661 2505 3716 iis
2525 3675 2648 3730 qua;
2680 3671 2812 3716 sunt
2838 3661 3046 3717 nostris
3062 3661 3316 3718 sensibus
3345 3672 3403 3718 et
3421 3680 3543 3722 mo-

1958 3749 2110 3805 ribus
2135 3750 2440 3806 familiaria.

1955 3887 1962 3893 .
2031 3843 2117 3898 79.
2152 3843 2361 3907 Utnos.
2381 3845 2473 3914 qui
2503 3860 2694 3901 sumus
2727 3845 2998 3912 homines,
3022 3861 3227 3906 avtss'm
3252 3861 3380 3902 acre
3441 3865 3542 3902 vo-

1958 3934 2136 3991 lantes
2161 3937 2374 4007 assequi
2410 3952 2520 3992 non
2579 3953 2892 4008 possumus,
2923 3949 3038 4004 aut,
3078 3939 3542 4009 quemadmodum

1957 4027 2082 4096 illae,
2115 4044 2334 4085 sursum
2364 4030 2570 4094 volare,
2605 4046 2732 4086 cum
2767 4031 2908 4086 hanc
2941 4031 3050 4085 vim
3113 4040 3305 4086 natura
3353 4043 3542 4088 nostra

1957 4138 2069 4178 non
2124 4123 2374 4180 habeat:
2435 4125 2508 4179 ita
2583 4125 2703 4180 sine
2762 4124 3033 4195 frequenti
3063 4133 3120 4179 et
3168 4126 3545 4195 temperantiae

1960 4214 2120 4284 plena
2147 4213 2415 4278 oratione,
2440 4223 2536 4270 aut
2564 4215 2877 4272 vehementi
2923 4216 3208 4271 oculorum
3235 4217 3438 4272 mentis
3488 4219 3545 4272 in

1960 4306 2131 4362 Deum
2171 4308 2496 4373 intentione,
2553 4323 2663 4364 non
2695 4317 2850 4378 potes
2906 4308 3162 4363 fortuitas
3187 4308 3546 4379 cogitationes

1960 4399 2260 4456 diabolicae
2290 4416 2550 4471 superare
2579 4421 2593 4457 :
2634 4401 2720 4456 sin
2762 4402 2969 4465 minus,
2998 4409 3204 4457 terram
3237 4400 3421 4456 feries.

343 4500 420 4550 π’.
455 4492 758 4564 Είάληθῶς
794 4492 907 4565 ἄρα
954 4489 1275 4561 περιϐαλεῖν
1314 4488 1547 4562 αἰσχύνῃ
1589 4488 1721 4554 τοὺς
1771 4488 1850 4542 λο-

2035 4491 2125 4547 80.
2159 4491 2408 4547 Profecto
2430 4492 2478 4547 si
2505 4507 2634 4549 vere
2665 4492 2822 4563 cupis
2859 4493 3082 4564 cingere
3110 4491 3323 4562 pudore
3387 4491 3540 4562 cogi-

268 4585 507 4656 γισμούς
535 4583 733 4652 θέλεις,
769 4583 862 4640 καὶ
896 4582 1192 4655 ἡσυχάζειν
1239 4580 1507 4654 εὐμενῶς,
1538 4581 1634 4636 καὶ
1663 4580 1858 4652 νήφειν

268 4679 339 4748 τῇ
369 4675 572 4747 καρδίᾳ
627 4672 768 4746 μετὰ
824 4672 1100 4740 εὐκολίας,
1141 4670 1319 4744 Ἰησοῦ
1359 4670 1492 4742 εὐχὴ
1542 4669 1860 4740 κολληθήτω

275 4768 342 4836 σῇ
395 4767 558 4836 πνοῇ,
609 4763 706 4820 καὶ
759 4764 820 4819 ιν
869 4761 1081 4835 ὀλίγαις
1133 4763 1374 4834 ἡμέραις
1402 4760 1690 4831 γινόμενον
1739 4758 1858 4830 ὕψει

271 4875 451 4913 τουτο.
835 4909 838 4912 .
1843 4903 1846 4908 -

347 4949 460 5007 nd.
506 4949 594 5015 Ὠς
615 4949 726 5022 γὰρ
753 4948 813 5004 ὲν
841 4948 968 5021 ἀέρι
1003 4945 1311 5020 γράμματα
1340 4946 1402 5000 οὐ
1456 4946 1680 5001 δυνατὸν
1725 4962 1863 5017 γρα-

275 5043 447 5114 φῆναι
467 5058 480 5072 ·
521 5042 602 5096 δεῖ
625 5041 736 5114 γὰρ
761 5039 907 5097 αὐτὰ
931 5041 1012 5105 είς
1059 5058 1114 5094 τι
1147 5040 1309 5111 σῶμα
1343 5038 1670 5110 στήσασθαι,
1709 5037 1860 5100 ὅπως

275 5135 343 5190 ἂν
368 5135 568 5209 διαρκῆ
600 5133 912 5199 σώζωνταν
928 5132 1073 5188 οὕτω
1093 5148 1159 5202 γε
1180 5134 1248 5203 τῇ
1272 5132 1494 5203 κοπηρᾷ
1517 5129 1677 5201 νήψει
1703 5129 1862 5201 ἡμῶν

275 5229 344 5299 τῇ
371 5227 507 5299 εὐχῇ
547 5223 728 5298 Ἰησοῦ
763 5221 1006 5297 Χριστοῦ
1045 5223 1432 5295 κολληθῶμεν,
1468 5223 1552 5277 ἵνα
1579 5225 1610 5294 ἡ
1641 5222 1741 5293 τῆς
1766 5239 1866 5293 νη-

277 5319 607 5390 φαλιότητος
639 5317 929 5388 πάγκαλος
953 5315 1150 5389 ἀρετὴ,
1177 5315 1406 5388 διαρκὴς
1437 5317 1538 5370 σὺν
1567 5314 1720 5388 αὐτῷ
1747 5315 1864 5369 δια-

281 5409 446 5482 μένῃ,
504 5407 602 5464 καὶ
638 5407 705 5462 δι’
751 5407 915 5487 αὐτοῦ
956 5408 1089 5478 ἡμῖν
1160 5409 1242 5471 είς
1315 5405 1491 5460 αίῶνα
1541 5404 1867 5476 διατηρῆται

277 5502 666 5575 ἀναφαίρετος.

350 5594 468 5666 πβ’.
498 5596 737 5650 Κύλισον
783 5593 880 5648 ἐπὶ
910 5593 1114 5666 Κύριον
1147 5594 1217 5649 τὰ
1250 5592 1388 5665 ἔργα
1420 5608 1540 5658 σου,
1576 5590 1672 5645 καὶ
1695 5589 1862 5665 εὐρή-

357 5778 408 5814 ⁸⁸
431 5774 478 5835 ιι
507 5776 652 5833 Tim.
684 5791 748 5842 ιι,
768 5774 822 5832 6.
903 5775 945 5808 "
967 5772 1156 5830 Matth.
1179 5789 1271 5838 xv,
1298 5770 1385 5836 i9,
1413 5771 1506 5826 20.

1965 4580 2220 4645 tationes,
2253 4590 2309 4636 et
2338 4596 2434 4636 eas
2463 4581 2696 4654 benigne
2753 4596 3107 4654 componere,
3147 4590 3545 4653 temperantem

1965 4670 2128 4726 etiam
2150 4671 2394 4725 animum
2413 4670 2578 4726 facile
2623 4686 2964 4742 comparare,
3041 4672 3354 4742 deprecatio
3415 4671 3546 4727 Jesn

1963 4762 2242 4818 adhaareat
2268 4761 2554 4833 spirationi
2585 4772 2692 4818 tuae
2718 4772 2809 4819 :et
2847 4763 2951 4820 hoc
2986 4764 3132 4818 intra
3161 4778 3368 4834 paucos
3421 4763 3545 4820 dies

1967 4853 2084 4910 ﬁeri
2110 4855 2429 4926 perspicies.
2875 4850 2887 4856 ’

2034 4946 2126 5002 8i.
2157 4947 2228 5004 Ut
2248 4947 2395 5003 enim
2417 4948 2612 5005 litterae
2640 4949 2808 5006 scribi
2838 4959 3123 5022 nequeunt
3178 4949 3236 5004 in
3273 4964 3424 5014 aere,
3477 4963 3546 5003 eo

1965 5037 2113 5108 quod
2150 5036 2206 5091 in
2229 5051 2462 5108 corpore
2487 5039 2724 5109 quodam
2739 5053 2969 5095 necesse
2999 5039 3206 5095 habent
3247 5037 3548 5094 subsistere

1966 5138 2027 5184 ut
2047 5129 2322 5185 duraturae
2357 5137 2647 5186 serventur
2677 5145 2692 5182 :
2719 5130 2795 5184 ita
2847 5145 2948 5201 per
2983 5129 3309 5184 laboriosam
3331 5135 3546 5195 tempe~

1969 5222 2205 5278 rantiam
2235 5232 2481 5277 nostram
2505 5222 2808 5293 precationi
2837 5221 2969 5277 Jesu
3022 5219 3226 5275 Christi
3274 5218 3549 5273 inhaerea-

1967 5329 2092 5369 mus
2117 5332 2132 5370 :
2159 5324 2221 5369 ut
2243 5315 2502 5386 praclara
2519 5314 2693 5370 virtus
2715 5313 3093 5386 temperantia!
3115 5326 3242 5368 cum
3277 5309 3398 5380 ipso
3419 5325 3549 5380 per-

1967 5407 2130 5462 duret
2154 5415 2211 5461 et
2248 5415 2483 5472 maneat,
2517 5415 2574 5461 et
2593 5421 2694 5477 per
2736 5407 2916 5476 ipsum
2971 5403 3135 5462 nobis
3191 5409 3550 5458 conservetur

1969 5499 2023 5553 in
2047 5499 2265 5564 saecula,
2299 5499 2432 5554 ades
2470 5509 2531 5553 ut
2557 5498 2758 5554 auferri
2793 5515 2900 5554 non
2923 5496 3118 5569 possit.

2041 5589 2128 5646 82.
2167 5588 2330 5647 Versa
2387 5591 2442 5647 in
2497 5589 2788 5647 Dominum
2843 5606 3010 5662 opera
3062 5599 3178 5658 tua,
3206 5595 3263 5645 et
3301 5585 3550 5644 invenies
