3934 6402
363 443 499 508 1549

1507 446 1568 508 8.
1601 445 1926 507 LONGINI
1957 443 2452 510 MARTYRIUM.

3471 449 3607 513 1550

362 570 558 624 ρωσεν.
593 553 736 625 Πρὸς
761 553 968 618 τούτοις
999 557 1106 618 τοῖς
1129 548 1934 626 γράμμασι”συναποστέλλουσι

2051 557 2173 612 teris
2209 567 2263 612 et
2293 558 2554 628 pecunias
2583 557 2807 612 mittunt
2843 567 2898 612 ct
2923 556 3148 628 Longini
3185 567 3411 612 mortem
3440 559 3609 629 depo-

362 645 458 698 καὶ
487 646 763 715 χρήματα,
795 647 999 698 καὶτὸν
1021 647 1282 715 Λογγίνου
1313 647 1542 700 θάνατον
1572 647 1929 713 ἐξαιτοῦνται,

361 731 650 794 τάς.ἀκοάς
675 732 947 804 Καίσαρος
976 734 1418 804 ὕφαρπάσαντες.
1441 737 1556 790 καὶ
1585 737 1648 806 δὴ
1679 736 1934 807 βασιλικὰ

361 822 666 890 γράμματα
709 821 791 886 είς
831 823 928 893 τὴν
970 824 1228 879 Ἰουδαίαν
1267 825 1345 895 τῷ
1371 826 1592 898 Πιλάτῳ
1621 828 1934 898 κομίζονται

361 913 503 966 κατά
535 913 798 981 Λογγίνου
829 916 929 969 καὶ
955 917 1062 969 τῶν
1099 918 1196 972 σὺν
1232 918 1401 988 αὐτῷ,
1432 907 1507 982 ὡς
1536 920 1618 973 δτι
1646 921 1694 972 οἱ
1719 919 1792 972 ’τὰ
1824 920 1934 974 τῶν

360 1004 540 1057 ὅπλων
578 1006 979 1074 ἀμελήσαντες,
1008 1007 1151 1075 ξίφει
1196 1009 1294 1072 τὰς
1344 1009 1586 1078 κεφαλᾶς
1630 1009 1936 1063 ἀποθέσθαι

361 1095 864 1166 κελεύωμεν.”Οθεν
912 1091 1113 1169 σπουδῇ
1146 1100 1315 1169 πολλῇ
1348 1103 1458 1163 τοῖς
1490 1101 1600 1154 τῶν
1630 1101 1805 1169 φόνων
1831 1103 1935 1154 ὑπ-

296 1190 307 1196 ’
357 1184 587 1254 ηρέταις
614 1187 643 1238 ό
666 1185 894 1250 Ιῐιλάτος
912 1187 1225 1258 ἐγχειρίζει
1253 1189 1320 1241 τὰ
1346 1189 1650 1260 γράμματα
1677 1191 1770 1243 τοῦ
1797 1191 1937 1244 Καί-

365 1276 640 1344 σαρος.ὐί
667 1275 722 1329 δὲ
750 1277 914 1346 τάχος
947 1278 1253 1344 διαϐάντες,
1281 1281 1378 1349 τὴν
1413 1281 1520 1334 τῶν
1551 1282 1937 1336 Καππαδόκων

361 1366 468 1434 γῆν
505 1366 796 1433 φθάνουσιν
815 1383 832 1398 ⁸
864 1367 958 1420 καὶ
989 1368 1252 1438 μαθόντες
1292 1372 1350 1422 ὲν
1395 1371 1549 1441 ἀγρῷ
1581 1370 1820 1442 πατρῴῳ
1845 1371 1937 1424 τδν

363 1458 628 1525 Λογγῖνον
681 1457 1020 1526 φιλοσοφεῖν,
1069 1462 1164 1513 καὶ
1213 1459 1314 1530 τὴν
1356 1461 1583 1532 ἡσυχίαν
1629 1451 1934 1526 ἀσκεῖσθαι,

361 1550 584 1602 πάντων
615 1548 723 1601 τῶν
753 1549 1050 1602 πολιτικῶν
1089 1551 1433 1622 πραγμάτων
1475 1553 1669 1605 ἑαυτὸν
1695 1553 1939 1606 ἀπαλλάο

367 1638 554 1702 ξαντα.
597 1640 701 1692 Τὸν
741 1640 909 1709 ἀγρὸν
952 1641 1151 1694 αὐτίκα
1191 1643 1724 1710 καταλαμϐάνουσιν,
1760 1647 1938 1716 ἡσυχῇ

361 1728 427 1781 τὸ
461 1729 744 1796 ἐπίταγμα
771 1730 1007 1782 Πιλάτου
1047 1731 1140 1783 καὶ
1163 1731 1438 1802 Καίσαρος
1475 1733 1785 1786 ἐπιτελέσαι
1817 1732 1941 1802 βουο

360 1821 607 1888 ’λόμενοι,
631 1819 772 1871 ὥστε
802 1819 877 1890 μὴ
899 1821 978 1884 είς
1015 1821 1196 1890 φυγὴν
1213 1820 1314 1874 ’τὸν
1345 1818 1610 1890 λογγῖνον
1637 1822 1936 1892 τραπῆναι.

2034 663 2225 720 scunt,
2259 654 2479 723 suisque
2519 652 2808 708 calumniis
2856 666 3018 706 aures
3059 660 3391 721 occupantes
3428 652 3609 708 Ctesa-

2034 762 2174 813 reas,
2200 745 2543 816 imperatoria
2571 745 2825 799 mandata
2846 743 2898 798 in
2927 743 3172 798 Judmam
3201 752 3388 797 contra
3414 744 3613 815 Longi-

2035 854 2166 892 num
2188 837 2434 892 referunt
2460 837 2529 892 ad
2557 837 2821 901 Pilatum;
2851 837 3054 906 quibus
3082 836 3261 907 gladio
3307 837 3362 890 in
3393 853 3490 891 eos
3525 837 3615 906 ju-

2033 929 2266 983 bebatur
2307 928 2766 991 animadvertere,
2803 928 2892 998 qui
2946 927 3194 981 militiam
3221 928 3613 981 deseruissent.

2036 1017 2139 1073 Eas
2161 1018 2368 1072 litteras
2384 1019 2587 1072 Pilatus
2605 1019 2866 1073 continuo
2885 1018 3104 1073 tradidit
3119 1018 3372 1084 probatis
3384 1017 3616 1071 medium

2037 1124 2068 1163 a
2095 1125 2154 1164 se
2181 1111 2585 1180 designatarum
2615 1110 2882 1164 ministris
2922 1128 2934 1162 :
2975 1108 3078 1179 ipsi
3116 1124 3250 1164 vero
3291 1109 3617 1164 festinanter

2037 1200 2380 1255 discedentes
2429 1213 2796 1270 pervenerunt
2844 1200 2898 1254 in
2955 1199 3382 1271 Cappadociam,
3433 1200 3616 1269 ibique

2038 1291 2347 1346 didicerunt
2383 1291 2681 1362 Longinum
2716 1300 2944 1361 paterno
2973 1292 3028 1345 in
3061 1291 3615 1361 agrophilosophari,

2039 1391 2095 1437 et
2129 1364 2350 1436 urbanis
2395 1383 2626 1451 negotiis
2667 1383 2923 1452 curisque
2965 1383 3262 1447 abdicatis,
3302 1384 3488 1436 animo
3521 1399 3620 1452 per

2039 1473 2279 1544 quietem
2309 1474 2613 1528 exercendo
2651 1487 2860 1526 vacare.
2893 1473 3097 1542 Agrum
3142 1474 3322 1542 itaque
3364 1473 3620 1527 eumdem

2040 1564 2262 1629 adeunt,
2306 1551 2716 1632 decernuntque
2759 1563 2914 1616 Pilati
2950 1578 3013 1618 ac
3047 1562 3276 1617 Cazsaris
3317 1565 3622 1634 iussionem

2041 1668 2166 1707 cum
2212 1652 2429 1707 silentio
2459 1652 2703 1722 exsequi,
2742 1667 2812 1706 ne
2845 1652 2984 1706 forte
3022 1653 3074 1705 in
3108 1651 3291 1721 fugam
3325 1668 3624 1707 conversus

2045 1745 2340 1815 Longinus,
2390 1744 2644 1798 manibus
2683 1743 2798 1797 suis
2843 1742 3149 1812 eriperetur
3181 1761 3194 1796 :
3225 1743 3367 1796 unde
3422 1743 3623 1798 factum

2044 1842 2144 1898 est,
2170 1843 2231 1887 ut
2265 1833 2470 1887 nemini
2499 1833 2794 1902 quidquam
2833 1847 3023 1887 eorum
3057 1849 3177 1902 quae
3209 1833 3486 1887 habebant
3517 1849 3625 1903 prie

367 1909 532 1964 Ὅθεν
563 1911 776 1982 ἀθρόως
806 1911 1124 1980 ὑπέστησαν
1150 1910 1229 1982 τῷ
1256 1911 1434 1982 ἀνδρὶ,
1465 1899 1541 1976 ὡς
1565 1913 1651 1964 ἐπ’
1673 1913 1817 1982 ἄλλῳ
1838 1913 1944 1965 τινὶ

2051 1926 2295 1980 manibus
2318 1925 2580 1979 audentes
2597 1925 2952 1986 concredere,
2971 1925 3190 1994 ipsimet
3204 1924 3454 1996 Longino
3475 1926 3626 1980 velut

361 2001 676 2066 διαϐάντες,
715 2003 810 2055 καὶ
835 2002 994 2056 οὐδὲν
1019 2001 1197 2056 οὐδενὶ
1219 2003 1328 2057 τῶν
1359 2002 1499 2072 μετά
1535 1999 1726 2074 χεῖρας
1747 2003 1942 2056 ἀὐτῶν

362 2094 786 2164 ἐπιφερομένων
823 2094 1172 2167 ἐθάρρησανο
1203 2089 1339 2147 εἶτα
1364 2095 1700 2158 εἰσελθόντες
1739 2095 1833 2149 καὶ
1867 2095 1943 2165 τῷ

365 2182 1058 2254 Λογγίνῳ’περιτυχόντες,
1081 2183 1182 2237 οὐκ
1213 2185 1425 2249 ἐιδότες
1465 2185 1630 2240 αὑτὸν
1648 2182 1825 2253 -εῒναι,
1851 2185 1943 2239 τὸν

364 2273 552 2334 αὐτοῖς
572 2289 632 2325 τε
660 2277 755 2328 καὶ
775 2274 992 2346 Πιλάτῳ
1028 2273 1382 2346 ζητούμενον,
1412 2275 1669 2347 ἄρχονται
1695 2277 1942 2348 ἐρωτᾷν,

365 2361 471 2414 ποῦ
493 2365 522 2416 ὁ
549 2364 812 2431 Λογγῖνος
841 2366 948 2436 εἴη.

441 2460 516 2518 ς’.
556 2455 618 2509 '0
644 2456 703 2510 δὲ
732 2459 1039 2528 Μακάριος,
1068 2457 1166 2514 τοῦ
1202 2461 1346 2514 θείου
1381 2459 1700 2532 Πνεῦματος
1723 2447 1872 2530 αὐτῷ
1887 2459 1946 2512 τὸ

365 2551 552 2622 δρᾶμα
578 2548 1472 2620 προσδηλώσαντος,ἀκολουθείτε,
1497 2553 1682 2622 φησὶν,
1709 2552 1804 2605 καὶ
1819 2550 1945 2605 τοῦ·

362 2657 458 2694 τον
481 2639 842 2709 ὑποδείκνυμι
874 2639 1022 2710 ὑμῖν.
1042 2641 1174 2694 Τότε
1201 2641 1337 2712 πρὸς
1353 2630 1598 2696 ’ἐαυτὸνό
1633 2643 1788 2711 ἅγιος
1807 2643 1947 2710 Λογ-

363 2735 538 2801 γῖνος,
571 2734 648 2794 ὡς
679 2733 848 2797 εἰκὸς,
889 2733 1349 2804 εὐφραινόμενος,
1387 2735 1481 2788 καὶ
1510 2733 1604 2787 τοῦ
1648 2735 1946 2806 μαρτυρίου

365 2823 466 2892 τὴν
513 2821 705 2874 θυσίαν
735 2822 1184 2886 ὑποσπουδάζων,
1220 2823 1404 2892 ἔλεγεν
1437 2825 1558 2878 καθ’
1582 2827 1804 2879 ἑαυτόνο
1852 2827 1950 2891 Ὧς

364 2913 566 2980 ὡραῖοι
614 2917 668 2966 οὶ
703 2912 889 2978 πόδες
934 2911 1054 2966 τῶν
1094 2915 1634 2984 εὐαγγελιζομένων
1673 2917 1946 2987 εἰρήνην,

363 3003 500 3057 τῶν
515 3003 1052 3074 εὐαγγελιζομένων
1082 3006 1152 3059 τὰ
1179 3007 1389 3076 ἀγαθά.
1410 3008 1523 3062 Νῦν
1545 3009 1672 3073 τοὺς
1690 3009 1950 3081 οὐρανοὺς

367 3098 748 3167 ἀνεῳγμένους
783 3089 992 3168 ὕψομαί
1030 3100 1128 3168 (2),
1177 3100 1273 3153 νῦν
1321 3102 1596 3172 ἱστορήσω
1646 3103 1745 3174 τὴν
1795 3101 1950 3166 δόξαν

2042 2017 2197 2071 alteri
2227 2017 2648 2086 supervenerint
2678 2015 3063 2087 improvisi,ad
3091 2021 3328 2084 eumque
3360 2016 3626 2071 acceden-

2043 2115 2126 2162 tes
2153 2117 2207 2161 et
2242 2107 2572 2170 nescientes,
2610 2106 2786 2174 ipsum
2816 2123 2937 2162 esse
2963 2123 3126 2178 quem
3155 2108 3499 2177 quaerebant,
3537 2109 3623 2162 in—

2045 2208 2319 2271 tcrrogare
2359 2199 2653 2270 cmperint,
2681 2189 2771 2253 ubi
2802 2207 2946 2255 esset
2974 2197 3270 2272 Longinus.

2117 2464 2168 2517 6.
2209 2463 2305 2518 ille
2318 2466 2576 2518 vero'rem
2599 2465 2815 2517 omnem
2829 2462 2996 2517 divini
3017 2461 3506 2532 Spiritus'edoctus
3533 2464 3630 2517 ad-

2045 2557 2255 2610 monitu
2286 2575 2297 2610 :
2329 2557 2433 2622 Me,
2465 2556 2659 2625 inquit,
2691 2555 3002 2624 sequimini,
3041 2563 3096 2609 et
3139 2555 3318 2624 ipsum
3343 2557 3629 2612 ostendam

2046 2647 2217 2701 'V‘obis.
2238 2646 2510 2700 Nec’mora
2533 2667 2544 2700 :
2565 2647 2785 2700 domum
2815 2661 2910 2699 eos
2938 2661 3090 2700 suam
3115 2647 3355 2716 gaudens
3377 2647 3628 2711 deduxit,

2049 2752 2212 2807 seque
2235 2737 2297 2790 ad
2317 2737 2554 2808 martyrii
2574 2753 2670 2807 pro
2693 2737 2911 2790 Christo
2934 2736 3202 2790 subeundi
3218 2736 3543 2791 sacrificium
3565 2753 3631 2792 ex

2051 2837 2180 2885 tunc
2204 2847 2475 2900 apparans
2506 2830 2751 2885 studiose
2781 2850 2794 2885 :
2827 2829 2998 2895 Quam
3029 2830 3464 2901 speciosi,inquit
3490 2834 3633 2902 apud

2050 2938 2108 2978 se
2141 2923 2357 2989 tacitus,
2398 2926 2551 2992 pedes
2597 2925 3070 2995 evangelizantium
3111 2941 3327 2994 pacem.
3375 2927 3636 2998 evangeli-

2050 3015 2287 3067 zantium
2343 3015 2511 3067 bonaII
2541 3031 2554 3066 :
2588 3030 2737 3068 nunc
2789 3025 3006 3083 apertos
3054 3015 3185 3068 mihi
3236 3015 3405 3070 coelos
3452 3017 3635 3079 video,

2052 3121 2201 3160 nunc
2243 3103 2362 3158 Filii
2395 3106 2460 3159 ad
2489 3107 2764 3160 dexteram
2797 3104 2974 3160 Patris
3009 3106 3349 3175 contemplor
3386 3107 3634 3178 gloriam,

367 3185 488 3256 ιτοῦ
525 3185 874 3257 μονογενοῦς]
905 3203 1000 3239 του
1031 3187 1244 3257 Πατρός
1267 3227 1280 3251 ,
1312 3187 1407 3240 νῦν
1435 3188 1539 3257 τῆς
1565 3189 1944 3259 ίάνεκφράστου

2054 3214 2200 3253 nunc
2246 3193 2574 3252 ineffabilem
2629 3198 2799 3268 ipsius
2848 3195 3021 3252 Patris
3061 3207 3117 3252 et
3175 3198 3349 3252 sancti
3400 3197 3638 3268 Spiritus

363 3279 657 3348 ἀστραπῆς
685 3278 948 3348 θεωρήσω
981 3279 1076 3332 τοῦ
1106 3281 1318 3350 Πατρός
1349 3269 1426 3352 ('5)
1449 3280 1564 3354 [τοῦ
1579 3270 1714 3335 Υἱοῦ
1741 3283 1833 3336 καὶ
1858 3282 1951 3336 τοῦ

365 3369 551 3441 ἁγίου]
601 3371 940 3441 Πνεύματος.
966 3373 1080 3427 Νῦν
1123 3373 1254 3442 ἐρῶ,
1284 3373 1455 3444 Κύριε
1504 3363 1676 3444 Ἰησοῦ
1715 3375 1941 3446 Χριστὲ,

364 3463 517 3528 δέξαι
563 3463 622 3514 τὸ
659 3463 881 3530 πνεῦμά
927 3481 1051 3534 μου,
1081 3464 1334 3536 καθάπερ
1365 3455 1639 3535 Στέφανος
1677 3470 1704 3522 ό
1736 3467 1951 3538 πρῶτος

364 3554 479 3606 τῶν
501 3555 832 3627 Μαρτὺρων,
858 3549 920 3609 οὗ
952 3557 1344 3627 λαμπροτάτην
1364 3559 1550 3628 φωνὴν
1571 3560 1822 3628 ἀφιέντος
1848 3557 1947 3631 (4),

365 3647 600 3717 ἀκήκοα.
645 3648 758 3700 Νῦν
790 3648 1284 3721 Ίερουσαλὴμ,τὴν
1311 3651 1597 3720 ἀνωτάτην
1635 3651 1948 3722 χρυσόπυρ-

366 3753 486 3804 γον,
506 3736 604 3808 τὴν
631 3738 801 3808 αὐτὴν
831 3738 932 3810 μὲν
959 3741 1191 3811 πατρίδα
1215 3740 1326 3793 τῶν
1350 3729 1834 3810 ἀγγέλωνβλουῗδὲ
1853 3743 1948 3796 τοῦ

366 3829 482 3881 τῶν
509 3830 680 3898 ἁγίων
725 3833 888 3903 χοροῦ
937 3833 1298 3904 μητρόπολιν,
1335 3835 1473 3904 μετὰ
1509 3835 1741 3906 κρότων,
1773 3837 1947 3888 ἐπινι-

365 3922 508 3974 κίων
537 3924 630 3976 καὶ
658 3923 955 3993 βασιλικῶν
988 3927 1266 3996 τροπαίων
1289 3927 1647 3998 ἐπιϐήσομαι.
1667 3927 1781 3981 Νῦν
1811 3929 1950 3981 ἀπο-

367 4012 566 4082 δύομαι
603 4016 696 4067 τὸν
723 4017 944 4087 πήλινον
968 4019 1192 4088 χιτῶνα,
1212 4020 1302 4073 καὶ
1329 4020 1455 4082 τοὺς
1485 4020 1948 4085 πολυστενάκτους

367 4109 608 4178 δεσμοὺς
649 4111 753 4179 τῆς
798 4110 1000 4182 σαρκὸς
1043 4111 1368 4181 ἀποτίθημι,
1408 4113 1502 4164 καὶ
1533 4111 1948 4181 ἀπαλλάττομαι

369 4201 610 4272 φθορᾶς
645 4203 783 4272 πρὸς
806 4203 1119 4274 ἀφθαρσίαν
1154 4204 1260 4274 γάρ
1285 4204 1537 4274 ἕλκομαι,
1569 4204 1665 4258 καὶ
1706 4205 1948 4275 ἀπέρχο-

369 4309 476 4362 μαι
504 4294 597 4346 ἐπὶ
625 4293 716 4346 τὸν
743 4293 940 4363 λιμένα
959 4297 1165 4348 ἐκεῖνον
1194 4297 1292 4365 τῆς
1323 4294 1487 4364 ζωῆς,
1512 4294 1640 4348 ἔνθα
1659 4293 1948 4349 κατοικοῦ-

373 4401 461 4436 σιν
486 4385 534 4436 oi
564 4384 728 4452 ἅγιοι.
762 4385 1065 4454 Εὐφραίνου
1095 4385 1298 4446 τοίνυν,
1328 4385 1495 4454 ψυχὴ,
1546 4385 1682 4455 πρὸς
1721 4386 1814 4438 τὸν
1856 4385 1948 4438 σὺν

375 4477 611 4547 Ποιητὴν
648 4477 744 4531 καὶ⁹
772 4476 1050 4548 Δεσπότην
1084 4476 1470 4547 ἀπερχομένη·
1511 4476 1684 4541 δεῖξον
1724 4461 1946 4544 φαιδρὸν

2062 3288 2403 3357 Splendorcm
2453 3288 2692 3352 intueor,
2748 3303 2897 3343 nunc
2951 3286 3170 3342 dicam:
3207 3286 3432 3342 Demine
3482 3286 3635 3348 'Jesu,

2059 3379 2275 3448 suscipe
2330 3379 2580 3448 spiritum
2634 3393 2847 3442 meum;
2899 3375 3366 3446 quemadmodum
3433 3377 3639 3448 primus

2059 3475 2358 3538 martyrum
2394 3468 2709 3536 Stephanus
2737 3467 2828 3533 (ε’),
2862 3466 3019 3533 cujus
3050 3465 3301 3519 abeuntis
3329 3481 3360 3520 e
3389 3466 3493 3520 vita
3521 3469 3638 3537 pul-

2057 3555 2383 3614 eherrimam
2415 3572 2603 3611 vocem
2624 3557 2816 3610 audire
2846 3555 3037 3608 merui.
3075 3553 3194 3609 Jam
3229 3559 3521 3625 sopor-nam
3545 3557 3639 3612 Je-

2057 3652 2290 3706 rusalem
2330 3649 2512 3704 aureis
2555 3649 2874 3702 instructam
2907 3647 3165 3709 turribus,
3196 3648 3511 3716 angelorum
3545 3665 3638 3718 pa-

2057 3744 2251 3808 triam,
2290 3751 2601 3798 sanctorum
2645 3739 2890 3794 omnium
2933 3739 3273 3808 metropolim
3319 3740 3638 3810 spatiosam,

2055 3853 2180 3892 cum
2220 3836 2504 3908 plausibus
2525 3875 2540 3898 ,
2565 3833 2835 3904 epinieiis,
2853 3831 3145 3902 regiisque
3173 3831 3429 3900 tropha'is
3455 3830 3637 3901 ingre-

2054 3928 2193 3982 diar.
2224 3925 2341 3980 Jam
2375 3926 2616 3981 tunicam
2659 3925 2801 3978 hanc
2838 3928 3112 3977 terrenam
3148 3928 3434 3977 exuens‘et
3459 3923 3639 3978 carnis

2054 4020 2268 4074 vincula
2298 4019 2566 4073 laboriosa
2590 4018 2889 4086 deponens,
2922 4032 2952 4070 a
2995 4015 3340 4070 mortalitatis
3370 4016 3640 4071 subducar

2053 4109 2440 4180 corruptione,
2478 4108 2878 4176 subvectusque
2924 4107 2993 4161 ad
3047 4107 3474 4161 immortalitatis
3517 4108 3639 4162 feli-

2053 4202 2573 4258 cissimum'statum
2615 4200 2670 4253 in
2718 4207 2933 4268 portum
2983 4199 3199 4252 veniam
3225 4197 3348 4254 vitze
3393 4201 3635 4262 internae,

2052 4295 2214 4362 quam
2245 4289 2404 4343 simul
2435 4303 2626 4343 omnes
2662 4287 2833 4344 sancti
2872 4288 3197 4342 inhabitant.
3225 4288 3446 4343 Exsulta
3477 4289 3643 4360 igitur

2051 4381 2108 4436 et
2137 4382 2339 4444 laetare,
2370 4397 2404 4435 o
2431 4380 2632 4444 anima,
2659 4379 2722 4432 ad
2755 4377 3106 4433 Conditorem
3149 4386 3304 4431 tuum
3351 4387 3405 4432 et
3453 4379 3642 4431 Domi-

2052 4461 2527 4527 num'transitura
2574 4487 2587 4523 :
2633 4481 2881 4524 serenam
2920 4466 3112 4522 faciem
3164 4468 3267 4521 hac
3309 4473 3417 4521 tam
3459 4476 3641 4538 optata

369 4570 432 4622 τὸ
470 4570 759 4637 πρόσωπον
789 4566 981 4638 καιροῦ
1024 4567 1336 4630 καλοῦντος,
1370 4567 1462 4620 καὶ
1497 4566 1623 4630 τοὺς
1655 4564 1944 4635 προξένους

2052 4562 2341 4619 occasione
2385 4562 2615 4625 exhibe,
2665 4568 3047 4627 tantorumque
3086 4559 3181 4613 tibi
3221 4559 3421 4616 latores
3464 4563 3640 4618 bono.

373 4677 471 4714 σου
537 4661 646 4714 τῶν
694 4659 964 4714 τοσούτων
1012 4660 1232 4726 ἀγαθῶν
1271 4659 1609 4730 φιλοφρόνως
1637 4647 1946 4726 ¹ξενίσωμεν

371 4752 678 4822 χαίροντες,
721 4751 819 4804 καὶ
863 4749 1130 4819 πολυτελῆ
1182 4750 1593 4821 παραθήσωμεν
1637 4750 1942 4821 τράπεζαν,

367 4848 484 4908 τοῖς
514 4845 606 4897 ἐπὶ
635 4843 695 4897 τὸ
725 4843 1127 4914 δεῖπνονήμῶν
1160 4842 1386 4895 καλοῦσι
1417 4842 1714 4913 βασιλικόν.

443 4934 510 4999 ζ’.
550 4933 738 4988 Ταῦτα
762 4935 900 5006 πρὸς
929 4932 1120 4987 ἑαυτὸν
1139 4936 1181 4986 -ό
1205 4932 1677 5001 Λογγῖνοςοείπὼν,
1696 4933 1952 4996 τοῦς”ἔπ’

369 5026 535 5080 αὑτὸν
564 5025 819 5088 ἐλθόντας
851 5026 933 5090 είς
975 5025 1064 5078 τὸν
1105 5025 1234 5078 ἴδιον
1275 5020 1424 5078 οἶκον
1477 5024 1818 5094 παρέλαϐεν,
1853 5024 1950 5077 καὶ

374 5117 588 5182 ξενίσας
612 5116 902 5188 λαμπρῶς,
937 5116 1032 5170 καὶ
1063 5115 1342 5188 προσώπῳ
1367 5114 1706 5185 φαιδρῷλκαὶ
1733 5101 1949 5183 ⁴σφόδρα.

371 5211 666 5280 περιχαρεῖ
708 5207 1012 5278 συμφαγὼν
1057 5209 1155 5260 σὺν
1195 5207 1380 5270 αὐτοῖς
1417 5207 1496 5268 είς
1525 5207 1595 5275 ἢν
1635 5205 1948 5276 παρέθηκεν

443 5387 466 5417 ¹
505 5385 607 5441 lsa.
631 5399 734 5451 ιιι,
766 5383 796 5436 7
824 5383 1024 5450 ;-Ιὶοηι.
1057 5399 1087 5436 x
1109 5424 1123 5447 ,
1156 5382 1241 5435 i5.

2055 4659 2173 4711 rum
2208 4654 2455 4708 hilariter
2483 4661 2647 4722 atque
2676 4651 3020 4728 hospitaliter
3047 4651 3219 4717 habe;
3261 4653 3401 4706 bene
3431 4654 3640 4708 instru-

2051 4751 2194 4801 etam
2241 4759 2482 4799 mensam
2523 4747 2806 4812 apponens
2831 4741 2932 4805 ‘lis,
2962 4740 3055 4809 qui
3095 4740 3162 4794 ad
3197 4749 3409 4796 orenam
3439 4739 3650 4814 regiam'

2054 4845 2106 4892 te
2134 4834 2413 4890 invitaturi
2442 4834 2807 4888 advenerunt.
3650 4829 3654 4834 ’

2126 4927 2178 4978 7.
2220 4923 2350 4978 Haec
2387 4923 2528 4977 intra
2568 4935 2628 4975 se
2671 4921 2886 4974 locutus
2918 4918 3197 4990 Lenginus
3235 4918 3508 4973 immissos
3537 4913 3637 4974 Sibi

2056 5018 2284 5072 sicarios
2313 5017 2368 5070 in
2402 5017 2622 5070 domum
2653 5028 2806 5068 suam
2843 5011 3089 5081 excepit,
3121 5018 3177 5065 et
3216 5007 3496 5080 splendide
3529 5019 3639 5062 ‘cos

2055 5120 2317 5172 tractans,
2351 5109 2508 5163 vultu
2551 5107 2676 5162 laeto
2722 5113 2778 5160 et
2817 5118 3027 5174 magna:
3054 5100 3410 5171 iucunditatis
3439 5099 3637 5153 indicia

2055 5203 2400 5274 praeferente,
2436 5199 2502 5255 ad
2527 5197 2774 5254 eamdem
2818 5211 2942 5251 cum
2995 5193 3131 5264 ipsis
3179 5192 3434 5248 accubuit
3477 5204 3635 5246 men-

1879 5462 2115 5519 NOTAE.

444 5564 521 5636 (2)
562 5563 668 5636 Per
700 5562 959 5636 futurum
979 5561 1174 5636 melius
1220 5573 1384 5629 quam
1421 5571 1518 5627 per
1552 5569 1794 5626 praesens
1833 5555 1953 5609 haec

373 5633 568 5692 Latine
599 5634 830 5687 fuissent
870 5633 1108 5686 reddita.-

467 5704 519 5765 5)
561 5697 727 5758 Plano
753 5703 934 5756 sensui
972 5703 1086 5754 lucc
1119 5709 1215 5754 aut
1238 5696 1436 5753 similia
1469 5695 1665 5751 deesse
1692 5691 1877 5748 credo.

471 5774 520 5840 ι)
564 5773 785 5845 Videtur
813 5773 1083 5845 interpres
1107 5769 1299 5845 legisse
1325 5765 1577 5845 ἀφιόντος
1595 5782 1611 5796 ο
1635 5765 1700 5818 ad
1725 5765 1950 5845 verbum

367 5835 554 5898 autem
593 5844 669 5897 sic
699 5841 832 5895 verti
868 5835 1043 5910 potest
1075 5857 1090 5892 ι
1129 5835 1351 5904 (Quem
1380 5835 1563 5890 audivi
1601 5835 1954 5914 prteclarissi—

2051 5569 2196 5608 mam
2228 5555 2502 5616 emittere,
2537 5553 2619 5607 uel
2645 5553 2895 5608 emisisse
2922 5568 3135 5610 vocem.
3164 5573 3183 5606 ι

2121 5624 2192 5692 (e)
2237 5623 2461 5677 Passum
2489 5635 2613 5678 esse
2639 5632 2887 5677 sanctum
2921 5625 3262 5693 Stephanum
3305 5631 3432 5692 post
3475 5625 3636 5692 septi-

2005 5689 2010 5691 ’
2052 5689 2202 5748 mum
2239 5693 2458 5748 circiter
2501 5708 2531 5746 a
2577 5693 2814 5762 Spiritus
2856 5689 3038 5762 sancti
3077 5689 3320 5749 adventu
3364 5689 3635 5762 mensem,

2053 5762 2390 5883 εοιιίιίἷηιίυε
2415 5763 2482 5816 ad
2511 5771 2824 5828 sanctorum
2852 5761 3073 5820 Patrum
3100 5777 3430 5819 consensum
3451 5764 3636 5817 existi-

2054 5842 2165 5883 mat
2240 5847 2484 5883 aI‘OIIIUS.
3243 5877 3246 5880 .
3395 5874 3401 5879 .
3459 5873 3466 5878 .

2054 5842 2165 5887 mat
2193 5842 2484 5886 liarontus.
