1967 3204
167 194 243 227 ηδῡι

775 193 957 224 HESYCHII
977 193 1213 227 PRESBYTERI

1731 194 1788 229 1552

176 255 234 276 nam
251 258 257 275 :
273 249 397 283 factaque
412 255 490 275 coena
510 248 677 283 interrogare
697 255 744 275 eos
757 256 899 284 aggressus
912 252 963 280 est,

1025 251 1165 284 τράπεζαν,
1181 252 1288 288 ἐρωτᾷν
1306 251 1375 287 μετὰ
1392 250 1424 278 τὸ
1436 251 1544 278 δεῖπνον
1559 251 1693 286 ἄρχεταιό
1705 252 1791 288 Λογγῖ-

176 294 239 329 quid
263 295 296 322 iis
321 302 391 330 opus
419 298 501 322 esset.
523 294 561 320 Illi
585 301 650 321 vero
672 294 856 328 iuramentum
877 294 911 321 ab
936 301 969 321 eo

176 340 326 375 exigentes,
341 339 413 374 quod
435 347 525 374 neque
549 346 643 366 eorum
659 339 783 375 vulgaret
802 347 968 370 sermonem,

177 395 267 422 neque
287 387 476 414 concreditum
497 386 548 413 sibi
571 390 707 413 secretum
733 387 860 419 nudaret.
875 386 971 414 dicunt

176 431 212 465 ei,
230 432 302 466 quod
324 431 415 459 C:esar
437 430 580 465 scripserit
601 431 634 458 ad
658 430 785 463 Pilatum,
801 436 830 458 ut
848 431 971 466 Longino

177 485 239 504 cum
259 477 320 504 aliis
332 477 439 504 duobus
452 476 584 503 militibus
597 480 680 511 caput
695 477 875 504 auferendum
889 485 970 504 cura-

177 527 229 550 ret.
244 523 350 555 Quibus
370 522 432 549 ille:
446 522 530 557 Ecqui
543 526 634 549 autern
650 527 715 550 sunt
728 523 782 550 duo
797 524 841 550 isti
855 523 970 559 Longini

177 568 263 596 socii?
280 568 438 602 intelligens
450 571 541 594 autem
557 575 605 595 eos
620 575 692 601 esse,
705 569 752 603 qui
768 568 888 596 Judaicaa
896 577 971 596 mer-

177 613 235 641 cedi
253 612 392 640 Christum
408 612 636 647 praehabuerant,
656 613 766 647 scripsit
786 613 820 641 ad
843 621 891 641 eos
910 614 971 641 dili-

177 658 345 694 gentissime,
361 663 389 686 ut
404 659 606 693 quamprimum
629 659 662 685 ad
685 666 714 686 se
731 659 867 691 venirent,
885 658 971 686 maxi-

177 711 285 732 morum
307 703 391 730 futuri
406 704 540 731 bonorqu
557 703 715 738 participes.
732 703 798 731 Dein
819 710 872 730 una
891 708 972 738 atque

178 748 262 775 altera
287 747 332 774 die
359 747 481 781 hospites
506 755 571 775 suos
596 747 736 780 retinens,
758 748 838 775 tertia
860 747 972 775 domum

178 794 239 821 illos
254 793 349 822 eduxit
363 793 390 820 in
408 800 502 828 agrum
516 813 524 825 ,
544 793 605 821 istic
619 793 765 828 opperiens
781 793 870 821 socios
882 801 973 821 accer-

178 837 256 870 sitos,
268 845 338 872 quos
351 837 396 864 ubi
414 837 623 872 propinquiores
639 837 725 864 factos
734 837 869 872 cognovit.
887 844 972 872 expo-

177 883 232 910 suit
245 883 334 918 ipsum
346 891 375 910 se
388 890 448 910 esse
465 882 629 918 Longinum,
640 890 720 917 quem
733 886 897 917 quaererent.

210 981 241 1008 8.
262 971 315 1015 ipsi
334 987 399 1007 vero
422 980 540 1015 primum
565 978 647 1006 dictis
669 978 730 1013 ejus
746 976 826 1005 (idem
842 976 974 1004 adhibere

178 1027 344 1054 recusabant
361 1036 368 1052 :
383 1025 508 1061 persuasi
520 1024 618 1052 deinde
631 1031 696 1052 vera
714 1023 800 1058 loqui,
816 1030 881 1050 suos
891 1022 974 1050 velle-

178 1072 244 1099 bant
254 1071 377 1106 capillos,
391 1075 418 1099 et
428 1070 597 1098 miserandas
610 1069 643 1097 ad
658 1069 746 1105 ipsum
763 1075 844 1096 voces
855 1067 974 1095 edebant

177 1119 302 1146 dicentes
317 1127 323 1145 :
340 1118 376 1146 Ut
390 1118 454 1154 quid
472 1118 512 1145 sic
530 1125 611 1153 agere
626 1116 745 1149 voluisti,
761 1115 867 1143 amice?
884 1114 974 1147 Quare

180 1166 206 1192 in
221 1169 294 1192 tuam
309 1164 452 1192 venientes
468 1171 565 1191 necem
578 1163 613 1191 ad
628 1161 833 1190 tuaminvitasti
844 1160 974 1188 domum?

179 1212 234 1238 Cur
243 1211 344 1238 caedem
357 1210 546 1238 machinantes
558 1214 631 1236 tuam
644 1216 739 1235 mensa
749 1212 776 1234 et
790 1207 915 1234 convivio
927 1214 974 1233 ex-

180 1257 286 1292 cepisti,
303 1265 356 1284 non
376 1261 479 1283 tantum
497 1255 615 1285 una.sed
629 1255 712 1281 altera
726 1262 834 1289 quoque
851 1258 878 1279 et
896 1253 973 1280 tertia

179 1303 239 1330 die?
260 1302 300 1329 An
327 1302 396 1329 forte
414 1310 468 1329 non
488 1301 598 1327 videbas
617 1301 710 1327 vinum
726 1305 802 1327 tuum
822 1304 877 1332 tuo,
893 1306 973 1333 quem

178 1349 376 1383 qumrcbamus,
394 1347 564 1374 miscendum
592 1346 742 1381 sangttine?
768 1346 848 1373 Nunc
879 1350 971 1372 autem

178 1394 243 1429 quid
261 1394 405 1421 dicemus?
425 1398 472 1421 aut
497 1393 561 1427 quid
579 1393 710 1428 agenuts?
729 1393 751 1419 si
775 1392 839 1427 quid
864 1392 891 1418 in
916 1399 972 1418 rem

179 1446 253 1467 tuam
270 1440 413 1466 consulere
433 1446 588 1474 possumus,
605 1438 648 1464 abi
665 1438 690 1464 in
706 1445 786 1472 pace,
802 1437 973 1471 hospitalita-

179 1488 213 1513 tis
239 1486 391 1513 merccdcm
419 1485 542 1511 referens
566 1483 754 1510 remissionem
779 1482 890 1513 mortis,
907 1482 974 1508 alias

179 1533 227 1559 tibi
243 1541 255 1559 τι
273 1531 351 1558 nobis
372 1531 523 1557 inferendzc
540 1539 546 1557 ς
560 1537 648 1564 neque
666 1529 738 1556 enim
755 1528 873 1563 gladium
890 1527 974 1554 aude-

1019 305 1074 329 vo;,
1090 297 1117 323 τί
1140 297 1296 333 χρῄζουσιν.
1314 298 1345 324 Οῑ
1362 297 1390 324 δὲ
1408 298 1508 333 ὅρκους
1533 297 1599 333 παρ’
1614 296 1693 323 αὑτοῦ
1708 299 1791 325 ἀποτί-

1019 351 1127 375 σαντες,
1142 343 1240 378 ὅτιπερ
1261 342 1351 371 αὐτῶν
1365 344 1396 370 οὺ
1408 343 1567 378 δημοσιεύει
1581 342 1627 370 τὸν
1641 342 1724 378 λόγον,
1741 345 1791 371 οἰδὲ

1019 389 1119 423 γυμνοῖ
1131 388 1162 415 τὸ
1172 388 1308 424 θυῤῥηθὶν
1324 390 1485 424 μυστήριον,
1496 389 1638 423 λέγουσιν·
1654 390 1744 426 ὅτιπερ
1753 399 1794 424 γε·

1018 433 1162 469 γράφηκεν
1176 435 1189 460 ό
1205 434 1315 470 Καῖσαρ
1330 435 1400 470 προς
1415 435 1544 466 Πιλᾶτον,
1557 435 1601 461 ἵνα
1619 434 1664 461 τοῦ
1677 436 1795 470 Λογγίνου

1021 479 1082 514 μεθ’
1100 478 1201 515 ἑτέρων
1216 479 1263 506 δύο
1278 480 1455 516 στρατιωτῶν
1469 481 1519 516 τὴν
1533 481 1654 514 κεφαλὴν
1672 481 1796 517 ἀποτέμῃ.

1025 523 1055 550 '0
1077 523 1106 550 δὲ
1130 524 1207 558 ἅγιος
1224 524 1277 559 ἔφη
1289 532 1297 539 ·
1321 524 1375 551 Καὶ
1391 521 1465 551 οὗτοι
1484 524 1557 556 τίνες
1575 524 1630 551 εἷεν
1653 525 1677 551 οἱ
1698 525 1751 561 ἅμα
1763 527 1799 562 τῷ

1019 569 1167 605 Λογγίνῳς
1183 570 1230 596 καὶ
1247 569 1341 605 μαθὼν
1355 570 1394 602 ὡς
1409 570 1510 597 ἐκεῖνοί
1525 579 1556 598 τε
1571 568 1641 606 ἦσαν
1652 572 1677 598 οἱ
1687 573 1733 607 τῆς
1741 573 1800 601 Ἰου-

1019 615 1118 650 δαϊκῆς
1135 615 1283 651 μισαρχίας
1296 617 1343 642 τὸν
1357 616 1476 652 Χριστὴν
1488 617 1717 652 προτιμήσαντες,
1727 626 1801 645 σπου-

1020 662 1052 697 δῇ
1073 661 1155 697 πολλῇ
1177 662 1278 697 γράφει
1300 662 1368 697 πρὸς
1388 662 1498 695 αὐτοὺς,
1512 663 1541 689 τὸ
1555 663 1639 697 τάχῖς
1651 663 1726 697 ἣκειν
1743 663 1801 699 πρὸς

1021 706 1113 739 αὑτὸν,
1138 707 1251 741 ἀγαθῶν
1269 708 1398 742 μεγάλων
1421 708 1496 742 αὐτῷ
1517 709 1738 742 κοινωνήσοντας.
1755 710 1802 735 Καὶ

1021 752 1053 788 δὴ
1071 752 1176 787 ἡμέραν
1188 752 1261 779 οὕτω
1275 753 1340 788 μίαν
1357 753 1405 780 καὶ
1421 754 1551 789 δευτέραν
1565 753 1675 787 ξενίσας
1691 755 1803 787 αὐτοὺςό

1021 798 1154 832 Λογγῖνος
1182 798 1375 834 φιλοφρόνως,
1402 800 1436 834 τῇ
1467 799 1549 834 τρίτῃ
1577 799 1742 834 παραλαϐὼν
1769 802 1804 832 εἰς

1022 844 1105 880 ἀγρὸν
1122 844 1171 879 (5),
1190 845 1248 871 εκεῖ
1261 844 1325 876 τοὺς
1342 844 1407 881 παρ’
1423 844 1506 872 αὐτοῦ
1530 845 1746 880 μετασταλέντας
1763 847 1804 873 ἁν-

1025 890 1218 925 έμενεν.”Οθεν
1239 890 1323 925 ἐγγὺς
1337 887 1408 918 εἶναι
1424 890 1520 926 μαθὼν
1536 891 1705 926 ἀπαγγέλλει
1721 893 1804 925 αὐτοῖς

1025 936 1063 968 ὼς
1075 935 1155 967 αὐτὸς
1170 936 1213 971 εἴη
1225 936 1239 962 ό
1249 936 1393 970 Λογγῖνος,
1407 936 1421 963 ὁ
1438 936 1503 971 παρ’
1514 927 1604 963 αὗτῶν
1619 936 1789 971 ζητούμενος.

1060 984 1096 1017 η’.
1116 982 1148 1008 οι
1170 982 1200 1008 δὲ
1219 981 1354 1017 πρότερον
1371 982 1421 1016 μὲν
1437 982 1580 1016 ἠπίστουν,
1597 982 1668 1016 μετὰ
1689 983 1717 1009 δὶ
1737 983 1805 1010 τοῦτο

1025 1027 1197 1061 πεισθέντες,
1212 1027 1356 1063 ἐδάκρυον,
1371 1026 1506 1059 τίλλοντες
1519 1027 1569 1059 τὰς
1590 1027 1698 1054 ἑαυτῶν
1711 1028 1807 1066 τρίχις,

1025 1073 1072 1101 καὶ
1085 1073 1197 1110 οἰκτρὰς
1214 1073 1308 1108 φωνὰς
1325 1072 1394 1108 πρὸς
1409 1072 1455 1100 τδν
1474 1074 1606 1108 Λογγῖνον
1623 1068 1806 1108 φθεγγόμενοι.

1025 1121 1058 1148 Τί
1079 1130 1121 1148 σοι
1138 1120 1169 1148 τὺ
1187 1121 1352 1157 ἐγχείρημα,
1366 1116 1389 1146 ὧ
1411 1121 1481 1155 φίλε,
1500 1120 1590 1153 ἔδοξεν
1605 1121 1702 1154 τοῦτο;
1719 1122 1772 1148 ’Ὶνα
1785 1122 1807 1148 τί

1024 1167 1089 1199 τοὺς
1101 1168 1149 1194 ἐπὶ
1168 1168 1214 1194 τὸν
1235 1167 1280 1194 σὸν
1296 1167 1424 1199 ἐλθόντας
1446 1166 1526 1202 φόνον
1549 1167 1591 1199 εἰς
1611 1166 1658 1193 τὸν
1677 1164 1749 1194 οἶκόν
1767 1175 1807 1194 σου

1025 1214 1137 1247 ἐ>.α6ες;
1153 1213 1231 1246 Τίνος
1243 1213 1323 1250 χάριν
1338 1215 1396 1245 τοῖς
1411 1214 1451 1245 είς
1466 1213 1576 1248 σφαγήν
1593 1222 1641 1240 σου
1665 1221 1808 1248 παραγενο-

1027 1261 1118 1295 μένοις
1132 1259 1239 1286 δεῖπνον
1255 1258 1418 1290 ὲπετέλεσας
1429 1258 1574 1293 πολυτελῆ,
1592 1259 1640 1285 καὶ
1661 1258 1809 1294 παρέθηκας

1024 1304 1174 1341 τράπεζαν,
1189 1305 1220 1332 οὺ
1234 1305 1299 1340 μίαν
1318 1305 1398 1339 μόνον
1415 1304 1534 1340 ἡμέραν,
1546 1304 1615 1331 ἀλλὰ
1628 1305 1677 1331 καὶ
1692 1304 1809 1338 δευτέραν

1025 1352 1073 1379 καὶ
1094 1351 1206 1387 τρίτην;
1221 1348 1297 1386 Ἀρά
1320 1358 1366 1376 σου
1387 1350 1433 1377 τὸν
1458 1347 1530 1376 οῐνον
1551 1350 1602 1385 οὐχ
1625 1350 1716 1386 ἐώρας
1739 1351 1764 1377 ὲν
1776 1349 1810 1384 τῷ

1026 1397 1123 1431 αἵματί
1141 1404 1199 1427 σου,
1217 1395 1258 1431 τῷ
1272 1396 1339 1431 παρ’
1351 1396 1431 1430 ἡμῶν
1447 1395 1619 1431 ζητουμένῳ,
1632 1395 1810 1430 κιρνὼμενονς

1025 1442 1082 1469 Νῦν
1100 1442 1151 1477 μὲν
1162 1442 1187 1468 τί
1198 1442 1240 1469 δεῖ
1255 1443 1360 1473 εἰπεῖν;
1377 1441 1443 1468 τίδὲ
1458 1441 1574 1477 πρᾶξαι,
1590 1442 1606 1476 ἢ
1620 1441 1810 1476 βουλεύσασθαι

1025 1487 1090 1522 περὶ
1107 1487 1154 1513 σοῦ
1171 1486 1363 1522 δυνησόμεθα;
1380 1486 1459 1514 ἄπιθι
1481 1487 1510 1514 ὲν
1532 1487 1639 1523 εἰρήνῃ,
1660 1487 1753 1523 μισθὸν
1767 1487 1812 1522 τῆς

1026 1533 1115 1567 ξενίας
1136 1532 1227 1560 λαὸὼν
1243 1532 1290 1559 τοῦ
1311 1533 1378 1568 παρ’
1393 1532 1473 1568 ἡμῶν
1493 1532 1610 1559 Θανάτου
1630 1533 1682 1568 τὴν
1705 1533 1811 1567 ᾶφεσιν·

180 1588 240 1606 mus
253 1583 349 1606 contra
369 1583 395 1605 te
411 1577 545 1609 attollere,
565 1575 674 1603 reveriti
699 1575 792 1604 salem,
807 1574 972 1601 erubescen-

1025 1580 1106 1614 ἡμεῖς
1121 1579 1176 1615 γὰρ
1197 1578 1332 1606 ἐπιθεῖναί
1348 1587 1390 1606 σοι
1403 1579 1434 1605 τὸ
1449 1578 1526 1613 ξίφος
1539 1579 1571 1605 οὺ
1582 1578 1740 1614 τολμῶμεν.
1754 1587 1812 1614 ναρ-

179 1630 220 1651 tes
236 1631 375 1655 mensam,
391 1622 569 1650 formidantes
588 1622 670 1648 [tcum
687 1620 880 1655 hospitalitatis
897 1619 971 1646 arbi-

180 1676 251 1696 trum
268 1678 274 1695 :
290 1668 400 1702 expedit
414 1667 493 1694 nobis
512 1675 526 1693 a
545 1667 630 1694 Pilato
646 1666 792 1693 discrimen
812 1665 866 1700 pati
882 1666 972 1700 potius

160 1734 164 1738 η
179 1723 259 1750 titiam
276 1714 389 1749 Longini
408 1718 488 1748 caput
503 1712 672 1740 abscindere.
688 1712 830 1745 Quomodo
846 1721 910 1739 vero
924 1720 973 1747 per

155 1783 159 1786 .
180 1768 288 1787 omnem
304 1760 386 1786 vitam
402 1759 553 1785 tabcscerct
571 1758 749 1788 conscientia,
764 1763 792 1784 et
807 1765 972 1784 cnnvcscen-

180 1812 221 1833 tes
238 1805 331 1832 videre
348 1805 427 1831 nobis
444 1804 600 1831 videremur
610 1803 749 1838 sanguinis
764 1803 857 1830 avidos
872 1803 972 1829 dmino-

181 1851 248 1878 nes?
261 1850 402 1883 Quomodo
422 1849 469 1877 tibi
487 1856 584 1876 manus
602 1856 745 1884 possemus
769 1848 898 1883 injicere?
915 1853 973 1875 tor-

182 1902 247 1931 pent
273 1897 346 1923 enim
370 1904 426 1923 non
448 1896 530 1923 modo
552 1895 602 1922 illae
624 1896 719 1928 nobis,
739 1895 786 1922 sed
804 1899 831 1922 et
849 1895 932 1929 pedes
946 1898 973 1921 et

180 1951 279 1978 corpus
297 1943 473 1975 universum;
490 1943 531 1970 vel
547 1942 730 1978 cogitantibus
742 1942 872 1968 duntaxat
885 1941 973 1968 istius-

181 1990 254 2016 modi
278 1989 471 2023 facinus,.quo
491 1988 674 2016 henefactoris
695 1987 779 2015 nostri
803 1987 973 2022 hospitisque

180 2035 350 2063 ciliceremur
366 2035 512 2062 oecisores.

215 2082 241 2109 9.
263 2081 302 2109 ita
319 2081 491 2116 quidemisti
509 2081 547 2108 ad
571 2081 601 2109 B.
619 2080 771 2116 Longinum
789 2089 795 2107 :
811 2088 865 2107 non
882 2085 972 2107 tamen

180 2128 508 2163 persuadet-epotnerunt
526 2132 654 2162 prompto
668 2132 750 2161 atque
766 2127 848 2154 alacri
865 2127 898 2154 ad
913 2134 973 2154 cer-

180 2181 270 2202 tamen
287 2174 408 2205 athletae,
426 2178 456 2200 ut
470 2173 641 2201 subeundum
665 2182 714 2208 pro
734 2173 843 2201 Christo
856 2182 972 2208 agonem

179 2220 352 2250 detrectaret.
367 2218 421 2247 sed.
431 2218 520 2253 potius
536 2218 630 2245 ﬁdenti
646 2218 738 2245 animo
754 2219 906 2253 respondit,
929 2219 971 2245 di-

1024 1625 1118 1661 κὼμεν
1132 1625 1195 1656 τοὺς
1208 1624 1292 1657 ἃλας,
1309 1624 1482 1660 ἱρυθριῶμεν
1495 1625 1546 1660 τὴν
1562 1625 1723 1660 τράπεζαν,
1737 1624 1813 1651 δεδοί-

1024 1679 1113 1705 καμεν
1124 1671 1169 1698 τὸν
1177 1670 1254 1703 Θεὸν,
1265 1671 1310 1698 τὸν
1320 1671 1370 1706 τῆς
1380 1670 1470 1704 ξενίας
1482 1671 1580 1707 ἔφορον
1591 1679 1597 1685 ’
1610 1671 1737 1706 κρεῖττον
1747 1671 1812 1706 ήμὶς

1025 1716 1192 1743 κινδυνεύειν
1210 1715 1287 1752 παρὰ
1302 1716 1431 1749 Πιλάτου,
1449 1716 1466 1751 ἢ
1483 1715 1532 1752 τὴν
1549 1716 1686 1751 Δογγίνου
1703 1716 1814 1751 κεφαλὴν

1024 1762 1210 1798 ἀφαιρεῖσθαι.
1229 1762 1293 1794 Πῶς
1314 1762 1343 1789 δὲ
1364 1762 1411 1789 καὶ
1429 1762 1509 1797 ἡμῶν
1529 1762 1575 1789 τὸν
1597 1762 1691 1789 πάντα
1712 1761 1766 1797 βίον
1781 1761 1814 1797 τῷ

1025 1811 1155 1838 συνειδότι
1173 1810 1316 1846 τήκεσθαι,
1332 1809 1380 1837 καὶ
1402 1809 1629 1841 συνδειπνοῦντας
1652 1810 1721 1845 ὀρᾷν
1733 1829 1740 1841 ,
1758 1810 1815 1841 τοὺς

1024 1856 1186 1893 λεγομένους
1209 1857 1371 1892 αἱμοχαρετς
1394 1855 1541 1890 δαίμονας;
1562 1855 1624 1887 Πῶς
1651 1855 1681 1883 δέ
1707 1864 1748 1882 σοι
1772 1854 1814 1881 καὶ

1024 1903 1218 1938 ἐπενέγκωμεν
1237 1902 1287 1933 τὰς
1306 1903 1416 1937 χεῖρας;
1435 1900 1583 1937 Ναρκῶσιν
1605 1901 1664 1937 γὰρ
1690 1901 1767 1936 ἡμῶν
1787 1900 1814 1927 οὐ

1026 1949 1105 1983 μόνον
1122 1949 1150 1975 αἱ
1169 1950 1270 1984 χεῖρες,
1283 1947 1352 1974 ἀλλὰ
1367 1948 1415 1974 καὶ
1435 1948 1460 1974 οἱ
1479 1947 1568 1979 πόδες,
1582 1947 1630 1974 καὶ
1649 1947 1726 1974 ἅπαν
1744 1946 1814 1982 ἡμῶν

1023 1995 1053 2020 τὸ
1077 1993 1168 2029 σῶμα,
1191 1994 1238 2020 ἐὰν
1259 1995 1338 2020 τοῦτο
1361 1992 1529 2027 πράξωμεν,
1554 1994 1601 2020 ἐὰν
1623 1993 1755 2027 φονιυταὶ
1773 1991 1815 2019 τοῦ

1024 2039 1170 2075 εὐεργέτου
1185 2039 1231 2065 καὶ
1248 2037 1387 2074 ξενοδόχου
1402 2038 1557 2074 γενώμεθα.

1060 2085 1091 2112 θ’.
1113 2084 1207 2112 Ταῦτα
1233 2085 1282 2120 μὲν
1295 2085 1373 2111 αὐτοὶ
1389 2084 1458 2119 πρὸς
1473 2084 1518 2111 τὸν
1533 2084 1673 2120 μακάριον
1690 2085 1816 2119 Λογγῖνον

1024 2131 1131 2166 ἔλεγον·
1150 2131 1181 2158 οὐ
1201 2131 1255 2166 μὴν
1274 2131 1302 2157 δὲ
1319 2130 1429 2157 ἔπειθον
1446 2130 1492 2157 τὸν
1511 2130 1654 2166 πρόθυμον
1665 2132 1718 2158 διαὶ
1739 2130 1816 2165 εὔψυ-

1024 2187 1071 2212 χον
1088 2176 1208 2213 ἀθλητὴν
1222 2177 1268 2203 τὸν
1283 2177 1378 2211 ἀγῶνα
1393 2177 1464 2212 ὑπὲρ
1481 2176 1530 2203 τοῦ
1547 2177 1651 2212 Κυρίου
1667 2178 1716 2204 καὶ
1731 2177 1816 2211 Σωτῆ-

1026 2232 1071 2259 ρος
1086 2223 1172 2258 Ἰησοῦ
1185 2222 1302 2259 Χριστοῦ
1313 2223 1549 2259 παραιτήσασθαι,
1561 2223 1629 2250 ἀλλὰ
1642 2223 1712 2258 πρὸς
1724 2224 1816 2254 αὐτοὺς

179 2272 245 2292 ecus
263 2274 268 2291 :
287 2264 326 2291 Ne
350 2273 394 2291 me
417 2265 584 2300 proditorem
601 2265 663 2291 vita:
680 2265 768 2292 velitis
783 2266 923 2299 aspicere,
941 2270 970 2292 ul.

1025 2270 1163 2306 εὐθαρσῶς
1175 2270 1365 2305 ἀποκρίνεται,
1380 2271 1425 2306 Μή
1447 2280 1481 2306 με
1500 2271 1550 2305 (6),
1567 2270 1666 2305 λέγων,
1687 2271 1818 2306 προδότην

179 2311 270 2337 datam
291 2309 359 2337 mihi
388 2310 503 2345 gratiam
520 2310 591 2337 ultro
608 2310 701 2337 videar
717 2310 861 2338 adduxisse
877 2311 903 2337 in
919 2311 974 2338 dis-

178 2356 283 2382 crimen
300 2365 306 2382 :
324 2363 378 2382 non
398 2364 447 2391 ego
470 2362 599 2383 seCernar
630 2356 664 2382 ab
679 2356 779 2383 ovibus
803 2356 885 2390 lupus
906 2356 973 2383 eﬂ'e-

178 2406 248 2433 ctus.
269 2410 358 2437 neque
383 2403 488 2437 negabo
510 2410 591 2436 quem
619 2403 706 2429 semel
730 2402 874 2428 confessus
901 2409 971 2428 sum.

177 2448 237 2475 Non
248 2449 408 2475 obsutiraho
424 2448 496 2475 illius
514 2448 640 2484 gloriam,
655 2457 707 2483 qua
724 2449 778 2475 vidi
791 2448 901 2475 contenti
916 2448 972 2475 ele-

178 2498 284 2527 menta;
305 2502 396 2529 neque
416 2495 554 2522 accusabit
580 2502 623 2521 me
648 2495 814 2522 universitas
831 2499 970 2522 creatura-

178 2545 248 2572 rum,
263 2541 334 2575 quod
358 2541 392 2568 ab
413 2549 446 2568 eo
463 2540 623 2572 defecerint,
642 2546 754 2575 propter
773 2548 854 2575 quem
872 2540 971 2568 cmlum

178 2586 282 2613 vultum
296 2594 377 2614 sulun
392 2586 547 2618 abscondit,
559 2590 588 2613 et
605 2587 644 2614 sol
658 2586 788 2614 lucileros
803 2595 901 2614 currus
916 2587 972 2614 dis-

179 2632 275 2666 solvit;
292 2633 401 2668 quando
412 2634 471 2660 dies
485 2641 534 2660 suo
545 2633 663 2660 excessit
676 2641 692 2660 e
706 2634 805 2665 stadio,
819 2638 847 2660 et
861 2641 913 2660 nox
925 2641 974 2668 per

180 2678 231 2704 l'illl
243 2679 359 2706 adducta
375 2684 427 2712 est,
443 2687 494 2707 nec
510 2679 566 2714 ipsa
581 2679 648 2706 satis
664 2679 805 2706 sustinens
819 2687 900 2714 grave
910 2687 975 2706 eru-

1022 2318 1072 2352 τῆς
1091 2317 1164 2353 ζωῆς
1179 2317 1297 2352 ὀφθῆναι
1313 2317 1460 2353 θελήσετε,
1477 2316 1546 2352 μηδὲ
1570 2317 1727 2352 πειραττὴν
1752 2318 1816 2343 ἀπο-

1022 2363 1164 2399 δειχθῆναι
1183 2363 1233 2398 τῆς
1247 2360 1360 2399 χάριτος
1372 2371 1380 2379 ·
1400 2363 1468 2398 μηδὲ
1481 2363 1563 2395 λύκος
1581 2364 1632 2399 τὴν
1647 2363 1705 2390 τῶν
1719 2364 1817 2399 προϐά-

1021 2418 1076 2436 των
1090 2408 1204 2444 ὲκλογὴν
1216 2409 1420 2444 ἀποδυσάμενος
1435 2410 1570 2444 γένωμαι,
1586 2410 1724 2445 μηδαμῶς
1737 2409 1816 2444 ἀρνή-

1024 2463 1117 2489 σομαι,
1132 2454 1162 2481 δν
1174 2454 1248 2488 ἅπαξ
1266 2454 1441 2490 ὡμολόγησα.
1463 2455 1508 2490 Μὴ
1524 2454 1656 2490 ζημιωθώ
1674 2455 1726 2491 τὴν
1742 2455 1816 2487 δόξιν

1024 2498 1142 2533 ἐκείνην,
1159 2498 1193 2534 ἢν
1214 2496 1283 2526 είδον
1303 2499 1338 2526 τὰ
1360 2501 1480 2535 στοιχεῖα
1502 2499 1681 2532 σαλεύουσαν,
1707 2501 1744 2535 μή
1769 2508 1815 2535 μου

1024 2544 1178 2579 κατήγορος
1206 2543 1220 2570 ό
1246 2543 1333 2579 δῆμος
1362 2544 1413 2579 τῆς
1439 2545 1556 2574 κτίσεως
1578 2545 1816 2580 γένηται,ὃτιπερ

1024 2589 1119 2616 τοῦτον
1142 2589 1278 2626 παρέϐην,
1302 2590 1336 2617 δι’
1347 2590 1377 2617 ὃν
1403 2591 1520 2626 οὐρανὸς
1540 2591 1591 2623 τὰς
1614 2592 1721 2623 οἰκείας
1744 2592 1816 2626 δψετ

1025 2634 1173 2670 ἐκάλυψεν,
1192 2635 1240 2662 καὶ
1258 2635 1349 2662 ἐδοσεν
1365 2637 1379 2663 ό
1391 2636 1469 2671 ἥλιος
1485 2637 1520 2663 τὰ
1536 2637 1590 2663 τῶν
1605 2637 1758 2672 λαμπάδων
1771 2637 1816 2673 ἆρ-

1027 2689 1112 2716 ματα,
1125 2679 1172 2707 καὶ
1192 2681 1208 2716 ἡ
1225 2680 1276 2716 μὲν
1291 2680 1384 2717 ἡμέρα
1403 2683 1434 2708 τδ
1454 2681 1561 2710 στάδιον
1578 2682 1625 2710 τοῦ
1643 2683 1735 2717 φωτὸς
1748 2691 1815 2717 παρα

930 2768 1048 2795 NOTAE.

215 2811 254 2846 (5)
273 2812 303 2838 in
319 2816 394 2849 textu
411 2812 509 2839 Latino
527 2814 655 2849 mendum
676 2814 782 2849 corrige
794 2815 971 2849 typographi-

180 2853 253 2885 eum.
268 2854 337 2885 (ιιιοἱ
353 2856 362 2871 ι
377 2847 488 2885 domum
502 2848 595 2876 eduxit
611 2849 638 2875 in
654 2847 762 2883 agrum;
775 2860 783 2875 ι
800 2847 899 2883 legitur
911 2847 971 2885 pro,

191 2881 290 2908 .domo
306 2880 407 2911 eduxit,
423 2889 432 2904 ι
450 2885 501 2907 etc.

218 2915 255 2943 (6)
278 2914 411 2947 lntegrius
427 2914 579 2949 clariusque
603 2917 660 2944 hzec
685 2918 832 2945 reddentur
855 2919 887 2945 ad
913 2927 974 2946 ver-

1026 2815 1091 2855 bum
1109 2823 1116 2842 :
1136 2825 1146 2840 ι
1163 2815 1204 2855 Ne
1216 2815 1307 2843 velitis
1323 2816 1489 2855 proditorem
1510 2818 1573 2845 vita:
1590 2818 1676 2845 videri
1696 2825 1755 2850 me,
1772 2822 1814 2855 aut

1026 2851 1125 2890 divina:
1138 2851 1230 2890 gratia:
1244 2853 1389 2890 monstrari
1408 2857 1570 2890 tentatorjfut
1582 2862 1589 2885 ;
1609 2858 1637 2890 ut
1652 2861 1689 2880 ne
1702 2853 1812 2890 optanda

1027 2886 1098 2912 inter
1115 2893 1181 2922 oves
1194 2886 1327 2922 electione
1344 2887 1484 2921 repudiata
1501 2888 1602 2915 eﬂiciar
1617 2886 1811 2922 inpusfnulla-

1030 2925 1109 2947 tenus
1123 2921 1197 2947 enitn
1214 2921 1318 2956 negabo
1334 2929 1415 2956 quem
1432 2923 1516 2951 semel
1531 2921 1674 2951 confessus
1690 2930 1761 2950 sum.
1774 2933 1785 2950 ι
