3934 6438
372 357 509 426 1ὥ3

1508 359 1569 419 S.
1607 358 1931 421 LONGINI
1977 361 2319 427 MARTYR]
2332 361 2469 431 UM.

3499 362 3658 431 ιδιε

360 477 605 551 ῃτήσατο
640 474 741 548 (7),
773 476 867 530 καὶ
898 477 933 547 η
977 475 1034 529 δὲ
1077 472 1176 541 νὺξ
1219 474 1355 546 πρὸς
1402 474 1524 545 βίαν
1562 475 1776 529 εἵλκετο
1799 493 1813 509 ο
1847 474 1943 530 τοῦ

2073 480 2126 535 :is
2169 484 2553 552 opprobrium,
2587 478 2691 541 n’ec
2738 482 3096 556 pugnantium
3148 481 3415 537 adversus
3463 482 3635 537 Deum

364 566 607 639 σταυροῦ
648 566 759 639 γάρ
804 567 867 621 τὸ
903 566 1069 638 βάρος
1095 568 1195 639 οὐχ
1225 567 1508 638 ὑφίστατο,
1545 567 1637 620 καὶ
1666 567 1767 636 τῆς
1812 569 1949 621 Ἰου-

2073 573 2364 631 ἰιόαιοι-υιιι
2396 575 2656 633 delictum
2690 577 2899 648 absque
2926 583 3057 631 nota
3093 574 3436 645 pmteriens.
3468 574 3638 643 Equi-

362 653 557 729 δαῖκῆς
586 658 892 731 θεομαχίας
933 663 1163 732 παρεῖτο
1202 657 1262 712 τὸ
1312 658 1587 729 ἔγκλημα.
1617 659 1803 713 Ταῦτα
1840 658 1951 729 ἐγὼ

360 752 477 816 τοῖς
513 751 817 822 ὀφθαλμοῖς
850 767 954 822 μου
983 751 1078 804 καὶ
1102 752 1221 814 ταῖς
1247 749 1474 813 οἰκείαις
1503 748 1694 819 ὄψεσιν
1730 750 1951 822 ίστόρη-

2049 668 2174 723 dem
2203 684 2266 724 ea
2296 668 2477 724 omnia
2510 669 2748 741 propriis
2770 679 2989 740 egomet
3010 667 3184 724 oculis
3207 666 3340 727 vidi,
3365 665 3485 737 ipse
3509 681 3639 736 spe-

2051 769 2228 816 ctator
2257 762 2406 816 astiti
2443 775 2461 816 :
2508 763 2788 833 quomodo
2836 762 3003 833 igitur
3035 759 3361 832 'disperdam
3394 759 3636 814 'tbesauo

365 854 468 899 aa°
526 843 645 907 πῶς
692 842 873 898 τοίνυν
920 842 1205 915 σκορπίσω
1250 840 1524 896 τοσούτων
1581 859 1673 911 μοι
1732 841 1952 911 ἀγαθῶν

2073 870 2171 909 ἰιιιι
2207 863 2484 910 tantorum
2529 870 2654 925 quae
2699 854 2855 910 mihi-
2884 854 3161 913 obvenere
3212 853 3482 908 bonorum
3504 891 3520 916 ,
3557 852 3637 906 vri

364 936 620 1002 πλοῦτον,
649 934 773 991 οὐδὲ
801 935 912 1008 γάρ
949 932 1202 1006 ἀγγέλων
1234 933 1334 1001 τὰς
1378 932 1618 1007 μέμψεις
1648 935 1952 1005 ὑποστήσο-

452 1048 489 1084 ι.

412 1046 489 1084 αι.

368 1048 408 1102 μ
436 1117 623 1175 ι’.Ἐτι
643 1113 701 1174 δὲ
722 1117 1013 1182 λαλοῦντος
1037 1117 1212 1173 ταῦτα
1237 1115 1332 1172 τοῦ
1360 1117 1633 1190 μακαρίου
1661 1115 1952 1186 Λογγίνου,

366 1212 400 1282 η
432 1210 665 1281 ξυνωρὶς
697 1211 808 1264 τῶν
845 1210 943 1264 σῦν
974 1209 1125 1281 αὐτῷ
1147 1207 1518 1283 στρατιωτῶν,
1552 1212 1584 1279 ἡ
1615 1209 1713 1279 τὴν
1737 1209 1830 1264 ἐπὶ
1860 1208 1954 1262 θά-

365 1312 528 1356 νατον
560 1302 741 1370 ψῆφον
765 1301 918 1375 παρά
951 1303 1233 1374 Καίσαρος
1252 1300 1516 1372 λαχοῦσα,
1557 1298 1957 1372 ἔφθασεν.Φαι-

364 1392 481 1464 δρῷ
507 1386 565 1447 δὲ
591 1392 777 1458 αὐτοῖς
808 1393 1087 1467 προσώπῳ
1112 1390 1208 1448 καὶ
1240 1396 1537 1466 περιχαρεῖ
1561 1391 1683 1447 λίαν
1717 1394 1744 1448 ό
1774 1394 1955 1466 μακά-

2049 945 2372 1016 angelorum
2404 946 2460 1004 id
2486 947 2621 1003 mihi
2651 948 3180 1019 exprobraturorum
3207 945 3494 1002 sustinebo
3515 945 3641 1000 irri-

2052 1036 2240 1093 siones
2256 1038 2280 1091 ?

2126 1128 2213 1183 io.
2254 1130 2449 1186 Adhuc
2468 1144 2537 1185 eo
2564 1131 2823 1202 loquente
2855 1131 3178 1202 supervenit
3206 1145 3305 1200 par
3333 1131 3465 1187 illud
3498 1145 3642 1187 :om—

2055 1218 2400 1288 militonum,
2443 1222 2622 1277 eidem
2654 1238 2781 1277 cum
2814 1222 3063 1293 Longino
3097 1224 3260 1278 morti
3293 1222 3642 1278 addicturum

2054 1328 2085 1366 a
2115 1311 2334 1368 Caesare
2366 1331 2381 1367 :
2415 1313 2616 1383 quibus
2644 1313 2808 1369 hilari
2838 1315 2991 1369 vultu
3024 1314 3261 1384 latoque
3306 1314 3512 1377 animo,
3548 1327 3644 1367 oc-

2056 1420 2291 1462 currens
2340 1405 2398 1461 in
2444 1406 2757 1476 amplexum
2790 1416 3042 1472 sanctus,
3071 1407 3264 1462 oculos
3290 1405 3651 1475 cervicesque

369 1498 484 1558 ριος
515 1487 783 1556 Λογγίνος
819 1487 1174 1559 συνήντησεν,
1204 1489 1333 1552 τοὺς
1356 1484 1673 1558 ὀφθαλμοὺς
1707 1486 1825 1558 ἅμα
1859 1489 1958 1541 καὶ

2073 1508 2249 1557 ιθειῑειε
2276 1500 2663 1567 exosculatur;
2695 1511 2752 1557 et
2788 1519 2801 1554 :
2835 1501 3110 1566 Gaudete,
3133 1500 3345 1570 inquit,
3372 1498 3647 1555 commili-

366 1579 460 1632 τὸν
485 1579 757 1650 τράχηλον
780 1577 959 1634 αὐτῶν
1002 1577 1402 1650 καταφιλήσας,
1434 1579 1526 1632 καὶ
1556 1577 1661 1649 ἔφη
1689 1578 1826 1650 πρὸς
1859 1578 1959 1633 αὐ-

363 1669 514 1734 τούς’
537 1668 777 1743 Χαίρετε
798 1712 814 1738 ,
847 1664 892 1725 ὦ
921 1669 1325 1742 συστρατιῶται
1352 1668 1591 1742 Χριστοῦ
1619 1671 1714 1723 καὶ
1742 1671 1960 1741 νικηταὶ

2062 1602 2219 1655 tones
2262 1592 2471 1649 Christi
2498 1633 2514 1659 ,
2546 1594 2860 1649 divinorum
2896 1592 3263 1648 certaminum
3302 1591 3523 1661 gloriosi
3564 1591 3656 1645 via

2046 1693 2263 1749 .ctores,
2291 1693 2349 1740 et
2378 1685 2528 1756 regni
2561 1687 2826 1742 caelorum
2857 1685 3106 1741 haeredes
3131 1682 3433 1739 felicissimi
3468 1700 3483 1737 :
3516 1697 3651 1754 gau-

366 1764 478 1816 τῶν
511 1762 672 1818 θείων
695 1762 945 1832 ἀγώνων,
972 1759 1066 1816 καὶ
1088 1762 1414 1833 κληρονόμοι
1439 1762 1537 1833 τῆς
1549 1761 1828 1834 βασιλείας
1849 1763 1960 1818 τῶν

2073 1777 2211 1843 dcte,
2236 1777 2461 1848 inquam
2498 1797 2513 1833 :
2550 1779 2796 1849 aperitur
2823 1778 2970 1834 enim
3004 1777 3164 1832 nobis
3193 1775 3432 1847 paradisi
3459 1775 3650 1845 ianua,

366 1856 614 1928 οὐρανῶν
637 1872 650 1885 ·
679 1856 926 1928 χαίρετε,
953 1850 1037 1910 ὅτι
1065 1855 1099 1926 ὴ
1124 1849 1262 1926 πρὸς
1285 1855 1516 1927 οὐρανὸν
1541 1857 1684 1924 πύλη
1714 1856 1954 1927 ἀνέῳγεν

2073 1838 2281 1937 iamque
2308 1838 2484 1937 parati
2516 1838 2722 1922 adsunt
2745 1866 2948 1937 angeli,
2985 1838 3657 1920 animas'nostras'trans-

369 1945 525 2017 ἡμῖν,
561 1947 657 2002 καὶ
700 1942 987 2017 μέλλουσιν
1018 1948 1066 2001 οῖ
1095 1945 1318 2015 ἄγγελοι
1353 1941 1447 2000 τοῦ
1488 1947 1625 2001 Θεοῦ
1660 1948 1955 2019 παραλαμ-

2063 1959 2225 2015 laturi
2250 1959 2319 2014 ad
2342 1958 2537 2026 Deum,
2553 1974 2758 2027 easque
2778 1957 3018 2014 oblaturi
3037 1955 3321 2028 unigenito
3336 1954 3477 2009 Filio
3496 1954 3651 2024 ejus:

369 2038 557 2094 ϐάνειν
598 2039 698 2106 τὰς
725 2034 1002 2112 ἡμετέρας
1029 2038 1230 2110 ψυχὰς,
1272 2041 1369 2093 καὶ
1418 2040 1753 2111 προσφέρειν
1783 2039 1955 2105 ιιῦτάς

2073 2052 2172 2121 iam
2211 2051 2491 2122 lampades
2528 2050 2706 2112 video.
2735 2050 2848 2120 jam
2881 2063 3118 2104 coronas
3148 2047 3513 2117 contemplor,
3536 2047 3652 2115 jam

374 2130 453 2200 τῷ
480 2134 763 2201 μονογενεί
801 2128 919 2202 Υίῷ
948 2129 1043 2185 τοῦ
1069 2124 1226 2186 Θεοῦ.
1244 2127 1376 2187 Ἰδοὺ
1399 2132 1498 2193 τὰς
1525 2130 1818 2201 λαμπάδας
1844 2132 1956 2204 όρῶ

2073 2144 2253 2201 brevia
2284 2143 2596 2207 considero.
2632 2159 2758 2199 cum
2812 2142 3015 2212 quibus
3063 2141 3302 2196 scelestis
3344 2139 3543 2211 Sponsi
3593 2139 3649 2194 in

372 2224 469 2277 καὶ
499 2223 624 2286 τοὺς
654 2222 951 2293 στεφάνους
978 2224 1327 2285 κατοπτεύω.
1360 2223 1455 2277 καὶ
1474 2222 1545 2278 τὰ
1574 2223 1802 2295 βραδεῖα
1832 2241 1956 2277 στο-

373 2313 645 2385 χάζομαις
696 2312 815 2386 μεθ’
837 2307 913 2369 ὧν
946 2313 1025 2385 τῷ
1062 2314 1157 2368 τοῦ
1194 2313 1450 2384 Νυμφίου
1492 2313 1960 2387 παραστησόμεθα

374 2406 605 2477 βήματι.
638 2407 749 2461 Καὶ
791 2405 967 2461 ταῦτα
1000 2404 1208 2483 εἰπὼν,
1244 2405 1351 2474 ἔφη
1390 2406 1503 2470 τοῖς
1528 2405 1743 2477 δημίοις
1764 2424 1779 2438 ο
1815 2407 1881 2460 El’
1905 2424 1959 2461 τι

373 2493 470 2553 οὖν
516 2497 949 2570 προσετάχθητε,
980 2497 1041 2552 τὸ
1087 2497 1255 2569 τάχος
1307 2495 1852 2569 ποιήσατε.Ἔφησεν
1902 2495 1961 2550 δὲ

375 2591 472 2644 καὶ
509 2591 646 2662 πρὸς
690 2590 782 2644 τὸν
831 2588 1136 2662 ἡγούμενον
1175 2589 1278 2660 τῆς
1325 2589 1504 2652 οίκίας
1550 2587 1740 2654 αὐτοῦ,
1769 2587 1962 2659 στολὴν

374 2683 626 2756 καθαρὰν
652 2683 877 2755 κομίσαι
907 2680 1090 2754 αὐτῷ,
1118 2681 1194 2747 ὡς
1226 2681 1321 2736 ἐπὶ
1365 2681 1541 2752 γάμον
1576 2681 1671 2735 καὶ
1696 2680 1963 2751 νυμφῶνα

375 2776 722 2849 καλουμένῳ.
760 2776 871 2847 Τῆς
896 2775 954 2830 δὲ
978 2773 1244 2846 ἐλθούσης
1264 2773 1627 2845 ἐνδυσάμενος
1652 2771 1843 2843 αὐτὴν,
1867 2773 1964 2827 καὶ

372 2870 441 2938 τῇ
481 2870 624 2938 χειρὶ
668 2867 846 2935 δείξας
876 2867 966 2921 τὸν
996 2867 1181 2935 λόφον,
1210 2867 1267 2920 ἐν
1308 2859 1353 2934 ᾧ
1394 2864 1456 2918 τδ
1499 2865 1770 2937 μακάριον
1798 2863 1962 2917 αὐτοῦ

376 2959 540 3030 σῶμα
574 2958 854 3025 διετάξατο
898 2958 1147 3031 τεθῆναι,
1180 2957 1323 3012 οὕτω
1363 2974 1424 3010 τε
1469 2956 1531 3010 τὸ
1577 2955 1707 3027 γόνυ
1740 2955 1965 3026 κάμψας

375 3051 606 3121 χαίρων,
635 3052 732 3106 καὶ
762 3051 1111 3123 σχηματίσας
1151 3050 1346 3105 ἑαυτὸν
1375 3048 1516 3122 μετά
1545 3050 1654 3104 τῶν
1687 3051 1783 3103 σὺν
1814 3048 1966 3118 αὑτῷ

2068 2236 2372 2292 thalamum
2404 2236 2759 2292 deducemur.
2814 2234 3022 2289 Deinde
3060 2231 3129 2287 ad
3168 2232 3391 2287 lictores
3421 2246 3656 2286 conver-

2041 2342 2196 2392 sus,
2225 2327 2405 2397 inquit
2438 2346 2451 2381 :
2484 2326 2763 2396 Quidquid
2797 2325 2956 2381 vobis
2984 2324 3314 2394 imperatum
3349 2329 3435 2378 est
3463 2321 3657 2377 conic-

2067 2420 2194 2479 stim
2237 2419 2506 2490 perlicite.
2534 2417 2900 2488 Praepositum
2926 2432 3061 2472 vero
3093 2415 3291 2471 domus
3316 2430 3430 2470 sua:
3463 2412 3657 2468 stolam

2070 2512 2329 2568 mundam
2362 2511 2561 2565 aﬂ'crre
2585 2510 2770 2580 jussit,
2800 2510 3060 2579 tanquan‘l
3083 2506 3150 2562 ad
3178 2505 3407 2576 nuptias
3435 2503 3659 2559 festivas

2069 2613 2298 2660 vocatus
2328 2621 2341 2658 :
2375 2618 2607 2672 eamque
2654 2603 2879 2658 indutus
2900 2641 2915 2667 ,
2940 2608 3000 2656 et
3039 2614 3205 2654 manu
3238 2598 3538 2668 designans
3569 2606 3659 2651 tu-

2071 2697 2309 2758 mulum,
2341 2696 2395 2750 in
2437 2709 2547 2765 quo
2577 2695 2798 2750 beatum
2823 2706 3029 2761 corpus
3061 2705 3221 2746 suum
3253 2686 3476 2759 sepeliri
3508 2686 3661 2742 vole-

2070 2788 2184 2852 bat,
2218 2784 2516 2857 genullexit
2538 2824 2554 2851 ,
2585 2798 2757 2854 seque
2785 2783 2964 2854 ipsum
3014 2797 3139 2837 cum
3184 2780 3386 2844 sociis,
3417 2779 3663 2848 ejusdem

2071 2877 2355 2935 victoriosi
2405 2876 2597 2949 agonis
2649 2890 2838 2931 secum
2884 2873 3150 2945 ingressis
3198 2871 3441 2928 stadium
3470 2911 3487 2937 ,
3536 2879 3667 2939 apte

2073 2984 2435 3040 componens,
2477 2967 2657 3039 capite
2702 2966 2950 3022 minutus
2995 2974 3081 3021 est
3130 2964 3220 3020 die
3263 2962 3477 3019 decima
3510 2957 3666 3017 δέκα
3774 2999 3779 3004 -

2073 3059 2283 3117 mensis
2308 3058 2589 3124 Octobris,
2617 3072 2921 3128 omnesque
2942 3055 3106 3115 simul
3137 3054 3362 3125 ascripti
3392 3061 3522 3109 sunt
3554 3063 3665 3108 tam

375 3144 631 3214 ἑταίρων,
663 3144 773 3198 τῶν
807 3144 897 3199 τὺν
927 3144 1226 3217 νικηφόρον
1249 3142 1438 3212 ἀγῶνα
1457 3141 1847 3207 διανυσάντων,
1868 3140 1965 3214 τὴν

512 3236 573 3254 ,‘0
653 3237 667 3254 l
762 3236 773 3254 Ι
1109 3237 1126 3254 \
1161 3236 1253 3254 1:1,
1344 3234 1478 3254 ρκ’..
1523 3241 1596 3254 μ-.
1649 3234 1737 3254 ,Αμὶ
1770 3233 1940 3254 1-“--L

2075 3152 2447 3224 apostolorum
2479 3166 2645 3222 quam
2672 3157 2978 3221 martyrum
3002 3147 3209 3215 choris,
3228 3146 3357 3218 quia
3386 3156 3441 3201 et
3467 3147 3665 3200 horum

375 3236 622 3314 κεφαλὴν
651 3236 978 3308 ἐκτέμνεται
1003 3237 1136 3309 μηνὶ
1161 3234 1484 3308 Ὀκτωϐρίῳ
1521 3241 1619 3301 ις’,
1647 3234 1743 3288 καὶ
1767 3233 1966 3305 ἐγγρά-

2077 3244 2456 3303 fortitudinem
2480 3283 2496 3311 ,
2544 3250 2604 3299 et
2654 3242 2877 3298 illorum
2922 3239 3249 3313 praclarum
3302 3238 3482 3294 zelum
3537 3244 3674 3293 sunt

376 3346 574 3397 φονται
616 3329 784 3400 ἄμφω
818 3330 1001 3401 χοροῖς
1049 3328 1369 3384 ἀποστόλων
1419 3343 1479 3381 τε
1529 3327 1626 3381 καὶ
1653 3323 1973 3399 μαρτύρων,

374 3419 586 3474 τούτων
618 3420 728 3492 γὰρ
751 3419 851 3493 τὴν
880 3420 1159 3493 ἀνδρείαν,
1195 3420 1291 3474 καὶ
1316 3419 1543 3476 ἐκείνων
1576 3418 1670 3474 τὸν
1692 3417 1859 3473 καλὸν
1887 3419 1975 3491 ζῆ-

375 3514 472 3567 λον
501 3513 800 3579 ἑδείξσντο.

456 3604 547 3661 ια’.
588 3606 723 3659 Τότε
748 3605 1010 3672 λαϐόντες
1028 3607 1078 3662 oi
1097 3607 1287 3678 δήμιοι
1306 3604 1405 3678 τὴν
1432 3604 1677 3679 κεφαλὴν
1692 3603 1789 3660 τοῦ
1814 3603 1973 3674 ἁγίου

377 3698 671 3768 Λογγίνου,
701 3698 907 3772 ταύτην
930 3699 1341 3772 προσφέρουσιν
1362 3699 1443 3770 τῷ
1473 3697 1721 3770 Πιλάτῳ·
1753 3697 1976 3769 καὶγὰρ

380 3791 524 3862 πρὸς
555 3790 717 3862 χάριν
749 3790 858 3845 τῶν
899 3791 1174 3846 Ἰουδαίων
1205 3791 1367 3846 τοῦτο
1390 3790 1718 3863 πεποίηκεν,
1749 3789 1878 3862 περὶ
1899 3782 1976 3844 ὧν

378 3882 576 3936 ἐλαϐεν
607 3884 927 3954 χρημάτων.
944 3884 1035 3949 Ὠς
1078 3885 1135 3938 δὲ
1172 3884 1414 3956 ῆνεγκαν
1443 3885 1492 3938 oi
1523 3883 1712 3953 δήμιοι
1744 3881 1843 3954 τὴν
1881 3897 1977 3936 κε·-

382 3976 566 4048 ςραλὴν
594 3976 691 4031 τοῦ
727 3978 885 4047 ἁγίου
910 3979 993 4042 είς
1030 3978 1409 4047 Ἱερουσαλὴμε
1444 3975 1778 4048 προστάττει
1819 3976 1850 4029 ό
1880 3974 1977 4030 Πι-

381 4065 548 4128 λάτος
576 4066 949 4139 ἐπιδειχθῆναι
974 4068 1143 4140 αὐτὴν
1172 4069 1289 4132 τοῖς
1333 4068 1630 4133 Ἰουδαίοις,
1664 4070 1780 4131 τοῖς
1805 4067 1977 4138 διψῶ-

385 4174 476 4210 σιν
505 4158 597 4211 τδν
628 4158 860 4213 θάνατον
883 4158 1074 4227 αὐτοῦ,
1099 4159 1196 4214 καὶ
1231 4158 1430 4234 πολλοῦ
1455 4159 1687 4231 χρυσίου
1711 4159 1774 4215 τὸ
1792 4160 1979 4232 δρᾶμα

388 4248 649 4320 πωλήσας
700 4252 812 4314 τοῖς
860 4250 1080 4305 εἰωθόσι
1136 4252 1416 4322 χρήμασιν
1449 4251 1706 4306 ὠνεῖσθαι
1752 4254 1823 4306 τά
1870 4251 1980 4307 τῶν

387 4339 618 4396 δικαίων
660 4341 890 4413 αἵματα.
924 4343 1037 4397 Καὶ
1065 4338 1167 4397 εἷθ’
1192 4342 1369 4407 οὕτως
1395 4344 1726 4416 προστάττει
1750 4345 1779 4398 ό
1808 4343 1981 4399 Πιλά-

385 4449 483 4497 τος
517 4433 740 4506 ῥιφῆναι
769 4433 869 4506 τὴν
901 4436 1096 4505 τιμίαν
1124 4435 1370 4508 κεφαλὴν
1398 4435 1492 4490 τοῦ
1526 4436 1683 4505 ἁγίου
1712 4437 1979 4506 Λογγίνου

2076 3336 2296 3395 imitati.

2148 3609 2206 3665 ll
2224 3651 2238 3665 .
2280 3607 2532 3665 Lictores
2560 3614 2746 3662 autem
2774 3610 3201 3675 assumpserunt
3228 3601 3404 3657 sancti
3434 3599 3679 3670 Longini

2074 3711 2242 3774 caput
2267 3700 2634 3765 deferendum
2668 3698 2739 3754 ad
2772 3698 3026 3759 Pilatum,
3056 3694 3150 3765 qui
3200 3694 3255 3749 in
3299 3694 3529 3765 gratiam
3565 3691 3670 3748 Ju-

2075 3796 2320 3853 daeorum
2350 3793 2553 3850 caedem
2585 3792 2745 3848 istam
2774 3789 3082 3854 mandarat,
3105 3795 3329 3856 accepta
3364 3786 3434 3842 ab
3458 3785 3672 3842 eisdem

2077 3887 2312 3960 pecunia
2354 3887 2636 3943 inductus.
2672 3883 2743 3941 Ut
2777 3897 2910 3939 vero
2948 3880 3384 3951 Hierosolymam
3432 3877 3673 3933 advene-

2068 3988 2230 4045 runt,
2266 3977 2437 4051 jussit
2482 3977 2693 4033 Pilatus
2717 3975 2853 4032 illud
2887 3971 3137 4030 exhiberi
3173 3970 3380 4027 ludatis
3435 3979 3671 4024 mortem

2077 4062 2253 4130 sancti
2279 4071 2610 4136 sitientibus,
2635 4070 2810 4125 multo
2837 4081 2975 4122 auro
2997 4065 3250 4122 eamdem
3277 4062 3527 4119 vendens
3554 4062 3672 4131 jam

2078 4165 2315 4221 assuetis
2379 4164 2733 4219 innocentem
2787 4158 3112 4232 sanguinem
3171 4154 3406 4227 pecunia
3463 4168 3673 4208 emere.-

2079 4256 2328 4312 l‘ostluec
2374 4253 2657 4310 mandavit
2690 4262 2842 4309 extra
2893 4248 3046 4307 urbis
3094 4256 3317 4317 portam
3362 4243 3528 4314 abjici
3584 4258 3673 4298 sa-

2079 4363 2234 4403 crum
2263 4355 2452 4417 caput,
2490 4344 2736 4402 terribile
2768 4341 3133 4405 daemonibus,
3172 4338 3409 4395 amabile
3439 4336 3678 4408 angelis,

2079 4440 2370 4496 elementis
2416 4438 2633 4495 cunctis
2676 4436 3085 4495 admirandum.
3122 4433 3308 4489 Iacuit
3346 4431 3511 4502 igitur
3544 4437 3683 4483 ante

386 4520 496 4587 ἔξω
530 4522 636 4595 πρὸ
680 4526 782 4596 τῆς
843 4524 1024 4597 πύλης
1057 4526 1157 4597 τῆς
1188 4527 1420 4593 πόλεως,
1455 4527 1556 4597 τὴν
1586 4526 1828 4598 φοϐερὰν
1876 4528 1966 4600 μὲι

2081 4540 2266 4601 portas
2296 4539 2556 4600 tanquam
2584 4528 2880 4585 thesaurus
2907 4523 3112 4595 aliquis
3134 4519 3471 4578 inviolabilis
3498 4517 3600 4589 (ί),
3617 4526 3684 4572 et

382 4617 499 4679 τοῖς
532 4616 776 4688 δαίμοσι,
806 4619 921 4684 τοῖς
962 4618 1021 4673 δὲ
1061 4619 1320 4690 ἀγγέλοις
1354 4618 1681 4691 ἐπέραστον,
1711 4618 1806 4673 καὶ
1837 4636 1984 4675 στοι-

386 4706 563 4776 χείοις
592 4707 1277 4781 θαυμαζομένην.”Εκειτο
1301 4709 1482 4767 τοίνυν
1516 4710 1653 4782 πρὸς
1676 4709 1777 4781 τῆς
1805 4709 1983 4779 πύλης

388 4797 583 4871 ὥσπερ
612 4816 698 4865 τις
727 4800 1005 4873 θησαυρὸς
1031 4803 1254 4868 ἄσυλος,
1286 4802 1495 4874 κόπρου
1523 4803 1580 4858 δὲ
1608 4802 1871 4875 πλείστης
1894 4802 1985 4857 οὖ-

391 4907 493 4962 σης
527 4892 732 4959 ἐκεῖσε,
765 4893 1012 4964 ἀϐλαϐὴς
1060 4893 1394 4968 διεφυλάχθη
1422 4898 1452 4950 ό
1482 4895 1854 4968 πολυτίμητος
1887 4893 1985 4949 τοῦ

391 4980 637 5055 Χριστοῦ
671 4986 1046 5058 μαργαρίτης,
1082 4985 1180 5040 καὶ
1211 4988 1386 5056 τάφος
1416 4987 1570 5059 αύτῷ
1591 4987 1729 5052 τέως
1783 4986 1985 5059 μᾶλλον

391 5074 449 5128 δὲ
482 5074 717 5140 κιϐωτὸς
764 5078 801 5148 ἡ
838 5077 1044 5148 κόπρος
1075 5073 1165 5150 ἦν,
1200 5077 1686 5151 μακροθυμοῦντος
1727 5077 1825 5134 τοῦ
1854 5078 1980 5149 φιλ-

392 5164 687 5237 ανθρώπου
713 5166 851 5222 Θεοῦ
884 5166 982 5224 καὶ
1008 5169 1073 5225 ιν
1100 5170 1308 5242 τούτῳ,
1338 5171 1654 5243 οἰκονομίας
1684 5172 1867 5243 χάριν.

465 5252 555 5329 ιβ’.
596 5258 755 5333 Χήρα
782 5261 890 5335 γάρ
914 5278 1000 5328 τις
1035 5261 1198 5336 γυνὴ,
1243 5261 1348 5332 τῆς
1390 5263 1564 5335 αὐτῆς
1595 5262 1704 5317 τῶν
1734 5264 1974 5317 Καππα-

2081 4619 2332 4690 quamvis
2379 4619 2584 4674 multus
2630 4617 2835 4674 ibidem
2890 4616 3054 4671 ﬁmus
3083 4620 3254 4676 esset,
3292 4610 3672 4681 incorruptum

2080 4719 2358 4767 servatum
2385 4719 2473 4765 cst
2501 4708 2964 4780 pretiosissimum
2995 4702 3376 4775 margaritum,
3404 4710 3569 4771 atque
3598 4700 3673 4755 ibi

2079 4805 2420 4874 sepulturam
2456 4802 2652 4857 habuit
2681 4819 2695 4856 :
2720 4801 2831 4856 imo
2859 4800 2979 4871 ipse
3011 4799 3175 4853 ﬁmus
3202 4796 3384 4852 eidem
3418 4809 3518 4865 pro
3546 4807 3689 4848 arca:

2079 4898 2146 4954 ad
2183 4906 2399 4967 tempus
2446 4894 2572 4956 fuit,
2604 4893 2996 4966 longanimiter
3036 4898 3236 4963 agente
3267 4888 3402 4950 Deo,
3437 4895 3496 4942 et
3546 4902 3675 4956 μοι·

2080 4990 2204 5046 vide
2232 4990 2585 5059 disponente,
2613 4995 2674 5042 ut
2711 4994 3029 5057 opportuno
3060 4991 3313 5053 tempore
3342 4979 3473 5035 illud
3517 4992 3675 5033 reve-

2087 5063 2232 5145 lans,
2261 5096 2424 5138 suum
2464 5095 2592 5152 erga
2625 5076 2879 5134 homines
2905 5090 3155 5132 amorem
3189 5069 3537 5129 manifestius
3574 5069 3673 5125 de—

2084 5174 2507 5320 elalrgreltiitenim
2557 5261 2724 5319 vidua
2752 5275 2821 5317 ex
2849 5218 3208 5331 Cappadocia:
3251 5255 3476 5328 regione
3499 5293 3521 5315 α
3552 5268 3673 5308 cor-

1818 5434 1819 5437 ‘
1910 5416 2144 5475 ΝΟΤΛΕ.

462 5506 541 5578 (Ἰ)
582 5505 683 5594 bis.
705 5507 774 5594 τὲ
803 5507 1018 5594 στάδιον
1045 5511 1102 5565 ai
1129 5509 1460 5594 ﬁpépat.roﬁ
1493 5511 1673 5594 φωτὸς
1718 5511 1973 5594 «apag-ﬁ:

392 5594 584 5663 σαντο,
614 5578 789 5663 ἡινῦξ,
818 5587 950 5660 etet,
982 5578 1106 5661 gum
1231 5578 1480 5663 clariora
1494 5578 1680 5663 essent
1720 5578 1973 5663 nonnihil

727 5649 947 5705 librario
980 5650 1255 5723 imputans
1279 5651 1425 5723 quod
1455 5651 1735 5707 festinanti
1762 5650 1976 5707 excide-

496 5754 509 5771 ι
628 5737 640 5770 1
708 5762 719 5774 .

393 5736 755 5863 ωῶωὲξῖῗιία
784 5790 883 5847 sul:
914 5791 1134 5848 nomine
1165 5791 1542 5865 Metaplirastis
1578 5792 1740 5850 Acta:
1772 5811 1788 5846 ι
1814 5792 1974 5850 Velut

2082 5518 2348 5581 perpetuo
2371 5517 2725 5580 apparentem
2754 5507 3043 5581 quamdam
3067 5506 3340 5581 facenriis
3366 5504 3460 5578 qui
3493 5514 3675 5581 trans-

2081 5573 2234 5638 ibant
2279 5573 2614 5635 contendam
2659 5573 2942 5649 prabebat
2985 5588 3114 5649 ante
3159 5573 3477 5649 civitatein,
3509 5583 3566 5629 ct
3615 5573 3672 5629 in

2081 5650 2427 5720 sterquilinio
2459 5646 2735 5718 iacentem
2766 5656 3024 5722 tanquam
3075 5648 3133 5705 in
3176 5648 3343 5705 domo
3369 5646 3514 5722 regia
3540 5656 3666 5700 ccu-

2082 5729 2356 5779 scrvatam
2393 5730 2510 5776 tuto
2536 5720 2877 5792 protegebat.
2915 5738 2934 5773 ι
