3934 6378
459 369 592 442 1561

1449 363 1766 428 LEONTII
1810 359 2325 425 NEAPOLITANI
2365 359 2711 422 EPISCOPI

3587 346 3727 410 1563

447 491 644 556 .parata
673 498 686 548 ;
720 479 806 534 vel
835 476 1000 534 etiam
1033 475 1331 538 lsraelitas,
1353 473 1500 544 quod
1539 473 1675 545 legis
1701 487 1765 527 ac
1788 471 2030 542 prophe—

2153 469 2290 540 πίνη,
2321 469 2418 524 καὶ
2447 468 2588 538 πρὸς
2613 468 2708 520 τὸν
2744 441 3119 536 πνευματικοῦ
3151 464 3353 533 σπόρον
3390 464 3688 534 ἐπιτήδεια
3707 482 3722 497 ·

449 585 638 631 .tamm
703 569 1006 635 doctrinis,
1060 567 1211 623 velut
1265 565 1668 636 quodammodo
1694 564 1916 620 edomiti
1970 578 2036 618 ac

452 660 796 733 oomplanati
822 666 1012 715 essent
1042 677 1057 713 :
1085 657 1301 712 tametsi
1331 655 1701 726 evangelicam
1731 665 2032 710 sementem

460 770 526 811 ex
575 751 793 824 propria
829 751 930 822 ipsi
979 749 1257 804 dementia
1300 764 1413 804 non
1463 757 1844 819 susceperunt.
1895 747 2035 803 Tum

462 845 649 902 subdit
675 863 688 898 :
744 847 885 898 Tunc
917 842 1251 897 exsultabant
1294 841 1473 895 omnia
1508 841 1654 912 ligna
1697 827 1842 896 silva:
1870 855 1889 893 :
1916 855 2038 910 qua:
2061 824 2074 840 ’

452 937 612 1008 iligna
648 935 1000 1006 intelligenda
1047 941 1200 998 sunt,
1227 941 1497 1004 quotquot
1523 947 1589 988 ex
1624 933 1878 1004 gentibus
1915 931 2038 986 Sal-

455 1026 645 1084 ‘vatori
683 1024 905 1080 Christo
940 1024 1336 1078 crediderunt:
1369 1024 1462 1092 qui
1491 1022 1714 1092 quidem
1767 1021 1915 1078 haud
1966 1023 2038 1077 ita

465 1117 699 1190 pridem,
760 1115 912 1170 velut
957 1122 1204 1186 agrestes
1260 1113 1652 1184 silvestresque
1702 1113 1929 1168 arbores
1971 1115 2040 1169 ab

467 1205 791 1262 inﬁdelitate
819 1213 997 1264 erant.
1034 1204 1211 1259 donec
1244 1202 1485 1270 tandem,
1525 1205 1672 1274 quod
1701 1204 1778 1258 ait
1797 1203 2041 1258 admira-

467 1297 596 1354 bilis
616 1295 837 1362 Paulus,
855 1312 919 1349 θα
935 1295 1162 1349 oleastro
1179 1295 1361 1348 inserti
1374 1303 1493 1348 sunt
1506 1295 1560 1348 in
1583 1295 1771 1349 bonam
1784 1294 1980 1349 olivam
1996 1297 2039 1348 ¹.

467 1389 642 1458 Cujus
667 1403 798 1444 vero
819 1389 991 1460 gratia
1011 1387 1079 1442 ad
1100 1386 1349 1442 laetitiam
1377 1401 1442 1442 ac
1463 1385 1882 1442 exsultationem
1909 1401 2042 1456 pro-

467 1487 649 1544 vocat,
699 1478 868 1533 coelos
902 1476 1107 1548 pariter
1135 1491 1199 1531 ac
1240 1486 1445 1530 terram
1475 1493 1489 1529 :
1519 1491 1849 1546 camposque
1887 1475 2040 1542 item,

391 1580 394 1582 ‘
467 1579 528 1626 et
553 1585 675 1641 quae
707 1570 758 1624 in
789 1569 871 1626 eis
906 1577 1055 1634 sunt,
1092 1583 1156 1624 ac
1196 1568 1382 1622 omnia
1424 1568 1568 1639 ligna
1597 1567 1798 1624 silvae?
1840 1567 2044 1624 Christi

471 1661 704 1732 utique:
743 1660 788 1714 Α
818 1663 956 1732 facie
996 1660 1166 1726 enim,
1213 1660 1410 1730 inquit,
1444 1659 1678 1727 Domini,
1729 1661 1854 1731 quia
1884 1661 2040 1715 venit.

2135 560 2169 632 ἢ
2196 561 2443 623 καὶτοὺς
2473 558 2532 625 ἐξ
2567 557 2808 629 Ἰσραὴλ,
2837 555 2929 610 διὰ
2965 554 3027 609 τὺ
3065 550 3178 609 οἷόν
3209 573 3326 620 πως
3358 556 3727 611 καταλεαίνε-

2138 652 2260 706 σθαι
2293 651 2390 704 καὶ
2416 648 2838 720 ὲξομαλίζεσθαι
2874 648 2998 710 ταῖς
3023 648 3282 717 νομικαῑς
3317 649 3415 702 καὶ
3445 665 3728 719 προφητι-

2137 744 2264 806 καϊς
2308 740 2717 802 διδασκαλίαιςο
2755 739 2803 792 εί
2837 738 2934 791 καὶ
2973 736 3068 790 τὸν
3117 736 3482 806 εὐαγγελικδν
3524 737 3732 808 σπόρον

2137 832 2197 897 ἐξ
2223 831 2428 895 οίκείας
2449 830 2710 894 ἀπονοίας
2733 829 2834 884 οὐκ
2862 828 3132 895 ἐδέξαντο.
3153 823 3288 881 Εἶτα
3315 827 3522 896 ἐπάγει
3542 842 3557 855 ·
3592 829 3728 882 Τότε

2137 921 2610 993 ἀππλλιάσονται
2633 919 2828 975 πάντα
2851 919 2923 974 τὰ
2945 919 3104 985 ξύλα
3131 919 3237 973 τοῦ
3265 919 3501 989 δρυμοῦ
3521 935 3539 951 ο
3567 919 3727 972 ἅτινα

2141 1013 2274 1080 ξύλα
2326 1013 2568 1067 νοεῖσθαι
2609 1013 2902 1084 προσήκει,
2930 1010 3179 1073 ἅπαντας
3206 1011 3335 1074 τοὺς
3361 1011 3425 1075 ἐξ
3443 1009 3627 1063 ἐθνῶν
3652 1009 3729 1080 τῷ

2139 1107 2358 1178 Σωτῆρι
2384 1103 2608 1176 Χριστῷ
2632 1102 3102 1164 πεπιστευκότας·
3125 1103 3348 1165 οἵτινες
3369 1101 3577 1171 πρώην
3601 1100 3732 1165 ξύλα

2139 1199 2331 1270 ὥσπερ
2377 1199 2548 1270 ἄγρια
2593 1196 2694 1251 καὶ
2739 1194 2999 1268 δρυμώδη
3045 1196 3114 1266 τῇ
3157 1193 3391 1264 ἀπιστίᾳ
3435 1192 3731 1263 ὑπῆρχονο

2144 1289 2343 1361 μέχρις
2369 1289 2460 1344 ὅτε
2507 1288 2653 1342 κατὰ
2687 1288 2783 1341 τὸν
2829 1285 3119 1339 Θεσπέσιον
3167 1284 3416 1338 Παῦλον·
3454 1285 3734 1338 Ἕνεκεν.

2141 1383 2484 1448 τρίσθησαν
2517 1378 2586 1431 ἐκ
2632 1375 2748 1445 τῆς
2788 1375 3153 1444 ἀγριελαίου,
3190 1376 3280 1436 είς
3323 1373 3435 1428 τὸν
3483 1375 3730 1429 mare

2141 1475 2338 1526 λαιον.
2368 1471 2526 1531 Τίνος
2553 1468 2611 1521 δὲ
2639 1469 2828 1521 ἕνεκεν
2848 1468 2929 1530 είς
2956 1465 3301 1538 εὐφροσύνην
3329 1467 3730 1538 προσκαλεῖται

2144 1565 2238 1620 καὶ
2266 1562 2611 1632 ἀγαλλίασιν,
2647 1561 2914 1633 οὐρανούς
2945 1578 3007 1614 τε
3041 1561 3138 1614 καὶ
3166 1559 3277 1631 γῆν
3296 1578 3312 1593 ·
3346 1562 3517 1616 πεδία
3551 1579 3612 1613 τε
3642 1563 3733 1614 καὶ

2141 1655 2214 1711 τά
2242 1656 2300 1711 ἐν
2329 1655 2536 1721 αὐτοῖς,
2567 1656 2662 1708 καὶ
2693 1656 2873 1710 πάντα
2917 1655 2988 1709 τὰ
3035 1653 3168 1719 ξύλα
3211 1653 3306 1707 τοῦ
3339 1654 3596 1726 δρυμοῦς
3629 1655 3734 1708 Τοῦ

470 1753 603 1809 Jure
648 1754 809 1825 plane
846 1753 1041 1807 merito
1078 1751 1363 1821 propheta.
1407 1751 1685 1807 cmlestem
1727 1765 1948 1806 omnem
1980 1765 2046 1805 ac

2153 1752 2384 1824 Χριστοῦ
2416 1753 2693 1824 δηλονότι’
2726 1753 2864 1808 Ἀπὸ
2896 1753 3224 1822 προσώπου
3253 1753 3386 1822 γὰρ,
3419 1751 3585 1820 φησι,
3618 1751 3734 1804 Ku-

471 1820 788 1899 terrestrem
807 1851 1054 1897 naturam
1077 1820 1144 1896 ad
1179 1820 1479 1911 spiritalem
1506 1840 1750 1895 laetitiam
1773 1841 2040 1906 hortatur,

2153 1820 2304 1912 ρίου,
2337 1845 2429 1899 ὅτι
2457 1820 2950 1914 ἐρχεται.’οντως,
2968 1844 3197 1905 δικαίως
3219 1846 3248 1897 ό
3269 1820 3579 1914 προφήτης
3601 1855 3736 1910 προ·

469 1951 538 1992 ac
586 1935 1030 1990 exsultationem.
1079 1934 1216 1990 Cum
1260 1933 1405 1988 enim
1453 1941 1672 1988 terreno
1718 1946 1784 1987 ac
1825 1932 2042 1987 mortali

470 2043 600 2098 rege
625 2028 817 2083 urbem
838 2027 1174 2098 ingressuro,
1205 2026 1336 2080 urbs
1362 2024 1584 2095 quidem
1609 2033 1720 2080 tota
1752 2024 1888 2080 velis
1913 2039 2041 2096 per-

470 2131 721 2185 ornetur,
756 2117 1086 2188 coronisque
1109 2132 1175 2172 ac
1196 2117 1574 2183 aromatibus;
1629 2131 1948 2186 omnesque,
1981 2124 2043 2171 ut

471 2211 548 2266 ita
581 2210 781 2276 dicam,
819 2217 933 2264 tum
959 2209 1134 2280 parvi,
1164 2217 1279 2263 tum
1329 2208 1533 2279 magni,
1564 2207 1744 2262 varias
1770 2214 2047 2264 mutantes

471 2303 641 2359 stolas
653 2302 706 2356 in
724 2316 1013 2358 occursum
1031 2300 1174 2372 regis
1195 2301 1497 2372 procedant
1519 2316 1536 2366 ;
1560 2314 1625 2355 ac
1648 2315 1813 2355 omne
1827 2299 2048 2369 quidem

471 2393 622 2449 aliud
673 2394 954 2466 negotium
1013 2401 1320 2463 spernant;
1359 2391 1467 2448 hoc
1517 2407 1651 2447 vero
1681 2390 1830 2446 omni
1865 2405 2050 2460 operae

473 2485 634 2556 longe
677 2493 1055 2556 anteponant:
1089 2499 1255 2555 quam
1296 2483 1502 2556 potiori
1531 2482 1675 2554 jure,
1710 2481 2049 2538 coelestiDeo

473 2591 539 2632 ac
560 2591 684 2650 rege
711 2577 984 2644 veniente,
1017 2583 1271 2632 naturam
1297 2591 1539 2641 omnem,
1570 2575 1638 2630 ab
1667 2589 1732 2630 eo
1749 2574 2044 2638 conditam,

477 2676 593 2722 tum
625 2683 746 2738 qua:
771 2669 947 2723 oculis
966 2668 1212 2739 subjecta
1241 2676 1348 2733 est,
1379 2676 1496 2722 tum
1527 2681 1648 2737 quae
1677 2676 1862 2722 mente
1885 2681 2044 2736 aspe-

475 2758 712 2826 ctabilis,
760 2759 935 2814 laetari
997 2768 1246 2829 oporteat
1296 2775 1361 2814 ac
1410 2759 1729 2825 exsultare;
1781 2759 2041 2828 omnique

475 2848 674 2918 gaudio
714 2865 780 2905 ac
808 2851 1162 2906 veneratione
1194 2866 1484 2906 occursum
1514 2850 1742 2920 implere
1769 2849 1794 2904 Ἰ

2147 1937 2344 2008 τρέπει
2391 1936 2720 2008 ἐπουράνιον
2765 1937 2950 1990 πᾶσαν
2998 1935 3177 1988 κτίσιν
3221 1934 3316 1987 καὶ
3356 1933 3630 2000 ἐπίγειον,
3660 1932 3738 1993 είς

2149 2026 2534 2098 πνευματικὴν
2565 2025 2908 2097 εὐφροσύνην
2930 2026 3025 2077 καὶ
3049 2023 3394 2092 ἀγαλλίασιν.
3411 2022 3475 2074 Ei
3497 2021 3611 2091 γὰρ
3640 2018 3736 2088 βα-

2149 2119 2345 2184 σιλέως
2391 2120 2642 2188 ἐπιγείου
2688 2117 2787 2172 καὶ
2819 2116 3018 2188 θνητοῦ
3066 2117 3147 2180 εἰς
3190 2115 3350 2169 πόλιν
3382 2111 3740 2182 είσέρχεσθαι

2147 2211 2466 2283 μέλλοντος,
2494 2213 2648 2266 πᾶσα
2676 2211 2774 2282 μὲν
2805 2211 2840 2281 ἡ
2871 2210 3025 2284 πόλις
3054 2209 3499 2279 κατακοσμεῖται
3530 2203 3741 2276 βήλοις,

2146 2304 2242 2360 καὶ
2274 2303 2687 2375 στεφανώμασι,
2715 2303 2812 2357 καὶ
2851 2303 3148 2375 ἀρώμασι·
3184 2301 3392 2365 πάντες
3431 2298 3492 2352 δὲ
3535 2298 3614 2360 ὡς
3661 2297 3743 2348 εί-

2144 2398 2291 2462 πεϊν,
2327 2395 2514 2468 μικροί
2547 2413 2608 2450 τε
2652 2395 2748 2450 καὶ
2793 2393 3026 2464 μεγάλοι
3069 2393 3323 2455 ποικίλας
3360 2389 3558 2452 στολάς
3581 2387 3746 2455 ἐξαλ-

2145 2487 2463 2552 λάσσοντες,
2500 2487 2641 2557 πρὸς
2683 2485 2784 2558 τὴν
2832 2486 2929 2540 τοῦ
2968 2486 3236 2557 βασιλέως
3263 2481 3541 2555 χωροῦσιν
3563 2479 3746 2535 ὑπάν-
3837 2515 3840 2521 π

2149 2595 2344 2651 τησιν·
2379 2579 2479 2633 καὶ
2525 2579 2708 2648 πάσης
2758 2578 2859 2649 μὲν
2905 2576 3298 2655 πραγματείας
3341 2573 3541 2645 ἐτέρας
3583 2587 3750 2640 περι-

2152 2670 2480 2740 φρονοῦντες
2495 2685 2510 2701 ⁹
2540 2670 2724 2738 πάσης
2745 2671 2803 2724 δὲ
2823 2670 3064 2740 σπουδῆς
3089 2667 3512 2739 προτιμωτέραν
3533 2662 3752 2731 ταύτην

2151 2761 2455 2832 τιθέμενοι⁹
2491 2760 2644 2828 πόσῳ
2675 2760 2880 2830 μᾶλλον
2907 2758 3347 2832 παραγινομένου
3376 2756 3472 2809 τοῦ
3503 2757 3754 2823 ἐπουραο

2150 2853 2266 2905 νίου
2296 2851 2432 2906 Θεοῦ
2461 2869 2524 2906 τε
2558 2853 2653 2907 καὶ
2678 2851 2965 2923 βασιλέως,
2990 2853 3172 2906 πᾶσαν
3201 2852 3303 2922 τὴν
3334 2851 3426 2902 ὑπ’
3448 2847 3624 2904 αὑτοῦ
3655 2863 3754 2912 γει

476 2941 781 3010 γενημένην
812 2941 1016 3012 ὀρατήν
1048 2958 1107 2994 τε
1137 2939 1234 2995 καὶ
1289 2941 1524 3014 ἀόρατον
1567 2941 1780 3007 κτίσιν,
1815 2939 2204 3012 εὐφραίνεσθαι
2271 2942 2366 2997 καὶ
2439 2941 2804 3011 ἀγαλλιᾶσθαι
2847 2942 2990 3014 χρή·
3067 2942 3162 2994 καὶ
3215 2938 3534 3012 περιχαρῶς
3628 2937 3754 3007 ἅμα

477 3029 574 3085 καὶ
603 3031 912 3102 σεδασμίως
938 3032 1294 3105 ἀποπληροῦν
1319 3033 1419 3103 τὴν
1449 3033 1772 3104 ὑπάντησιν.

554 3124 753 3182 Verum
793 3126 1098 3194 videamus,
1155 3127 1489 3194 charissimi,
1541 3129 1763 3198 quando
1807 3130 2048 3187 caelestis

2225 3131 2370 3186 Ἀλλ’
2393 3131 2618 3202 ίδωμεν,
2637 3127 2934 3199 ἀγαπητοὶ,
2963 3128 3094 3182 πότε
3117 3127 3146 3179 ό
3177 3125 3502 3196 ἐπουράνιος
3520 3123 3625 3176 καὶ
3653 3122 3756 3192 μέ-

482 3233 824 3289 magnusque
885 3218 1031 3275 Deus
1072 3235 1137 3275 ac
1179 3235 1274 3274 rex
1324 3219 1628 3275 advenerit.
1693 3220 2051 3287 Quandonam

480 3311 665 3366 vero?
708 3309 908 3381 Utique
965 3311 1186 3380 quando
1224 3312 1362 3366 citra
1412 3313 1770 3367 mutationem
1808 3328 2050 3380 omnem,

481 3409 538 3456 et
565 3402 966 3468 alterationem,
1001 3416 1067 3456 ac
1095 3411 1380 3472 peccatum
1409 3403 1587 3459 factus
1617 3404 1803 3470 homo,
1854 3404 2054 3460 similis

483 3493 641 3548 nobis
684 3492 918 3549 ell‘ectus
939 3503 1043 3548 est.
1078 3493 1215 3548 Nam
1242 3495 1378 3565 .quia
1404 3503 1601 3550 natura
1628 3495 1817 3551 divina
1866 3497 2055 3552 incor-

484 3597 647 3652 porea
689 3593 792 3649 est,
829 3600 895 3640 ac
919 3584 1420 3656 incircumscripta,
1467 3596 1662 3656 estque
1691 3587 1746 3641 in
1784 3587 1946 3654 ccelo,
1990 3602 2056 3644 ac

487 3684 684 3730 terram
733 3676 946 3746 implet,
967 3677 1124 3747 juxta
1151 3678 1296 3747 quod
1327 3679 1400 3732 ait
1433 3680 1701 3748 pr0pheta
1727 3678 1770 3733 ⁸.
1807 3677 1920 3734 Hac
1948 3679 2057 3734 ita-

452 3779 590 3835 ‘que
624 3767 855 3836 ratione,
921 3784 1051 3838 qua,
1085 3769 1331 3839 inquam,
1369 3770 1512 3825 Deus
1538 3770 1730 3826 habuit
1762 3780 2056 3842 antequam

490 3855 642 3914 ﬂeret
693 3859 878 3926 homo,
909 3875 1089 3930 neque
1135 3861 1256 3915 loco
1291 3862 1492 3918 absens
1515 3870 1621 3929 est,
1653 3871 1715 3918 ut
1740 3877 1799 3918 se
1823 3878 1890 3918 eo
1920 3878 2057 3918 con-

491 3946 628 4004 ferat
655 3966 670 4015 ;
702 3965 882 4020 neque
922 3951 1144 4016 iterum,
1185 3953 1377 4023 utjam
1419 3953 1684 4022 diximus,
1721 3955 1915 4024 spatiis
1945 3954 2058 4009 cir-

491 4041 894 4109 cumscribitur,
925 4059 1048 4113 qua:
1099 4043 1285 4098 omnia
1327 4044 1560 4115 perinde
1591 4044 1837 4115 impleat,
1877 4044 2059 4115 sitque

492 4134 744 4190 omnibus
796 4136 1050 4191 similiter
1099 4151 1389 4208 praesens:
1434 4123 1720 4203 Quomodo
1764 4139 1927 4210 igitur
1986 4138 2062 4194 ait

494 4227 776 4296 propheta,
832 4227 877 4281 Α
916 4229 1054 4298 facie
1092 4228 1326 4294 Domini,
1375 4230 1627 4300 quoniam
1674 4231 1815 4284 venit
1848 4231 1874 4284 ?
1914 4229 2060 4286 Sane

495 4315 660 4385 liquet
681 4317 958 4386 impletam
983 4333 1106 4375 esse
1131 4320 1475 4389 prophetiam
1498 4321 1599 4376 sub
1622 4330 1836 4392 tempus
1854 4321 2060 4377 adven-

494 4415 580 4460 tus
605 4404 807 4461 Christi
838 4407 893 4460 in
917 4421 1106 4461 carne.

2152 3241 2256 3294 γας
2287 3224 2420 3286 Θεός
2452 3241 2512 3276 τε
2542 3223 2640 3277 καὶ
2683 3221 2942 3292 βασιλεὺς
2974 3217 3368 3290 παραγίνεται.
3413 3217 3553 3269 Πότε
3599 3216 3754 3286 ἄρας

2153 3317 2218 3370 Εἰ
2251 3316 2326 3387 μὴ
2358 3317 2448 3369 ὅτε
2487 3314 2610 3369 καθ’
2631 3315 2781 3384 ἡμᾶς
2814 3313 2881 3365 δι’
2904 3312 3078 3382 ἡμᾶς,
3109 3309 3403 3382 ἀτρέπτως
3436 3308 3534 3362 καὶ
3580 3306 3758 3360 ἀναλ-

2153 3406 2393 3471 λοιώτως
2431 3407 2526 3459 καὶ
2564 3407 2969 3475 ἀναμαρτήτως
3007 3403 3463 3474 ένανθρωπήσας,
3495 3401 3754 3469 ἐγένετο.

2167 3499 2388 3570 Ἐπειδὴ
2430 3499 2539 3570 γὰρ
2570 3499 2605 3569 ἡ
2632 3497 2751 3551 θεία
2795 3495 2961 3567 φύσις
3002 3483 3298 3566 ἀσώματός
3325 3511 3388 3548 τε
3420 3493 3516 3549 καὶ
3542 3494 3759 3564 ἀπερί-

2155 3608 2424 3663 γραπτος,
2471 3591 2566 3644 καὶ
2609 3592 2669 3644 ἐν
2713 3589 2930 3661 οὐρανῷ
2969 3589 3110 3649 ὲστι,
3137 3587 3236 3641 καὶ
3260 3586 3358 3656 τὴν
3389 3587 3494 3656 γῆν
3529 3586 3756 3656 πεπλήο

2159 3701 2304 3757 ρωκε
2351 3683 2493 3737 κατά
2533 3682 2628 3736 τὸν
2673 3682 2902 3736 εἰπόντα
2951 3681 3263 3752 προφήτην.
3295 3679 3388 3751 Τῷ
3432 3676 3526 3733 οὖν
3553 3680 3758 3750 τρόπῳ

2157 3779 2354 3851 τούτῳ,
2377 3778 2523 3848 λέγω
2550 3777 2635 3849 δὴ,
2671 3775 2749 3848 τῷ
2795 3775 2903 3849 πρὸ
2944 3778 3046 3846 τῆς
3089 3773 3590 3846 ἐνανθρωπήσεως,
3632 3772 3760 3824 οὒτε

2159 3873 2378 3944 ἀπέστη
2409 3872 2599 3936 τόπου,
2629 3870 2720 3924 ίνα
2751 3871 2833 3934 είς
2856 3868 3020 3924 αὐτὸν
3044 3867 3461 3937 παραγένηται·
3493 3864 3629 3918 οὔτε
3663 3866 3762 3918 πά-

2158 3967 2244 4023 λιν
2293 3967 2372 4030 ὡς
2430 3966 2532 4037 ἤδη
2592 3965 2844 4034 εἴπομεν,
2902 3960 3308 4034 περιγράφεται
3355 3957 3761 4026 διαστήμασιν,

2161 4059 2340 4114 πάντα
2365 4058 2562 4128 ἐπίσης
2586 4053 2896 4127 πληροῦσα,
2922 4053 3016 4106 καὶ
3039 4053 3209 4105 πᾶσιν
3231 4049 3434 4120 ὁμοίως
3462 4048 3760 4118 παροῦσα·

2162 4151 2281 4214 πῶς
2328 4146 2421 4205 οῦν
2468 4165 2635 4220 φησιν
2668 4150 2697 4201 ὁ
2728 4149 3052 4218 προφήτης’
3087 4141 3225 4197 Ἀπὸ
3262 4141 3596 4210 προσώπου
3649 4145 3766 4194 Ku-

2154 4243 2295 4312 ρίου
2323 4240 2412 4294 ὅτι
2435 4232 2795 4309 ἐρχεται;⁷Η
2825 4235 3006 4306 δῆλον,
3041 4235 3124 4288 ὅτι
3151 4233 3296 4287 κατά
3318 4232 3410 4284 τὸν
3437 4231 3645 4301 καιρὸν
3665 4231 3765 4300 τῆς

2161 4333 2428 4405 ἐνσάρκου
2455 4330 2550 4386 τοῦ
2596 4327 2836 4401 Χριστοῦ
2866 4326 3193 4398 παρουσίας,
3241 4325 3276 4396 ἡ
3312 4323 3635 4396 προφητεία
3666 4340 3765 4376 πε-

2164 4426 2472 4497 πλήρωται.

559 4497 878 4561 Enimvero,
919 4513 1132 4554 summe
1159 4499 1563 4565 admirabilem,
1605 4502 2051 4573 pratcelsamque,

2232 4486 2399 4572 'Xm
2419 4519 2486 4588 τῇ
2518 4515 2620 4586 μὲν
2651 4511 3083 4585 ύπερφυεστάτη
3111 4513 3208 4564 καλ
3242 4509 3636 4580 ύπερκοσμίῳ,
3676 4509 3768 4562 καὶ

489 4604 555 4645 ac
608 4589 940 4645 ineﬂ‘abilem
990 4590 1291 4647 Salvatoris
1345 4593 1549 4647 Christi
1613 4594 1952 4649 nativitatem
2006 4595 2062 4649 in

487 4695 675 4746 carne,
708 4697 740 4738 a
777 4681 889 4737 Deo
933 4682 1239 4738 aﬂlatorum
1295 4684 1516 4739 Patrum
1565 4685 1916 4742 sermonibus
1963 4685 2062 4741 de-

488 4770 758 4838 liciantes,
791 4783 918 4829 ante
938 4776 1052 4846 jam
1083 4775 1490 4831 celebravimus
1522 4795 1535 4831 :
1561 4793 1686 4833 cum
1712 4777 1922 4850 angelis
1947 4777 2064 4832 lau-

490 4865 622 4921 dum
660 4867 868 4924 cantica
897 4869 1267 4938 prompsimus
1292 4885 1306 4934 ;
1335 4885 1460 4926 cum
1504 4871 1819 4941 pastoribus
1860 4871 2063 4944 gloriﬁ-

491 4958 737 5034 cavimus
769 4976 784 5014 :
819 4974 941 5014 cum
973 4957 1146 5031 Magis
1191 4960 1493 5016 obtulimus
1537 4977 1806 5029 munera;
1841 4963 2064 5018 tametsi

491 5063 599 5103 non
625 5065 840 5116 aurum,
870 5051 1197 5116 thusve,aut
1223 5053 1499 5122 myrrham
1525 5068 1540 5116 ;
1569 5053 1663 5108 Sed
1703 5054 1898 5108 horum
1923 5056 2064 5120 loco,

490 5142 651 5202 ﬁdem
681 5147 736 5200 in
763 5146 1066 5214 Christum,
1105 5163 1242 5202 auro
1275 5148 1658 5217 pretiosiorem
1683 5189 1698 5213 ,
1727 5149 2063 5221 fragrantio-

496 5252 606 5292 rem
633 5238 794 5294 thure
817 5256 832 5304 ;
857 5239 1184 5310 myrrhaque
1204 5248 1565 5295 conservante
1588 5256 1841 5311 corpora,
1863 5242 2066 5298 eximie

496 5327 876 5385 eﬂicaciorem.
899 5327 1018 5384 Non
1040 5330 1187 5384 enim
1219 5339 1431 5385 mortua
1454 5340 1640 5386 nostra
1671 5347 1899 5401 corpora
1929 5349 2064 5390 con-

423 5465 430 5480 .
496 5428 724 5486 servat;
759 5435 968 5476 verum
1021 5421 1230 5477 animas
1293 5421 1691 5478 immortalitati
1750 5434 2061 5481 consecrat.

500 5507 653 5567 Nunc
673 5519 856 5566 autem
878 5513 1020 5567 alius
1047 5512 1248 5568 Christi
1281 5516 1568 5582 adventus,
1614 5516 1756 5570 alius
1801 5531 2066 5574 occursus

503 5603 660 5658 nobis
691 5617 853 5659 causa
872 5605 1107 5660 exsistit.
1143 5605 1342 5661 Venite
1369 5622 1520 5678 ergo,
1551 5608 1880 5677 charissimi,
1913 5613 2062 5669 omni

572 5777 591 5809 ’
624 5775 781 5832 Rom.
811 5794 873 5847 tt,
909 5779 1000 5832 24:
1079 5781 1098 5812 ³
1125 5780 1328 5835 Jcrcm.
1362 5799 1513 5849 mn,
1545 5783 1637 5840 ﬁt.

2160 4611 2390 4683 ἀρρήτῳ
2413 4608 2509 4663 τοῦ
2542 4607 2801 4678 Σωτῆρος
2832 4603 3076 4677 Χριστοῦ
3105 4603 3252 4657 κατὰ
3285 4604 3465 4672 σάρκα
3496 4603 3767 4672 γεννήσει

2159 4705 2276 4766 τοῖς
2315 4701 2424 4755 τῶν
2468 4701 2749 4770 θεοφόρων
2779 4698 3044 4770 Πατέρων
3073 4694 3512 4766 ἐντρυφήσαντες
3548 4692 3765 4761 λόγοις,

2159 4795 2264 4867 ἤδη
2313 4791 2810 4863 προεορτάσαμεν’
2873 4787 3016 4860 μετὰ
3061 4785 3310 4854 ἀγγέλων
3361 4783 3726 4854 ὑμνήσαντες
3751 4799 3765 4813 ο

2164 4884 2306 4956 μετά
2337 4883 2610 4954 ποιμένων
2638 4879 2965 4946 δοξάσαντες
2985 4894 3000 4910 ο
3037 4878 3176 4949 μετά
3210 4877 3403 4948 μάγων
3433 4874 3766 4945 δωροφορή-

2169 4992 2364 5038 σαντες
2383 4990 2398 5005 ⁸
2456 4977 2507 5029 εἰ
2535 4973 2632 5028 καὶ
2663 4972 2740 5045 μὴ
2765 4970 2969 5043 χρυσὸν
2998 4971 3094 5024 καὶ
3111 4968 3333 5022 λίϐανον
3356 4965 3452 5019 καὶ
3481 4965 3761 5036 σμύρναν·

2165 5068 2278 5122 ἀλλ’
2306 5066 2430 5121 ἀντὶ
2460 5065 2689 5130 τούτων,
2731 5065 2832 5136 τὴν
2861 5064 2940 5128 είς
2969 5062 3060 5116 τὸν
3087 5060 3327 5132 Χριστὸν
3358 5058 3545 5111 πίστιν
3569 5072 3589 5086 ·
3645 5075 3764 5127 χρυ·

2169 5157 2264 5212 σοῦ
2288 5158 2386 5229 μὲν
2408 5153 2575 5212 οὖσαν
2593 5154 2960 5227 τιμιωτέραν·
2982 5152 3216 5207 λιϐάνου.
3236 5152 3316 5212 δὲ,
3343 5149 3760 5219 εὐωδεστέραν·

2168 5252 2416 5322 σμύρνης
2469 5249 2528 5303 δὲ
2579 5248 2684 5318 τῆς
2733 5245 3111 5317 φυλαττούσης
3154 5241 3226 5297 τὰ
3275 5242 3449 5312 νεκρά
3497 5239 3760 5310 σώματα,

2168 5342 2272 5396 ύπε
2282 5341 2618 5412 ρϐαλλόντως
2640 5343 2725 5393 ὲνε
2735 5338 3055 5412 ργεστέραν.
3077 5336 3155 5389 Οὐ
3181 5334 3291 5404 γὰρ
3314 5333 3384 5386 τά
3405 5330 3584 5400 θνητά
3607 5332 3764 5402 ἡμῶν

2168 5433 2435 5504 φυλάττει
2474 5433 2705 5504 σώματα
2723 5446 2736 5462 ’
2767 5430 2882 5485 ἀλλ’
2906 5428 3210 5491 ἀθανάτους
3239 5426 3339 5488 τὰς
3367 5423 3548 5494 ψυχὰς
3590 5425 3762 5493 ἀπρ-

2173 5525 2421 5593 γάζεται.
2461 5525 2576 5578 Νῦν
2625 5523 2683 5576 δὲ
2736 5522 2898 5593 ἑτέρα
2944 5517 3219 5590 παρουσία
3268 5513 3529 5586 Χριστοῦ,
3565 5513 3764 5581 ἐτέρας

2173 5617 2305 5687 ἡμῖν
2351 5616 2710 5686 ἀπαντήσεως
2760 5610 3041 5684 πρόξενος.
3092 5606 3262 5661 Δεῦτε
3303 5601 3420 5669 οὖν,
3457 5602 3758 5672 ἀγαπητοὶ,
