3934 6400
167 384 291 452 1569

1335 369 1424 431 SE
1433 368 1594 430 RMO
1643 366 1723 428 ΙΝ
1774 367 2216 431 SYMEONEM.

3267 363 3408 430 1570

163 499 324 553 πάντα
373 489 529 543 ὖκνον
579 482 692 536 τῶν
747 481 936 553 ψυχῶν
991 479 1429 553 ἀπορρίψαντες·
1481 476 1728 548 λαμπροὶ

1839 477 2029 532 animis
2055 476 2274 548 abiecto
2308 484 2528 546 torpore
2555 491 2570 543 ;
2604 475 2714 532 laeti
2743 475 2868 534 laete
2899 491 3255 534 occurramus
3284 477 3416 552 Regi

171 585 418 659 λαμπρῶς
447 578 524 648 τῷ
543 578 797 644 ,ϐασιλεῖ
827 575 948 629 τῶν
984 574 1214 629 αἰώνων
1245 573 1340 627 καὶ
1365 571 1578 642 Σωτῆρι
1599 570 1732 638 Χρι-

171 680 272 751 στῷ
307 672 723 741 ὑπαντήσωμεν.
752 668 890 738 Φησὶ
921 666 1033 737 γὰρ
1077 666 1106 718 6
1148 661 1547 734 εὐαγγελιστὴς
1588 662 1731 714 Λου-

166 775 277 835 κᾶς,
307 765 444 838 μετὰ
467 764 565 830 τὴν
586 762 930 833 ὀκταήμερον
959 758 1052 812 τοῦ
1082 757 1376 828 νομοθέτου
1405 756 1546 810 κατὰ
1566 755 1731 825 νόμον

163 860 478 936 περιτομήνο
497 856 634 909 ’Ὅτε
649 853 1056 921 ἐπλήσθησαν
1085 853 1145 905 αὶ
1176 849 1385 919 ἡμέραι
1417 847 1524 902 τοῦ
1551 852 1732 902 καθα-

157 951 365 1028 ρισμοῦ
395 947 595 1010 αὐτῶν
625 946 777 1000 κατὰ
814 943 922 998 τὸν
962 944 1154 1013 νόμον
1193 943 1490 1009 Μωῠσέως
1512 959 1525 972 ’
1561 941 1734 995 καθα-

167 1043 345 1119 ρισμοῦ
375 1039 617 1112 δηλονότι
639 1078 655 1104 ,
689 1038 789 1106 τῆς
821 1053 882 1089 τε
913 1037 1148 1107 Μαριὰμ
1187 1037 1281 1090 καὶ
1325 1036 1418 1089 τοῦ
1459 1035 1692 1106 βρέφους
1713 1050 1730 1069 ο

162 1138 250 1193 καὶ
274 1132 366 1188 τοῦ
396 1130 851 1202 προσδοκωμένου
882 1124 1022 1182 εῖναι
1062 1129 1300 1198 πατρόςο
1341 1128 1488 1197 λέγω
1535 1130 1600 1200 δὴ
1634 1127 1730 1182 τοῦ

172 1227 377 1296 Ἰωσήφ.
397 1223 537 1276 Ἀλλ’
565 1221 1008 1292 ἐκπληττόμενος
1034 1223 1128 1275 ἐπὶ
1157 1225 1271 1286 τοῖς
1299 1222 1567 1293 ῥηθεῖσιν,
1596 1222 1731 1293 πρὸς

161 1320 243 1374 τὸν
271 1316 553 1372 θεσπέσιον
586 1314 984 1384 εὐαγγελιστὴν
1016 1315 1227 1384 εἴποιμι
1267 1315 1332 1368 ἄν
1352 1331 1365 1344 ·
1389 1314 1440 1369 τί
1463 1314 1663 1382 λέγεις,
1685 1307 1730 1366 ὧ

164 1410 390 1484 μακάριε
427 1404 1040 1473 Λουκᾶ.Ἐπιλελῆσθαί
1071 1422 1162 1476 μοι
1195 1404 1371 1467 δοκεῖς
1393 1405 1505 1459 τῶν
1534 1404 1732 1459 ἀνωτέ-

162 1521 235 1575 ρω
280 1498 428 1569 παρὰ
475 1496 571 1551 σοῦ
607 1497 1054 1568 συγγραφέντων,
1090 1497 1396 1568 ἀναρμόδια
1437 1497 1548 1568 γὰρ
1593 1496 1728 1569 πρὸς

161 1593 332 1646 ἐκεῖνα
365 1589 434 1643 τὰ
467 1588 564 1643 νῦν
583 1588 734 1660 παρὰ
759 1588 851 1641 σοῦ
872 1586 1163 1656 λεγόμενα.
1187 1588 1302 1641 Οὐκ
1329 1589 1386 1640 ὲν
1405 1591 1522 1650 τοῖς
1544 1587 1728 1654 Εὐαγ-

161 1681 350 1751 γελίοις
390 1682 458 1750 τῇ
504 1680 818 1750 Θεομήτορι
871 1681 966 1732 καὶ
1021 1678 1269 1750 παναγίᾳ
1322 1678 1605 1749 Παρθένῳ.
1636 1678 1727 1730 τὸν

161 1775 292 1828 θεῖον
338 1771 582 1845 Γαϐριὴλ
626 1771 872 1840 εἰσάγεις
931 1771 1160 1838 λέγοντα
1181 1787 1194 1802 ·
1259 1771 1502 1841 Πνεῦμα
1552 1771 1725 1838 ἅγιον

158 1866 538 1920 ἐπελεύσεται
582 1863 682 1918 ἐπὶ
709 1864 804 1930 σὲ,
836 1863 932 1918 καί
979 1864 1233 1934 δύναμις
1265 1862 1564 1932 Ὑψίστου
1599 1864 1729 1916 ἐπι-

161 1956 388 2012 σκιάσει
421 1972 556 2020 σοι;
583 1956 709 2017 Πῶς
746 1951 842 2010 οὖν
886 1958 921 2025 ἡ
969 1959 1032 2010 ὲκ
1081 1956 1400 2027 Πνεῦματος
1444 1956 1602 2026 ἁγίου
1636 1955 1733 2010 καὶ

160 2049 428 2120 δυνάμεως
466 2048 725 2118 Ὑψίστου
782 2050 1067 2121 κυήσασα,
1103 2053 1198 2102 καὶ
1248 2051 1324 2120 μὴ
1379 2049 1520 2103 κατά
1568 2049 1732 2119 νόμον

160 2139 500 2212 ἀνθρωπίνης
525 2143 773 2211 κυήσεως
796 2181 811 2203 ,
841 2140 1187 2213 καθαρισμοῦ
1219 2142 1419 2196 δέεται.
1454 2141 1576 2205 Πῶς
1605 2141 1663 2196 δὲ
1697 2142 1730 2212 ἡ

160 2231 499 2303 πληρωθεῖσα
543 2231 639 2285 τοῦ
693 2233 879 2285 πᾶσαν
931 2233 1109 2286 κτίσιν
1161 2232 1449 2304 ὁρωμένην
1496 2234 1592 2286 καὶ
1635 2233 1731 2302 οὐχ

158 2324 426 2396 ὁρωμένην
474 2323 801 2393 ἁγιάζοντος
828 2366 842 2389 ,
901 2325 1226 2394 Πνεῦματος
1277 2326 1435 2394 ἁγίου
1493 2326 1735 2396 ὑπάρχει

159 2417 432 2492 ἀμέτοχος.
473 2416 599 2480 Πῶς
635 2417 692 2470 δὲ
734 2418 768 2488 ἡ
798 2417 1219 2472 ὲπισκιασθεῖσα
1247 2421 1312 2489 τῇ
1343 2417 1438 2471 τοῦ
1477 2417 1732 2487 Ὑψίστου

159 2509 409 2579 δυνάμει,
437 2509 503 2562 οὐ
536 2509 722 2580 πάσης
757 2510 1131 2581 καθαρότητος
1176 2510 1274 2564 καὶ
1323 2509 1594 2580 ἀγιασμοῦ
1632 2510 1736 2563 ὐπ-

159 2603 306 2674 άρχει
339 2602 632 2666 ἀνάπλεως
658 2601 856 2668 ς’Δλλὰ
879 2601 950 2655 τὰ
981 2603 1110 2673 ἑξῆς
1139 2601 1234 2656 τοῦ
1255 2601 1600 2672 ἀρχαγγέλου
1631 2601 1734 2672 ρή-

159 2711 297 2764 ματα
316 2734 332 2757 ,
361 2695 472 2748 τῶν
522 2695 800 2766 ῥηθέντων
836 2696 946 2748 εἰσὶ
974 2694 1328 2766 φοϐερώτερα
1349 2711 1363 2725 ο
1405 2693 1555 2764 λέγει
1584 2694 1694 2764 γάρ
1715 2709 1730 2724 ⁰

157 2786 248 2839 Διὸ
290 2786 390 2840 καὶ
435 2787 508 2840 τὸ
548 2785 926 2856 γεννώμενον
963 2787 1154 2856 ἅγιον,
1191 2787 1563 2855 κληθήσεται
1603 2785 1731 2852 Υἱὸς

160 2879 319 2933 Θεοῦ.
349 2879 446 2942 Τίς
486 2875 579 2932 οῦν
607 2879 851 2942 ἀκούσας
880 2877 1072 2949 πρώην
1101 2879 1252 2949 παρὰ
1288 2877 1380 2930 σοῦ
1413 2876 1609 2940 ταῦτα,
1641 2875 1736 2930 καὶ

158 2970 246 3024 νῦν
280 2971 500 3025 ἀκούων
533 2971 695 3026 πάλιν
733 2971 968 3042 βοῶντός
1003 2962 1130 3024 σου·
1164 2971 1295 3024 Ὅτε
1326 2969 1736 3037 ἐπλήσθησαν

156 3064 210 3114 ai
239 3059 448 3130 ἡμέραι
481 3061 587 3116 τοῦ
614 3059 992 3129 καθαρισμοῦ
1031 3058 1264 3113 αὐτῶν·
1300 3059 1361 3111 οὐ
1394 3056 1620 3118 δικαίως
1644 3056 1737 3108 ὲκ-

158 3152 378 3222 πλαγεὶς
422 3153 718 3223 ἐγκαλέσει
771 3170 874 3207 σοι.
915 3153 978 3205 Εί
1015 3151 1124 3223 γὰρ
1170 3150 1396 3221 Πνεῦμα
1442 3148 1601 3217 ἅγιον
1638 3147 1736 3218 τὴν

1763 3182 1811 3246 C

1830 568 2142 623 seculorum
2161 566 2206 635 ‘,
2243 567 2511 623 Salvatori
2529 568 2772 623 Christo.
2807 568 2900 623 Ait
2915 570 3118 640 quippe
3135 573 3416 642 evangeli~

1830 669 1912 716 sta
1944 661 2139 728 Lucas,
2185 671 2312 731 post
2339 661 2666 733 legislatoris
2695 676 2763 717 ex
2800 662 2936 734 legis
2965 664 3179 718 ratione
3221 674 3413 720 octava

1829 751 1918 806 die
1975 751 2451 808 circumcisionem
2490 770 2504 807 :
2539 753 2832 824 Postquam
2868 753 3076 824 impleti
3129 764 3252 810 sunt
3299 756 3414 810 dies

1829 845 2159 916 purgationis
2176 861 2358 900 eorum
2376 847 2661 900 secundum
2678 847 2841 917 legem
2858 847 2919 910 ,11
2927 848 3064 917 oysis
3083 848 3125 900 '.
3141 847 3415 919 Purgatio—

1830 936 1918 990 nis
1968 935 2176 1006 utique,
2209 946 2323 991 tum
2377 937 2580 1003 Mariae,
2625 947 2739 993 tum
2781 935 3026 1001 infantis,
3059 939 3287 1009 ejusque
3317 937 3413 1008 qui

1831 1038 1986 1097 pater
2031 1029 2446 1082 existimabatur
2491 1044 2639 1091 esse,
2695 1043 2894 1098 nempe
2940 1027 3186 1098 Josephi.
3228 1027 3413 1083 Caete-

1832 1136 1954 1173 rum
2001 1129 2237 1190 stupens
2268 1121 2335 1176 ad
2358 1122 2528 1176 verba
2560 1122 2699 1187 hac,
2738 1122 2793 1175 in
2826 1122 2976 1176 hunc
3004 1121 3230 1176 modum
3255 1136 3413 1176 com-

1832 1215 2148 1285 pellaverim
2197 1217 2574 1272 admirabilem
2624 1216 2848 1273 Lucam.
2876 1217 3016 1282 Ouid
3053 1217 3153 1282 ais,
3186 1232 3220 1270 ο
3253 1217 3414 1271 beate

1833 1305 1978 1359 Luca
2009 1305 2033 1358 ?
2066 1305 2285 1361 Videris
2327 1308 2530 1363 oblitus
2561 1323 2777 1371 eorum.
2819 1324 2942 1378 qua:
2981 1308 3239 1378 superius
3271 1308 3410 1362 scri-

1831 1413 2040 1468 pseras.
2075 1398 2210 1452 Nam
2255 1399 2542 1454 dissonant
2570 1400 2667 1455 abs
2703 1409 2755 1454 te
2791 1402 2955 1456 modo
3017 1401 3185 1455 dicta.
3217 1401 3412 1455 Nonne

1830 1490 1886 1545 in
1932 1489 2242 1562 Evangeliis
2283 1492 2528 1548 divinum
2571 1492 2882 1548 Gabrielem
2912 1493 3150 1557 inducis,
3200 1493 3254 1546 in
3295 1494 3413 1546 lure

1829 1582 2018 1644 verba,
2068 1581 2162 1636 Dei
2209 1582 2540 1637 Genitricem
2575 1598 2642 1638 ac
2687 1584 3089 1638 sanctissimam
3132 1583 3413 1652 Virginem

1828 1673 2131 1728 aliantem?
2160 1671 2391 1742 Spiritus
2418 1682 2632 1728 sanctus
2660 1675 2985 1742 superveniet
3004 1676 3061 1726 in
3081 1683 3150 1738 te,
3183 1683 3231 1726 et
3249 1674 3416 1727 virtus

1832 1762 2092 1818 Altissimi
2135 1762 2464 1816 obumbrabit
2503 1763 2642 1816 tibi?
2675 1763 2792 1827 Qua
2841 1777 2970 1832 ergo
3010 1763 3242 1826 ratione,
3293 1776 3417 1829 quae

1833 1870 1903 1910 ex
1961 1848 2173 1924 Spiritu
2217 1862 2431 1918 sancto,
2475 1869 2538 1909 ac
2568 1853 2836 1908 Altissimi
2879 1853 3086 1908 virtute
3131 1853 3414 1921 concepit,

1834 1961 1946 2000 non
1993 1956 2126 2000 vero
2159 1946 2462 2001 secundum
2493 1946 2666 2016 legem
2712 1946 2969 2000 humanae
3011 1943 3411 2014 conceptionis,

1834 2039 2157 2110 purgatione
2188 2038 2349 2108 eget?
2379 2038 2665 2104 Quomodo
2691 2045 2899 2101 autem,
2933 2051 3056 2105 quae
3091 2050 3158 2089 eo
3188 2033 3415 2103 impleta

1834 2131 1957 2196 fuit,
1998 2132 2092 2201 qui
2141 2139 2392 2186 naturam
2437 2146 2656 2186 omnem
2693 2138 2806 2184 tum
2855 2129 3032 2183 oculis
3081 2127 3412 2196 subjectam,

1835 2235 1951 2280 tum
1995 2240 2105 2280 non
2140 2224 2530 2294 aspectabilem
2589 2223 2917 2286 sanctificat,
2951 2221 3192 2292 Spiritus
3237 2217 3417 2274 sancti

1835 2329 2030 2384 expers
2090 2313 2363 2368 exsistit?
2406 2313 2510 2380 Qui
2534 2314 2781 2375 demam,
2839 2327 3005 2382 quam
3071 2308 3419 2365 obumbravit

1829 2407 2012 2478 Ovirtus
2055 2406 2346 2470 Altissimi,
2388 2421 2501 2460 non
2535 2405 2684 2461 omni
2716 2405 2983 2465 munditia
3012 2418 3075 2458 ac
3124 2401 3418 2456 sanctitate

1835 2500 1995 2569 plena
2027 2498 2144 2554 sit?
2172 2496 2374 2552 Verum
2401 2514 2522 2567 qua:
2558 2505 2863 2566 sequuntur
2894 2494 3058 2549 verba
3081 2490 3412 2562 archangeli,

1836 2591 1998 2646 dictis
2044 2589 2369 2645 terribiliora
2403 2597 2563 2653 sunt;
2593 2589 2670 2642 ait
2701 2588 2882 2642 enim:
2915 2586 2984 2640 Et
3009 2586 3125 2638 ideo
3149 2585 3288 2655 quod
3313 2600 3416 2637 na-

1836 2689 2008 2736 scetur
2030 2696 2096 2734 ea:
2115 2689 2164 2734 te
2181 2687 2444 2744 sanctum,
2470 2677 2637 2733 Filius
2668 2677 2767 2730 Dei
2797 2676 3090 2731 vocabitur.
3122 2675 3258 2740 Quis
3286 2688 3418 2746 ergo

1827 2773 1930 2836 ,ubi
1955 2773 2072 2828 haec
2096 2787 2274 2841 nuper
2297 2786 2362 2827 ex
2389 2780 2441 2825 te
2460 2769 2727 2832 audisset,
2760 2785 2909 2823 nunc
2938 2769 3135 2822 iterum
3173 2769 3417 2823 claman-

1839 2874 1949 2918 tem
1979 2863 2230 2927 audiens,
2260 2863 2552 2933 Postquam
2580 2861 2785 2930 impleti
2802 2871 2923 2914 sunt
2952 2861 3066 2914 dies
3089 2861 3420 2931 purgationi:

1837 2969 2018 3007 eorum
2043 2953 2212 3024 [vu|g.
2239 2951 2400 3024 ejus],
2429 2967 2539 3007 non
2563 2951 2762 3007 merito
2797 2960 3045 3021 stupens,
3079 2960 3131 3005 te
3159 2950 3420 3006 accuset?

1841 3042 2126 3112 Siquidem
2151 3042 2298 3098 enim
2323 3041 2563 3113 Spiritus
2585 3050 2810 3097 sanctus
2839 3040 3115 3116 Virginem
3149 3043 3414 3112 implevit,

1841 3150 1904 3189 ac
1925 3135 2188 3190 Altissimi
2229 3137 2402 3190 virtus
2444 3150 2610 3204 super
2651 3149 2771 3188 eam
2814 3135 3184 3200 obumbravit,
3240 3135 3419 3204 quod-

157 3241 429 3313 Παρθένον
481 3242 828 3313 ἐπλήρωσεν,
862 3242 958 3295 καὶ
995 3243 1028 3312 ἠ
1074 3240 1169 3294 τοῦ
1205 3240 1462 3310 Ὑψίστου
1509 3237 1736 3308 δύναμις

1841 3243 1948 3297 que
1992 3231 2202 3284 natum"
2231 3235 2316 3282 est
2365 3225 2422 3281 in
2462 3241 2548 3291 ea,
2583 3225 2679 3281 Dei
2729 3225 2948 3295 quidem
2989 3225 3161 3282 Filius
3207 3225 3423 3281 exsistit

159 3337 240 3389 ἐπ’
259 3335 397 3408 αὐτῇ
433 3335 769 3390 ἐπεσκίασεν
791 3349 805 3363 °
836 3333 930 3388 καὶ
972 3334 1056 3412 τὸ,
1079 3331 1421 3402 γεννώμενον
1449 3329 1511 3395 ἐξ
1542 3329 1736 3400 αὐτῆς,

159 3422 280 3488 Υίδς
309 3424 410 3495 μέν
442 3426 566 3478 ἔστι
592 3423 687 3477 τοῦ
720 3423 828 3495 πρὸ
854 3423 1068 3478 αίώνων
1089 3423 1226 3476 Θεοῦ
1252 3440 1266 3454 ο
1304 3423 1398 3475 καὶ
1426 3421 1521 3475 νῦν
1550 3421 1630 3487 δὲ,
1651 3419 1742 3474 διὰ

160 3515 252 3588 τὴν
290 3517 611 3588 οἰκονομίαν
639 3517 1044 3586 κληθήσεταυ
1076 3515 1192 3578 πῶς
1236 3515 1270 3585 ἡ
1304 3514 1408 3584 τῆς
1447 3513 1600 3576 θείας
1644 3513 1743 3567 xui.

156 3609 439 3679 ὁμοουσίου
482 3609 712 3680 Τριὰδος
740 3608 1084 3682 γεγενημένη
1119 3606 1365 3678 μέτοχος,
1396 3607 1456 3659 οὐ
1493 3606 1654 3674 μόνον
1675 3603 1738 3657 οὐ

155 3699 395 3755 λείπεται
446 3699 730 3770 ἁγιασμοῦ
779 3699 876 3754 καὶ
923 3699 1278 3769 καθάρσεως’
1329 3697 1446 3751 ἀλλ’
1480 3697 1606 3767 οὐχὶ
1645 3695 1740 3749 καὶ

157 3793 304 3864 πάσῃ
332 3797 400 3866 τῇ
433 3792 616 3846 κτίσει
645 3792 922 3864 ἀγιασμοῦ
953 3791 1050 3847 καὶ
1086 3790 1410 3861 καθάρσεως
1448 3788 1742 3859 γενήσεται

158 3887 439 3956 πρόξενος.
910 3901 914 3904 ·

231 3977 295 4030 Τί
333 3978 393 4031 δὲ
445 3976 588 4049 πρὸς
632 3975 810 4030 ταῦτα
854 3977 882 4028 ὁ
933 3973 1368 4048 εὐαγγελιστήςς
1417 3972 1517 4036 Οὒ.
1552 3974 1739 4046 φησιν,

157 4069 482 4140 ιπιλήσμων
513 4069 621 4122 τῶν
647 4069 737 4122 ὑπ’
758 4068 893 4139 ἐμοῦ
922 4068 1205 4143 ῥηθέντων
1224 4069 1484 4140 ἀνωτέρω
1507 4068 1707 4136 γέγονα
1725 4082 1739 4098 ⁸

156 4160 253 4214 ἀλλ
293 4160 421 4215 οὔτε
457 4160 802 4215 ἀνακόλουθα
840 4163 955 4226 τοῖς
1001 4160 1377 4232 προλαϐοῦσι,
1412 4161 1480 4214 τὰ
1510 4162 1605 4214 ἐπὶ
1647 4158 1742 4212 τοῦ

156 4253 429 4324 παρόντος
462 4253 700 4324 ρηθέντα
740 4269 850 4323 μοι.
900 4253 963 4307 Et
1011 4253 1109 4323 μὲν
1141 4253 1247 4323 γὰρ
1289 4253 1505 4323 ἔμεινεν
1539 4251 1746 4306 παντά-

157 4363 322 4400 πασιν
349 4349 380 4400 6
407 4347 555 4412 θεῖος
588 4347 762 4417 Λόγος
795 4349 854 4401 ὲν
887 4349 1000 4411 τοῖς
1027 4347 1193 4410 θείοις
1229 4345 1510 4417 ὑψώμασι,
1543 4345 1638 4399 καὶ
1667 4345 1744 4418 μὴ

155 4442 488 4509 κατεδέξατο
515 4440 780 4504 ἑκουσίως
814 4438 915 4510 τὴν
945 4439 1086 4511 πρὸς
1114 4439 1215 4510 τὴν
1243 4438 1522 4508 ἡμετέραν
1549 4437 1739 4491 ταπεί-

153 4551 321 4590 νωσιν
353 4534 793 4603 συγκατάϐασιν,
822 4531 1004 4597 καλῶς
1050 4529 1288 4597 ἐξένιζεν
1333 4531 1478 4602 ὑμᾶς
1522 4529 1643 4599 νῦν,
1671 4529 1742 4583 τὰ
1771 4520 1818 4576 υ

152 4627 286 4699 παρ’
311 4627 456 4698 ἐμοῦ
497 4626 804 4695 λεγόμενα·
839 4625 889 4677 εί
931 4625 989 4678 δὲ
1022 4623 1265 4695 ἄσαρκος
1299 4621 1376 4676 ὢν
1408 4625 1438 4676 6
1473 4622 1608 4686 Θεὸς
1647 4624 1742 4677 καὶ

151 4720 476 4792 ἀσώματος,
508 4719 673 4790 σῶμα
701 4717 801 4790 μὲν
830 4717 1187 4789 ἑψυχωμένον
1225 4717 1370 4788 ψυχῇ
1409 4715 1604 4789 λογικῇ
1649 4716 1744 4772 καὶ

150 4815 315 4886 νοερᾷ
349 4813 412 4880 ἐξ
443 4811 830 4882 ἀπειρογάμου
864 4810 1037 4881 κόρης
1065 4809 1184 4879 δι’ἡ
1195 4810 1302 4880 μᾶς
1325 4807 1739 4880 περιϐάλλεταιο

147 4907 291 4961 οἰκεῖ
317 4906 378 4960 δὲ
413 4905 636 4977 μήτραν
665 4905 1100 4976 ἀπεριγράπτως
1137 4901 1498 4982 παρθενικὴν,
1532 4903 1561 4956 6
1599 4899 1743 4972 πλη-

151 4996 262 5066 ρῶν
312 4996 385 5048 τὰ
438 4993 766 5065 σύμπαντα·
794 4995 1051 5062 γεννᾶται
1085 4992 1141 5045 δὲ
1173 4994 1231 5046 ὲν
1260 4994 1440 5064 χρόνῳ
1482 4992 1570 5046 διὰ
1621 4993 1748 5056 τοὺς

150 5087 257 5142 ὑπὸ
283 5088 505 5158 χρόνον,
525 5089 554 5140 ὁ
579 5087 789 5157 χρόνων
809 5085 902 5139 καὶ
923 5085 1138 5140 αίώνων
1167 5085 1540 5156 πρεσϐύτερος
1555 5099 1572 5116 θ
1607 5085 1748 5155 μᾶλ-

147 5169 240 5226 λον
293 5175 379 5238 δὲ,
427 5176 660 5244 ποιητής
751 5173 1024 5241 ἀγκάλαις
1068 5173 1126 5228 δὲ
1185 5175 1410 5245 Μητρὸς
1463 5173 1744 5244 Παρθένου

147 5264 666 5334 περιλαμϐάνεται,
705 5266 736 5318 6
769 5264 958 5337 θρόνον
1006 5265 1144 5337 ἔχων
1175 5265 1244 5320 τὰ
1273 5266 1589 5336 Χερουϐίμ·
1622 5267 1744 5336 τρέ-

148 5370 314 5423 φεται
347 5355 409 5408 δὲ
439 5354 697 5424 γάλακτι,
733 5356 763 5408 6
798 5356 946 5427 πάσῃ
979 5359 1046 5429 τῇ
1078 5357 1255 5410 κτίσει
1284 5358 1383 5427 τὴν
1411 5356 1558 5427 ζωὴν
1587 5375 1744 5429 χαρι-

147 5445 421 5517 ζόμενος⁸
456 5446 652 5516 φεύγει
682 5447 742 5500 δὲ
775 5449 867 5502 καὶ
900 5448 1148 5520 Ἡρώδην
1179 5451 1260 5513 εἰς
1291 5451 1589 5518 Αἴγυπτον,
1621 5453 1650 5504 6
1676 5450 1747 5503 τὰ

146 5539 488 5608 πρωτότοκα
516 5539 792 5608 Αἰγύπτου
825 5541 1090 5605 πατὰξας,
1125 5542 1220 5595 καὶ
1243 5541 1444 5612 Φαραὼ
1469 5558 1746 5596 καταπον-

1841 3327 1969 3386 ante
2009 3317 2251 3383 saecula;
2292 3333 2441 3372 nunc
2491 3333 2625 3373 vero
2664 3319 2827 3372 etiam
2862 3318 3156 3382 vocabitur,
3209 3320 3424 3374 ratione

1841 3410 2237 3465 incarnationis
2270 3425 2284 3476 ;
2336 3409 2630 3480 quomodo,
2687 3426 2810 3478 qua:
2849 3411 3048 3465 divinae
3082 3427 3148 3466 ac
3182 3412 3422 3467 consub-

1841 3501 2117 3558 stantialis
2157 3499 2438 3556 Trinitalis
2481 3499 2588 3556 fuit
2639 3499 2836 3554 elIecta
2866 3501 3164 3570 particeps,
3215 3503 3423 3557 nedum

1840 3609 1951 3648 non
1987 3592 2202 3648 deﬁciet
2247 3592 2614 3649 sanctitudine
2636 3607 2699 3646 ac
2742 3591 3001 3661 puritate,
3033 3593 3166 3662 quin
3191 3601 3245 3648 et
3265 3609 3424 3649 crea-

1843 3695 2025 3742 torum
2062 3683 2427 3751 universitati,
2470 3684 2861 3741 sanctitudinis
2889 3699 2954 3740 ac
2988 3684 3247 3756 puritatis
3287 3699 3422 3740 con-

1843 3775 2077 3832 ciliatrix
2103 3773 2370 3830 exsistet?

1914 3981 2055 4047 Quid
2099 3996 2228 4035 vero
2272 3981 2341 4036 ad
2389 3980 2505 4035 haec
2545 3981 2925 4053 evangelista?
2970 3982 3436 4057 Haudquaquam,

1847 4075 2047 4144 inquit,
2090 4073 2294 4128 oblitus
2337 4089 2457 4128 sum
2503 4089 2690 4130 eorum
2733 4091 2857 4142 qua
2901 4076 3011 4131 dixi
3043 4079 3335 4147 superius:
3371 4089 3428 4135 at
3477 4108 3482 4114 ·

1844 4181 2027 4236 neque
2051 4167 2163 4236 jam
2193 4174 2321 4220 ante
2362 4165 2545 4231 dictis,
2575 4183 2697 4237 quae
2736 4169 2898 4241 modo
2929 4169 3060 4235 dixi,
3087 4171 3272 4225 minus
3295 4187 3428 4227 con-

1845 4274 1979 4313 sona
2034 4267 2183 4313 sunt.
2239 4257 2518 4328 Siquidem
2586 4259 2730 4314 enim
2780 4260 3028 4316 divinum
3070 4263 3309 4319 Verbum
3368 4267 3427 4322 in

1847 4351 2049 4408 divinis
2068 4351 2292 4406 omnino
2312 4351 2603 4407 mansisset
2624 4353 3073 4421 snhlimitatibns,
3106 4372 3210 4412 nec
3231 4371 3428 4428 sponte

1847 4457 1944 4498 sua
1967 4442 2032 4496 ad
2071 4449 2313 4496 nostram
2348 4455 2407 4495 se
2427 4440 2792 4496 humilitatem
2836 4442 3099 4498 inclinare
3142 4445 3423 4520 voluisset,

1845 4536 2042 4591 merito
2065 4550 2208 4588 nunc
2227 4549 2323 4588 vos
2368 4534 2802 4604 perturbassent,
2826 4551 2950 4605 quae
2973 4552 3002 4590 a
3027 4553 3114 4592 me
3132 4538 3420 4594 dicuntur:

1844 4625 1929 4680 sin
1978 4635 2182 4685 autem,
2231 4639 2356 4678 cum
2396 4624 2541 4679 Dens
2593 4634 2763 4690 esset,
2805 4642 2869 4679 ac
2911 4642 3106 4696 expers
3154 4630 3423 4699 corporis,

1844 4731 2045 4787 corpus
2067 4717 2290 4786 quidem
2323 4717 2505 4770 anima
2542 4718 2771 4773 rationis
2797 4733 2862 4774 ac
2892 4719 3202 4776 intellectus
3251 4723 3426 4779 facul-

1845 4818 1957 4864 tate
1997 4809 2220 4879 praedita
2257 4809 2557 4863 animatum
2585 4851 2600 4876 ,
2646 4825 2712 4863 ex
2751 4809 2980 4880 innupta
3025 4813 3202 4882 puella
3245 4817 3425 4872 nostri

1845 4917 2010 4957 causa
2049 4901 2246 4967 induit,
2279 4916 2343 4955 ae
2369 4900 2713 4972 virginalem,
2744 4903 2840 4973 qui
2866 4906 3050 4960 omnia
3092 4909 3302 4978 implet,
3339 4909 3428 4964 in-

1849 4991 2264 5062 circumscripta
2315 4992 2530 5048 ratione
2557 4992 2828 5049 inhabitat
2868 5005 3126 5051 uterum:
3166 5005 3330 5066 atque
3355 4998 3425 5064 is,

1847 5084 1942 5154 qui
1971 5094 2057 5141 est
2087 5085 2302 5141 saeculis
2344 5086 2658 5156 antiquior;
2687 5087 2936 5157 quinimo
2969 5089 3222 5144 conditor
3248 5103 3426 5144 saecu-

1848 5177 2048 5244 lorum,
2081 5177 2136 5231 in
2169 5187 2415 5248 tempore
2450 5179 2712 5246 nascitur,
2730 5189 2956 5250 propter
2986 5197 3080 5235 eos
3113 5181 3207 5251 qui
3238 5191 3430 5240 essent

1847 5270 1954 5325 sub
1976 5277 2223 5340 tempore
2250 5287 2264 5324 :
2309 5269 2496 5326 Matris
2524 5271 2767 5343 Virginis
2798 5274 2942 5328 ulnis
2973 5275 3310 5345 astringitur,
3333 5275 3428 5345 qui

1849 5361 2006 5415 sedet
2048 5375 2214 5430 super
2239 5359 2535 5416 Cberubim
2566 5379 2583 5416 :
2609 5363 2750 5418 lacte
2784 5364 3048 5430 nutritur,
3093 5365 3183 5435 qui
3227 5367 3430 5422 creatis

1849 5453 2125 5509 universis
2147 5453 2309 5509 vitam
2335 5453 2560 5525 largitur
2585 5473 2599 5509 :
2629 5457 2685 5509 in
2705 5455 2998 5526 [Egyptnm
3017 5472 3237 5526 quoque
3264 5456 3432 5511 Hero-

1847 5545 1974 5600 dem
2019 5544 2175 5616 l’ngit,
2232 5545 2325 5616 qui
2364 5547 2635 5616 percussit
2682 5547 3039 5619 primOgenita
3077 5547 3315 5618 Egypti,
3365 5563 3435 5610 ae

141 5626 304 5691 τίσας
344 5629 446 5682 τὸν
489 5630 754 5701 τύραννον
777 5646 793 5661 ⁸
836 5631 1208 5687 ὑποτάσσεται
1255 5631 1312 5686 δὲ
1349 5635 1462 5697 τοῖς
1494 5631 1736 5702 γονεῦσιν

1850 5649 2141 5712 tyrannum
2174 5641 2516 5698 Pharaonem
2548 5639 2844 5697 submersit
2870 5661 2884 5696 :
2911 5640 3206 5711 subjicitur
3227 5653 3434 5715 paren-

227 5811 286 5887 ‘1
323 5829 478 5886 'l‘im.
507 5849 544 5900 ι,
575 5833 661 5888 l7.
740 5837 759 5866 ο
789 5839 920 5893 Luc.
951 5855 1012 5898 ιι.
1040 5838 1133 5892 ea.
