3934 6404
465 393 605 460 1575

1426 397 1739 458 LEONTII
1781 395 2293 459 NEAPOLITANI
2332 393 2674 456 EPISCOPI

3597 390 3742 458 15³1ίί

451 507 615 564 mini.
645 504 812 559 Plane
842 503 1078 574 Symeou
1099 545 1113 569 ,
1145 503 1348 560 bonum
1391 520 1451 560 es
1484 516 1815 561 consecutus
1834 547 1850 571 ,
1876 506 2028 577 quale

2139 505 2270 576 πρὶν
2295 505 2362 558 ἂν
2381 486 2476 577 ’ίδη
2505 503 2598 558 τὸν
2626 504 2865 575 Χριστὸν
2895 502 3119 574 Κυρίου.
3166 502 3464 574 Ἐπέτυχες
3493 503 3739 575 ἀληθῶς,

457 613 625 653 nemo
653 612 894 665 unquam
913 597 1304 667 prophetarum
1323 600 1586 669 consequi
1619 600 1818 670 potuit.
1845 597 2046 655 Beatus

454 701 650 741 revera
677 701 761 748 es,
794 685 888 755 qui
921 686 976 739 in
1016 693 1233 756 tempus
1263 687 1532 758 ejusmodi
1560 704 1590 743 a
1624 689 1737 744 Deo
1763 689 1932 744 fueris
1961 704 2046 744 re-

456 785 733 831 servatus.
1236 788 1243 794 ”

529 863 602 918 Et
632 865 772 918 venit
801 865 857 918 in
888 865 1080 934 spiritu
1111 864 1167 918 in
1207 865 1478 935 templum.
1511 865 1656 920 Nihil
1685 866 1834 922 enim
1869 866 2046 922 sancti

457 959 610 1012 velut
639 975 668 1010 a
699 972 759 1011 se
788 956 1007 1025 impulsi
1039 967 1252 1027 agunt,
1284 957 1380 1011 sed
1417 966 1674 1012 movente
1697 965 1888 1012 sancto
1918 957 2045 1028 Spi-

457 1051 586 1106 ritu.
620 1050 826 1105 Etcum
849 1051 1153 1105 inducerent
1179 1065 1402 1118 puerum
1422 1047 1605 1104 Iesum
1633 1058 1880 1120 parentes
1906 1049 2045 1119 ejus,

455 1150 514 1194 ut
535 1143 776 1212 facerent
799 1141 1086 1196 secundum
1105 1141 1534 1212 consuetudinem
1560 1139 1687 1210 legis
1707 1156 1802 1210 pro
1824 1156 1882 1195 eo
1901 1141 1966 1194 ".
2001 1137 2047 1196 0

455 1247 597 1303 puer
649 1240 826 1287 matre
873 1247 1178 1302 puerpera;
1219 1230 1353 1300 quin
1405 1240 1462 1286 et
1509 1230 1784 1286 universis
1830 1231 2046 1288 saeculis

455 1323 738 1377 exsistens
762 1322 1038 1392 antiquior
1067 1325 1081 1377 l
1117 1321 1163 1377 0
1201 1337 1340 1393 puer
1392 1322 1627 1377 necdum
1670 1323 1911 1376 sermoni
1946 1323 2046 1377 ba-

454 1413 598 1468 bens
630 1414 943 1483 expeditam
969 1415 1230 1486 linguam,
1251 1413 1468 1468 tametsi
1493 1429 1625 1468 vero
1641 1413 1922 1484 prophetis
1947 1429 2048 1483 per

453 1503 716 1573 Spiritum
736 1521 1047 1561 sermonem
1071 1506 1328 1561 insones!
1359 1503 1404 1560 0
1418 1505 1581 1562 Mosis
1599 1505 1788 1572 lictor;
1817 1505 2046 1575 eiusque

453 1604 508 1649 te
539 1597 664 1668 legi,
697 1597 833 1667 quin
863 1597 915 1652 ei
948 1598 1141 1669 magis,
1161 1612 1325 1669 quam
1358 1598 1576 1653 tulisses
1597 1597 1736 1667 ipse,
1765 1612 1864 1667 per
1884 1597 2046 1653 beni-

452 1687 722 1758 gnitatem
752 1688 1112 1744 submittens!
1147 1686 1193 1744 0
1246 1688 1422 1744 factor
1456 1688 1610 1759 legis,
1662 1687 1908 1758 Novique
1937 1685 2046 1742 Te-

451 1780 1036 1836 stamentieonditorl
1077 1776 1547 1847 Quemadmodum
1601 1780 1749 1835 enim
1794 1795 1890 1835 rex
1938 1779 2044 1834 ali-

450 1871 575 1938 quis
604 1869 1043 1941 legemaliquam
1061 1872 1334 1929 conscribi
1364 1872 1585 1942 iubens,
1619 1880 1736 1926 tum
1755 1886 1875 1926 eam
1913 1886 2041 1942 pro-
2073 1849 2119 1910 Β

449 1961 570 2031 pria
593 1961 1000 2031 subscriptione
1023 1962 1199 2017 munit
1223 1980 1238 2030 ;
1273 1971 1388 2017 tum
1405 1963 1624 2026 iterum,
1650 1977 1774 2018 cum
1798 1961 2039 2027 libuerit,

443 2053 940 2124 primamquidem
969 2054 1146 2126 legem
1179 2054 1462 2124 antiquat,
1489 2054 1545 2109 id
1565 2063 1649 2109 est
1667 2054 1894 2124 implet:
1919 2053 2041 2123 ejus

434 2154 638 2199 :autem
672 2146 813 2211 loco,
835 2145 1222 2201 sublimiorem
1252 2146 1427 2216 legem
1470 2145 1632 2200 aliam
1676 2145 1888 2200 inducit
1915 2162 1929 2198 :
1961 2143 2042 2200 sic

437 2235 722 2293 Dominus
747 2237 895 2294 :«Ubi
925 2248 1168 2294 veterem
1186 2239 1358 2310 legem
1377 2238 1539 2293 Mosis
1564 2252 1729 2308 opera
1753 2236 2034 2302 edidisset,

427 2339 508 2385 vut
525 2331 662 2386 vidit
691 2332 770 2386 sic
799 2331 1022 2398 habere,
1048 2340 1110 2386 ut
1131 2331 1200 2387 ad
1224 2332 1524 2402 perfectum
1543 2331 1677 2385 nihil
1699 2329 2032 2396 adduceret;

424 2437 570 2476 .eam
601 2423 824 2492 quidem
869 2422 989 2493 ipse
1030 2422 1244 2493 implet,
1276 2423 1516 2493 legitima
1544 2421 1728 2477 omnia
1779 2419 1987 2475 faciens
2015 2437 2030 2474 :

433 2509 895 2565 Introduction“:
933 2521 1112 2566 autem
1138 2511 1370 2566 melioris
1405 2511 1539 2582 legis
1571 2510 1724 2576 fecit,
1757 2527 1851 2580 per
1871 2527 2034 2581 quam

421 2602 903 2668 .proximamusad
937 2602 1107 2656 Deum
1133 2604 1198 2668 “,
1243 2612 1305 2659 ut
1331 2603 1614 2674 apostolus
1633 2602 1836 2657 Paulus
1870 2601 1967 2656 ait.

2145 589 2190 649 ὦ
2214 594 2462 665 Συμεὼν,
2487 595 2795 666 ὲπιτυχίας,
2817 589 2884 665 ἧς
2909 595 3086 659 οὐδεὶς
3111 595 3219 648 τῶν
3241 593 3412 648 πάλαι
3439 595 3742 666 προφητῶν

2145 688 2426 758 ἐπιτυχεῖν
2461 683 2769 757 δεδύνηται.
2818 688 3104 756 Μακάριος
3151 684 3203 739 εἰ
3245 687 3320 748 ὠς
3367 686 3615 757 ἀληθῶς,
3660 687 3741 739 ὃτι

2145 777 2226 840 εἰς
2253 774 2500 829 τοιοῦτον
2530 775 2722 846 καιρὸν
2750 778 2814 828 ἐκ
2858 774 2995 828 Θεοῦ
3028 775 3349 846 τετήρησαι.

2214 866 2328 921 Kal
2377 863 2567 936 ἦλθεν
2605 865 2678 920 ἐν
2714 865 2795 932 τῷ
2841 867 3146 936 Πνεύματι
3179 869 3265 933 εἰς
3310 868 3380 921 τὸ
3422 869 3614 937 ἱερόν.
3667 869 3741 921 Οὐ

2145 955 2256 1028 γὰρ
2283 957 2663 1028 αύτοκινήτως
2701 959 2751 1011 oi
2786 958 2935 1027 ἀγιοί
2955 975 3008 1012 τι
3041 957 3490 1028 διαπράττονται,
3529 957 3654 1012 ἀλλ’
3681 961 3744 1013 ἐκ

2146 1047 2467 1120 Πνεύματος
2511 1048 2672 1117 ἀγίου
2715 1050 3051 1119 κινούμενοι.
3105 1049 3219 1104 Kal
3257 1049 3330 1104 ἐν
3371 1048 3454 1116 τῷ
3498 1053 3744 1120 εἰσαγα-

2145 1141 2274 1211 γεῖν
2301 1139 2446 1207 τοὺς
2473 1140 2672 1211 γονεῖς
2701 1140 2770 1195 τὸ
2795 1140 3037 1195 παιδίον
3077 1141 3324 1210 Ἰησοῦν
3347 1140 3458 1194 τοῦ
3483 1139 3743 1210 ποιῆσαι

2144 1232 2368 1299 αὐτοὺς
2412 1232 2562 1286 κατὰ
2590 1231 2658 1287 τὸ
2698 1231 3040 1303 ειθισμένον
3084 1233 3194 1287 τοῦ
3234 1233 3426 1303 νόμου
3462 1234 3606 1302 περὶ
3640 1235 3744 1288 αὐ-

2144 1323 2274 1378 τοῦ.
2305 1319 2376 1377 Ὦ
2406 1323 2621 1378 παιδίον
2674 1325 2772 1396 τῆς
2813 1323 3084 1393 τεκούσης
3131 1341 3194 1378 σε
3243 1324 3489 1395 μητρός·
3537 1324 3744 1395 μᾶλλον

2143 1414 2222 1477 δὲ.
2248 1414 2358 1469 τῶν
2385 1414 2600 1470 αἰώνων
2639 1415 2918 1480 ἀπάντων,
2956 1416 3206 1487 ὑπάρχον
3239 1414 3632 1485 παλαιότερον.
3674 1409 3743 1467 '0

2144 1506 2358 1561 παιδίον
2428 1509 2594 1579 μήπω
2641 1507 2929 1579 τρανῶσαν
2953 1507 3052 1579 τὴν
3089 1507 3366 1576 γλῶσσαν,
3409 1507 3510 1560 καί
3548 1523 3638 1560 τοι
3687 1507 3744 1562 δι

2144 1598 2452 1669 προφήταις
2477 1597 2704 1668 ὲνηχοῠν
2727 1598 2820 1652 τὸν
2849 1597 3008 1667 λόγον
3033 1597 3121 1652 διά
3147 1597 3244 1651 τοῦ
3271 1597 3623 1669 Πνεύματος.
3674 1595 3742 1651 '0

2143 1689 2238 1744 τοῦ
2283 1690 2529 1752 Μωσέως
2563 1689 2799 1751 πλάστα.
2831 1689 2929 1744 καὶ
2960 1689 3039 1760 τῷ
3066 1689 3257 1743 τούτου
3287 1689 3442 1760 νόμῳ
3469 1705 3485 1719 ⁸
3529 1689 3742 1759 μᾶλλον

2143 1780 2200 1834 δὲ
2225 1779 2304 1852 τῷ
2327 1779 2515 1850 οἰκείῳ
2541 1778 2632 1832 διὰ
2661 1778 3077 1849 φιλανθρωπίαν
3103 1777 3297 1831 ἑαυτὸν
3317 1777 3658 1832 ύποκλίνων.
3675 1773 3743 1831 Ὠ

2144 1869 2239 1924 τοῦ
2272 1869 2439 1939 νόμου
2480 1867 2700 1940 ποιητὰ,
2740 1867 2835 1920 καὶ
2877 1867 2978 1936 τῆς
3010 1867 3220 1938 Καινῆς
3245 1866 3531 1936 Διαθήκης
3581 1883 3743 1936 νομο-

2145 1959 2295 2013 θέτα.
2333 1957 2603 2028 Καθάπερ
2646 1955 2756 2028 γὰρ
2801 1955 3054 2027 βασιλεύς
3083 1973 3171 2021 τις
3216 1957 3384 2027 νόμον
3409 1956 3739 2025 τυπωθῆναι

2144 2049 2406 2114 κελεύων,
2455 2049 2548 2103 καὶ
2586 2049 2767 2120 οἰκείᾳ
2804 2047 3218 2120 ύποσημειώσει
3261 2047 3455 2102 τοῦτον
3485 2047 3736 2117 βεϐαιοῖο

2143 2143 2241 2199 καὶ
2285 2141 2450 2196 πάλιν
2497 2143 2628 2196 ὅταν
2685 2140 2965 2212 βούληται,
3016 2141 3108 2194 τὸν
3151 2141 3251 2212 μὲν
3299 2139 3523 2212 πρῶτον
3577 2140 3739 2207 νόμον

2143 2235 2329 2302 παύει,
2361 2235 2531 2306 ἡγουν
2562 2233 2796 2306 πληροῖο
2829 2232 3146 2302 ἀντεισάγει
3188 2231 3246 2286 δὲ
3291 2231 3490 2285 τούτου
3540 2229 3742 2300 ὑψηλο-

2141 2329 2306 2401 τέραν
2353 2328 2480 2382 νέαν
2533 2323 2888 2396 νομοθεσίανο
2917 2324 3094 2389 οὕτως
3145 2325 3242 2378 καὶ
3283 2325 3311 2377 ὁ
3360 2323 3615 2395 Κύριος,
3648 2323 3744 2375 τὸν

2139 2419 2308 2472 πάλαι
2365 2418 2532 2489 νόμον
2595 2417 2686 2472 διὰ
2729 2416 3010 2481 Μωῦσιως
3071 2416 3405 2488 ἐκθέμενος·
3465 2415 3546 2479 ὡς
3597 2409 3742 2467 οἶδεν

2137 2511 2326 2564 τοῦτον
2380 2509 2587 2581 μηδένα
2633 2507 2980 2562 τελειοῦντα·
3030 2508 3220 2563 τοῦτον
3278 2509 3378 2580 μὲν
3431 2505 3741 2577 αὐτουργίᾳ

2141 2602 2360 2672 πληροῖ,
2401 2600 2490 2654 διά
2517 2598 2614 2653 τοῦ
2645 2600 2869 2670 ποιῆσαι
2893 2597 2962 2652 τά
2981 2598 3422 2670 νομοθετηθέντα
3442 2638 3461 2654 .
3497 2599 3743 2652 Ἐπεισ-

422 2695 686 2766 amrin-
732 2695 802 2750 δὲ
846 2698 1189 2765 κρείττονος
1228 2697 1593 2768 νομοθεσίας
1635 2695 1956 2767 εἰργάσατο
1980 2736 1996 2764 ,
2050 2694 2127 2750 δι’
2177 2691 2252 2764 ἧς
2289 2690 2599 2766 ἐγγίζομεν
2659 2689 2740 2758 τῷ
2807 2689 2964 2757 Θεῷ,
3009 2690 3086 2755 ὥς
3128 2707 3295 2762 φησιν
3341 2693 3370 2744 ὁ
3437 2687 3742 2750 ἀπόστολος

425 2790 691 2853 Παῦλος.

516 2881 752 2953 Symeon
787 2889 978 2938 autem
1006 2885 1205 2954 accepit
1240 2900 1473 2956 puerum
1511 2886 1565 2940 in
1595 2887 1750 2942 ulnas
1776 2903 1922 2942 suas.
1952 2885 2033 2940 Te

422 2975 667 3037 vitcrum,
701 2989 736 3028 o
761 2975 1019 3043 Symeon,
1049 2977 1268 3032 beatum
1298 2979 1497 3034 dicam.
1529 2977 1738 3034 Revera
1765 2981 1910 3035 enim
1946 2979 2032 3034 di-

420 3079 583 3134 .-gnus
611 3079 694 3126 es,
724 3065 820 3133 qui
869 3064 1064 3121 beatus
1097 3066 1315 3122 dicaris.
1360 3068 1442 3122 En
1487 3068 1634 3122 enim
1660 3111 1674 3135 ,
1709 3069 1888 3140 ipsum
1936 3069 2032 3140 qui

426 3156 660 3210 tveliitur
692 3170 860 3226 super
895 3155 1205 3212 .Cherubim
1231 3200 1245 3225 ,
1300 3158 1356 3213 in
1421 3159 1578 3214 ulnas
1625 3160 1907 3231 accepisti.
1946 3158 2028 3214 En

424 3243 735 3313 "Seraphim
766 3245 1214 3315 inaspectabilem
1239 3288 1256 3313 ,
1305 3247 1572 3303 senilibus
1609 3251 1782 3306 oculis
1836 3251 2030 3306 videns

423 3335 755 3390 .oblectaris.
808 3335 889 3389 En
933 3352 1096 3401 eum,
1144 3352 1306 3406 quem
1359 3337 1615 3394 Ezechiel
1666 3341 2029 3411 quadriformi

425 3427 570 3482 .sede
602 3427 892 3481 sublimem
929 3427 1081 3494 vidit,
1122 3431 1265 3486 intra
1297 3431 1456 3485 ulnas
1495 3448 1597 3502 pro
1649 3449 1804 3490 more
1842 3433 2026 3489 infan-

422 3519 509 3573 tis
545 3519 802 3588 positum,
843 3521 1097 3576 manibus
1130 3522 1408 3594 astringis.
1450 3525 1554 3591 Qui
1583 3542 1714 3598 ergo
1750 3543 1862 3583 non
1895 3528 2028 3585 bea-

423 3620 551 3669 .tus.
583 3611 676 3680 qui
713 3619 793 3665 tut
829 3626 895 3667 ac
929 3613 1098 3667 tantis
1129 3614 1286 3670 bonis
1323 3616 1523 3687 dignus
1553 3618 1777 3675 habitus
1803 3620 1924 3676 sis?

509 3703 580 3757 Et
604 3703 869 3758 benedixit
887 3703 1086 3768 Deum,
1112 3713 1161 3758 et
1181 3705 1316 3758 dixit
1347 3721 1366 3760 :
1398 3706 1552 3760 Nunc
1573 3708 1801 3764 dimittis
1821 3726 2029 3764 servum

425 3803 622 3860 tuum,
663 3795 916 3859 Domine,
947 3797 1245 3850 secundum
1272 3797 1487 3852 verbum
1519 3808 1670 3854 tuum
1710 3801 1766 3854 in
1802 3817 1932 3871 pace
1959 3801 2025 3856 ⁸⁷.

425 3883 640 3938 vFessus
674 3898 794 3938 sum
823 3925 836 3948 ,
886 3883 1114 3940 Domine
1136 3924 1153 3951 ,
1200 3889 1490 3956 praesentis
1522 3890 1709 3945 seculi
1745 3905 2025 3948 carcerem

439 3975 713 4030 habitans.
752 3973 1028 4030 lncolatus
1066 3992 1224 4031 meus
1253 3978 1603 4050 prolongatus
1631 3991 1749 4046 est,
1799 3983 2026 4038 lubens-

433 4081 545 4134 que
577 4065 848 4136 migrabo,
870 4066 978 4121 =ubi
1008 4067 1266 4121 habitatio
1283 4078 1357 4122 est
1375 4069 1672 4124 lwtantium
1701 4073 1934 4127 omnium
1958 4073 2021 4126 ³⁸.

434 4155 660 4211 Dimitte
691 4172 801 4222 me,
835 4157 1087 4212 Domine.
1129 4157 1175 4211 A
1211 4159 1376 4215 rebus
1406 4161 1552 4215 enim
1593 4162 1858 4232 subjectis
1886 4179 2024 4218 ocu-

427 4247 503 4300 lis
547 4247 770 4302 liberari
827 4257 1036 4319 satago.
1086 4247 1207 4302 .lam
1258 4252 1549 4320 prophetia
1613 4253 2020 4324 propinquavit.

429 4337 576 4391 Ecce
604 4337 716 4406 jam
750 4336 907 4392 adest
939 4339 1210 4394 Salvator.
1261 4339 1515 4396 Viderunt
1545 4344 1690 4398 enim
1738 4346 1878 4398 oculi
1922 4348 2023 4400 mei

2219 2878 2282 2930 '0
2315 2876 2374 2930 δὲ
2401 2874 2628 2945 Συμεὼν
2657 2873 2905 2939 ἐδέξατο
2947 2875 3012 2929 τὸ
3051 2875 3262 2930 παιδίον
3299 2878 3388 2944 εἰς
3413 2877 3522 2944 τὰς
3556 2878 3743 2947 drmi-

2135 2970 2254 3034 Jac
2280 2967 2490 3022 αὑτοῦ.
2539 2967 2709 3022 Πάλιν
2750 2967 2810 3020 σὲ
2845 2966 3156 3038 μακαρίσω,
3183 2962 3229 3022 ὦ
3257 2967 3506 3038 Συμεών.
3536 2971 3741 3024 Max:-

2137 3059 2336 3134 ρισμοῢ
2371 3060 2482 3131 γὰρ
2529 3058 2745 3128 ἀληθῶς
2794 3059 2945 3125 ἀξιος
2994 3057 3267 3127 πέφυκας.
3313 3058 3448 3112 Ἰδοὺ
3479 3060 3593 3130 γὰρ
3645 3063 3742 3114 τὸν

2135 3153 2229 3206 ἐπὶ
2255 3151 2365 3206 τῶν
2399 3149 2685 3222 Χερουϐὶμ
2713 3149 3102 3221 ὲποχούμενον,
3133 3152 3191 3203 ἐν
3235 3149 3512 3217 ἀγκάλαις
3540 3150 3737 3216 ἐδέξω.

2145 3244 2278 3299 Ἰδοὺ
2304 3243 2398 3296 τδν
2429 3244 2544 3306 τοῖς
2575 3242 2831 3312 Σεραφίμ
2863 3240 3196 3313 ἀθεώρητον,
3234 3246 3495 3313 γηραιοῖς
3537 3243 3741 3311 ὀφθαλο

2135 3337 2258 3407 μοῖς
2305 3334 2557 3406 καθορῶν
2603 3334 2898 3408 ἐπιτέρπῃ.
2945 3333 3078 3387 ’ἰδοὺ
3129 3333 3223 3388 τὸν
3267 3335 3375 3388 ὑπὸ
3441 3335 3733 3410 Ἰεζεκιὴλ,

2131 3428 2225 3481 ἐπὶ
2259 3427 2643 3498 τετραμόρφον
2671 3425 2864 3498 θρόνου
2895 3425 3266 3498 θεωρηθέντα,
3297 3427 3358 3478 ἐν
3385 3430 3510 3492 ταῖς
3540 3431 3735 3500 χερσὶν

2130 3518 2206 3582 ὡς
2233 3517 2432 3591 βρέφος
2466 3517 2823 3590 ὲναγκαλίζη.
2870 3517 2996 3582 Πῶς
3028 3514 3123 3572 οὖν
3160 3519 3259 3589 οὐχ
3299 3518 3578 3590 ὑπάρχεις
3630 3539 3735 3591 μα-

2129 3609 2342 3681 κάριος,
2378 3608 2638 3663 τοιούτων
2681 3610 2777 3664 καὶ
2816 3608 3153 3680 τηλικούτων
3175 3609 3432 3674 ἀξιωθεὶς
3465 3611 3732 3680 ἀγαθῶν;

2199 3700 2311 3756 Kal
2334 3700 2686 3770 ηὐλόγησεν
2714 3699 2822 3754 τὸν
2848 3701 3018 3764 Θεὸν,
3055 3700 3154 3754 καί
3182 3697 3358 3755 εἶπεν
3375 3717 3392 3732 ο
3423 3702 3562 3756 Νῦν
3584 3703 3734 3757 ἀπο.

2127 3793 2298 3858 λύεις
2329 3791 2434 3846 τὸν
2482 3790 2712 3845 δοῦλόν
2756 3805 2896 3854 σου,
2926 3789 3219 3856 Δέσποτα,
3264 3795 3420 3847 κατὰ
3451 3794 3520 3847 τὸ
3561 3793 3732 3863 ῥῆμά

2125 3897 2246 3937 σου
2267 3881 2588 3952 ἐνείρήνῃ.
2622 3881 2921 3952 Κέκμηκα,
2953 3882 3223 3946 Δέσποτα,
3252 3883 3314 3937 τὸ
3339 3885 3732 3957 δεσμωτήριον

2127 3975 2292 4028 οἰκῶν
2329 3972 2426 4026 τοῦ
2457 3972 2726 4043 παρόντος
2767 3973 2984 4037 αἰῶνος.
3020 3971 3309 4044 Ἐχρόνισα
3336 3975 3395 4028 ὲν
3425 3977 3492 4046 τῇ
3526 3993 3731 4047 παροι-

2127 4067 2242 4138 κίᾳ,
2275 4065 2372 4120 καὶ
2403 4064 2502 4136 τὴν
2539 4065 2820 4136 μετοικίαν
2860 4065 3202 4136 ἀσπάζομαι,
3236 4065 3367 4120 ἔνθα
3401 4069 3730 4137 εὐφραινο-

2118 4157 2324 4227 μένων
2371 4155 2618 4210 πάντων
2663 4158 2701 4226 ἡ
2756 4157 3046 4211 κατοικΙα.
3112 4159 3414 4214 ’Δπόλυσόν
3466 4177 3578 4232 με,
3633 4163 3731 4215 Δέ-

2127 4266 2321 4304 σποτα.
2373 4249 2785 4321 Ἀπαλλαγῆναι
2827 4250 2937 4320 γὰρ
2985 4249 3095 4304 τῶν
3133 4251 3448 4322 ὼρωμένων
3502 4255 3731 4322 ἐπείγο-

2127 4362 2244 4414 μαι.
2291 4342 2421 4397 ’1δοῦ
2453 4345 2485 4414 ὴ
2520 4343 2830 4415 προφητεία
2867 4343 3119 4413 ἤγγικεν.
3164 4345 3294 4398 ’ἰδοὺ
3335 4345 3398 4397 τὸ
3448 4346 3728 4417 σωτήριον

430 4429 673 4482 salutare
701 4438 850 4482 tuum
877 4431 940 4494 ⁸ο,
973 4430 1043 4485 de
1079 4447 1187 4501 quo
1209 4433 1478 4488 clamabat
1514 4435 1674 4488 Isaias
1699 4453 1712 4488 :
1738 4437 1873 4491 Ecce
1894 4437 2020 4491 Sion

2139 4431 2407 4504 πάρεστιν.
2456 4429 2638 4488 Εἶδον
2669 4435 2779 4505 γάρ
2813 4437 2868 4488 οἰ
2912 4435 3213 4503 ὀφθαλμοί
3244 4453 3366 4505 μου
3409 4436 3480 4490 τὸ
3525 4438 3729 4506 σωτή-

426 4521 620 4574 ciuitas
647 4521 888 4575 salutare
925 4533 1160 4577 nostrum
1181 4525 1250 4578 ".
1280 4525 1450 4580 Porro
1479 4523 1609 4580 Sion
1641 4526 1882 4583 Ecclesia
1914 4538 2018 4592 cst,

2139 4529 2254 4582 >ιόν
2307 4544 2459 4593 σου,
2523 4530 2654 4599 περὶ
2696 4523 2758 4585 οὗ
2831 4529 3060 4594 Ἡσαΐας
3114 4532 3279 4584 ἐϐόα·
3350 4531 3503 4586 Ἰδοὺ
3566 4533 3730 4588 Σιὼν

424 4613 490 4666 in
515 4629 621 4683 qua
651 4612 906 4676 salutare.
940 4615 1044 4668 hoc
1075 4625 1182 4679 est,
1213 4615 1490 4682 Christus,
1525 4617 1862 4674 demoratur.
1895 4621 2019 4674 Ait-

2139 4617 2302 4684 πόλις
2339 4619 2405 4673 τὸ
2449 4619 2749 4688 σωτήριον
2775 4621 2965 4691 ἡμῶν.
3011 4621 3149 4676 Σιὼν
3171 4622 3228 4676 δέ
3259 4624 3408 4676 ἐστιν
3437 4625 3729 4696 ηἘκκ).η-

430 4722 540 4775 que
555 4721 786 4760 rursus:
811 4705 1064 4761 Salutare
1095 4723 1270 4761 meum
1297 4717 1352 4761 ut
1380 4708 1588 4779 lampas
1616 4712 2013 4768 accendetur".

2139 4709 2234 4772 τία,
2278 4710 2336 4761 ὲν
2442 4710 2502 4764 τὸ
2537 4713 2825 4784 σωτήριον,
2856 4714 3134 4769 τούτέστιν
3172 4718 3199 4768 ὁ
3247 4717 3512 4784 Χριστὸς,
3554 4719 3727 4772 ἐναυο

428 4796 492 4850 In
526 4797 746 4852 modum
784 4797 942 4853 enim
972 4798 1240 4868 lampadis
1267 4816 1538 4871 apparens
1568 4801 1835 4871 Salvator,
1867 4805 2018 4860 orbis

2139 4799 2350 4864 ιίζεται.
2393 4803 2502 4855 Καὶ
2543 4803 2706 4857 πάλιν
2747 4803 2932 4873 λέγει’
2980 4807 3053 4859 Τὸ
3115 4806 3418 4875 σωτήριόν
3468 4826 3592 4877 μου
3643 4811 3728 4876 ὡς

424 4897 702 4943 derrarum
741 4889 880 4944 fines
919 4891 1269 4948 illuminavit.

2139 4891 2369 4958 καμπὰς
2405 4892 2791 4958 καυθήσεται.
2839 4893 3006 4964 Δίκην
3040 4894 3152 4967 γὰρ
3198 4895 3483 4968 λαμπάδος
3521 4899 3730 4967 ἐπιφα-

1283 4971 1296 4984 ”
2124 4981 2233 5044 νεὶς
2265 4983 2292 5035 ὁ
2325 4983 2539 5054 Σωτὴρ,
2568 4983 2637 5038 τὰ
2677 4983 2896 5055 πέρατα
2921 4986 3020 5056 τῆς
3049 4987 3388 5058 οἰκουμένης
3422 4989 3722 5058 ἐφώτισεν.

2136 5116 2140 5120 .
2197 5075 2270 5126 '0
2319 5073 2658 5144 ἡτοίμασας
2708 5075 2859 5130 κατὰ
2912 5079 3242 5146 πρόσωπον
3298 5077 3548 5132 πάντων
3600 5081 3726 5135 τῶν

2118 5163 2306 5218 λαῶν.
2329 5167 2445 5218 Ούκ
2479 5165 2598 5219 ἔστι
2627 5165 2739 5238 [ίσ.
2760 5167 2868 5241 En}
2885 5167 2978 5222 τοῦ
3012 5168 3131 5230 ἑνὸς
3152 5168 3306 5231 λαοῦ,
3331 5170 3442 5224 τοῦ¹
3458 5173 3724 5244 ἀγνώμο-

489 5066 652 5134 Quod
673 5069 902 5137 parasti,
933 5079 1061 5124 ante
1089 5071 1280 5142 faciem
1327 5075 1563 5129 omnium
1600 5059 1915 5146 populorum
1945 5079 2012 5132 ⁸⁸.

425 5158 545 5214 Non
571 5160 746 5215 unius
777 5161 888 5230 iam
938 5161 1138 5233 ingrati
1174 5165 1360 5234 populi
1387 5205 1402 5230 ,
1455 5163 1687 5233 lsraels's,
1739 5167 1961 5238 inquam
1995 5187 2010 5225 :

418 5252 522 5306 sed
543 5253 787 5306 omnium
817 5253 1160 5321 populorum,
1193 5257 1346 5325 juxta
1382 5272 1598 5312 sacrum
1629 5257 1884 5322 Psaltem,
1925 5260 2010 5314 di-

425 5351 642 5397 eentem
670 5362 682 5396 :
707 5342 952 5399 Laudale
969 5344 1273 5412 Dominum,
1294 5364 1471 5411 omnes
1493 5359 1704 5420 gentes;
1721 5350 2012 5404 adlaudate

419 5447 567 5494 eum,
596 5447 776 5486 omnes
805 5434 986 5505 populi
1016 5435 1080 5490 “.
1113 5435 1220 5492 Sed
1241 5445 1298 5492 ct
1336 5437 1527 5495 Daniel
1561 5441 1672 5494 ait:
1701 5440 1892 5497 Omnes
1913 5457 2009 5510 po-

419 5520 556 5590 puli,
583 5522 778 5588 tribus,
813 5534 860 5578 et
897 5525 1344 5596 linguae-servient
1373 5532 1421 5585 ei
1443 5533 1510 5586 ”.

2113 5273 2202 5318 vo;
2223 5272 2238 5288 ο
2269 5255 2418 5324 λέγω
2445 5257 2508 5327 δὴ
2556 5257 2650 5310 τοῦ
2699 5258 2939 5329 Ἰσραὴλ,
2973 5259 3108 5314 ἀλλά
3138 5261 3359 5314 πάντων
3391 5262 3501 5315 τῶν
3542 5266 3719 5327 λαῶν,

2111 5348 2254 5400 κατά
2281 5347 2371 5400 τὸν
2394 5349 2728 5422 ἰεροψάλτην
2751 5351 2982 5420 λέγον-ια
3005 5368 3021 5384 '
3068 5353 3302 5407 Αἰνεῖτε
3327 5354 3433 5407 τὸν
3467 5359 3718 5425 Κύριον,

2110 5435 2311 5492 πάντα
2357 5439 2428 5493 τὰ
2491 5441 2637 5508 ἔθνη
2662 5458 2676 5471 ο
2727 5442 3085 5498 ἐπαινέσατε
3149 5445 3340 5498 αὑτὸν
3381 5445 3611 5512 πάντες
3660 5451 3722 5502 οι

2112 5531 2274 5585 λαοί.
2314 5533 2425 5586 Καὶ
2457 5533 2715 5604 6,Δανιὴλ
2748 5553 2912 5606 φησιν
2933 5551 2944 5563 ·
2978 5535 3207 5601 Πάντες
3239 5540 3293 5590 c1
3317 5539 3480 5602 λαοὶ,
3515 5540 3717 5607 φυλαὶ

2111 5627 2208 5679 καὶ
2251 5625 2525 5696 γλῶσσαι
2563 5627 2725 5695 αὺτῷ
2762 5629 3232 5687 (δουλεύσουσιν.

497 5734 617 5833 ’.⁸⁸31
805 5756 918 5833 vnt,
935 5743 1494 5833 27.1.:‘310IH'LYE,
1531 5751 1628 5833 ⁵19.
1710 5752 1752 5783 ¹⁷
1779 5751 1911 5806 Luc.
1951 5770 2009 5833 ιι,

2215 5755 2432 5833 "'lfsal.
2455 5776 2681 5827 Lux-vt,
2719 5761 2771 5818 7.
2853 5764 2896 5795 ¹⁹
2929 5763 3063 5821 ibid.
3090 5765 3178 5821 50.
3253 5766 3304 5800 ³⁸
3325 5765 3436 5823 lsa.
3465 5781 3614 5833 xw,
3653 5770 3708 5827 ἰ.

431 5799 616 5860 κω.
650 5819 783 5870 uti,
810 5811 858 5862 l.
905 5799 980 5843 ὐ
1012 5813 1148 5868 ibid.
1182 5799 1744 5885 διξἺ-ίθίίέιιιίῖἶηι,
1781 5799 1830 5875 ἶ.

1906 5824 1950 5855 ’³
1975 5822 2106 5880 Dan.
2141 5843 2236 5889 νη,
2264 5829 2348 5882 14.
