3934 6400
218 370 340 435 ιδῃ
1391 370 1644 429 SEIIMO
1681 372 1758 430 12v
1800 373 2231 435 svnaounn.

3319 383 3454 451 1578

277 478 400 544 Φῶς
447 478 534 542 είς
569 473 962 544 ἀποκάλυψιν
1002 474 1212 530 ἐθνῶν.
1262 478 1440 549 Ὅπερ
1475 478 1645 541 ἐστὶν,
1698 480 1776 540 εἰς

1953 477 2150 533 Lumen
2186 482 2255 534 ml
2291 482 2655 537 reuelationem
2684 487 2917 555 gentium
2940 488 3004 542 “.
3038 488 3240 559 Nempe
3264 494 3328 547 ad
3359 495 3464 549 hoe

209 569 493 637 ἀνὰὅλεψιν
537 568 631 619 καὶ
685 569 765 629 είς
819 569 1136 637 φωτισμὸν,
1190 568 1298 620 τῶν
1353 569 1679 639 καθημένων
1723 573 1778 621 ὲν

211 661 384 715 σκότει
423 657 514 709 καὶ⁵
544 657 675 725 σκιᾷ
720 656 972 719 θανάτου,
1019 655 1225 709 ὲονῶν·
1261 656 1369 710 Καὶ
1408 657 1599 721 δόξαν
1625 656 1781 710 λαοῦ

208 770 317 807 σου
354 746 620 817 Ἰσραήλ.
659 746 722 800 El
756 747 865 818 γὰρ
905 748 1001 801 καὶ
1036 747 1110 818 μὴ
1142 749 1342 810 πάντες
1370 750 1417 801 οἱ
1450 747 1525 812 ἐξ
1570 746 1781 818 Ἰσραὴλ

210 848 547 902 ἐπίστευσαν,
598 837 714 891 ἀλλ’
742 835 836 892 οὗν
886 839 948 891 τὸ
995 840 1345 908 κατάλειμμα
1390 840 1677 899 σέσωσται,
1723 837 1782 902 ἐξ

209 930 282 989 ὧν
308 935 551 1003 1ἔιι-τῆρχον
576 931 631 984 οἵ
672 947 732 983 τε
772 932 1034 1000 μακάριοι
1066 930 1158 983 τοῦ
1189 929 1428 1002 Χριστοῦ
1469 929 1778 991 ἀπόστολοι,

212 1025 300 1079 καὶ
334 1022 509 1093 ἕτεροί
559 1038 702 1084 τινες
734 1020 843 1074 τῶν
877 1021 1308 1075 πιστευσάντων.
1364 1022 1474 1073 Καὶ
1515 1022 1575 1073 οὐ
1621 1021 1781 1090 μόνον

210 1113 382 1177 τοῦτο,
403 1111 539 1163 ἀλλὰ
567 1110 662 1164 καὶ
690 1111 851 1172 αὐτὸς
880 1111 909 1163 ὁ
941 1109 1161 1183 Κύριος,
1183 1112 1247 1163 ὲκ
1277 1110 1377 1180 τῆς
1408 1109 1575 1163 Ἰούδα
1608 1110 1781 1178 φυλῆς

209 1208 334 1279 ἡμῖν
361 1203 740 1259 ἀνατέταλκεν.
773 1197 942 1264 Οὗτος
985 1202 1094 1272 γὰρ
1132 1204 1159 1255 ὀ
1191 1203 1382 1272 Σωτὴρ
1428 1202 1557 1273 περὶ
1587 1201 1779 1255 ἑαυτοῦ

209 1298 394 1365 λέγων,
436 1295 700 1364 ἔφασκεν·
743 1290 870 1344 Ὀτι
916 1292 954 1359 ’ἡ
1010 1292 1274 1358 σωτηρία
1323 1291 1393 1343 ἐκ
1457 1290 1574 1343 τῶν·
1632 1292 1779 1346 Ἰου-

208 1387 382 1439 δαίων
406 1386 596 1439 ἐστίν.
628 1381 834 1436 Τούτου
865 1382 1025 1453 χάριν
1053 1383 1246 1453 φησίν·
1272 1382 1378 1436 Καὶ
1411 1383 1600 1447 δόξαν
1624 1384 1779 1438 λαοῦ

207 1494 317 1534 σου
367 1478 637 1545 Ἰσραήλ.

272 1570 378 1624 Kal
422 1566 502 1641 ἦν
551 1572 584 1623 ό
632 1567 830 1637 πατὴρ
876 1569 1066 1623 αὐτοῦ
1100 1568 1197 1622 καὶ
1231 1571 1268 1637 ἡ
1304 1570 1522 1638 μήτηρ,
1565 1568 1784 1638 θαυμὰ-

206 1660 396 1726 ζοντες
443 1662 542 1713 ἐπὶ
597 1659 719 1724 τοῖς
767 1660 1119 1729 λεγομένοις
1147 1661 1279 1725 περὶ
1312 1661 1522 1715 αὑτοῦ.
1582 1662 1643 1713 Εἰ
1674 1663 1782 1730 γὰρ

207 1753 298 1806 καὶ
336 1748 479 1823 ἦσαν
511 1754 875 1823 μεμυημένοι,
910 1755 945 1825 ἥ
991 1772 1046 1807 τε
1095 1753 1331 1824 Μαριὰμ
1376 1755 1468 1806 καὶ
1497 1755 1525 1806 ό
1584 1754 1780 1822 Ἰωσὴφ

204 1844 264 1896 τὸ
287 1822 413 1913 περὶ
450 1843 544 1895 τοῦ
582 1822 819 1914 βρέφους
852 1822 1250 1915 μυστήριονίή
1288 1822 1384 1913 μὲν
1428 1845 1515 1898 διὰ
1546 1844 1638 1897 τοῦ
1675 1845 1773 1897 Γα-
1812 1822 1854 1877 1³

207 1935 394 2004 ϐριὴλ,
447 1934 508 1987 οὐ
561 1935 667 2005 μὴν
723 1935 859 1989 ἀλλὰ
892 1938 987 1989 καὶ
1019 1937 1108 1989 διὰ
1135 1935 1229 1989 τοῦ
1278 1936 1594 2007 Πνεῦματος
1636 1936 1782 1989 διδα-

204 2028 385 2099 χθεῖσα
424 2028 551 2097 περὶ
580 2028 679 2096 τῆς
722 2027 817 2080 τοῦ
848 2028 1175 2098 τικτομένου
1211 2028 1462 2099 θεότητος
1483 2044 1495 2057 ·
1544 2030 1572 2081 ὁ
1607 2028 1663 2080 δὲ
1694 2027 1782 2081 διὰ

203 2117 292 2170 τοῦ
334 2116 719 2189 ἀρχαγγέλου·
770 2117 867 2185 Μὴ
919 2117 1189 2187 φοϐηθῇς
1234 2119 1605 2187 παραλαϐεῖν
1655 2123 1779 2173 Μα-

197 2205 335 2274 ριὰμ
384 2204 503 2273 τὴν
534 2205 792 2274 γυναῖκά
824 2224 961 2261 σου.
1012 2207 1080 2260 Τὸ
1131 2208 1239 2276 γὰρ
1293 2208 1364 2260 ἐν
1397 2206 1551 2276 αὐτῇ
1579 2225 1781 2277 γεννη-

203 2295 323 2356 θὲν,
367 2297 442 2349 ἐκ
492 2297 836 2365 [Ινεὺματός
878 2298 1051 2352 ἐστιν
1082 2300 1255 2367 ἁγίου
1280 2315 1293 2331 ·
1327 2300 1442 2351 ἀλλ’
1487 2299 1636 2369 ὅμως
1687 2300 1781 2353 καὶ

202 2387 368 2441 ταῦτα
389 2389 986 2459 μεμυσταγωγημένοι,
1010 2390 1319 2459 ἐθαύμαζον
1350 2392 1780 2463 ἐκπληττόμενοι

202 2478 296 2531 ἐπὶ
323 2479 450 2544 τοῖς
473 2479 824 2549 λελυμένοις
866 2482 999 2549 περὶ
1045 2482 1259 2539 αὑτοῦ.

269 2573 376 2626 Kal
427 2574 769 2641 εὐλόγησεν
798 2574 1021 2640 αὐτοὺς
1066 2574 1326 2643 Συμεών.
1378 2576 1780 2647 Ἀποδεχόμεθά

205 2680 294 2717 σου
324 2663 430 2734 τὴν
457 2666 522 2717 ἐκ
566 2664 717 2727 θείας
764 2665 987 2735 ἀγάπης
1034 2666 1377 2737 θερμοτάτην
1430 2667 1685 2735 πρόθεςιν
1735 2662 1779 2721 ὦ

206 2752 446 2825 Συμεών.
482 2756 545 2807 Ei
574 2755 683 2825 γὰρ
720 2757 812 2808 καὶ
840 2756 1099 2827 ἀνώτεροι
1138 2758 1314 2829 πάσης
1342 2757 1590 2824 εὐλογίας
1618 2758 1778 2825 ἐτύγ-

206 2860 384 2914 χανον,
425 2844 463 2915 ἦ
496 2861 553 2896 τε
584 2843 818 2897 τεκοῦσα
872 2845 1057 2916 μήτηρ
1092 2846 1292 2915 ὁμοίιος
1329 2850 1423 2899 καὶ
1458 2848 1518 2899 τὸ
1550 2845 1776 2916 βρέφος·

205 2936 313 2990 ἀλλ’
340 2937 466 2990 ἀντὶ
492 2934 802 3002 δοξολογίας
832 2937 1210 3005 προσήγαγεν·
1246 2937 1435 3006 ὥσπερ
1466 2939 1658 3007 ἀμέλει
1685 2940 1779 2992 καὶ

203 3028 253 3080 ei
300 3030 355 3082 ἐν
403 3026 687 3080 Βαϐυλῶνι
732 3030 882 3097 τρεῖς
931 3028 1137 3089 παῖδες.
1197 3030 1302 3081 Καὶ
1349 3033 1456 3100 γὰρ
1489 3032 1684 3082 ἐκεῖνοι
1718 3030 1777 3082 οὗ

207 3120 361 3189 μόνον
386 3121 488 3183 τὰς
521 3119 816 3188 ἁγγελικάς
842 3121 1122 3190 δυνάμεις,
1155 3124 1250 3174 καὶ
1286 3126 1464 3175 πᾶσαν
1495 3123 1779 3195 ἀνθρωπό·
1808 3152 1854 3214 C

203 3229 357 3284 τητα,
410 3214 551 3268 ἀλλὰ
589 3214 683 3267 καὶ
720 3215 820 3282 τὴν
844 3212 1054 3285 ἄψυχον
1091 3215 1184 3267 καὶ
1224 3215 1550 3286 ἀναίσθητον
1580 3216 1777 3280 κτίσιν,

202 3306 279 3368 είς
308 3307 371 3359 τὸ
400 3305 647 3374 εὐλογεῖν
682 3305 774 3359 τὸν
809 3305 944 3360 Θεὸν
974 3306 1399 3378 προετρὰἶιαντο,
1434 3308 1781 3378 ἀποπληροῦ-

204 3410 299 3448 σαν
327 3394 426 3463 τήν
454 3394 730 3462 εὐλογίαν,
760 3393 837 3458 ὡς
868 3394 1109 3465 εἴρηται,
1158 3394 1246 3447 διὰ
1275 3394 1369 3448 τοῦ
1396 3395 1640 3463 εὐλογεῖν
1681 3397 1781 3467 τὴν

202 3489 278 3549 είς
299 3486 361 3540 τδ
378 3487 538 3541 Θεῖον
566 3484 895 3553 δοξολογίκν.
929 3486 1085 3540 Κατὰ
1115 3486 1302 3539 τοῦτον
1332 3486 1513 3539 τοίνυν
1538 3490 1628 3539 τὶν
1652 3490 1777 3556 τρό-

202 3596 319 3643 πον,
354 3578 454 3633 καὶ
491 3580 521 3632 ό
553 3576 779 3647 Συμεὼν
823 3578 916 3631 ἐπὶ
960 3578 1054 3631 τοῦ
1116 3577 1384 3643 παρόντος
1435 3580 1781 3647 εὐλόγησεν

201 3670 441 3736 αὐτοὺς,
462 3670 559 3724 καί
580 3666 751 3724 εἶπεν
777 3671 928 3738 πρὸς
944 3669 1178 3739 Μαριὰμ
1194 3667 1305 3738 τὴν
1317 3670 1545 3739 μητέρα
1565 3671 1775 3727 αὐτοῦ.

201 3764 316 3816 Τίνι
345 3763 516 3831 λόγῳ,
565 3762 639 3834 μὴ
667 3762 744 3833 τῷ
775 3763 1119 3832 νομιζομένῳ
1140 3761 1305 3830 πατρὶ
1325 3761 1425 3830 τῆς
1442 3764 1779 3833 προφητείας

200 3852 348 3910 εἶπεν
380 3858 408 3909 ὁ
432 3853 658 3925 Συμεὼν
676 3854 742 3907 τὰ
767 3853 1163 3925 ῥήματα,ἀλλὰ
1193 3853 1392 3921 μᾶλλον
1415 3858 1482 3925 τῇ
1507 3856 1737 3925 Μαριάμ
1760 3870 1775 3911 :

199 3948 380 4014 ἐπειδὴ
410 3946 629 4018 ᾔδειὼς
662 3946 1128 4016 πνευματοφόρος,
1179 3944 1358 4016 ἀληθῆ
1406 3944 1499 3998 τοῦ
1544 3946 1778 4016 βρέφους

199 4036 410 4109 μητέρα
445 4035 737 4104 τυγχάνειν
760 4036 855 4103 τὴν
879 4032 1099 4104 Μαρίαν
1118 4046 1132 4063 ⁸
1158 4031 1249 4085 τὸν
1294 4032 1493 4102 Ἰωσὴφ
1522 4032 1579 4084 δὲ
1615 4032 1777 4102 μέχρι

193 4126 348 4194 ψιλοῦ
380 4127 477 4180 καὶ
508 4127 673 4194 μόνου
706 4126 990 4195 ὀνόματος,
1027 4126 1123 4194 τῆς
1145 4124 1239 4177 τοῦ
1272 4124 1476 4195 πατρὸς
1507 4140 1780 4195 προσηγο-

196 4218 315 4285 ρίας
342 4217 690 4272 ἀπολαύοντα
710 4233 724 4249 ·
756 4214 943 4287 ἐπειδὴ
972 4217 1072 4269 οὐκ
1104 4218 1168 4268 ὲκ
1203 4216 1521 4285 σπέρματος
1549 4216 1739 4286 ἀνδρός
1759 4230 1773 4243 ·

195 4309 310 4361 ἀλλ’
354 4311 423 4362 ἐκ
474 4307 791 4378 [Ινεύματος
830 4307 988 4375 ἁγίου
1039 4309 1070 4376 ή
1118 4306 1215 4376 τῆς
1256 4306 1635 4376 ἀπειρογάμου
1683 4308 1777 4358 καὶ

195 4400 358 4467 ἁγίας
381 4399 662 4471 Παρθένου
689 4398 956 4468 κυοφορία
982 4398 1228 4466 γέγονεν.
1256 4397 1461 4449 Τούτου
1492 4399 1651 4468 χάριν
1683 4414 1777 4449 κα-

1884 578 1943 622 υι
1972 578 2181 640 gentes,
2218 589 2337 641 quae
2373 574 2427 627 in
2461 575 2697 629 tenebris
2721 592 2782 631 ac
2808 578 2996 632 umbra
3028 583 3219 635 mortis
3245 584 3457 649 sedent,

1886 661 2057 714 visum
2084 678 2149 717 ac
2184 663 2367 717 luuwn
2412 665 2696 735 recipiant.
2745 667 2815 721 Et
2867 669 3094 739 gloriam
3149 672 3312 741 plebis
3356 684 3462 728 tua

1883 748 2072 805 Israel.
2115 751 2434 824 Quanquam
2474 756 2619 809 enim
2654 772 2761 811 non
2786 773 2979 814 omnes
3012 763 3115 815 orti
3157 778 3222 817 ex
3262 765 3464 821 Isracle

1882 842 2262 908 crediderunt,
2304 844 2542 913 reliquiae
2574 855 2754 900 tamen
2787 848 2952 903 salue
2983 849 3137 906 factze
3175 863 3344 921 sunt;
3390 844 3463 912 ex

1884 933 2081 1000 quibus
2108 934 2347 1000 fuerunt,
2380 944 2491 989 tum
2521 937 2661 993 beati
2693 938 2898 993 Christi
2930 943 3181 1010 apostoli,
3226 953 3337 998 tum
3366 942 3459 999 alii

1882 1022 2101 1091 quidam
2131 1025 2337 1080 ﬁdeles.
2366 1026 2476 1082 Nec
2505 1028 2557 1082 id
2588 1030 2768 1094 modo,
2796 1031 2931 1099 quin
2965 1041 3019 1085 et
3049 1032 3166 1103 ipse
3197 1034 3458 1090 Dominus

1884 1123 2093 1178 noster,
2130 1132 2194 1169 ex
2237 1118 2380 1171 tribu
2407 1119 2568 1173 nobis
2588 1119 2725 1174 Iuda
2764 1130 2987 1177 exortus
3013 1132 3117 1177 est.
3150 1124 3271 1194 Ipse
3299 1140 3458 1179 nemo

1882 1222 1988 1275 que
2028 1206 2277 1262 Salvator
2304 1209 2372 1264 de
2402 1226 2460 1263 se
2492 1210 2606 1280 ipse
2633 1212 2883 1281 loquens,
2924 1214 3174 1281 dicebat,
3206 1215 3344 1281 Quia
3370 1234 3460 1271 sa-

1883 1303 1967 1350 lus
2003 1313 2066 1351 ea:
2090 1297 2290 1352 .Iudcvis
2320 1308 2414 1354 est.
2449 1301 2656 1355 Idcirco
2677 1304 2787 1357 ait:
2820 1303 2883 1356 Et
2911 1304 3136 1373 gloriam
3165 1308 3327 1376 plebis
3356 1317 3462 1363 tua:

1883 1389 2055 1444 Israel
2085 1392 2147 1444 ’⁷.

1957 1571 2023 1623 Et
2051 1583 2200 1623 erant
2234 1579 2385 1640 pater
2414 1573 2527 1641 ejus
2564 1582 2611 1625 et
2643 1581 2811 1625 mater
2879 1575 3132 1627 mirantes
3182 1592 3339 1646 super
3384 1579 3463 1631 his

1885 1674 2000 1727 qum
2032 1659 2345 1711 dicebautur
2375 1661 2440 1715 de
2478 1660 2571 1713 illo
2606 1660 2669 1713 ’⁸.
2710 1659 3032 1730 Quanquam
3077 1664 3223 1718 enim
3254 1666 3464 1721 didice-

1885 1756 2008 1801 rant
2031 1749 2196 1802 Maria
2232 1750 2436 1818 pariter
2461 1766 2524 1805 ac
2550 1751 2776 1820 Joseph,
2809 1754 2953 1821 quod
2987 1755 3054 1808 ad
3082 1771 3310 1825 puerum
3336 1771 3463 1827 spe~

1886 1838 2065 1891 ctabat
2109 1838 2427 1899 m’vsterium
2456 1857 2469 1892 :
2501 1839 2667 1894 Maria
2702 1842 2957 1910 quidem,
2996 1842 3264 1900 Gabrielis
3296 1862 3459 1902 voce:

1887 1944 1989 1984 ιιι-ο
2016 1931 2066 1982 id
2101 1931 2283 1989 modo.
2310 1946 2501 1985 verum
2528 1933 2692 1986 etiam
2719 1948 2748 1986 a
2779 1933 2981 2001 Spiritu
3006 1946 3196 1991 sancto
3220 1940 3462 1994 nascitu-

1885 2036 1958 2074 ra:
1994 2020 2158 2090 prolis
2191 2022 2384 2077 cdocta
2422 2023 2761 2078 divinitatem
2800 2042 2813 2077 :
2845 2023 3045 2095 Ioseph
3092 2036 3308 2095 autem,
3363 2045 3462 2099 per

1884 2111 2267 2182 archangelum
2315 2113 2585 2168 dicentem
2615 2132 2627 2167 :
2664 2114 2793 2167 Noli
2827 2116 3010 2171 timere
3048 2119 3286 2188 accipere
3333 2120 3462 2175 lla-

1886 2203 2023 2255 riam
2052 2203 2325 2274 conjugem
2358 2214 2507 2258 tuam
2535 2219 2552 2256 :
2584 2207 2722 2275 quod
2750 2208 2888 2261 enim
2918 2209 2973 2261 in
2992 2226 3053 2262 ea
3070 2219 3253 2264 natum
3280 2222 3377 2276 est,
3397 2222 3461 2267 de

1883 2292 2087 2363 Spiritu
2117 2306 2296 2348 sancto
2313 2306 2387 2350 est
2418 2297 2463 2328 "
2485 2315 2498 2349 :
2524 2298 2761 2359 tametsi,
2793 2298 3035 2369 inquam,
3067 2301 3168 2356 ista
3196 2303 3461 2359 divinitus

1883 2384 2061 2438 edocti
2086 2395 2260 2445 erant,
2295 2386 2636 2442 mirabantur
2659 2397 2839 2443 tamen
2874 2406 2937 2445 ac
2976 2393 3270 2461 stupebant
3304 2408 3461 2460 super

1883 2477 1962 2529 liis
1992 2493 2109 2546 qua:
2136 2478 2446 2531 dicebantur
2466 2480 2529 2533 de
2557 2477 2670 2532 illo.

1954 2568 2022 2621 Et
2049 2569 2307 2622 benedixit
2325 2568 2430 2622 illis
2450 2569 2763 2639 Symeon".
2798 2571 3106 2629 Laudamus
3135 2576 3460 2645 probamus-

1884 2675 1989 2729 qne
2028 2668 2197 2725 tuam,
2236 2676 2270 2712 ο
2304 2660 2560 2731 Symeon,
2606 2678 2669 2715 ex
2718 2662 3119 2719 ferventissima
3169 2667 3462 2724 dilectione

1886 2749 2235 2804 voluntatem.
2269 2751 2588 2822 Quanquam
2618 2756 2765 2809 enim
2814 2757 2977 2811 etiam
3022 2760 3169 2814 onmi
3232 2761 3460 2817 benedi-

1884 2842 2064 2895 ctione
2087 2858 2400 2911 supertores
2425 2854 2599 2907 erant,
2645 2846 2817 2900 Mater
2852 2849 3055 2916 pariter
3082 2867 3370 2923 puerpera,
3399 2869 3463 2909 ac

1885 2932 2043 2997 Puer,
2070 2934 2401 2989 laudationis
2430 2943 2609 2989 tamen
2637 2938 2756 2991 loco
2780 2954 2897 2993 eam
2930 2941 3127 2996 obtulit
3158 2959 3172 2996 :
3204 2958 3267 2997 ea
3294 2945 3462 2999 nimi-

1883 3042 2001 3079 rum
2033 3027 2266 3091 ratione,
2284 3043 2389 3096 qua
2416 3030 2565 3097 pueri
2594 3040 2703 3084 tres
2726 3029 2780 3083 in
2803 3029 3095 3102 Babylone.
3121 3034 3258 3088 Nam
3282 3043 3337 3089 et
3362 3035 3459 3101 illi,

1885 3118 2082 3171 nedum
2121 3119 2352 3174 virtutes
2382 3120 2675 3189 angelicas,
2716 3122 3145 3194 universumque
3177 3126 3461 3183 hominum

1884 3224 2093 3277 genus,
2142 3224 2332 3265 verum
2379 3211 2544 3265 etiam
2597 3213 2812 3268 ratione
2861 3230 2926 3269 ac
2970 3231 3135 3271 sensu
3170 3216 3465 3271 destitutas

1884 3318 1991 3368 res,
2027 3302 2091 3356 ad
2118 3303 2549 3358 benedicendum
2578 3305 2685 3357 Deo
2714 3306 3090 3374 hortabantur,
3124 3308 3465 3364 benedictio-

1883 3411 2007 3448 nem
2040 3394 2347 3464 implentes,
2380 3395 2840 3464 quemadmodum
2879 3396 3086 3451 dictum
3126 3410 3236 3463 est,
3271 3413 3462 3468 prose-

1882 3485 2098 3553 quendo
2142 3486 2322 3539 verbis
2364 3486 2576 3539 divinas
2616 3486 2824 3540 laudes.
2871 3485 2984 3541 Hac
3029 3488 3212 3557 itaque
3253 3491 3464 3546 ratione

1881 3574 2045 3627 etiam
2074 3575 2306 3643 Symeon
2345 3574 2835 3643 imprazsentiarum
2866 3575 2971 3628 illis
2992 3575 3274 3639 benedixit,
3304 3585 3351 3629 et
3376 3579 3462 3629 di-

1879 3666 1957 3717 xit
1979 3669 2049 3717 ad
2066 3665 2292 3718 Mariam
2315 3676 2535 3718 matrem
2559 3666 2692 3734 ejus.
2718 3668 2989 3731 Quorsum
3009 3666 3117 3732 ille,
3139 3681 3249 3720 non
3274 3676 3465 3737 putato

1881 3757 2018 3827 patri
2066 3756 2205 3811 dixit
2243 3759 2545 3827 prophetiae
2587 3759 2774 3822 verba,
2807 3759 2904 3813 sed
2944 3759 3115 3829 magis
3144 3758 3211 3813 ad
3239 3759 3461 3813 Mariam

1882 3859 2110 3905 matrem
2135 3850 2253 3919 ejus
2282 3850 2527 3904 direxit?
2555 3850 2711 3915 Quod
2735 3851 2995 3906 nimirum
3020 3858 3276 3922 tanquam
3318 3852 3459 3905 divi-

1881 3956 1953 3995 no
1985 3941 2193 4011 Spiritu
2229 3941 2440 3997 atilatus
2467 3940 2653 4006 sciret,
2684 3941 2907 3996 Mariam
2943 3957 3126 3997 veram
3155 3957 3278 3997 esse
3305 3942 3460 4012 pueri

1880 4031 2456 4102 matrem,.losephum
2486 4041 2705 4096 autem,
2750 4032 2972 4088 nomine
3017 4041 3178 4088 tenus
3222 4040 3457 4097 tantum,

1881 4124 2051 4194 patris
2075 4125 2481 4194 nuncupatione
2507 4124 2751 4195 pollere:
2780 4125 2927 4194 quod
2953 4138 3062 4178 non
3111 4139 3175 4179 ex
3228 4125 3326 4179 viri
3368 4139 3460 4179 se-

1881 4216 2066 4279 mine,
2117 4214 2213 4269 sed
2256 4215 2324 4268 de
2372 4214 2576 4283 Spiritu
2631 4223 2845 4275 sancto.
2893 4215 3122 4284 innupta
3163 4228 3226 4269 ac
3271 4223 3462 4272 sancta

1880 4305 2044 4376 Virgo
2103 4306 2464 4375 concepisset.
2531 4304 2898 4371 Quamobrem
2952 4305 3181 4359 relicto!
3221 4304 3458 4377 Symeon

1880 4398 2192 4452 existimato
2219 4412 2283 4451 ae
2316 4397 2540 4453 nomine
2595 4407 2760 4452 tenus
2808 4405 2990 4467 patre,
3025 4397 3092 4450 ad
3125 4412 3309 4451 veram
3344 4396 3458 4451 Ma-

194 4492 441 4545 ταλιπὼν
472 4495 500 4545 ὁ
533 4490 759 4561 Συμεὼν
784 4491 876 4568 τὸν
904 4490 1121 4561 δοκήσει
1153 4490 1245 4543 καὶ
1281 4490 1506 4560 ὀνόματι
1537 4490 1770 4560 πατέρα,

1885 4498 2017 4544 trem
2048 4474 2374 4543 sermonenf
2396 4490 2686 4553 convertit,
2717 4490 2907 4545 dicens
2941 4507 2955 4543 :
2991 4488 3127 4543 Ecce
3150 4491 3234 4543 hic
3258 4491 3460 4558 positus

192 4580 329 4652 πρὸς
363 4581 468 4650 τὴν
504 4581 678 4651 ἁληθῆ
724 4580 938 4651 μητέρα
986 4582 1110 4644 τοὺς
1141 4580 1328 4647 λόγους
1362 4580 1656 4649 πεποίηται
1684 4579 1773 4632 λέ-

192 4687 304 4740 γων
326 4688 342 4703 ·
388 4674 417 4725 ἰ
428 4671 544 4725 δοὺ.
568 4668 749 4743 οὗτος
777 4670 965 4723 κεῖται
990 4673 1078 4734 εις
1107 4669 1341 4724 πτῶσιν
1384 4672 1484 4724 καί
1511 4669 1777 4724 ἀνάστα-

188 4777 301 4816 σιν
353 4761 606 4816 πολλῶν
651 4762 722 4814 ἐν
778 4760 860 4825 τῷ
924 4761 1198 4828 Ἰσραήλ·
1253 4761 1351 4814 καὶ
1395 4764 1483 4827 εὶς
1528 4760 1778 4830 σημεῖον

187 4853 694 4921 ἀντιλεγόμενον·
745 4854 825 4915 είς
863 4852 1072 4906 πτῶσιν
1114 4852 1215 4921 μὲν
1243 4853 1352 4905 τῶν
1386 4852 1656 4919 ἀπίστων,
1700 4855 1780 4917 είς

185 4943 493 4997 ἀνάστασιν
531 4943 587 4995 δὲ
635 4943 743 4995 τῶν
798 4943 1165 4997 πιστευόντων
1197 4960 1210 4975 ·
1271 4945 1331 4996 οὐ
1390 4944 1485 4997 τοῦ
1539 4944 1773 5017 βρέφους

185 5037 363 5091 αἰτίου
391 5037 688 5105 γενομένου
714 5038 826 5098 τοῖς
859 5036 959 5105 μὲν
997 5035 1283 5104 πτώσεως,
1312 5039 1426 5100 τοῖς
1453 5037 1512 5090 δὲ
1542 5040 1777 5092 ἀναστά-

186 5148 351 5194 σεως,
399 5132 535 5186 ἀλλά
572 5132 674 5201 τῆς
719 5132 929 5196 οἰκείας
978 5132 1211 5185 ἑκάστου
1262 5133 1657 5203 προαιρέσεως,
1702 5134 1777 5197 ὡς

186 5225 338 5277 εστιν
386 5225 452 5277 ἐκ
519 5224 730 5277 πολλῶν
786 5225 1098 5295 μαρτυριῶν
1142 5223 1232 5278 τὸν
1290 5224 1450 5292 λόγον
1502 5226 1778 5277 πιστώσα-

190 5316 338 5370 σθαι.
378 5312 423 5368 Τ
426 5317 460 5369 ὰ
494 5317 593 5386 μὲν
639 5316 732 5370 οὖν
776 5316 958 5386 πλήθη
1007 5317 1114 5368 τῶν
1162 5316 1456 5382 Ἰουδαίων,
1510 5314 1775 5387 βλέποντα

185 5411 286 5472 τὰς
314 5409 607 5480 γινομένας
638 5408 1113 5479 θαυματουργίας,
1134 5407 1211 5477 τῷ
1238 5408 1449 5477 Σωτῆρι
1482 5408 1775 5479 προσέτρε-

186 5514 311 5570 χον·
363 5498 415 5549 oi
476 5498 532 5551 δὲ
588 5498 805 5567 ἀνόητοι
850 5499 1128 5569 ἀρχιερεῖς
1180 5496 1396 5564 ελεγον·
1459 5498 1774 5567 Δαιμόνιον

186 5591 315 5658 ἔχει
336 5606 350 5621 ·
398 5589 456 5641 τί
478 5590 728 5645 ἀκούετε
750 5589 938 5642 αὑτοῦ
961 5605 980 5653 ;
1010 5585 1139 5659 Ἆρ’
1170 5590 1268 5659 οὐχ
1293 5590 1349 5642 οἵ
1382 5590 1479 5658 μέν
1512 5590 1776 5652 ἑκουσίως

280 5764 329 5796 ¹⁶
352 5762 485 5816 Dan.
521 5778 613 5823 vn,
644 5760 732 5815 5:2.
806 5761 850 5791 "
883 5760 1040 5815 Joan.
1073 5778 1145 5826 tv,
1173 5762 1262 5815 22.
1340 5762 1385 5791 ’⁸
1410 5762 1539 5815 ibid.
1569 5763 1660 5817 53.

408 5852 671 5913 ΡΑτιιοι..
721 5853 838 5913 Gn.
889 5852 1094 5912 XCIII.

1737 5764 1780 5795 ²⁸
1816 5760 2004 5816 Matth.
2028 5776 2067 5829 ι,
2101 5760 2192 5816 20.

1876 4594 1950 4638 est
2002 4584 2055 4635 in
2105 4582 2317 4635 ruinam
2385 4593 2433 4635 et
2481 4584 2536 4636 in
2586 4585 3019 4637 resurrectionem
3060 4583 3348 4637 multorum
3404 4585 3462 4637 in

1880 4674 2080 4740 Israel,
2114 4685 2160 4728 et
2196 4675 2251 4727 in
2278 4675 2486 4745 signum
2510 4714 2525 4737 ,
2571 4677 2655 4729 cui
2700 4676 3108 4729 contradicetur.
3143 4674 3201 4729 In
3243 4675 3460 4730 ruinam

1879 4767 2100 4836 quidem
2178 4781 2289 4820 non
2376 4766 2776 4829 credentium;
2863 4766 2917 4820 in
3000 4766 3458 4822 resurrectionem

1881 4868 2061 4912 autem
2142 4856 2505 4911 credentium.
2596 4854 2714 4910 Non
2795 4864 3052 4927 tanquam
3134 4871 3270 4927 puer
3344 4857 3462 4929 ipse

1880 4963 2041 5003 causa
2084 4947 2303 5002 futurus
2329 4956 2505 5011 esset,
2556 4962 2662 5017 qua
2696 4946 2870 5002 ruinae
2906 4947 3060 5015 aliis,
3097 4960 3201 5018 qua
3229 4949 3350 5004 aliis
3380 4964 3463 5034 re;

1880 5033 2260 5099 Surreetionis,
2301 5035 2395 5091 sed
2435 5036 2654 5106 propria
2682 5035 2949 5106 cujusque
2996 5038 3268 5099 voluntas,
3314 5046 3376 5093 ut
3407 5033 3463 5092 ct

1882 5128 2069 5182 multis
2106 5127 2431 5182 testimoniis
2478 5128 2606 5184 licet
2648 5128 2900 5198 probare.
2959 5127 3096 5183 Nam
3149 5129 3457 5185 .ludmorum

1881 5219 2101 5290 quidem
2136 5219 2350 5290 vulgus,
2396 5232 2519 5275 cum
2550 5219 2811 5274 miracula
2836 5235 2958 5289 quae
2982 5220 3205 5287 ﬁebant,
3246 5221 3460 5292 aspiceo

1882 5321 2026 5378 rent,
2059 5312 2127 5366 ad
2169 5312 2506 5366 Salvatorem
2538 5311 2943 5366 accurrcbant:
2975 5321 3030 5365 at
3076 5311 3226 5368 stulti
3274 5313 3460 5384 ponti-

1881 5403 2012 5459 ﬁces
2036 5402 2291 5459 dicebant
2325 5422 2338 5458 :
2379 5402 2710 5457 Dtemom'um
2740 5402 2895 5458 habet
2921 5403 2964 5434 ³³
2995 5419 3007 5454 :
3034 5401 3173 5470 Quid
3204 5416 3330 5459 eum
3358 5419 3460 5460 au-

1880 5493 2050 5548 ditis?
2078 5508 2263 5549 nonne
2293 5494 2474 5564 itaque
2506 5493 2559 5547 hi
2588 5493 2810 5563 quidem
2834 5504 3029 5564 sponte
3062 5495 3463 5565 resurgebant;

1886 5585 2049 5656 hique
2087 5585 2325 5640 vicissim
2348 5583 2552 5639 nedum
2586 5584 2688 5655 ipsi
2712 5585 2991 5641 voluntate
3015 5586 3302 5653 cadebant,
3327 5584 3461 5657 quin

2297 5760 2427 5814 ibid.
2466 5760 2556 5815 54.
2636 5763 2677 5795 ³¹
2706 5761 2899 5816 Matth.
2926 5763 3104 5827 11,ί8.

3064 5856 3144 5915 6‘0
