3934 6414
482 357 618 425 1583

1463 355 1669 416 1.on
1685 357 1788 416 l‘lI
1829 357 2340 420 ΝΕᾹΡΟῌΤᾹΝΙ
2387 361 2728 422 EPISCOPI

3570 374 3684 442 158i

467 493 594 532 eum
643 474 956 528 horninibus
981 513 994 536 ,
1029 471 1225 542 gessit,
1267 471 1465 526 l'rustra
1508 488 1572 528 ac
1615 473 1850 526 otiosum
1912 472 2014 527 fuit

2163 476 2254 527 ἐπὶ
2275 479 2341 546 τῇ
2370 477 2509 546 μετὰ
2528 477 2639 530 τῶν
2667 475 2972 548 ἀνθρώπων
2999 478 3246 552 διατριϐῇ
3275 485 3581 552 πραχθέντα,
3602 495 3678 546 οὑν

469 568 602 640 quin
627 567 823 638 potius
843 605 858 628 ,
889 571 1018 618 sunt
1050 563 1232 618 omnia
1273 563 1502 618 occultis
1531 564 1858 632 quibusdam
1898 563 2055 630 exhi-

471 661 580 714 bita
626 656 986 713 sacramentis
1017 695 1033 722 ,
1097 669 1287 709 eorum
1337 653 1681 708 declarandis
1740 654 2049 718 commodo,

467 759 694 822 propter
730 763 870 818 quos
907 755 1018 802 tota
1059 745 1368 801 oeconomia
1412 744 1661 812 exstitit;
1705 760 1918 808 eorum,
1966 745 2054 798 in-

467 857 654 912 quam,
672 840 764 910 qui
789 841 842 893 in
857 838 1136 894 Christum
1155 836 1598 899 rredidernnt,et
1616 844 1744 890 sunt
1767 835 2048 890 credituri.

466 931 548 988 Ha
579 931 760 1002 plane,
785 942 846 985 ut
877 929 1094 984 Domini
1128 938 1258 983 tunc
1287 943 1352 982 ac
1386 926 1685 982 Salvatoris
1729 934 1880 997 gesta
1907 968 1921 991 ,
1965 926 2051 980 lex

467 1023 716 1094 qumdam
773 1021 988 1076 sincera
1039 1021 1188 1084 sint,
1245 1028 1396 1074 tanto
1458 1019 1707 1074 Mosaicze
1763 1028 2048 1088 przestans,

465 1121 732 1184 quantum
766 1111 1027 1166 Dominus
1069 1127 1271 1166 servo:
1313 1119 1476 1180 atque
1523 1117 1581 1164 ut
1626 1109 1701 1164 ait
1735 1109 2047 1179 Apostolus,

464 1213 730 1278 quantum
777 1205 930 1259 domo
961 1213 1204 1274 praestat,
1229 1205 1273 1258 is
1307 1205 1398 1266 qui
1440 1203 1720 1274 fabricavit
1741 1203 1809 1256 ιο.
1842 1200 2050 1266 Quam-

465 1301 658 1355 obrem
687 1298 780 1368 qui
815 1297 1070 1352 Ecclesiae
1097 1307 1398 1352 sanxerunt
1427 1298 1594 1368 leges.
1625 1295 1728 1350 viri
1758 1295 1954 1356 sancti,
1987 1309 2051 1348 ac

463 1391 836 1462 apostolorum
867 1404 1236 1454 successores,
1262 1389 1316 1442 in
1338 1403 1524 1444 rerum
1549 1388 1602 1443 id
1632 1387 1898 1458 temporis
1921 1402 2049 1455 pro-

461 1485 588 1541 vide
621 1491 898 1555 gestarum
937 1481 1102 1537 tinem
1133 1481 1524 1551 respicientes,
1584 1479 1940 1536 celebrandas
1993 1479 2049 1532 in

463 1586 742 1646 posterum
769 1573 983 1630 divinas
1026 1573 1424 1638 solemnitates,
1467 1573 1666 1643 quibus
1714 1573 1818 1626 illa:
1849 1571 1905 1624 in
1931 1586 2048 1625 me-

461 1669 696 1724 moriam
771 1676 1190 1731 revocarentur,
1257 1675 1658 1736 consequenter
1714 1671 2044 1720 statuerunt.

461 1759 654 1831 Operae
697 1775 827 1832 ergo
872 1759 1108 1830 pretium
1154 1767 1277 1824 est,
1321 1767 1380 1812 ut
1417 1758 1698 1814 ostendam
1751 1757 1884 1827 quid
1940 1757 2046 1811 hoc

462 1853 596 1906 mihi
625 1851 888 1920 orationis
913 1849 1198 1904 exordium
1237 1850 1370 1904 velit
1398 1867 1410 1902 :
1450 1849 1502 1903 id
1533 1849 1812 1912 nimirum,
1875 1862 2044 1903 sacrae

463 1946 610 1998 hunc
639 1943 1179 2013 Mcdiarpentecostes
1203 1943 1348 1997 diem
1375 1983 1388 2008 ,
1431 1957 1539 1997 non
1579 1943 1755 1997 otiose
1797 1957 1860 1996 ac
1897 1943 2044 1997 nulla

461 2035 674 2090 ratione
737 2034 1367 2099 traditmn'celebrari~;
1421 2033 1516 2087 sed
1574 2033 1758 2088 divina
1807 2033 2044 2103 quadam

459 2125 774 2192 traditione,
807 2126 1074 2196 siquidem
1117 2126 1207 2180 ille
1236 2141 1340 2180 nec
1379 2126 1482 2180 hoc
1515 2125 1718 2189 amisit,
1752 2133 1808 2180 ut
1849 2126 2048 2180 solem-

459 2219 606 2274 nitas
628 2234 692 2273 ac
719 2219 838 2273 dies
865 2218 1040 2273 festus
1067 2227 1234 2274 esset.
1275 2217 1342 2273 Et
1372 2232 1503 2272 vero
1536 2216 1710 2272 festus
1749 2217 1890 2272 idem
1923 2216 2042 2271 dies

459 2319 564 2377 est,
597 2320 652 2364 et
681 2309 820 2365 festo
841 2310 1095 2380 praevius,
1117 2317 1172 2365 et
1195 2309 1393 2364 festum
1434 2323 1692 2378 sequens.
1727 2307 1860 2362 Post
1891 2307 2040 2361 enim

457 2417 654 2476 ngvam
689 2401 1113 2457 resurrectionis
1149 2401 1504 2464 Dominicam,
1543 2400 1658 2455 sive
1691 2400 2044 2454 resurrectio-

456 2495 544 2548 nis
575 2493 902 2558 euczenium,
939 2507 1040 2547 nos
1067 2492 1157 2546 illa
1179 2491 1397 2562 excipit,
1435 2507 1612 2560 eoque
1642 2492 1798 2546 titulo
1837 2492 2040 2546 solem-

457 2586 601 2640 nitas
623 2595 708 2640 est
734 2585 930 2640 festum
966 2600 1331 2655 consequens.
1367 2585 1495 2640 Post
1521 2585 1668 2638 illam
1696 2601 1826 2640 vero
1847 2627 1860 2649 ,
1899 2585 2042 2640 festo

456 2691 559 2731 nos
599 2675 895 2730 Dominicae
922 2677 978 2730 in
1005 2677 1171 2732 cmlos
1209 2676 1635 2746 Assumptionis,
1681 2693 1744 2732 ac
1773 2677 2042 2732 adventus

459 2766 701 2835 Spiritus
738 2765 914 2821 sancti
938 2766 1212 2830 admovet,
1249 2766 1438 2836 sicque
1470 2782 1680 2830 rursus,
1723 2765 1840 2821 dies
1866 2766 2040 2820 festus

458 2859 536 2914 uti
561 2859 712 2914 festae
733 2859 837 2914 dici
859 2859 1198 2930 pervigilium
1216 2868 1317 2914 est.
1365 2859 1607 2930 Utroque
1631 2861 1858 2930 proinde
1883 2862 2038 2916 titulo

455 2951 778 3005 solemnitas
808 2965 1067 3020 praesens,
1101 2951 1298 3006 merito
1322 2965 1353 3006 a
1389 2952 1546 3007 nobis
1577 2953 1895 3007 honoranda
1928 2961 2032 3019 est,

454 3059 578 3112 qua:
625 3042 885 3097 nimirum
939 3042 1165 3098 viviﬁcee
1214 3044 1634 3098 resurrectionis
1680 3054 1802 3114 post
1843 3045 2036 3099 festiva

450 3237 578 3280 rum
602 3237 820 3291 quoque
849 3221 1204 3278 nihilominus
1225 3224 1626 3288 celebritatum,
1658 3235 1785 3280 ante
1811 3225 2034 3280 festivas

453 3329 564 3366 res.
603 3311 813 3382 Quippe
867 3327 1094 3368 necesse
1148 3324 1262 3379 est,
1315 3323 1375 3368 ut
1420 3315 1566 3383 quod
1596 3316 1921 3384 quibusdam
1953 3324 2037 3370 est

455 3399 717 3464 taedium,
746 3417 853 3470 qua
884 3401 1124 3456 medium
1147 3410 1236 3457 est
1259 3441 1275 3466 ,
1317 3403 1563 3472 utrisque
1595 3403 1700 3458 illis
1729 3405 2034 3458 communi-

451 3502 557 3546 cet.
589 3491 725 3546 Cum
754 3493 937 3562 itaque
973 3509 1214 3564 pnesens
1235 3495 1556 3551 solemnitas
1581 3496 1758 3551 media
1783 3497 2031 3560 exsistat,

451 3599 578 3638 eum
607 3586 1018 3652 resurrectioui,
1046 3597 1301 3657 tanquam
1341 3587 1488 3643 illius
1517 3589 1694 3644 media
1718 3628 1733 3652 ,
1779 3599 1836 3643 ut
1863 3589 2035 3659 respi-

451 3675 566 3730 cias
593 3687 916 3743 extremam,
951 3681 1358 3745 communicat;
1395 3687 1508 3736 tum
1543 3681 1795 3736 similiter
1829 3691 2032 3737 sanctae

449 3769 614 3822 etiam
648 3767 1142 3836 dieiPentecostes,
1167 3783 1424 3842 tanquam
1451 3790 1572 3843 qua:
1597 3774 1662 3828 ad
1697 3790 1817 3828 eam
1853 3783 2024 3830 trans-

450 3861 674 3914 mittat:
707 3861 1060 3932 mediumque
1109 3872 1300 3919 rursus
1345 3865 1658 3932 invenitur,
1698 3877 1758 3921 ut
1795 3867 1919 3936 quis
1962 3883 2029 3921 ex

449 3949 564 4018 ipsa
594 3950 662 4005 ad
700 3953 1118 4008 resurrectionis
1160 3955 1354 4009 iterum
1382 3955 1524 4011 diem
1562 3957 1690 4012 velit
1742 3963 2026 4027 repedare.

448 4039 761 4107 Enimvero,
784 4042 1052 4110 ejusmodi
1075 4054 1202 4099 sunt
1222 4047 1472 4116 pretiosa).
1491 4048 2030 4118 Mediaapentecostes

447 4129 771 4200 privilegia;
828 4133 1246 4204 haudquaquam
1279 4135 1366 4188 illa
1402 4153 1432 4190 a
1468 4152 1632 4203 casu,
1676 4154 1742 4192 ac
1782 4137 2024 4194 fortuita.

449 4223 526 4277 Ne
552 4223 676 4292 quis
704 4224 841 4278 adeo
878 4225 1130 4294 desipiat,
1159 4235 1220 4280 ut
1259 4227 1332 4280 ita
1377 4229 1667 4296 putaverit.
1711 4228 1832 4284 Non
1877 4231 2025 4285 enim

447 4313 702 4368 humanae
732 4314 837 4368 hoc
863 4315 1180 4371 ambitionis
1210 4333 1428 4384 munus,
1459 4321 1555 4373 sed
1581 4319 1782 4376 divina:
1811 4322 2030 4394 legisla-

449 4403 613 4460 tionis
641 4405 816 4460 honor
851 4407 1092 4460 exsistit.
1119 4407 1230 4462 Nec
1253 4409 1414 4464 unius
1434 4411 1699 4468 duntaxat
1723 4413 1855 4484 legis
1875 4457 1889 4482 ,
1913 4417 2028 4473 sive

2157 569 2276 637 εἰκῆ
2314 569 2408 620 καὶ
2440 570 2637 638 μάτην,
2673 570 2794 622 οὐδὲ
2841 570 3029 640 ἀργῶς
3075 574 3387 638 γεγόνασιν·
3417 577 3542 632 ἀλλὰ
3570 585 3683 650 guil-

2155 657 2246 712 λον
2288 659 2806 730 ἀποκεκρυμμένοις
2840 661 2970 725 τισὶ,
3000 664 3095 716 καὶ
3127 664 3495 738 φανερωθῆναι
3535 671 3684 728 δέοντι

2157 752 2500 822 μυστηρίοις,
2531 753 2620 806 ἐπ’
2645 752 2882 824 ὠφελείᾳ
2913 755 3024 807 τῶν
3076 757 3204 827 περὶ
3233 751 3308 810 ὧν
3338 761 3477 814 πᾶσα
3512 765 3541 830 ἡ
3569 768 3686 819 nixo-

2154 843 2311 912 νομία
2341 843 2531 911 γέγονε
2556 859 2570 872 '
2605 861 2678 916 φη
2689 846 2748 914 μὶ
2781 845 2844 915 δὴ
2871 846 2978 899 τῶν
3003 848 3083 910 εἰς
3109 848 3340 918 Χριστὸν
3372 857 3686 908 πεπιστευκό-

2152 951 2280 996 των,
2315 935 2408 995 tul
2445 937 2718 988 πιστεύειν
2751 937 3058 1008 μελλόντων
3083 956 3096 968 ·
3135 939 3212 1002 ὡς
3241 935 3376 993 εἶναι
3403 943 3468 995 τὰ
3493 944 3586 996 ὑπὸ
3612 948 3686 1000 τοῦ

2153 1027 2420 1080 Δεσπὸτου
2475 1030 2568 1082 καὶ
2619 1029 2872 1100 Σωτῆρος
2923 1031 3046 1084 τότε
3087 1031 3373 1099 γενόμενα,
3400 1035 3550 1098 νόμον
3591 1044 3688 1092 rivi

2151 1119 2608 1190 ἀπαράγραπτον,
2654 1121 2747 1174 τοῦ
2780 1122 3083 1176 Μωσαῖκοῦ
3121 1123 3244 1176 καθ’
3268 1124 3558 1196 ὑπερϐολὴν
3591 1133 3687 1196 μεί-

2153 1209 2301 1273 ζονα,
2332 1211 2456 1264 καθ’
2479 1214 2599 1265 ὅσον
2643 1212 2895 1283 διαφέρει
2939 1212 3160 1279 δούλου,
3195 1215 3486 1285 Δεσπότης,
3515 1221 3598 1270 καὶ
3629 1221 3688 1283 ὡς

2151 1297 2308 1354 εἶπεν
2357 1305 2384 1356 ὁ
2423 1305 2477 1355 Ἀ
2490 1303 2769 1368 πόστο).ος,
2805 1305 3006 1370 οἴκου,
3049 1309 3082 1360 ό
3115 1307 3330 1361 τοῦτον
3357 1312 3690 1366 κατασκευὰ-

2150 1393 2460 1458 σας.”υθεν
2481 1396 2529 1447 οἱ
2557 1395 2683 1457 τοὺς
2714 1395 2948 1466 θεσμοὺς
2977 1399 3043 1467 τῇ
3070 1398 3203 1468 ἁγίᾳ
3235 1398 3522 1471 ’Ἐκκλησία
3543 1418 3688 1470 παρα-

2149 1485 2444 1547 δεδωκότες
2475 1487 2643 1555 ἆγιοι,
2675 1489 2768 1541 καὶ
2804 1488 2915 1542 τῶν
2958 1489 3274 1543 ἀποστόλων
3313 1491 3556 1562 διάδοχοι,
3580 1497 3688 1564 πρδς

2148 1575 2239 1629 τὸν
2269 1578 2470 1631 σκοπὸν
2495 1579 2604 1632 τῶν
2631 1581 2752 1633 τότε
2783 1583 3166 1652 γεγενημένων
3205 1584 3486 1654 σωτηρίων
3516 1587 3688 1641 οἰκονο-

2151 1666 2290 1736 μιῶν
2322 1667 2728 1734 ἀποϐλέποντες
2747 1712 2762 1734 ,
2795 1670 3105 1735 ἀκολούθως
3134 1671 3408 1728 τελεῖσθαι
3437 1675 3689 1742 μετέπειτα

2149 1759 2246 1822 τὰς
2276 1759 2424 1822 θείας
2457 1760 2653 1830 ἑορτὰς
2673 1801 2688 1826 ,
2723 1763 2804 1824 είς
2841 1762 3147 1834 ἀνάμνησιν
3180 1765 3331 1834 ἡμᾶς
3360 1765 3579 1833 ἀγούσας
3603 1769 3689 1821 si?»

2149 1851 2270 1904 τότε
2302 1852 2709 1922 γεγενημένων,
2738 1851 3202 1923 ἑθεσμοθέτησαν.
3228 1855 3296 1908 Τί
3329 1851 3420 1910 οὖν
3463 1875 3544 1926 μοι
3585 1857 3687 1928 βού-

2149 1941 2297 1995 λεται
2330 1942 2424 1996 τοῦ
2454 1943 2616 2010 λόγου
2647 1943 2708 1996 τὸ
2735 1943 3040 2014 προοίμιον,
3071 1944 3239 2010 δεῖξαι
3275 1946 3596 2016 καιρός.’οτι
3615 1951 3689 2002 καὶ

2149 2036 2182 2105 ἡ
2211 2033 2462 2106 παροῦσα
2488 2037 2586 2104 τῆς
2616 2034 2780 2103 ἁγίας
2809 2036 3346 2106 Μεσοπεντηκοστῆς
3388 2039 3584 2108 ἡμέρα,
3609 2043 3696 2094 otii!

2149 2127 2334 2196 ἀργῶς
2357 2127 2466 2180 οὐδ’
2484 2127 2558 2191 ὡς
2587 2127 2776 2198 ἔτυχεν
2797 2126 3164 2181 ἐπιτελεῖσθαι
3187 2127 3560 2200 παραδέδοται,
3581 2129 3688 2182 ἀλλὰ

2149 2219 2266 2272 θεία
2297 2235 2381 2281 τις
2409 2221 2646 2289 ὑπάρχει
2676 2220 2991 2290 παράδοσις,
3024 2220 3078 2272 εἴ
3105 2237 3186 2272 τοι
3220 2221 3315 2272 καὶ
3340 2220 3500 2273 αὖτοῦ
3523 2219 3605 2274 τοῦ
3629 2217 3688 2276 εἷ-

2147 2327 2236 2363 ναι
2276 2309 2439 2380 ἑορτὴ
2481 2311 2582 2364 οὐκ
2610 2309 3105 2382 ἐστέρηται.’Λλλὰ
3137 2310 3458 2380 προεόρτιος
3505 2313 3535 2382 ἡ
3575 2313 3686 2383 αὑτὴ

2148 2402 2243 2456 καὶ
2277 2401 2610 2471 μεθεόρτιος.
2643 2403 2796 2456 Μετὰ
2829 2401 2938 2471 γὰρ
2981 2402 3083 2474 τὴν
3128 2403 3328 2472 καινὴν
3365 2402 3465 2473 τῆς
3490 2405 3688 2459 ἀναστά-

2090 2495 2095 2500 ’
2149 2512 2287 2554 σεως
2326 2495 2634 2565 Κυριακὴν,
2671 2495 2788 2566 ἦτοι
2820 2493 2878 2547 τὸ
2906 2496 3007 2564 τῆς
3047 2495 3406 2558 ἀναστάσεως
3434 2496 3687 2561 έγκαίνιον,

2146 2584 2284 2656 αὕτη
2317 2586 2462 2654 ἡμᾶς
2487 2584 2807 2654 ὑποδέχεται
2833 2602 2846 2615 ·
2877 2586 2970 2638 καὶ
2994 2585 3137 2638 κατὰ
3158 2584 3341 2651 τοῦτο,
3368 2586 3566 2653 πέφυκε
3588 2590 3689 2656 μεθ-

2145 2675 2368 2744 εόρτιος.
2401 2673 2533 2727 Μεθ’
2554 2675 2754 2742 ἑαυτὴν
2786 2674 2842 2727 δὲ
2871 2675 3140 2745 προσάγει
3176 2675 3308 2746 τῇδε
3335 2677 3434 2744 τῆς
3465 2677 3689 2728 Δεσποτι-

2147 2767 2250 2834 κῆς
2283 2765 2634 2836 Ἀναλήψεως
2660 2767 2864 2838 ἡμέρα,
2900 2767 2995 2821 καὶ
3024 2769 3091 2838 τῇ
3109 2766 3206 2820 τοῦ
3231 2767 3541 2838 Πνεῦματος
3565 2769 3690 2839 ἐνδη-

2151 2859 2250 2928 pi;
2267 2875 2282 2890 ·
2315 2859 2457 2912 οὓτω
2479 2875 2536 2910 τε
2563 2859 2894 2928 χρηματίζει
2926 2854 3083 2922 αὖθις
3109 2859 3432 2930 προεόρτιος
3458 2858 3565 2931 [καὶ
3588 2860 3691 2928 μεθ-

2144 2947 2408 3022 εόρτιος]·
2442 2949 2584 3004 ὥστε
2615 2951 2733 3003 κατ’
2753 2949 3044 3020 ἀμφότερα
3091 2951 3364 3020 τιμᾶσθαι
3417 2953 3536 3020 παρ’
3560 2951 3692 3021 ἡμῶν

2141 3043 2242 3112 τὴν
2271 3041 2553 3112 παροῦσαν
2585 3041 2776 3112 ἑορτὴν
2801 3041 2952 3105 ἄξιον
2973 3081 2987 3103 ,
3015 3042 3088 3104 ὡς
3116 3041 3354 3112 ἔχουσαν
3383 3043 3440 3096 ὲν
3466 3045 3590 3114 αὐτῇ
3613 3044 3692 3108 τῆς

455 3145 778 3188 ornamenta
813 3133 868 3186 in
903 3149 962 3188 se
991 3134 1223 3201 habeat;
1265 3145 1322 3189 ut
1361 3143 1414 3190 et
1459 3135 1804 3204 sequentium
1831 3135 2033 3190 divina-

2147 3135 2246 3204 μὲν
2273 3133 2562 3204 ζωηφόρου
2597 3133 2868 3204 ὲγέρσεως
2898 3133 2968 3187 τὰ
2999 3134 3294 3206 μεθεόρτια
3341 3135 3692 3203 καλλωπίσμα-

2143 3243 2210 3278 τα
2233 3240 2246 3256 ·
2281 3225 2391 3280 τῶν
2429 3224 2484 3277 δὲ
2521 3225 2640 3295 μεθ’
2664 3225 2834 3296 αὐτὴν
2857 3224 3018 3278 θείων
3050 3227 3144 3278 καὶ
3173 3227 3362 3279 αὐτῶν
3389 3226 3620 3289 τελετῶν,
3638 3226 3690 3278 τᾶ

2143 3319 2440 3390 προεόρτια
2470 3318 2794 3388 πράγματα.
2813 3316 3053 3388 Ἀνάγκη
3097 3316 3206 3386 γὰρ
3253 3319 3321 3370 τὸ
3371 3320 3530 3388 μέσον
3559 3319 3690 3370 τιιῶν

2141 3411 2422 3481 ὑπάρχον,
2468 3409 2746 3480 ἑκατέρων
2798 3411 3077 3464 κοινωνεῖν
3130 3403 3205 3462 ὧν
3258 3410 3474 3480 πέφυκε
3533 3411 3688 3480 μέσον.

2139 3501 2294 3571 Μέση
2321 3501 2500 3554 τοίνυν
2531 3500 2854 3570 ὑπάρχουσα
2899 3501 2932 3569 ἠ
2971 3499 3218 3570 παροῦσαι
3255 3501 3446 3572 ἑορτὴ,
3477 3504 3690 3554 κοινωνεί

2141 3591 2235 3644 καὶ
2263 3593 2327 3662 τῇ
2359 3589 2705 3652 Ἀναστάσει,
2735 3588 2812 3651 ὡς
2857 3578 3074 3660 ἐκείνης
3103 3590 3428 3660 ὑπάρχουσα
3456 3590 3581 3661 πρὸς
3611 3591 3691 3661 τὴν

2139 3682 2456 3736 τελευταίαν
2490 3683 2626 3753 μέση
2650 3699 2664 3714 ο
2692 3685 2940 3737 κοινωνεῖ
2975 3683 3035 3736 δὲ
3069 3681 3336 3746 ὡσαύτως
3365 3682 3460 3737 καὶ
3493 3685 3552 3752 τῇ
3581 3681 3689 3752 ἁγίᾳ

2140 3779 2514 3848 Πεντηκοστῇ,
2542 3777 2618 3839 ὼς
2663 3777 2798 3844 πρὸς
2825 3775 2997 3841 αὐτὴν
3029 3775 3509 3847 παραπέμπουσα,
3537 3774 3618 3827 καὶ
3643 3771 3690 3838 ἐξ

2139 3869 2308 3939 αὐτῆς
2363 3869 2522 3922 πάλιν
2558 3869 2652 3924 ἐπὶ.
2694 3867 2794 3939 τὴν
2843 3869 3216 3938 ἀναστασιμον
3263 3867 3484 3938 ἡμέραν
3533 3867 3602 3929 εἰς
3641 3865 3689 3918 τὸ

2139 3961 2366 4015 κατόπιν
2385 3961 2840 4025 ἁναποδιςὸντων,
2867 3959 3231 4028 εὑρισκομένη
3259 3958 3424 4027 μέση.
3441 3956 3590 4009 Ἀλλὰ
3611 3955 3689 4022 τῆς

2136 4051 2323 4120 τιμίας
2346 4053 2874 4122 Μεσοπεντηκοστῆς
2889 4051 2958 4104 τὰ
2977 4048 3203 4104 τοιαῦτα
3225 4049 3630 4120 damnata,on
3644 4047 3688 4111 ἐξ

2137 4139 2465 4210 αὐτομάτου,
2496 4139 2603 4194 οὐδ’
2627 4141 2702 4204 ὡς
2724 4139 2905 4210 ἔτυχε,
2953 4140 3088 4211 μηδὲ
3117 4157 3204 4204 τις
3227 4138 3390 4194 τοῦτο
3425 4137 3686 4208 νομίσειεν,

2137 4233 2482 4304 ὲφευρεθείη.
2543 4233 2618 4286 Οὐ
2644 4236 2752 4303 γὰρ
2775 4233 3125 4302 ἀνθρωπίνης
3143 4231 3460 4301 φιλοτιμίας
3487 4217 3688 4300 ὖτέἆρχει

2135 4326 2292 4380 τοῦτο
2313 4327 2372 4378 τὸ
2398 4324 2649 4396 δώρημα,
2675 4324 2811 4379 ἀλλὰ
2843 4323 2994 4388 θείας
3015 4323 3345 4394 νομοθεσίας
3367 4323 3596 4392 ἀξίωμα,
3613 4319 3690 4374 καὶ

2134 4419 2196 4472 οὐ
2221 4420 2349 4490 μιᾶς
2367 4417 2708 4488 νομοθεσίας,
2727 4418 2844 4486 ἢτοι
2866 4417 2963 4486 τῆς
2985 4415 3243 4480 παλαιᾶς,
3263 4415 3368 4485 τῆς
3385 4416 3507 4478 νέας
3525 4411 3684 4484 χωρίς·

447 4495 816 4566 legis‘veteris
845 4495 962 4551 sine
989 4510 1164 4566 nova;
1196 4508 1292 4554 aut
1343 4499 1469 4556 item
1517 4517 1670 4558 novae
1695 4503 1814 4560 sine
1848 4509 2018 4565 veteri

2139 4511 2292 4582 ίιγοιιν
2307 4511 2404 4580 τῆς
2423 4511 2568 4573 νέας,
2592 4507 2718 4562 θατέ
2726 4525 2824 4580 ρας
2839 4507 2981 4580 δίχα·
3000 4506 3136 4564 ἀλλὰ
3154 4508 3388 4572 παλαιᾶς
3405 4524 3463 4561 τε
3486 4507 3574 4561 καὶ
3587 4502 3688 4562 νέας

519 4651 564 4683 ⁸⁵
594 4650 761 4705 llebr.
807 4668 888 4716 ιιι,
943 4653 996 4708 5.

1979 4729 2211 4786 ΝΟΤ.-Ῑῖ.

445 4821 712 4892 tionesque
734 4830 948 4892 propter
999 4818 1267 4874 Christum
1302 4823 1442 4872 circa
1455 4835 1531 4892 ea
1575 4831 1808 4892 tempora
1838 4824 1894 4876 in
1918 4824 2020 4878 Ec—

446 4887 635 4942 clesia‘
663 4887 856 4962 factas.
895 4889 1085 4962 Putem
1125 4905 1235 4962 ego
1260 4905 1402 4943 nova
1455 4890 1589 4962 inec,
1615 4887 1850 4962 glossam
1897 4911 2020 4948 esse

443 4973 509 5014 ac
543 4959 916 5029 paraphrasim
954 4959 1048 5012 τοῦ
1079 4959 1238 5012 σαλοῦ
1263 5001 1277 5024 ,
1327 4959 1478 5029 quod
1491 4959 1676 5018 erm
1705 4963 2021 5018 Simeonem

443 5027 738 5100 appellant,
773 5029 1059 5098 redditque
1089 5027 1429 5088 Anastasius.
1449 5027 1708 5086 Simeonis
1728 5033 2017 5100 simplicis:

445 5101 594 5154 velut
636 5101 899 5154 nimirum
953 5100 1108 5162 fatui,
1170 5115 1233 5153 ac
1261 5107 1456 5153 emotze
1509 5101 1710 5155 mentis
1743 5103 2021 5158 hominem

443 5170 917 5242 agentistqualcm
948 5172 1248 5242 etiamnum
1296 5169 1442 5242 iiiius
1471 5171 1580 5224 vita
1604 5173 1826 5242 prodit,
1856 5188 2020 5242 quam

447 5240 612 5311 habet
667 5241 860 5295 Surius
892 5242 909 5294 Ι
945 5241 1094 5300 Julii,
1127 5255 1191 5294 ac
1241 5241 1446 5311 quibus
1469 5255 1533 5294 ea
1583 5241 1672 5294 die
1711 5240 2016 5311 adscriptas

445 5309 1005 5381 habeturtﬂomanm
1053 5311 1308 5364 Ecclesia:
1382 5309 1580 5364 tabulis
1617 5327 1630 5362 :
1667 5309 2006 5381 proinzle‘qne

444 5379 962 5449 [rustra'Baronius
1012 5381 1224 5449 Evagrii
1292 5381 1728 5434 continuatorem
1793 5379 2012 5449 quan-it,

444 5447 734 5502 Leontium
764 5451 1096 5504 Constantia:
1129 5447 1312 5517 Cypri,
1346 5451 1549 5516 quique
1603 5447 2006 5514 tribulationcs,

442 5517 565 5588 sive
583 5519 764 5588 potius
801 5521 1140 5574 turbationes
1175 5531 1394 5588 propter
1422 5519 1698 5573 Christum
1732 5521 1782 5574 in
1817 5522 2009 5575 Ecclc»

442 5587 784 5659 sinitaut-itii
809 5589 971 5643 annis
1016 5587 1408 5657 posterioribus
1447 5605 1510 5642 ac
1540 5591 1800 5659 deinceps
1839 5591 2006 5644 factas

441 5655 828 5726 sc_ril7at.rNa‘m
851 5655 1055 5726 quzeso.
1080 5675 1328 5725 quamam
1357 5668 1488 5711 tunc
1516 5659 1569 5712 in
1597 5655 1836 5714 Ecclesia
1859 5660 2017 5715 factre

443 5723 840 5796 tribulationem
871 5723 934 5778 ac
963 5723 1310 5796 turbationes
1350 5739 1570 5796 propter
1611 5730 1911 5786 Christum.
1945 5745 2008 5784 ac

442 5788 646 5848 Christi
671 5792 814 5858 odio,
843 5795 1312 5851 Christianissimo
1343 5788 1671 5865 impl-ratore
1705 5797 1960 5854 Mauritio
1992 5801 2013 5852 ?

2128 4828 2305 4902 Atque
2334 4840 2396 4886 ut
2417 4831 2656 4888 dandum
2682 4833 2884 4902 aliquid
2921 4833 3065 4888 malo
3096 4832 3410 4902 interpreti,
3444 4833 3685 4886 referrent

2131 4899 2254 4972 hinc
2301 4908 2548 4968 tempora
2590 4899 2789 4972 sancti
2821 4903 3135 4972 Simeonis.
3161 4899 3326 4972 quem
3357 4903 3494 4957 Vitae
3517 4910 3684 4972 auctor

2131 4969 2285 5039 ponit.
2310 4972 2574 5027 claruisse
2602 4975 2702 5027 sub
2739 4971 3074 5027 Justiniano.
3109 4969 3266 5039 Quod
3296 4973 3428 5028 item
3445 4971 3682 5026 Baronios

2128 5038 2466 5111 Constantia:
2504 5043 2820 5111 episcopum
2879 5042 3009 5097 facit
3057 5038 3378 5106 Leontium,
3427 5057 3574 5096 error
3614 5047 3683 5093 est

2129 5109 2303 5180 male_
2325 5109 2552 5164 confusa
2583 5113 2680 5166 sed
2733 5110 3162 5180 interloquentis
3185 5111 3547 5175 Constantini,
3578 5124 3682 5164 cum

2130 5181 2256 5252 sede
2284 5177 2518 5252 Leontii,
2549 5181 2615 5235 de
2643 5197 2751 5250 quo
2793 5182 2840 5235 is
2873 5177 3282 5252 interloquitur.
3321 5183 3489 5236 Plane
3513 5189 3570 5235 ut
3595 5193 3681 5252 no-

2115 5251 2282 5321 visset
2315 5247 2674 5305 Constanthe
2697 5251 3039 5319 cpiscomtm,
3093 5247 3368 5321 suumque
3390 5253 3442 5304 in
3485 5266 3543 5321 ea
3571 5247 3679 5321 sede

2114 5319 2480 5382 decessorcm,
2532 5337 2640 5373 non
2708 5318 2956 5382 dixisset.
3000 5323 3056 5374 in
3087 5338 3193 5376 una
3257 5318 3466 5376 urbium
3505 5318 3677 5388 Cypri:

2113 5390 2205 5442 sed
2237 5391 2462 5461 potius,
2493 5391 2548 5444 in
2571 5393 2696 5460 ipsa
2731 5391 3080 5452 Constantia,
3125 5393 3178 5445 in
3209 5408 3313 5461 qua
3339 5408 3461 5446 sum
3492 5392 3678 5461 episco-

2111 5475 2232 5525 pus,
2265 5461 2349 5511 vel
2379 5460 2505 5528 quid
2534 5461 2748 5515 'similc.
2783 5461 2928 5514 Nihil
2977 5459 3300 5517 constantia:
3335 5477 3459 5515 cum
3485 5459 3674 5526 Neapo-

2107 5529 2139 5580 li
2166 5531 2272 5590 illa,
2299 5530 2550 5592 Salamis,
2593 5531 2706 5584 sive
2737 5530 3038 5593 Salamina,
3081 5547 3144 5585 ac
3171 5533 3468 5586 novissime
3497 5529 3674 5593 Fama-

2106 5609 2302 5668 gosta:
2340 5601 2455 5654 haec
2513 5610 2701 5656 nostro
2756 5601 3084 5670 Lusignano.
3140 5599 3412 5665 Nemosia,
3471 5592 3674 5670 velpLe-

2126 5677 2304 5722 monac
2333 5670 2552 5738 Grzecis,
2598 5670 2801 5724 Lemise
2854 5668 3008 5726 nova.
3047 5671 3171 5726 llaec
3202 5672 3379 5726 obiter
3405 5668 3673 5724 essum-aa-

2123 5740 2244 5806 dus,
2283 5748 2359 5794 tot
2378 5741 2480 5794 sub
2510 5757 2615 5795 una
2647 5741 2761 5797 fere
2785 5741 3014 5810 periodo
3039 5743 3310 5798 contentis
3341 5741 3553 5796 erratis.
