3934 6448
158 437 175 455 ’
228 443 349 506 ΙίΞῦ

1189 439 1443 498 SERth
1483 439 1563 497 IN
1607 437 1909 496 MEDIAM
1944 432 2501 499 PENTECOSTEN.

3314 436 3469 500 1586’

222 551 446 625 μετέχει,
471 548 545 611 ὡς
561 544 700 600 εἶναι
724 546 818 615 τὴν
835 546 1047 616 ἡμέραν
1068 548 1188 598 κατ’
1207 548 1491 617 ἀμφότεροι
1508 547 1772 614 τιμᾶσθαι

1884 545 2148 614 particeps
2178 557 2259 601 est
2287 564 2300 611 ;
2338 547 2434 603 sed
2463 555 2518 600 et
2553 548 2837 617 utriusque
2858 591 2872 615 ,
2904 552 3107 607 veteris
3153 550 3357 620 pariter
3385 563 3475 604 ac~
3549 604 3557 608 .

222 644 382 705 ἀξίαν.
405 639 462 691 ’0
489 639 588 707 μὲν
614 637 720 706 γὰρ
745 638 985 698 Μωσέως
1012 637 1171 705 νόμος
1203 636 1278 704 τῷ
1308 636 1615 705 Ἰσραηλίτῃ
1662 634 1775 702 λαῷ

220 734 438 801 ξ’ρασκε·
470 729 796 790 Macedoni;
828 726 938 793 τῆς
969 725 1179 793 ἑορτῆς
1203 764 1218 788 ,
1247 724 1519 791 ποιήσεις
1558 723 1777 776 θυσίαν

220 822 402 887 Καρίῳ
434 816 513 881 τῷ
554 817 675 880 Θεῷ
704 833 840 877 σου,
868 817 960 868 καὶ
985 818 1052 868 τὰ
1082 816 1229 883 ἑξῆς.
1248 817 1463 885 Ἐπειδὴ
1495 816 1571 874 δὲ,
1597 813 1777 877 καθὼς

220 914 368 972 αὐτὸς
393 912 418 961 6
441 908 642 977 Κύριος
670 907 800 975 προς
819 907 942 969 τοὺς
971 906 1260 968 Ἰουδαίους
1290 906 1490 974 ἔφησεν
1514 923 1527 936 ·
1561 908 1628 957 El
1660 906 1779 956 ἐστι·

220 1003 505 1058 στεύσατε
522 999 1183 1063 Μωῦσεῑ,ἑ.ττιστεύσίιτε
1203 996 1278 1050 ἂν
1298 998 1427 1064 ἐμοί
1445 1015 1455 1026 ·
1479 997 1606 1062 περὶ
1631 996 1775 1063 ἐμοῦ

222 1094 323 1162 γὰρ
345 1090 575 1155 ἐκεῖνος
596 1089 889 1158 ἔγραψεν·
915 1088 989 1152 ὡς
1011 1090 1305 1156 ἀναγκαῖον
1325 1087 1573 1140 ἐντεῦθεν
1598 1087 1775 1139 πάντα

218 1183 280 1236 τὰ
318 1180 561 1243 τυπικῶς
611 1182 668 1233 ἐν
718 1180 911 1248 ἐκείνῳ
956 1179 1339 1249 γεγραμμένα,
1380 1176 1771 1248 ἀλληγορικῶς,

217 1275 329 1344 ἦτοι
373 1272 663 1341 ἀληθινῶς,
701 1273 778 1332 είς
814 1271 908 1322 τὸν
960 1269 1161 1339 Κύριον
1209 1268 1606 1337 ἀναφέρεσθαι·
1682 1269 1778 1320 καὶ

215 1364 365 1418 τοῦτο
385 1364 447 1415 τὸ
479 1362 644 1433 μέρος
672 1364 751 1425 είς
778 1361 940 1414 αὑτὸν
973 1362 1376 1430 γεγραμμένον,
1411 1362 1515 1413 ἔδει
1554 1363 1647 1413 καὶ
1676 1362 1778 1413 ὑπ’

215 1455 375 1509 αὐτοῦ
394 1454 711 1522 τιμηθῆναι.
743 1456 823 1506 Οὺ
858 1454 963 1523 γὰρ
994 1449 1142 1523 ἦλθε
1170 1453 1508 1507 καταλῦσαι
1543 1452 1650 1505 τὸν
1674 1454 1777 1505 νό-

214 1560 341 1617 μον,
369 1543 532 1597 ἀλλὰ
556 1542 765 1596 τοῦτον
786 1542 1118 1611 πληρῶσαι,
1148 1545 1238 1595 καὶ
1264 1543 1384 1595 ἀντὶ
1410 1543 1778 1612 στοιχειώδους

215 1637 304 1691 καὶ
353 1634 609 1699 ἀτελοῦς,
641 1634 1011 1704 πνευματικὸν
1059 1636 1153 1688 καὶ
1199 1635 1405 1688 τέλειον
1452 1636 1776 1705 ἀπεργάσα-

214 1728 353 1783 σθαι.

286 1821 399 1887 Τῆς
432 1820 609 1874 τοίνυν
641 1820 854 1889 ἑορτῆς
877 1821 1210 1888 μεσούσης,
1241 1817 1317 1881 ὥς
1343 1835 1504 1888 φησιν
1528 1818 1781 1895 Ἰωάννης

1878 652 2052 700 novre,
2088 644 2146 689 ut
2171 637 2366 691 merito
2392 652 2454 690 ex
2486 638 3010 706 utraque'honorem
3054 640 3268 693 habeat.
3313 638 3449 690 Nam
3477 640 3480 646 λ

1879 722 2090 792 Moyses
2126 724 2344 792 quidem
2377 725 2434 777 in
2484 726 2631 778 hunc
2659 726 2880 780 modum
2915 728 3116 797 populo
3157 726 3454 781 Israelitico

1879 814 2133 867 sanciens
2163 815 2241 866 ait
2275 832 2287 867 :
2324 814 2493 868 Media
2520 816 2806 885 festivitate
2848 819 3009 887 facies
3042 818 3309 872 victimam
3348 817 3454 870 Do—

1878 905 2020 956 mino
2049 903 2154 955 Deo
2191 914 2299 965 tuo,
2334 914 2441 958 etc.
2477 903 2545 959 “.
2601 904 2737 970 Quia
2769 916 2976 971 autem,
3019 907 3159 963 sicut
3197 905 3475 959 Dominus.

1880 993 1995 1062 ipse
2017 994 2218 1048 Judmis
2242 995 2315 1048 ait
2353 1012 2365 1046 :
2403 993 2461 1047 Si
2493 997 2842 1049 credidissetis
2867 996 3051 1067 Mapsi,
3084 997 3213 1050 mihi
3252 1010 3456 1065 quoque

1878 1086 2057 1155 utique
2073 1086 2418 1139 credidissetis
2438 1103 2451 1138 :
2473 1086 2534 1139 de
2562 1104 2641 1140 me
2666 1088 2801 1140 enim
2832 1087 2920 1140 ille
2938 1088 3145 1156 scripsit
3167 1086 3233 1141 δ’.
3252 1084 3453 1151 Quem-

1828 1223 1837 1233 .
1878 1177 2169 1231 admodum
2196 1178 2325 1231 inde
2351 1179 2718 1232 necessarium
2753 1178 3059 1244 conﬁcitur,
3091 1190 3149 1232 ut
3174 1176 3353 1231 omnia
3390 1176 3446 1229 in

1878 1268 1994 1338 lege
2022 1283 2119 1336 per
2153 1268 2374 1337 ﬁguram
2407 1268 2604 1338 scripta
2631 1310 2645 1333 ,
2679 1269 2962 1340 allegorice.
2988 1310 3003 1334 ,
3035 1284 3132 1324 seu
3165 1283 3281 1340 Ipsa
3314 1267 3446 1321 veri-

1880 1368 2011 1423 tate,
2062 1359 2118 1412 in
2153 1359 2438 1412 Dominum
2481 1360 2821 1423 refcrantur,
2853 1361 2925 1414 ita
2959 1370 3011 1414 et
3042 1370 3244 1429 partem
3282 1360 3447 1421 hanc,

1880 1465 2000 1518 quas
2031 1448 2086 1503 in
2121 1465 2245 1503 cum
2294 1449 2492 1519 scripta
2533 1458 2697 1514 esset,
2739 1451 2807 1503 ab
2844 1466 2910 1504 eo
2944 1465 3161 1518 quoque
3193 1450 3446 1504 honorari
3520 1470 3523 1473 -

1877 1542 2119 1610 oportuit
2145 1559 2159 1593 ι
2191 1540 2311 1595 Non
2345 1542 2484 1594 enim
2515 1542 2652 1596 venit
2676 1541 2871 1595 solvere
2903 1540 3065 1610 legem
3092 1582 3105 1605 ,
3142 1542 3233 1594 sed
3275 1542 3451 1594 adim-

1881 1634 2020 1703 plere
2049 1633 2115 1699 ⁸³,
2149 1641 2314 1701 atque
2341 1633 2731 1687 elementarem
2771 1646 2834 1685 ac
2862 1629 3236 1701 imperfectam
3254 1673 3269 1696 ,
3299 1629 3457 1700 spiri=

1882 1724 2043 1779 talem
2071 1731 2233 1792 atque
2256 1723 2551 1793 perfectam
2585 1721 2816 1777 edicere.

1956 1814 2053 1868 Die
2082 1814 2247 1885 igitur
2275 1816 2405 1885 festo
2430 1815 2712 1881 mediante,
2743 1815 2922 1886 inquit
2951 1815 3191 1870 Joannes
3237 1827 3462 1885 evange-

211 1917 236 1968 6
264 1913 676 1982 εὐαγγελιστὴς,
712 1913 892 1979 ἀνέϐη
926 1915 958 1966 ό
994 1911 1232 1978 Ἰησοῦς
1261 1913 1347 1976 εἰς
1372 1912 1434 1963 τὸ
1464 1912 1644 1977 ἱερίτν,
1682 1910 1779 1963 καὶ

1884 1908 2026 1972 lista,
2056 1907 2290 1960 ascendit
2311 1904 2460 1960 Jesus
2492 1908 2547 1959 in
2577 1908 2848 1978 templum,
2879 1917 2927 1963 et
2949 1907 3163 1962 docebat
3187 1905 3253 1960 ⁵⁸.
3283 1905 3459 1970 Quan-

210 2001 547 2055 ἐῗίδασκεν.
579 2001 641 2053 Et
669 2000 777 2069 γὰρ
808 2002 900 2052 καὶ
944 2001 1043 2068 τῆς
1077 2000 1458 2069 Σκηνοπηγίας
1498 1992 1566 2069 ἦν
1592 1997 1773 2069 ἑορτὴ,

208 2095 291 2146 ὅτε
342 2078 623 2160 μεσούσῆς
670 2092 842 2159 αὐτῆς
882 2090 1052 2160 ἀνέϐη
1087 2092 1114 2142 ὁ
1147 2090 1349 2159 Ἰησοῦς
1379 2093 1457 2153 εἰς
1488 2090 1548 2142 τὸ
1596 2090 1772 2161 ἱερόν·

207 2182 320 2236 ἀλλ’
353 2181 484 2251 ἐμοὶ
535 2181 631 2233 νῦν
677 2185 803 2251 περὶ
836 2181 1013 2243 τοῦτο,
1050 2180 1211 2250 μέσον
1247 2180 1511 2250 πολλαχοῦ
1535 2183 1632 2246 τῆς
1662 2182 1774 2234 Πα-

206 2275 362 2332 λαιᾶς
390 2275 492 2327 καὶ
524 2271 668 2336 Νέας
693 2272 963 2342 διαθήκης
992 2272 1274 2342 τιμᾶσθαι,
1294 2272 1322 2325 6
1348 2274 1566 2336 σκοπὸς,
1587 2275 1660 2336 ὡς
1686 2275 1779 2327 καὶ

206 2365 295 2417 ἐπὶ
330 2364 412 2433 τῷ
451 2363 598 2416 τέλει
625 2361 827 2434 προῖὼν
863 2362 1061 2429 ἔδειξεν
1096 2365 1124 2416 6
1162 2363 1565 2431 λόγος.Ἀι-”ἐϐη
1601 2364 1778 2417 τοίνυν

206 2459 238 2509 ὀ
271 2455 516 2521 Ἰησοῦς
544 2456 632 2518 είς
660 2453 728 2506 τὸ
758 2452 920 2521 ἱερὸν
953 2454 1048 2506 καὶ
1081 2453 1381 2507 ἐδίδασκε.
1415 2456 1649 2508 Πάντοτε
1675 2456 1780 2507 πᾶ-

206 2564 288 2599 σιν
322 2546 616 2615 ὲπωφελὴς
673 2545 766 2597 καὶ
812 2546 1076 2615 σωτήριος
1126 2546 1157 2615 ἡ
1205 2545 1441 2615 Χριστοῦ
1484 2547 1776 2617 παρουσία.

217 2638 303 2688 Ἐν
356 2635 497 2707 ἱερῷ
542 2635 820 2695 διδάσκει.
874 2635 1121 2704 φωτίζων
1167 2637 1292 2698 τοὺς
1335 2636 1671 2701 ἁκούοντας’
1725 2640 1781 2691 ἐν

205 2727 497 2789 πλατείαις
528 2725 949 2796 θαυματουρχέῖ,
975 2728 1101 2791 τοὺς
1129 2727 1483 2788 ἀσθενοῦντας
1514 2728 1743 2798 ἰώμενος
1762 2744 1777 2760 ·

207 2820 262 2870 ὲν
305 2818 639 2886 συμποσίοις
684 2817 843 2880 σώζει
899 2818 1258 2887 ἁμαρτωλοὺς
1308 2819 1733 2891 ἐπιστρέφοντας
1764 2835 1777 2849 ⁸

206 2912 262 2963 ἐν
308 2910 593 2972 τελωνίοις
640 2908 873 2979 ἁρπάζει
926 2910 1063 2977 πρὸς
1114 2910 1410 2979 μαθητείαν
1448 2913 1572 2974 τοὺς
1598 2911 1782 2982 ἅρπα-

205 3017 341 3069 γας·
392 3002 452 3052 ὲν
487 2999 695 3061 πλοίοις
736 2998 1042 3059 καθεύδων,
1070 3001 1445 3069 κατακοιμίζει
1494 3004 1557 3071 τῇ
1606 3004 1782 3055 ἐπιτι-

205 3092 375 3161 μήσει
432 3089 528 3143 τὸν
584 3089 868 3143 κλύδωνα·
930 3090 1100 3152 ἁλιεῖς
1155 3090 1388 3159 ἰχθύων,
1450 3092 1786 3162 σαγηνευτὰς

1880 2014 2041 2069 quam
2093 1998 2240 2054 enim
2291 2000 2410 2055 dies
2455 1998 2627 2054 festus
2654 1999 3002 2071 Scenopegim
3037 2008 3153 2053 erat
3178 2040 3191 2061 ,
3227 2013 3349 2053 cum
3390 2011 3456 2051 eo

1884 2091 2156 2145 mediante
2201 2090 2358 2146 Jesus
2397 2092 2452 2145 in
2499 2092 2757 2161 templum
2794 2092 3078 2158 ascendit,
3128 2092 3234 2145 hoc
3275 2101 3453 2144 tamen

1879 2182 2053 2236 solum
2114 2182 2168 2236 in
2220 2184 2641 2253 praesentiarum
2697 2184 2856 2239 velim
2893 2193 3215 2247 ostensum,
3273 2181 3457 2236 multis

1881 2272 2091 2328 Veteris
2113 2289 2267 2344 seque
2314 2290 2376 2328 ac
2402 2274 2541 2328 Novi
2586 2273 2925 2329 Testamenti
2964 2275 3100 2329 locis
3127 2317 3142 2342 ,
3193 2274 3453 2328 honorem

1883 2366 2061 2419 medio
2100 2366 2311 2431 haberi,
2360 2366 2438 2420 uti
2490 2366 2651 2421 etiam
2682 2367 2856 2422 oratio
2895 2381 3156 2436 processu
3198 2366 3250 2418 in
3291 2363 3453 2418 linem

1881 2457 2135 2511 ostendit.
2166 2458 2413 2511 Ascendit
2448 2458 2630 2529 itaque
2665 2458 2815 2512 Iesus
2841 2459 2895 2511 in
2927 2456 3195 2527 templum,
3229 2464 3277 2509 et
3304 2453 3456 2507 doce-

1882 2546 1990 2599 bat.
2024 2545 2289 2602 Omnibus
2311 2548 2455 2602 omni
2487 2549 2606 2602 loco
2628 2549 2785 2603 utilis
2807 2556 2887 2603 est
2910 2563 2976 2603 ac
2999 2546 3227 2601 salubris
3253 2543 3453 2598 Christi
3502 2584 3507 2589 .

1884 2640 2168 2707 praesentia
2216 2639 2424 2694 Docens
2448 2640 2501 2694 in
2527 2641 2749 2709 templo,
2771 2640 3046 2694 auditores
3073 2638 3341 2692 illuminat
3369 2636 3415 2667 "
3435 2677 3450 2697 ,

1883 2729 2136 2783 miracula
2170 2731 2226 2784 in
2255 2731 2463 2800 plataeis
2489 2742 2730 2801 patrans,
2769 2731 3016 2785 inﬁrmos
3038 2738 3231 2796 sanat;
3277 2727 3458 2783 convi-

1882 2821 1986 2874 viis
2017 2822 2339 2877 assistens"
2363 2840 2377 2890 ;
2405 2832 2718 2892 peccatores
2747 2823 2814 2877 ad
2845 2823 3126 2876 meliorem
3163 2835 3458 2876 conversos

1885 2912 2089 2982 frugem
2109 2914 2281 2968 salvat
2298 2914 2371 2980 ιτς
2397 2915 2449 2968 in
2468 2916 2681 2970 teloniis
2694 2923 2941 2985 raptores
2955 2915 3056 2969 sibi
3080 2914 3133 2967 in
3159 2913 3459 2982 discipulos

1884 3006 2023 3073 rapit
2041 3004 2119 3069 ³⁸;
2149 3002 2201 3058 in
2221 3006 2446 3077 navigiis
2468 3007 2745 3061 dormiens
2766 3007 2833 3070 δ’,
2863 3014 3237 3075 tempestatem
3275 3004 3459 3058 incre—

1886 3095 2066 3165 pando
2098 3098 2249 3150 sedat
2279 3115 2291 3151 :
2324 3098 2622 3166 piscatores
2653 3099 2909 3168 piscium,
2940 3097 3127 3151 mundi
3157 3096 3457 3165 piscatores

203 3183 551 3237 ἀναδείκνυσι
602 3182 831 3252 κόσμου,
866 3180 1007 3234 οὕτω
1047 3184 1102 3233 ἐν
1153 3184 1314 3233 παντὶ
1359 3184 1506 3252 τόπῳ
1550 3183 1780 3236 πάντοτε

1888 3189 2013 3242 facit
2041 3192 2108 3254 ⁸ος
2142 3190 2219 3244 sic
2251 3191 2451 3261 ubique
2507 3192 2761 3246 omnibus
2799 3182 2948 3245 utilis
2996 3205 3059 3244 ac
3096 3189 3326 3243 salubris
3370 3187 3456 3241 illa

203 3275 372 3327 πᾶσιν
406 3271 701 3342 έπωφελὴς
749 3272 844 3325 καὶ
883 3274 1146 3341 σωτήριος
1206 3275 1237 3342 ἡ
1288 3273 1523 3343 Χριστοῦ
1576 3291 1781 3344 παρου-

204 3364 316 3417 σία.
377 3365 522 3417 Ἀλλ’
559 3364 761 3432 ἴδωμεν
806 3364 933 3426 τοὺς
988 3363 1312 3433 ἀγνώμονας
1371 3364 1678 3431 Ἰουδαίους,
1732 3366 1783 3419 τί

201 3456 311 3525 ἄρα
346 3456 414 3508 ὲκ
453 3454 552 3523 τῆς
583 3452 676 3505 τοῦ
711 3452 962 3522 Σωτῆρος
998 3454 1346 3516 διδασκαλίας
1388 3454 1778 3524 ὠφελήθησαν·

203 3548 412 3616 μᾶλλον
460 3545 518 3599 δὲ
559 3545 685 3608 τοὺς
733 3544 841 3597 τῶν
882 3545 1151 3598 Ἰουδαίων
1200 3546 1500 3614 ἄρχοντας,
1554 3548 1782 3612 Οϊτινες

200 3638 319 3703 τὴν
348 3636 543 3700 δόξαν
583 3633 703 3687 τῶν
731 3634 1073 3703 ἀνθρώπων,
1117 3635 1265 3703 ὑπὲρ
1317 3635 1428 3701 τὴν
1459 3635 1646 3700 δόξαν
1676 3638 1781 3691 τοῦ

201 3729 397 3792 Θεοῦ,
443 3729 566 3797 ἦτοι
601 3727 661 3779 τὸ
706 3728 1017 3780 καλεῖσθαι
1088 3726 1283 3780 Ῥαϐϐὶ
1310 3768 1324 3792 ,
1374 3728 1778 3798 ἀγαπήσαντες,

198 3821 299 3887 τῆς
329 3820 505 3880 ὅντως
558 3818 927 3888 ἀναποδλήτου
974 3815 1165 3887 δόξης,
1224 3816 1367 3884 λέγω
1421 3818 1505 3888 δὴ,
1557 3818 1657 3886 τῆς
1703 3820 1781 3881 at;

198 3910 447 3981 Χριστὸν
499 3910 752 3971 πίστεως,
787 3910 1011 3971 ἑαυτοὺς
1052 3909 1452 3979 ἀπεστέρησαν.
1517 3912 1670 3963 Ἐπεὶ
1700 3913 1780 3965 ὅτι

196 4003 263 4055 ὲκ
297 4000 399 4053 τοῦ
434 4001 672 4068 πλήθους
701 4000 877 4053 αὐτῶν
907 4001 1232 4053 ἐπίστευσαν
1259 4001 1356 4054 οὐκ
1397 4001 1607 4069 ὀλίγοι,
1654 4020 1776 4072 μετ-

195 4093 400 4144 έπειτα
442 4092 472 4143 6
504 4089 892 4159 εὐαγγελιστὴς
926 4091 1205 4159 σαφηνίζει
1238 4090 1491 4158 φάσκων*
1536 4093 1635 4145 Ἐκ
1676 4093 1781 4146 τοῦ

192 4179 317 4238 οὖν
349 4182 571 4251 ὄχλου,
598 4182 815 4235 πολλοὶ
841 4182 1210 4236 ἐπίστευσαν
1233 4186 1320 4249 εἷς
1344 4185 1547 4237 αὐτόν.
1604 4188 1666 4238 ΟΞ
1689 4182 1781 4239 οὖν

189 4277 262 4328 τὰ
296 4274 636 4345 ἀπρόσφορα
668 4274 795 4343 περὶ
841 4273 933 4325 τοῦ
985 4274 1299 4327 διδασκάλου
1348 4275 1776 4347 ἐνθυμούμενοι,

190 4367 256 4419 τὺ
307 4365 576 4435 θεομισὲς
616 4364 829 4434 ὑπῆρχε
874 4364 980 4417 τῶν
1028 4365 1329 4436 ἀρχιερέων
1382 4370 1477 4420 καὶ
1519 4386 1780 4440 γραμμα-

188 4464 337 4514 τέων
371 4460 476 4517 καὶ
505 4459 706 4511 λοιπῶν
736 4459 1011 4527 ἀρχόντων
1046 4458 1340 4528 συνέδριον,
1382 4462 1576 4524 οἵτινες
1633 4463 1780 4515 διδα-

1884 3281 2083 3335 Christi
2124 3283 2409 3351 praesentia
2443 3291 2544 3337 est.
2599 3283 2869 3338 Caeterum
2928 3281 3211 3336 videamus
3252 3280 3455 3350 impro—

1884 3373 1980 3427 bos
2012 3371 2248 3435 Judreos,
2283 3372 2411 3442 quid
2441 3390 2505 3427 ex
2538 3373 2836 3427 Salvatoris
2890 3373 3138 3427 doctrina
3188 3370 3456 3426 commodi

1883 3464 2164 3517 consecuti
2204 3464 2351 3526 sint;
2389 3479 2483 3517 seu
2519 3463 2689 3533 magis
2716 3463 3025 3517 Judaeorum
3049 3462 3459 3534 principes,qui

1884 3552 2163 3617 nimirum,
2221 3552 2491 3605 hominum
2520 3551 2747 3622 gloriam
2778 3551 3053 3621 diligentes
3086 3552 3254 3621 magis
3300 3567 3458 3620 quam

1883 3643 2110 3713 gloriam
2141 3644 2237 3696 Dei
2275 3645 2317 3675 ⁶¹
2354 3685 2368 3707 ,
2395 3644 2499 3698 hoc
2524 3652 2626 3708 est,
2660 3644 2838 3698 vocari
2883 3644 3051 3697 Rabbi
3075 3645 3120 3675 ⁸³
3156 3658 3326 3708 ;vere
3370 3642 3456 3696 illa

1883 3733 2212 3787 inaul‘cribili
2241 3732 2428 3803 gloria,
2474 3733 2599 3799 ﬁde,
2635 3734 2879 3804 inquam,
2915 3734 2970 3787 in
3019 3733 3333 3800 Christum,
3367 3747 3456 3786 se—

1885 3825 2033 3895 ipsos
2062 3825 2367 3893 privarunt.
2402 3823 2557 3890 Quod
2589 3826 2732 3878 enim
2764 3840 2874 3880 non
2908 3825 3061 3895 pauci
3090 3839 3155 3878 ex
3196 3823 3287 3877 illo
3315 3831 3455 3879 coetu

1883 3915 2231 3980 crediderint,
2252 3915 2488 3969 declarat
2507 3915 2846 3985 postmodum
2864 3915 3210 3986 evangelista,
3231 3915 3451 3970 dicens:

1887 4006 1962 4060 De
1995 4007 2146 4060 turba
2185 4014 2363 4059 autent
2421 4007 2574 4060 multi
2613 4007 2945 4060 crediderunt
2991 4008 3046 4060 in
3100 4023 3217 4060 eum
3274 4006 3340 4060 ⁸³.
3404 4006 3447 4060 Ii

1883 4114 2011 4168 ergo
2041 4097 2132 4167 qui
2184 4097 2483 4151 inconsona
2516 4098 2582 4152 de
2608 4106 2939 4167 praeceptore
2969 4097 3296 4168 cogitabant,
3346 4096 3457 4151 Deo

1884 4187 2084 4242 odibile
2112 4187 2406 4245 concilium
2435 4188 2565 4241 illud
2594 4196 2729 4254 erat,
2757 4188 3097 4256 pontiﬁcum,
3131 4187 3455 4250 scribarum,

1883 4293 1946 4331 ac
1966 4277 2297 4347 reliquorum
2326 4277 2639 4347 principum
2667 4293 2681 4341 ;
2707 4277 2797 4345 qui
2832 4277 3093 4330 nimirum
3118 4276 3348 4330 Domino
3369 4276 3468 4330 do-

1884 4373 2062 4429 ce‘nte,
2090 4367 2346 4420 dicebant
2407 4384 2421 4420 :
2477 4366 2748 4430 Quomodo
2791 4364 2876 4417 hic
2932 4364 3135 4418 litteras
3174 4365 3289 4430 scit,
3343 4380 3462 4416 cum

1886 4472 1989 4509 non
2015 4455 2259 4510 didicerit
2291 4457 2380 4510 ⁸δῖ
2418 4456 2697 4525 Ejusmodi
2723 4464 2905 4509 autem
2938 4470 3036 4509 vox
3083 4465 3139 4509 et
3186 4455 3481 4525 cogitatio,-

190 4566 434 4612 σκοντος
468 4548 561 4602 τοῦ
595 4550 797 4617 Κυρίου
826 4547 1062 4616 ἔφασκον
1088 4564 1101 4577 ·
1132 4548 1254 4614 Πῶς
1278 4545 1457 4615 οὗτος
1478 4550 1780 4619 ’γράμματα

1887 4545 2209 4599 Judteorum
2253 4544 2624 4599 obedientiam
2666 4552 2908 4608 accusat,
2940 4544 3031 4614 qui
3081 4543 3213 4614 legis
3248 4558 3464 4612 semper

185 4638 367 4695 οἶδεν
392 4638 486 4708 μὴ
513 4638 862 4708 μεμαθηκώς
880 4653 900 4700 ;
949 4638 1013 4688 Ἢ
1055 4638 1111 4690 δὲ
1166 4640 1387 4709 τοιαύτη
1421 4641 1568 4709 φωνή
1600 4628 1658 4692 τὲ
1687 4643 1781 4694 καὶ

186 4732 405 4792 ἔννοια,
449 4729 742 4799 κατηγορεῖ
771 4728 870 4797 τῆς
907 4728 1014 4780 τῶν
1065 4728 1330 4781 Ἰουδαίων
1377 4730 1659 4796 ἀνηκοΐας,
1705 4732 1782 4795 ὡς

182 4818 305 4882 τοῖς
336 4821 595 4887 νομικοῖς
626 4818 720 4870 καὶ
752 4819 1107 4887 προφητικοῖς
1134 4818 1519 4887 πραγγέλμασι
1553 4820 1782 4874 πάντοτε

186 4910 451 4963 ἐνάυτιοι
505 4909 784 4978 γεγόνασι.
837 4908 911 4960 Τὸ
963 4908 1071 4978 γὰρ
1141 4910 1310 4977 φῆσαι
1358 4912 1590 4973 αὐτούς·
1654 4912 1785 4980 Πῶς

180 4998 386 5067 οὗτος
440 5000 748 5069 πιοάμματα
793 4996 919 5053 οἵδε
946 5000 1031 5068 μὴ
1071 5001 1464 5069 μεμαθηκώς
1515 5004 1786 5057 δείκνυσιν

174 5094 265 5145 ὅτι
303 5094 378 5145 ἐκ
441 5091 703 5160 νομικῶν,
728 5091 848 5161 ἦτοι
872 5092 1257 5162 προφητικῶν,
1293 5095 1638 5163 γραμμάτων
1688 5096 1786 5167 τὴν

170 5181 563 5236 διδασκαλίαν
588 5182 617 5232 6
646 5180 836 5250 Σωτὴρ
875 5180 932 5232 τὸ
979 5181 1277 5251 τηνικαῦτα
1307 5180 1588 5252 ὲξύφηνεν.
1625 5182 1786 5236 Ὅθεν

167 5274 254 5337 ὡς
336 5270 415 5334 ἐξ
469 5271 763 5342 ἐγγράφων
812 5272 1177 5334 διδάσκοντος,
1230 5273 1429 5343 καίπερ
1483 5274 1788 5343 γράμματα

168 5367 252 5435 μὴ
318 5363 728 5435 μεμαθηκὼς.
793 5366 918 5433 περὶ
973 5365 1133 5416 αὑτὸν
1193 5365 1465 5436 φθονερῶς
1527 5368 1618 5435 (τιὐ
1680 5367 1788 5436 γάρ

1888 4653 1950 4692 ac
1966 4638 2353 4706 prophetarum
2381 4636 2652 4690 mandatis
2673 4634 2875 4689 fuerint
2902 4634 3191 4689 adversati.
3224 4633 3485 4687 Dicendi

1890 4729 2058 4792 enim,
2086 4726 2355 4804 Quomodo
2392 4728 2477 4780 hic
2507 4728 2605 4780 scit
2629 4727 2859 4790 litteras,
2891 4743 3011 4780 cum
3036 4742 3138 4779 non
3174 4726 3413 4780 didicerit
3436 4727 3462 4777 ξ)

1891 4825 2076 4887 aperte
2125 4816 2386 4884 indicant,
2417 4826 2548 4871 tunc
2571 4817 2856 4871 Dominum
2880 4832 2947 4871 ex
2975 4817 3193 4885 scriptis
3225 4817 3356 4888 legis
3397 4831 3462 4871 ac

1891 4909 2301 4979 prephetarnm,
2336 4908 2684 4963 contexuisse
2709 4908 3036 4963 doctrinam.
3071 4906 3227 4972 Quod
3254 4907 3459 4976 itaque,

1892 5013 1957 5051 ex
1990 4997 2285 5067 Scripturis
2315 4999 2557 5064 doceret,
2593 5014 2904 5068 quanquam
2928 5014 3037 5053 non
3067 4999 3337 5057 didicerat
3364 5000 3459 5053 lit-

1895 5100 2054 5156 teras,
2095 5091 2296 5146 invidia
2325 5092 2377 5144 in
2413 5091 2592 5162 ipsum
2629 5093 2753 5162 (nec
2778 5091 2923 5144 enim
2953 5090 3331 5159 admiratione)
3357 5091 3459 5144 ουρ

1894 5188 2175 5250 stupentes
2195 5181 2451 5234 dixerunt
2483 5197 2495 5233 :
2527 5180 2796 5244 Quomodo
2828 5181 2912 5233 hic
2949 5181 3045 5232 scit
3072 5178 3295 5245 litteras,
3339 5195 3463 5232 cum

1891 5286 1995 5323 non
2023 5272 2263 5325 didicerit
2298 5273 2323 5326 ?
2371 5270 2649 5341 Siquidem
2676 5273 2842 5336 enim,
2877 5286 3035 5326 secus
3067 5286 3158 5325 rcs
3201 5270 3455 5331 habebat,

1891 5378 2214 5433 novamque,
2241 5370 2403 5433 atque
2431 5364 2695 5418 hactenus
2714 5363 2973 5435 ignotam,
3007 5378 3186 5433 neque
3212 5363 3465 5431 Scriptu-.

1895 5456 1968 5507 ris
1999 5455 2250 5509 traditam
2304 5456 2607 5510 doctrinam
2653 5456 2978 5526 exponebat,
3016 5455 3217 5510 frustra
3269 5454 3462 5510 luisset

1891 5545 1981 5599 ille
2006 5555 2216 5615 stupor,
2251 5547 2390 5616 quod
2425 5563 2531 5600 non
2576 5547 2742 5601 sciret
2774 5546 3001 5602 littei'as.
3035 5544 3110 5601 Ea
3141 5563 3271 5601 vero
3310 5544 3477 5616 cogis

164 5448 661 5526 θαυμαστικῶς),
706 5456 1043 5525 ἐξιστάμενοι
1095 5457 1362 5525 ἔφασκον
1421 5457 1548 5523 Πῶς
1607 5455 1787 5523 οὗτος

160 5545 522 5616 γράμματα
556 5545 718 5598 οἶδεν
744 5544 830 5613 μὴ
856 5545 1253 5616 μεμαθηκώςς
1284 5545 1342 5597 Εἰ
1373 5544 1479 5614 γὰρ
1522 5546 1595 5616 μὴ
1627 5545 1786 5598 τοῦτο

254 5704 304 5733 εί
349 5698 540 5754 Exod.
567 5716 673 5759 κη,
709 5701 799 5753 9.2.
876 5700 920 5731 ⁸³
949 5700 1105 5755 Joan.
1139 5719 1190 5763 ν,
1224 5700 1311 5756 66.
1388 5700 1433 5730 ⁵³
1456 5701 1644 5755 Matth.
1675 5719 1726 5762 ν,
1758 5700 1841 5755 18.

172 5772 222 5812 θ’
256 5772 408 5824 Luc.
453 5785 547 5833 \‘II,
581 5770 666 5822 48.
743 5769 786 5802 ⁸⁸
805 5771 995 5823 Matth.
1027 5787 1098 5831 χι,
1130 5772 1182 5824 9.
1262 5770 1304 5801 ’⁵³
1328 5771 1510 5825 Matth.
1543 5789 1658 5836 \‘lll,
1687 5773 1774 5824 9.6.

179 5844 226 5874 ⁸³
264 5841 453 5894 Joan.
490 5855 581 5904 ιιι,
618 5841 703 5893 51.
782 5840 824 5870 ⁵³
855 5838 1011 5893 Juan.
1052 5857 1145 5904 vn,
1185 5840 1264 5894 l5.

2457 5706 2497 5734 ⁸⁵
2525 5704 2682 5757 Joan.
2712 5720 2804 5756 vn.
2843 5704 2922 5758 l4.
3002 5704 3046 5736 “
3074 5702 3236 5760 Marc.
3267 5721 3339 5771 τι,
3372 5704 3458 5759 56.

2912 5777 2955 5806 ⁵¹
2984 5774 3173 5830 Matth.
3219 5790 3372 5841 χχιιι,
3409 5778 3478 5843 7.,

1920 5701 2141 5758 M’Joan.
2169 5721 2263 5768 γιι,
2295 5704 2376 5757 Η.

1852 5772 1895 5804 ⁵ο
1919 5771 2107 5829 Matth.
2141 5791 2212 5839 Vl,
2239 5779 2290 5828 9.
2366 5774 2406 5803 ⁵³
2440 5774 2593 5827 Joan.
2622 5790 2714 5840 xu,
2752 5774 2831 5827 i3.
