3934 6438
484 391 619 461 1587

1473 406 1783 465 LEONTII
1814 406 2325 468 NEAPOLITANI
2368 407 2707 469 EPISCOPI

3546 415 3655 485 1588
3716 428 3725 443 '

481 507 686 561 tatione
708 504 918 572 relicta,
947 504 1209 563 dixerunt
1241 506 1470 562 invicem
1500 527 1514 561 :
1565 509 1674 564 Nos
1711 511 1904 564 scimus
1926 511 2052 580 quia

2169 509 2244 583 ἣν,
2278 512 2415 566 ἀλλὰ
2444 511 2637 584 καινὴν
2671 514 2765 567 καὶ
2799 513 2968 583 μήπω
2993 511 3357 583 ιγνωσμένην,
3398 515 3428 589 ἢ
3461 536 3660 601 γεγραμ-

478 589 645 659 Moysi
693 590 894 645 locutus
926 601 1002 647 est
1052 592 1185 647 Deus
1227 594 1275 624 ⁸⁸
1321 610 1335 647 :
1378 595 1515 649 hunc
1570 608 1746 653 autem
1804 600 2059 654 nescimus

481 682 617 735 unde
643 682 733 736 sit.
759 680 949 739 Omnis
974 686 1118 740 enim
1149 685 1450 755 iniquitatis
1475 688 1689 755 modus,
1713 690 2060 759 perindeillis

482 774 772 843 expeditus
794 784 880 831 est
910 793 926 841 ;
955 775 1163 831 ideirco
1214 777 1376 832 etiam
1424 787 1654 849 utraque
1694 780 1906 836 ratione
1933 797 2060 851 per-

483 875 804 920 manserunt
830 867 1091 922 increduli
1122 867 1343 923 Christo
1378 908 1393 933 ,
1448 886 1571 924 cum
1620 871 1840 940 quidem
1870 871 2059 941 legalia

483 969 547 1007 ac
592 957 911 1025 prophetica
960 956 1288 1013 documenta
1327 971 1679 1030 praponeret,
1729 964 2057 1018 calumniam

485 1043 804 1110 inferentes,
838 1055 1093 1116 tanquam
1120 1056 1238 1103 arte
1270 1049 1477 1117 magica
1501 1050 1785 1106 scientiam
1820 1054 1938 1108 sine
1970 1055 2057 1108 lit-

487 1134 621 1187 teris
641 1128 1012 1203 comparasset
1040 1153 1055 1201 ;
1085 1151 1208 1191 cum
1245 1148 1427 1192 autem
1464 1139 1686 1195 doceret
1729 1157 1848 1207 sua,
1877 1143 2054 1197 eidem

482 1224 947 1281 contradicentes.
983 1226 1053 1280 Τιι
1090 1228 1153 1281 de
1195 1230 1358 1297 teipso
1403 1233 1757 1286 testimonium
1786 1235 2061 1302 perhibes?

483 1317 842 1372 testimonium
892 1328 1041 1375 tuum
1072 1337 1175 1374 non
1211 1332 1286 1377 est
1312 1340 1492 1378 verum
1516 1326 1583 1380 ⁸⁸.
1616 1322 1775 1380 Omni
1810 1342 1940 1399 ergo
1970 1344 2060 1382 ra-

485 1408 631 1463 tione
658 1409 817 1464 venia
853 1419 1064 1475 carent,
1102 1411 1412 1469 Judzeorum
1444 1414 1738 1485 principes,
1773 1432 1875 1471 nec
1899 1416 2057 1486 quid-

482 1514 645 1568 quam
684 1501 910 1556 omnino
940 1502 1132 1558 volunt
1164 1505 1368 1574 juvari.
1420 1504 1668 1561 Salvator
1708 1508 2063 1564 nihilominus

486 1591 669 1646 innata
700 1592 787 1646 illa
813 1610 908 1648 sua
938 1595 1226 1651 clementia
1256 1597 1453 1663 victus,
1498 1614 1609 1653 non
1642 1601 1825 1655 statim
1864 1601 1936 1656 ita
1978 1603 2060 1658 lo-

485 1692 719 1753 quentes
753 1694 1037 1741 aversatus
1067 1696 1170 1751 est,
1210 1689 1307 1743 sed
1359 1690 1641 1760 respondit
1672 1692 1777 1755 eis,
1834 1692 2056 1762 aitque:

486 1776 608 1831 Mea
643 1775 883 1830 doctrina
908 1792 1011 1831 non
1046 1787 1120 1832 est
1159 1795 1296 1843 mea,
1320 1780 1411 1833 sed
1444 1781 1558 1850 ejus
1583 1782 1676 1851 qui
1708 1783 1849 1836 misit
1884 1800 1964 1837 me
1990 1786 2053 1839 ⁸⁷.

486 1860 592 1924 Qui
621 1862 768 1916 enim
799 1876 895 1918 eos
923 1863 1108 1931 sciret,
1141 1866 1393 1935 facientes
1424 1849 1643 1922 irritam
1661 1867 1843 1941 legem,
1873 1887 1938 1923 ac
1966 1872 2057 1925 do-
2095 1849 2137 1903 Β

486 1959 657 2005 centes
691 1952 961 2007 doctrinas
991 1970 1058 2007 ac
1096 1956 1350 2010 mandata
1385 1956 1658 2011 hominum
1682 1959 1728 1991 ⁵⁸
1755 1976 1769 2012 :
1799 1960 2062 2029 repulisse

485 2057 702 2112 quoque
752 2045 1065 2113 prophetas,
1099 2046 1336 2102 dicendo
1372 2048 1501 2102 huic
1539 2065 1553 2101 :
1598 2048 1720 2103 Non
1768 2050 2062 2105 nominabis

487 2148 673 2186 nomen
707 2131 921 2187 Domini
946 2135 991 2167 ⁸⁸
1027 2151 1040 2187 :
1069 2134 1143 2189 illi
1175 2143 1357 2191 autem
1395 2154 1408 2189 :
1449 2136 1549 2201 Qui
1583 2139 1723 2191 vides
1777 2138 1973 2202 recede,
2014 2149 2062 2192 et

486 2226 617 2278 unde
641 2225 697 2279 in
731 2235 930 2280 terram
952 2236 1119 2296 tuam,
1141 2238 1189 2282 et
1212 2228 1284 2283 ibi
1308 2230 1419 2283 vive
1449 2268 1464 2289 .
1512 2239 1560 2283 et
1600 2230 1671 2284 ibi
1688 2230 2020 2303 prophelabis
2047 2248 2060 2283 :

488 2319 539 2369 in
565 2316 745 2372 Bethel
766 2328 943 2374 autem
984 2336 1085 2375 non
1111 2322 1446 2392 prophetabis
1464 2321 1509 2354 ‘°
1546 2340 1559 2376 :
1593 2321 1725 2391 quin
1759 2329 1815 2377 et
1841 2321 2059 2376 eosdem

486 2408 778 2476 occidisse,
799 2425 900 2466 nec
917 2411 1123 2467 Christi
1149 2413 1452 2468 doctrinam
1478 2413 1591 2469 ullo
1611 2413 1774 2468 modo
1795 2414 2061 2481 recipere,

486 2500 578 2570 qui
609 2500 991 2559 dissuadentes
1018 2503 1192 2559 turbis
1217 2505 1483 2571 dicerent,
1503 2505 1646 2571 Quid
1678 2520 1801 2560 eum
1830 2504 2067 2560 auditis?

474 2592 720 2659 Insanit,
760 2603 808 2648 et
851 2595 1165 2650 daemonium
1198 2596 1352 2653 habet
1383 2598 1423 2630 “
1455 2598 1615 2668 ;jnre
1644 2596 1805 2666 plane
1846 2595 2060 2660 merito,

2165 602 2335 672 μένην
2378 603 2732 657 διδασκαλίαν
2782 601 3072 671 issi-E0510,
3110 603 3335 674 περιττὴ
3380 608 3412 678 ἠ
3446 616 3555 683 περὶ
3588 622 3663 675 τοῦ

2165 692 2242 763 μὴ
2272 692 2469 746 εἰδέναι
2511 692 2674 745 αὐτὸν
2705 691 3009 763 γράμματα
3039 689 3319 759 ἔκπληξις.
3370 692 3512 751 Εἶπον
3538 701 3585 755 δὲ
3613 706 3664 760 ἂν

2162 782 2298 852 πρὸς
2346 783 2568 849 αὐτοὺς,
2613 782 2822 852 ταύτην
2869 782 3291 843 καταλείποντες
3336 783 3423 855 τὴν
3469 789 3667 848 ἔννοιαν·

2164 870 2420 939 Οἴδαμεν
2449 870 2540 925 ὅτι
2588 871 2829 926 Μωυσεῖ
2861 868 3214 936 λελάληκεν
3242 871 3275 923 ό
3303 873 3434 940 Bede
3452 892 3465 906 ·
3495 881 3670 937 τοῦτον

2160 963 2229 1016 δὲ
2261 966 2373 1018 οὐκ
2415 963 2665 1033 οἴδαμεν
2692 966 2893 1018 πόθεν.
2913 961 3068 1015 ἐστί.
3111 962 3225 1025 Πᾶς
3268 963 3372 1033 γὰρ
3419 967 3581 1034 αὐτοῖς
3606 974 3672 1028 in.

2164 1051 2403 1120 πήλατος
2431 1051 2775 1120 παρανομίας
2805 1051 3003 1122 τρόπος
3026 1068 3041 1081 ο
3073 1049 3152 1102 διδ
3180 1051 3276 1103 καὶ
3305 1055 3417 1107 κατ’
3438 1057 3672 1131 ἀμφότερα

2124 1139 2516 1221 ⁹ἀπιστοῦντες
2545 1140 2987 1210 διαμεμενήκασι
3012 1139 3091 1209 τῷ
3112 1140 3350 1210 Χριστῷ·
3372 1148 3548 1215 νομικὲ
3578 1152 3675 1220 μὲν,

2162 1232 2282 1301 ἤτοι
2324 1231 2658 1303 προᾳητικᾶ,
2696 1230 3086 1300 παρατιθέντος
3108 1231 3426 1302 διδάγματα,
3458 1254 3675 1308 annos”.

2161 1324 2283 1387 τίεις
2313 1323 2774 1393 προσράπτοντες,
2822 1321 2899 1385 ὡς
2941 1322 3008 1375 ἐκ
3056 1323 3155 1391 τῆς
3190 1324 3416 1393 μαγείας
3454 1329 3579 1392 τινὸς
3603 1332 3681 1402 τὴν

2163 1413 2363 1482 εἴδησιν
2398 1414 2525 1468 ἄνευ
2556 1413 2905 1483 γραμμάτων
2936 1412 3117 1483 ἔχοντι
3136 1428 3150 1441 ·
3186 1414 3361 1477 tam;
3382 1416 3435 1469 δὲ
3466 1421 3680 1488 ποιουμέ.

2162 1518 2253 1555 νου
2285 1502 2661 1569 διδασκαλίας,
2699 1500 3206 1572 ἀντιφθεγγόμενοι·
3253 1503 3338 1558 Σὺ
3373 1506 3493 1573 περί
3534 1522 3683 1565 atav-
3763 1495 3766 1498 ’

2162 1594 2267 1649 τοῦ
2292 1594 2647 1663 μαρτυρεῖς;
2689 1596 2728 1663 ἡ
2756 1596 3053 1665 μαρτυρία
3101 1611 3220 1650 σου
3248 1598 3357 1650 οὐκ
3385 1598 3540 1654 ἐστιν
3562 1601 3681 1669 ἁλη-

2162 1686 2291 1752 θής.
2352 1686 2622 1741 Πάντοθεν
2676 1686 2773 1741 οὖν
2826 1688 3203 1755 ἀσύγγνωστοι
3225 1728 3240 1750 ,
3292 1688 3379 1741 καὶ
3406 1690 3683 1758 ὠφελεῖσθαι

2167 1776 2408 1847 μηδόὶως
2443 1776 2780 1849 βουλόμενοι,
2809 1778 2863 1831 oi
2896 1778 3006 1831 τῶν
3064 1777 3334 1832 Ἰουδαίων
3371 1779 3681 1851 καθηγεῖσθαι

2164 1866 2440 1936 λαχόντες.
2501 1866 2639 1921 Ἀλλ’
2669 1868 2818 1938 ὅμως
2868 1870 2897 1921 ὁ
2946 1868 3137 1938 Σωτὴρ
3177 1870 3244 1939 τῇ
3291 1869 3504 1939 ἐμφύτῳ
3534 1873 3684 1940 φιλαν-

2165 1956 2381 2027 θρωπίᾳ
2411 1956 2733 2026 νικώμενος,
2759 1957 2859 2011 οὐκ
2879 1957 3040 2021 εὐθὺς
3061 1959 3389 2028 ἀπεστράφη
3415 1962 3529 2025 τοὺς
3550 1963 3687 2016 ταῦτα

2163 2045 2443 2113 λέγοντας,
2476 2046 2589 2099 ἀλλ’
2620 2046 2890 2118 ἀπεκρίθη
2932 2048 3115 2110 αὐτοῖς
3145 2051 3241 2101 καὶ
3290 2045 3438 2102 εἶπεν
3457 2069 3469 2080 ·
3518 2052 3577 2107 Ἦ
3598 2053 3685 2123 ἐμὴ

2164 2136 2403 2204 διδαχὴ,
2447 2139 2558 2192 οὐκ
2586 2136 2761 2192 ἔστιν
2786 2137 2922 2206 ἐμὴ,
2953 2139 3115 2193 auat
3137 2140 3244 2194 τοῦ
3269 2140 3597 2209 πέμψαντός
3613 2161 3687 2211 με.

2178 2227 2397 2298 Ἐπειδὴ
2418 2228 2525 2297 γὰρ
2556 2228 2751 2291 αὐτοὺς
2782 2228 3071 2297 ἐγίνωσκε,
3104 2231 3299 2298 νόμον
3319 2228 3431 2299 μέν
3457 2232 3689 2287 ἀθετοῦν-

2165 2333 2293 2382 τιις,
2360 2316 2761 2382 διδάσκοντας
2827 2317 2896 2371 δὲ
2946 2316 3349 2384 διδασκαλίας
3401 2318 3692 2388 ἐντάλματα

2164 2405 2525 2473 ἀνθρώπων,
2558 2407 2842 2477 προφήτας
2869 2407 2925 2460 δὲ
2960 2408 3393 2479 παρωσαμένους
3423 2410 3484 2460 ἐκ
3507 2409 3590 2463 τοῦ
3626 2411 3693 2463 λέ-

2165 2512 2319 2564 γειν,
2353 2497 2488 2567 πρὸς
2522 2496 2622 2566 μὲν
2649 2497 2763 2563 τὸν,
2809 2498 2905 2565 Μὴ
2946 2498 3273 2568 ὀνομάσεις
3303 2499 3371 2554 τὸ
3412 2501 3583 2570 ὄνομα
3604 2505 3691 2555 Κυ-

2158 2589 2335 2657 ρίου·
2368 2589 2531 2659 πρὸς
2579 2589 2638 2643 δὲ
2691 2589 2817 2655 τὸν,
2858 2590 3261 2660 Ἐκχώρησον,
3314 2596 3348 2646 ὀ
3405 2591 3566 2659 ὀρῶν,
3616 2594 3693 2646 καὶ

488 2700 614 2738 cum
646 2684 780 2755 legis
811 2696 864 2741 et
893 2688 1304 2758 prophetarum,
1327 2698 1439 2747 tum
1469 2690 1555 2743 sui
1594 2689 1709 2760 ipse
1731 2689 2063 2743 mentionem

2169 2677 2368 2745 βάδιῶ
2400 2681 2487 2746 εἰς
2516 2678 2632 2749 τὴν
2660 2678 2777 2750 γῆν
2823 2697 2962 2746 σου,
3000 2682 3097 2735 καὶ
3140 2681 3274 2736 ἐκεῖ
3312 2682 3595 2748 καταϐιοῦ,
3618 2684 3698 2737 xui

490 2777 771 2844 amittens,
804 2777 861 2833 in
893 2777 1062 2833 Deum
1097 2779 1266 2835 rel‘ert
1294 2781 1560 2838 doctrina:
1580 2781 1688 2835 vim
1724 2800 1738 2847 ;
1769 2789 1828 2835 ut
1863 2780 1952 2836 vel
1976 2795 2065 2835 re-

403 2860 415 2870 ’
492 2870 739 2924 verentia
767 2870 1070 2940 perculsos,
1104 2886 1168 2926 ac
1184 2871 1426 2941 linguam
1455 2872 1700 2929 dolosam
1725 2872 2064 2935 cohibentes,

493 2969 746 3032 percepta
777 2961 1014 3019 utilitate
1051 2963 1232 3020 salvos
1267 2965 1491 3032 faceret,
1517 2964 1607 3020 vel
1662 2963 1839 3035 palam
1895 2965 2065 3018 Deum

490 3052 871 3124 impugnantes
903 3055 1276 3115 convinceret.
1330 3055 1459 3113 Sive
1486 3055 1634 3111 enim
1679 3054 1871 3127 legalis
1915 3063 2064 3116 sunt.

2165 2777 2296 2831 ἐκεῖ
2319 2778 2790 2846 προφητεύσεις·
2824 2781 2912 2844 είς
2946 2777 3015 2832 δὲ
3046 2778 3248 2845 Βεθὴλ
3300 2781 3373 2833 οὐ
3400 2778 3482 2848 μὴ
3509 2792 3698 2848 προφη-

2167 2867 2436 2931 τεύσειςο
2479 2865 2678 2937 μᾶλλον
2721 2866 2777 2919 δὲ
2806 2867 2900 2919 καὶ
2936 2867 3418 2938 προφητοκτόνους
3442 2868 3700 2937 γεγενημέ-

2168 2973 2291 3020 νους
2316 2973 2332 2988 ·
2376 2955 2475 3025 τὴν
2517 2956 2574 3009 δὲ
2625 2955 2792 3010 αὑτοῦ
2837 2955 3075 3027 Χριστοῦ
3108 2956 3458 3011 διδασκαλίαν
3500 2956 3702 3027 μηδόλως

2168 3048 2621 3120 ἀποδεχομένους,
2658 3050 2722 3102 ὲκ
2764 3048 2859 3101 τοῦ
2897 3048 3211 3102 ἀναπείθειν
3252 3048 3390 3113 τοὺς
3431 3047 3603 3119 δχλονς
3639 3046 3708 3098 λέ-

490 3157 613 3212 quae
645 3144 837 3209 doceo,
863 3144 980 3200 sive
1003 3145 1346 3217 prophetica,
1372 3145 1639 3204 noveritis
1671 3160 1793 3203 esse
1826 3145 1945 3213 Dei,
1973 3144 2065 3216 qui

2175 3156 2370 3209 γοντας
2389 3155 2404 3172 ⁸
2443 3139 2504 3195 Τί
2528 3141 2779 3195 ἀκούετε
2807 3142 3027 3205 αὐτοῦ;
3050 3143 3365 3206 Μαίνεται,
3405 3140 3501 3194 καὶ
3538 3138 3705 3207 datad-

492 3242 547 3288 et
577 3234 790 3291 locatus
818 3242 901 3291 est
929 3236 995 3292 ad
1022 3237 1163 3302 illos,
1198 3246 1255 3294 et
1274 3253 1362 3293 me
1396 3237 1565 3295 misit.
1594 3236 1868 3294 Hactenus
1897 3236 2069 3306 siqni-

389 3398 393 3403 .
493 3326 616 3378 dem
659 3341 969 3396 congruum
991 3336 1287 3399 assumpta
1312 3327 1550 3384 hominis
1584 3336 1791 3383 naturae
1847 3328 2067 3383 modum

493 3415 711 3480 retinet,
735 3426 792 3472 ut
814 3433 885 3473 ne
902 3418 1084 3474 statim
1107 3420 1470 3485 occurrendo,
1495 3419 1844 3492 impudenter
1862 3419 2066 3490 dicant,

493 3509 636 3578 quod
665 3518 720 3567 et
744 3516 929 3580 postea
957 3511 1247 3571 dixerunt:
1282 3510 1421 3577 Quid
1449 3521 1528 3578 tu,
1556 3512 1711 3567 homo
1736 3527 1855 3567 cum
1874 3510 1970 3576 sis,
1994 3511 2071 3582 fa-

496 3603 571 3654 cis
604 3602 822 3672 teipsum
853 3603 1022 3659 Deum
1052 3605 1097 3637 “
1128 3605 1152 3659 ?
1178 3605 1314 3660 Nam
1342 3602 1544 3674 alioqui
1569 3602 1772 3659 scimus
1810 3616 1913 3657 nos
1940 3601 2072 3657 tide-

496 3693 594 3756 lcs,
628 3708 749 3762 quae
782 3693 986 3765 scripta
1020 3704 1149 3751 sunt
1183 3696 1240 3750 in
1271 3695 1552 3767 prophetis
1590 3704 1646 3749 et
1681 3694 1819 3765 lege,
1869 3692 2070 3747 Christi

494 3799 618 3839 esse
652 3787 1143 3856 przenuntialiones
1174 3805 1189 3842 :
1220 3785 1353 3841 Nam
1382 3787 1458 3841 ait
1491 3787 1604 3855 ipse
1633 3786 1913 3841 Salvator:
1941 3781 2071 3840 0m-

496 3884 584 3938 m'a
637 3898 754 3951 quae
803 3882 958 3937 habet
998 3881 1185 3947 Pater,
1213 3898 1329 3936 mea
1369 3891 1491 3936 sunt
1517 3882 1582 3936 “.
1626 3880 1823 3935 lterum
1857 3892 2075 3949 quoque

499 3991 598 4048 per
654 3972 980 4045 prophetam
1035 3972 1112 4027 ait
1150 3971 1306 4042 :Ipse
1358 3972 1448 4042 qui
1493 3969 1760 4041 loquebar,
1807 3985 1921 4023 ecce
1972 3967 2075 4021 ad-

494 4086 612 4125 sum
634 4067 698 4121 “.
730 4063 1021 4136 Subiungit
1067 4063 1327 4135 deinceps
1359 4063 1519 4118 dictis
1548 4079 1563 4116 :
1590 4059 1649 4116 Si
1695 4062 1809 4124 quis
1854 4059 2076 4115 uoluerit

495 4161 611 4231 ejus
643 4156 975 4214 voluntatem.
998 4156 1173 4227 facere
1197 4193 1213 4219 ,
1264 4170 1462 4229 nempe
1490 4154 1609 4224 ejus
1636 4152 1728 4225 qui
1757 4151 1906 4207 misit
1940 4166 2026 4204 me
2057 4188 2072 4213 ,

495 4262 761 4325 cognoscet
784 4251 848 4305 de
873 4250 1113 4306 doctrina
1141 4257 1320 4302 utrum
1343 4262 1407 4300 ea:
1433 4244 1541 4301 Deo
1570 4244 1656 4307 sit,
1683 4259 1753 4301 an
1775 4258 1868 4312 ego
1888 4258 1920 4294 a
1943 4241 2076 4295 mei-

496 4363 590 4414 pso
624 4347 833 4418 loquar.
860 4344 1016 4410 Quod
1044 4342 1141 4405 ait,
1170 4340 1278 4395 tale
1297 4338 1437 4408 quid.
1454 4343 1558 4391 est.
1591 4334 1697 4401 Qui
1739 4332 1932 4403 quaarit
1966 4348 2077 4388 non

2173 3249 2312 3286 γιον
2338 3230 2494 3303 ἔχει·
2535 3232 2762 3295 εἰκότως
2800 3233 2893 3286 καὶ
2920 3232 3086 3303 νόμου
3115 3235 3208 3286 καὶ
3238 3233 3608 3306 προφητικῶν,
3633 3232 3709 3284 καὶ

2171 3322 2388 3392 ἑαυτοῦ,
2418 3324 2477 3377 ὲν
2510 3322 2590 3393 τῷ
2618 3323 2751 3395 πρὸς
2782 3323 2978 3388 αὐτοὺς
3021 3323 3231 3395 ἐλέγχῳ
3261 3325 3344 3396 μὴ
3373 3321 3706 3394 ἐπιμνησθεὶς,

2170 3416 2250 3479 είς
2295 3414 2429 3470 Θεὸν
2460 3415 2777 3486 ἀναπέμπει
2821 3414 2919 3488 τὴν
2946 3418 3045 3485 τῆς
3086 3416 3445 3479 διδασκαλίας
3481 3414 3706 3484 δύναμιν·

2173 3507 2260 3561 ῐνα
2307 3507 2341 3580 ἢ
2397 3506 2733 3571 αἰδεσθέντες
2779 3508 2874 3562 καὶ
2909 3508 3249 3578 παυσάμενοι
3298 3512 3402 3580 τῆς
3450 3506 3707 3573 suae.th

2171 3599 2444 3670 γλώσσης,
2473 3597 2848 3670 ὠφεληθέντες
2886 3600 3158 3664 σωθῶσιν,
3188 3599 3222 3671 ἢ
3255 3599 3509 3670 φανερῶς
3549 3598 3711 3666 θεομα-

2172 3690 2397 3762 χοῦντες
2427 3689 2776 3762 ἐλεγχθῶσιν.
2808 3689 2935 3744 Είτε
2969 3691 3079 3761 γὰρ
3110 3691 3339 3760 νομικὰ,
3386 3692 3495 3744 εἴτε
3540 3705 3711 3761 προφη-

2171 3784 2303 3839 τικά
2330 3785 2437 3838 εἰσι
2483 3784 2555 3838 τὰ
2599 3783 2728 3854 παρ’
2755 3784 2890 3855 ὲμοῦ
2921 3783 3310 3855 διδασκόμενα,
3344 3782 3627 3852 γινώσκετε
3650 3782 3713 3834 ὅτι

2175 3876 2311 3931 Θεοῦ
2342 3877 2473 3942 εἱσι,
2501 3875 2598 3930 τοῦ
2645 3877 2785 3948 πρὸς
2830 3877 3073 3940 ἐκείνους
3111 3876 3473 3945 λαλήσαντος,
3518 3875 3603 3929 καὶ
3637 3872 3713 3942 ἐμὲ

2174 3967 2620 4030 ἀποστείλαντος.
2663 3968 2706 4021 Τ
2710 3968 2812 4031 ἐως
2847 3967 2957 4039 γὰρ
2986 3967 3048 4022 τὸ
3077 3968 3176 4039 τῆς
3206 3968 3617 4038 ἀνθρωπότητος
3644 3965 3717 4035 μί-

2174 4074 2325 4130 τρον,
2367 4059 2454 4112 ἵνα
2502 4058 2579 4129 μὴ
2616 4058 2778 4124 εὐθὺς
2812 4060 3221 4131 ἀπαντήσωσιν,
3259 4060 3438 4123 ἀδεῶς
3485 4059 3716 4126 λέγοντες,

2176 4151 2314 4221 ὅπερ
2345 4150 2440 4204 καὶ
2471 4151 2760 4221 είρήκασιν
2792 4150 3052 4223 ὕστερον
3107 4153 3169 4208 Τί
3206 4151 3298 4207 ὅτι
3328 4152 3417 4206 σὺ
3452 4150 3721 4219 ἅνθρωπος

2176 4236 2284 4302 ὢν,
2325 4238 2515 4305 ποιεῖς
2551 4240 2771 4294 ἑαυτὸν
2812 4242 2997 4302 Θεόνς
3040 4241 3198 4296 Ἐπεὶ
3224 4242 3309 4295 ὅτι
3353 4259 3420 4309 γε
3453 4241 3520 4295 τὰ
3544 4251 3721 4309 προφη-

2178 4331 2288 4384 τῶν
2326 4332 2421 4386 καὶ
2453 4331 2642 4403 νόμον,
2673 4333 2911 4402 Χριστοῦ
2956 4336 3063 4387 εἰσι
3091 4336 3611 4405 προαναγγέλματα,
3660 4331 3724 4382 [σ-

497 4453 674 4499 suam,
699 4438 795 4493 sed
817 4436 912 4491 Dei
942 4429 1494 4498 voluntatem,utique
1535 4423 2065 4494 attenditScripturi:

2186 4441 2286 4494 μεν
2333 4425 2493 4494 ἡμεῖς
2542 4425 2594 4477 oi
2639 4424 3085 4489 πεπιστευκότες.
3120 4425 3295 4489 Αὐτὸς
3342 4424 3457 4495 γὰρ
3502 4425 3530 4475 ὁ
3571 4420 3725 4490 Σωτὴρ

496 4529 693 4594 sacris,
709 4528 763 4584 in
786 4527 894 4584 illis
914 4524 1183 4594 siquidem
1199 4522 1332 4576 latet
1347 4518 1599 4577 voluntas
1619 4516 1741 4582 Dei;
1762 4515 1911 4585 atqui
1930 4512 2065 4569 Scri-

2185 4513 2353 4583 ἔφησε
2374 4531 2388 4545 ο
2426 4513 2629 4568 Πάντα
2659 4514 2777 4568 ὅσα
2807 4515 2933 4583 ἔχει
2977 4519 3011 4570 ό
3052 4515 3279 4585 Πατὴρ,
3318 4514 3440 4586 ἐμά
3465 4516 3609 4569 ἐστι.
3642 4507 3727 4609 liii

499 4636 849 4698 ptumsacrae
867 4625 935 4678 de
950 4636 1038 4681 me
1049 4617 1640 4692 praenuntiant,meque
1654 4613 1823 4670 Deum
1843 4611 2065 4706 Ver-bunt

2184 4606 2346 4659 πάλιν
2390 4604 2479 4658 διὰ
2506 4604 2601 4657 τοῦ
2650 4608 2930 4677 προφήτου
2981 4607 3182 4676 φησιν’
3212 4606 3421 4673 Αὐτὸς
3463 4609 3498 4660 d
3537 4604 3727 4706 Min".

500 4694 565 4771 ex
596 4715 757 4770 Patre
776 4712 1167 4786 procedentem
1202 4710 1501 4781 praedicant
1532 4725 1548 4771 ;
1582 4715 1748 4776 atque
1797 4705 2065 4763 hominem

2184 4697 2440 4767 πάρειμι.
2494 4694 2627 4752 Εἶτα
2661 4699 2787 4767 ἑξῆς
2833 4699 3030 4767 ἐπάγει
3057 4700 3171 4763 τοῖς
3212 4698 3573 4770 εἰρημένοιςο
3624 4694 3731 4747 Ἐάν

501 4808 617 4861 fore
652 4802 963 4860 novissimis
1014 4799 1353 4871 temporibus
1397 4797 1547 4857 nulla
1593 4796 1701 4859 mei
1751 4795 2054 4851 mutatione

2180 4809 2273 4855 τις
2325 4788 2471 4857 θέλῃ
2527 4790 2594 4842 τὸ
2641 4791 2870 4859 θέλημα
2920 4787 3128 4855 αὐτοῦ,
3174 4789 3271 4842 τοῦ
3321 4786 3632 4859 πέμψαντός
3655 4799 3731 4892 ⁹με.

500 4898 849 4971 prophetam.
902 4893 1005 4962 Qui
1053 4908 1183 4964 ergo
1204 4891 1485 4964 impendio
1536 4889 1720 4945 studet
1758 4887 1853 4943 Dei
1899 4887 2065 4943 facere

2185 4884 2349 4954 λέγω,
2384 4883 2600 4949 ποιεῖν,
2626 4882 2919 4952 γνώσεται
2961 4882 3093 4952 περὶ
3133 4881 3246 4951 τῆς
3274 4881 3563 4952 διδαχῆς,
3598 4877 3732 4971 πέτει

501 4993 858 5055 voluntatem,
889 5003 978 5044 me
999 4986 1219 5058 quidem
1240 5001 1307 5041 ex
1338 4982 1636 5055 Scripturis
1663 4980 1835 5036 sacris
1860 4979 2077 5051 agnitu~

501 5095 596 5137 rus
613 5088 732 5146 est;
757 5077 1101 5149 postmodum
1120 5090 1248 5131 vero
1270 5090 1336 5129 ex
1366 5088 1453 5127 me
1470 5080 1715 5127 recurret
1737 5071 1804 5125 ad
1824 5069 2037 5125 Patrem
2060 5086 2077 5135 ;

504 5182 668 5243 atque
696 5172 858 5237 adeo,
900 5184 1077 5225 meum
1108 5169 1436 5231 doctrinam,
1478 5166 1658 5221 Patris
1699 5179 1823 5220 esse
1872 5163 2077 5219 doctri-

504 5283 630 5320 nam
669 5264 956 5327 conﬁtens,
999 5262 1102 5316 μ’ὺί
1142 5261 1258 5332 ipse
1292 5259 1523 5315 salutem
1543 5265 1833 5328 paraturus
1856 5263 1959 5311 est.
1979 5254 2081 5320 Qui

508 5376 536 5412 ει
559 5358 859 5425 semetipso,
890 5353 1359 5426 inquit,loquitur,
1386 5351 1612 5422 gloriam
1635 5352 1904 5421 propriam
1932 5365 2077 5420 qua:-

511 5453 575 5505 rit
604 5466 623 5503 :
648 5451 738 5518 qui
780 5457 956 5502 autem
997 5446 1185 5517 quaerit
1212 5443 1437 5515 gloriam
1479 5443 1595 5513 ejus
1640 5440 1730 5510 qui
1762 5441 1903 5494 misit
1938 5456 2077 5503 eum,

510 5541 591 5594 hic
617 5554 779 5597 veras:
816 5549 910 5602 est,
940 5547 986 5591 et
1017 5535 1280 5605 injustitia
1310 5535 1366 5587 in
1405 5533 1501 5587 illo
1533 5548 1635 5587 non
1658 5540 1753 5585 est.
1805 5530 1919 5590 liis.
1955 5531 2082 5586 doc-

513 5630 712 5683 trinam
744 5632 797 5682 δι
821 5629 1062 5682 riharnm
1094 5635 1150 5680 et
1176 5624 1369 5679 Pharis
1389 5639 1573 5679 eorum
1608 5623 1766 5677 tacite
1791 5621 2079 5692 signiticet.

2177 4994 2294 5047 por
2321 4978 2390 5032 ἐκ
2435 4976 2542 5030 τοῦ
2583 4975 2733 5031 Θεοῦ
2769 4976 2961 5040 ἐστιν,
2991 4975 3029 5043 ἢ
3058 4975 3171 5045 ἐγὼ
3196 4976 3297 5044 ἀφ’
3331 4973 3556 5029 ἑαυτοῦ
3580 4966 3733 5025 ,ιαλῶ-

2192 5071 2258 5121 ’Ὁ
2308 5066 2368 5121 δὲ
2415 5067 2563 5135 λέγει
2609 5066 2850 5120 τοιοῦτόν
2899 5068 3080 5121 ἐστιν·
3126 5066 3284 5135 Ὀμὴ
3321 5064 3509 5137 ζητῶν
3538 5064 3596 5115 τὸ
3634 5058 3734 5111 ἴδιον

2189 5161 2424 5231 θέλημα,
2484 5158 2621 5213 ἀλλὰ
2674 5159 2735 5212 τὸ
2784 5158 2998 5229 θέλημα
3040 5156 3133 5211 τοῦ
3181 5156 3320 5210 Θεοῦ
3347 5199 3363 5221 ,
3424 5157 3547 5217 ταῖς
3595 5151 3735 5207 θείαις

2189 5255 2404 5317 πάντως
2460 5252 2787 5324 προσανέχει
2835 5251 3117 5320 Γραφαῖς⁶
3170 5250 3228 5301 ὲν
3276 5247 3398 5317 γὰρ
3442 5244 3658 5301 ταύταις
3692 5235 3736 5288 τδ

2187 5346 2402 5415 θέλημα
2450 5344 2542 5399 τοῦ
2573 5342 2708 5397 Θεοῦ
2740 5343 3136 5412 ὲγκέκρυπται.
3170 5341 3235 5392 Ai
3276 5338 3339 5391 δὲ
3374 5338 3521 5393 θεῖαι
3562 5327 3739 5404 Γραφαὶ

2190 5439 2318 5510 περὶ
2350 5437 2486 5507 ἐμοῦ
2521 5433 2976 5505 προαγγέλλουσι,
3011 5432 3106 5483 καὶ
3150 5431 3283 5484 Θεόν
3339 5446 3414 5496 με
3459 5427 3628 5495 Λόγον
3666 5436 3739 5487 κη·

2192 5531 2496 5602 ρύττουσιν,
2529 5530 2591 5581 ὲκ
2616 5526 2710 5579 τοῦ
2739 5524 2951 5595 Πατρὸς
2980 5521 3313 5594 προελθόντα.
3334 5539 3347 5550 ·
3376 5520 3474 5574 καὶ
3496 5516 3742 5586 ἄνθρωπον

2191 5622 2475 5691 ἀτρέπτως
2528 5617 2841 5687 ἐπεσχάτων
2894 5614 3148 5681 γενέσθαι
3199 5612 3288 5664 τὸν
3344 5610 3515 5663 αὑτὸν
3564 5614 3741 5674 upwa-

585 5739 629 5768 '"'
660 5738 814 5792 Joan.
848 5757 918 5793 ix.
944 5740 1033 5795 9.9.
1104 5738 1156 5769 "
1183 5739 1339 5794 Joan.
1376 5754 1491 5803 vm,
1532 5739 1612 5791 15.
1691 5736 1912 5789 "Joan.
1936 5754 2028 5795 vn.

2214 5735 2257 5763 ⁸⁸
2293 5732 2481 5786 Matth.
2515 5750 2602 5796 xv,
2629 5732 2681 5786 9.
2757 5730 2801 5763 ⁵⁸
2829 5730 3013 5784 Amos.
3051 5745 3123 5794 τι,
3160 5727 3242 5781 10.
3323 5726 3373 5760 ⁸⁸
3407 5724 3543 5780 ibid.
3573 5713 3740 5783 νιινίδε

516 5810 560 5849 θ’
596 5807 756 5870 Joan,
784 5811 951 5878 xyw.
1022 5811 1065 5840 "
1093 5807 1252 5869 Joan.
1279 5823 1329 5875 χ,
1363 5808 1451 5861 55.
1529 5808 1573 5840 ⁸³
1599 5807 1756 5862 Joan.
1784 5822 1897 5876 τινι,
1930 5806 2016 5859 iii.

2091 5806 2135 5833 “"
2166 5805 2265 5858 lsa.
2303 5820 2399 5869 ιιι,
2435 5805 2466 5857 6
