3934 6440
204 379 331 444 1589

1136 390 1390 459 SERMO
1426 391 1504 451 IN
1546 389 1849 450 MEDIAM
1917 390 2479 455 PENTECOSTEN.

3320 393 3467 458 1590'

203 493 409 546 τεύουσι
433 506 444 520 ’
487 506 516 544 ο
564 495 743 547 τοίνυν
774 496 834 550 τὸ
863 499 1075 570 θέλημα
1106 500 1198 552 τοῦ
1233 500 1368 553 Θεοῦ
1407 504 1582 554 ποιεῖν
1613 502 1767 554 ἐπει-

1894 502 1947 555 lli
1976 503 2147 568 enim,
2178 503 2231 557 in
2263 504 2437 575 legem
2470 503 2737 573 injuriosi,
2762 520 2796 559 α
2818 506 3128 575 semetipsis
3156 505 3457 576 loqueban-

201 585 436 656 γόμενος,
488 583 853 651 ἐπιγνώσεται
901 589 1001 659 μὲν
1054 589 1142 642 διὰ
1174 591 1283 643 τῶν
1320 590 1478 643 θείων
1525 580 1758 662 Γραφῶν

202 674 326 743 ἐμέ·
370 669 524 736 αὖθις
565 673 623 728 δὲ
654 675 712 741 ἐξ
744 678 879 747 ἐμοῦ
922 680 1316 752 ἀναδραμείται
1351 682 1484 751 προς
1523 682 1617 735 τὸν
1652 683 1762 735 Πα-

202 765 351 832 τέρα·
384 765 474 814 καὶ
508 762 681 829 οὕτως
729 768 828 835 τὴν
872 769 1009 840 ἐμὴν
1036 770 1275 841 διδαχὴν,
1313 769 1406 822 τοῦ
1452 772 1660 841 Πατρὸς
1686 767 1763 824 εἷ-

202 870 320 916 ναιη
340 852 659 923 ὁμολογήσει
682 872 695 887 ·
731 859 824 909 καὶ
843 858 1140 930 ὁμολογῶν,
1175 863 1271 932 τὴν
1303 864 1573 931 σωτηρίαν
1600 867 1760 935 πορή-

205 959 367 994 σεται.
423 942 485 995 '0
524 945 662 1012 παρ’
694 946 933 1012 ἑαυτοῦ,
969 952 1128 1020 φησὶ,
1157 951 1385 1016 λαλῶν,
1416 951 1531 1018 τὴν
1577 952 1767 1016 δόξαν

204 1032 313 1098 τὴν
361 1031 521 1086 ἰδίαν
581 1033 763 1100 ζῆτεῖ·
817 1043 850 1093 ὁ
905 1040 973 1095 δὲ
1027 1043 1213 1109 ζητῶν
1254 1044 1367 1111 τὴν
1412 1043 1601 1109 δόξαν
1660 1044 1767 1098 τεῦ

202 1123 546 1191 πέμψαντος
575 1128 782 1194 αὐτὸν,
828 1128 1008 1200 οὗτος
1036 1134 1268 1204 ἀληθής
1296 1137 1487 1199 ἐστιν,
1518 1135 1616 1189 καὶ
1645 1137 1769 1190 ἀδι-

202 1215 297 1265 κία
329 1214 397 1267 ἐν
434 1215 596 1281 αὐτῷ
624 1220 735 1273 οὐκ
781 1222 934 1276 ἔστι.
972 1226 1083 1295 Τὴν
1111 1227 1333 1296 διδαχὴν
1361 1228 1469 1280 τῶν
1511 1228 1772 1298 Γραμμα-

204 1304 333 1356 τέων
392 1308 490 1360 καὶ
531 1309 835 1379 Φαρισαίων
873 1316 960 1369 διὰ
998 1316 1202 1371 τούτων
1245 1320 1557 1372 αἰνίττεται.
1602 1321 1772 1373 Ἐκεῖ-

202 1414 276 1447 νοι
306 1397 414 1466 γὰρ
457 1400 549 1467 ἀφ’
579 1401 788 1457 ἑαυτῶν
832 1406 1075 1474 ἐλάλουν,
1100 1409 1409 1474 ἀδικοῦντες
1452 1411 1543 1465 τὸν
1575 1411 1737 1482 νόμον
1758 1430 1771 1443 ·

203 1486 294 1537 καὶ
325 1486 394 1539 τὰ
439 1488 542 1557 μὲν
589 1493 667 1554 είς
709 1494 841 1548 Θεὸν
888 1499 1239 1570 συμφέροντα
1285 1501 1675 1572 ἀφαιροῦντες·
1708 1505 1775 1558 τὰ

201 1574 254 1626 δὲ
285 1575 413 1644 παρ’
445 1579 656 1633 ἑαυτῶν
697 1586 1107 1654 προστιθέντες,
1140 1590 1354 1644 ἀνοδίαν
1383 1591 1620 1661 βαδίζειν
1652 1595 1778 1657 τοὺς

201 1665 377 1728 αὐτοῖς
454 1670 755 1740 ἑπομένους
826 1677 1158 1747 ἠνάγκαζον,
1219 1681 1295 1746 ὥς
1349 1701 1482 1755 φησι
1527 1685 1598 1737 τὰ
1659 1685 1780 1740 θεῖα

204 1756 510 1823 Εὐαγγέλια
535 1778 547 1791 ·
601 1766 986 1836 Βαπτισμοίνς
1019 1768 1273 1835 ξεστῶν,
1320 1774 1421 1827 καὶ
1457 1776 1777 1844 ποτηρίων,

1868 605 1973 650 tur.
2014 597 2093 654 Ea
2116 598 2387 668 siquidem
2417 597 2751 665 auferentes,
2788 615 2910 670 qure
2937 601 2994 655 in
3053 602 3225 656 Deum
3271 602 3469 656 confes

1870 687 2083 748 rebanl.
2115 704 2181 743 ac
2209 705 2308 743 sua
2339 689 2684 759 adjicien’tes,
2718 703 2817 759 per
2846 690 3299 760 devia-sequaces
3327 706 3469 746 suos.

1871 780 2123 836 incedere
2170 782 2458 852 cogebant,
2536 781 3023 851 quemadmodum
3057 781 3248 836 dicunt
3307 797 3460 836 sacra

1872 871 2166 942 Evangelia
2201 890 2216 925 :
2252 873 2603 942 Baptismala,
2629 871 2876 937 calicum,
2907 882 2955 926 et
2995 889 3295 940 urceorum,
3341 890 3461 927 ma—

1875 979 2139 1031 nuumque
2163 964 2403 1028 lationes,
2436 965 2615 1019 crebro
2642 967 2911 1020 tradentes
2940 983 2961 1031 ,'
2987 981 3106 1036 qua
3128 974 3307 1019 autem
3336 972 3461 1018 sunt

1875 1055 2120 1123 graviora
2152 1048 2282 1126 legis
2307 1056 2374 1120 ",
2425 1058 2575 1111 velut
2605 1072 2715 1111 non
2758 1065 2943 1111 essent
2975 1057 3198 1127 scripta,
3242 1065 3463 1126 printer--

1840 1147 2164 1227 .euntes“:
2218 1162 2417 1217 nempe
2453 1157 2661 1202 rectum
2710 1146 3001 1216 judicium,
3046 1161 3113 1215 ac
3159 1146 3471 1200 misericors.

1878 1235 2023 1289 diam
2043 1235 2108 1288 in
2141 1237 2419 1305 proximos
2450 1237 2862 1303 :Qnamobrcm
2892 1238 3056 1292 etiam
3093 1252 3173 1292 vat
3216 1237 3350 1293 illud
3380 1244 3464 1290 to-
3550 1264 3555 1273 -

1881 1325 1986 1381 ties
2009 1341 2177 1396 super
2205 1326 2404 1382 talibus
2429 1327 2815 1397 iniquitatibus
2840 1328 3243 1399 ingeminatum
3268 1342 3465 1396 repor-

1883 1425 2087 1472 tarunt.
2128 1416 2213 1472 Vae
2228 1416 2372 1472 enim
2397 1419 2536 1472 vobis
2550 1417 2594 1450 ⁸⁷
2616 1436 2629 1472 :
2650 1433 2751 1473 nec
2769 1419 2820 1473 id
2838 1418 3029 1484 semel,
3047 1418 3143 1473 sed
3162 1425 3218 1473 et
3231 1416 3467 1488 saepius:

1894 1508 1985 1563 γω
2001 1507 2200 1563 Scriba:
2231 1519 2281 1563 et
2306 1508 2567 1563 Pharisaei
2584 1509 2869 1577 hypocrita:
2890 1508 2956 1573 ⁸⁸,
2979 1508 3157 1578 inquit
3182 1507 3461 1572 Salvator;

1885 1600 1975 1669 qui
2009 1600 2220 1652 irritum
2247 1599 2439 1670 fecistis
2466 1601 2782 1652 mandatum
2815 1599 2930 1663 Dei,
2967 1606 3182 1667 propter
3206 1596 3469 1650 traditio-

1888 1707 2004 1745 nem
2037 1699 2263 1744 vestram
2295 1692 2360 1743 ⁸⁵.
2390 1690 2499 1745 Nec
2538 1691 2712 1744 solum
2739 1705 2867 1745 vero
2890 1688 3068 1744 facitis
3100 1688 3336 1749 irritum,
3372 1687 3466 1741 sed

1888 1792 1944 1836 et
1979 1781 2238 1851 injuriam
2287 1780 2489 1846 facitis,
2524 1781 2616 1850 qui
2645 1788 2842 1835 vestrae
2891 1780 3188 1835 voluntatis
3223 1778 3466 1842 inventa,

203 1848 523 1946 ἀπρνίψεις
551 1871 616 1907 τε
654 1857 889 1926 χειρῶν,
933 1854 1269 1934 avla-turni
1312 1866 1780 1934 παραδιδόντες·

1891 1848 2145 1946 tanquam
2168 1884 2233 1924 ex
2260 1870 2381 1939 ipso
2409 1848 2783 1940 praetendatis,
2816 1886 2881 1925 ac
2906 1870 3138 1931 faciatis,
3167 1878 3227 1923 ut
3246 1868 3470 1923 absonis

202 1939 299 1991 καὶ
345 1943 417 1994 τὰ
453 1944 758 2015 ,ϐαρύτερα
804 1950 911 2005 τοῦ
971 1954 1180 2021 νόμου,
1229 1955 1306 2018 ὡς
1355 1958 1491 2026 μηδὲ
1533 1975 1782 2029 γεγραμ-

204 2032 358 2100 μένα.
413 2038 911 2108 παρατρέχοντες.
959 2045 1058 2115 τήν
1090 2061 1150 2098 τε
1197 2047 1409 2101 εὐθεῖαν
1458 2050 1659 2120 κρίσιν,
1689 2051 1784 2104 καὶ

201 2124 259 2174 τὸ
291 2125 429 2195 πρὸς
462 2129 587 2192 τοὺς
634 2132 803 2195 πέλας
853 2133 1022 2199 ἔλεος.
1062 2137 1228 2192 Ὅθεν
1275 2140 1370 2193 καὶ
1416 2143 1478 2194 τὸ
1521 2142 1644 2194 οὐαὶ
1693 2143 1785 2196 ἐπὶ

200 2218 318 2279 ταῖς
362 2219 646 2286 τοιαύταις
690 2224 942 2292 ἀνομίαις
998 2228 1613 2301 πολλαπλασιαζόμενον
1667 2236 1788 2287 ἐκο-

202 2307 456 2375 μίσαντο.
507 2315 649 2367 Οὐαὶ
679 2316 788 2387 γὰρ
826 2318 970 2387 ὑμῖν
1011 2320 1091 2391 (οὐ
1132 2323 1295 2391 μόνον
1337 2323 1504 2389 ἅπαξ.
1531 2324 1667 2379 ἀλλά
1692 2326 1786 2379 καὶ

201 2398 507 2466 πολλάκις),
538 2404 717 2470 τοῦτο,
750 2411 1114 2479 Γραμματεῒς
1164 2415 1259 2468 καί
1291 2417 1601 2484 Φαρισαῖοι
1641 2420 1788 2473 ὑπο-

199 2494 415 2557 κριταί,
453 2497 619 2564 φησὶν
648 2501 675 2552 ὁ
702 2502 893 2573 Σωτήρ
915 2519 927 2534 ·
963 2504 1052 2557 ὅτι
1100 2504 1359 2560 ἀθετεῖτε
1389 2507 1503 2577 τὴν
1529 2508 1788 2577 ἐντολὴν

199 2582 305 2636 τοῦ
353 2587 530 2652 Θεοῦ,
577 2589 677 2644 διὰ
722 2593 836 2659 τὴν
885 2596 1226 2663 παράδοσιν
1275 2599 1461 2668 ὑμῶν.
1514 2601 1587 2653 Οὐ
1629 2602 1786 2670 μόνον

198 2672 607 2741 γὰρ-ἀθετεῖτε·
652 2680 786 2734 ἀλλὰ
826 2686 918 2736 καὶ
948 2685 1182 2739 ἀδικεῖτε
1213 2688 1404 2759 αὐτὴν,
1452 2688 1521 2742 τὰ
1567 2690 1785 2743 οἰκείων

200 2762 555 2834 θελημάτων,
600 2770 676 2833 ὡς
728 2772 786 2838 ἐξ
826 2776 994 2846 αὖτῆς
1026 2778 1442 2849 προϊσχόμενοι·
1494 2781 1587 2834 xai.
1618 2780 1786 2849 βλασ-

200 2855 507 2924 φημείσθαι
571 2860 671 2930 τὴν
725 2861 875 2916 θείαν
927 2865 1321 2936 θεσμοθεσίαν,
1376 2872 1493 2932 ταῖς
1567 2871 1789 2934 ἀτόποις

200 2949 648 3018 ιταραποιήσεσιν
699 2953 850 3025 ὑμῶν
896 2957 992 3010 καὶ
1043 2959 1400 3030 προσθήκαις,
1437 2964 1789 3031 παρασκευά-

198 3037 342 3099 ζετε.
400 3042 578 3096 Τοῦτο
604 3045 681 3098 -δὲ
723 3049 854 3101 αὐτὸ
898 3050 991 3103 καὶ
1033 3051 1195 3122 μέχρι
1221 3053 1461 3124 τήμερον
1526 3055 1792 3125 πράττου-

201 3144 305 3192 σιν,
340 3132 394 3184 οί
423 3131 526 3203 τὴν
596 3135 891 3212 Ἰουδαϊκὴν
942 3142 1354 3214 ἀγνωμοσύνην,
1402 3144 1498 3198 καὶ
1546 3148 1675 3217 περὶ
1722 3146 1791 3198 τὰ

184 3219 317 3274 θεῖα
383 3228 793 3300 καταφρόνησιν
859 3233 1258 3305 ἐκμιμούμενοι
1318 3235 1428 3289 τῶν
1498 3237 1789 3308 αἱρετικῶν

197 3312 431 3381 παῖδες,
489 3316 522 3387 ἢ
564 3323 1025 3388 ,παραποιοῦντες
1073 3327 1167 3379 καὶ
1218 3326 1526 3391 νοθεύοντες
1570 3329 1639 3383 τὰ
1683 3330 1795 3383 τῶν

200 3401 488 3475 θεοφόρων
531 3410 864 3469 διδασκάλων
897 3416 1176 3486 δόγματα·
1232 3418 1286 3488 ἢ,
1330 3418 1390 3471 τὸ
1432 3418 1623 3473 τούτου
1658 3422 1793 3490 πρὸς

198 3495 492 3566 ἁμαρτίαν
544 3502 647 3555 οὐκ
688 3502 930 3570 ἔλαττον,
979 3506 1191 3576 ψευδῶς
1229 3508 1298 3561 τὰ
1343 3508 1791 3580 τῶνηαίρετικῶν

199 3589 314 3651 τοῖς
351 3590 534 3657 ἁγίοις
584 3595 865 3666 Πατράσιν
913 3599 1359 3668 ἐπιφημίζοντες,
1413 3601 1527 3663 τοῖς
1564 3598 1790 3653 ἐκείνων

200 3681 510 3754 μοχθηροῖς
541 3687 634 3740 καὶ
672 3688 955 3745 δυσσεεέσι
1006 3692 1422 3763 συγγράμμασι,
1453 3692 1554 3756 τὰς
1602 3692 1780 3747 αὐτῶν

1885 1957 2154 2028 ejusmodi
2193 1957 2689 2012 adulterationibus
2734 1973 2799 2012 ac
2833 1956 3237 2020 additamentis,
3281 1956 3465 2009 divina

1884 2048 1970 2101 lex
1989 2046 2420 2115 blasphemelur.
2476 2043 2786 2114 Hocipsum
2815 2052 2999 2098 autem
3022 2044 3319 2097 etiamnum
3351 2040 3465 2096 ha:-

1886 2136 2040 2191 tetiei
2072 2137 2302 2198 faciunt,
2325 2136 2419 2205 qui
2441 2136 2758 2190 Judaaorum
2784 2134 3192 2204 improbitatem
3225 2148 3290 2188 ac
3331 2132 3461 2189 divi-

1885 2244 2081 2283 norum
2105 2236 2478 2298 contemptum
2506 2228 2851 2290 aemulantes,
2868 2227 2952 2281 vel
2989 2226 3186 2283 falsent
3215 2241 3282 2280 ac
3309 2224 3466 2279 adul-

1889 2327 2064 2375 terent
2094 2320 2426 2376 deil'erorum
2461 2319 2754 2375 Doctorum
2784 2319 3085 2374 sententias
3124 2334 3139 2384 ;
3182 2317 3290 2382 vel,
3322 2316 3465 2387 quod

1886 2412 2023 2467 nihil
2049 2413 2233 2467 minus
2263 2412 2553 2467 scelestum
2593 2421 2697 2477 est,
2743 2427 2865 2481 quae
2889 2419 3017 2466 sunt
3061 2409 3463 2469 haereticorum,

1889 2503 2025 2558 l‘also
2051 2512 2367 2559 sanctorum
2399 2504 2621 2558 Patrum
2653 2503 2878 2557 nomine
2928 2502 3230 2571 publicent,
3265 2515 3332 2554 ac
3366 2514 3465 2553 eo-

1888 2609 2010 2648 rum
2041 2595 2222 2662 pravis
2266 2609 2330 2648 ae
2381 2595 2567 2663 impiis
2593 2594 2833 2663 scriptis,
2886 2593 3103 2647 illorum
3156 2590 3466 2644 veneranda

1888 2685 2117 2739 nemina
2161 2685 2455 2740 oblinant:
2494 2685 2771 2755 impiaque
2814 2684 3137 2755 ‘Apollinarii
3191 2684 3465 2756 dogmata,

1889 2778 2052 2831 modo
2082 2777 2303 2847 quidem
2328 2777 2514 2832 divino
2542 2778 2865 2844 Athanasio,
2921 2777 3084 2832 modo
3109 2786 3291 2832 autem
3326 2776 3468 2831 lulio

1890 2868 2092 2923 veteris
2120 2866 2307 2923 Romae
2332 2870 2609 2939 episcopo,
2631 2877 2726 2924 aut
2752 2868 3014 2939 Gregorio
3039 2868 3465 2938 Tbaumaturgo,

1891 2962 1975 3015 vel
1995 2961 2227 3030 cuipiam
2246 2961 2337 3015 alii
2359 2962 2586 3031 probato
2608 2959 2752 3015 Patri
2774 2961 3078 3016 inscribant
3093 2979 3105 3015 :
3120 2961 3334 3030 aliaque
3348 2959 3469 3014 aliis

1892 3054 2286 3124 tribuant,qute
2309 3059 2438 3106 sunt
2469 3052 3235 3116 ortbodoxorum,h:eretieis;
3268 3061 3324 3106 et
3348 3066 3469 3120 qua:

1895 3144 2301 3209 haereticorum,
2335 3144 2676 3199 orthodoxis.
2718 3143 2898 3210 Quare
2919 3142 3095 3215 etipsi
3134 3160 3215 3199 vae
3253 3143 3385 3197 illud
3415 3143 3468 3196 in
3508 3149 3513 3153 ’

1893 3250 2051 3289 suum
2065 3242 2226 3304 caput
2242 3243 2549 3299 accersunt,
2563 3234 2654 3303 qui
2673 3234 2922 3303 proximo
2938 3234 3234 3304 propinent
3246 3232 3473 3286 subver-

1893 3326 2103 3380 sionem
2121 3324 2414 3388 turbidam,
2433 3324 2686 3390 dicendo,
2713 3322 2876 3378 Dulce
2912 3325 3255 3387 ama'rum,et
3288 3338 3319 3376 e
3339 3336 3473 3376 con-

1892 3429 2078 3470 verso:
2097 3413 2200 3478 Qui
2218 3423 2416 3484 ponunt
2441 3415 2678 3468 tenebras
2691 3414 2876 3478 lucem,
2898 3424 2945 3467 et
2964 3414 3131 3468 lucem
3149 3415 3388 3467 tenebras
3405 3410 3471 3465 ⁷ο.

1898 3505 2093 3563 Verum
2128 3522 2367 3561 amaram
2425 3498 2735 3560 Scribarum
2778 3513 2835 3560 et
2874 3505 3290 3570 Pharisaeorum,
3342 3503 3472 3574 quin

1890 3609 1945 3655 et
1968 3601 2348 3655 haereticorum
2379 3599 2802 3668 obliquationem
2829 3613 2894 3652 ac
2916 3597 3370 3653 adulterationem
3394 3610 3475 3650 re.

1891 3690 2222 3761 linquentes.
2275 3692 2340 3745 ad
2373 3691 2669 3745 salutarem
2734 3690 3041 3745 doctrinam
3099 3702 3469 3744 recurramus.

198 3774 393 3840 τιμίας
422 3781 795 3850 προσηγορίας
827 3781 1171 3853 χραίνοντες·
1215 3786 1311 3838 καὶ
1342 3785 1409 3838 τὰ
1439 3785 1536 3856 μὲν
1575 3784 1955 3856 Ἀπολιναρίου
1999 3783 2092 3837 τοῦ
2124 3784 2436 3847 δυσσεϐοῦς,
2484 3783 2613 3836 ποτέ
2677 3781 2777 3850 μὲν
2830 3780 3133 3852 Ἀθανασίῳ
3191 3778 3269 3850 τῷ
3307 3777 3470 3850 θείῳ·

196 3863 336 3916 ποτὲ
374 3865 505 3926 -δὲ,
577 3868 780 3941 Ἰουλίῳ
829 3872 905 3942 τῷ
961 3873 1058 3942 τῆς
1116 3874 1490 3945 πρεσϐυτέρας
1561 3874 1780 3946 Ῥώμης
1854 3874 2136 3946 προέδρῳ·
2189 3874 2222 3945 ἢ
2273 3874 2559 3946 Γρηγορίῳ
2586 3874 2662 3944 τῷ
2690 3873 3177 3945 Θαυματουργῷ,ἢ
3205 3871 3350 3941 ἄλλῳ
3369 3871 3476 3924 τινὶ

198 3955 312 4007 τῶν
342 3957 625 4028 ἐγκρίτων
656 3962 913 4034 Πατέρων
946 3966 1342 4036 ἐπιγράφοντες
1361 3985 1372 3998 ·
1402 3968 1496 4022 καὶ
1514 3968 1647 4023 ἄλλα
1664 3968 1865 4032 ἄλλοις,
1893 3967 2188 4039 όρθοδόξων
2231 3967 2331 4038 μὲν
2366 3968 2693 4037 αἱρετικοίς·
2727 3965 3016 4037 αἱρετικῶν
3066 3964 3112 4018 δ’
3152 3962 3474 4034 ὀρθοδόξοις.

199 4044 373 4100 Ὅθεν
425 4052 521 4103 καὶ
551 4052 705 4106 αὐτοὶ
752 4054 813 4107 τὸ
875 4056 996 4109 οὐαὶ
1054 4058 1139 4123 ἐφ’
1185 4058 1414 4119 ἑαυτοὺς
1453 4059 1705 4114 ἕλκουσι·
1787 4058 2100 4123 ποτίζοντες
2170 4058 2297 4120 τοὺς
2342 4056 2568 4126 πλησίον
2616 4054 2927 4124 ἀνατροπὴν
2974 4053 3224 4125 θολερὰν,
3279 4054 3344 4105 ἐκ
3381 4050 3479 4105 τοῦ

197 4141 430 4210 λέγειν·
483 4148 706 4214 Πικρόν
738 4149 953 4218 γλυκὺ,
1001 4152 1109 4204 καὶ
1142 4152 1491 4205 τούναντίον·
1526 4150 1794 4216 τιθέντες
1866 4151 1932 4205 τὸ
1966 4152 2190 4217 σκότος
2235 4153 2321 4216 είς
2360 4148 2509 4219 φῶς,
2556 4147 2657 4202 καί
2696 4148 2764 4202 τὸ
2824 4147 2951 4218 φῶς
2993 4149 3235 4210 σκότος.
3318 4143 3481 4198 Ἀλλά

194 4235 301 4306 τὴν
352 4237 565 4309 πικρὰν
598 4238 706 4292 τῶν
731 4240 1110 4310 Γραμματέων
1136 4243 1230 4296 καὶ
1255 4244 1564 4314 Φαρισαίων
1584 4285 1599 4308 ,
1633 4245 1695 4297 οὐ
1719 4245 1826 4315 μὴν
1865 4243 2000 4297 ἀλλά
2034 4244 2126 4296 καὶ
2155 4240 2449 4312 αἱρετικῶν
2482 4239 2863 4310 παρεξήγησιν
2887 4238 2982 4292 καὶ
3039 4235 3254 4292 νοθείαν
3315 4252 3483 4289 κατα-

195 4332 488 4394 λιπόντες,
539 4333 676 4402 πρὸς
718 4332 814 4404 τὴν
857 4335 1123 4406 σωτήριον
1162 4335 1511 4390 διδασκαλίαν
1559 4335 2052 4407 ἐπαναδράμωμεν.

271 4423 456 4491 Λέγει
514 4423 622 4494 γὰρ
670 4423 807 4492 πρὸς
851 4424 978 4488 τοὺς
1040 4426 1326 4491 Ἰουδαίους
1364 4431 1392 4481 ὁ
1434 4428 1672 4496 Κύριος·
1714 4429 1785 4481 Oi

1972 4428 2063 4481 Ait
2084 4427 2350 4495 siquidem
2367 4425 2570 4481 Judznis
2598 4422 2860 4478 Dominus
2881 4440 2895 4474 :
2923 4421 3110 4476 Nonne
3124 4420 3322 4491 Hoyses
3338 4421 3483 4475 dedit

194 4514 485 4595 Μωῢσῆς
511 4514 770 4570 δέδωκεν
795 4516 936 4585 ὑμῖν
967 4519 1076 4571 τὸν
1102 4521 1327 4589 νόμον;
1356 4521 1456 4574 καὶ
1500 4520 1700 4585 οὐδεὶς
1728 4519 1785 4585 ἐξ

1905 4518 2046 4573 vobis
2069 4518 2236 4588 legem
2263 4518 2288 4571 ?
2312 4529 2362 4571 et
2388 4533 2538 4570 nemo
2569 4532 2633 4570 ea:
2666 4515 2806 4571 vobis
2837 4515 2966 4585 facit
2989 4513 3154 4584 legem
3182 4513 3249 4567 7‘.
3282 4511 3384 4577 En,
3407 4511 3486 4566 di-

194 4607 381 4677 ὑμῶν
432 4606 593 4661 ποιεῖ
614 4609 722 4661 τὸν
763 4609 974 4678 νόμον.
1018 4611 1146 4664 ’ἰδοὺ
1199 4612 1385 4681 σαφῶς
1431 4611 1520 4665 διὰ
1569 4612 1785 4665 τούτων

1905 4610 2064 4673 lecte,
2088 4610 2236 4664 unde
2276 4608 2588 4666 accuratius
2634 4608 2875 4670 noveris,
2912 4614 2973 4661 ut
3020 4604 3483 4674 quemadmodum

192 4696 383 4763 γνῶθι
437 4697 851 4769 ἀκριϐέστερον,
884 4701 1268 4772 ἀγαπητέ,ὂτι
1312 4703 1498 4768 καθὼς
1541 4703 1797 4775 ἀνωτέρω

190 4788 457 4858 ἔφημεν,
490 4788 555 4840 ἐκ
584 4789 825 4859 νομικῶν
871 4791 964 4845 καὶ
1010 4793 1366 4863 προφητικῶν
1401 4796 1500 4865 τὴν
1539 4796 1798 4849 διδασκα-

189 4881 322 4935 λίαν
366 4882 400 4934 ὁ
451 4883 655 4952 Κύριος
704 4884 839 4956 πρὸς
871 4887 999 4948 τοὺς
1062 4886 1353 4950 Ἰουδαίους
1408 4890 1664 4952 ἐποιεῖτο,
1711 4890 1798 4942 ὅτε

187 4975 416 5027 ἐκεῖνοι
459 4974 535 5042 τῷ
565 4973 746 5044 φθόνῳ
778 4974 1125 5044 κεντούμενοι
1155 4976 1392 5045 ἔφασκον
1419 4994 1432 5009 ·
1467 4978 1596 5044 Πῶς
1623 4976 1801 5045 οὗτος

185 5065 549 5134 γράμματα,
580 5063 667 5133 μὴ
689 5066 1065 5133 μεμαθηκὼς,
1090 5063 1256 5130 cide;
1296 5069 1520 5138 Τρανῶς
1561 5070 1669 5140 γὰρ
1708 5071 1803 5124 νῦν

184 5154 377 5210 αὐτοῦ
410 5154 509 5209 τοῦ
540 5154 706 5224 νόμου
752 5155 965 5208 καὶτοῦ
995 5156 1282 5220 δεδωκότος
1322 5158 1565 5222 Μωσέως
1605 5159 1797 5229 ὑπομι-

189 5250 482 5319 μνήσκει.
534 5250 714 5302 πᾶσαν
744 5249 928 5312 αὐτοῖς
974 5249 1280 5304 ἀποκλείων
1321 5249 1571 5303 ἐντεῦθεν
1609 5252 1803 5306 ἀπολο⁶

185 5343 357 5410 γίαν.
417 5335 576 5406 Εἶτα,
626 5342 717 5394 καὶ
768 5342 859 5397 τὸν
909 5342 1293 5412 κεκρυμμένον
1344 5343 1439 5395 καὶ
1499 5342 1645 5397 ἔνδον
1699 5362 1801 5414 μυ-

184 5434 444 5507 χοῦντα,
458 5436 521 5505 τῇ
550 5437 818 5505 μιαιφόνῳ
830 5436 1009 5488 αὐτῶν
1030 5435 1226 5506 καρδίᾳ
1236 5434 1387 5489 δόλον
1402 5435 1648 5490 ἀποκαλύ
1658 5455 1803 5498 πτει,

186 5528 399 5598 φήσας
418 5541 434 5554 ·
466 5527 524 5578 Τί
545 5544 622 5595 με
661 5525 882 5593 ζητεῖτε
908 5526 1253 5582 ἀποκτεῖναι
1270 5543 1288 5590 ;
1307 5527 1368 5579 Οἱ
1391 5526 1447 5579 δὲ
1470 5527 1768 5598 πάντολμοι
1790 5570 1805 5595 ,

188 5617 454 5686 καὶ-τῆς
490 5620 832 5689 παρανομίας
869 5618 1177 5689 σύντροφοι,
1207 5618 1325 5674 δέον
1360 5618 1429 5672 τὰ
1460 5621 1677 5691 κρυπτὰ
1709 5625 1806 5693 τῆς

272 5733 326 5765 ⁸⁵
359 5728 538 5783 Marc.
591 5747 685 5792 vn,
726 5732 777 5787 8.
858 5731 901 5763 ⁸⁸
934 5731 1123 5785 Matth.
1154 5732 1306 5796 xx‘ilt,
1347 5732 1434 5785 25.
1517 5733 1562 5764 ⁶⁷
1603 5736 1732 5790 ibid.

188 5807 237 5838 τι
283 5802 469 5857 tum.
496 5817 588 5865 vn,
617 5800 697 5856 l9.
773 5804 817 5833 ⁷³
853 5801 993 5856 Psal.
1024 5818 1116 5865 γη,
1156 5804 1238 5855 l0.

1834 5737 1875 5765 ‘8
1915 5736 2107 5791 Matth.
2133 5751 2236 5797 xvt,
2273 5735 2356 5788 16.

1904 4701 2163 4771 superius
2191 4700 2452 4764 diximus,
2494 4707 2627 4754 tunc
2667 4714 2820 4753 suam
2853 4697 3120 4752 Dominus
3147 4695 3215 4751 ad
3266 4693 3485 4751 Judaeos

1905 4790 2215 4846 doctrinam
2258 4803 2324 4843 ex
2361 4787 2626 4859 legalibus
2678 4800 2742 4840 ac
2775 4783 3112 4855 propheticis
3152 4781 3485 4842 institueret.

1908 4893 2033 4935 cum
2064 4878 2139 4933 illi
2171 4877 2487 4933 stimulante
2516 4875 2744 4937 invidia,
2783 4874 3039 4928 dixerunt
3073 4890 3085 4926 :
3114 4870 3385 4937 Quomodo
3407 4872 3489 4925 hic

1908 4971 2257 5034 scillitteras,
2310 4984 2428 5022 cum
2471 4983 2572 5021 non
2628 4965 2929 5021 didicerit?
2967 4963 3262 5032 Perspicua
3313 4960 3486 5021 enim,

1910 5079 2036 5119 cum
2080 5061 2216 5132 legis
2237 5058 2508 5123 meminit,
2534 5068 2646 5112 tum
2708 5056 2871 5111 Mosis
2894 5053 3238 5126 legislatoris,
3271 5065 3489 5105 omnem

1913 5156 1994 5211 eis
2025 5155 2153 5210 inde
2183 5151 2593 5208 excusationem
2628 5147 2944 5204 excludens.
2971 5145 3182 5199 Deinde
3207 5141 3369 5197 etiam
3392 5156 3490 5195 occ

1912 5247 2142 5310 cultum,
2180 5257 2465 5315 pronoque
2493 5242 2547 5295 in
2571 5240 2749 5296 caedes
2782 5252 2972 5294 eorum
2999 5234 3161 5291 corde
3187 5232 3498 5287 latitantem.

1913 5340 2121 5402 dolum,
2140 5338 2365 5409 detegit,
2387 5336 2575 5391 dicens
2599 5351 2613 5388 :
2636 5331 2773 5398 Quid
2797 5346 2877 5385 me
2903 5328 3140 5400 quam'lis
3156 5323 3490 5393 interﬁcere?
3526 5372 3533 5377 .

1914 5433 2119 5488 Verum
2149 5429 2503 5487 audacissimi
2533 5427 2805 5490 homines,
2829 5440 2893 5478 ac
2932 5418 3232 5492 iniquitatis
3259 5416 3487 5482 alumni,

1918 5540 2041 5582 cum
2077 5525 2365 5581 audientes
2387 5532 2598 5579 secreta
2624 5520 2824 5582 cordis,
2846 5515 3013 5571 Deum
3036 5526 3251 5584 quoque
3269 5507 3491 5565 debuis-

1917 5629 2038 5676 sent
2084 5634 2398 5690 agnoscere,
2446 5617 2538 5687 qui
2579 5618 2742 5672 corda
2778 5623 2833 5671 et
2867 5625 3026 5668 renes
3071 5611 3346 5662 scrutatur
3384 5601 3428 5634 τ’
3475 5621 3487 5656 :

2458 5735 2500 5766 ⁸⁸³
2538 5731 2699 5786 Mare.
2755 5746 2850 5793 vn,
2917 5728 2970 5781 9.
3078 5714 3121 5756 ⁷⁸
3174 5718 3274 5773 lsa.
3320 5715 3516 5779 “‘20.;
