3976 6408
431 330 565 394 1295

1409 332 1715 390 LEONTH
1764 332 2269 392 NEM‘ULl'i'ANi
2334 331 2671 391 El‘lSCOl‘l

3490 321 3501 338 '
3532 338 3644 406 1595

428 442 627 496 mentis
656 442 937 512 proposito
975 442 1223 497 instructi
1272 455 1474 505 essent,
1512 446 1999 514 reprehensionum
2032 480 2042 509 λ

2144 463 2230 499 ον.
2264 446 2453 499 Ταῦτα
2499 446 2783 517 εἰρηκότος
2806 488 2820 513 ,
2859 445 3100 516 σὼςρονι
3138 446 3376 519 λογισμῷ
3401 449 3649 523 ἐννοήσας.

430 531 762 594 libertatem,
812 531 918 585 nisi
962 547 1083 586 esse
1113 548 1240 585 vere
1278 532 1557 587 Christum
1586 535 2007 604 cognovissent;

432 637 543 676 non
580 638 644 675 ea
674 637 796 692 quas
825 622 1142 677 dicerentur
1179 622 1347 677 fuisse
1385 624 1608 677 silentio
1638 640 1702 678 ac
1728 625 1846 679 sine
1869 636 2009 680 stre-

435 715 547 779 pitu
572 724 931 785 suscepturos
959 732 975 780 ;
1012 730 1119 768 non
1157 717 1337 768 tardos
1354 716 1494 770 adeo
1524 716 1736 772 futuros
1765 722 1835 771 ad
1875 718 2015 771 iram

434 802 500 866 “,
528 804 618 872 qui
643 803 722 859 sic
747 803 942 857 veloces
958 813 1111 857 erant
1144 803 1215 856 ad
1231 803 1597 872 effundendum
1614 805 1923 874 sanguinem
1947 806 2035 860 “.-

436 891 804 956 Quamobrem
877 892 1101 963 eosuito
1168 893 1313 961 quod
1359 906 1390 947 e
1430 908 1492 947 re.
1537 903 1696 960 erat,
1743 910 1807 949 ac
1854 910 2018 965 supra

438 981 662 1035 modum
690 981 943 1035 admirati
977 981 1306 1045 doctrinam,
1328 983 1484 1038 multi
1512 985 1889 1041 crediderunt.
1924 984 2019 1040 Vi-

438 1072 562 1137 des,
587 1073 811 1138 dilecte,
861 1074 1171 1141 pra‘sentiaa
1218 1075 1422 1129 Christi
1464 1076 1517 1129 in
1565 1076 1769 1146 templo
1814 1076 2024 1132 linem?

439 1159 605 1215 Vides
638 1163 903 1216 doctrina:
960 1179 1124 1233 quam
1176 1167 1461 1235 proposuit
1499 1167 1736 1221 fructum
1787 1167 1811 1220 Ἰ
1860 1167 2023 1221 Vides

437 1250 566 1321 quid
595 1252 640 1305 is
652 1253 955 1321 negotiatus
969 1255 1158 1324 egerit,
1173 1258 1261 1324 qui
1286 1257 1393 1310 vult
1410 1275 1587 1311 omnes
1610 1259 1781 1312 salvos
1798 1258 1916 1327 ﬁeri
1932 1260 1978 1290 ”
2001 1261 2024 1312 ?

437 1341 666 1404 Idcirco,
704 1345 794 1412 qui
838 1346 1017 1398 omnia
1084 1348 1225 1399 novit
1277 1349 1588 1418 priusquam
1640 1350 1773 1419 ﬁant
1821 1350 1889 1415 3‘,
1943 1349 2024 1405 ἴου

440 1441 527 1489 sto
556 1433 645 1488 illo
673 1434 762 1489 die
790 1436 1086 1499 mediante,
1116 1438 1209 1506 qui
1240 1446 1357 1491 erat
1391 1438 1762 1510 Scenopegiaz,
1793 1456 2026 1511 propere

438 1522 508 1577 ad
535 1523 798 1592 templum
832 1524 1144 1589 venit,cum
1164 1526 1275 1595 jam
1300 1540 1395 1579 eos
1421 1525 1511 1594 qui
1542 1527 1790 1580 salvandi
1818 1537 2024 1591 essent,

441 1615 673 1683 praescia
705 1614 1010 1669 divinitatis
1061 1631 1284 1686 sagena,
1316 1624 1442 1670 ante
1468 1633 1625 1671 suum
1656 1617 1709 1670 in
1764 1617 1894 1671 illud
1934 1617 2029 1670 ad-

445 1715 690 1770 ventum,
721 1709 1100 1762 conclusisset.
1643 1755 1647 1759 .
2017 1692 2024 1699 ’

2111 555 2227 603 τες,
2260 540 2341 591 ὅτι
2395 537 2570 601 οὕτως
2602 537 2739 608 πρὸς
2774 538 2866 592 τὸν
2903 540 3024 590 κατ’
3076 538 3237 591 αὑτοῦ
3273 541 3423 609 φόνον
3458 544 3653 610 team.

2116 628 2305 695 σμένοι
2339 631 2404 697 τῇ
2442 627 2761 697 προαιρέσει
2800 627 2850 679 οἱ
2899 626 3184 696 ἄρχοντες,
3227 628 3276 680 εί
3324 628 3395 698 μὴ
3446 628 3653 698 ἔγνωσαν

2115 718 2280 771 αὐτὸν
2328 718 2417 771 τὸν
2465 718 2696 787 Χριστὸν
2730 716 2946 787 ἀληθῶς
2995 712 3159 782 εἶναι,
3210 718 3308 771 οὐκ
3349 718 3411 771 ἂν
3454 721 3657 790 ἦνεγκαν

2115 808 2225 861 τῶν
2257 810 2495 878 ὲλέγχων
2529 809 2626 881 τὴν
2656 810 3002 880 παρρησίαν·
3035 810 3136 862 οὐκ
3180 808 3246 862 ἂν
3276 810 3444 881 ἡσυχῆ
3474 814 3658 867 κατεδέ-

2120 898 2279 965 ξαντο
2329 901 2396 951 τὰ
2442 899 2743 969 λεγόμενα*
2800 899 2902 951 ούκ
2951 899 3018 952 ἂν
3064 898 3265 966 ταχεῖς
3334 899 3494 968 ὄντες
3537 905 3662 971 πρὸς

2120 988 2383 1058 αἱμάτων
2437 989 2733 1060 ἔκχυσιν,
2784 989 2967 1052 οὕτως
3019 989 3269 1058 βραδεῖς
3322 993 3465 1060 πρὸς
3513 996 3664 1062 ὁρτὰς

2122 1079 2495 1146 διετέθησαν.
2528 1079 2693 1133 Ὅθεν
2724 1080 2786 1133 τὸ
2832 1079 2950 1133 δέον
2998 1080 3335 1148 ἐπιγνόντες,
3368 1081 3457 1135 καὶ
3487 1084 3575 1152 τὴν
3602 1085 3666 1137 διο

2121 1170 2421 1223 δασκαλίαν
2486 1171 3048 1239 ύπερθαυμάσαντες,
3102 1169 3289 1223 πολλοὶ
3357 1172 3665 1229 ἐπίστευσαν.

2141 1258 2326 1330 Ὁρᾷς,
2359 1261 2637 1329 ἀγαπητὲ,
2669 1261 2731 1312 τὸ
2764 1262 2940 1330 πέρας
2978 1261 3075 1328 τῆς
3110 1263 3168 1313 ὲν
3193 1260 3269 1331 τῷ
3292 1261 3419 1331 ίερῷ
3442 1261 3531 1315 τοῦ
3558 1264 3667 1333 Χρι.

2129 1349 2255 1402 στοῦ
2287 1350 2625 1419 παρουσίας;
2685 1351 2819 1421 ὁρᾷς
2863 1350 2956 1403 τὶν
2989 1349 3203 1419 καρπὸν
3250 1351 3351 1419 τῆς
3384 1351 3672 1421 παρατεθεί-

2129 1456 2229 1507 σης
2283 1438 2661 1507 διδασκαλίας
2733 1440 2960 1508 βλέπεις
3014 1439 3110 1510 τὴν
3166 1440 3536 1511 πραγματείαν
3596 1444 3673 1495 τού

2130 1530 2361 1583 πάντοτε
2408 1531 2638 1596 πάντας
2670 1531 2957 1596 θέλοντος
2998 1529 3303 1596 σωθῆναι;
3325 1526 3519 1582 Τούτου
3546 1531 3677 1598 χάριν

2131 1624 2164 1675 ὁ
2192 1620 2389 1675 πάντα
2424 1623 2737 1691 γινώσκων
2777 1620 2920 1687 πρὶν
2965 1619 3261 1689 βνὲσεως
3313 1618 3526 1681 αὐτῶν,
3556 1620 3678 1671 ἑπείο

2134 1713 2235 1783 χθη
2265 1712 2594 1766 καταλαϐεῖν
2627 1711 2689 1764 τὸ
2724 1711 2867 1781 ἱερὸν
2898 1710 2997 1778 τῆς
3032 1710 3150 1762 τότε
3185 1710 3383 1779 ἑορτῆς
3423 1709 3680 1778 μεσούσης,

442 1799 567 1866 ἥτις
618 1795 689 1871 ἧν
718 1799 815 1869 τῆς
847 1800 1250 1871 Σκηνοπηγίας,
1278 1802 1403 1864 τοὺς
1434 1801 1675 1871 σωθῆναι
1728 1799 2024 1871 μέλλοντας
2062 1806 2126 1874 τῇ
2162 1805 2544 1877 προγνωστικῇ
2572 1803 2782 1873 σαγήνῃ
2809 1802 2907 1871 τῆς
2938 1801 3213 1871 θεότητος,
3244 1799 3351 1869 πρὸ
3409 1798 3500 1851 τοῦ
3555 1800 3682 1853 avsi.-

444 1894 558 1945 οεῖν
590 1895 666 1955 εἰς
698 1893 757 1945 τὸ
789 1892 932 1961 ἱερὸν
963 1894 1334 1961 περικλείσας,

518 1980 671 2033 llunc
699 1996 919 2049 quoque
941 1996 1041 2035 nos
1071 1981 1316 2045 modum,
1340 1991 1667 2052 praesentem
1699 1981 2030 2053 Media‘pen-

2207 1980 2364 2037 Ούτω
2396 1982 2488 2034 καὶ
2533 1982 2696 2052 ἡμεῖς
2741 1980 2840 2051 τὴν
2889 1980 3177 2052 παροῦσαν
3206 1980 3424 2052 ἡμέραν
3459 1980 3552 2049 τῆς
3594 1982 3685 2034 Με-

446 2080 686 2124 tecostcs
711 2071 857 2124 diem
895 2070 1260 2133 celebremus,
1314 2073 1681 2142 suscipientes
1731 2072 2029 2129 Salvatoris

444 2162 772 2223 doctrinam,
793 2178 854 2216 ac
874 2158 1105 2218 aversati
1132 2165 1430 2234 nequitiam
1463 2165 1777 2235 principum
1811 2166 2030 2220 Judmo-

448 2270 597 2318 rum,
632 2270 837 2324 eosque
880 2257 1097 2309 tandem
1133 2257 1352 2323 imitati,
1412 2258 1503 2325 qui
1539 2257 1758 2312 Christo
1802 2256 2032 2312 Domino

444 2347 820 2401 crediderunt.
848 2345 918 2400 lit
948 2356 1132 2401 autem
1164 2348 1356 2417 majori
1397 2349 1624 2403 honoris
1698 2351 1919 2403 cumulo
1945 2349 2031 2402 di-

444 2451 611 2505 gnum
659 2438 975 2490 noverimus
995 2436 1535 2507 Medimpenteeostes
1557 2439 1724 2506 diem,
1748 2440 1837 2494 ubi
1867 2455 2034 2508 pauca

443 2526 519 2581 de
542 2523 722 2601 medio
758 2525 1075 2590 dixerimus,
1100 2524 1261 2579 ﬁnem
1291 2525 1510 2580 dicendi
1541 2525 1821 2581 iaciemus.

530 2703 622 2756 Ait
671 2703 855 2772 itaque
896 2701 1066 2756 David
1103 2706 1170 2758 ad
1196 2704 1368 2757 Deum
1411 2723 1424 2757 :
1463 2702 1525 2756 In
1559 2705 1728 2757 medio
1789 2704 2039 2758 Ecclesia:

455 2795 687 2847 laudabo
744 2792 793 2847 te
824 2795 895 2848 ⁸⁸.
929 2795 1015 2858 Et,
1066 2794 1329 2863 Operatus
1386 2805 1460 2849 est
1495 2797 1722 2849 salutem
1760 2799 1816 2850 in
1870 2800 2040 2851 medio

456 2896 615 2940 terra
635 2886 702 2941 ⁸⁸.
739 2884 997 2941 Salomon
1030 2902 1158 2940 vero
1188 2887 1445 2942 didicisse
1477 2905 1534 2942 se
1574 2889 1649 2942 ait
1688 2905 1716 2942 a
1745 2890 2038 2959 sapientia,

456 2978 675 3035 Initium
707 2987 754 3032 et
786 2979 1287 3032 consummationem
1316 3019 1329 3039 .
1366 2988 1413 3032 et
1463 2979 1794 3033 medietatem
1841 2991 2042 3050 tempo-

460 3088 580 3125 rum
609 3070 677 3125 ⁸⁷.
714 3070 969 3126 Habacuc
1000 3072 1165 3125 etiam
1202 3070 1255 3124 in
1287 3071 1503 3126 cantico
1537 3089 1551 3125 :
1594 3069 1663 3125 In
1703 3074 1874 3127 medio
1908 3074 2045 3127 duo-

461 3178 614 3216 orum
639 3163 958 3216 animalium
1010 3164 1339 3232 cognosceris
1381 3163 1448 3215 ⁸⁸.
1530 3162 1686 3218 Alius
1730 3165 1860 3218 ittm
1925 3180 2046 3231 pro-

462 3252 632 3324 pheta
663 3270 677 3306 :
705 3253 841 3307 Ecce
899 3253 992 3323 ego
1019 3253 1169 3306 renio
1190 3262 1238 3305 et
1262 3253 1507 3306 habitabo
1524 3254 1578 3306 in
1598 3255 1767 3307 medio
1789 3256 1865 3307 tui
1886 3256 1955 3310 °’.
1980 3253 2047 3309 Et

2134 2073 2572 2141 σοπεντηκοστῆς
2625 2072 2994 2143 ἑορτάσωμεν,
3039 2073 3141 2143 τὴν
3189 2071 3284 2125 τοῦ
3342 2071 3584 2140 Σωτῆρος
3626 2074 3688 2126 δι-

2130 2161 2428 2216 δασκαλίαν
2477 2161 2865 2231 προσιέμενοι,
2912 2162 3011 2233 τὴν
3062 2161 3382 2231 φαυλότητα
3447 2161 3548 2215 τῶν
3607 2164 3681 2231 ἀρ·

2132 2256 2336 2326 χόντων
2362 2254 2470 2306 τῶν
2508 2252 2779 2307 Ἰουδαίων
2837 2254 3308 2327 ἀποστρεφόμενοι
3337 2293 3353 2317 ,
3391 2253 3514 2314 τοὺς
3562 2269 3691 2306 πεπι-

2137 2346 2435 2409 στευκότας
2480 2345 2557 2415 τῷ
2595 2346 2843 2415 Δεσπότῃ
2873 2345 3096 2415 Χριστῷ
3136 2345 3551 2415 ἐκμιμούμενοι.
3595 2344 3691 2397 Ἵνα

2135 2441 2191 2494 δὲ
2224 2439 2483 2493 ἑπιπλέον
2513 2438 2731 2508 γνῶμεν
2758 2438 2920 2507 τιμῆς
2948 2436 3106 2501 ἀξίαν
3150 2437 3251 2506 τὴν
3294 2436 3398 2505 τῆς
3447 2436 3691 2488 Mamma-

2136 2531 2409 2600 τηκοστῆς
2452 2530 2689 2599 ἡμέραν,
2722 2528 2879 2596 ὀλίγα
2931 2528 3059 2597 περὶ
3109 2527 3407 2598 μεσότητος
3458 2525 3692 2591 εἰπόντες,

2137 2621 2230 2674 τὸν
2275 2622 2432 2689 λόγον
2463 2619 2925 2689 καταπαύσωμεν.
3618 2682 3627 2688 ,

2209 2712 2377 2781 Λέγει
2420 2712 2602 2765 τοίνυν
2642 2710 2809 2763 Δαὸὶδ
2854 2710 2991 2781 πρὸς
3044 2707 3136 2759 τὸν
3183 2706 3317 2758 Θεόν
3346 2722 3363 2736 ·
3422 2707 3515 2759 Ἐν
3552 2705 3694 2775 μέσῳ

2142 2802 2512 2868 Ἐκκ.ίησίας
2563 2801 2817 2868 ὑμνήσω
2851 2814 2945 2852 σε.
2987 2798 3132 2860 Kal,
3166 2795 3506 2864 ΕΙργάσατο
3531 2813 3671 2863 σωτη

2134 2895 2277 2962 ρίαν
2312 2892 2382 2945 ἐν
2411 2891 2584 2980 μέσῳ
2627 2888 2736 2957 τῆς
2766 2888 2900 2958 γῆς.
2944 2888 3083 2955 Φησὶ
3109 2886 3165 2938 δὲ
3200 2888 3228 2938 ὁ
3264 2884 3547 2954 Σαλομὼν,
3582 2885 3699 2937 διδ.-

2142 2984 2338 3056 δάχθαι
2382 2977 2534 3055 παρὰ
2579 2982 2675 3051 τῆς
2720 2979 2934 3049 σοφίαῖ,
2990 2977 3214 3046 Ἀρχὴν
3256 2977 3358 3030 καὶ
3406 2978 3573 3041 τέλος
3619 2977 3699 3028 καὶ

2138 3075 2448 3146 μεσότητα
2465 3074 2720 3143 χρόνων.
2760 3071 2822 3125 Ὃ
2876 3070 2935 3124 δὲ
2979 3068 3312 3139 Ἀμϐακοὺμ
3365 3071 3425 3121 ἐν
3474 3070 3539 3139 τῇ
3574 3068 3701 3137 ᾠδῇ·

2145 3169 2251 3222 Ἐν
2273 3168 2441 3237 μέσῳ
2475 3165 2585 3219 δύο
2613 3163 2772 3224 ζώων
2797 3153 3151 3232 γνωσθήσῂ.
3184 3163 3485 3231 Πρός-νήτης
3528 3159 3581 3212 δὲ
3607 3160 3704 3212 ἑτε-

2155 3279 2245 3333 ρος
2270 3278 2283 3292 ·
2323 3258 2479 3315 Ἰδοὺ
2525 3257 2773 3326 ἔρχομαι
2813 3256 2912 3309 καὶ
2954 3254 3416 3321 κατασκηνώσω
3463 3254 3530 3305 ἐν
3564 3252 3706 3320 μέσῳ

462 3346 663 3400 iterum
692 3363 705 3399 :
738 3343 843 3399 Ero
881 3346 935 3398 in
964 3346 1135 3415 gloria
1160 3345 1212 3397 in
1245 3345 1417 3398 medio
1450 3345 1518 3399 ’°.
1552 3344 1816 3401 Dominus
1858 3364 1991 3401 vero
2027 3365 2040 3401 :

2151 3325 2290 3413 σου,
2320 3351 2468 3419 λέγει
2511 3325 2737 3420 Κύριος.
2774 3347 2883 3400 Καὶ
2919 3347 3080 3400 πάλιν
3104 3361 3117 3376 ·
3163 3348 3266 3411 Εἰς
3300 3344 3498 3407 δόξαν
3522 3343 3706 3412 ἔσομαι

466 3437 580 3508 Ego
627 3454 745 3491 sum
794 3437 851 3491 in
882 3437 1056 3491 medio
1096 3446 1321 3490 vestrum
1361 3436 1493 3489 sicut
1522 3437 1613 3506 qui
1659 3439 1924 3492 ministrat
1977 3440 2045 3493 ".

468 3531 588 3600 Ipse
615 3528 799 3590 etiam.
824 3545 942 3582 cum
965 3539 1134 3583 essent
1163 3529 1418 3598 discipuli
1448 3531 1771 3600 congregati,
1800 3532 1942 3585 stetit
1994 3532 2049 3584 in

468 3619 639 3673 medio
666 3634 846 3673 eorum
880 3622 926 3650 "
958 3635 973 3684 ;
1029 3634 1207 3688 neque
1262 3619 1315 3673 id
1358 3619 1549 3681 semel,
1583 3621 1677 3674 sed
1733 3627 1787 3674 et
1826 3621 2047 3675 iterum.

467 3709 709 3765 Joannes
728 3725 947 3779 quoque
998 3709 1240 3779 Baptista
1290 3728 1305 3764 :
1366 3712 1575 3766 Medius
1628 3721 1857 3765 vestrum
1885 3713 2050 3778 stetit,

471 3818 627 3873 quem
656 3819 747 3855 vos
798 3803 1012 3856 nescitis
1046 3802 1091 3832 ”
1126 3818 1142 3855 :
1177 3799 1388 3866 Quibus
1419 3818 1529 3855 non
1566 3802 1617 3857 id
1653 3811 1859 3858 tantum
1887 3803 2055 3874 signi-

473 3896 618 3961 ﬁcat,
642 3910 764 3949 esse
793 3893 1001 3956 .Icsum,
1026 3892 1081 3947 in
1108 3894 1289 3948 medio
1312 3894 1508 3957 turbae,
1567 3895 1685 3959 sed,
1711 3895 1909 3964 inquit,
1941 3909 2056 3949 me-

472 3987 595 4042 dius
624 3996 870 4041 vestrum
902 3995 987 4039 est
1006 3994 1059 4040 et
1094 3986 1211 4051 Dei,
1270 3986 1326 4040 in
1372 3994 1601 4056 utraque
1632 3986 1957 4051 substantia,
1999 3986 2055 4038 in

413 4132 419 4138 ,
473 4078 677 4148 quibus
729 4078 963 4143 exsistit,
1009 4079 1313 4133 divinitatis
1361 4095 1425 4132 ac
1465 4078 1841 4139 humanitatis,
1892 4076 2055 4132 simili

477 4170 666 4223 ambas
704 4151 1023 4239 complexus
1054 4170 1253 4224 virtute
1286 4188 1298 4223 :
1325 4182 1489 4239 atque
1524 4179 1583 4224 ut
1634 4170 1709 4224 ait
1732 4170 2053 4240 Apostolus:

483 4262 625 4317 Unus
658 4260 816 4326 Deus,
839 4279 971 4315 unus
996 4271 1044 4315 et
1080 4263 1340 4317 mediator
1374 4262 1473 4315 Dei
1505 4271 1552 4316 et
1587 4252 1874 4326 hominum,
1904 4264 2058 4315 homo

477 4355 716 4410 Christus
746 4352 902 4408 Iesus
925 4355 994 4407 ⁸³.
1018 4356 1229 4410 idcirco
1252 4356 1417 4426 igitur
1446 4356 1590 4410 Deus
1621 4365 1706 4410 cst
1728 4392 1743 4407 .
1777 4355 2059 4410 Nonenim

478 4454 625 4500 esset
671 4444 957 4508 mediator,
1012 4452 1072 4497 ut
1108 4453 1257 4498 esset
1310 4453 1520 4498 tantum
1564 4445 1727 4498 homo
1777 4461 1792 4510 ;
1853 4459 1917 4498 ac
1957 4458 2061 4497 nec

480 4551 518 4593 e
541 4551 829 4600 converso,
863 4545 925 4589 ut
956 4543 1165 4607 tantum
1185 4534 1327 4588 Deus
1359 4544 1524 4589 esset.
1578 4534 1703 4590 Ideo
1745 4543 1926 4589 autem
1978 4543 2062 4587 est

2147 3443 2216 3497 ἐν
2238 3442 2405 3509 μέσῳ
2434 3438 2649 3508 αὐτῆς.
2670 3439 2780 3491 Kal
2806 3439 2833 3491 ὁ
2860 3436 3099 3511 Κύριος·
3147 3435 3297 3505 Ἐγώ
3330 3438 3451 3503 ειμι
3482 3433 3710 3503 ἐνμέσῳ

2149 3530 2315 3600 ὑμῶν
2354 3532 2435 3598 ὡς
2469 3533 2502 3584 ό
2540 3527 2859 3584 διακονῶν.
2900 3528 2958 3582 Ὀ
2988 3529 3033 3582 δ’
3074 3527 3265 3591 αὐτὸς,
3314 3525 3437 3580 τῶν
3459 3522 3710 3597 μαθητῶν

2151 3621 2568 3693 συνηγμένων,
2596 3621 2746 3688 ἔστη
2776 3620 2846 3674 ἐν
2866 3617 3034 3689 μέσῳ
3057 3617 3259 3673 αὐτῶν
3277 3634 3290 3648 ·
3326 3619 3425 3671 καὶ
3452 3619 3547 3687 οὐχ
3569 3613 3708 3678 ἅπαξ,

2152 3715 2289 3770 ἀλλὰ
2320 3716 2414 3767 καὶ
2447 3713 2721 3785 δεύτερον.
2755 3714 2864 3766 Καὶ
2893 3713 2922 3765 ὁ
2955 3708 3271 3782 Βαπτιστὴε
3315 3710 3585 3779 Ἰωάννης·
3612 3707 3708 3761 Μέ-

2154 3826 2265 3874 σος
2297 3806 2365 3860 δὲ
2397 3806 2563 3874 ὑμῶν
2594 3806 2873 3872 ἔστηκεν,
2906 3803 2980 3858 δν
3020 3802 3191 3872 ὑμεῖς
3218 3804 3333 3857 οὐκ
3364 3801 3583 3855 οἴδατε.
3614 3800 3711 3868 Ούχ

2155 3899 2344 3962 ἁπλῶς
2370 3899 2431 3952 τὸ
2463 3894 2606 3951 εἶναι
2638 3898 2695 3950 ὲν
2722 3896 2875 3967 μέσῳ
2903 3894 2998 3949 τοῦ
3041 3895 3202 3966 ὄχλου
3232 3894 3326 3948 τὸν
3370 3892 3597 3964 Ἰησοῦν,
3642 3891 3714 3942 διὰ

2156 3991 2315 4044 τοῦτο
2346 3990 2631 4060 σημαίνων
2657 4005 2671 4018 ·
2724 3987 2879 4052 ἀλλὰ,
2925 3988 3106 4049 Mssa;
3138 3985 3290 4053 ὑμῶν
3324 4003 3407 4048 τε,
3461 3983 3610 4054 φησὶ,
3638 3982 3716 4035 καὶ

2158 4083 2315 4148 Θεοῦ,
2363 4086 2419 4137 ἑν
2464 4083 2758 4152 ἑκατέραις
2809 4076 2897 4143 αἷς
2930 4082 3076 4132 ἑστιν
3122 4079 3358 4142 οὐσίαις,
3406 4078 3647 4149 θεότητός
3671 4090 3718 4125 η

2158 4177 2254 4229 καὶ
2281 4174 2724 4246 ἀνθρωπότητος,
2768 4172 3048 4243 ἑκατέρων
3095 4169 3506 4240 ἐπειλημμένος
3525 4210 3538 4227 .
3581 4167 3721 4237 (ipsi;

2158 4266 2410 4336 δυνάμει.
2461 4265 2571 4317 Kal
2601 4264 2677 4326 ὡς
2720 4262 3042 4324 Ἀπόστολός
3074 4277 3241 4331 φησιν
3265 4275 3279 4289 ⁸
3313 4255 3416 4326 Εἷς
3472 4258 3625 4324 Θεὸς.
3649 4250 3722 4320 εἷς

2161 4357 2259 4413 καί
2285 4354 2541 4426 μεσίτης
2571 4354 2720 4408 Θεοῦ
2750 4354 2846 4408 καὶ
2888 4353 3237 4419 ἀνθρώπων,
3283 4350 3596 4418 ἅνθρωπος
3629 4349 3721 4413 Ἰη-

2161 4446 2314 4513 σοῦς
2338 4446 2609 4516 Χριστός.
2648 4444 2747 4497 Διὰ
2771 4443 2929 4497 τοῦτο
2954 4439 3050 4496 οὖν
3077 4442 3231 4505 Θεός.
3282 4443 3422 4495 Οὐδὲ
3452 4441 3561 4511 γὰρ
3592 4438 3722 4510 μεσίο

2161 4555 2263 4606 της
2294 4534 2350 4610 ᾗ,
2401 4538 2561 4607 μόνον
2598 4535 2885 4605 ἄνθρωπος
2914 4552 2927 4565 ·
2975 4533 3100 4588 οὐδὲ
3157 4531 3421 4602 ἔμπαλιν,
3484 4535 3533 4585 εί
3587 4531 3724 4601 μόνον

482 4629 771 4691 mediator,
804 4628 929 4697 quia
956 4637 1039 4682 est
1066 4637 1123 4682 et
1169 4628 1310 4682 Deus
1354 4635 1411 4681 et
1456 4627 1621 4680 homo
1659 4645 1673 4692 ;
1707 4644 1802 4681 seu
1858 4626 2039 4697 potius

2165 4630 2338 4692 Θεός·
2364 4627 2500 4682 ἀλλὰ
2543 4626 2631 4679 διὰ
2674 4625 2837 4679 τοῦτο
2881 4626 3132 4695 μεσίτης,
3164 4624 3355 4695 ἐπειδὴ
3403 4623 3537 4686 Θεὸς
3559 4638 3615 4673 τε
3647 4619 3725 4672 καὶ

480 4720 626 4775 Deus
662 4722 837 4775 factus
866 4722 1050 4777 homo.
1084 4719 1451 4786 Quamobrem
1479 4719 1644 4774 etiam
1674 4721 1921 4789 utrisque
1951 4720 2061 4773 illis

476 4813 871 4877 communicat,
895 4813 1095 4883 quibus
1121 4813 1476 4867 mediatorem
1501 4813 1611 4883 agit
1637 4828 1651 4877 ;
1677 4811 1787 4866 Deo
1816 4810 2060 4880 quidem,

484 4917 546 4962 ut
572 4906 665 4978 qui
700 4907 841 4960 Deus
865 4906 1112 4970 exsistat,
1136 4920 1230 4975 per
1249 4903 1549 4961 divinitatis
1574 4914 1855 4970 naturam;
1884 4903 2061 4958 homi-

388 4978 393 4985 κ
484 4999 645 5057 nibus
684 5010 886 5062 autem,
922 5008 985 5051 ut
1007 4997 1097 5066 qui
1139 4997 1367 5052 exsistat
1398 4996 1582 5058 homo,
1619 5012 1716 5066 per
1749 4996 2062 5050 humanita-

484 5097 553 5151 tis
583 5095 970 5151 substantiam.
1002 5092 1201 5146 Verum
1229 5093 1493 5149 hactenus
1516 5091 1760 5148 sistenda
1783 5094 1981 5155 oratio,
2004 5099 2064 5145 ut

483 5184 833 5242 mediocritas
854 5182 1141 5243 consistat,
1162 5182 1256 5236 ubi
1279 5181 1410 5236 satis
1426 5182 1537 5251 jam
1567 5181 1827 5245 ostendit,
1847 5179 2062 5250 dignam

483 5293 606 5332 esse
639 5278 726 5332 cui
765 5277 1032 5331 honorem
1062 5274 1363 5329 habeamus
1396 5273 1543 5328 diem
1616 5271 2071 5340 Medieepenteco-

486 5376 618 5421 stes.
633 5366 778 5433 Quin
799 5366 965 5420 etiam
982 5365 1241 5418 virtutem
1267 5363 1470 5417 docent
1494 5363 1746 5417 doctores
1766 5360 1945 5414 medio
1966 5362 2072 5415 Ine-

488 5472 628 5514 rere.
658 5458 816 5514 Omni
848 5474 978 5529 ergo
1002 5474 1104 5512 nos
1125 5458 1326 5511 virtute
1356 5462 1737 5525 perornantes,
1772 5469 1919 5506 nunc
1949 5452 2069 5521 qui-

558 5614 603 5647 “
642 5614 755 5669 Jac.
803 5634 839 5679 ι,
936 5615 980 5647 ⁸²
1014 5614 1153 5670 Psal.
1190 5629 1280 5666 xm
1308 5655 1321 5672 ,
1355 5612 1407 5666 5.

492 5683 536 5751 F7
556 5683 686 5751 Sap.
729 5699 822 5742 VII,
868 5685 953 5736 i8.
1057 5685 1102 5717 ”
1141 5684 1277 5735 “ah-
1308 5699 1389 5738 Ill.
1432 5683 1485 5734 9--

495 5749 541 5786 ⁸³
569 5749 729 5810 John.
770 5768 805 5814 ι,
842 5756 929 5806 ‘26.
1009 5754 1052 5786 "
1080 5754 1097 5805 Ι
1125 5751 1267 5803 Tim.
1300 5767 1358 5807 ιι.
1388 5751 1438 5803 Ei.

1517 5611 1608 5662 Ι³³1
1644 5609 1785 5663 Tim.
1825 5624 1898 5669 ιι,
1932 5609 1984 5660 li.

1586 5680 1629 5709 ⁸³
1652 5680 1816 5732 'l.ach.
1849 5695 1903 5743 ιι,
1948 5678 2033 5731 10.

2092 5608 2136 5638 ⁸⁵
2160 5607 2291 5659 Dan.
2330 5622 2362 5657 lt
2380 5646 2393 5663 ,
2429 5623 2464 5658 ι.

2166 4721 2488 4793 ἄνθρωπος,
2525 4719 2727 4790 μᾶλλον
2781 4718 2837 4771 δὲ
2881 4716 3315 4787 ἑνανθρωπήσας
3370 4715 3526 4776 Θεός.
3585 4712 3726 4766 Ὅθεν

2167 4813 2261 4866 καὶ
2305 4814 2362 4863 ἐν
2414 4810 2699 4881 ἑκατέροις
2747 4811 3017 4871 κοινωνεῖ,
3066 4800 3141 4860 ὧν
3188 4809 3303 4858 ἐστι
3334 4800 3727 4874 μεσίτηςοθεῷ

2172 4903 2291 4975 μὲν,
2327 4902 2458 4965 θεὸς
2483 4899 2579 4967 ὢν,
2607 4901 2750 4954 κατὰ
2777 4899 2875 4969 τὴν
2906 4898 3066 4967 φύσιν
3095 4898 3195 4965 τῆς
3220 4897 3475 4966 θεότητος
3498 4912 3512 4925 ο
3540 4890 3729 4960 ἀνθρώ·-

2170 5010 2293 5055 ποις
2323 4993 2400 5057 δὲ,
2442 4990 2516 5043 ὢν
2548 4989 2860 5059 ἄνθρωπος,
2893 4987 3040 5041 κατὰ
3077 4988 3176 5058 τὴν
3206 4984 3368 5053 φύσιν
3403 4987 3509 5054 τῆς
3542 4981 3728 5050 ἀνθρωο

2172 5085 2426 5154 πότητος.
2474 5081 2634 5134 ’Δλλὰ
2661 5080 2822 5150 μέχρι
2851 5080 3042 5133 τούτου
3068 5078 3162 5131 τὸν
3189 5078 3348 5146 λόγον
3384 5076 3582 5144 στῆσαι
3606 5072 3726 5133 δέον,

2170 5177 2261 5231 διὰ
2309 5177 2407 5246 τὴν
2456 5173 2824 5243 συμμετρίαν,
2875 5172 3129 5235 δείξαντα
3182 5170 3479 5238 αὐτάρκως
3526 5167 3588 5218 ἑκ
3637 5163 3731 5214 τῶν

2173 5270 2333 5324 θείων
2378 5265 2632 5337 Γραφῶν,
2669 5262 2933 5332 τιμᾶσθαι
2991 5261 3151 5329 ἀξίαν
3205 5260 3304 5331 τὴν
3341 5260 3439 5325 τῆς
3471 5259 3732 5312 Μεσοπενο

2174 5359 2444 5429 τηκοστῆς
2474 5356 2707 5428 ἡμέραν.
2739 5356 3053 5426 Μεσότητος
3089 5355 3147 5408 δέ
3181 5369 3344 5423 φασιν
3371 5351 3422 5404 οἱ
3444 5344 3734 5402 διδάσκαλοι

2174 5452 2268 5505 καὶ
2294 5451 2390 5522 τὴν
2423 5449 2622 5520 ἀρετὴν
2643 5448 2881 5521 ἔχεσθαι.
2914 5448 3071 5519 "don
3092 5443 3186 5501 οὖν
3212 5448 3383 5517 ἀρετῇ
3411 5441 3633 5503 ἑαυτοὺς
3650 5454 3734 5492 κα·

3146 5602 3189 5630 "
3246 5598 3388 5652 Psal.
3440 5611 3623 5657 usui,
3658 5590 3727 5647 Ιὲ.

3242 5672 3283 5700 ⁹²
3317 5669 3473 5724 Joan.
3532 5680 3617 5723 ix,
3657 5662 3725 5716 l9-

2575 5605 2619 5636 ³⁸
2646 5603 2785 5657 Psal.
2816 5619 2903 5657 ut
2928 5643 2940 5664 ,
2975 5601 3062 5654 ‘23.

2140 5678 2182 5708 ⁹⁰
2208 5675 2336 5729 ibid.
2373 5691 2421 5740 ν,
2459 5676 2509 5728 ὅ.
2624 5677 2664 5708 ⁹¹
2710 5672 2830 5727 Luc.
2871 5688 3009 5734 xui,
3042 5672 3131 5724 27.
