3976 6408
479 336 534 401 15
542 340 606 402 39

1450 353 1760 414 LEONTII
1814 353 2337 416 NEAPOLITANI
2372 357 2714 420 EPISCOPI

3564 367 3685 437 ιεθο

471 453 774 521 cujusdam,
800 458 892 526 qui
929 475 1156 532 peregre
1187 464 1468 533 profectus
1501 467 1673 531 estad
1721 476 1936 537 temphs
1979 468 2033 522 al

2151 469 2246 522 καὶ
2289 469 2578 524 δακτύλιον
2620 473 2716 524 καὶ
2753 475 3081 544 χαρακτῆρα
3129 476 3363 546 Χριστοῦ
3409 479 3560 534 αὑτὸν
3586 483 3688 552 βλέ-

471 541 783 608 illis,multo
802 563 926 619 erga
953 565 1078 605 eum
1101 553 1301 610 affectu
1330 571 1393 609 ex
1413 556 1590 610 anima
1609 555 1921 627 ﬂagrantes,
1937 557 2052 612 sive

469 631 675 702 virgam
701 637 821 704 ejus
851 639 905 692 in
939 641 1102 698 domo
1133 645 1376 712 videant,
1397 648 1512 701 sive
1540 648 1748 712 sedem,
1769 649 1883 703 sive
1906 649 2052 702 chla-

415 786 421 794 λ
470 725 685 794 mydem
719 743 734 792 ;
764 729 880 786 haec
919 748 1041 787 cum
1101 735 1352 806 lacrymis
1393 737 1775 793 deosculantes
1846 739 2050 807 ample-

469 825 714 883 ctuntur,
739 826 794 872 et
823 837 932 876 non
962 823 1055 878 illa
1093 825 1344 889 adorant,
1376 829 1472 883 sed
1497 839 1708 898 patrem
1731 829 2050 884 desiderant

468 915 523 959 et
551 907 866 976 honorant;
899 914 972 968 ita
1018 926 1074 969 et
1120 933 1222 972 nos
1267 934 1460 973 omnes
1503 921 1690 976 ﬁdeles
1751 929 1810 975 ut
1842 921 2046 992 virgam

466 997 694 1064 Christi,
732 993 958 1058 crucem
995 1007 1290 1062 adoramus
1329 1027 1344 1075 ;
1379 1019 1437 1064 ut
1479 1013 1660 1065 sedem
1695 1028 1825 1067 vero
1869 1023 1924 1067 et
1955 1029 2049 1068 cu-

468 1085 598 1152 bile,
619 1090 789 1157 ipsius
812 1095 1218 1150 sanctissimum
1245 1109 1696 1167 monumentum;
1719 1111 1777 1155 ut
1799 1102 2042 1168 domum,

466 1193 716 1247 pra-sepe
747 1191 800 1235 et
824 1183 1122 1250 Bethleem,
1147 1197 1201 1242 et
1244 1200 1426 1245 sancta
1459 1193 1580 1263 ejus
1618 1203 1813 1267 caetera
1865 1195 2046 1248 taber-

465 1269 660 1323 nacula
689 1287 702 1322 :
737 1288 902 1341 porro
930 1287 987 1330 ut
1021 1279 1246 1344 amicos,
1279 1281 1399 1350 ejus
1433 1285 1710 1352 apostolos
1745 1293 1800 1339 et
1829 1295 2044 1340 sanctos

467 1369 734 1430 martyres
771 1379 835 1418 ac
859 1366 1096 1436 reliquos
1117 1365 1337 1428 sanctos
1369 1374 1490 1442 ejus
1523 1393 1535 1428 :
1563 1384 1618 1429 at
1659 1391 1788 1430 vero
1822 1385 1882 1430 ut
1910 1377 2044 1430 οἰνίσ-

469 1453 631 1498 tatem
655 1447 778 1516 ejus
808 1453 1039 1510 colimus
1067 1458 1220 1525 Sion,
1254 1471 1312 1515 ut
1344 1475 1528 1517 autem
1559 1463 1742 1519 villam
1773 1465 1892 1534 ejus
1937 1466 2042 1520 ite-

467 1547 585 1586 rum
617 1533 884 1594 Nazareth
929 1544 1231 1602 salutamus
1269 1565 1284 1615 ;
1331 1560 1497 1620 atque
1536 1560 1592 1606 ut
1625 1533 1870 1606 divinum
1920 1555 2039 1624 ejus

464 1622 768 1696 lavacrum,
800 1630 1097 1691 Jurdanem
1123 1639 1526 1708 amplectimur.

2153 577 2366 622 ποντες,
2390 560 2454 613 δι’
2487 561 2652 615 αὑτοῦ
2682 563 2774 614 τὸν
2799 565 2856 618 ἐν
2889 565 3038 634 αὐτῷ
3070 565 3446 638 σταῡρωθέντα
3478 572 3692 638 ἀσπαζό-

2164 649 2300 719 μεθα
2331 651 2426 705 καὶ
2449 653 2882 724 προσκυνοῦμεν.
2916 657 3026 709 Καὶ
3055 656 3244 730 ὥσπερ
3273 660 3456 723 παῖδες
3479 665 3688 732 γνήσιοι,

2151 741 2389 809 πατέρος
2421 743 2566 805 τινος
2593 743 3049 814 ἀποδημήσαντος
3089 747 3228 817 πρὸς
3264 749 3452 821 καιρὸν
3485 755 3572 806 ἀπ’
3607 757 3692 827 αρ-

2149 831 2278 894 τῶν,
2313 831 2480 902 πολλῇ
2506 835 2573 904 τῇ
2608 837 2808 905 στοργῇ
2839 835 2975 905 πρὸς
3013 838 3176 890 αὐτὸν
3203 841 3268 892 ἐκ
3300 839 3472 910 ψυχῆς
3509 843 3692 898 διακεί-

2154 939 2326 991 μενοι,
2359 922 2462 975 κᾶν
2488 923 2588 994 τὴν
2619 924 2816 993 ῥάϐδον
2845 914 3015 978 αὐτοῦ
3049 929 3106 980 ἐν
3127 927 3205 997 τῷ
3233 928 3366 999 οἴκῳ
3397 929 3692 998 θεάσωνται,

2148 1013 2250 1065 κᾶν
2274 1012 2676 1084 τῆν’χλαμὺδα,
2710 1017 2884 1069 ταῦτα
2917 1017 3056 1086 μετά
3079 1018 3330 1090 δακρύων
3361 1021 3694 1090 καταφιλοῦν-

2145 1120 2240 1166 τες
2274 1103 2641 1168 ἀσπάζονται*
2677 1105 2770 1157 καὶ
2809 1107 2908 1158 οὐκ
2944 1107 3126 1159 ἐκεῖνα
3155 1108 3448 1177 τιμῶντες,
3473 1109 3598 1164 ἀλλὰ
3619 1114 3696 1166 τὶν

2147 1193 2360 1263 πατέρα
2408 1193 2700 1257 ποθοῦντες
2749 1196 2844 1247 καὶ
2891 1195 3190 1266 τιμῶντεςσ
3235 1196 3410 1260 οὕτως
3446 1201 3538 1252 καὶ
3559 1203 3695 1269 ἡμεῖς

2143 1285 2192 1336 οἱ
2218 1285 2396 1336 πιστοὶ
2430 1285 2688 1348 ἅπαντες,
2725 1285 2798 1349 ὡς
2825 1286 2926 1354 μὲν
2955 1287 3152 1356 ρἁδον
3182 1288 3416 1358 Χριστοῦ
3441 1288 3527 1342 τὸν
3557 1307 3698 1346 στσυι

2147 1373 2238 1444 ρον
2287 1375 2721 1446 προσκυνοῦμεν,
2770 1377 2848 1438 ὼς
2885 1377 2941 1428 δὲ
2972 1378 3162 1449 θρόνον
3209 1379 3306 1432 καὶ
3343 1379 3528 1449 κοίτην
3553 1381 3696 1434 αὑτοῦ

2143 1465 2201 1517 τὸ
2235 1467 2500 1534 πανάγιον
2542 1467 2754 1537 μνῆμα,
2807 1468 2882 1530 ὡς
2931 1469 2988 1520 δέ
3039 1467 3188 1522 οἷκον
3238 1469 3340 1540 τὴν
3376 1469 3576 1539 φάτνην
3619 1477 3700 1525 καὶ

2141 1554 2239 1626 τὴν
2265 1555 2529 1626 Βηθλεὲμ,
2564 1557 2660 1609 καὶ
2685 1557 2754 1610 τὰ
2781 1557 2945 1611 λοιπὰ
2979 1558 3107 1627 ἅγια
3142 1558 3308 1612 αὐτοῦ
3344 1558 3665 1629 σκηνώματα
3684 1577 3696 1592 ·

2143 1647 2216 1710 ὼς
2246 1647 2302 1700 δὲ
2327 1649 2518 1716 φίλους
2544 1649 2731 1711 αὑτοῦ,
2759 1651 2887 1713 τοὺς
2915 1649 3252 1714 ἀποστόλους
3281 1650 3449 1704 αὐτοῦ
3481 1653 3568 1706 καὶ
3591 1653 3698 1717 τοὺς

463 1717 654 1782 ἁγίους
705 1723 992 1796 μάρτυρας
1027 1729 1122 1782 καὶ
1171 1730 1394 1796 λοιποὺς
1441 1733 1662 1802 ἁγίους·
1695 1734 1772 1798 ῶς
1843 1737 1900 1790 δὲ
1962 1737 2116 1790 πόλιν
2155 1739 2319 1792 αὑτοῦ
2372 1739 2640 1809 σεϐόμεθα
2664 1739 2764 1812 τὴν
2815 1741 2974 1795 Σιὼν.
3002 1743 3076 1806 ὡς
3115 1741 3171 1795 δὲ
3205 1741 3394 1812 χώραν
3433 1742 3590 1796 αὐτοῦ
3617 1745 3698 1814 τὴν

463 1807 720 1880 Ναζαρὲτ
771 1815 1156 1888 ἀσπαζόμεθα,
1208 1823 1303 1876 καὶ
1350 1823 1423 1886 ὡς
1457 1825 1598 1878 θεῖον
1635 1828 1798 1881 αὐτοῦ
1826 1829 2050 1901 λουτρὸν
2089 1830 2179 1883 τὸν
2223 1831 2495 1902 Ἰορδάνην
2533 1832 3036 1904 περιπτυσσόμεθα.

530 1900 694 1956 Multa
711 1905 914 1976 quippe
939 1917 989 1963 et
1010 1910 1273 1987 ineffabili
1291 1931 1417 1986 erga
1440 1916 1615 1985 ipsum
1632 1918 1921 1975 affectione
1945 1900 2036 1976 tibi
2075 1927 2114 1978 li

461 1995 733 2060 ascendit,
764 1999 853 2052 vei
877 2002 1042 2068 sedit,
1063 2004 1143 2057 vel
1174 2004 1370 2070 illuxit,
1411 2008 1498 2062 vel
1545 2010 1741 2080 tetigit,
1773 2021 1868 2067 aut
1921 2027 2040 2065 om-

461 2083 593 2137 nino
625 2087 974 2144 obumbravit
1005 2108 1019 2156 ;
1061 2094 1292 2150 colimus
1352 2105 1408 2152 et
1442 2100 1733 2156 adoramus
1775 2111 1832 2156 ut
1861 2103 2041 2158 locum

461 2172 558 2227 Dei
591 2192 606 2228 :
641 2193 749 2232 non
799 2179 1000 2245 locum,
1053 2202 1228 2254 neque
1254 2188 1494 2254 domum,
1530 2207 1707 2261 neque
1739 2195 2040 2272 regionem,

460 2266 547 2319 vel
577 2267 852 2325 civitatem
891 2283 986 2328 aut
1010 2276 1218 2346 lapides
1255 2279 1740 2344 ltonorantes,,scd
1775 2301 1899 2338 eum
1941 2291 2033 2355 qui

460 2353 516 2406 in
549 2354 654 2409 iflis
688 2373 1044 2418 conversatus
1069 2375 1172 2428 est,
1193 2377 1248 2420 et
1276 2369 1466 2434 illuxit,
1503 2381 1558 2425 et
1599 2373 1650 2425 in
1681 2388 1843 2428 carne
1879 2375 2040 2429 inno-

460 2445 586 2511 tuit,
613 2458 778 2518 atque
815 2453 884 2506 ab
915 2469 1104 2510 errore
1147 2457 1418 2523 liberavit,
1460 2461 1736 2516 Christum
1788 2465 2040 2520 videlicet

457 2536 744 2596 Dominum
781 2554 1030 2600 nostrum
1061 2559 1154 2612 ;et
1186 2564 1282 2618 per
1336 2552 1612 2606 Christum
1655 2571 1715 2609 ea
1749 2571 1868 2625 qua:
1910 2567 2039 2612 sunt

456 2630 678 2696 Christi,
710 2636 1020 2702 passionem
1056 2639 1109 2693 in
1136 2641 1422 2708 ecclesiis,
1451 2653 1505 2698 et
1531 2645 1804 2712 domibus,
1832 2657 1886 2702 et
1921 2649 2036 2718 pla-

461 2723 586 2782 teis,
613 2725 746 2780 ct‘in
777 2727 1128 2800 imaginihus,
1153 2742 1210 2786 et
1235 2732 1288 2786 in
1323 2734 1740 2801 sindonibus,et
1773 2739 1828 2792 in
1871 2757 2034 2810 pene-

459 2817 710 2883 tralibus,
746 2831 796 2875 et
832 2821 885 2875 in
956 2825 1317 2887 vestimentis,
1347 2835 1402 2880 et
1439 2824 1494 2878 in
1529 2828 1673 2880 omni
1699 2827 1818 2883 loco
1843 2829 2036 2884 forma-

459 2923 581 2962 mus
597 2925 612 2961 :
631 2917 692 2964 ut
720 2911 1058 2970 incessanter
1073 2915 1406 2984 aSpicientes
1423 2917 2028 2986 haeccommoneamur,

455 3018 468 3045 ι
493 3005 635 3053 tnon
659 3001 1068 3071 obliviscamur,
1097 3017 1156 3061 ut
1179 3018 1233 3061 tu
1263 3023 1320 3061 es
1347 3009 1550 3063 oblitus
1579 3009 1795 3065 Domini
1824 3010 1914 3065 Dei
1933 3013 2031 3068 tui.

457 3091 522 3144 Et
543 3091 690 3146 sicut
710 3103 766 3148 tu
799 3096 1032 3151 adorans
1057 3099 1258 3152 librum
1284 3099 1439 3169 legis,
1465 3115 1574 3154 non
1621 3111 1870 3157 naturam
1917 3105 2030 3174 pcl-

455 3177 590 3230 lium
630 3179 716 3233 vel
742 3185 1054 3251 atramenti,
1100 3202 1220 3255 quae
1260 3188 1314 3242 in
1367 3189 1484 3257 ipso
1527 3198 1635 3252 est,
1679 3191 1894 3257 adoras,
1937 3193 2032 3247 sed

456 3267 623 3319 verba
670 3265 763 3322 Dei
798 3286 918 3338 quae
949 3271 1134 3341 jacent
1165 3276 1218 3329 in
1266 3294 1366 3342 eo,
1427 3279 1498 3333 ita
1521 3287 1576 3332 et
1598 3295 1698 3350 ego
1737 3280 2028 3351 imaginem

453 3352 660 3408 Christi
691 3357 945 3424 adorans,
975 3376 1082 3416 non
1113 3375 1362 3420 naturam
1393 3368 1664 3439 lignorum
1698 3379 1752 3426 ct
1785 3373 2030 3427 coierunt

455 3444 624 3499 adoro
649 3447 827 3515 (absit
847 3450 900 3519 l)
931 3453 1026 3506 sed
1045 3453 1406 3513 inanimatam
1427 3461 1796 3517 characterem
1827 3463 2030 3518 Christi

455 3542 670 3598 tenens,
697 3553 796 3606 per
831 3556 954 3596 eum
987 3543 1266 3602 Christum
1301 3559 1488 3606 tenere
1521 3568 1684 3623 spero
1731 3553 1846 3626 [Gn
1889 3555 2026 3610 mihi

453 3623 690 3697 videon]
717 3636 772 3682 et
809 3631 1056 3690 adorare.
1089 3635 1153 3690 Et
1180 3638 1322 3694 sicut
1349 3640 1519 3696 Jacob
1543 3623 1820 3712 acceptam
1847 3660 1876 3698 a
1905 3644 2030 3699 ﬁliis

453 3714 564 3768 tuis
595 3717 832 3773 tunicam
873 3722 1076 3778 variam
1095 3736 1151 3780 et
1179 3731 1652 3800 sanguinulentam
1671 3731 1875 3803 Joscph
1901 3737 2032 3790 deo-

452 3805 693 3864 sculatus
719 3821 803 3865 est
825 3827 947 3868 eum
971 3815 1245 3888 lacrymis,
1281 3831 1336 3876 et
1387 3825 1626 3893 propriis
1677 3827 1850 3880 oculis
1889 3827 2031 3881 hanc

451 3895 868 3970 circumposuit,
901 3914 954 3960 et
980 3922 1088 3961 non
1114 3912 1500 3968 vestimentum
1521 3931 1715 3970 amans
1747 3917 1831 3974 vel
1861 3919 2031 3974 hono-

448 4003 602 4055 rans,
631 3994 734 4049 hoc
756 3995 907 4063 fecit,
929 4001 1022 4056 sed
1043 4019 1139 4072 per
1162 4005 1212 4058 id
1239 4006 1733 4079 aestimansJoseph
1767 4011 2027 4078 osculari,

445 4089 504 4136 et
537 4083 588 4137 in
613 4087 865 4144 manibus
885 4105 1010 4144 eum
1049 4093 1253 4150 habere
1277 4097 1350 4160 °“,
1386 4097 1460 4153 ita
1495 4107 1550 4154 et
1578 4099 1878 4156 Christiani
1907 4101 2029 4156 uni-

444 4173 588 4228 versi
606 4175 894 4244 imaginem
911 4179 1115 4237 Christi
1135 4187 1212 4239 vel
1231 4189 1600 4256 apostolorum
1619 4199 1712 4245 aut
1731 4202 2027 4264 martyrum

445 4267 698 4316 tenentes
713 4274 808 4319 aut
825 4267 1125 4325 salutantes
1145 4289 1331 4342 carne,
1348 4277 1528 4333 anima
1553 4280 1728 4349 ipsum
1751 4281 2028 4338 Christum

443 4352 788 4410 :estimamus
845 4359 930 4412 vel
971 4372 1264 4433 martyrem
1297 4368 1417 4436 ejus
1472 4370 1716 4425 habitum
1766 4373 2026 4430 retinere.

443 4437 544 4514 Dic
563 4454 694 4511 ergo
725 4443 858 4498 mihi
889 4453 966 4512 tu,
997 4449 1091 4518 qui
1135 4451 1380 4520 opinaris
1434 4456 1574 4510 nihil
1607 4474 1774 4514 manu
1799 4459 2026 4530 factum,

441 4529 526 4584 vel
566 4531 703 4585 nihil
728 4535 954 4590 omnino
977 4549 1222 4596 creatum
1253 4543 1614 4610 adorandum,
1670 4565 2027 4621 nunquamne

443 4621 784 4693 multotiens,
815 4628 1046 4686 muliere
1082 4641 1194 4696 tua,
1215 4635 1297 4688 vel
1329 4636 1452 4692 filiis
1477 4641 1726 4706 mortuis,
1757 4643 2022 4710 tunicam,

442 4713 526 4768 vel
550 4726 932 4775 omamentum
967 4721 1088 4792 ejus
1121 4724 1296 4780 visum
1325 4728 1378 4782 in
1409 4729 1660 4786 cubiculo
1690 4743 1782 4788 tuo
1812 4735 2028 4789 oscula-

442 4813 530 4859 tus
550 4819 630 4869 es,
665 4815 719 4862 et
747 4807 1003 4881 lacrymis
1035 4813 1165 4870 illud
1193 4816 1460 4884 infudisti,
1492 4830 1548 4876 et
1580 4823 1634 4876 in
1683 4823 1788 4879 hoc
1824 4840 1934 4880 non
1965 4841 2025 4880 es

439 4897 838 4955 condemnatus
867 4903 892 4956 ?
920 4919 1034 4958 non
1052 4906 1201 4961 enim
1235 4920 1294 4963 ut
1319 4910 1490 4966 Deum
1524 4916 1854 4971 vestimenta
1885 4919 2023 4972 ado-

438 4987 588 5054 rasti,
631 4991 730 5045 sed
775 5005 1015 5050 amorem
1059 5012 1158 5066 per
1195 5001 1442 5056 osculum
1478 5004 1620 5060 circa
1652 5007 1802 5061 illum
1835 5017 2022 5064 osten-

436 5075 585 5143 disti,
647 5079 739 5149 qui
793 5081 896 5138 hoc
939 5085 1230 5156 aliquando
1297 5090 1476 5148 fuerat
1529 5095 1992 5156 circumamictus.

433 5167 568 5222 Nam
587 5179 641 5224 et
663 5171 764 5241 ipsi
787 5183 944 5230 natos
965 5187 1183 5234 nostros
1199 5189 1254 5234 et
1273 5192 1450 5250 patres
1466 5195 1677 5241 creatos
1690 5188 2019 5244 exsistentes

436 5268 493 5315 et
521 5273 840 5330 peccatores
875 5264 1196 5326 multotiens
1222 5273 1542 5340 salutamus,
1577 5287 1631 5332 et
1683 5280 1736 5334 in
1777 5282 1879 5336 hoc
1913 5282 2018 5336 mi-

437 5349 581 5406 nime
609 5355 1070 5426 condemnamur;
1098 5376 1209 5415 non
1241 5363 1387 5418 enim
1435 5375 1494 5419 ut
1526 5366 1664 5424 Deos
1715 5373 2017 5426 salutamus

438 5452 550 5498 eos.
576 5443 670 5496 sed
701 5445 1050 5504 aﬂ‘ectioncm
1091 5460 1298 5507 natura:
1339 5465 1540 5512 nostra:
1587 5473 1714 5530 erga
1745 5460 1865 5514 illos
1918 5475 2015 5528 per

439 5531 683 5586 osculum
713 5533 1168 5596 dcmonstramus.
1197 5541 1265 5596 Ut
1299 5559 1427 5616 ergo
1456 5562 1598 5617 sa-pe
1629 5549 1756 5614 dixi,
1786 5549 2015 5605 intentio

513 5703 556 5733 "‘
587 5703 725 5757 Gen.
779 5725 984 5777 xxxvii,
1025 5715 1093 5768 δέ
1118 5733 1266 5786 seqq.

2213 1923 2290 1993 Τῇ
2320 1924 2428 1993 γὰρ
2467 1923 2634 1994 πολλῇ
2660 1924 2754 1976 καὶ
2781 1924 2974 1994 ἀφάτῳ
3005 1923 3138 1993 πρὸς
3172 1923 3336 1976 αὑτὸν
3363 1925 3564 1994 στοργῇ
3591 1924 3700 1978 ἔνθα

2147 2013 2341 2084 ἐπέϐη,
2383 2014 2414 2084 ἦ
2455 2015 2771 2075 κεκάθικεν,
2808 2014 2840 2086 ἦ
2879 2016 3172 2086 ἐπέφανεν,
3212 2015 3245 2084 ἢ
3285 2015 3485 2085 ἥψατο,
3525 2015 3700 2086 ἢὶλως

2144 2096 2463 2167 ἐπεσκίὰσε,
2516 2103 2810 2174 σεϐόμεθα,
2867 2105 2962 2158 καὶ
3008 2104 3428 2176 προσκυνοῦμεν
3462 2105 3535 2168 ῶς
3560 2106 3701 2159 τόπον

2142 2193 2276 2246 Θεοῦ
2309 2210 2320 2222 ·
2354 2195 2414 2246 οὐ
2445 2194 2534 2247 τὸν
2559 2197 2744 2259 τόπον,
2779 2196 2896 2250 οὐδὲ
2925 2197 3015 2250 τὸν
3038 2194 3207 2260 οἷκον,
3235 2196 3358 2250 οῦδὲ
3399 2197 3496 2270 τὴν
3519 2198 3697 2267 χώραν,

2142 2283 2174 2355 ἢ
2213 2285 2310 2355 τὴν
2353 2286 2527 2347 πόλιν.
2565 2289 2596 2358 ἢ
2629 2288 2754 2350 τοὺς
2801 2287 2981 2351 λίθους
3003 2287 3308 2357 τιμῶντες·
3341 2287 3480 2340 ἀλλὰ
3527 2288 3611 2340 τὸν
3651 2290 3700 2341 ἐν

2140 2377 2324 2440 αὐτοῖς
2377 2379 2796 2450 ἀναστραφέντα
2853 2381 2948 2432 καὶ
3002 2379 3335 2449 ἐπιφανέντα
3389 2379 3483 2432 καὶ
3523 2394 3698 2447 γνωρι-

2142 2466 2335 2520 σθέντα
2369 2469 2553 2537 σαρκὶ,
2586 2471 2678 2522 καὶ
2702 2471 2851 2539 ἡμᾶς
2885 2469 2988 2539 τῆς
3019 2471 3228 2542 πλάνης
3271 2469 3698 2540 ἐλευθερώσαντα

2138 2557 2374 2627 Χριστὸν
2406 2559 2497 2611 τὸν
2525 2559 2656 2612 Θεὸν
2685 2561 2839 2630 ἡμῶν
2863 2577 2874 2590 ·
2907 2562 3002 2613 καὶ
3026 2561 3114 2614 διὰ
3135 2562 3228 2614 τὸν
3257 2561 3493 2631 Χριστὸν
3527 2561 3613 2613 καὶ
3641 2561 3697 2614 τὰ

2139 2651 2377 2722 Χριστοῦ
2427 2654 2574 2722 πάθη
2607 2653 2664 2706 ἐν
2700 2653 3040 2722 ἐκκλησίαις,
3089 2654 3183 2706 καὶ
3233 2652 3428 2716 οἴκοις,
3476 2653 3698 2720 καὶάγο-

2141 2743 2280 2808 ραῖς,
2315 2742 2407 2793 καὶ
2439 2743 2498 2792 ἐν
2531 2741 2728 2794 σινδόσι
2775 2743 2868 2794 καὶ
2907 2743 2965 2794 ἐν
3000 2743 3290 2812 ταμιείοις,
3325 2743 3418 2796 καὶ
3464 2741 3694 2811 ἱματίοις,

2139 2831 2230 2883 καὶ
2259 2833 2314 2882 ἐν
2349 2833 2512 2884 παντὶ
2541 2833 2690 2902 τόπῳ
2729 2831 3074 2902 ἐκτυποῦμεν
3095 2850 3108 2864 ο
3139 2833 3226 2886 ἴνα
3259 2833 3525 2902 διηνεκῶς
3549 2832 3700 2901 ὁρῶν-

2134 2937 2226 2983 τες
2269 2921 2442 2974 ταῦτα
2476 2922 3048 2992 ὑπομιμνησκώμεθα,
3091 2924 3186 2976 καὶ
3232 2921 3308 2994 μὴ
3357 2921 3697 2974 ἐπιλανθανώ-

2138 3013 2299 3082 μεθα,
2348 3013 2424 3077 ὡς
2473 3015 2539 3068 σὺ
2568 3014 2835 3068 ἐπελάθου
2888 3015 3096 3086 Κυρίου
3147 3013 3243 3069 τοῦ
3281 3013 3422 3068 Θεοῦ
3455 3031 3578 3068 σου·
3622 3016 3701 3067 καὶ

2133 3101 2322 3173 ὥσπερ
2359 3105 2422 3156 σὺ
2452 3105 2776 3173 προσκυνῶν
2815 3106 2878 3158 τὸ
2925 3105 3130 3174 βιϐλίον
3169 3105 3266 3158 τοῦ
3305 3105 3500 3176 νόμου,
3537 3107 3593 3158 οὐ
3617 3105 3700 3174 τὴν

2137 3193 2300 3258 φύσιν
2356 3191 2464 3244 τῶν
2515 3195 2573 3246 ἐν
2628 3192 2776 3263 αὐτῷ
2823 3191 3111 3264 δερμάτων
3183 3193 3280 3246 καὶ
3335 3191 3434 3244 τοῦ
3497 3191 3701 3262 μέλανος

2059 3269 2100 3324 C
2135 3283 2480 3352 προσκυνεῖς,
2529 3281 2667 3335 ἀλλὰ
2696 3283 2824 3346 τοὺς
2855 3282 3048 3350 λόγους
3079 3281 3170 3335 τοῦ
3199 3281 3338 3335 Θεοῦ
3371 3283 3499 3344 τοὺς
3522 3283 3580 3333 ἐν
3611 3281 3696 3334 αὖ·

2129 3372 2208 3442 τῷ
2239 3373 2560 3442 κειμένους*
2624 3372 2798 3437 οὕτως
2847 3373 3002 3442 κάγὼ
3049 3373 3147 3444 τὴν
3199 3373 3388 3427 εἰκόνα
3444 3372 3536 3426 τοῦ
3583 3371 3701 3426 Θεοῦ

2131 3463 2478 3536 προσκυνῶν,
2513 3464 2574 3516 οὐ
2601 3463 2700 3536 τὴν
2731 3464 2895 3534 φύσιν
2921 3464 3030 3518 τῶν
3063 3464 3240 3532 ξύλων
3283 3465 3380 3518 καὶ
3415 3465 3700 3536 χρωμάτων

2133 3555 2424 3622 προσκυνῶ
2447 3571 2461 3588 ο
2495 3555 2570 3626 μὴ
2604 3555 2812 3624 γένοιτο
2832 3573 2846 3586 ·
2877 3555 3015 3610 ἀλλά
3035 3555 3126 3612 τὸν
3156 3555 3362 3628 ἄψυχον
3397 3557 3702 3628 χαρακτῆρα

2130 3645 2365 3716 Χριστοῦ
2409 3647 2650 3714 κρατῶν,
2697 3647 2766 3701 δι’
2800 3649 2966 3702 αὑτοῦ
3021 3649 3256 3722 Χριστὸν
3302 3651 3530 3718 κρατεῖν
3577 3646 3698 3700 δοκῶ

2133 3739 2228 3791 καὶ
2255 3742 2605 3806 προσκυνεῖν.
2639 3741 2748 3792 Καὶ
2796 3741 2987 3812 ὥσπερ
3009 3742 3038 3794 ὁ
3075 3739 3272 3795 Ἰακὼϐ
3294 3740 3590 3812 δεξάμενος
3611 3755 3698 3790 πα-

2133 3829 2205 3902 ρὰ
2239 3829 2348 3883 τῶν
2377 3831 2512 3884 υἱῶν
2541 3831 2706 3885 αὑτοῦ
2737 3831 2944 3902 χιτῶνα
2975 3831 3220 3885 ποικίλον
3259 3833 3581 3904 ᾑμαγμένον
3618 3828 3698 3882 τοῦ

2144 3921 2364 3990 Ἰωσὴφ,
2402 3922 2736 3992 κατεφίλησε
2789 3922 2928 3992 μετὰ
2972 3923 3244 3994 δακρύων,
3279 3924 3378 3976 καὶ
3424 3926 3538 3987 τοῖς
3567 3922 3698 3985 ἰδίοις

2129 4011 2428 4082 ὀφθαλμοῖς
2456 4013 2614 4066 τοῦτο
2638 4012 2984 4084 περιέθηκεν,
3024 4013 3118 4066 καὶ
3147 4015 3210 4067 οὐ
3248 4013 3311 4067 τὸ
3340 4014 3558 4083 ἱμάτιον
3581 4015 3699 4081 ἀγα-

2131 4101 2269 4168 πῶν,
2308 4105 2340 4172 ἦ
2373 4104 2574 4174 τιμῶν,
2614 4103 2776 4157 τοῦτο
2807 4105 3084 4175 ἐποίησεν,
3115 4105 3252 4158 ἀλλά
3283 4105 3349 4158 δι’
3370 4106 3540 4159 αὐτοῦ
3565 4104 3698 4174 vopi-

2130 4193 2240 4258 ζων
2285 4194 2378 4248 τὸν
2421 4195 2622 4266 Ἰωσὴφ
2669 4196 3009 4265 καταφιλεῖν,
3055 4197 3152 4250 καὶ
3207 4198 3266 4250 ἐν
3317 4198 3512 4267 χερσὶν
3555 4197 3700 4251 αὑτὸν

2131 4285 2384 4356 κατέχειν
2404 4303 2418 4317 ο
2469 4285 2614 4340 οὕτω
2660 4289 2752 4340 καὶ
2784 4288 3104 4358 Χριστιανοὶ
3143 4289 3344 4352 πάντες
3371 4289 3560 4340 εἰκόνα
3583 4289 3698 4359 Χρι-

2135 4375 2284 4439 στοῦ,
2328 4376 2360 4446 ἦ
2411 4377 2752 4442 ἀποστόλου,
2809 4377 2842 4448 ἧ
2907 4378 3182 4449 μάρτυρος
3238 4378 3570 4446 κρατοῦντες
3618 4377 3700 4430 καὶ

2131 4465 2506 4536 ἀσπαζόμενοι
2550 4470 2617 4539 τῇ
2654 4468 2840 4538 σαρκὶ,
2880 4472 2944 4539 τῇ
2991 4470 3138 4540 ψυχῇ
3168 4467 3332 4521 αὑτὸν
3357 4468 3453 4522 τὸν
3481 4468 3700 4537 Χριστὸν

2059 4600 2102 4654 D
2130 4557 2426 4626 νομίζομεν
2453 4557 2485 4627 ἢ
2512 4557 2605 4610 τόν
2639 4559 2894 4631 μάρτυρα
2933 4560 3100 4612 αὑτοῦ
3131 4566 3408 4630 κατέχειν.
3463 4561 3596 4614 Εἰπέ
3619 4577 3698 4654 μοι

2133 4649 2196 4702 σὺ
2230 4649 2258 4700 ὁ
2304 4649 2540 4718 νομίζων
2570 4651 2954 4721 χειροποίητον
2999 4652 3186 4723 μηδὲν,
3229 4653 3262 4722 ἢ
3307 4653 3446 4716 ὅλως
3500 4652 3698 4707 κτιστὸν

2129 4743 2477 4810 προσκυνεῖν,
2501 4737 2610 4812 ἆρα
2634 4744 2694 4795 οὐ
2726 4742 2988 4806 πολλάκις
3016 4744 3276 4812 γυναικὸς
3316 4747 3417 4816 σῆς
3446 4745 3479 4816 ἤ
3510 4745 3698 4798 τέκνων

2125 4829 2568 4900 τελευτησάντων
2602 4831 2807 4902 χιτῶνα
2839 4833 2870 4903 ἢ
2916 4833 3196 4903 κοσμίδιον
3245 4833 3368 4887 ἰδὼν
3417 4835 3479 4886 ἐν
3519 4833 3592 4902 τῷ
3631 4831 3697 4899 σῷ

2126 4923 2382 4992 ταμιείῳ,
2433 4925 2716 4994 κρατήσας
2769 4925 3054 4994 ἐφίλησας,
3115 4925 3212 4980 καὶ
3259 4925 3526 4999 δάκρυσιν
3580 4923 3698 4977 αὐτὸ

2127 5013 2484 5084 κατέϐρεξας,
2519 5015 2613 5068 καὶ
2654 5017 2755 5069 οὐκ
2801 5019 2860 5070 ἐν
2887 5017 3065 5090 τούτῳ
3100 5018 3466 5088 κατεκρίθης;
3501 5019 3576 5071 Οὐ
3600 5018 3694 5086 γὰρ

2121 5103 2196 5165 ὡς
2227 5104 2360 5158 Θεὸν
2385 5107 2456 5158 τὰ
2501 5107 2694 5175 ἱμάτια
2735 5111 3192 5180 προσεκύνησας,
3231 5108 3370 5162 ἀλλά
3413 5110 3506 5162 τὸν
3546 5108 3695 5161 πόθον

2122 5195 2260 5266 πρὸς
2285 5196 2378 5248 τόν
2407 5214 2540 5250 ποτε
2589 5199 2722 5252 αὐτὸ
2766 5199 3238 5270 περιϐεϐλημένον
3277 5201 3368 5254 διὰ
3411 5199 3507 5252 τοῦ
3549 5199 3693 5268 φιλή-

2125 5303 2294 5354 ματος
2320 5287 2562 5354 ἕδειξας·
2615 5291 2737 5343 ἐπεὶ
2783 5292 2880 5345 καὶ
2921 5291 3064 5344 αὐτὰ
3106 5291 3264 5361 ἡμῶν
3303 5291 3372 5345 τὰ
3414 5292 3580 5344 τέκνα
3609 5290 3693 5342 καὶ

2119 5378 2246 5440 τοὺς
2281 5379 2521 5448 πατέρας
2555 5381 2808 5444 κτιστοὺς
2856 5382 3016 5444 ὄντας
3051 5384 3143 5436 καὶ
3177 5383 3540 5453 ἁμαρτωλοὺς
3574 5381 3684 5433 πολε

2123 5466 2279 5531 λάκις
2326 5471 2709 5540 ἀσπαζόμεθα,
2772 5474 2868 5527 καὶ
2914 5475 3016 5528 οὐκ
3047 5476 3102 5526 ἐν
3149 5475 3328 5544 τούτῳ
3376 5473 3688 5542 κατανρινόο

2129 5559 2285 5627 μεθα.
2324 5562 2398 5613 Οὐ
2444 5563 2552 5633 γὰρ
2600 5563 2674 5627 ὡς
2708 5565 2862 5629 θεοὺς
2915 5565 3110 5628 αὐτοὺς
3147 5565 3525 5636 ἀσπαζόμεθα,
3566 5563 3688 5616 ἀλλὰ
