3976 6404
264 383 387 448 MM

1359 384 1614 447 SERth
1663 387 1958 448 CONTRA
2011 391 2337 452 JUDEOB.

3364 405 3497 468 Ν.οΞ

259 494 350 563 ιὴν
379 491 609 561 στορῖὴν
645 490 802 560 ἡμῶν
836 492 934 558 τῆς
967 492 1181 558 φύσεως
1211 497 1308 565 τὴν
1344 497 1477 566 πρὸς
1508 498 1705 561 αὐτοὺς
1735 497 1812 550 διὰ

1925 503 2230 570 exquiritur
2259 506 2310 558 iu
2341 508 2486 560 omni
2517 509 2862 577 salutatione,
2895 525 2950 568 et
2981 515 3125 569 onmi
3158 517 3494 574 adoratione.

255 586 343 638 τοῦ
372 583 675 654 φιλήματος
699 583 1107 654 ἐπιδεικνύμεθα.
1159 586 1244 650 Ὠς
1287 588 1419 655 γοῦν
1453 589 1712 652 πολλάκις
1743 585 1820 642 εἶ-

254 693 370 741 πον,
395 677 424 727 ό
451 673 649 738 σκοπὸς
675 673 987 740 ἐξετάζεται
1016 676 1106 728 ἐπὶ
1153 679 1354 740 παντὸς
1382 679 1698 750 ἀσπασμοῦ,
1728 679 1825 734 καὶ

253 768 340 820 ἐπὶ
371 768 548 834 πάσης
601 767 1045 836 προσκυνήσεως.
1084 769 1146 820 Εἰ
1193 769 1250 821 δὲ
1283 769 1535 835 ἐγκαλεῖς
1583 787 1693 838 μοι,
1741 770 1826 822 ὅτι

1929 587 2098 645 Porro
2145 594 2189 646 si
2221 611 2305 648 me
2346 612 2568 652 accusas
2595 601 2739 674 quod
2774 604 2926 671 quasi
2971 603 3256 660 Dominum
3292 607 3494 676 ligatum

1929 681 2150 736 adorem
2197 687 2392 750 crucis,
2435 705 2601 758 quare
2636 707 2744 746 non
2789 695 3138 750 ealumniaris
3177 696 3364 760 Jacob,
3401 699 3496 766 qui

1929 773 2176 829 adoravit
2207 793 2371 846 super
2421 784 2794 837 summitatem
2844 785 3007 856 virgae
3048 787 3358 856 .Ioseph‘”?

251 858 321 921 ὡς
352 855 482 908 Θεὸν
510 857 800 924 προσκυνῶ
829 856 890 907 τὸ
921 855 1077 922 ξύλον
1107 857 1199 910 τοῦ
1233 859 1490 928 σταυροῦ,
1526 859 1613 912 διὰ
1640 860 1691 912 τί
1715 860 1819 952 ⁸ούκ
1857 858 2109 928 ἐγκαλεῖς
2142 867 2220 938 τῷ
2271 871 2466 924 Ἰακώϐ
2494 877 2928 946 προσκυνήσαντι
2944 855 3042 930 ἐπὶ
3067 877 3126 930 τὸ
3171 855 3340 950 ἀκρον
3397 883 3496 950 τῆς

253 949 444 1021 ῥάϐδου
473 945 568 999 τοῦ
605 947 800 1018 Ἰωσήφ
822 963 836 1011 ;

215 1054 229 1104 ‘.
327 1041 485 1097 ’Λλλά
522 1042 806 1114 πρόδηλον,
834 1043 916 1094 ὅτι
945 1043 1006 1096 οὐ
1037 1043 1098 1095 τὸ
1125 1043 1281 1110 ξύλον
1317 1045 1441 1098 ἰδὼν
1470 1045 1812 1116 προσεκύνη-

249 1154 352 1197 σεν,
386 1134 521 1186 ἀλλά
542 1132 630 1186 διὰ
659 1133 753 1186 τοῦ
777 1131 933 1196 ξύλου
956 1133 1045 1186 τὸν
1079 1134 1298 1204 Ἰωσὴφ,
1321 1134 1511 1206 ῶσπερ
1541 1137 1634 1188 καὶ
1655 1135 1814 1205 ἡμεῖς

245 1229 330 1281 διὰ
354 1223 446 1278 τοῦ
483 1221 720 1294 σταυροῦ
757 1223 848 1276 τὸν
878 1223 1134 1291 Χριστόν.
1180 1225 1334 1277 Ἐπεὶ
1371 1226 1463 1278 καὶ
1493 1229 1604 1287 τοῖς
1630 1224 1815 1295 πωλή-

246 1335 367 1374 οασι
397 1316 486 1369 τὸν
505 1316 674 1382 τάφον
696 1313 947 1367 ἀσεϐέσιν
977 1313 1284 1384 ἀνθρώποις
1311 1318 1338 1369 ὁ
1375 1315 1627 1386 Ἀϐραὰμ
1646 1332 1812 1385 προσ-

243 1411 488 1479 εκύνησε,
543 1407 638 1460 καὶ
685 1407 814 1474 γόνυ
851 1405 1096 1475 ἔκαμψεν
1134 1407 1226 1460 ἐπὶ
1265 1407 1360 1479 τὴν
1393 1408 1530 1476 γῆν·
1565 1407 1679 1460 ἀλλ’
1713 1409 1810 1476 οὐχ

241 1504 314 1565 ώς
346 1501 501 1560 θεοὺς
535 1499 732 1561 αὐτοὺς
757 1496 1154 1568 προσεκύνησε.
1203 1499 1313 1550 Καὶ
1346 1498 1508 1564 πάλιν
1547 1500 1576 1552 ὁ
1619 1499 1810 1552 Ἰακὼϐ

241 1594 325 1647 τὸν
353 1589 554 1660 Φαραὼ
585 1588 879 1658 εὐλόγησεν
903 1589 1076 1658 ἀσεϐῆ
1104 1589 1198 1641 καὶ
1236 1588 1630 1660 εἰδωλολάτρην
1655 1589 1806 1652 ὄντα.

240 1681 350 1734 ἀλλ’
382 1682 479 1750 οὐχ
517 1679 594 1743 ὡς
636 1679 768 1731 Θεὸν
807 1680 972 1732 αὑτὸν
1018 1679 1301 1748 εύλόγησε.
1348 1681 1457 1733 Καὶ
1509 1680 1672 1733 πάλιν
1717 1681 1808 1735 τὸν

253 1771 420 1826 Ἦσαῦ
463 1771 646 1824 πεσὼν
675 1769 1250 1841 προσεκύνησεν,·ἁλλ’
1295 1769 1392 1840 οὐχ
1419 1770 1494 1834 ὡς
1525 1771 1676 1826 Θεόν.
1715 1770 1808 1824 Εἷ-

135 1859 147 1873 “
237 1862 322 1924 δες
357 1863 558 1924 πόσους
589 1861 915 1930 ἀσπασμοὺς
959 1861 1049 1914 καὶ
1093 1863 1492 1931 προσκυνήσεις
1518 1862 1807 1926 ἀπεδείξαι

1937 1099 1942 1104 _
1997 1042 2102 1098 Sed
2129 1047 2472 1102 manifestum
2489 1060 2590 1116 est,
2609 1052 2730 1121 quia
2747 1068 2854 1106 non
2871 1053 3072 1122 lignum
3093 1055 3282 1110 videns
3297 1055 3495 1110 adora-

1920 1135 2016 1197 vit,
2039 1136 2130 1189 sed
2152 1153 2247 1205 per
2263 1139 2465 1208 lignum
2487 1141 2667 1210 virga},
2697 1143 2897 1212 Joseph
2921 1161 2936 1209 ;
2961 1147 3415 1214 quemadmodum
3437 1156 3490 1202 et

1920 1239 2020 1278 nos
2054 1241 2154 1295 per
2183 1243 2424 1290 crucem,
2446 1230 2746 1286 Christum.
2775 1233 2910 1286 Nam
2937 1243 2992 1288 et
3017 1235 3210 1304 impios
3245 1237 3492 1292 homines

1919 1315 2009 1383 qui
2040 1316 2401 1372 vendiderunt
2431 1321 2761 1388 sepulcrum,
2787 1323 3058 1378 Abraham
3086 1325 3331 1380 adoravit
3366 1328 3406 1392 ί,
3434 1337 3490 1382 et

1920 1419 2061 1474 genu
2083 1409 2328 1462 curvavit
2351 1424 2514 1477 super
2535 1419 2730 1464 terram
2755 1428 2768 1475 ;
2785 1415 2875 1466 Sed
2901 1430 3008 1467 non
3028 1423 3088 1468 ut
3111 1416 3240 1470 deos
3255 1432 3349 1470 eos
3368 1418 3494 1470 ado-

1919 1497 2076 1550 ravit.
2113 1496 2178 1550 Et
2218 1514 2407 1553 rursus
2435 1499 2601 1554 Jacob
2632 1499 2898 1556 Pharaoni
2938 1504 3212 1558 benedixit
3241 1506 3407 1574 impio
3438 1516 3493 1561 et

1918 1587 2235 1655 idololatraz,
2268 1590 2360 1643 sed
2381 1606 2487 1644 non
2511 1600 2570 1644 ut
2593 1591 2703 1645 Deo
2721 1592 2791 1644 illi
2813 1593 3088 1648 benedixit
3110 1597 3148 1648 ⁸.
3185 1595 3250 1648 Ει
3273 1595 3490 1656 iterum.

1915 1679 2059 1734 Esau
2097 1680 2296 1735 cadens
2325 1681 2588 1746 adoravit,
2645 1683 2738 1737 sed
2776 1699 2885 1737 non
2931 1692 2992 1737 ut
3025 1684 3192 1738 Deum
3225 1687 3264 1738 ⁸.
3302 1684 3492 1740 Vidisti

1915 1779 2048 1840 quot
2097 1771 2450 1827 salutationes
2499 1781 2552 1827 et
2596 1773 2942 1828 adorationes
2994 1775 3492 1831 demonstravimus

1915 1859 2012 1916 tibi
2053 1877 2121 1916 ex
2173 1861 2486 1932 Scripturis,
2513 1878 2624 1916 non
2653 1863 2917 1918 habentes
2961 1865 3492 1933 reprehensionem?

241 1955 338 2019 μέν
363 1969 444 2004 σοι
471 1950 775 2021 Γραφικάς,
808 1951 906 2002 καὶ
932 1950 1006 2021 μὴ
1031 1951 1259 2020 ἐχούσας
1287 1951 1632 2020 κατάγνωσιν
1655 1969 1672 2018 ;
1699 1954 1808 2007 Καὶ

1917 1951 1980 2006 Et
2005 1961 2058 2006 tu
2077 1951 2298 2021 quidem
2331 1952 2618 2022 conjugem
2652 1962 2796 2006 tuam
2829 1953 3076 2008 fortassis
3092 1955 3486 2026 etimpudicam

239 2047 301 2098 σὺ
329 2045 426 2114 μὲν
451 2044 554 2114 τὴν
583 2045 681 2113 σὴν
713 2042 961 2114 σύμϐιον,
999 2044 1130 2106 ἴσως
1146 2045 1240 2097 καὶ
1262 2044 1497 2114 ἄσεμνον
1520 2042 1686 2100 οὖσαν
1717 2047 1812 2101 καὶ

237 2135 486 2205 ἐμπαθῆ,
527 2135 650 2188 καθ’
681 2136 918 2205 ἑκάστην
935 2134 1410 2204 ἀσπαζόμενος,ού
1435 2139 1812 2206 καταγνωστὸς

237 2226 319 2282 εἷ’
353 2228 561 2298 καίπερ
584 2227 820 2297 οὐδαμοῦ
850 2245 933 2280 σοι
975 2226 1069 2280 τοῦ
1112 2227 1248 2280 Θεοῦ
1288 2230 1601 2298 σωματικὸν
1627 2231 1812 2285 ἀσπα-

238 2320 369 2389 σμὸν
403 2319 666 2388 γυναικὸς
697 2316 1083 2387 ἐντειλαμένου
1105 2332 1118 2346 ⁶
1177 2318 1278 2388 ἐμὲ
1321 2317 1381 2371 δὲ
1412 2319 1551 2372 ὲπάν
1594 2319 1708 2392 ἴδῃς
1737 2321 1814 2372 εἱ-

236 2411 366 2464 κόνα
393 2410 489 2462 τοῦ
526 2407 783 2478 Χριστοῦ,
811 2408 843 2478 ἢ
875 2409 973 2478 τῆς
1005 2409 1348 2478 παναμώμου
1375 2411 1540 2463 αὑτοῦ
1566 2412 1808 2481 Μητρὸς,

234 2501 265 2570 ἦ
299 2500 458 2554 ἄλλου
495 2500 643 2563 τινὸς
669 2499 880 2552 δικαίου
905 2498 1309 2568 ἀσπαζόμενον,
1334 2501 1686 2568 ἀγανακτεῖς,
1717 2503 1812 2556 καὶ

233 2589 433 2653 εὐθέως
500 2589 840 2660 βλασφημῶν
895 2591 1203 2660 ἀποπηδᾷς,
1273 2590 1367 2643 καὶ
1417 2591 1812 2663 εἰδωλολάτρας

231 2683 373 2751 ἡμᾶς
395 2681 720 2745 ἀποκαλεῖς.
741 2677 874 2733 Εἶτα
891 2680 1258 2752 ούκαὶσχύνῃ,
1282 2681 1402 2734 εξπέ
1428 2699 1518 2752 μοι
1537 2699 1552 2748 ;
1573 2683 1633 2735 οὐ
1655 2683 1813 2754 φρίσ-

234 2790 376 2839 σειςς
417 2774 478 2826 οὐ
519 2773 782 2843 τρέμεις;
812 2773 912 2826 οὐκ
942 2773 1385 2844 ἐρυθριᾷς,όριτ)ν
1423 2791 1490 2841 με
1524 2773 1644 2827 καθ’
1675 2773 1812 2845 ἡμέ·

233 2880 327 2932 ραν
358 2864 416 2914 ἐν
448 2865 604 2933 πάσῃ
626 2867 690 2934 τῇ
714 2864 1008 2934 οἰκουμένῃ
1044 2865 1206 2926 ναοὺς
1234 2862 1470 2916 εἰδώλων
1518 2865 1812 2919 καταλύον-

229 2973 312 3014 τα,
338 2957 432 3008 καὶ
461 2957 632 3018 ναοὺς
665 2955 958 3026 μαρτύρων
986 2955 1408 3025 οἱκοδομοῦντα;
1443 2957 1502 3008 Εἰ
1527 2955 1591 3008 τά
1617 2958 1810 3010 εἴδωλα

228 3045 624 3116 προσεκύνουν,
681 3045 770 3098 διὰ
817 3045 870 3098 τί
919 3046 1104 3098 λοιπὸν
1143 3045 1286 3114 τιμῶ
1323 3047 1450 3108 τοὺς
1502 3049 1808 3118 μάρτυρας,

230 3135 350 3196 τοὺς
382 3133 453 3186 τὰ
488 3132 687 3185 εἴδωλα
717 3131 1158 3202 καταλύσαντας
1188 3135 1249 3187 Εἰ
1272 3133 1340 3187 τὰ
1378 3133 1510 3201 ξύλα
1547 3136 1622 3198 ὡς
1654 3137 1810 3203 θεοὺς

231 3224 372 3294 τιμῶ
399 3225 494 3278 καὶ
523 3223 754 3292 δοξάζω,
777 3227 893 3291 πῶς
915 3227 1058 3296 τιμῶ
1087 3228 1176 3282 καὶ
1204 3228 1412 3294 δοξάζω
1435 3231 1561 3292 τοὺς
1595 3233 1804 3302 μάρτυ-

1913 2057 1976 2095 ac
1990 2042 2238 2095 vitiosam
2263 2056 2358 2110 per
2375 2041 2616 2112 singulos
2645 2042 2762 2096 dies
2787 2043 3038 2098 osculans
3057 2059 3165 2097 non
3184 2046 3486 2114 reprehen-

1913 2130 2076 2194 deris,
2094 2146 2217 2185 cum
2244 2142 2390 2185 certe
2416 2148 2682 2201 nusquam
2715 2133 2856 2188 Deus
2889 2134 2983 2188 tibi
3014 2137 3293 2204 corporale
3321 2152 3487 2191 oscu-

1915 2223 2027 2277 lum
2073 2224 2285 2278 mulicri
2312 2225 2506 2278 oll'erre
2524 2225 3018 2294 praeceperit.Quia
3049 2244 3178 2280 vero
3203 2243 3289 2282 me
3305 2229 3483 2283 vidisti

1914 2315 2126 2371 iconam
2189 2317 2402 2372 Domini
2460 2318 2631 2371 nostri
2683 2317 2812 2372 Jcsu
2841 2317 3063 2383 Christi,
3098 2319 3182 2373 vel
3211 2321 3483 2375 immacu-

1913 2405 2034 2460 lalae
2077 2406 2259 2460 Matris
2301 2409 2441 2477 ejus,
2461 2409 2544 2460 vel
2577 2408 2800 2461 alterius
2843 2409 3147 2478 cujuspiam
3175 2409 3308 2478 justi
3340 2411 3478 2464 salu-

1915 2509 2049 2564 tare,
2096 2500 2394 2570 indignaris
2428 2510 2482 2554 ct
2515 2516 2636 2553 mox
2679 2500 3063 2568 blasphemans
3102 2503 3249 2566 salis,
3284 2511 3339 2557 et
3381 2519 3486 2558 nos

1914 2591 2222 2645 idololatras
2257 2591 2516 2660 appellas.
2566 2591 2768 2644 Deinde
2808 2607 2916 2644 non
2961 2591 3310 2646 confunderis
3347 2593 3485 2648 ?dic

1911 2683 2068 2749 mihi,
2117 2698 2225 2735 non
2264 2681 2578 2736 horrescis?
2606 2697 2712 2734 non
2749 2681 2934 2734 tremis
2975 2681 2998 2734 ?
3038 2697 3148 2734 non
3186 2683 3484 2747 erubescis,

1914 2774 2107 2828 videns
2145 2789 2232 2828 me
2261 2775 2313 2828 in
2349 2784 2462 2828 toto
2497 2784 2762 2827 terrarum
2792 2773 2924 2827 orbe
2966 2773 3160 2842 templa
3219 2775 3484 2828 idolorum

1911 2863 2211 2929 destruere,
2243 2873 2297 2918 et
2329 2864 2525 2932 templa
2571 2871 2866 2934 martyrum
2902 2863 3171 2917 :ediﬁcare
3199 2863 3228 2934 ‘?
3264 2861 3318 2916 Si
3345 2863 3486 2918 idola

1911 2955 2214 3019 adorarent,
2275 2971 2373 3009 cur
2419 2961 2700 3023 martyres,
2763 2952 2854 3022 qui
2896 2953 3282 3006 destruxerunt
3323 2953 3482 3019 idola,

1913 3045 2171 3118 [honore]
2217 3047 2586 3100 aduraremus.
2625 3045 2679 3097 Si
2720 3044 2859 3114 ligna
2894 3053 2954 3096 ut
2993 3043 3125 3096 deos
3171 3044 3378 3098 honoro
3430 3052 3485 3098 et

1912 3138 2176 3210 gloriﬁco,
2209 3138 2483 3208 quomodo
2511 3137 2720 3190 honoro
2739 3145 2793 3190 et
2819 3135 3061 3206 gloriﬁeo
3088 3143 3368 3204 martyres,
3389 3134 3488 3202 qui

1913 3233 2090 3304 lignea
2135 3231 2422 3286 simulacra
2466 3230 2854 3284 destruxerunt
2891 3227 2986 3280 ?Si
3019 3227 3221 3294 lapides
3247 3233 3307 3279 ut
3354 3226 3485 3280 deos

234 3335 351 3388 ρας,
405 3321 537 3384 τοὺς
570 3319 638 3372 τά
686 3319 873 3385 ξύλινα
931 3319 1095 3384 ξόανα
1146 3321 1549 3390 καταλύονταςς
1591 3327 1650 3377 Εἰ
1681 3326 1808 3388 τοὺς

1917 3323 2175 3392 gloritico,
2235 3321 2506 3390 quomodo
2549 3319 2759 3373 honoro
2797 3331 2852 3370 et
2906 3317 3072 3370 adoro
3127 3325 3393 3386 martyres
3429 3323 3485 3368 et

231 3411 409 3476 λίθους
438 3413 516 3476 ώς
545 3414 702 3478 θεοὺς
730 3411 960 3478 δοξάζω,
1013 3414 1132 3477 πῶς
1179 3415 1325 3486 τιμῶ
1370 3417 1464 3469 καὶ
1515 3417 1808 3486 προσκυνῶ

228 3504 353 3566 τοὺς
385 3504 678 3574 μάρτυρας
713 3506 807 3557 καὶ
836 3505 1190 3566 ἀποστόλους,
1239 3507 1366 3568 τοὺς
1403 3509 1808 3577 συντρίψαντας

231 3595 321 3647 καὶ
373 3595 757 3658 ἀπολέσαντας
795 3599 866 3650 τά
900 3597 1076 3649 λίθινα.
1121 3595 1322 3660 ζώδιας
1355 3597 1477 3660 Πῶς
1505 3599 1672 3668 τιμῶ,
1713 3601 1808 3652 καὶ

231 3685 462 3748 ἐπαινῶ,
506 3685 602 3737 καὶ
628 3686 788 3746 ναοὺς
819 3684 1038 3754 ἐγείρω,
1063 3685 1160 3738 καὶ
1189 3685 1381 3755 ἑορτὰς
1431 3684 1664 3738 ἐπιτελῶ
1693 3689 1807 3749 τοῖς

229 3775 378 3845 τρισὶ
405 3776 590 3840 παισὶ,
619 3777 732 3839 τοῖς
758 3777 814 3828 ὲν
845 3774 1126 3828 Βαϐυλῶνι
1149 3777 1214 3845 τῇ
1246 3777 1423 3846 χρυσῇ
1457 3775 1532 3848 μὴ
1570 3793 1809 3848 προσκυ-

228 3865 495 3936 νήσασιν;

300 3957 518 4020 Ὄντως
556 3958 724 4027 πολλὴ
783 3956 890 4009 τῶν
928 3957 1149 4028 ἀνόμων
1187 3960 1220 4030 ἡ
1270 3957 1553 4030 πώρωσις,
1593 3959 1810 4030 ἀληῢόἳς

228 4047 400 4119 πολλὴ
454 4047 568 4099 τῶν
610 4047 878 4101 Ἰουδαίων
934 4051 966 4116 ἠ
1019 4049 1326 4116 τύφλωσις,
1377 4049 1548 4119 πολλὴ
1595 4053 1627 4119 ή
1679 4051 1810 4104 ἀσέ-

229 4135 372 4188 ϐεια.
420 4135 722 4188 Ἀδικεῖται
767 4134 860 4188 ύπ⁶
889 4133 1068 4188 αὐτῶν
1113 4137 1146 4206 ἡ
1186 4135 1436 4204 ἀλήθεια.
1484 4135 1617 4200 Θεὸς
1659 4135 1812 4206 ὑϐρί-

225 4225 380 4290 ζεται
421 4227 534 4280 ὑπὸ
568 4225 818 4296 γλώσσης
857 4226 1172 4296 ἀχαρίστων
1223 4226 1514 4281 Ἰουδαίων.
1579 4228 1672 4281 ἸΞκ
1702 4229 1811 4281 λειο

222 4315 417 4385 ψάνων
474 4315 738 4379 πολλάκις
801 4315 1098 4387 μαρτύρων
1119 4317 1214 4370 καὶ
1247 4316 1470 4371 εἰκόνων
1499 4315 1810 4378 ὲλσςύνονται

223 4411 492 4480 δαίμονες
514 4426 528 4439 ”
557 4408 850 4462 καὶταῦτα
883 4407 1253 4478 ὲνυϐρίξοντες
1293 4408 1568 4478 ἄνθρωποι
1621 4409 1812 4478 μιαροὶ

228 4499 652 4572 διαστρέφουσι,
689 4497 785 4550 καὶ
832 4496 1199 4561 διαπαίζουσι,
1234 4498 1326 4550 καὶ
1368 4490 1675 4566 διαγελῶσι.
1711 4500 1818 4552 116-

227 4607 342 4653 σαι,
367 4590 498 4643 εἰπέ
534 4605 644 4659 μοι,
671 4588 1036 4652 ἐπισκιάσεις,
1067 4589 1230 4641 πόσαι
1252 4586 1592 4649 ἀναϐλύσεις,
1619 4587 1814 4641 πολλά-

223 4699 311 4745 κις
337 4680 395 4735 δὲ
425 4681 525 4734 καὶ
559 4679 810 4747 αἱμάτων
842 4677 1030 4748 ῥύσεις
1067 4678 1128 4742 ἐξ
1151 4679 1376 4732 εἰκόνων
1403 4679 1499 4732 καὶ
1543 4677 1812 4748 λειψάνων

225 4775 539 4846 μαρτύρων
597 4774 894 4842 γεγόνασι;
939 4773 1048 4826 Καὶ
1090 4773 1140 4825 oi
1193 4773 1440 4826 ἀσύνετοι
1491 4774 1558 4844 τῇ
1614 4772 1811 4842 καρδίᾳ

224 4865 472 4937 ὁρῶντες
496 4865 558 4917 οὐ
590 4864 896 4928 πείθονται,
920 4863 1054 4916 ἀλλὰ
1081 4862 1284 4932 μύθους
1311 4863 1484 4917 ταῦτα
1504 4866 1597 4916 καὶ
1614 4863 1812 4934 λήρους

221 4955 580 5025 λογίζονται·
637 4954 870 5026 ὁρῶντες
907 4952 1078 5016 οὕτως
1101 4952 1162 5004 τὸ
1189 4952 1310 5005 καθ’
1338 4952 1551 5022 ἡμέραν
1578 4955 1634 5006 ὲν
1662 4953 1809 5024 πάσῃ

220 5048 287 5117 τῇ
312 5046 628 5116 οἰκουμένῃ
652 5043 836 5114 σχεδὸν
853 5043 1053 5114 ἄνδρας
1078 5040 1292 5104 ἀσεϐεῖς
1314 5043 1407 5095 καὶ
1441 5043 1812 5114 παρανόμους.

218 5135 652 5206 εἰδωλολάτραις.
687 5135 780 5187 καὶ
811 5137 1014 5202 φονεῖς,
1043 5131 1300 5202 πόρνους,
1329 5132 1422 5185 καὶ
1445 5132 1646 5204 λῃστὰς
1669 5133 1814 5198 ἐξαί-

219 5243 366 5296 φνης
401 5225 501 5279 διὰ
543 5226 632 5278 τὸν
656 5224 892 5294 Χριστὸν
934 5223 1028 5277 καὶ
1063 5222 1154 5277 τον
1199 5223 1428 5292 σταυρὸν
1454 5224 1620 5277 αὑτοῦ
1649 5242 1816 5278 κατα-

215 5316 625 5388 νυσσομὲνους,
660 5315 754 5368 καὶ
805 5317 1012 5384 κόσμου
1076 5314 1275 5377 παντές
1315 5315 1814 5384 ἀποτασσομένους,

213 5407 314 5458 καὶ
381 5406 582 5458 πᾶσαν
646 5405 850 5474 ἀρετὴν
897 5402 1324 5474 ἐργαζομένους.
1367 5401 1502 5456 Εἰπέ
1538 5421 1650 5474 μοι,
1699 5407 1819 5468 πῶς

211 5497 388 5566 ἐσμεν
410 5493 836 5564 εἰδωλολάτραι,
870 5495 918 5546 οἱ
954 5493 1048 5546 καὶ
1088 5493 1230 5546 αύτά
1280 5491 1351 5544 τὰ
1397 5492 1562 5554 ὀστᾶ,
1595 5494 1688 5546 καὶ
1719 5495 1818 5562 τὴν

210 5587 388 5652 κόνιν,
416 5585 526 5639 καὶ
557 5587 622 5640 τὰ
657 5587 820 5657 ῥάκη,
854 5586 948 5638 καὶ
967 5585 1026 5637 τὸ
1051 5579 1213 5654 αἷμα,
1249 5583 1345 5636 καὶ
1370 5583 1466 5654 τὴν
1512 5585 1668 5654 σορὸν
1711 5586 1820 5638 τῶν

279 5765 332 5798 ’θ
385 5761 673 5828 [lein-.311,
703 5763 792 5817 2i.
871 5762 886 5792 ¹
918 5760 1053 5815 Gen.
1087 5775 1238 5825 χχιιι,
1265 5762 1317 5814 7.

1394 5759 1571 5814 'Gen.
1627 5775 1790 5824 vau,
1837 5759 1894 5814 7.

1908 3413 2201 3480 apostolos,
2251 3411 2341 3478 qui
2383 3410 2762 3464 contrivcrunt
2809 3417 2864 3462 et
2903 3407 3255 3476 perdiderunt
3303 3406 3483 3477 lignea

1908 3501 2398 3572 signaiquomodo
2437 3501 2648 3553 honoro
2681 3506 2732 3552 et
2762 3498 2940 3578 laudo,
2975 3506 3031 3551 et
3063 3496 3260 3564 templa
3306 3497 3479 3567 erige,

1907 3601 1963 3644 et
1986 3590 2330 3644 festivitatem
2357 3589 2573 3642 celebro
2603 3588 2778 3642 tribus
2811 3586 3014 3654 pueris,
3059 3586 3152 3655 qui
3201 3585 3255 3639 in
3307 3585 3480 3657 Baby-

1907 3678 2032 3734 lone
2062 3679 2349 3750 imaginem
2374 3676 2594 3731 auream
2625 3692 2748 3740 non,
2767 3675 3132 3728 adoraveruut
3161 3671 3185 3704 ⁴
3213 3673 3237 3724 ἳ

1979 3924 2337 4002 ϐοιῑοήιυιιει
2375 3949 2457 3997 est
2488 3940 2796 4010 iniquorum
2827 3935 3132 4001 obduratio,
3159 3933 3286 3990 ve‘rc
3315 3933 3480 3989 multa

1909 4049 1996 4094 cst
2024 4037 2333 4092 Judaaorum
2392 4033 2628 4092 caecitas,
2683 4029 2849 4084 multa
2898 4029 3168 4098 impietas.
3225 4025 3480 4096 lnjuriam

1913 4129 2116 4200 patitur
2140 4127 2208 4181 ab
2229 4125 2311 4180 eis
2339 4123 2542 4178 veritas
2571 4139 2584 4174 :
2623 4121 2762 4174 Deus
2795 4116 3158 4172 contumelias
3183 4115 3420 4171 sustinet
3449 4131 3478 4168 a

1911 4223 2092 4292 lingua
2123 4220 2453 4290 ingratorum
2473 4212 2802 4268 Judaaorum.
2837 4207 2944 4262 Per
2983 4206 3238 4276 reliquias
3277 4213 3479 4274 marty-

1913 4329 2032 4369 rum
2077 4321 2132 4367 et
2169 4309 2430 4380 imagines
2471 4297 2784 4360 multotiens
2831 4301 3140 4372 ell'ugantur
3173 4297 3434 4354 darntonia
3467 4317 3480 4351 :

1913 4413 1968 4459 et
1989 4405 2104 4458 haec
2133 4401 2348 4471 injuriis
2380 4404 2702 4468 appetentes
2734 4392 2984 4448 homines
3001 4389 3226 4471 sordidi,
3255 4389 3483 4443 subver-

1913 4502 2036 4551 tum
2059 4501 2114 4547 et
2146 4492 2374 4545 illudunt
2407 4499 2570 4558 atque
2595 4485 2863 4542 derident.
2893 4482 3058 4549 Quot,
3076 4482 3164 4536 dic
3185 4480 3339 4546 mihi,
3364 4479 3484 4534 visi-

1918 4587 2148 4642 tationcs
2202 4580 2316 4654 [Gn
2348 4573 2836 4646 obumbrationes,]
2859 4573 3261 4646 emanationes,
3299 4571 3394 4626 sed
3427 4578 3481 4623 et

1920 4678 2234 4745 frequenter
2261 4669 2583 4740 sanguinum
2619 4667 2817 4721 liuores
2845 4680 2910 4719 ex
2946 4664 3118 4719 iconis
3157 4671 3213 4717 et
3240 4662 3480 4731 reliquiis

1921 4778 2215 4840 martyrum
2239 4765 2365 4820 facti
2397 4771 2524 4816 sunt
2538 4763 2561 4816 ?
2575 4771 2630 4816 et
2646 4759 2908 4814 insensati
2925 4757 3087 4812 corde
3113 4754 3358 4810 videntes
3373 4769 3478 4806 non

1919 4861 2168 4925 credunt,
2193 4857 2286 4912 sed
2315 4854 2522 4908 fabulas
2544 4867 2607 4906 ac
2625 4849 2979 4905 deliramenta
3011 4847 3125 4901 hmc
3141 4844 3478 4907 existimant;

1918 4951 2165 5008 videntes
2202 4948 2381 5003 taliter
2409 4961 2508 5014 per
2529 4943 2768 5011 singulos
2793 4940 2910 4994 dies
2933 4939 2985 4992 in
3013 4945 3125 4992 toto
3155 4952 3293 5007 pene
3309 4947 3476 4990 terra-

1918 5058 2040 5098 rum
2071 5041 2204 5095 orbe
2232 5039 2380 5092 viros
2413 5035 2612 5105 impios
2645 5042 2700 5088 ct
2729 5032 2965 5100 iniquos,
3010 5029 3274 5083 idolorum
3305 5027 3480 5079 culto-

1919 5149 2006 5188 res
2034 5142 2089 5186 et
2121 5128 2442 5191 homicidas,
2461 5133 2516 5179 et
2545 5123 2922 5184 fornicatores,
2953 5129 3009 5175 et
3035 5119 3274 5173 latrones
3303 5114 3480 5167 subito

1921 5238 2018 5293 per
2039 5221 2314 5276 Christum
2339 5226 2393 5271 et
2424 5230 2640 5270 crucem
2662 5214 2782 5282 ejus
2813 5208 3127 5279 compungi,
3158 5215 3213 5259 et
3241 5204 3304 5259 ad
3338 5201 3484 5273 agni-

1921 5314 2126 5370 tionem
2157 5309 2404 5364 veritatis
2437 5307 2644 5368 venire,
2687 5314 2743 5358 et
2780 5303 2982 5356 mundo
3009 5299 3104 5354 toti
3144 5293 3478 5358 reuunciarc,

1915 5415 2076 5474 atque
2107 5415 2324 5456 onmem
2361 5397 2574 5468 operari
2606 5396 2883 5450 virtutem.
2913 5391 3006 5445 Dic
3027 5388 3184 5450 mihi,
3215 5383 3484 5457 quomodo

1917 5508 2107 5550 sumus
2137 5490 2454 5550 idololatrze,
2487 5487 2581 5557 qui
2623 5493 2679 5540 et
2709 5485 2823 5554 ipsa
2853 5497 2998 5542 ossa,
3033 5489 3088 5532 et
3127 5477 3384 5533 cinerem,
3429 5481 3482 5526 et

1919 5601 2152 5656 pannos,
2215 5592 2270 5636 ct
2320 5579 2662 5650 sanguinem,
2719 5585 2775 5630 et
2841 5573 3110 5628 tumulum
3192 5577 3484 5638 martyrum

1969 5759 1989 5791 ³
2016 5758 2154 5814 Gen.
2185 5771 2374 5820 χχχιιι,
2414 5755 2467 5807 5.
2545 5759 2564 5783 ⁸
2585 5751 2715 5804 Dan.
2740 5766 2818 5816 ιιι,
2844 5764 2993 5818 seqq.
