3976 6404
458 364 472 374 ⁵
519 417 656 483 1603

1507 410 1814 474 LEONTII
1853 399 2369 468 NEAPOLITANI
2427 393 2771 457 EPISCOPI
2834 406 2839 413 '

3596 393 3708 458 1604

516 535 637 588 ideo
654 532 943 587 adoramus
976 531 1399 590 etlionoramus,
1435 529 1557 597 quia
1584 528 1742 582 idolis
1769 538 1878 578 non
1911 520 2083 576 sacri-

2205 510 2488 584 ιαρτύρων
2516 503 2951 582 προσκυνοῦντες
3003 505 3099 559 καὶ
3138 506 3422 577 τιμῶντες,
3457 508 3538 563 διὰ
3572 511 3626 563 τδ
3650 513 3713 581 μὴ

515 626 747 678 ﬁcarunt
777 624 801 677 ?

582 714 803 770 Judmus
827 714 963 769 dixit
990 732 1003 767 :
1030 712 1096 767 Et
1120 712 1393 782 quomodo
1434 727 1530 779 per
1561 720 1724 763 totam
1748 706 2086 776 Scripturam

516 807 763 877 praecipit
808 805 950 860 Deus
991 821 1101 859 non
1163 804 1378 857 adorari
1436 817 1651 857 omnem
1730 793 2090 852 creaturam?

515 896 861 950 Christianus
880 895 1015 948 dixit
1051 912 1064 948 :
1103 894 1200 947 Dic
1222 892 1379 955 mihi,
1410 900 1554 945 terra
1584 897 1639 943 et
1674 895 1905 949 montes,
1938 898 2091 937 crea-

518 997 654 1042 tura:
698 987 789 1040 Dei
816 986 989 1041 sunt?
1016 985 1109 1055 qui
1127 984 1203 1037 ait
1230 1001 1242 1037 :
1272 982 1487 1052 Utique.
1521 979 1865 1035 Christianus
1910 973 2043 1029 dixit
2073 990 2087 1025 :

517 1077 801 1143 Quomodo
822 1091 949 1146 ergo
973 1074 1132 1129 docet
1161 1071 1450 1142 inquiens:
1481 1088 1498 1121 ι
1534 1068 1778 1123 Exaltate
1801 1064 2092 1120 Dominum

518 1170 688 1223 Deum
715 1177 984 1232 nostrum,
1027 1177 1084 1221 et
1114 1167 1338 1220 adorate
1372 1162 1668 1219 scabellum
1710 1160 1909 1230 pedum
1949 1157 2091 1225 ejus,

517 1262 772 1332 quoniam
798 1269 1042 1315 sanctum
1061 1258 1217 1312 est“?
1238 1276 1254 1305 ι
1278 1257 1346 1309 Et
1368 1256 1561 1309 iterum
1594 1254 1709 1321 ipse
1734 1250 1904 1305 dixit:
1929 1266 1947 1299 ι
1966 1249 2093 1303 εω-

519 1352 626 1405 lum
664 1350 796 1404 mihi
826 1349 985 1403 sedes
1027 1357 1130 1409 est,
1168 1354 1309 1400 terra
1345 1353 1524 1398 autem
1567 1341 1858 1396 scabellum
1896 1338 2094 1408 pedum

517 1457 766 1497 meorum
805 1443 827 1475 ⁸
854 1442 878 1494 ?
910 1460 928 1492 ι
965 1441 1184 1496 Iudaeus
1219 1438 1354 1494 dixit
1383 1456 1397 1492 :
1425 1438 1534 1491 Sed
1576 1453 1684 1490 non
1726 1442 1781 1489 ut
1815 1434 1965 1495 deos,
2000 1432 2093 1486 sed

519 1549 618 1601 per
642 1534 759 1587 ha’e
786 1547 911 1586 eum
948 1531 1041 1601 qui
1072 1530 1223 1595 fecit,
1268 1530 1481 1584 adoras.
1526 1526 1871 1581 Christianus
1912 1523 2049 1580 dixit
2081 1542 2094 1576 :

520 1621 725 1675 Fidelis
754 1636 936 1675 sermo
974 1639 986 1673 :
1012 1635 1142 1691 ergo
1166 1620 1323 1684 scito,
1345 1618 1488 1688 quod
1526 1627 1581 1672 et
1609 1632 1710 1685 ego
1742 1632 1840 1687 per
1875 1615 2098 1675 uelum.

521 1723 577 1767 et
603 1721 826 1775 terram,
858 1720 911 1767 et
942 1728 1111 1776 mare,
1140 1721 1197 1765 et
1227 1712 1391 1781 ligna,
1424 1719 1480 1763 et
1514 1709 1739 1778 lapides,
1775 1716 1831 1761 et
1868 1707 2096 1776 lipsana,

523 1814 580 1857 ct
608 1805 833 1873 templa,
867 1812 922 1859 et
960 1819 1200 1866 crucem,
1231 1810 1286 1856 et
1326 1817 1425 1872 per
1468 1801 1706 1871 angelos,
1743 1810 1794 1854 et
1827 1799 2097 1860 homines,

2187 606 2348 659 θῦσαι
2379 603 2577 665 αὐτοὺς
2605 602 2718 663 τοῖς
2744 598 2984 657 εἰδώλοις
3010 615 3024 662 ;

2271 696 2329 748 '0
2375 692 2629 754 Ἰουδαῖος
2660 690 2796 761 ἔφη·
2827 690 2937 743 Καὶ
2961 687 3078 752 πῶς
3100 687 3191 742 διὰ
3218 689 3392 762 πάσης
3412 691 3507 761 τῆς
3530 693 3718 765 Γραφῇ

2192 783 2563 856 παραγγέλλει
2594 783 2622 834 ὁ
2643 781 2777 844 Θεὸς
2811 782 2886 851 μὴ
2915 781 3294 851 προσκυνῆσαι
3345 783 3501 835 παντὶ
3526 788 3722 857 κτίσμα.

2188 894 2281 941 τις
2328 876 2387 929 '0
2421 871 2749 942 Χριστιανὸς
2772 871 2878 941 ἔφη
2898 893 2911 903 ·
2937 871 3077 925 Εἰπὲ
3110 888 3221 941 μοι,
3324 871 3394 941 γῆ
3424 874 3596 927 καὶτὰ
3621 878 3724 948 ὗρη,

2190 963 2466 1032 κτίσματά
2490 963 2596 1014 εἰσι
2623 959 2719 1012 τοῦ
2755 958 2891 1011 Θεοῦ
2915 976 2929 1024 ;
2984 959 3048 1012 Ὀ
3075 959 3133 1012 δὲ
3162 959 3298 1027 ἔφη’
3335 978 3353 1010 ι
3402 963 3648 1029 Δηλονότι.
3677 966 3723 1019 'U

2191 1052 2518 1125 Χριστιανός
2540 1067 2555 1083 ο
2593 1050 2717 1114 Πῶς
2737 1047 2833 1103 οῦν
2863 1050 3109 1103 διδάσκει
3129 1066 3143 1082 ·
3188 1048 3425 1120 ’Υψοῦτε
3452 1052 3633 1122 Κύριον
3655 1056 3725 1109 τὶν

2193 1144 2327 1197 Θεὸν
2349 1145 2383 1214 ἡ
2393 1144 2509 1213 μῶν
2550 1143 2644 1196 καὶ
2673 1145 3031 1214 προσκυνεῖτε
3058 1139 3138 1211 τῷ
3173 1141 3447 1209 ὑποποδίῳ
3467 1142 3567 1195 τῶν
3580 1146 3726 1199 ποδῶν

2196 1234 2476 1300 αὐτοῦ,ὂτι
2504 1233 2659 1303 ἅγιός
2683 1235 2825 1288 ἐστι.
2873 1234 2984 1286 Καὶ
3007 1235 3363 1304 προσκυνεῖτε
3384 1235 3459 1295 είς
3475 1234 3584 1303 ὅρος
3599 1235 3727 1303 ἂγιιν

2197 1324 2401 1389 αὑτοῦ;
2440 1343 2459 1377 ι
2494 1325 2604 1378 Καὶ
2652 1325 2814 1377 πάλιν
2835 1324 2996 1386 αὑτός
3038 1321 3234 1393 φησιν’
3281 1340 3300 1373 ι
3342 1322 3400 1375 '0
3426 1324 3633 1393 οὐρανός
3656 1344 3728 1395 po:

2198 1416 2406 1486 θρόνος,
2424 1417 2456 1486 ή
2475 1414 2531 1467 δὲ
2554 1415 2624 1486 γῆ
2654 1415 2945 1468 ὑποπόδιον
2969 1413 3077 1467 τῶν
3111 1413 3290 1466 ποδῶν
3325 1431 3446 1482 μου.
3485 1433 3502 1465 ι
3542 1415 3595 1466 ὐ
3620 1416 3727 1468 Ἰου-

2197 1507 2341 1571 δαῖος
2363 1507 2467 1576 ἔφη
2486 1522 2500 1536 ⁸
2537 1504 2675 1558 Ἀλλ’
2728 1506 2827 1574 οὐχ
2869 1505 2945 1568 ώς
2989 1504 3166 1568 θεοὺς,
3196 1504 3334 1558 ἀλλὰ
3363 1504 3428 1556 δι’
3458 1504 3606 1557 αὐτὸν
3635 1505 3728 1577 [δι’-

2199 1598 2377 1652 αὐτῶν
2407 1596 2496 1670 ιη]
2527 1598 2616 1651 τὸν
2639 1598 2947 1667 ποιήσαντα
2966 1598 3317 1668 προσκυνεῖς.
3355 1596 3415 1649 Ὂ
3449 1597 3730 1668 Χριστιανὸς

2200 1688 2339 1761 ἔφη*
2376 1688 2573 1753 Πιστὸς
2595 1690 2622 1741 ὀ
2654 1688 2833 1756 λόγος.
2891 1686 3102 1742 Οὐκοῦν
3157 1687 3348 1755 γνῶθι,
3401 1687 3481 1740 ὅτι
3517 1688 3654 1757 κάγὼ
3677 1690 3730 1743 δι’

2200 1780 2452 1854 οὐρανοῦ,
2478 1783 2571 1834 καὶ
2606 1780 2731 1851 γῆς,
2752 1781 2847 1834 καὶ
2881 1780 3179 1850 θαλάσσης,
3208 1778 3307 1831 καὶ
3334 1778 3517 1844 ξύλων,
3557 1783 3639 1833 καὶ
3665 1782 3731 1833 λί-

526 1849 580 1857 ν-
610 1849 833 1873 -ν---ιρ--⁷
869 1849 921 1859 η
964 1849 1200 1866 ν---ν-
1235 1849 1285 1856 --
1327 1849 1413 1872 τυ
1469 1849 1706 1871 “an”.
1750 1849 1794 1854 ν-

523 1901 686 1962 atque
718 1908 811 1961 per
839 1908 1057 1947 omnem
1112 1900 1419 1946 creaturam
1458 1890 1723 1945 visibilem
1755 1898 1809 1942 et
1848 1888 2096 1943 invisibi-

2205 1876 2330 1942 θων,
2362 1875 2459 1929 καὶ
2484 1874 2773 1942 λειψάνων,
2806 1869 2901 1924 καὶ
2927 1869 3094 1935 ναῶν,
3144 1870 3239 1922 καὶ
3270 1869 3524 1940 σταυροῦ,
3556 1871 3639 1923 καὶ
3680 1872 3733 1925 δι’

523 1984 652 2047 lem,
678 1984 775 2037 soli
831 1991 1154 2041 cunctorum
1188 1980 1476 2044 conditori,
1504 1978 1832 2033 dominatori
1865 1987 1920 2032 et
1942 1993 2097 2031 crea-

525 2074 626 2129 tori
649 2073 1020 2127 adorationem
1051 2080 1105 2126 et
1134 2071 1397 2126 culturam
1416 2068 1605 2124 oﬂ‘ero.
1632 2070 1753 2123 Non
1784 2069 1928 2123 enim
1946 2083 2099 2122 crea-

526 2172 646 2217 tura
686 2178 782 2232 per
808 2162 1042 2231 seipsam
1067 2161 1330 2216 factorem
1367 2160 1582 2225 adorat,
1605 2160 1701 2215 sed
1734 2174 1939 2230 per,me
1973 2158 2098 2214 cmli

524 2261 786 2309 enarraut
821 2253 1047 2324 gloriam
1076 2252 1196 2319 Dei,
1227 2263 1283 2306 et
1304 2267 1403 2321 per
1430 2266 1519 2305 me
1541 2249 1916 2305 adoratDeum
1946 2251 2094 2314 luna,

525 2352 581 2399 et
616 2359 712 2413 per
733 2358 820 2397 me
845 2341 1148 2414 glorificant
1175 2341 1346 2396 Deum
1369 2339 1561 2405 stellae,
1599 2349 1654 2393 et
1672 2354 1771 2408 per
1798 2355 1885 2393 me
1919 2356 2096 2410 aquae,

527 2434 753 2500 imbres,
787 2448 961 2498 rores,
998 2441 1058 2488 et
1084 2434 1266 2488 omnis
1289 2443 1538 2488 creatura
1582 2445 1678 2501 per
1709 2446 1793 2485 me
1818 2431 2010 2487 adorat
2044 2439 2101 2486 et

526 2523 792 2595 gloriﬁcat
819 2522 989 2577 Deum
1019 2522 1061 2581 '.

602 2801 669 2857 Et
700 2802 1161 2873 quemadmodum
1190 2801 1331 2871 regis
1360 2801 1643 2872 cujusdam
1697 2799 1920 2871 benigni
1948 2840 1963 2863 ,
2008 2799 2102 2869 qui

529 2909 787 2949 coronam
823 2894 1027 2948 variam
1080 2902 1137 2948 et
1182 2894 1475 2963 pretiosam
1527 2892 1633 2947 sibi
1686 2892 1904 2962 propria
1936 2906 2105 2945 manu

531 2986 743 3057 paravit
773 3027 788 3051 ,
818 3001 1012 3040 omnes
1066 2985 1160 3055 qui
1197 3000 1455 3057 germane
1492 2983 1775 3040 adhaerent
1813 2983 1960 3055 regi,
2010 2998 2105 3037 sa-

533 3077 711 3132 lutant
749 3089 1006 3130 coronam
1038 3081 1093 3129 et
1122 3075 1430 3129 honorant:
1478 3088 1592 3127 non
1626 3088 1819 3129 aurum
1849 3081 1906 3127 et
1954 3087 2105 3127 mar-

532 3166 762 3235 garitam
806 3166 1143 3221 honorantes
1168 3207 1186 3232 ,
1215 3164 1313 3219 sed
1344 3165 1605 3219 verticem
1642 3164 1786 3235 regis
1825 3162 2103 3218 honoran-
2131 3187 2177 3248 ρ

537 3267 620 3311 tes
656 3264 712 3309 et
734 3255 1175 3325 'sapientissimas
1208 3269 1406 3309 manus
1468 3253 1588 3323 ejus
1617 3296 1633 3321 ,
1665 3269 1788 3324 qua:
1845 3268 2104 3309 coronam

2194 1966 2468 2036 ἀγγέλων,
2530 1964 2624 2018 καὶ
2667 1960 2969 2033 ἀνθρώπων
2996 2002 3010 2026 ,
3041 1959 3135 2013 καὶ
3189 1958 3279 2013 διὰ
3320 1959 3498 2029 πᾶσης
3540 1962 3733 2022 κτίσεως

2195 2060 2400 2131 ὁρατῆς
2426 2074 2487 2111 τε
2521 2058 2615 2111 καὶ
2654 2054 2910 2125 ἀοράτου,
2944 2051 3024 2121 τῷ
3054 2052 3275 2104 πάντων
3310 2050 3626 2122 Δημιουργῷ
3661 2054 3734 2105 καὶ

2196 2150 2448 2223 Δεσπότῃ
2486 2148 2582 2202 καὶ
2631 2147 2835 2216 Ποιητῇ
2870 2144 3017 2215 μόνῳ
3045 2143 3145 2213 τὴν
3181 2141 3551 2214 προσκύνησιν
3588 2144 3735 2214 nisi

2202 2239 2366 2305 σέϐας
2394 2239 2677 2311 προσάγω.
2709 2237 2782 2290 Οὐ
2814 2235 2922 2306 γὰρ
2953 2234 3021 2287 δι’
3054 2234 3256 2303 ἑαυτῆς
3291 2233 3512 2303 ἀμέσως
3537 2234 3568 2304 ἡ
3593 2233 3734 2297 κτίσις

2199 2331 2277 2402 τῷ
2310 2332 2516 2402 Ποιητῇ
2554 2330 2875 2400 προσκυνεῖ,
2903 2325 3041 2379 ἀλλὰ
3080 2325 3148 2378 δι’
3181 2325 3318 2396 ἐμοῦ
3342 2325 3393 2377 οἱ
3426 2324 3630 2397 οὐρανοὶ
3671 2325 3734 2378 δι-

2200 2423 2455 2495 ηγοῦνται
2480 2422 2637 2485 δόξαν
2657 2420 2817 2485 Θεοῦ,
2842 2419 2907 2472 δι’
2931 2418 3066 2489 ἐμοῦ
3091 2419 3396 2490 προσκυνεῖ
3422 2417 3547 2470 Θεὸν
3567 2414 3738 2487 {139.11-

2201 2534 2291 2587 νη.
2332 2516 2398 2570 δι’
2429 2515 2563 2586 ἐμοῦ
2589 2512 2803 2580 δοξάζει
2829 2509 2961 2564 Θεδν
2992 2510 3057 2563 τὰ
3097 2510 3297 2580 ἄστρα,
3323 2509 3392 2563 δι’
3422 2509 3547 2578 ὲμσῦ
3580 2507 3735 2572 ὕδατα,

2202 2608 2421 2679 ὄμϐροι,
2450 2607 2656 2679 δρόσοι,
2687 2604 2783 2657 καὶ
2807 2604 2959 2657 πᾶσα
2983 2601 3184 2666 κτίσις,
3208 2600 3278 2653 δι’
3312 2598 3449 2671 ἐμοῦ
3486 2600 3738 2665 προσκυνεῖ

2203 2700 2297 2753 καὶ
2328 2698 2541 2763 δοξάζει
2576 2697 2742 2751 Θεόν.

2273 2791 2382 2843 Καὶ
2412 2788 2604 2860 ῶσπερ
2646 2786 2911 2859 βασιλέως
2937 2783 3084 2848 τινὸς
3125 2780 3337 2852 ἀγαθοῦ
3377 2780 3622 2851 στέφανον
3647 2796 3739 2833 ποι·

2205 2883 2353 2937 χίλον
2375 2880 2471 2935 καὶ
2493 2881 2792 2951 πολύτιμον
2812 2875 2989 2947 ἑαυτῷ
3017 2876 3323 2946 ίδιοχείρως
3346 2874 3741 2929 κατασκευάσαν-

2205 2991 2317 3040 τος,
2343 2973 2542 3035 πάντες
2587 2971 2638 3025 οἱ
2696 2969 2936 3041 γνησίως
2995 2967 3392 3038 προσκείμενοι
3444 2964 3518 3034 τῷ
3554 2964 3741 3036 βασιλεῖ,

2207 3065 2544 3130 ἀσπάζονται
2572 3062 2669 3115 καὶ
2692 3060 2892 3132 τιμῶσι
2926 3060 3017 3113 τὸν
3051 3058 3321 3127 στέφανον
3340 3073 3354 3089 ·
3378 3058 3443 3112 οὐ
3472 3057 3559 3111 τὸν
3582 3055 3743 3127 χρυσῦν

2209 3159 2356 3229 ῆτδν
2384 3155 2730 3229 μαργαρίτην
2778 3153 3067 3222 τιμῶντες,
3110 3150 3246 3205 ἀλλὰ
3291 3149 3400 3222 τὴν
3428 3149 3649 3219 κορνφὴν
3669 3145 3741 3199 τοῦ

2212 3248 2475 3319 βασιλέως
2505 3245 2715 3299 ἐκείνου
2745 3244 3036 3313 τιμῶντες,
3073 3242 3166 3295 καὶ
3194 3241 3296 3305 τὰς
3334 3241 3626 3309 πανσόφους
3669 3238 3743 3291 αὖ·

2208 3342 2302 3395 τοῦ
2320 3343 2506 3412 χεῖρας
2523 3338 2620 3401 τὰς
2640 3338 2731 3391 τὸν
2751 3335 3014 3404 στέφανον
3036 3333 3527 3395 κατασκευασάσας
3548 3345 3562 3361 ⁸
3585 3330 3741 3393 οὕτως,

2209 3428 2255 3488 ὧ
2309 3431 2584 3502 ἄνθρωπε,
2636 3431 2686 3483 οἱ
2717 3425 3065 3499 Χριστιανῶν
3106 3424 3224 3478 λαοὶ
3256 3425 3422 3488 ὅσους
3453 3424 3542 3477 ἐὰν
3580 3423 3742 3485 τύπους

2213 3522 2443 3594 σταυροῦ
2466 3524 2560 3576 καὶ
2589 3521 2812 3574 εἰκόνων
2834 3518 3189 3583 ἀσπάζονται,
3210 3515 3314 3570 οὐκ
3336 3517 3516 3579 αὐτοῖς
3532 3517 3588 3568 τὸ
3614 3517 3741 3577 σέϐας

2211 3617 2324 3678 τοῖς
2354 3613 2531 3679 ξύλοις
2562 3611 2596 3681 ἦ
2624 3614 2735 3674 τοῖς
2759 3610 2931 3674 λίθοις
2960 3611 3357 3679 προσᾶγουσιν,
3402 3609 3435 3680 ἦ
3474 3615 3549 3679 τῷ
3572 3605 3741 3678 χρυσῷ,

2213 3704 2247 3775 ἦ
2281 3706 2346 3773 τῇ
2376 3703 2586 3771 φθαρτῇ
2616 3699 2867 3770 εἱκόνι,ῆ
2899 3701 2965 3769 τῇ
2998 3699 3253 3770 λάρνακι,
3284 3700 3321 3771 ἧ
3354 3702 3467 3764 τοῖς
3494 3699 3741 3767 λειψάνοις,

2212 3794 2349 3850 ἀλλὰ
2377 3795 2444 3847 δι’
2475 3791 2657 3846 αὐτῶν
2693 3790 2772 3861 τῷ
2799 3789 2919 3860 Θεῷ
2958 3789 3036 3859 τῷ
3090 3789 3187 3844 καὶ
3216 3789 3401 3844 αὐτῶν
3432 3792 3519 3843 καὶ
3568 3789 3743 3842 πάντων

2214 3890 2410 3957 ποιητῇ
2459 3885 2560 3955 τὴν
2610 3884 2767 3947 δόξαν
2819 3887 2915 3937 καὶ
2961 3887 3054 3935 τὸν
3102 3882 3397 3953 ἀσπασμὸν
3429 3884 3521 3936 καὶ
3545 3883 3597 3935 τὺ
3617 3880 3743 3942 σέϐας

2213 3976 2635 4048 προσφέρουσιν.
2676 3973 2740 4026 Ἦ
2786 3974 2893 4043 γὰρ
2929 3973 3009 4036 είς
3047 3973 3173 4037 τοὺς
3213 3973 3409 4041 ἁγίους
3442 3974 3595 4027 αὑτοῦ
3620 3971 3742 4039 τιμὴ.

2212 4070 2291 4130 εἰς
2318 4068 2480 4121 αὐτὸν
2510 4065 2817 4136 ἀνατρέχει.
2871 4065 3108 4128 Ποσάκις
3153 4067 3299 4129 τινὲς
3328 4067 3544 4129 εἰκόνας
3577 4064 3745 4135 βασιλι-

2213 4159 2315 4221 κὰς
2343 4157 2705 4226 ἀφανίσαντες
2740 4154 2833 4208 καὶ
2860 4154 3242 4224 ἐνυϐρίσαντες
3267 4198 3281 4221 ,
3315 4158 3524 4231 ἐσχάτῃ
3550 4155 3747 4226 τιμωρίᾳ

535 3355 891 3411 struxerunt,
931 3349 1048 3412 sic,
1101 3363 1135 3403 ο
1172 3348 1339 3402 homo
1368 3387 1383 3412 ,
1423 3347 1861 3404 Christianorum
1921 3346 2110 3417 populi

533 3442 799 3505 quotquot
859 3433 1059 3505 ﬁguras
1103 3432 1286 3489 crucis
1338 3441 1394 3488 et
1468 3434 1753 3488 iconarum
1825 3432 2110 3496 salutant,

533 3542 647 3582 non
697 3524 832 3596 ipsis
861 3527 1131 3582 culturam
1184 3525 1343 3595 lignis
1368 3566 1382 3587 ,
1417 3525 1505 3580 vel
1551 3524 1826 3595 lapidibus
1868 3523 2113 3578 on‘erunt

533 3619 620 3675 vel
650 3632 785 3673 auro
809 3659 825 3685 ,
874 3617 961 3672 vel
986 3617 1327 3687 corruptibili
1379 3614 1648 3687 imagini,
1689 3615 1774 3670 vel
1798 3630 1970 3679 arcae,
2026 3614 2111 3668 vel

536 3709 826 3780 reliquiis,
884 3708 980 3765 sed
1029 3708 1399 3779 perea‘Deo
1459 3715 1516 3763 et
1568 3708 1813 3778 ipsorum
1878 3720 1934 3763 et
1975 3722 2111 3761 cun-

464 3836 479 3851 .
535 3806 750 3853 ctorum
794 3796 1026 3855 creatori
1054 3795 1281 3866 gloriam
1327 3803 1380 3849 et
1405 3795 1787 3849 salutationem
1819 3802 1873 3849 et
1901 3794 2111 3859 cultum

536 3887 880 3957 impendunt.
937 3884 1118 3940 Honor
1148 3884 1297 3939 enim
1328 3884 1421 3955 qui
1464 3886 1670 3939 sanctis
1723 3884 1843 3954 ejus
1899 3886 2113 3955 impen-

536 3976 723 4040 ditur,
781 3976 850 4030 ad
892 3989 1018 4031 eum
1068 3976 1338 4030 recurrit:
1390 3975 1534 4029 sicut
1596 3989 1627 4029 e
1659 3983 1848 4029 contra
1891 3974 2111 4044 quidem

537 4067 801 4137 imagines
829 4066 1139 4137 imperiales
1180 4064 1566 4131 demolientes,
1603 4065 1905 4135 principem
1936 4065 2113 4119 oﬂen-

536 4158 772 4224 derunt,
809 4166 1005 4212 etnon
1045 4158 1218 4226 ipsam
1252 4156 1539 4243 tabulam;
1565 4155 1747 4227 Imago
1796 4156 1960 4226 igitur
2018 4154 2111 4210 Dei

536 4258 617 4302 est
647 4291 662 4313 ,
693 4248 785 4317 qui
821 4249 889 4303 ad
920 4248 1210 4315 imaginem
1236 4243 1341 4302 'Dei
1388 4248 1562 4303 factus
1606 4256 1692 4301 est
1743 4248 1906 4302 homo
1935 4289 1949 4313 ,
1992 4261 2105 4301 ma-

2213 4248 2704 4317 κατεδικάσθησαν,
2724 4244 2797 4307 ὡς
2821 4246 2983 4298 αὐτὸν
3004 4246 3096 4298 τδν
3128 4246 3360 4316 βασιλέα
3390 4248 3745 4317 ἐνυϐρίσαντες,

538 4338 790 4404 ximeque
846 4335 974 4418 quia
998 4349 1124 4388 eum
1148 4335 1387 4405 Spiritus
1440 4344 1661 4389 sanctus
1719 4336 2105 4390 habitationem

2213 4338 2311 4391 καὶ
2336 4337 2398 4390 οὺ
2435 4336 2533 4407 τὴν
2569 4320 2999 4408 σανίδαίΙΕίκὼν
3022 4335 3114 4389 τοῦ
3147 4334 3283 4387 Θεοῦ
3317 4336 3470 4388 ἐστιν
3504 4334 3531 4387 ὁ
3557 4335 3662 4388 κατ’
3686 4334 3746 4386 εί-

538 4426 771 4496 accepit.
821 4425 965 4496 Ergo
1007 4425 1153 4494 justo
1207 4425 1299 4493 qui
1350 4425 1642 4495 imaginem
1688 4423 1783 4481 Dei
1828 4441 2105 4481 servorum

2214 4428 2348 4481 κύνα
2372 4427 2487 4481 ,τοῦ
2538 4425 2675 4479 Θεοῦ
2723 4426 2961 4494 γεγονὼς
2990 4424 3302 4496 ἄνθρωπος,
3338 4426 3438 4479 καὶ
3467 4424 3678 4495 μάλιστα
3699 4425 3746 4475 ἐγ

541 4519 774 4573 honorat
800 4525 856 4572 et
899 4516 1128 4579 adorat,
1177 4517 1343 4571 etiam
1394 4517 1614 4571 domum
1654 4516 1890 4587 Spiritus
1934 4518 2105 4571 sancti

2212 4516 2532 4585 Πνεῦματος
2568 4516 2726 4584 ἁγίου
2759 4518 3036 4584 ἐνοίκησιν
3074 4516 3390 4587 δεξάμενος.
3439 4515 3658 4576 Δικαίως
3678 4509 3750 4567 οὖν

538 4607 827 4680 gloriﬁcat.
896 4606 1206 4663 Inhabr'labo
1242 4609 1382 4662 enim
1449 4609 1506 4661 in
1548 4609 1713 4679 ipsis,
1765 4608 1985 4678 inquit,
2054 4617 2110 4664 et

539 4699 875 4754 inambulabo
926 4700 971 4754 ⁸.
1028 4699 1449 4755 Confundantur
1501 4699 1710 4766 Judaei,
1790 4700 1883 4769 qui
1954 4716 2110 4770 reges

542 4791 791 4862 proprios
842 4798 899 4846 et
956 4790 1163 4846 alienos
1232 4791 1641 4855 adoraverunt,
1703 4790 1886 4860 potius
1944 4805 2107 4858 quam

540 4882 879 4938 Christianos
896 4882 1249 4953 pronuntient
1270 4882 1609 4936 idololatras.‘
1630 4881 1737 4935 Nos
1759 4889 1938 4935 autem
1957 4878 2111 4934 Clirio

540 4971 701 5026 stiani
745 4986 843 5041 per
887 4985 1105 5025 omnem
1135 4970 1410 5026 civitatem
1459 4978 1514 5024 et
1548 4971 1868 5041 regionem,
1904 4978 1961 5025 et
2009 4984 2110 5039 pcr

538 5078 754 5120 omnem
780 5062 919 5118 diem
954 5071 1011 5118 et
1039 5062 1225 5117 horam
1245 5071 1432 5117 contra
1460 5063 1601 5117 idola
1640 5077 1940 5125 armamur,
1963 5077 2100 5117 con—

542 5165 619 5210 tra
651 5155 793 5210 idola
825 5154 1124 5224 psallimus,
1168 5161 1357 5208 contra
1404 5154 1547 5209 idola
1575 5154 1887 5216 scribimus,
1914 5159 2103 5207 contra

542 5246 682 5301 idola
724 5259 788 5299 ac
830 5245 1106 5299 daemones
1141 5258 1382 5298 oramus.
1408 5242 1476 5298 Et
1491 5245 1765 5313 quomodo
1791 5245 2106 5299 idololatras

542 5352 643 5391 nos
668 5335 939 5406 appellant
967 5334 1174 5389 Iudici?
1206 5334 1308 5391 Ubi
1335 5334 1482 5389 enim
1522 5350 1672 5389 nunc
1703 5345 1834 5389 sunt
1859 5333 2105 5387 exhibita

496 5454 501 5459 ·
543 5426 701 5481 idolis
726 5425 794 5480 ab
821 5426 901 5481 eis
943 5424 1207 5480 sacriﬁcia
1236 5425 1420 5479 ovium
1450 5433 1507 5479 et
1530 5425 1693 5479 boum
1734 5433 1790 5479 et
1824 5422 2106 5477 ﬁliorum?

543 5516 645 5574 Ubi
700 5517 945 5580 uideres,
996 5514 1089 5571 ubi
1119 5531 1228 5570 ara:
1257 5524 1314 5571 et
1347 5514 1692 5585 perfusiones
1736 5512 2107 5583 sanguinum?

544 5602 712 5663 Porro
765 5623 865 5663 nos
900 5607 1197 5664 Christiani
1237 5622 1418 5677 neque
1475 5621 1648 5670 aram,
1695 5621 1875 5675 neque
1926 5604 2105 5659 sacri-

615 5780 638 5815 ⁸
664 5779 1069 5847 Psal.xcv1u,5.
1145 5783 1448 5839 'lsanmn.
1478 5783 1522 5835 l.
1605 5780 1625 5809 ⁷
1654 5778 1798 5833 Psil.
1835 5794 1935 5843 xii,
1964 5778 1996 5832 8
2033 5795 2163 5847 sc.“

2217 4608 2317 4678 τὴν
2338 4608 2520 4660 είκόνα
2540 4606 2647 4659 τῶν
2674 4605 2769 4660 τοῦ
2791 4607 2925 4660 Θεοῦ
2955 4606 3157 4660 δούλων
3186 4606 3330 4676 τιμῶ
3354 4607 3452 4660 καὶ
3483 4603 3771 4678 προσκυνῶμ

2219 4699 2313 4752 καὶ
2348 4698 2439 4750 τὸν
2462 4693 2608 4750 οἷκον
2632 4696 2725 4750 τοῦ
2763 4698 2921 4766 ἁγίου
2974 4697 3293 4768 Πνεῦματος
3340 4697 3568 4763 δοξάζω.
3608 4682 3773 4748 Ἐνσι-’

2220 4789 2393 4856 animo
2422 4789 2530 4857 γὰρ
2573 4788 2643 4841 ἐν
2689 4789 2914 4855 αὐτοῖς,
2951 4791 3109 4858 φησὶ,
3150 4790 3250 4843 καὶ
3295 4785 3748 4860 ἐμπεριπατήσω·

2170 4904 2177 4931 ,ι
2220 4880 2662 4950 αίσχυνέσθωσαν
2712 4882 2761 4933 oi
2802 4880 3066 4945 Ἰουδαῖοι,
3098 4882 3148 4934 oi
3190 4881 3507 4952 βασιλεῦσιν
3557 4880 3749 4940 ίδίοιςτε

2220 4971 2314 5025 καὶ
2340 4969 2641 5040 ἀλλοτρίοις
2673 4974 3187 5041 προσκυνήσαντες,
3228 4972 3393 5043 εἴπερ
3431 4970 3750 5044 Χριστιανοὺς

2220 5060 2678 5130 καταγγέλλουσιν
2705 5057 3140 5137 είδωλολὰτρας.ξ
3157 5062 3348 5133 Ἡμεῖς
3373 5062 3432 5117 δὲ
3460 5063 3509 5116 οἱ
3535 5062 3750 5133 Χριστια-

2219 5154 2302 5208 νοὶ
2334 5153 2478 5207 κατὰ
2511 5154 2693 5207 πᾶσαν
2727 5152 2881 5206 πόλιν
2929 5154 3025 5206 καὶ
3062 5142 3269 5223 χώραν.
3304 5155 3402 5208 καὶ
3448 5153 3587 5209 κατὰ
3608 5153 3749 5211 πάσας

2220 5244 2430 5316 ἡμέρας
2479 5245 2572 5297 καὶ
2621 5243 2791 5315 ὥρας,
2845 5243 2988 5298 κατὰ
3021 5244 3129 5297 τῶν
3167 5243 3406 5299 εἰδώλων
3440 5241 3749 5312 ὁπλιζόμεθα,

2215 5335 2358 5390 κατὰ
2377 5334 2609 5388 εἰδώλων
2636 5334 2932 5404 ψάλλομεν,
2959 5335 3102 5389 κατὰ
3122 5335 3356 5389 εἰδώλων
3381 5335 3750 5405 συγγράςομενι

2216 5427 2357 5479 κατὰ
2390 5424 2625 5480 εἰδώλων
2663 5425 2759 5480 καὶ
2787 5425 3057 5496 δαιμόνων
3089 5426 3381 5497 εὐχόμεθα.
3415 5427 3524 5480 Kal.
3568 5422 3670 5486 πῶς
3691 5420 3749 5473 εἰ·

2214 5513 2556 5585 δωλοὶάτρας
2606 5516 2753 5585 ἡμᾶς
2802 5514 3061 5568 καλοῦσιν
3121 5515 3170 5568 oi
3218 5515 3503 5581 Ἰουδαῖοις
3538 5513 3641 5567 Ποῦ
3679 5507 3749 5563 νῦν

2215 5609 2353 5661 εἰσιν
2375 5610 2428 5687 αἱ
2452 5607 2862 5678 προσαγόμεναι
2887 5609 3001 5669 τοῖς
3024 5605 3262 5670 εἰδώλοις
3286 5607 3379 5659 ὑπ’
3403 5605 3580 5662 αὐτῶν
3600 5599 3751 5656 ουσιαι

2278 5782 2299 5812 ⁸
2328 5781 2501 5835 πλη-ξι.
2539 5784 2774 5844 nm,”
2808 5802 2821 5846 ;
2864 5782 2903 5837 ll
2937 5784 3063 5839 Cor.
3090 5800 3130 5850 ι,
3175 5782 3259 5838 16.
