  <div class='ocr_page' id='page_1' title='image "/cluster/home/n/w/nwhite01/storage/ocr_20150623/93/coo.31924054869973/814.png"; bbox 0 0 3976 6428; ppageno 0'>
   <div class='ocr_carea' id='block_1_1' title="bbox 278 410 407 477">
    <p class='ocr_par' dir='ltr' id='par_1_1' title="bbox 278 410 407 477">
     <span class='ocr_line' id='line_1_1' title="bbox 278 410 407 477; baseline -0.031 0"><span class='ocrx_word' id='word_1_1' title='bbox 278 410 407 477; x_wconf 78' lang='grc'><strong>1605</strong></span> 
     </span>
    </p>
   </div>
   <div class='ocr_carea' id='block_1_2' title="bbox 1410 417 2388 481">
    <p class='ocr_par' dir='ltr' id='par_1_2' title="bbox 1410 417 2388 481">
     <span class='ocr_line' id='line_1_2' title="bbox 1410 417 2388 481; baseline 0.002 -4"><span class='ocrx_word' id='word_1_2' title='bbox 1410 417 1665 478; x_wconf 83' lang='lat' dir='ltr'><strong>SERMO</strong></span> <span class='ocrx_word' id='word_1_3' title='bbox 1716 417 2014 478; x_wconf 82' lang='lat' dir='ltr'><strong>CONTRA</strong></span> <span class='ocrx_word' id='word_1_4' title='bbox 2065 420 2388 481; x_wconf 61' lang='lat' dir='ltr'><strong>JUDxEOS.</strong></span> 
     </span>
    </p>
   </div>
   <div class='ocr_carea' id='block_1_3' title="bbox 3375 415 3513 481">
    <p class='ocr_par' dir='ltr' id='par_1_3' title="bbox 3375 415 3513 481">
     <span class='ocr_line' id='line_1_3' title="bbox 3375 415 3513 481; baseline 0.014 -2"><span class='ocrx_word' id='word_1_5' title='bbox 3375 415 3513 481; x_wconf 78' lang='lat'><strong>1606</strong></span> 
     </span>
    </p>
   </div>
   <div class='ocr_carea' id='block_1_4' title="bbox 275 513 1847 599">
    <p class='ocr_par' dir='ltr' id='par_1_4' title="bbox 275 513 1839 589">
     <span class='ocr_line' id='line_1_4' title="bbox 275 513 1839 589; baseline 0.007 -22"><span class='ocrx_word' id='word_1_6' title='bbox 275 519 370 574; x_wconf 73' lang='grc' dir='ltr'><strong>τῶν</strong></span> <span class='ocrx_word' id='word_1_7' title='bbox 404 513 712 587; x_wconf 73' lang='grc' dir='ltr'>προϐάτων,</span> <span class='ocrx_word' id='word_1_8' title='bbox 746 516 842 571; x_wconf 77' lang='grc' dir='ltr'>καὶ</span> <span class='ocrx_word' id='word_1_9' title='bbox 870 517 1028 587; x_wconf 84' lang='grc' dir='ltr'>βοῶν,</span> <span class='ocrx_word' id='word_1_10' title='bbox 1065 521 1160 573; x_wconf 70' lang='grc' dir='ltr'><strong>κτιιί¹</strong></span> <span class='ocrx_word' id='word_1_11' title='bbox 1188 522 1424 589; x_wconf 81' lang='grc' dir='ltr'>τέκνων;</span> <span class='ocrx_word' id='word_1_12' title='bbox 1463 525 1574 578; x_wconf 96' lang='grc' dir='ltr'><strong>Ποῦ</strong></span> <span class='ocrx_word' id='word_1_13' title='bbox 1610 528 1663 578; x_wconf 83' lang='grc' dir='ltr'><strong>αἱ</strong></span> <span class='ocrx_word' id='word_1_14' title='bbox 1691 527 1839 579; x_wconf 86' lang='grc' dir='ltr'>κνίσ-</span> 
     </span>
    </p>
   </div>
   <div class='ocr_carea' id='block_1_5' title="bbox 1949 513 3512 599">
    <p class='ocr_par' dir='ltr' id='par_1_5' title="bbox 1949 524 3512 599">
     <span class='ocr_line' id='line_1_5' title="bbox 1949 524 3512 599; baseline 0.001 -22"><span class='ocrx_word' id='word_1_15' title='bbox 1949 524 2124 579; x_wconf 84' lang='lat' dir='ltr'><strong>[icium</strong></span> <span class='ocrx_word' id='word_1_16' title='bbox 2158 528 2393 596; x_wconf 87' lang='lat' dir='ltr'><strong>qualiter</strong></span> <span class='ocrx_word' id='word_1_17' title='bbox 2422 529 2506 584; x_wconf 91' lang='lat' dir='ltr'><strong>vel</strong></span> <span class='ocrx_word' id='word_1_18' title='bbox 2528 528 2660 599; x_wconf 90' lang='lat' dir='ltr'><strong>quid</strong></span> <span class='ocrx_word' id='word_1_19' title='bbox 2689 531 2801 585; x_wconf 85' lang='lat' dir='ltr'><strong>sint</strong></span> <span class='ocrx_word' id='word_1_20' title='bbox 2861 529 3114 585; x_wconf 80' lang='lat' dir='ltr'><strong>novimus</strong></span> <span class='ocrx_word' id='word_1_21' title='bbox 3139 567 3152 580; x_wconf 93' lang='lat'><strong>.</strong></span> <span class='ocrx_word' id='word_1_22' title='bbox 3188 528 3256 582; x_wconf 87' lang='lat' dir='ltr'><strong>Et</strong></span> <span class='ocrx_word' id='word_1_23' title='bbox 3293 528 3512 596; x_wconf 84' lang='lat' dir='ltr'><strong>quidem</strong></span> 
     </span>
    </p>
   </div>
   <div class='ocr_carea' id='block_1_6' title="bbox 272 604 1832 685">
    <p class='ocr_par' dir='ltr' id='par_1_6' title="bbox 272 604 1832 685">
     <span class='ocr_line' id='line_1_6' title="bbox 272 604 1832 685; baseline 0.003 -23"><span class='ocrx_word' id='word_1_24' title='bbox 272 627 377 673; x_wconf 82' lang='grc' dir='ltr'>σαι,</span> <span class='ocrx_word' id='word_1_25' title='bbox 412 604 517 659; x_wconf 80' lang='grc' dir='ltr'><strong>ποῦ</strong></span> <span class='ocrx_word' id='word_1_26' title='bbox 574 606 842 676; x_wconf 66' lang='grc' dir='ltr'>οί.βωμοὶ</span> <span class='ocrx_word' id='word_1_27' title='bbox 893 610 992 663; x_wconf 75' lang='grc' dir='ltr'>καὶ</span> <span class='ocrx_word' id='word_1_28' title='bbox 1043 614 1373 683; x_wconf 85' lang='grc' dir='ltr'>προσχύσεις</span> <span class='ocrx_word' id='word_1_29' title='bbox 1398 614 1510 668; x_wconf 84' lang='grc' dir='ltr'><strong>τῶν</strong></span> <span class='ocrx_word' id='word_1_30' title='bbox 1551 616 1832 685; x_wconf 84' lang='grc' dir='ltr'>αἱμάτων;</span> 
     </span>
    </p>
   </div>
   <div class='ocr_carea' id='block_1_7' title="bbox 279 695 1837 776">
    <p class='ocr_par' dir='ltr' id='par_1_7' title="bbox 279 695 1837 776">
     <span class='ocr_line' id='line_1_7' title="bbox 279 695 1837 776; baseline 0.006 -26"><span class='ocrx_word' id='word_1_31' title='bbox 279 697 465 767; x_wconf 84' lang='grc' dir='ltr'>Ἡμεῖς</span> <span class='ocrx_word' id='word_1_32' title='bbox 504 695 560 748; x_wconf 79' lang='grc' dir='ltr'>δὲ</span> <span class='ocrx_word' id='word_1_33' title='bbox 588 698 636 750; x_wconf 90' lang='grc' dir='ltr'><strong>οί</strong></span> <span class='ocrx_word' id='word_1_34' title='bbox 666 697 1007 767; x_wconf 72' lang='grc' dir='ltr'><strong>Χριστιανοὶ,</strong></span> <span class='ocrx_word' id='word_1_35' title='bbox 1062 700 1185 755; x_wconf 68' lang='grc' dir='ltr'>οὔτε</span> <span class='ocrx_word' id='word_1_36' title='bbox 1238 704 1443 776; x_wconf 88' lang='grc' dir='ltr'>βωμὸν,</span> <span class='ocrx_word' id='word_1_37' title='bbox 1484 704 1612 760; x_wconf 75' lang='grc' dir='ltr'>οὗτε</span> <span class='ocrx_word' id='word_1_38' title='bbox 1646 707 1837 761; x_wconf 81' lang='grc' dir='ltr'>θυσίαν</span> 
     </span>
    </p>
   </div>
   <div class='ocr_carea' id='block_1_8' title="bbox 272 783 1837 867">
    <p class='ocr_par' dir='ltr' id='par_1_8' title="bbox 272 783 1837 867">
     <span class='ocr_line' id='line_1_8' title="bbox 272 783 1837 867; baseline 0.008 -29"><span class='ocrx_word' id='word_1_39' title='bbox 272 784 438 855; x_wconf 82' lang='grc' dir='ltr'><strong>πῶςῆ</strong></span> <span class='ocrx_word' id='word_1_40' title='bbox 469 783 522 837; x_wconf 90' lang='grc' dir='ltr'><strong>τί</strong></span> <span class='ocrx_word' id='word_1_41' title='bbox 568 787 736 849; x_wconf 74' lang='grc' dir='ltr'>ἐστιν,</span> <span class='ocrx_word' id='word_1_42' title='bbox 787 790 1150 859; x_wconf 75' lang='grc' dir='ltr'>ἐπιστάμεθα.</span> <span class='ocrx_word' id='word_1_43' title='bbox 1202 793 1265 846; x_wconf 75' lang='lat' dir='ltr'><strong>Oi</strong></span> <span class='ocrx_word' id='word_1_44' title='bbox 1296 795 1394 864; x_wconf 79' lang='grc' dir='ltr'>μὲν</span> <span class='ocrx_word' id='word_1_45' title='bbox 1440 795 1550 866; x_wconf 83' lang='grc' dir='ltr'><strong>γάρ</strong></span> <span class='ocrx_word' id='word_1_46' title='bbox 1578 796 1837 867; x_wconf 83' lang='grc' dir='ltr'>Ἕλληνες</span> 
     </span>
    </p>
   </div>
   <div class='ocr_carea' id='block_1_9' title="bbox 273 877 1838 960">
    <p class='ocr_par' dir='ltr' id='par_1_9' title="bbox 273 877 1838 960">
     <span class='ocr_line' id='line_1_9' title="bbox 273 877 1838 960; baseline 0.009 -30"><span class='ocrx_word' id='word_1_47' title='bbox 273 879 474 947; x_wconf 79' lang='grc' dir='ltr'><strong>μοιχοῖς</strong></span> <span class='ocrx_word' id='word_1_48' title='bbox 504 877 813 949; x_wconf 80' lang='grc' dir='ltr'>ἀνθρώποις</span> <span class='ocrx_word' id='word_1_49' title='bbox 837 882 930 933; x_wconf 74' lang='grc' dir='ltr'>καὶ</span> <span class='ocrx_word' id='word_1_50' title='bbox 963 887 1247 952; x_wconf 82' lang='grc' dir='ltr'>φονευταῖς</span> <span class='ocrx_word' id='word_1_51' title='bbox 1274 888 1361 940; x_wconf 67' lang='grc' dir='ltr'>καὶ</span> <span class='ocrx_word' id='word_1_52' title='bbox 1398 889 1726 960; x_wconf 76' lang='grc' dir='ltr'><strong>ἀκαθάρτοις</strong></span> <span class='ocrx_word' id='word_1_53' title='bbox 1746 891 1838 944; x_wconf 78' lang='grc' dir='ltr'>καὶ</span> 
     </span>
    </p>
   </div>
   <div class='ocr_carea' id='block_1_10' title="bbox 273 971 1841 1049">
    <p class='ocr_par' dir='ltr' id='par_1_10' title="bbox 273 971 1841 1049">
     <span class='ocr_line' id='line_1_10' title="bbox 273 971 1841 1049; baseline 0.01 -26"><span class='ocrx_word' id='word_1_54' title='bbox 273 973 483 1041; x_wconf 82' lang='grc' dir='ltr'>μιαροῖς</span> <span class='ocrx_word' id='word_1_55' title='bbox 506 971 631 1034; x_wconf 81' lang='grc' dir='ltr'>τοὺς</span> <span class='ocrx_word' id='word_1_56' title='bbox 661 973 825 1036; x_wconf 82' lang='grc' dir='ltr'>ναοὺς</span> <span class='ocrx_word' id='word_1_57' title='bbox 852 974 1135 1045; x_wconf 75' lang='grc' dir='ltr'><strong>ὠνόμαζον</strong></span> <span class='ocrx_word' id='word_1_58' title='bbox 1168 982 1262 1045; x_wconf 68' lang='grc' dir='ltr'>καὶ</span> <span class='ocrx_word' id='word_1_59' title='bbox 1300 981 1366 1034; x_wconf 86' lang='grc' dir='ltr'><strong>τά</strong></span> <span class='ocrx_word' id='word_1_60' title='bbox 1390 982 1604 1049; x_wconf 79' lang='grc' dir='ltr'>εἴδωλα,</span> <span class='ocrx_word' id='word_1_61' title='bbox 1627 985 1721 1036; x_wconf 72' lang='grc' dir='ltr'>καὶ</span> <span class='ocrx_word' id='word_1_62' title='bbox 1745 985 1841 1038; x_wconf 85' lang='grc' dir='ltr'>αύ-</span> 
     </span>
    </p>
   </div>
   <div class='ocr_carea' id='block_1_11' title="bbox 278 1060 1835 1144">
    <p class='ocr_par' dir='ltr' id='par_1_11' title="bbox 278 1060 1835 1144">
     <span class='ocr_line' id='line_1_11' title="bbox 278 1060 1835 1144; baseline 0.008 -30"><span class='ocrx_word' id='word_1_63' title='bbox 278 1062 391 1122; x_wconf 78' lang='grc' dir='ltr'>τοὺς</span> <span class='ocrx_word' id='word_1_64' title='bbox 435 1060 779 1127; x_wconf 82' lang='grc' dir='ltr'>ὲθεοποίουν,</span> <span class='ocrx_word' id='word_1_65' title='bbox 806 1064 867 1116; x_wconf 82' lang='grc' dir='ltr'><strong>ού</strong></span> <span class='ocrx_word' id='word_1_66' title='bbox 924 1066 1108 1134; x_wconf 84' lang='grc' dir='ltr'>μέντοι</span> <span class='ocrx_word' id='word_1_67' title='bbox 1147 1085 1210 1136; x_wconf 85' lang='grc' dir='ltr'><strong>γε</strong></span> <span class='ocrx_word' id='word_1_68' title='bbox 1264 1074 1561 1141; x_wconf 79' lang='grc' dir='ltr'>προφητῶν</span> <span class='ocrx_word' id='word_1_69' title='bbox 1607 1074 1835 1144; x_wconf 85' lang='grc' dir='ltr'>ἢάγίων</span> 
     </span>
    </p>
   </div>
   <div class='ocr_carea' id='block_1_12' title="bbox 273 1151 1840 1237">
    <p class='ocr_par' dir='ltr' id='par_1_12' title="bbox 273 1151 1840 1237">
     <span class='ocr_line' id='line_1_12' title="bbox 273 1151 1840 1237; baseline 0.01 -33"><span class='ocrx_word' id='word_1_70' title='bbox 273 1151 565 1224; x_wconf 86' lang='grc' dir='ltr'>μαρτύρων</span> <span class='ocrx_word' id='word_1_71' title='bbox 590 1153 717 1207; x_wconf 88' lang='grc' dir='ltr'>ναὸν</span> <span class='ocrx_word' id='word_1_72' title='bbox 745 1154 778 1223; x_wconf 81' lang='grc' dir='ltr'>ἢ</span> <span class='ocrx_word' id='word_1_73' title='bbox 820 1153 1002 1226; x_wconf 88' lang='grc' dir='ltr'>βωμὸν</span> <span class='ocrx_word' id='word_1_74' title='bbox 1052 1157 1365 1228; x_wconf 86' lang='grc' dir='ltr'>ὠνόμασαν.</span> <span class='ocrx_word' id='word_1_75' title='bbox 1416 1164 1627 1235; x_wconf 83' lang='grc' dir='ltr'>Ὥσπερ</span> <span class='ocrx_word' id='word_1_76' title='bbox 1655 1166 1762 1237; x_wconf 83' lang='grc' dir='ltr'>γὰρ</span> <span class='ocrx_word' id='word_1_77' title='bbox 1792 1168 1840 1220; x_wconf 81' lang='grc' dir='ltr'>οἱ</span> 
     </span>
    </p>
   </div>
   <div class='ocr_carea' id='block_1_13' title="bbox 270 1242 1843 1328">
    <p class='ocr_par' dir='ltr' id='par_1_13' title="bbox 270 1242 1843 1328">
     <span class='ocr_line' id='line_1_13' title="bbox 270 1242 1843 1328; baseline 0.01 -33"><span class='ocrx_word' id='word_1_78' title='bbox 270 1246 323 1296; x_wconf 77' lang='grc' dir='ltr'>ἐν</span> <span class='ocrx_word' id='word_1_79' title='bbox 350 1242 628 1297; x_wconf 79' lang='grc' dir='ltr'>Βασυλῶνι</span> <span class='ocrx_word' id='word_1_80' title='bbox 671 1245 998 1316; x_wconf 71' lang='grc' dir='ltr'><strong>Ἰσραηλῖται</strong></span> <span class='ocrx_word' id='word_1_81' title='bbox 1049 1244 1197 1318; x_wconf 83' lang='grc' dir='ltr'>εἶχον</span> <span class='ocrx_word' id='word_1_82' title='bbox 1234 1251 1442 1320; x_wconf 75' lang='grc' dir='ltr'>ὄργανα</span> <span class='ocrx_word' id='word_1_83' title='bbox 1475 1255 1569 1307; x_wconf 73' lang='grc' dir='ltr'>καὶ</span> <span class='ocrx_word' id='word_1_84' title='bbox 1612 1256 1843 1328; x_wconf 82' lang='grc' dir='ltr'><strong>κιθάρας</strong></span> 
     </span>
    </p>
   </div>
   <div class='ocr_carea' id='block_1_14' title="bbox 269 1332 1844 1403">
    <p class='ocr_par' dir='ltr' id='par_1_14' title="bbox 269 1332 1844 1403">
     <span class='ocr_line' id='line_1_14' title="bbox 269 1332 1844 1403; baseline 0.01 -17"><span class='ocrx_word' id='word_1_85' title='bbox 269 1332 360 1386; x_wconf 75' lang='grc' dir='ltr'><strong>καὶ</strong></span> <span class='ocrx_word' id='word_1_86' title='bbox 388 1332 555 1403; x_wconf 77' lang='grc' dir='ltr'>ἕτερά</span> <span class='ocrx_word' id='word_1_87' title='bbox 610 1350 750 1397; x_wconf 87' lang='grc' dir='ltr'>τινα,</span> <span class='ocrx_word' id='word_1_88' title='bbox 792 1334 974 1400; x_wconf 86' lang='grc' dir='ltr'>καθὼς</span> <span class='ocrx_word' id='word_1_89' title='bbox 1008 1339 1105 1392; x_wconf 81' lang='grc' dir='ltr'>καὶ</span> <span class='ocrx_word' id='word_1_90' title='bbox 1151 1340 1201 1393; x_wconf 90' lang='grc' dir='ltr'><strong>οί</strong></span> <span class='ocrx_word' id='word_1_91' title='bbox 1226 1342 1599 1397; x_wconf 76' lang='grc' dir='ltr'>Βαϐυλώνιοι·</span> <span class='ocrx_word' id='word_1_92' title='bbox 1632 1347 1726 1399; x_wconf 80' lang='grc' dir='ltr'><strong>καὶ</strong></span> <span class='ocrx_word' id='word_1_93' title='bbox 1775 1347 1844 1401; x_wconf 85' lang='grc' dir='ltr'><strong>τὰ</strong></span> 
     </span>
    </p>
   </div>
   <div class='ocr_carea' id='block_1_15' title="bbox 275 1422 1841 1505">
    <p class='ocr_par' dir='ltr' id='par_1_15' title="bbox 275 1422 1841 1505">
     <span class='ocr_line' id='line_1_15' title="bbox 275 1422 1841 1505; baseline 0.011 -32"><span class='ocrx_word' id='word_1_94' title='bbox 275 1423 373 1492; x_wconf 76' lang='grc' dir='ltr'>μὲν</span> <span class='ocrx_word' id='word_1_95' title='bbox 403 1424 481 1486; x_wconf 81' lang='grc' dir='ltr'><strong>εἰς</strong></span> <span class='ocrx_word' id='word_1_96' title='bbox 523 1422 681 1487; x_wconf 78' lang='grc' dir='ltr'>δόξαν</span> <span class='ocrx_word' id='word_1_97' title='bbox 707 1425 868 1487; x_wconf 86' lang='grc' dir='ltr'>Θεοῦ,</span> <span class='ocrx_word' id='word_1_98' title='bbox 891 1427 958 1480; x_wconf 75' lang='grc' dir='ltr'><strong>τὰ</strong></span> <span class='ocrx_word' id='word_1_99' title='bbox 1003 1428 1060 1480; x_wconf 83' lang='grc' dir='ltr'>δὲ</span> <span class='ocrx_word' id='word_1_100' title='bbox 1100 1432 1179 1492; x_wconf 80' lang='grc' dir='ltr'><strong>είς</strong></span> <span class='ocrx_word' id='word_1_101' title='bbox 1215 1430 1512 1502; x_wconf 79' lang='grc' dir='ltr'>θεραπείαν</span> <span class='ocrx_word' id='word_1_102' title='bbox 1533 1435 1805 1505; x_wconf 84' lang='grc' dir='ltr'>δαιμόνων</span> <span class='ocrx_word' id='word_1_103' title='bbox 1825 1455 1841 1470; x_wconf 80' lang='grc'><strong><em>⁸</em></strong></span> 
     </span>
    </p>
   </div>
   <div class='ocr_carea' id='block_1_16' title="bbox 267 1513 1845 1592">
    <p class='ocr_par' dir='ltr' id='par_1_16' title="bbox 267 1513 1845 1592">
     <span class='ocr_line' id='line_1_16' title="bbox 267 1513 1845 1592; baseline 0.01 -26"><span class='ocrx_word' id='word_1_104' title='bbox 267 1513 409 1566; x_wconf 79' lang='grc' dir='ltr'>οὕτω</span> <span class='ocrx_word' id='word_1_105' title='bbox 440 1514 536 1566; x_wconf 79' lang='grc' dir='ltr'>καὶ</span> <span class='ocrx_word' id='word_1_106' title='bbox 575 1516 670 1566; x_wconf 76' lang='grc' dir='ltr'><strong>ἐπὶ</strong></span> <span class='ocrx_word' id='word_1_107' title='bbox 699 1517 925 1571; x_wconf 79' lang='grc' dir='ltr'><strong>εἰκόνων</strong></span> <span class='ocrx_word' id='word_1_108' title='bbox 961 1518 1290 1584; x_wconf 84' lang='grc' dir='ltr'>Ἑλληνικῶν</span> <span class='ocrx_word' id='word_1_109' title='bbox 1320 1523 1415 1575; x_wconf 68' lang='grc' dir='ltr'><strong>καὶ</strong></span> <span class='ocrx_word' id='word_1_110' title='bbox 1444 1526 1845 1592; x_wconf 84' lang='grc' dir='ltr'>Χριστιανικῶν</span> 
     </span>
    </p>
   </div>
   <div class='ocr_carea' id='block_1_17' title="bbox 268 1608 1842 1684">
    <p class='ocr_par' dir='ltr' id='par_1_17' title="bbox 268 1608 1842 1684">
     <span class='ocr_line' id='line_1_17' title="bbox 268 1608 1842 1684; baseline 0.008 -24"><span class='ocrx_word' id='word_1_111' title='bbox 268 1609 576 1675; x_wconf 75' lang='grc' dir='ltr'>νοήσωμεν,</span> <span class='ocrx_word' id='word_1_112' title='bbox 598 1608 681 1660; x_wconf 86' lang='grc' dir='ltr'>ὄτι</span> <span class='ocrx_word' id='word_1_113' title='bbox 712 1610 908 1663; x_wconf 81' lang='grc' dir='ltr'>ἐκεῖνοι</span> <span class='ocrx_word' id='word_1_114' title='bbox 937 1612 1036 1680; x_wconf 74' lang='grc' dir='ltr'>μὲν</span> <span class='ocrx_word' id='word_1_115' title='bbox 1065 1613 1144 1674; x_wconf 86' lang='grc' dir='ltr'><strong>είς</strong></span> <span class='ocrx_word' id='word_1_116' title='bbox 1170 1613 1426 1684; x_wconf 77' lang='grc' dir='ltr'>λατρείαν</span> <span class='ocrx_word' id='word_1_117' title='bbox 1452 1616 1545 1669; x_wconf 85' lang='grc' dir='ltr'><strong>τοῦ</strong></span> <span class='ocrx_word' id='word_1_118' title='bbox 1573 1616 1842 1682; x_wconf 76' lang='grc' dir='ltr'>διαϐόλου,</span> 
     </span>
    </p>
   </div>
   <div class='ocr_carea' id='block_1_18' title="bbox 270 1698 1847 1776">
    <p class='ocr_par' dir='ltr' id='par_1_18' title="bbox 270 1698 1847 1776">
     <span class='ocr_line' id='line_1_18' title="bbox 270 1698 1847 1776; baseline 0.008 -28"><span class='ocrx_word' id='word_1_119' title='bbox 270 1699 427 1768; x_wconf 83' lang='grc' dir='ltr'>ήμεῖς</span> <span class='ocrx_word' id='word_1_120' title='bbox 458 1698 515 1771; x_wconf 78' lang='grc' dir='ltr'>δὲ</span> <span class='ocrx_word' id='word_1_121' title='bbox 539 1699 621 1761; x_wconf 82' lang='grc' dir='ltr'>εἰς</span> <span class='ocrx_word' id='word_1_122' title='bbox 665 1699 824 1763; x_wconf 78' lang='grc' dir='ltr'>δόξαν</span> <span class='ocrx_word' id='word_1_123' title='bbox 855 1700 990 1754; x_wconf 87' lang='grc' dir='ltr'>Θεοῦ</span> <span class='ocrx_word' id='word_1_124' title='bbox 1045 1704 1135 1756; x_wconf 73' lang='grc' dir='ltr'>καὶ</span> <span class='ocrx_word' id='word_1_125' title='bbox 1188 1705 1518 1774; x_wconf 77' lang='grc' dir='ltr'>ὑπόμνησιν.</span> <span class='ocrx_word' id='word_1_126' title='bbox 1553 1708 1702 1776; x_wconf 83' lang='grc' dir='ltr'>Πλὴν</span> <span class='ocrx_word' id='word_1_127' title='bbox 1751 1710 1847 1764; x_wconf 81' lang='grc' dir='ltr'>καὶ</span> 
     </span>
    </p>
   </div>
   <div class='ocr_carea' id='block_1_19' title="bbox 270 1787 1841 1869">
    <p class='ocr_par' dir='ltr' id='par_1_19' title="bbox 270 1787 1841 1869">
     <span class='ocr_line' id='line_1_19' title="bbox 270 1787 1841 1869; baseline 0.008 -30"><span class='ocrx_word' id='word_1_128' title='bbox 270 1787 438 1839; x_wconf 80' lang='grc' dir='ltr'>πο).λά</span> <span class='ocrx_word' id='word_1_129' title='bbox 469 1787 752 1858; x_wconf 84' lang='grc' dir='ltr'>θαυμάσια</span> <span class='ocrx_word' id='word_1_130' title='bbox 784 1791 811 1841; x_wconf 93' lang='grc' dir='ltr'><strong>ὀ</strong></span> <span class='ocrx_word' id='word_1_131' title='bbox 843 1790 973 1853; x_wconf 84' lang='grc' dir='ltr'><strong>Θεὸς</strong></span> <span class='ocrx_word' id='word_1_132' title='bbox 1001 1791 1087 1845; x_wconf 76' lang='grc' dir='ltr'><strong>διὰ</strong></span> <span class='ocrx_word' id='word_1_133' title='bbox 1121 1793 1276 1859; x_wconf 88' lang='grc' dir='ltr'>ξύλον</span> <span class='ocrx_word' id='word_1_134' title='bbox 1307 1796 1527 1849; x_wconf 84' lang='grc' dir='ltr'>ἀκούειν</span> <span class='ocrx_word' id='word_1_135' title='bbox 1555 1798 1841 1869; x_wconf 83' lang='grc' dir='ltr'>πεποίηκε,</span> 
     </span>
    </p>
   </div>
   <div class='ocr_carea' id='block_1_20' title="bbox 271 1877 1846 1956">
    <p class='ocr_par' dir='ltr' id='par_1_20' title="bbox 271 1877 1846 1956">
     <span class='ocr_line' id='line_1_20' title="bbox 271 1877 1846 1956; baseline 0.007 -27"><span class='ocrx_word' id='word_1_136' title='bbox 271 1877 423 1943; x_wconf 82' lang='grc' dir='ltr'>ξύλον</span> <span class='ocrx_word' id='word_1_137' title='bbox 453 1877 620 1949; x_wconf 80' lang='grc' dir='ltr'>ζωῆς,</span> <span class='ocrx_word' id='word_1_138' title='bbox 653 1879 807 1943; x_wconf 85' lang='grc' dir='ltr'>ξύλον</span> <span class='ocrx_word' id='word_1_139' title='bbox 842 1880 1099 1947; x_wconf 82' lang='grc' dir='ltr'>γνώσεως</span> <span class='ocrx_word' id='word_1_140' title='bbox 1129 1883 1404 1953; x_wconf 83' lang='grc' dir='ltr'><strong>ὀνομάσας</strong></span> <span class='ocrx_word' id='word_1_141' title='bbox 1426 1903 1439 1917; x_wconf 96' lang='grc'><strong>·</strong></span> <span class='ocrx_word' id='word_1_142' title='bbox 1471 1887 1564 1940; x_wconf 70' lang='grc' dir='ltr'>καὶ</span> <span class='ocrx_word' id='word_1_143' title='bbox 1591 1888 1719 1941; x_wconf 79' lang='grc' dir='ltr'>ἄλλο</span> <span class='ocrx_word' id='word_1_144' title='bbox 1746 1905 1846 1956; x_wconf 86' lang='grc' dir='ltr'>φυ-</span> 
     </span>
    </p>
   </div>
   <div class='ocr_carea' id='block_1_21' title="bbox 267 1969 1848 2050">
    <p class='ocr_par' dir='ltr' id='par_1_21' title="bbox 267 1969 1848 2050">
     <span class='ocr_line' id='line_1_21' title="bbox 267 1969 1848 2050; baseline 0.007 -27"><span class='ocrx_word' id='word_1_145' title='bbox 267 1971 357 2024; x_wconf 82' lang='grc' dir='ltr'><strong>τὸν</strong></span> <span class='ocrx_word' id='word_1_146' title='bbox 404 1969 681 2041; x_wconf 85' lang='grc' dir='ltr'>ὀνομάσας</span> <span class='ocrx_word' id='word_1_147' title='bbox 729 1974 941 2036; x_wconf 75' lang='grc' dir='ltr'>Σαϐὲκ,</span> <span class='ocrx_word' id='word_1_148' title='bbox 998 1978 1395 2047; x_wconf 81' lang='grc' dir='ltr'>συγχωρήσεως</span> <span class='ocrx_word' id='word_1_149' title='bbox 1437 1978 1673 2050; x_wconf 80' lang='grc' dir='ltr'><strong>τίθησιν.</strong></span> <span class='ocrx_word' id='word_1_150' title='bbox 1717 1977 1848 2036; x_wconf 81' lang='grc' dir='ltr'>Εἶτα</span> 
     </span>
    </p>
   </div>
   <div class='ocr_carea' id='block_1_22' title="bbox 268 2059 1847 2141">
    <p class='ocr_par' dir='ltr' id='par_1_22' title="bbox 268 2059 1847 2141">
     <span class='ocr_line' id='line_1_22' title="bbox 268 2059 1847 2141; baseline 0.006 -28"><span class='ocrx_word' id='word_1_151' title='bbox 268 2059 450 2130; x_wconf 74' lang='grc' dir='ltr'><strong>ῥάὸδῳ</strong></span> <span class='ocrx_word' id='word_1_152' title='bbox 477 2060 571 2113; x_wconf 89' lang='grc' dir='ltr'><strong>τὸν</strong></span> <span class='ocrx_word' id='word_1_153' title='bbox 607 2061 808 2131; x_wconf 81' lang='grc' dir='ltr'>Φαραὼ</span> <span class='ocrx_word' id='word_1_154' title='bbox 839 2063 1104 2133; x_wconf 79' lang='grc' dir='ltr'>ἐκάλυψε,</span> <span class='ocrx_word' id='word_1_155' title='bbox 1136 2065 1413 2121; x_wconf 86' lang='grc' dir='ltr'>θάλασσαν</span> <span class='ocrx_word' id='word_1_156' title='bbox 1442 2068 1681 2138; x_wconf 82' lang='grc' dir='ltr'>ἔσχισεν,</span> <span class='ocrx_word' id='word_1_157' title='bbox 1705 2069 1847 2141; x_wconf 73' lang='grc' dir='ltr'>ὕδωρ</span> 
     </span>
    </p>
   </div>
   <div class='ocr_carea' id='block_1_23' title="bbox 266 2151 1849 2232">
    <p class='ocr_par' dir='ltr' id='par_1_23' title="bbox 266 2151 1849 2232">
     <span class='ocr_line' id='line_1_23' title="bbox 266 2151 1849 2232; baseline 0.008 -30"><span class='ocrx_word' id='word_1_158' title='bbox 266 2151 593 2219; x_wconf 82' lang='grc' dir='ltr'>ὲγλύκανεν,</span> <span class='ocrx_word' id='word_1_159' title='bbox 648 2153 771 2223; x_wconf 81' lang='grc' dir='ltr'>ὅφιν</span> <span class='ocrx_word' id='word_1_160' title='bbox 819 2154 1022 2224; x_wconf 73' lang='grc' dir='ltr'>ὖψωσε,</span> <span class='ocrx_word' id='word_1_161' title='bbox 1078 2157 1284 2227; x_wconf 84' lang='grc' dir='ltr'>πέτραν</span> <span class='ocrx_word' id='word_1_162' title='bbox 1320 2159 1646 2231; x_wconf 76' lang='grc' dir='ltr'>διέρρηξεν,</span> <span class='ocrx_word' id='word_1_163' title='bbox 1704 2160 1849 2232; x_wconf 75' lang='grc' dir='ltr'>ὕδωρ</span> 
     </span>
    </p>
   </div>
   <div class='ocr_carea' id='block_1_24' title="bbox 267 2230 1848 2323">
    <p class='ocr_par' dir='ltr' id='par_1_24' title="bbox 267 2230 1848 2323">
     <span class='ocr_line' id='line_1_24' title="bbox 267 2230 1848 2323; baseline 0.006 -27"><span class='ocrx_word' id='word_1_164' title='bbox 267 2245 528 2315; x_wconf 71' lang='grc' dir='ltr'>ἐξήγαγε,</span> <span class='ocrx_word' id='word_1_165' title='bbox 579 2242 731 2309; x_wconf 81' lang='grc' dir='ltr'>ξύλον</span> <span class='ocrx_word' id='word_1_166' title='bbox 768 2245 1082 2316; x_wconf 77' lang='grc' dir='ltr'>βλαστῆσαν</span> <span class='ocrx_word' id='word_1_167' title='bbox 1136 2252 1200 2320; x_wconf 80' lang='grc' dir='ltr'>τῇ</span> <span class='ocrx_word' id='word_1_168' title='bbox 1251 2253 1422 2320; x_wconf 82' lang='grc' dir='ltr'>σκηνῇ</span> <span class='ocrx_word' id='word_1_169' title='bbox 1479 2250 1578 2320; x_wconf 77' lang='grc' dir='ltr'>τὴν</span> <span class='ocrx_word' id='word_1_170' title='bbox 1636 2230 1848 2323; x_wconf 77' lang='grc' dir='ltr'>’Δαρῶν</span> 
     </span>
    </p>
   </div>
   <div class='ocr_carea' id='block_1_25' title="bbox 266 2335 1846 2412">
    <p class='ocr_par' dir='ltr' id='par_1_25' title="bbox 266 2335 1846 2412">
     <span class='ocr_line' id='line_1_25' title="bbox 266 2335 1846 2412; baseline 0.005 -24"><span class='ocrx_word' id='word_1_171' title='bbox 266 2335 575 2407; x_wconf 77' lang='grc' dir='ltr'>ἱερωσύνην</span> <span class='ocrx_word' id='word_1_172' title='bbox 629 2337 929 2408; x_wconf 79' lang='grc' dir='ltr'>ἐκύρωσεν.</span> <span class='ocrx_word' id='word_1_173' title='bbox 996 2337 1154 2392; x_wconf 77' lang='grc' dir='ltr'>Οὕτω</span> <span class='ocrx_word' id='word_1_174' title='bbox 1189 2342 1283 2393; x_wconf 75' lang='grc' dir='ltr'>καὶ</span> <span class='ocrx_word' id='word_1_175' title='bbox 1334 2342 1586 2411; x_wconf 79' lang='grc' dir='ltr'>Σολομὼν</span> <span class='ocrx_word' id='word_1_176' title='bbox 1644 2359 1846 2412; x_wconf 85' lang='grc' dir='ltr'>φησιν·</span> 
     </span>
    </p>
   </div>
   <div class='ocr_carea' id='block_1_26' title="bbox 267 2427 1851 2502">
    <p class='ocr_par' dir='ltr' id='par_1_26' title="bbox 267 2427 1851 2502">
     <span class='ocr_line' id='line_1_26' title="bbox 267 2427 1851 2502; baseline 0.004 -20"><span class='ocrx_word' id='word_1_177' title='bbox 267 2429 595 2498; x_wconf 71' lang='grc' dir='ltr'>Εὐλογεῖτε</span> <span class='ocrx_word' id='word_1_178' title='bbox 615 2428 827 2494; x_wconf 75' lang='grc' dir='ltr'>ξύλον,</span> <span class='ocrx_word' id='word_1_179' title='bbox 858 2429 933 2484; x_wconf 84' lang='grc' dir='ltr'><strong>δι’</strong></span> <span class='ocrx_word' id='word_1_180' title='bbox 957 2427 1029 2487; x_wconf 87' lang='grc' dir='ltr'>οὗ</span> <span class='ocrx_word' id='word_1_181' title='bbox 1051 2431 1275 2500; x_wconf 74' lang='grc' dir='ltr'>γίνεται</span> <span class='ocrx_word' id='word_1_182' title='bbox 1299 2432 1673 2502; x_wconf 76' lang='grc' dir='ltr'>δικαιοσύνη.</span> <span class='ocrx_word' id='word_1_183' title='bbox 1695 2434 1851 2489; x_wconf 68' lang='grc' dir='ltr'>υιτω</span> 
     </span>
    </p>
   </div>
   <div class='ocr_carea' id='block_1_27' title="bbox 268 2521 1850 2596">
    <p class='ocr_par' dir='ltr' id='par_1_27' title="bbox 268 2521 1850 2596">
     <span class='ocr_line' id='line_1_27' title="bbox 268 2521 1850 2596; baseline 0.006 -24"><span class='ocrx_word' id='word_1_184' title='bbox 268 2521 357 2572; x_wconf 69' lang='grc' dir='ltr'>καὶ</span> <span class='ocrx_word' id='word_1_185' title='bbox 401 2521 708 2584; x_wconf 83' lang='grc' dir='ltr'>Ἐλισσαῖος</span> <span class='ocrx_word' id='word_1_186' title='bbox 738 2521 892 2585; x_wconf 81' lang='grc' dir='ltr'>ξύλον</span> <span class='ocrx_word' id='word_1_187' title='bbox 923 2523 1234 2594; x_wconf 77' lang='grc' dir='ltr'>ἀπορρίψας</span> <span class='ocrx_word' id='word_1_188' title='bbox 1264 2525 1323 2576; x_wconf 84' lang='grc' dir='ltr'>ὲν</span> <span class='ocrx_word' id='word_1_189' title='bbox 1368 2525 1628 2596; x_wconf 83' lang='grc' dir='ltr'>Ἰορδάνῃ,</span> <span class='ocrx_word' id='word_1_190' title='bbox 1654 2527 1744 2580; x_wconf 87' lang='grc' dir='ltr'><strong>τὸν</strong></span> <span class='ocrx_word' id='word_1_191' title='bbox 1769 2529 1850 2591; x_wconf 89' lang='grc' dir='ltr'><strong>είς</strong></span> 
     </span>
    </p>
   </div>
   <div class='ocr_carea' id='block_1_28' title="bbox 266 2610 1850 2686">
    <p class='ocr_par' dir='ltr' id='par_1_28' title="bbox 266 2610 1850 2686">
     <span class='ocr_line' id='line_1_28' title="bbox 266 2610 1850 2686; baseline 0.004 -23"><span class='ocrx_word' id='word_1_192' title='bbox 266 2610 432 2664; x_wconf 79' lang='grc' dir='ltr'>τύπον</span> <span class='ocrx_word' id='word_1_193' title='bbox 457 2611 555 2664; x_wconf 90' lang='grc' dir='ltr'><strong>τοῦ</strong></span> <span class='ocrx_word' id='word_1_194' title='bbox 591 2613 760 2683; x_wconf 71' lang='grc' dir='ltr'>Ἀδὰμ</span> <span class='ocrx_word' id='word_1_195' title='bbox 791 2613 1009 2682; x_wconf 77' lang='grc' dir='ltr'>σίδηρον</span> <span class='ocrx_word' id='word_1_196' title='bbox 1033 2615 1110 2676; x_wconf 86' lang='grc' dir='ltr'>ὡς</span> <span class='ocrx_word' id='word_1_197' title='bbox 1137 2614 1195 2680; x_wconf 84' lang='grc' dir='ltr'>ἐξ</span> <span class='ocrx_word' id='word_1_198' title='bbox 1227 2613 1355 2685; x_wconf 73' lang='grc' dir='ltr'>ᾅδου</span> <span class='ocrx_word' id='word_1_199' title='bbox 1379 2617 1671 2686; x_wconf 84' lang='grc' dir='ltr'>ἀνήγαγεν.</span> <span class='ocrx_word' id='word_1_200' title='bbox 1695 2616 1850 2669; x_wconf 77' lang='grc' dir='ltr'>Οὕτω</span> 
     </span>
    </p>
   </div>
   <div class='ocr_carea' id='block_1_29' title="bbox 264 2701 1849 2778">
    <p class='ocr_par' dir='ltr' id='par_1_29' title="bbox 264 2701 1849 2778">
     <span class='ocr_line' id='line_1_29' title="bbox 264 2701 1849 2778; baseline 0.006 -26"><span class='ocrx_word' id='word_1_201' title='bbox 264 2703 608 2772; x_wconf 81' lang='grc' dir='ltr'>προστάσσει</span> <span class='ocrx_word' id='word_1_202' title='bbox 642 2701 719 2772; x_wconf 82' lang='grc' dir='ltr'>τῷ</span> <span class='ocrx_word' id='word_1_203' title='bbox 746 2702 942 2758; x_wconf 78' lang='grc' dir='ltr'>ἑαυτοῦ</span> <span class='ocrx_word' id='word_1_204' title='bbox 975 2705 1126 2758; x_wconf 75' lang='grc' dir='ltr'>παιδὶ</span> <span class='ocrx_word' id='word_1_205' title='bbox 1154 2705 1243 2759; x_wconf 79' lang='grc' dir='ltr'><strong>διὰ</strong></span> <span class='ocrx_word' id='word_1_206' title='bbox 1268 2708 1368 2775; x_wconf 85' lang='grc' dir='ltr'>τῆς</span> <span class='ocrx_word' id='word_1_207' title='bbox 1390 2707 1585 2775; x_wconf 79' lang='grc' dir='ltr'>ῥάϐδου</span> <span class='ocrx_word' id='word_1_208' title='bbox 1609 2708 1849 2778; x_wconf 82' lang='grc' dir='ltr'>ἀναστῆ-</span> 
     </span>
    </p>
   </div>
   <div class='ocr_carea' id='block_1_30' title="bbox 265 2793 1850 2866">
    <p class='ocr_par' dir='ltr' id='par_1_30' title="bbox 265 2793 1850 2866">
     <span class='ocr_line' id='line_1_30' title="bbox 265 2793 1850 2866; baseline 0.004 -20"><span class='ocrx_word' id='word_1_209' title='bbox 265 2810 356 2846; x_wconf 88' lang='grc' dir='ltr'><strong>σαι</strong></span> <span class='ocrx_word' id='word_1_210' title='bbox 388 2793 485 2846; x_wconf 91' lang='grc' dir='ltr'><strong>τὸν</strong></span> <span class='ocrx_word' id='word_1_211' title='bbox 521 2795 686 2847; x_wconf 85' lang='grc' dir='ltr'>παῖδα</span> <span class='ocrx_word' id='word_1_212' title='bbox 704 2795 803 2866; x_wconf 81' lang='grc' dir='ltr'>τῆς</span> <span class='ocrx_word' id='word_1_213' title='bbox 834 2795 1220 2866; x_wconf 84' lang='grc' dir='ltr'>Σωμανίτιδος.</span> <span class='ocrx_word' id='word_1_214' title='bbox 1270 2797 1326 2851; x_wconf 81' lang='grc' dir='ltr'><strong>Ὀ</strong></span> <span class='ocrx_word' id='word_1_215' title='bbox 1347 2794 1441 2850; x_wconf 81' lang='grc' dir='ltr'>οὗν</span> <span class='ocrx_word' id='word_1_216' title='bbox 1464 2798 1551 2852; x_wconf 73' lang='grc' dir='ltr'><strong>διὰ</strong></span> <span class='ocrx_word' id='word_1_217' title='bbox 1581 2798 1850 2853; x_wconf 85' lang='grc' dir='ltr'>τοσούτων</span> 
     </span>
    </p>
   </div>
   <div class='ocr_carea' id='block_1_31' title="bbox 264 2884 1848 2961">
    <p class='ocr_par' dir='ltr' id='par_1_31' title="bbox 264 2884 1848 2961">
     <span class='ocr_line' id='line_1_31' title="bbox 264 2884 1848 2961; baseline 0.005 -25"><span class='ocrx_word' id='word_1_218' title='bbox 264 2884 440 2948; x_wconf 81' lang='grc' dir='ltr'>ξύλων</span> <span class='ocrx_word' id='word_1_219' title='bbox 482 2884 985 2961; x_wconf 81' lang='grc' dir='ltr'>θαυματουργήσας</span> <span class='ocrx_word' id='word_1_220' title='bbox 1024 2887 1157 2950; x_wconf 83' lang='grc' dir='ltr'>Θεὸς</span> <span class='ocrx_word' id='word_1_221' title='bbox 1186 2887 1247 2940; x_wconf 86' lang='grc' dir='ltr'>οὐ</span> <span class='ocrx_word' id='word_1_222' title='bbox 1297 2888 1541 2956; x_wconf 85' lang='grc' dir='ltr'>δύναται,</span> <span class='ocrx_word' id='word_1_223' title='bbox 1583 2890 1704 2942; x_wconf 77' lang='grc' dir='ltr'><strong>εἰπέ</strong></span> <span class='ocrx_word' id='word_1_224' title='bbox 1735 2908 1848 2960; x_wconf 86' lang='grc' dir='ltr'>μοι,</span> 
     </span>
    </p>
   </div>
   <div class='ocr_carea' id='block_1_32' title="bbox 264 2974 1850 3047">
    <p class='ocr_par' dir='ltr' id='par_1_32' title="bbox 264 2974 1850 3047">
     <span class='ocr_line' id='line_1_32' title="bbox 264 2974 1850 3047; baseline 0.004 -20"><span class='ocrx_word' id='word_1_225' title='bbox 264 2974 718 3046; x_wconf 75' lang='grc' dir='ltr'>θαυματουργεῶ</span> <span class='ocrx_word' id='word_1_226' title='bbox 746 2976 839 3028; x_wconf 77' lang='grc' dir='ltr'>καὶ</span> <span class='ocrx_word' id='word_1_227' title='bbox 870 2975 957 3027; x_wconf 88' lang='grc' dir='ltr'><strong>διά</strong></span> <span class='ocrx_word' id='word_1_228' title='bbox 986 2976 1082 3028; x_wconf 89' lang='grc' dir='ltr'><strong>τοῦ</strong></span> <span class='ocrx_word' id='word_1_229' title='bbox 1127 2977 1310 3045; x_wconf 86' lang='grc' dir='ltr'>τιμίου</span> <span class='ocrx_word' id='word_1_230' title='bbox 1347 2978 1504 3042; x_wconf 85' lang='grc' dir='ltr'>ξύλου</span> <span class='ocrx_word' id='word_1_231' title='bbox 1553 2979 1646 3032; x_wconf 88' lang='grc' dir='ltr'><strong>τοῦ</strong></span> <span class='ocrx_word' id='word_1_232' title='bbox 1694 2982 1850 3047; x_wconf 79' lang='grc' dir='ltr'>ἁγίου</span> 
     </span>
    </p>
   </div>
   <div class='ocr_carea' id='block_1_33' title="bbox 264 3064 1852 3141">
    <p class='ocr_par' dir='ltr' id='par_1_33' title="bbox 264 3064 1852 3141">
     <span class='ocr_line' id='line_1_33' title="bbox 264 3064 1852 3141; baseline 0.004 -23"><span class='ocrx_word' id='word_1_233' title='bbox 264 3064 512 3136; x_wconf 89' lang='grc' dir='ltr'>σταυροῦ</span> <span class='ocrx_word' id='word_1_234' title='bbox 539 3082 553 3131; x_wconf 90' lang='grc'>;</span> <span class='ocrx_word' id='word_1_235' title='bbox 604 3066 666 3118; x_wconf 78' lang='grc' dir='ltr'><strong>Εἰ</strong></span> <span class='ocrx_word' id='word_1_236' title='bbox 708 3066 904 3128; x_wconf 77' lang='grc' dir='ltr'>ἀσεϐές</span> <span class='ocrx_word' id='word_1_237' title='bbox 932 3068 1050 3120; x_wconf 82' lang='grc' dir='ltr'>ἐστι</span> <span class='ocrx_word' id='word_1_238' title='bbox 1079 3069 1244 3138; x_wconf 78' lang='grc' dir='ltr'>τιμᾷν</span> <span class='ocrx_word' id='word_1_239' title='bbox 1274 3068 1342 3120; x_wconf 76' lang='grc' dir='ltr'>τὰ</span> <span class='ocrx_word' id='word_1_240' title='bbox 1367 3071 1520 3135; x_wconf 82' lang='grc' dir='ltr'>ὀστᾶ,</span> <span class='ocrx_word' id='word_1_241' title='bbox 1563 3071 1677 3134; x_wconf 87' lang='grc' dir='ltr'>πῶς</span> <span class='ocrx_word' id='word_1_242' title='bbox 1714 3073 1852 3141; x_wconf 87' lang='grc' dir='ltr'><strong>μετά</strong></span> 
     </span>
    </p>
   </div>
   <div class='ocr_carea' id='block_1_34' title="bbox 1938 619 3512 689">
    <p class='ocr_par' dir='ltr' id='par_1_34' title="bbox 1938 619 3512 689">
     <span class='ocr_line' id='line_1_34' title="bbox 1938 619 3512 689; baseline 0.001 -19"><span class='ocrx_word' id='word_1_243' title='bbox 1938 619 2129 687; x_wconf 85' lang='lat' dir='ltr'><strong>pagani</strong></span> <span class='ocrx_word' id='word_1_244' title='bbox 2162 619 2231 673; x_wconf 90' lang='lat' dir='ltr'><strong>ab</strong></span> <span class='ocrx_word' id='word_1_245' title='bbox 2263 619 2526 676; x_wconf 90' lang='lat' dir='ltr'><strong>adulteris</strong></span> <span class='ocrx_word' id='word_1_246' title='bbox 2564 621 2883 676; x_wconf 88' lang='lat' dir='ltr'><strong>hominibus</strong></span> <span class='ocrx_word' id='word_1_247' title='bbox 2910 630 2966 675; x_wconf 88' lang='lat' dir='ltr'><strong>et</strong></span> <span class='ocrx_word' id='word_1_248' title='bbox 2996 619 3285 674; x_wconf 76' lang='lat' dir='ltr'><strong>homicidia</strong></span> <span class='ocrx_word' id='word_1_249' title='bbox 3308 628 3365 673; x_wconf 87' lang='lat' dir='ltr'><strong>et</strong></span> <span class='ocrx_word' id='word_1_250' title='bbox 3394 619 3512 689; x_wconf 86' lang='lat' dir='ltr'><strong>pol-</strong></span> 
     </span>
    </p>
   </div>
   <div class='ocr_carea' id='block_1_35' title="bbox 1938 706 3513 779">
    <p class='ocr_par' dir='ltr' id='par_1_35' title="bbox 1938 706 3513 779">
     <span class='ocr_line' id='line_1_35' title="bbox 1938 706 3513 779; baseline 0.003 -20"><span class='ocrx_word' id='word_1_251' title='bbox 1938 706 2070 761; x_wconf 92' lang='lat' dir='ltr'><strong>lutis</strong></span> <span class='ocrx_word' id='word_1_252' title='bbox 2121 711 2321 779; x_wconf 88' lang='lat' dir='ltr'><strong>templa</strong></span> <span class='ocrx_word' id='word_1_253' title='bbox 2371 712 2733 766; x_wconf 86' lang='lat' dir='ltr'><strong>nominabant</strong></span> <span class='ocrx_word' id='word_1_254' title='bbox 2776 720 2831 766; x_wconf 89' lang='lat' dir='ltr'><strong>et</strong></span> <span class='ocrx_word' id='word_1_255' title='bbox 2878 711 3018 767; x_wconf 89' lang='lat' dir='ltr'><strong>idola</strong></span> <span class='ocrx_word' id='word_1_256' title='bbox 3052 729 3065 764; x_wconf 88' lang='lat'><strong>:</strong></span> <span class='ocrx_word' id='word_1_257' title='bbox 3105 721 3161 766; x_wconf 89' lang='lat' dir='ltr'><strong>et</strong></span> <span class='ocrx_word' id='word_1_258' title='bbox 3197 712 3315 765; x_wconf 91' lang='lat' dir='ltr'><strong>illos</strong></span> <span class='ocrx_word' id='word_1_259' title='bbox 3357 709 3513 765; x_wconf 83' lang='lat' dir='ltr'><strong>deiﬁ-</strong></span> 
     </span>
    </p>
   </div>
   <div class='ocr_carea' id='block_1_36' title="bbox 1939 801 3514 872">
    <p class='ocr_par' dir='ltr' id='par_1_36' title="bbox 1939 801 3514 872">
     <span class='ocr_line' id='line_1_36' title="bbox 1939 801 3514 872; baseline -0.001 -18"><span class='ocrx_word' id='word_1_260' title='bbox 1939 801 2175 855; x_wconf 90' lang='lat' dir='ltr'><strong>cabant:</strong></span> <span class='ocrx_word' id='word_1_261' title='bbox 2227 818 2337 855; x_wconf 90' lang='lat' dir='ltr'><strong>non</strong></span> <span class='ocrx_word' id='word_1_262' title='bbox 2371 812 2552 856; x_wconf 89' lang='lat' dir='ltr'><strong>autem</strong></span> <span class='ocrx_word' id='word_1_263' title='bbox 2590 804 2982 872; x_wconf 86' lang='lat' dir='ltr'><strong>prophetarum</strong></span> <span class='ocrx_word' id='word_1_264' title='bbox 3009 843 3025 866; x_wconf 93' lang='lat'><strong>,</strong></span> <span class='ocrx_word' id='word_1_265' title='bbox 3062 801 3145 857; x_wconf 84' lang='lat' dir='ltr'><strong>vel</strong></span> <span class='ocrx_word' id='word_1_266' title='bbox 3198 810 3514 856; x_wconf 89' lang='lat' dir='ltr'><strong>sanctorum</strong></span> 
     </span>
    </p>
   </div>
   <div class='ocr_carea' id='block_1_37' title="bbox 1939 893 3519 962">
    <p class='ocr_par' dir='ltr' id='par_1_37' title="bbox 1939 893 3519 962">
     <span class='ocr_line' id='line_1_37' title="bbox 1939 893 3519 962; baseline 0 -18"><span class='ocrx_word' id='word_1_267' title='bbox 1939 900 2234 961; x_wconf 76' lang='lat' dir='ltr'><strong>martyrum</strong></span> <span class='ocrx_word' id='word_1_268' title='bbox 2270 893 2554 962; x_wconf 87' lang='lat' dir='ltr'><strong>templum,</strong></span> <span class='ocrx_word' id='word_1_269' title='bbox 2598 895 2683 948; x_wconf 83' lang='lat' dir='ltr'><strong>vel</strong></span> <span class='ocrx_word' id='word_1_270' title='bbox 2704 910 2851 948; x_wconf 88' lang='lat' dir='ltr'><strong>aram</strong></span> <span class='ocrx_word' id='word_1_271' title='bbox 2878 894 3319 948; x_wconf 82' lang='lat' dir='ltr'><strong>nominaverunt.</strong></span> <span class='ocrx_word' id='word_1_272' title='bbox 3364 893 3519 945; x_wconf 80' lang='lat' dir='ltr'><strong>Sicut</strong></span> 
     </span>
    </p>
   </div>
   <div class='ocr_carea' id='block_1_38' title="bbox 1941 977 3518 1052">
    <p class='ocr_par' dir='ltr' id='par_1_38' title="bbox 1941 977 3518 1052">
     <span class='ocr_line' id='line_1_38' title="bbox 1941 977 3518 1052; baseline 0.002 -21"><span class='ocrx_word' id='word_1_273' title='bbox 1941 977 2087 1031; x_wconf 89' lang='lat' dir='ltr'><strong>enim</strong></span> <span class='ocrx_word' id='word_1_274' title='bbox 2140 978 2398 1034; x_wconf 59' lang='lat' dir='ltr'><strong>Israelita:</strong></span> <span class='ocrx_word' id='word_1_275' title='bbox 2451 981 2545 1049; x_wconf 92' lang='lat' dir='ltr'><strong>qui</strong></span> <span class='ocrx_word' id='word_1_276' title='bbox 2609 980 2882 1052; x_wconf 79' lang='lat' dir='ltr'><strong>Babylone</strong></span> <span class='ocrx_word' id='word_1_277' title='bbox 2922 982 3186 1045; x_wconf 82' lang='lat' dir='ltr'><strong>fuerunt,</strong></span> <span class='ocrx_word' id='word_1_278' title='bbox 3241 981 3518 1036; x_wconf 75' lang='lat' dir='ltr'><strong>habebant</strong></span> 
     </span>
    </p>
   </div>
   <div class='ocr_carea' id='block_1_39' title="bbox 1942 1069 3514 1142">
    <p class='ocr_par' dir='ltr' id='par_1_39' title="bbox 1942 1069 3514 1142">
     <span class='ocr_line' id='line_1_39' title="bbox 1942 1069 3514 1142; baseline 0.002 -22"><span class='ocrx_word' id='word_1_279' title='bbox 1942 1084 2141 1138; x_wconf 83' lang='lat' dir='ltr'><strong>organa</strong></span> <span class='ocrx_word' id='word_1_280' title='bbox 2192 1079 2247 1124; x_wconf 76' lang='lat' dir='ltr'><strong>et</strong></span> <span class='ocrx_word' id='word_1_281' title='bbox 2287 1070 2560 1137; x_wconf 61' lang='lat' dir='ltr'><strong>citharas,</strong></span> <span class='ocrx_word' id='word_1_282' title='bbox 2614 1085 2669 1127; x_wconf 87' lang='lat' dir='ltr'><strong>et</strong></span> <span class='ocrx_word' id='word_1_283' title='bbox 2737 1073 2839 1127; x_wconf 88' lang='lat' dir='ltr'><strong>alia</strong></span> <span class='ocrx_word' id='word_1_284' title='bbox 2890 1073 3183 1142; x_wconf 70' lang='lat' dir='ltr'><strong>quaedam,</strong></span> <span class='ocrx_word' id='word_1_285' title='bbox 3249 1069 3514 1140; x_wconf 88' lang='lat' dir='ltr'><strong>quemad-</strong></span> 
     </span>
    </p>
   </div>
   <div class='ocr_carea' id='block_1_40' title="bbox 1944 1160 3514 1233">
    <p class='ocr_par' dir='ltr' id='par_1_40' title="bbox 1944 1160 3514 1233">
     <span class='ocr_line' id='line_1_40' title="bbox 1944 1160 3514 1233; baseline 0.001 -21"><span class='ocrx_word' id='word_1_286' title='bbox 1944 1160 2165 1215; x_wconf 88' lang='lat' dir='ltr'><strong>modum</strong></span> <span class='ocrx_word' id='word_1_287' title='bbox 2202 1170 2259 1215; x_wconf 89' lang='lat' dir='ltr'><strong>et</strong></span> <span class='ocrx_word' id='word_1_288' title='bbox 2292 1161 2567 1232; x_wconf 86' lang='lat' dir='ltr'><strong>Babylonii</strong></span> <span class='ocrx_word' id='word_1_289' title='bbox 2598 1181 2612 1215; x_wconf 88' lang='lat'><strong>:</strong></span> <span class='ocrx_word' id='word_1_290' title='bbox 2651 1171 2707 1217; x_wconf 86' lang='lat' dir='ltr'><strong>et</strong></span> <span class='ocrx_word' id='word_1_291' title='bbox 2770 1162 2874 1218; x_wconf 87' lang='lat' dir='ltr'><strong>alia</strong></span> <span class='ocrx_word' id='word_1_292' title='bbox 2927 1163 3149 1233; x_wconf 82' lang='lat' dir='ltr'><strong>quidem</strong></span> <span class='ocrx_word' id='word_1_293' title='bbox 3187 1161 3241 1215; x_wconf 92' lang='lat' dir='ltr'><strong>in</strong></span> <span class='ocrx_word' id='word_1_294' title='bbox 3291 1161 3514 1230; x_wconf 76' lang='lat' dir='ltr'><strong>gloriam</strong></span> 
     </span>
    </p>
   </div>
   <div class='ocr_carea' id='block_1_41' title="bbox 1950 1248 3517 1315">
    <p class='ocr_par' dir='ltr' id='par_1_41' title="bbox 1950 1248 3517 1315">
     <span class='ocr_line' id='line_1_41' title="bbox 1950 1248 3517 1315; baseline -0.001 -13"><span class='ocrx_word' id='word_1_295' title='bbox 1950 1250 2080 1315; x_wconf 88' lang='lat' dir='ltr'><strong>Dei,</strong></span> <span class='ocrx_word' id='word_1_296' title='bbox 2110 1250 2212 1304; x_wconf 89' lang='lat' dir='ltr'><strong>alia</strong></span> <span class='ocrx_word' id='word_1_297' title='bbox 2244 1267 2376 1305; x_wconf 90' lang='lat' dir='ltr'><strong>vero</strong></span> <span class='ocrx_word' id='word_1_298' title='bbox 2411 1251 2464 1304; x_wconf 92' lang='lat' dir='ltr'><strong>in</strong></span> <span class='ocrx_word' id='word_1_299' title='bbox 2508 1252 2773 1306; x_wconf 90' lang='lat' dir='ltr'><strong>culturam</strong></span> <span class='ocrx_word' id='word_1_300' title='bbox 2820 1253 3128 1306; x_wconf 60' lang='lat' dir='ltr'><strong>daemonum</strong></span> <span class='ocrx_word' id='word_1_301' title='bbox 3167 1270 3181 1306; x_wconf 92' lang='lat'><strong><em>:</em></strong></span> <span class='ocrx_word' id='word_1_302' title='bbox 3220 1249 3291 1304; x_wconf 88' lang='lat' dir='ltr'><strong>ita</strong></span> <span class='ocrx_word' id='word_1_303' title='bbox 3349 1258 3405 1303; x_wconf 90' lang='lat' dir='ltr'><strong>et</strong></span> <span class='ocrx_word' id='word_1_304' title='bbox 3449 1248 3517 1301; x_wconf 87' lang='lat' dir='ltr'><strong>de</strong></span> 
     </span>
    </p>
   </div>
   <div class='ocr_carea' id='block_1_42' title="bbox 1945 1340 3514 1413">
    <p class='ocr_par' dir='ltr' id='par_1_42' title="bbox 1945 1340 3514 1413">
     <span class='ocr_line' id='line_1_42' title="bbox 1945 1340 3514 1413; baseline -0.002 -19"><span class='ocrx_word' id='word_1_305' title='bbox 1945 1340 2273 1413; x_wconf 83' lang='lat' dir='ltr'><strong>imaginibus</strong></span> <span class='ocrx_word' id='word_1_306' title='bbox 2312 1343 2594 1412; x_wconf 74' lang='lat' dir='ltr'><strong>gentilium</strong></span> <span class='ocrx_word' id='word_1_307' title='bbox 2657 1353 2713 1397; x_wconf 86' lang='lat' dir='ltr'><strong>et</strong></span> <span class='ocrx_word' id='word_1_308' title='bbox 2749 1342 3188 1398; x_wconf 86' lang='lat' dir='ltr'><strong>Christianorum</strong></span> <span class='ocrx_word' id='word_1_309' title='bbox 3242 1341 3514 1409; x_wconf 67' lang='lat' dir='ltr'><strong>intelligao</strong></span> 
     </span>
    </p>
   </div>
   <div class='ocr_carea' id='block_1_43' title="bbox 1945 1418 3539 1502">
    <p class='ocr_par' dir='ltr' id='par_1_43' title="bbox 1945 1418 3539 1502">
     <span class='ocr_line' id='line_1_43' title="bbox 1945 1418 3539 1502; baseline -0.002 -16"><span class='ocrx_word' id='word_1_310' title='bbox 1945 1447 2068 1486; x_wconf 89' lang='lat' dir='ltr'><strong>mus</strong></span> <span class='ocrx_word' id='word_1_311' title='bbox 2094 1473 2109 1498; x_wconf 91' lang='lat'><strong>,</strong></span> <span class='ocrx_word' id='word_1_312' title='bbox 2148 1432 2274 1501; x_wconf 86' lang='lat' dir='ltr'><strong>quia</strong></span> <span class='ocrx_word' id='word_1_313' title='bbox 2299 1433 2376 1487; x_wconf 92' lang='lat' dir='ltr'><strong>illi</strong></span> <span class='ocrx_word' id='word_1_314' title='bbox 2408 1433 2628 1502; x_wconf 87' lang='lat' dir='ltr'><strong>quidem</strong></span> <span class='ocrx_word' id='word_1_315' title='bbox 2665 1432 2719 1485; x_wconf 88' lang='lat' dir='ltr'><strong>in</strong></span> <span class='ocrx_word' id='word_1_316' title='bbox 2777 1433 3094 1488; x_wconf 84' lang='lat' dir='ltr'><strong>servitutem</strong></span> <span class='ocrx_word' id='word_1_317' title='bbox 3131 1432 3373 1494; x_wconf 88' lang='lat' dir='ltr'><strong>diaboli,</strong></span> <span class='ocrx_word' id='word_1_318' title='bbox 3413 1418 3539 1485; x_wconf 79' lang='lat' dir='ltr'><strong>nos</strong></span> 
     </span>
    </p>
   </div>
   <div class='ocr_carea' id='block_1_44' title="bbox 1947 1520 3520 1594">
    <p class='ocr_par' dir='ltr' id='par_1_44' title="bbox 1947 1520 3520 1594">
     <span class='ocr_line' id='line_1_44' title="bbox 1947 1520 3520 1594; baseline -0.003 -16"><span class='ocrx_word' id='word_1_319' title='bbox 1947 1534 2129 1578; x_wconf 85' lang='lat' dir='ltr'><strong>autem</strong></span> <span class='ocrx_word' id='word_1_320' title='bbox 2157 1525 2212 1578; x_wconf 88' lang='lat' dir='ltr'><strong>in</strong></span> <span class='ocrx_word' id='word_1_321' title='bbox 2256 1524 2477 1594; x_wconf 79' lang='lat' dir='ltr'><strong>gloriam</strong></span> <span class='ocrx_word' id='word_1_322' title='bbox 2508 1533 2562 1578; x_wconf 88' lang='lat' dir='ltr'><strong>et</strong></span> <span class='ocrx_word' id='word_1_323' title='bbox 2588 1525 3038 1578; x_wconf 86' lang='lat' dir='ltr'><strong>memorationem</strong></span> <span class='ocrx_word' id='word_1_324' title='bbox 3081 1523 3199 1576; x_wconf 88' lang='lat' dir='ltr'><strong>Dei.</strong></span> <span class='ocrx_word' id='word_1_325' title='bbox 3235 1520 3520 1576; x_wconf 56' lang='lat' dir='ltr'><strong>Verumta.</strong></span> 
     </span>
    </p>
   </div>
   <div class='ocr_carea' id='block_1_45' title="bbox 1948 1613 3520 1683">
    <p class='ocr_par' dir='ltr' id='par_1_45' title="bbox 1948 1613 3520 1683">
     <span class='ocr_line' id='line_1_45' title="bbox 1948 1613 3520 1683; baseline -0.002 -14"><span class='ocrx_word' id='word_1_326' title='bbox 1948 1631 2074 1670; x_wconf 89' lang='lat' dir='ltr'><strong>men</strong></span> <span class='ocrx_word' id='word_1_327' title='bbox 2122 1624 2178 1670; x_wconf 90' lang='lat' dir='ltr'><strong>et</strong></span> <span class='ocrx_word' id='word_1_328' title='bbox 2224 1615 2398 1669; x_wconf 88' lang='lat' dir='ltr'><strong>multa</strong></span> <span class='ocrx_word' id='word_1_329' title='bbox 2444 1616 2703 1669; x_wconf 87' lang='lat' dir='ltr'><strong>miracula</strong></span> <span class='ocrx_word' id='word_1_330' title='bbox 2760 1616 2903 1669; x_wconf 89' lang='lat' dir='ltr'><strong>Deus</strong></span> <span class='ocrx_word' id='word_1_331' title='bbox 2935 1629 3030 1683; x_wconf 88' lang='lat' dir='ltr'><strong>per</strong></span> <span class='ocrx_word' id='word_1_332' title='bbox 3090 1613 3296 1683; x_wconf 87' lang='lat' dir='ltr'><strong>lignum</strong></span> <span class='ocrx_word' id='word_1_333' title='bbox 3330 1613 3520 1667; x_wconf 87' lang='lat' dir='ltr'><strong>audire</strong></span> 
     </span>
    </p>
   </div>
   <div class='ocr_carea' id='block_1_46' title="bbox 1951 1703 3518 1777">
    <p class='ocr_par' dir='ltr' id='par_1_46' title="bbox 1951 1703 3518 1777">
     <span class='ocr_line' id='line_1_46' title="bbox 1951 1703 3518 1777; baseline -0.003 -17"><span class='ocrx_word' id='word_1_334' title='bbox 1951 1705 2079 1761; x_wconf 77' lang='lat' dir='ltr'><strong>fecit</strong></span> <span class='ocrx_word' id='word_1_335' title='bbox 2103 1746 2119 1771; x_wconf 93' lang='lat'><strong>,</strong></span> <span class='ocrx_word' id='word_1_336' title='bbox 2144 1706 2350 1777; x_wconf 78' lang='lat' dir='ltr'><strong>lignum</strong></span> <span class='ocrx_word' id='word_1_337' title='bbox 2382 1706 2505 1761; x_wconf 63' lang='lat' dir='ltr'><strong>vitae</strong></span> <span class='ocrx_word' id='word_1_338' title='bbox 2532 1715 2588 1761; x_wconf 88' lang='lat' dir='ltr'><strong>et</strong></span> <span class='ocrx_word' id='word_1_339' title='bbox 2616 1706 2824 1777; x_wconf 81' lang='lat' dir='ltr'><strong>lignum</strong></span> <span class='ocrx_word' id='word_1_340' title='bbox 2868 1704 3114 1761; x_wconf 62' lang='lat' dir='ltr'><strong>scientiae</strong></span> <span class='ocrx_word' id='word_1_341' title='bbox 3146 1703 3436 1758; x_wconf 89' lang='lat' dir='ltr'><strong>nominans</strong></span> <span class='ocrx_word' id='word_1_342' title='bbox 3457 1704 3477 1735; x_wconf 81' lang='lat'><strong>’</strong></span> <span class='ocrx_word' id='word_1_343' title='bbox 3501 1719 3518 1755; x_wconf 88' lang='lat'><strong>:</strong></span> 
     </span>
    </p>
   </div>
   <div class='ocr_carea' id='block_1_47' title="bbox 1954 1795 3520 1868">
    <p class='ocr_par' dir='ltr' id='par_1_47' title="bbox 1954 1795 3520 1868">
     <span class='ocr_line' id='line_1_47' title="bbox 1954 1795 3520 1868; baseline -0.003 -17"><span class='ocrx_word' id='word_1_344' title='bbox 1954 1806 2008 1852; x_wconf 89' lang='lat' dir='ltr'><strong>et</strong></span> <span class='ocrx_word' id='word_1_345' title='bbox 2029 1798 2172 1852; x_wconf 85' lang='lat' dir='ltr'><strong>aliud</strong></span> <span class='ocrx_word' id='word_1_346' title='bbox 2197 1798 2488 1868; x_wconf 81' lang='lat' dir='ltr'><strong>virgultum</strong></span> <span class='ocrx_word' id='word_1_347' title='bbox 2534 1799 2826 1852; x_wconf 89' lang='lat' dir='ltr'><strong>nominans</strong></span> <span class='ocrx_word' id='word_1_348' title='bbox 2874 1798 3049 1851; x_wconf 89' lang='lat' dir='ltr'><strong>Sahec</strong></span> <span class='ocrx_word' id='word_1_349' title='bbox 3077 1839 3092 1862; x_wconf 92' lang='lat'><strong>,</strong></span> <span class='ocrx_word' id='word_1_350' title='bbox 3128 1795 3520 1866; x_wconf 79' lang='lat' dir='ltr'><strong>indulgentiam</strong></span> 
     </span>
    </p>
   </div>
   <div class='ocr_carea' id='block_1_48' title="bbox 1955 1885 3524 1960">
    <p class='ocr_par' dir='ltr' id='par_1_48' title="bbox 1955 1885 3524 1960">
     <span class='ocr_line' id='line_1_48' title="bbox 1955 1885 3524 1960; baseline -0.004 -15"><span class='ocrx_word' id='word_1_351' title='bbox 1955 1891 2129 1960; x_wconf 85' lang='lat' dir='ltr'><strong>ponit.</strong></span> <span class='ocrx_word' id='word_1_352' title='bbox 2166 1890 2366 1945; x_wconf 88' lang='lat' dir='ltr'><strong>Deinde</strong></span> <span class='ocrx_word' id='word_1_353' title='bbox 2399 1891 2543 1960; x_wconf 86' lang='lat' dir='ltr'><strong>virga</strong></span> <span class='ocrx_word' id='word_1_354' title='bbox 2573 1889 2912 1944; x_wconf 83' lang='lat' dir='ltr'><strong>Pharaonem</strong></span> <span class='ocrx_word' id='word_1_355' title='bbox 2946 1888 3203 1959; x_wconf 89' lang='lat' dir='ltr'><strong>operuit,</strong></span> <span class='ocrx_word' id='word_1_356' title='bbox 3244 1902 3396 1942; x_wconf 88' lang='lat' dir='ltr'><strong>mare</strong></span> <span class='ocrx_word' id='word_1_357' title='bbox 3418 1885 3524 1941; x_wconf 88' lang='lat' dir='ltr'><strong>sci-</strong></span> 
     </span>
    </p>
   </div>
   <div class='ocr_carea' id='block_1_49' title="bbox 1948 1977 3520 2050">
    <p class='ocr_par' dir='ltr' id='par_1_49' title="bbox 1948 1977 3520 2050">
     <span class='ocr_line' id='line_1_49' title="bbox 1948 1977 3520 2050; baseline -0.003 -14"><span class='ocrx_word' id='word_1_358' title='bbox 1948 1981 2064 2045; x_wconf 87' lang='lat' dir='ltr'><strong>dit,</strong></span> <span class='ocrx_word' id='word_1_359' title='bbox 2113 1996 2307 2050; x_wconf 88' lang='lat' dir='ltr'><strong>aquam</strong></span> <span class='ocrx_word' id='word_1_360' title='bbox 2364 1982 2580 2037; x_wconf 88' lang='lat' dir='ltr'><strong>dulcem</strong></span> <span class='ocrx_word' id='word_1_361' title='bbox 2621 1980 2753 2036; x_wconf 85' lang='lat' dir='ltr'><strong>fecit</strong></span> <span class='ocrx_word' id='word_1_362' title='bbox 2783 2020 2798 2045; x_wconf 92' lang='lat'><strong>,</strong></span> <span class='ocrx_word' id='word_1_363' title='bbox 2859 1987 3167 2050; x_wconf 78' lang='lat' dir='ltr'><strong>serpentem</strong></span> <span class='ocrx_word' id='word_1_364' title='bbox 3225 1977 3520 2041; x_wconf 80' lang='lat' dir='ltr'><strong>exaltavit,</strong></span> 
     </span>
    </p>
   </div>
   <div class='ocr_carea' id='block_1_50' title="bbox 1948 2068 3559 2141">
    <p class='ocr_par' dir='ltr' id='par_1_50' title="bbox 1948 2068 3559 2141">
     <span class='ocr_line' id='line_1_50' title="bbox 1948 2068 3559 2141; baseline -0.004 -15"><span class='ocrx_word' id='word_1_365' title='bbox 1948 2079 2159 2141; x_wconf 84' lang='lat' dir='ltr'><strong>petram</strong></span> <span class='ocrx_word' id='word_1_366' title='bbox 2197 2072 2445 2141; x_wconf 89' lang='lat' dir='ltr'><strong>dirupit,</strong></span> <span class='ocrx_word' id='word_1_367' title='bbox 2494 2086 2689 2141; x_wconf 88' lang='lat' dir='ltr'><strong>aquam</strong></span> <span class='ocrx_word' id='word_1_368' title='bbox 2741 2071 3011 2141; x_wconf 89' lang='lat' dir='ltr'><strong>protulit,</strong></span> <span class='ocrx_word' id='word_1_369' title='bbox 3052 2070 3256 2138; x_wconf 81' lang='lat' dir='ltr'><strong>lignum</strong></span> <span class='ocrx_word' id='word_1_370' title='bbox 3318 2068 3559 2139; x_wconf 43' lang='lat' dir='ltr'><strong>germi-y</strong></span> 
     </span>
    </p>
   </div>
   <div class='ocr_carea' id='block_1_51' title="bbox 1948 2155 3522 2217">
    <p class='ocr_par' dir='ltr' id='par_1_51' title="bbox 1948 2155 3522 2217">
     <span class='ocr_line' id='line_1_51' title="bbox 1948 2155 3522 2217; baseline -0.004 -2"><span class='ocrx_word' id='word_1_371' title='bbox 1948 2177 2087 2217; x_wconf 91' lang='lat' dir='ltr'><strong>nans</strong></span> <span class='ocrx_word' id='word_1_372' title='bbox 2141 2161 2197 2215; x_wconf 91' lang='lat' dir='ltr'><strong>in</strong></span> <span class='ocrx_word' id='word_1_373' title='bbox 2268 2162 2619 2216; x_wconf 87' lang='lat' dir='ltr'><strong>tabernaculo</strong></span> <span class='ocrx_word' id='word_1_374' title='bbox 2656 2162 2838 2215; x_wconf 74' lang='lat' dir='ltr'><strong>Aaron</strong></span> <span class='ocrx_word' id='word_1_375' title='bbox 2908 2158 3273 2214; x_wconf 84' lang='lat' dir='ltr'><strong>sacerdotium</strong></span> <span class='ocrx_word' id='word_1_376' title='bbox 3320 2155 3522 2211; x_wconf 86' lang='lat' dir='ltr'><strong>coullr-</strong></span> 
     </span>
    </p>
   </div>
   <div class='ocr_carea' id='block_1_52' title="bbox 1948 2248 3521 2318">
    <p class='ocr_par' dir='ltr' id='par_1_52' title="bbox 1948 2248 3521 2318">
     <span class='ocr_line' id='line_1_52' title="bbox 1948 2248 3521 2318; baseline -0.004 -11"><span class='ocrx_word' id='word_1_377' title='bbox 1948 2253 2135 2308; x_wconf 91' lang='lat' dir='ltr'><strong>mavit.</strong></span> <span class='ocrx_word' id='word_1_378' title='bbox 2164 2253 2256 2308; x_wconf 85' lang='lat' dir='ltr'><strong>Sic</strong></span> <span class='ocrx_word' id='word_1_379' title='bbox 2280 2262 2335 2307; x_wconf 90' lang='lat' dir='ltr'><strong>et</strong></span> <span class='ocrx_word' id='word_1_380' title='bbox 2366 2253 2622 2309; x_wconf 86' lang='lat' dir='ltr'><strong>Salomon</strong></span> <span class='ocrx_word' id='word_1_381' title='bbox 2651 2252 2728 2306; x_wconf 90' lang='lat' dir='ltr'><strong>ait</strong></span> <span class='ocrx_word' id='word_1_382' title='bbox 2762 2269 2776 2306; x_wconf 89' lang='lat'><strong>:</strong></span> <span class='ocrx_word' id='word_1_383' title='bbox 2802 2251 3142 2306; x_wconf 83' lang='lat' dir='ltr'><strong>Benedictum</strong></span> <span class='ocrx_word' id='word_1_384' title='bbox 3192 2258 3266 2302; x_wconf 78' lang='lat' dir='ltr'><strong>est</strong></span> <span class='ocrx_word' id='word_1_385' title='bbox 3321 2248 3521 2318; x_wconf 81' lang='lat' dir='ltr'><strong>lignum</strong></span> 
     </span>
    </p>
   </div>
   <div class='ocr_carea' id='block_1_53' title="bbox 1947 2339 3519 2417">
    <p class='ocr_par' dir='ltr' id='par_1_53' title="bbox 1947 2339 3519 2417">
     <span class='ocr_line' id='line_1_53' title="bbox 1947 2339 3519 2417; baseline -0.004 -18"><span class='ocrx_word' id='word_1_386' title='bbox 1947 2361 2039 2414; x_wconf 77' lang='lat' dir='ltr'><strong>per</strong></span> <span class='ocrx_word' id='word_1_387' title='bbox 2067 2347 2204 2411; x_wconf 85' lang='lat' dir='ltr'><strong>quod</strong></span> <span class='ocrx_word' id='word_1_388' title='bbox 2228 2346 2444 2414; x_wconf 73' lang='lat' dir='ltr'><strong>justitia</strong></span> <span class='ocrx_word' id='word_1_389' title='bbox 2474 2345 2534 2417; x_wconf 67' lang='lat' dir='ltr'><strong>ﬁt</strong></span> <span class='ocrx_word' id='word_1_390' title='bbox 2562 2346 2625 2401; x_wconf 86' lang='grc'><strong>¹⁰.</strong></span> <span class='ocrx_word' id='word_1_391' title='bbox 2668 2345 2759 2400; x_wconf 88' lang='lat' dir='ltr'><strong>Sic</strong></span> <span class='ocrx_word' id='word_1_392' title='bbox 2785 2355 2840 2399; x_wconf 88' lang='lat' dir='ltr'><strong>et</strong></span> <span class='ocrx_word' id='word_1_393' title='bbox 2877 2344 3100 2398; x_wconf 77' lang='lat' dir='ltr'><strong>Elisacus</strong></span> <span class='ocrx_word' id='word_1_394' title='bbox 3136 2342 3284 2412; x_wconf 84' lang='lat' dir='ltr'><strong>ligno</strong></span> <span class='ocrx_word' id='word_1_395' title='bbox 3312 2342 3366 2394; x_wconf 91' lang='lat' dir='ltr'><strong>in</strong></span> <span class='ocrx_word' id='word_1_396' title='bbox 3393 2339 3519 2394; x_wconf 78' lang='lat' dir='ltr'><strong>Jor-</strong></span> 
     </span>
    </p>
   </div>
   <div class='ocr_carea' id='block_1_54' title="bbox 1946 2432 3521 2508">
    <p class='ocr_par' dir='ltr' id='par_1_54' title="bbox 1946 2432 3521 2508">
     <span class='ocr_line' id='line_1_54' title="bbox 1946 2432 3521 2508; baseline -0.004 -16"><span class='ocrx_word' id='word_1_397' title='bbox 1946 2437 2143 2492; x_wconf 85' lang='lat' dir='ltr'><strong>danem</strong></span> <span class='ocrx_word' id='word_1_398' title='bbox 2172 2438 2319 2508; x_wconf 81' lang='lat' dir='ltr'><strong>iacto</strong></span> <span class='ocrx_word' id='word_1_399' title='bbox 2348 2476 2365 2503; x_wconf 87' lang='lat'><strong>,</strong></span> <span class='ocrx_word' id='word_1_400' title='bbox 2432 2436 2639 2492; x_wconf 77' lang='lat' dir='ltr'><strong>ferrum</strong></span> <span class='ocrx_word' id='word_1_401' title='bbox 2707 2437 2763 2491; x_wconf 90' lang='lat' dir='ltr'><strong>in</strong></span> <span class='ocrx_word' id='word_1_402' title='bbox 2809 2446 2992 2506; x_wconf 86' lang='lat' dir='ltr'><strong>typum</strong></span> <span class='ocrx_word' id='word_1_403' title='bbox 3048 2435 3176 2490; x_wconf 76' lang='lat' dir='ltr'><strong>Adae</strong></span> <span class='ocrx_word' id='word_1_404' title='bbox 3248 2432 3404 2503; x_wconf 90' lang='lat' dir='ltr'><strong>quasi</strong></span> <span class='ocrx_word' id='word_1_405' title='bbox 3452 2448 3521 2486; x_wconf 79' lang='lat' dir='ltr'><strong>ex</strong></span> 
     </span>
    </p>
   </div>
   <div class='ocr_carea' id='block_1_55' title="bbox 1949 2526 3519 2599">
    <p class='ocr_par' dir='ltr' id='par_1_55' title="bbox 1949 2526 3519 2599">
     <span class='ocr_line' id='line_1_55' title="bbox 1949 2526 3519 2599; baseline -0.003 -17"><span class='ocrx_word' id='word_1_406' title='bbox 1949 2529 2164 2585; x_wconf 80' lang='lat' dir='ltr'><strong>inferno</strong></span> <span class='ocrx_word' id='word_1_407' title='bbox 2191 2529 2429 2585; x_wconf 76' lang='lat' dir='ltr'><strong>reduxit:</strong></span> <span class='ocrx_word' id='word_1_408' title='bbox 2459 2529 2539 2585; x_wconf 90' lang='lat' dir='ltr'><strong>sic</strong></span> <span class='ocrx_word' id='word_1_409' title='bbox 2566 2529 2811 2599; x_wconf 58' lang='lat' dir='ltr'><strong>praecipit</strong></span> <span class='ocrx_word' id='word_1_410' title='bbox 2843 2543 3012 2598; x_wconf 88' lang='lat' dir='ltr'><strong>puero</strong></span> <span class='ocrx_word' id='word_1_411' title='bbox 3056 2542 3157 2582; x_wconf 88' lang='lat' dir='ltr'><strong>suo</strong></span> <span class='ocrx_word' id='word_1_412' title='bbox 3187 2541 3287 2596; x_wconf 83' lang='lat' dir='ltr'><strong>per</strong></span> <span class='ocrx_word' id='word_1_413' title='bbox 3314 2526 3519 2596; x_wconf 81' lang='lat' dir='ltr'><strong>virgam</strong></span> 
     </span>
    </p>
   </div>
   <div class='ocr_carea' id='block_1_56' title="bbox 1949 2613 3520 2689">
    <p class='ocr_par' dir='ltr' id='par_1_56' title="bbox 1949 2613 3520 2689">
     <span class='ocr_line' id='line_1_56' title="bbox 1949 2613 3520 2689; baseline -0.003 -17"><span class='ocrx_word' id='word_1_414' title='bbox 1949 2619 2215 2674; x_wconf 82' lang='lat' dir='ltr'><strong>suscitare</strong></span> <span class='ocrx_word' id='word_1_415' title='bbox 2244 2633 2474 2689; x_wconf 89' lang='lat' dir='ltr'><strong>puerum</strong></span> <span class='ocrx_word' id='word_1_416' title='bbox 2524 2618 2889 2673; x_wconf 86' lang='lat' dir='ltr'><strong>Sunamitidis</strong></span> <span class='ocrx_word' id='word_1_417' title='bbox 2928 2619 2992 2671; x_wconf 84' lang='lat'><strong>“.</strong></span> <span class='ocrx_word' id='word_1_418' title='bbox 3033 2616 3172 2671; x_wconf 87' lang='lat' dir='ltr'><strong>Deus</strong></span> <span class='ocrx_word' id='word_1_419' title='bbox 3217 2630 3381 2686; x_wconf 84' lang='lat' dir='ltr'><strong>ergo,</strong></span> <span class='ocrx_word' id='word_1_420' title='bbox 3426 2613 3520 2684; x_wconf 87' lang='lat' dir='ltr'><strong>qui</strong></span> 
     </span>
    </p>
   </div>
   <div class='ocr_carea' id='block_1_57' title="bbox 1951 2707 3518 2778">
    <p class='ocr_par' dir='ltr' id='par_1_57' title="bbox 1951 2707 3518 2778">
     <span class='ocr_line' id='line_1_57' title="bbox 1951 2707 3518 2778; baseline -0.003 -16"><span class='ocrx_word' id='word_1_421' title='bbox 1951 2723 2047 2777; x_wconf 89' lang='lat' dir='ltr'><strong>per</strong></span> <span class='ocrx_word' id='word_1_422' title='bbox 2078 2716 2158 2763; x_wconf 88' lang='lat' dir='ltr'><strong>tot</strong></span> <span class='ocrx_word' id='word_1_423' title='bbox 2183 2708 2329 2778; x_wconf 86' lang='lat' dir='ltr'><strong>ligna</strong></span> <span class='ocrx_word' id='word_1_424' title='bbox 2358 2707 2621 2761; x_wconf 88' lang='lat' dir='ltr'><strong>miracula</strong></span> <span class='ocrx_word' id='word_1_425' title='bbox 2649 2717 2906 2777; x_wconf 86' lang='lat' dir='ltr'><strong>operatus</strong></span> <span class='ocrx_word' id='word_1_426' title='bbox 2961 2715 3046 2761; x_wconf 92' lang='lat' dir='ltr'><strong>est</strong></span> <span class='ocrx_word' id='word_1_427' title='bbox 3076 2746 3091 2769; x_wconf 90' lang='lat'><strong>,</strong></span> <span class='ocrx_word' id='word_1_428' title='bbox 3143 2721 3253 2759; x_wconf 90' lang='lat' dir='ltr'><strong>non</strong></span> <span class='ocrx_word' id='word_1_429' title='bbox 3296 2713 3476 2774; x_wconf 88' lang='lat' dir='ltr'><strong>potest</strong></span> <span class='ocrx_word' id='word_1_430' title='bbox 3502 2743 3518 2764; x_wconf 91' lang='lat'><strong>.</strong></span> 
     </span>
    </p>
   </div>
   <div class='ocr_carea' id='block_1_58' title="bbox 1950 2790 3524 2863">
    <p class='ocr_par' dir='ltr' id='par_1_58' title="bbox 1950 2790 3524 2863">
     <span class='ocr_line' id='line_1_58' title="bbox 1950 2790 3524 2863; baseline -0.005 -13"><span class='ocrx_word' id='word_1_431' title='bbox 1950 2795 2040 2850; x_wconf 90' lang='lat' dir='ltr'><strong>die</strong></span> <span class='ocrx_word' id='word_1_432' title='bbox 2093 2796 2270 2861; x_wconf 89' lang='lat' dir='ltr'><strong>mihi,</strong></span> <span class='ocrx_word' id='word_1_433' title='bbox 2326 2794 2466 2850; x_wconf 87' lang='lat' dir='ltr'><strong>mira</strong></span> <span class='ocrx_word' id='word_1_434' title='bbox 2516 2794 2698 2849; x_wconf 81' lang='lat' dir='ltr'><strong>facere</strong></span> <span class='ocrx_word' id='word_1_435' title='bbox 2743 2794 2911 2848; x_wconf 88' lang='lat' dir='ltr'><strong>etiam</strong></span> <span class='ocrx_word' id='word_1_436' title='bbox 2969 2807 3070 2863; x_wconf 90' lang='lat' dir='ltr'><strong>per</strong></span> <span class='ocrx_word' id='word_1_437' title='bbox 3115 2791 3420 2862; x_wconf 87' lang='lat' dir='ltr'><strong>pretiosum</strong></span> <span class='ocrx_word' id='word_1_438' title='bbox 3459 2790 3524 2843; x_wconf 93' lang='lat' dir='ltr'><strong>li-</strong></span> 
     </span>
    </p>
   </div>
   <div class='ocr_carea' id='block_1_59' title="bbox 1951 2881 3521 2957">
    <p class='ocr_par' dir='ltr' id='par_1_59' title="bbox 1951 2881 3521 2957">
     <span class='ocr_line' id='line_1_59' title="bbox 1951 2881 3521 2957; baseline -0.005 -18"><span class='ocrx_word' id='word_1_439' title='bbox 1951 2901 2116 2957; x_wconf 88' lang='lat' dir='ltr'><strong>gnum</strong></span> <span class='ocrx_word' id='word_1_440' title='bbox 2152 2894 2353 2939; x_wconf 66' lang='lat' dir='ltr'><strong>sanctae</strong></span> <span class='ocrx_word' id='word_1_441' title='bbox 2379 2885 2557 2940; x_wconf 85' lang='lat' dir='ltr'><strong>crucis</strong></span> <span class='ocrx_word' id='word_1_442' title='bbox 2584 2884 2608 2937; x_wconf 87' lang='lat'><strong>?</strong></span> <span class='ocrx_word' id='word_1_443' title='bbox 2638 2882 2695 2938; x_wconf 91' lang='lat' dir='ltr'><strong>Si</strong></span> <span class='ocrx_word' id='word_1_444' title='bbox 2736 2883 2964 2953; x_wconf 90' lang='lat' dir='ltr'><strong>impium</strong></span> <span class='ocrx_word' id='word_1_445' title='bbox 2993 2888 3079 2936; x_wconf 87' lang='lat' dir='ltr'><strong>est</strong></span> <span class='ocrx_word' id='word_1_446' title='bbox 3109 2881 3335 2935; x_wconf 88' lang='lat' dir='ltr'><strong>adorare</strong></span> <span class='ocrx_word' id='word_1_447' title='bbox 3371 2894 3521 2941; x_wconf 88' lang='lat' dir='ltr'><strong>ossa,</strong></span> 
     </span>
    </p>
   </div>
   <div class='ocr_carea' id='block_1_60' title="bbox 1950 2967 3526 3042">
    <p class='ocr_par' dir='ltr' id='par_1_60' title="bbox 1950 2967 3526 3042">
     <span class='ocr_line' id='line_1_60' title="bbox 1950 2967 3526 3042; baseline -0.004 -16"><span class='ocrx_word' id='word_1_448' title='bbox 1950 2973 2222 3042; x_wconf 88' lang='lat' dir='ltr'><strong>quomodo</strong></span> <span class='ocrx_word' id='word_1_449' title='bbox 2259 2986 2381 3025; x_wconf 90' lang='lat' dir='ltr'><strong>cum</strong></span> <span class='ocrx_word' id='word_1_450' title='bbox 2413 2971 2561 3026; x_wconf 87' lang='lat' dir='ltr'><strong>omni</strong></span> <span class='ocrx_word' id='word_1_451' title='bbox 2589 2969 3002 3025; x_wconf 85' lang='lat' dir='ltr'><strong>honoriﬁcentia</strong></span> <span class='ocrx_word' id='word_1_452' title='bbox 3050 2967 3364 3023; x_wconf 82' lang='lat' dir='ltr'><strong>detulerunt</strong></span> <span class='ocrx_word' id='word_1_453' title='bbox 3403 2979 3526 3020; x_wconf 77' lang='lat' dir='ltr'><strong>ossa</strong></span> 
     </span>
    </p>
   </div>
   <div class='ocr_carea' id='block_1_61' title="bbox 1949 3059 3525 3133">
    <p class='ocr_par' dir='ltr' id='par_1_61' title="bbox 1949 3059 3525 3133">
     <span class='ocr_line' id='line_1_61' title="bbox 1949 3059 3525 3133; baseline -0.005 -17"><span class='ocrx_word' id='word_1_454' title='bbox 1949 3063 2153 3131; x_wconf 83' lang='lat' dir='ltr'><strong>Joseph</strong></span> <span class='ocrx_word' id='word_1_455' title='bbox 2182 3078 2248 3116; x_wconf 82' lang='lat' dir='ltr'><strong>ex</strong></span> <span class='ocrx_word' id='word_1_456' title='bbox 2274 3061 2507 3133; x_wconf 57' lang='lat' dir='ltr'><strong>[Egyplo</strong></span> <span class='ocrx_word' id='word_1_457' title='bbox 2531 3101 2547 3125; x_wconf 93' lang='lat'><strong>,</strong></span> <span class='ocrx_word' id='word_1_458' title='bbox 2601 3061 2878 3131; x_wconf 90' lang='lat' dir='ltr'><strong>quomodo</strong></span> <span class='ocrx_word' id='word_1_459' title='bbox 2921 3066 3171 3114; x_wconf 90' lang='lat' dir='ltr'><strong>mortuus</strong></span> <span class='ocrx_word' id='word_1_460' title='bbox 3206 3059 3370 3113; x_wconf 91' lang='lat' dir='ltr'><strong>homo</strong></span> <span class='ocrx_word' id='word_1_461' title='bbox 3403 3071 3525 3110; x_wconf 82' lang='lat' dir='ltr'><strong>ossa</strong></span> 
     </span>
    </p>
   </div>
   <div class='ocr_carea' id='block_1_62' title="bbox 264 3147 1847 3258">
    <p class='ocr_par' dir='ltr' id='par_1_62' title="bbox 264 3156 1847 3231">
     <span class='ocr_line' id='line_1_62' title="bbox 264 3156 1847 3231; baseline 0.004 -22"><span class='ocrx_word' id='word_1_462' title='bbox 264 3158 450 3227; x_wconf 82' lang='grc' dir='ltr'>πάσης</span> <span class='ocrx_word' id='word_1_463' title='bbox 472 3156 649 3226; x_wconf 82' lang='grc' dir='ltr'>τιμῆς</span> <span class='ocrx_word' id='word_1_464' title='bbox 679 3158 1108 3227; x_wconf 83' lang='grc' dir='ltr'>μετεκομίσαντο</span> <span class='ocrx_word' id='word_1_465' title='bbox 1153 3159 1223 3212; x_wconf 73' lang='grc' dir='ltr'>τὰ</span> <span class='ocrx_word' id='word_1_466' title='bbox 1272 3160 1405 3212; x_wconf 85' lang='grc' dir='ltr'>ὀστᾶ</span> <span class='ocrx_word' id='word_1_467' title='bbox 1441 3160 1638 3231; x_wconf 81' lang='grc' dir='ltr'>Ἰωσὴφ</span> <span class='ocrx_word' id='word_1_468' title='bbox 1664 3161 1722 3226; x_wconf 76' lang='grc' dir='ltr'>ἐξ</span> <span class='ocrx_word' id='word_1_469' title='bbox 1760 3163 1847 3215; x_wconf 82' lang='lat' dir='ltr'><strong>Ai-</strong></span> 
     </span>
    </p>
   </div>
   <div class='ocr_carea' id='block_1_63' title="bbox 1949 3147 3528 3258">
    <p class='ocr_par' dir='ltr' id='par_1_63' title="bbox 1956 3147 3528 3258">
     <span class='ocr_line' id='line_1_63' title="bbox 1956 3147 3528 3225; baseline -0.005 -17"><span class='ocrx_word' id='word_1_470' title='bbox 1956 3155 2133 3208; x_wconf 73' lang='lat' dir='ltr'><strong>Eliszei</strong></span> <span class='ocrx_word' id='word_1_471' title='bbox 2171 3158 2398 3225; x_wconf 82' lang='lat' dir='ltr'><strong>tangens</strong></span> <span class='ocrx_word' id='word_1_472' title='bbox 2453 3152 2726 3207; x_wconf 62' lang='lat' dir='ltr'><strong>surrexit?</strong></span> <span class='ocrx_word' id='word_1_473' title='bbox 2748 3152 2917 3206; x_wconf 81' lang='lat' dir='ltr'><strong>Porro</strong></span> <span class='ocrx_word' id='word_1_474' title='bbox 2956 3150 3000 3206; x_wconf 91' lang='lat' dir='ltr'><strong>si</strong></span> <span class='ocrx_word' id='word_1_475' title='bbox 3054 3166 3151 3220; x_wconf 90' lang='lat' dir='ltr'><strong>per</strong></span> <span class='ocrx_word' id='word_1_476' title='bbox 3180 3163 3303 3204; x_wconf 90' lang='lat' dir='ltr'><strong>ossa</strong></span> <span class='ocrx_word' id='word_1_477' title='bbox 3361 3147 3528 3201; x_wconf 84' lang='lat' dir='ltr'><strong>mira-</strong></span> 
     </span>
     <span class='ocr_line' id='line_1_64' title="bbox 2026 3239 3527 3258; baseline 0 0"><span class='ocrx_word' id='word_1_478' title='bbox 2026 3244 2038 3258; x_wconf 90' lang='lat'><strong>.</strong></span> <span class='ocrx_word' id='word_1_479' title='bbox 2307 3252 2317 3258; x_wconf 86' lang='lat'><strong>.</strong></span> <span class='ocrx_word' id='word_1_480' title='bbox 2446 3243 2484 3258; x_wconf 50' lang='grc' dir='ltr'><strong>,κ</strong></span> <span class='ocrx_word' id='word_1_481' title='bbox 2841 3242 2852 3253; x_wconf 88' lang='grc'><strong>.</strong></span> <span class='ocrx_word' id='word_1_482' title='bbox 3012 3257 3015 3258; x_wconf 30' lang='grc' dir='ltr'><strong>ν</strong></span> <span class='ocrx_word' id='word_1_483' title='bbox 3357 3239 3527 3258; x_wconf 72' lang='grc' dir='ltr'><strong>---,.ε.</strong></span> 
     </span>
    </p>
   </div>
   <div class='ocr_carea' id='block_1_64' title="bbox 264 3247 1855 3320">
    <p class='ocr_par' dir='ltr' id='par_1_64' title="bbox 264 3247 1855 3320">
     <span class='ocr_line' id='line_1_65' title="bbox 264 3247 1855 3320; baseline 0.004 -21"><span class='ocrx_word' id='word_1_484' title='bbox 264 3247 526 3314; x_wconf 71' lang='grc' dir='ltr'>γύπτους</span> <span class='ocrx_word' id='word_1_485' title='bbox 559 3247 681 3310; x_wconf 81' lang='grc' dir='ltr'><strong>Πῶς</strong></span> <span class='ocrx_word' id='word_1_486' title='bbox 737 3247 928 3320; x_wconf 85' lang='grc' dir='ltr'>νεκρὸς</span> <span class='ocrx_word' id='word_1_487' title='bbox 978 3248 1261 3319; x_wconf 79' lang='grc' dir='ltr'>ἄνθρωπος</span> <span class='ocrx_word' id='word_1_488' title='bbox 1307 3249 1417 3303; x_wconf 87' lang='grc' dir='ltr'><strong>τῶν</strong></span> <span class='ocrx_word' id='word_1_489' title='bbox 1451 3252 1652 3307; x_wconf 79' lang='grc' dir='ltr'>ὀστέων</span> <span class='ocrx_word' id='word_1_490' title='bbox 1680 3254 1855 3306; x_wconf 88' lang='grc' dir='ltr'>Ἐλισ-</span> 
     </span>
    </p>
   </div>
   <div class='ocr_carea' id='block_1_65' title="bbox 263 3338 1856 3415">
    <p class='ocr_par' dir='ltr' id='par_1_65' title="bbox 263 3338 1856 3415">
     <span class='ocr_line' id='line_1_66' title="bbox 263 3338 1856 3415; baseline 0.006 -25"><span class='ocrx_word' id='word_1_491' title='bbox 263 3339 421 3393; x_wconf 88' lang='grc' dir='ltr'>σαίου</span> <span class='ocrx_word' id='word_1_492' title='bbox 446 3338 733 3410; x_wconf 76' lang='grc' dir='ltr'>ἁψάμενος</span> <span class='ocrx_word' id='word_1_493' title='bbox 757 3341 985 3407; x_wconf 82' lang='grc' dir='ltr'>άνεστη;</span> <span class='ocrx_word' id='word_1_494' title='bbox 1012 3341 1074 3394; x_wconf 80' lang='lat' dir='ltr'><strong>El</strong></span> <span class='ocrx_word' id='word_1_495' title='bbox 1100 3340 1156 3394; x_wconf 88' lang='grc' dir='ltr'>δὲ</span> <span class='ocrx_word' id='word_1_496' title='bbox 1181 3342 1247 3395; x_wconf 85' lang='grc' dir='ltr'><strong>δι’</strong></span> <span class='ocrx_word' id='word_1_497' title='bbox 1275 3342 1484 3396; x_wconf 83' lang='grc' dir='ltr'>ὀστέων</span> <span class='ocrx_word' id='word_1_498' title='bbox 1512 3343 1856 3415; x_wconf 79' lang='grc' dir='ltr'>θαυματουρ-</span> 
     </span>
    </p>
   </div>
   <div class='ocr_carea' id='block_1_66' title="bbox 261 3429 1856 3498">
    <p class='ocr_par' dir='ltr' id='par_1_66' title="bbox 261 3429 1856 3498">
     <span class='ocr_line' id='line_1_67' title="bbox 261 3429 1856 3498; baseline 0.004 -18"><span class='ocrx_word' id='word_1_499' title='bbox 261 3431 353 3495; x_wconf 78' lang='grc' dir='ltr'>γεί</span> <span class='ocrx_word' id='word_1_500' title='bbox 404 3429 572 3494; x_wconf 84' lang='grc' dir='ltr'>Θεὸς,</span> <span class='ocrx_word' id='word_1_501' title='bbox 623 3429 845 3496; x_wconf 79' lang='grc' dir='ltr'>εῦδηλον</span> <span class='ocrx_word' id='word_1_502' title='bbox 871 3429 951 3483; x_wconf 84' lang='grc' dir='ltr'>ὅτι</span> <span class='ocrx_word' id='word_1_503' title='bbox 978 3429 1204 3485; x_wconf 86' lang='grc' dir='ltr'>δύναται</span> <span class='ocrx_word' id='word_1_504' title='bbox 1247 3433 1344 3486; x_wconf 77' lang='grc' dir='ltr'>καὶ</span> <span class='ocrx_word' id='word_1_505' title='bbox 1376 3433 1447 3485; x_wconf 87' lang='grc' dir='ltr'><strong>δι’</strong></span> <span class='ocrx_word' id='word_1_506' title='bbox 1474 3433 1719 3498; x_wconf 90' lang='grc' dir='ltr'>είκόνων,</span> <span class='ocrx_word' id='word_1_507' title='bbox 1761 3435 1856 3487; x_wconf 75' lang='grc' dir='ltr'>καὶ</span> 
     </span>
    </p>
   </div>
   <div class='ocr_carea' id='block_1_67' title="bbox 258 3519 1857 3595">
    <p class='ocr_par' dir='ltr' id='par_1_67' title="bbox 258 3519 1857 3595">
     <span class='ocr_line' id='line_1_68' title="bbox 258 3519 1857 3595; baseline 0.003 -22"><span class='ocrx_word' id='word_1_508' title='bbox 258 3520 348 3573; x_wconf 69' lang='grc' dir='ltr'>διὰ</span> <span class='ocrx_word' id='word_1_509' title='bbox 372 3519 572 3585; x_wconf 85' lang='grc' dir='ltr'>λίθων,</span> <span class='ocrx_word' id='word_1_510' title='bbox 594 3522 686 3573; x_wconf 75' lang='grc' dir='ltr'>καὶ</span> <span class='ocrx_word' id='word_1_511' title='bbox 699 3522 765 3574; x_wconf 90' lang='grc' dir='ltr'><strong>δι’</strong></span> <span class='ocrx_word' id='word_1_512' title='bbox 802 3522 1004 3592; x_wconf 77' lang='grc' dir='ltr'>ἐτέρων</span> <span class='ocrx_word' id='word_1_513' title='bbox 1032 3522 1265 3576; x_wconf 83' lang='grc' dir='ltr'>πολλῶν.</span> <span class='ocrx_word' id='word_1_514' title='bbox 1316 3524 1471 3576; x_wconf 77' lang='grc' dir='ltr'><strong>Ἐπεὶ</strong></span> <span class='ocrx_word' id='word_1_515' title='bbox 1495 3527 1588 3578; x_wconf 82' lang='grc' dir='ltr'>καὶ</span> <span class='ocrx_word' id='word_1_516' title='bbox 1604 3525 1857 3595; x_wconf 68' lang='grc' dir='ltr'>Ἀϐραὰμ</span> 
     </span>
    </p>
   </div>
   <div class='ocr_carea' id='block_1_68' title="bbox 257 3597 1857 3686">
    <p class='ocr_par' dir='ltr' id='par_1_68' title="bbox 257 3597 1857 3686">
     <span class='ocr_line' id='line_1_69' title="bbox 257 3597 1857 3686; baseline 0.003 -23"><span class='ocrx_word' id='word_1_517' title='bbox 257 3611 319 3663; x_wconf 85' lang='grc' dir='ltr'>οὐ</span> <span class='ocrx_word' id='word_1_518' title='bbox 369 3612 708 3677; x_wconf 79' lang='grc' dir='ltr'>κατεδέξατο</span> <span class='ocrx_word' id='word_1_519' title='bbox 756 3612 924 3681; x_wconf 68' lang='grc' dir='ltr'>θάψαι</span> <span class='ocrx_word' id='word_1_520' title='bbox 956 3613 1015 3665; x_wconf 84' lang='grc' dir='ltr'><strong>τὸ</strong></span> <span class='ocrx_word' id='word_1_521' title='bbox 1046 3613 1205 3681; x_wconf 82' lang='grc' dir='ltr'>σῶμα</span> <span class='ocrx_word' id='word_1_522' title='bbox 1239 3614 1456 3686; x_wconf 71' lang='grc' dir='ltr'>Σάρρας</span> <span class='ocrx_word' id='word_1_523' title='bbox 1505 3616 1562 3666; x_wconf 82' lang='grc' dir='ltr'>ὲν</span> <span class='ocrx_word' id='word_1_524' title='bbox 1613 3597 1857 3684; x_wconf 82' lang='grc' dir='ltr'>μνήματι</span> 
     </span>
    </p>
   </div>
   <div class='ocr_carea' id='block_1_69' title="bbox 256 3698 1858 3774">
    <p class='ocr_par' dir='ltr' id='par_1_69' title="bbox 256 3698 1858 3774">
     <span class='ocr_line' id='line_1_70' title="bbox 256 3698 1858 3774; baseline 0.004 -23"><span class='ocrx_word' id='word_1_525' title='bbox 256 3698 564 3770; x_wconf 67' lang='grc' dir='ltr'>ἀλλοτρίῳ,</span> <span class='ocrx_word' id='word_1_526' title='bbox 597 3700 711 3752; x_wconf 85' lang='grc' dir='ltr'>ἀλλ’</span> <span class='ocrx_word' id='word_1_527' title='bbox 740 3704 796 3753; x_wconf 83' lang='grc' dir='ltr'>ὲν</span> <span class='ocrx_word' id='word_1_528' title='bbox 830 3702 944 3772; x_wconf 83' lang='grc' dir='ltr'>ίδίῳ</span> <span class='ocrx_word' id='word_1_529' title='bbox 977 3701 1148 3770; x_wconf 63' lang='grc' dir='ltr'>τάφῳ,</span> <span class='ocrx_word' id='word_1_530' title='bbox 1188 3703 1353 3772; x_wconf 83' lang='grc' dir='ltr'>τιμῆς</span> <span class='ocrx_word' id='word_1_531' title='bbox 1378 3703 1555 3774; x_wconf 85' lang='grc' dir='ltr'>χάριν.</span> <span class='ocrx_word' id='word_1_532' title='bbox 1586 3705 1735 3757; x_wconf 70' lang='grc' dir='ltr'>Ἐπεὶ</span> <span class='ocrx_word' id='word_1_533' title='bbox 1764 3707 1858 3759; x_wconf 75' lang='grc' dir='ltr'><strong>καὶ</strong></span> 
     </span>
    </p>
   </div>
   <div class='ocr_carea' id='block_1_70' title="bbox 269 3787 1859 3862">
    <p class='ocr_par' dir='ltr' id='par_1_70' title="bbox 269 3787 1859 3862">
     <span class='ocr_line' id='line_1_71' title="bbox 269 3787 1859 3862; baseline 0.004 -23"><span class='ocrx_word' id='word_1_534' title='bbox 269 3787 477 3841; x_wconf 80' lang='grc' dir='ltr'>Ἰακὼϐ</span> <span class='ocrx_word' id='word_1_535' title='bbox 520 3791 655 3860; x_wconf 81' lang='grc' dir='ltr'>τιμᾷ</span> <span class='ocrx_word' id='word_1_536' title='bbox 678 3788 763 3841; x_wconf 72' lang='grc' dir='ltr'><strong>διὰ</strong></span> <span class='ocrx_word' id='word_1_537' title='bbox 793 3791 939 3841; x_wconf 89' lang='grc' dir='ltr'>λίθου</span> <span class='ocrx_word' id='word_1_538' title='bbox 967 3791 1117 3855; x_wconf 51' lang='grc' dir='ltr'>Θεὸν,</span> <span class='ocrx_word' id='word_1_539' title='bbox 1160 3791 1363 3861; x_wconf 79' lang='grc' dir='ltr'>στήσας</span> <span class='ocrx_word' id='word_1_540' title='bbox 1405 3791 1502 3843; x_wconf 84' lang='grc' dir='ltr'>καὶ</span> <span class='ocrx_word' id='word_1_541' title='bbox 1530 3792 1722 3862; x_wconf 75' lang='grc' dir='ltr'>χρίσας</span> <span class='ocrx_word' id='word_1_542' title='bbox 1758 3793 1859 3846; x_wconf 80' lang='grc' dir='ltr'>αύ-</span> 
     </span>
    </p>
   </div>
   <div class='ocr_carea' id='block_1_71' title="bbox 255 3879 1860 3950">
    <p class='ocr_par' dir='ltr' id='par_1_71' title="bbox 255 3879 1860 3950">
     <span class='ocr_line' id='line_1_72' title="bbox 255 3879 1860 3950; baseline 0.004 -19"><span class='ocrx_word' id='word_1_543' title='bbox 255 3880 352 3931; x_wconf 83' lang='grc' dir='ltr'><strong>τὸν</strong></span> <span class='ocrx_word' id='word_1_544' title='bbox 387 3882 473 3942; x_wconf 77' lang='grc' dir='ltr'><strong>είς</strong></span> <span class='ocrx_word' id='word_1_545' title='bbox 515 3879 684 3932; x_wconf 82' lang='grc' dir='ltr'>τύπον</span> <span class='ocrx_word' id='word_1_546' title='bbox 717 3880 955 3947; x_wconf 79' lang='grc' dir='ltr'>Χριστοῦ</span> <span class='ocrx_word' id='word_1_547' title='bbox 986 3880 1081 3933; x_wconf 86' lang='grc' dir='ltr'><strong>τοῦ</strong></span> <span class='ocrx_word' id='word_1_548' title='bbox 1109 3882 1505 3950; x_wconf 83' lang='grc' dir='ltr'>ἀκρογωνιαίου</span> <span class='ocrx_word' id='word_1_549' title='bbox 1546 3882 1719 3936; x_wconf 89' lang='grc' dir='ltr'>λίθου.</span> <span class='ocrx_word' id='word_1_550' title='bbox 1750 3884 1860 3937; x_wconf 75' lang='grc' dir='ltr'><strong>Καὶ</strong></span> 
     </span>
    </p>
   </div>
   <div class='ocr_carea' id='block_1_72' title="bbox 261 3970 1856 4046">
    <p class='ocr_par' dir='ltr' id='par_1_72' title="bbox 261 3970 1856 4046">
     <span class='ocr_line' id='line_1_73' title="bbox 261 3970 1856 4046; baseline 0.004 -23"><span class='ocrx_word' id='word_1_551' title='bbox 261 3971 433 4023; x_wconf 84' lang='grc' dir='ltr'>πάλιν</span> <span class='ocrx_word' id='word_1_552' title='bbox 459 3970 652 4040; x_wconf 83' lang='grc' dir='ltr'>βουνὸν</span> <span class='ocrx_word' id='word_1_553' title='bbox 678 3971 840 4023; x_wconf 81' lang='grc' dir='ltr'>λίθων</span> <span class='ocrx_word' id='word_1_554' title='bbox 871 3973 963 4023; x_wconf 75' lang='grc' dir='ltr'>ἐπὶ</span> <span class='ocrx_word' id='word_1_555' title='bbox 987 3972 1080 4025; x_wconf 86' lang='grc' dir='ltr'><strong>τοῦ</strong></span> <span class='ocrx_word' id='word_1_556' title='bbox 1105 3971 1279 4034; x_wconf 78' lang='grc' dir='ltr'>Λαϐἀ,</span> <span class='ocrx_word' id='word_1_557' title='bbox 1305 3972 1557 4043; x_wconf 84' lang='grc' dir='ltr'>ὠνόμασε</span> <span class='ocrx_word' id='word_1_558' title='bbox 1582 3974 1856 4046; x_wconf 80' lang='grc' dir='ltr'>μάρτυρα.</span> 
     </span>
    </p>
   </div>
   <div class='ocr_carea' id='block_1_73' title="bbox 1956 3239 3532 3313">
    <p class='ocr_par' dir='ltr' id='par_1_73' title="bbox 1956 3239 3532 3313">
     <span class='ocr_line' id='line_1_74' title="bbox 1956 3239 3532 3313; baseline -0.004 -15"><span class='ocrx_word' id='word_1_559' title='bbox 1956 3244 2076 3298; x_wconf 87' lang='lat' dir='ltr'><strong>cula</strong></span> <span class='ocrx_word' id='word_1_560' title='bbox 2133 3252 2394 3313; x_wconf 86' lang='lat' dir='ltr'><strong>operatur</strong></span> <span class='ocrx_word' id='word_1_561' title='bbox 2446 3243 2592 3298; x_wconf 85' lang='lat' dir='ltr'><strong>Deus</strong></span> <span class='ocrx_word' id='word_1_562' title='bbox 2615 3284 2630 3306; x_wconf 90' lang='lat'><strong>,</strong></span> <span class='ocrx_word' id='word_1_563' title='bbox 2670 3242 3025 3312; x_wconf 73' lang='lat' dir='ltr'><strong>perspicuum</strong></span> <span class='ocrx_word' id='word_1_564' title='bbox 3060 3248 3145 3294; x_wconf 88' lang='lat' dir='ltr'><strong>est</strong></span> <span class='ocrx_word' id='word_1_565' title='bbox 3180 3239 3323 3309; x_wconf 88' lang='lat' dir='ltr'><strong>quod</strong></span> <span class='ocrx_word' id='word_1_566' title='bbox 3357 3239 3532 3308; x_wconf 80' lang='lat' dir='ltr'><strong>possit</strong></span> 
     </span>
    </p>
   </div>
   <div class='ocr_carea' id='block_1_74' title="bbox 1954 3328 3532 3404">
    <p class='ocr_par' dir='ltr' id='par_1_74' title="bbox 1954 3328 3532 3404">
     <span class='ocr_line' id='line_1_75' title="bbox 1954 3328 3532 3404; baseline -0.004 -17"><span class='ocrx_word' id='word_1_567' title='bbox 1954 3334 2117 3387; x_wconf 88' lang='lat' dir='ltr'><strong>etiam</strong></span> <span class='ocrx_word' id='word_1_568' title='bbox 2150 3349 2247 3402; x_wconf 91' lang='lat' dir='ltr'><strong>per</strong></span> <span class='ocrx_word' id='word_1_569' title='bbox 2269 3333 2554 3404; x_wconf 82' lang='lat' dir='ltr'><strong>imagines,</strong></span> <span class='ocrx_word' id='word_1_570' title='bbox 2586 3344 2641 3387; x_wconf 90' lang='lat' dir='ltr'><strong>et</strong></span> <span class='ocrx_word' id='word_1_571' title='bbox 2671 3349 2769 3398; x_wconf 83' lang='lat' dir='ltr'><strong>per</strong></span> <span class='ocrx_word' id='word_1_572' title='bbox 2794 3333 3020 3401; x_wconf 83' lang='lat' dir='ltr'><strong>lapides.-</strong></span> <span class='ocrx_word' id='word_1_573' title='bbox 3047 3340 3104 3386; x_wconf 86' lang='lat' dir='ltr'><strong>et</strong></span> <span class='ocrx_word' id='word_1_574' title='bbox 3142 3346 3240 3400; x_wconf 90' lang='lat' dir='ltr'><strong>per</strong></span> <span class='ocrx_word' id='word_1_575' title='bbox 3263 3330 3366 3384; x_wconf 89' lang='lat' dir='ltr'><strong>alia</strong></span> <span class='ocrx_word' id='word_1_576' title='bbox 3389 3328 3532 3383; x_wconf 90' lang='lat' dir='ltr'><strong>mul-</strong></span> 
     </span>
    </p>
   </div>
   <div class='ocr_carea' id='block_1_75' title="bbox 1957 3420 3534 3491">
    <p class='ocr_par' dir='ltr' id='par_1_75' title="bbox 1957 3420 3534 3491">
     <span class='ocr_line' id='line_1_76' title="bbox 1957 3420 3534 3491; baseline -0.001 -15"><span class='ocrx_word' id='word_1_577' title='bbox 1957 3431 2030 3477; x_wconf 90' lang='lat' dir='ltr'><strong>ta.</strong></span> <span class='ocrx_word' id='word_1_578' title='bbox 2068 3422 2204 3477; x_wconf 83' lang='lat' dir='ltr'><strong>Nam</strong></span> <span class='ocrx_word' id='word_1_579' title='bbox 2238 3433 2293 3478; x_wconf 88' lang='lat' dir='ltr'><strong>et</strong></span> <span class='ocrx_word' id='word_1_580' title='bbox 2318 3424 2590 3478; x_wconf 82' lang='lat' dir='ltr'><strong>Abraham</strong></span> <span class='ocrx_word' id='word_1_581' title='bbox 2630 3439 2740 3477; x_wconf 88' lang='lat' dir='ltr'><strong>non</strong></span> <span class='ocrx_word' id='word_1_582' title='bbox 2792 3422 3043 3491; x_wconf 82' lang='lat' dir='ltr'><strong>permisit</strong></span> <span class='ocrx_word' id='word_1_583' title='bbox 3080 3420 3300 3490; x_wconf 88' lang='lat' dir='ltr'><strong>sepeliri</strong></span> <span class='ocrx_word' id='word_1_584' title='bbox 3329 3435 3534 3489; x_wconf 84' lang='lat' dir='ltr'><strong>corpus</strong></span> 
     </span>
    </p>
   </div>
   <div class='ocr_carea' id='block_1_76' title="bbox 1957 3507 3535 3578">
    <p class='ocr_par' dir='ltr' id='par_1_76' title="bbox 1957 3507 3535 3578">
     <span class='ocr_line' id='line_1_77' title="bbox 1957 3507 3535 3578; baseline -0.003 -12"><span class='ocrx_word' id='word_1_585' title='bbox 1957 3513 2104 3567; x_wconf 69' lang='lat' dir='ltr'><strong>Suras</strong></span> <span class='ocrx_word' id='word_1_586' title='bbox 2174 3514 2231 3566; x_wconf 91' lang='lat' dir='ltr'><strong>in</strong></span> <span class='ocrx_word' id='word_1_587' title='bbox 2298 3512 2669 3566; x_wconf 90' lang='lat' dir='ltr'><strong>monumentis</strong></span> <span class='ocrx_word' id='word_1_588' title='bbox 2739 3512 2970 3576; x_wconf 88' lang='lat' dir='ltr'><strong>alienis,</strong></span> <span class='ocrx_word' id='word_1_589' title='bbox 3031 3511 3124 3565; x_wconf 87' lang='lat' dir='ltr'><strong>sed</strong></span> <span class='ocrx_word' id='word_1_590' title='bbox 3194 3511 3249 3563; x_wconf 92' lang='lat' dir='ltr'><strong>in</strong></span> <span class='ocrx_word' id='word_1_591' title='bbox 3314 3507 3535 3578; x_wconf 87' lang='lat' dir='ltr'><strong>proprio</strong></span> 
     </span>
    </p>
   </div>
   <div class='ocr_carea' id='block_1_77' title="bbox 1955 3598 3536 3671">
    <p class='ocr_par' dir='ltr' id='par_1_77' title="bbox 1955 3598 3536 3671">
     <span class='ocr_line' id='line_1_78' title="bbox 1955 3598 3536 3671; baseline -0.003 -15"><span class='ocrx_word' id='word_1_592' title='bbox 1955 3601 2207 3671; x_wconf 90' lang='lat' dir='ltr'><strong>sepulcro</strong></span> <span class='ocrx_word' id='word_1_593' title='bbox 2245 3616 2409 3656; x_wconf 88' lang='lat' dir='ltr'><strong>causa</strong></span> <span class='ocrx_word' id='word_1_594' title='bbox 2449 3601 2697 3656; x_wconf 88' lang='lat' dir='ltr'><strong>honoris.</strong></span> <span class='ocrx_word' id='word_1_595' title='bbox 2741 3600 2875 3654; x_wconf 86' lang='lat' dir='ltr'><strong>Nam</strong></span> <span class='ocrx_word' id='word_1_596' title='bbox 2898 3609 2954 3654; x_wconf 88' lang='lat' dir='ltr'><strong>et</strong></span> <span class='ocrx_word' id='word_1_597' title='bbox 2982 3598 3148 3654; x_wconf 84' lang='lat' dir='ltr'><strong>Jacob</strong></span> <span class='ocrx_word' id='word_1_598' title='bbox 3176 3600 3410 3654; x_wconf 83' lang='lat' dir='ltr'><strong>honorat</strong></span> <span class='ocrx_word' id='word_1_599' title='bbox 3437 3613 3536 3667; x_wconf 88' lang='lat' dir='ltr'><strong>per</strong></span> 
     </span>
    </p>
   </div>
   <div class='ocr_carea' id='block_1_78' title="bbox 1954 3689 3533 3763">
    <p class='ocr_par' dir='ltr' id='par_1_78' title="bbox 1954 3689 3533 3763">
     <span class='ocr_line' id='line_1_79' title="bbox 1954 3689 3533 3763; baseline -0.003 -16"><span class='ocrx_word' id='word_1_600' title='bbox 1954 3693 2189 3763; x_wconf 87' lang='lat' dir='ltr'><strong>lapidem</strong></span> <span class='ocrx_word' id='word_1_601' title='bbox 2223 3693 2391 3747; x_wconf 91' lang='lat' dir='ltr'><strong>Deum</strong></span> <span class='ocrx_word' id='word_1_602' title='bbox 2418 3733 2432 3759; x_wconf 93' lang='lat'><strong>,</strong></span> <span class='ocrx_word' id='word_1_603' title='bbox 2467 3702 2714 3747; x_wconf 89' lang='lat' dir='ltr'><strong>statuens</strong></span> <span class='ocrx_word' id='word_1_604' title='bbox 2745 3701 2801 3747; x_wconf 87' lang='lat' dir='ltr'><strong>et</strong></span> <span class='ocrx_word' id='word_1_605' title='bbox 2828 3707 3039 3762; x_wconf 86' lang='lat' dir='ltr'><strong>ungens</strong></span> <span class='ocrx_word' id='word_1_606' title='bbox 3081 3706 3208 3745; x_wconf 88' lang='lat' dir='ltr'><strong>enm</strong></span> <span class='ocrx_word' id='word_1_607' title='bbox 3256 3689 3311 3743; x_wconf 92' lang='lat' dir='ltr'><strong>in</strong></span> <span class='ocrx_word' id='word_1_608' title='bbox 3349 3699 3533 3760; x_wconf 84' lang='lat' dir='ltr'><strong>typum</strong></span> 
     </span>
    </p>
   </div>
   <div class='ocr_carea' id='block_1_79' title="bbox 1955 3768 3535 3854">
    <p class='ocr_par' dir='ltr' id='par_1_79' title="bbox 1955 3768 3535 3854">
     <span class='ocr_line' id='line_1_80' title="bbox 1955 3768 3535 3854; baseline -0.001 -13"><span class='ocrx_word' id='word_1_609' title='bbox 1955 3785 2157 3841; x_wconf 88' lang='lat' dir='ltr'><strong>Christi</strong></span> <span class='ocrx_word' id='word_1_610' title='bbox 2185 3784 2460 3854; x_wconf 79' lang='lat' dir='ltr'><strong>angularis</strong></span> <span class='ocrx_word' id='word_1_611' title='bbox 2491 3785 2711 3854; x_wconf 89' lang='lat' dir='ltr'><strong>lapidis.</strong></span> <span class='ocrx_word' id='word_1_612' title='bbox 2736 3784 2805 3838; x_wconf 86' lang='lat' dir='ltr'><strong>Et</strong></span> <span class='ocrx_word' id='word_1_613' title='bbox 2834 3768 2967 3837; x_wconf 76' lang='lat' dir='ltr'><strong>item</strong></span> <span class='ocrx_word' id='word_1_614' title='bbox 3003 3798 3262 3838; x_wconf 82' lang='lat' dir='ltr'><strong>acervum</strong></span> <span class='ocrx_word' id='word_1_615' title='bbox 3294 3783 3535 3851; x_wconf 87' lang='lat' dir='ltr'><strong>lapidum</strong></span> 
     </span>
    </p>
   </div>
   <div class='ocr_carea' id='block_1_80' title="bbox 1958 3872 3537 3932">
    <p class='ocr_par' dir='ltr' id='par_1_80' title="bbox 1958 3872 3537 3932">
     <span class='ocr_line' id='line_1_81' title="bbox 1958 3872 3537 3932; baseline -0.002 0"><span class='ocrx_word' id='word_1_616' title='bbox 1958 3879 2013 3932; x_wconf 92' lang='lat' dir='ltr'><strong>in</strong></span> <span class='ocrx_word' id='word_1_617' title='bbox 2044 3877 2225 3932; x_wconf 83' lang='lat' dir='ltr'><strong>Laban</strong></span> <span class='ocrx_word' id='word_1_618' title='bbox 2260 3876 2563 3931; x_wconf 88' lang='lat' dir='ltr'><strong>nominavit</strong></span> <span class='ocrx_word' id='word_1_619' title='bbox 2590 3883 2803 3931; x_wconf 84' lang='lat' dir='ltr'><strong>testem.</strong></span> <span class='ocrx_word' id='word_1_620' title='bbox 2830 3874 2896 3929; x_wconf 76' lang='lat' dir='ltr'><strong>Et</strong></span> <span class='ocrx_word' id='word_1_621' title='bbox 2946 3872 3104 3929; x_wconf 82' lang='lat' dir='ltr'><strong>Jesus</strong></span> <span class='ocrx_word' id='word_1_622' title='bbox 3149 3874 3294 3929; x_wconf 79' lang='lat' dir='ltr'><strong>Nave</strong></span> <span class='ocrx_word' id='word_1_623' title='bbox 3330 3873 3537 3929; x_wconf 83' lang='lat' dir='ltr'><strong>duode-</strong></span> 
     </span>
    </p>
   </div>
   <div class='ocr_carea' id='block_1_81' title="bbox 1958 3965 3534 4040">
    <p class='ocr_par' dir='ltr' id='par_1_81' title="bbox 1958 3965 3534 4040">
     <span class='ocr_line' id='line_1_82' title="bbox 1958 3965 3534 4040; baseline -0.003 -15"><span class='ocrx_word' id='word_1_624' title='bbox 1958 3970 2061 4026; x_wconf 89' lang='lat' dir='ltr'><strong>cim</strong></span> <span class='ocrx_word' id='word_1_625' title='bbox 2104 3970 2313 4040; x_wconf 85' lang='lat' dir='ltr'><strong>lapides</strong></span> <span class='ocrx_word' id='word_1_626' title='bbox 2344 3967 2535 4023; x_wconf 88' lang='lat' dir='ltr'><strong>statuit</strong></span> <span class='ocrx_word' id='word_1_627' title='bbox 2561 3966 2621 4021; x_wconf 78' lang='lat' dir='ltr'><strong>in</strong></span> <span class='ocrx_word' id='word_1_628' title='bbox 2672 3965 3108 4022; x_wconf 87' lang='lat' dir='ltr'><strong>recordationem</strong></span> <span class='ocrx_word' id='word_1_629' title='bbox 3160 3965 3272 4019; x_wconf 89' lang='lat' dir='ltr'><strong>Dei.</strong></span> <span class='ocrx_word' id='word_1_630' title='bbox 3301 3965 3356 4019; x_wconf 87' lang='lat' dir='ltr'><strong>Si</strong></span> <span class='ocrx_word' id='word_1_631' title='bbox 3388 3966 3534 4020; x_wconf 78' lang='lat' dir='ltr'><strong>enim</strong></span> 
     </span>
    </p>
   </div>
   <div class='ocr_carea' id='block_1_82' title="bbox 258 4052 1847 4132">
    <p class='ocr_par' dir='ltr' id='par_1_82' title="bbox 258 4059 1847 4132">
     <span class='ocr_line' id='line_1_83' title="bbox 258 4059 1847 4132; baseline 0.003 -20"><span class='ocrx_word' id='word_1_632' title='bbox 258 4059 563 4132; x_wconf 75' lang='grc' dir='ltr'>Μαρτυρεί</span> <span class='ocrx_word' id='word_1_633' title='bbox 614 4060 707 4113; x_wconf 72' lang='grc' dir='ltr'>καὶ</span> <span class='ocrx_word' id='word_1_634' title='bbox 753 4060 957 4129; x_wconf 83' lang='grc' dir='ltr'>Ἰησοῦς</span> <span class='ocrx_word' id='word_1_635' title='bbox 1010 4063 1037 4113; x_wconf 93' lang='grc' dir='ltr'><strong>ὀ</strong></span> <span class='ocrx_word' id='word_1_636' title='bbox 1068 4060 1162 4114; x_wconf 86' lang='grc' dir='ltr'><strong>τοῦ</strong></span> <span class='ocrx_word' id='word_1_637' title='bbox 1212 4062 1367 4132; x_wconf 83' lang='grc' dir='ltr'>Ναυῆ</span> <span class='ocrx_word' id='word_1_638' title='bbox 1420 4062 1630 4116; x_wconf 84' lang='grc' dir='ltr'>δώδεκα</span> <span class='ocrx_word' id='word_1_639' title='bbox 1678 4063 1847 4128; x_wconf 79' lang='grc' dir='ltr'>λίθους</span> 
     </span>
    </p>
   </div>
   <div class='ocr_carea' id='block_1_83' title="bbox 1949 4052 3537 4132">
    <p class='ocr_par' dir='ltr' id='par_1_83' title="bbox 1960 4057 3537 4127">
     <span class='ocr_line' id='line_1_84' title="bbox 1960 4057 3537 4127; baseline -0.004 -10"><span class='ocrx_word' id='word_1_640' title='bbox 1960 4068 2144 4117; x_wconf 88' lang='lat' dir='ltr'><strong>essent</strong></span> <span class='ocrx_word' id='word_1_641' title='bbox 2179 4060 2273 4115; x_wconf 90' lang='lat' dir='ltr'><strong>tibi</strong></span> <span class='ocrx_word' id='word_1_642' title='bbox 2295 4097 2309 4120; x_wconf 84' lang='lat'><strong>.</strong></span> <span class='ocrx_word' id='word_1_643' title='bbox 2344 4075 2378 4114; x_wconf 90' lang='grc' dir='ltr'><strong>ο</strong></span> <span class='ocrx_word' id='word_1_644' title='bbox 2402 4057 2589 4113; x_wconf 85' lang='lat' dir='ltr'><strong>Judaee</strong></span> <span class='ocrx_word' id='word_1_645' title='bbox 2611 4100 2627 4124; x_wconf 93' lang='lat'><strong>,</strong></span> <span class='ocrx_word' id='word_1_646' title='bbox 2674 4059 2727 4111; x_wconf 92' lang='lat' dir='ltr'><strong>in</strong></span> <span class='ocrx_word' id='word_1_647' title='bbox 2759 4058 2963 4127; x_wconf 88' lang='lat' dir='ltr'><strong>templo</strong></span> <span class='ocrx_word' id='word_1_648' title='bbox 2993 4066 3086 4112; x_wconf 91' lang='lat' dir='ltr'><strong>tuo</strong></span> <span class='ocrx_word' id='word_1_649' title='bbox 3113 4057 3222 4111; x_wconf 86' lang='lat' dir='ltr'><strong>duo</strong></span> <span class='ocrx_word' id='word_1_650' title='bbox 3252 4057 3537 4112; x_wconf 89' lang='lat' dir='ltr'><strong>cherubim</strong></span> 
     </span>
    </p>
   </div>
   <div class='ocr_carea' id='block_1_84' title="bbox 260 4145 1847 4225">
    <p class='ocr_par' dir='ltr' id='par_1_84' title="bbox 260 4146 1847 4223">
     <span class='ocr_line' id='line_1_85' title="bbox 260 4146 1847 4223; baseline 0.004 -21"><span class='ocrx_word' id='word_1_651' title='bbox 260 4152 483 4221; x_wconf 75' lang='grc' dir='ltr'>στήσας</span> <span class='ocrx_word' id='word_1_652' title='bbox 509 4152 592 4213; x_wconf 84' lang='grc' dir='ltr'>εἰς</span> <span class='ocrx_word' id='word_1_653' title='bbox 619 4150 754 4202; x_wconf 79' lang='grc' dir='ltr'>Θεοῦ</span> <span class='ocrx_word' id='word_1_654' title='bbox 787 4150 1114 4220; x_wconf 79' lang='grc' dir='ltr'>ἀνάμνησιν.</span> <span class='ocrx_word' id='word_1_655' title='bbox 1150 4152 1209 4204; x_wconf 74' lang='grc' dir='ltr'><strong>Εἰ</strong></span> <span class='ocrx_word' id='word_1_656' title='bbox 1242 4151 1351 4223; x_wconf 81' lang='grc' dir='ltr'><strong>γὰρ</strong></span> <span class='ocrx_word' id='word_1_657' title='bbox 1381 4146 1518 4221; x_wconf 79' lang='grc' dir='ltr'>ἦσάν</span> <span class='ocrx_word' id='word_1_658' title='bbox 1543 4169 1648 4219; x_wconf 89' lang='grc' dir='ltr'>σοι,</span> <span class='ocrx_word' id='word_1_659' title='bbox 1669 4147 1714 4207; x_wconf 84' lang='grc' dir='ltr'>ὧ</span> <span class='ocrx_word' id='word_1_660' title='bbox 1735 4154 1847 4208; x_wconf 86' lang='grc' dir='ltr'><strong>Ἰου¹</strong></span> 
     </span>
    </p>
   </div>
   <div class='ocr_carea' id='block_1_85' title="bbox 1949 4145 3538 4225">
    <p class='ocr_par' dir='ltr' id='par_1_85' title="bbox 1960 4145 3538 4221">
     <span class='ocr_line' id='line_1_86' title="bbox 1960 4145 3538 4221; baseline -0.003 -15"><span class='ocrx_word' id='word_1_661' title='bbox 1960 4151 2071 4215; x_wconf 89' lang='lat' dir='ltr'><strong>illi,</strong></span> <span class='ocrx_word' id='word_1_662' title='bbox 2101 4151 2195 4221; x_wconf 90' lang='lat' dir='ltr'><strong>qui</strong></span> <span class='ocrx_word' id='word_1_663' title='bbox 2250 4149 2649 4205; x_wconf 88' lang='lat' dir='ltr'><strong>obumbrabant</strong></span> <span class='ocrx_word' id='word_1_664' title='bbox 2696 4146 3166 4217; x_wconf 87' lang='lat' dir='ltr'><strong>propitiatorium,</strong></span> <span class='ocrx_word' id='word_1_665' title='bbox 3211 4145 3441 4215; x_wconf 87' lang='lat' dir='ltr'><strong>sculpti,</strong></span> <span class='ocrx_word' id='word_1_666' title='bbox 3482 4157 3538 4202; x_wconf 89' lang='lat' dir='ltr'><strong>et</strong></span> 
     </span>
    </p>
   </div>
   <div class='ocr_carea' id='block_1_86' title="bbox 255 4235 1847 4315">
    <p class='ocr_par' dir='ltr' id='par_1_86' title="bbox 255 4242 1841 4315">
     <span class='ocr_line' id='line_1_87' title="bbox 255 4242 1841 4315; baseline 0.004 -21"><span class='ocrx_word' id='word_1_667' title='bbox 255 4242 408 4307; x_wconf 85' lang='grc' dir='ltr'>δαῖε,</span> <span class='ocrx_word' id='word_1_668' title='bbox 442 4245 509 4295; x_wconf 78' lang='grc' dir='ltr'>ὲν</span> <span class='ocrx_word' id='word_1_669' title='bbox 538 4242 618 4312; x_wconf 80' lang='grc' dir='ltr'>τῷ</span> <span class='ocrx_word' id='word_1_670' title='bbox 640 4242 718 4311; x_wconf 83' lang='grc' dir='ltr'><strong>σῷ</strong></span> <span class='ocrx_word' id='word_1_671' title='bbox 750 4242 865 4312; x_wconf 79' lang='grc' dir='ltr'>ναῷ</span> <span class='ocrx_word' id='word_1_672' title='bbox 883 4242 954 4294; x_wconf 84' lang='grc' dir='ltr'>τὰ</span> <span class='ocrx_word' id='word_1_673' title='bbox 988 4242 1081 4296; x_wconf 88' lang='grc' dir='ltr'><strong>δύο</strong></span> <span class='ocrx_word' id='word_1_674' title='bbox 1106 4243 1386 4315; x_wconf 73' lang='grc' dir='ltr'>Χερουϐὶμ</span> <span class='ocrx_word' id='word_1_675' title='bbox 1406 4245 1588 4297; x_wconf 80' lang='grc' dir='ltr'>ἐκεῖνα</span> <span class='ocrx_word' id='word_1_676' title='bbox 1609 4244 1682 4298; x_wconf 81' lang='grc' dir='ltr'><strong>τὰ</strong></span> <span class='ocrx_word' id='word_1_677' title='bbox 1702 4263 1841 4300; x_wconf 91' lang='grc' dir='ltr'>κατα</span> 
     </span>
    </p>
   </div>
   <div class='ocr_carea' id='block_1_87' title="bbox 1949 4235 3539 4315">
    <p class='ocr_par' dir='ltr' id='par_1_87' title="bbox 1961 4235 3539 4310">
     <span class='ocr_line' id='line_1_88' title="bbox 1961 4235 3539 4310; baseline -0.004 -14"><span class='ocrx_word' id='word_1_678' title='bbox 1961 4243 2222 4297; x_wconf 88' lang='lat' dir='ltr'><strong>intrasset</strong></span> <span class='ocrx_word' id='word_1_679' title='bbox 2278 4239 2563 4310; x_wconf 82' lang='lat' dir='ltr'><strong>quisquam</strong></span> <span class='ocrx_word' id='word_1_680' title='bbox 2618 4252 2861 4308; x_wconf 82' lang='lat' dir='ltr'><strong>paganus</strong></span> <span class='ocrx_word' id='word_1_681' title='bbox 2908 4235 3175 4291; x_wconf 90' lang='lat' dir='ltr'><strong>idolorum</strong></span> <span class='ocrx_word' id='word_1_682' title='bbox 3225 4236 3443 4299; x_wconf 87' lang='lat' dir='ltr'><strong>cultor,</strong></span> <span class='ocrx_word' id='word_1_683' title='bbox 3483 4245 3539 4290; x_wconf 89' lang='lat' dir='ltr'><strong>et</strong></span> 
     </span>
    </p>
   </div>
   <div class='ocr_carea' id='block_1_88' title="bbox 263 4312 1847 4404">
    <p class='ocr_par' dir='ltr' id='par_1_88' title="bbox 263 4312 1847 4404">
     <span class='ocr_line' id='line_1_89' title="bbox 263 4312 1847 4404; baseline 0.004 -22"><span class='ocrx_word' id='word_1_684' title='bbox 263 4332 581 4395; x_wconf 77' lang='grc' dir='ltr'>σκιάζοντα</span> <span class='ocrx_word' id='word_1_685' title='bbox 610 4331 669 4382; x_wconf 89' lang='grc' dir='ltr'><strong>τὸ</strong></span> <span class='ocrx_word' id='word_1_686' title='bbox 698 4331 1031 4402; x_wconf 80' lang='grc' dir='ltr'>ἱλαστήριον,</span> <span class='ocrx_word' id='word_1_687' title='bbox 1079 4332 1148 4384; x_wconf 72' lang='grc' dir='ltr'><strong>τὰ</strong></span> <span class='ocrx_word' id='word_1_688' title='bbox 1177 4312 1412 4400; x_wconf 65' lang='grc' dir='ltr'>γλυπτὰ,</span> <span class='ocrx_word' id='word_1_689' title='bbox 1442 4332 1661 4404; x_wconf 80' lang='grc' dir='ltr'>εἰσῆλθε</span> <span class='ocrx_word' id='word_1_690' title='bbox 1693 4335 1752 4388; x_wconf 85' lang='grc' dir='ltr'>δέ</span> <span class='ocrx_word' id='word_1_691' title='bbox 1778 4353 1847 4399; x_wconf 74' lang='grc' dir='ltr'><strong>τις</strong></span> 
     </span>
    </p>
   </div>
   <div class='ocr_carea' id='block_1_89' title="bbox 1949 4312 3537 4404">
    <p class='ocr_par' dir='ltr' id='par_1_89' title="bbox 1962 4326 3537 4402">
     <span class='ocr_line' id='line_1_90' title="bbox 1962 4326 3537 4402; baseline -0.004 -15"><span class='ocrx_word' id='word_1_692' title='bbox 1962 4332 2092 4387; x_wconf 87' lang='lat' dir='ltr'><strong>visis</strong></span> <span class='ocrx_word' id='word_1_693' title='bbox 2121 4332 2206 4387; x_wconf 92' lang='lat' dir='ltr'><strong>his</strong></span> <span class='ocrx_word' id='word_1_694' title='bbox 2234 4330 2502 4402; x_wconf 86' lang='lat' dir='ltr'><strong>arguisset</strong></span> <span class='ocrx_word' id='word_1_695' title='bbox 2523 4328 2741 4384; x_wconf 75' lang='lat' dir='ltr'><strong>Judasos</strong></span> <span class='ocrx_word' id='word_1_696' title='bbox 2763 4368 2777 4393; x_wconf 95' lang='lat'><strong>,</strong></span> <span class='ocrx_word' id='word_1_697' title='bbox 2811 4327 2967 4396; x_wconf 90' lang='lat' dir='ltr'><strong>quasi</strong></span> <span class='ocrx_word' id='word_1_698' title='bbox 2997 4336 3052 4381; x_wconf 93' lang='lat' dir='ltr'><strong>et</strong></span> <span class='ocrx_word' id='word_1_699' title='bbox 3076 4326 3219 4396; x_wconf 89' lang='lat' dir='ltr'><strong>ipsos</strong></span> <span class='ocrx_word' id='word_1_700' title='bbox 3243 4327 3537 4381; x_wconf 87' lang='lat' dir='ltr'><strong>adorantes</strong></span> 
     </span>
    </p>
   </div>
   <div class='ocr_carea' id='block_1_90' title="bbox 254 4417 1847 4498">
    <p class='ocr_par' dir='ltr' id='par_1_90' title="bbox 254 4420 1847 4498">
     <span class='ocr_line' id='line_1_91' title="bbox 254 4420 1847 4498; baseline 0.004 -23"><span class='ocrx_word' id='word_1_701' title='bbox 254 4423 473 4492; x_wconf 83' lang='grc' dir='ltr'>Ἕλλην</span> <span class='ocrx_word' id='word_1_702' title='bbox 495 4420 890 4494; x_wconf 79' lang='grc' dir='ltr'>εἰδωλολάτρης</span> <span class='ocrx_word' id='word_1_703' title='bbox 924 4425 984 4476; x_wconf 87' lang='grc' dir='ltr'>ἐν</span> <span class='ocrx_word' id='word_1_704' title='bbox 1014 4423 1090 4492; x_wconf 82' lang='grc' dir='ltr'>τῷ</span> <span class='ocrx_word' id='word_1_705' title='bbox 1120 4422 1229 4495; x_wconf 81' lang='grc' dir='ltr'>ναῷ</span> <span class='ocrx_word' id='word_1_706' title='bbox 1256 4441 1372 4490; x_wconf 90' lang='grc' dir='ltr'>σου,</span> <span class='ocrx_word' id='word_1_707' title='bbox 1397 4426 1492 4479; x_wconf 70' lang='grc' dir='ltr'>καὶ</span> <span class='ocrx_word' id='word_1_708' title='bbox 1523 4427 1847 4498; x_wconf 78' lang='grc' dir='ltr'>θεασάμενος</span> 
     </span>
    </p>
   </div>
   <div class='ocr_carea' id='block_1_91' title="bbox 1949 4417 3534 4498">
    <p class='ocr_par' dir='ltr' id='par_1_91' title="bbox 1963 4417 3534 4495">
     <span class='ocr_line' id='line_1_92' title="bbox 1963 4417 3534 4495; baseline -0.004 -18"><span class='ocrx_word' id='word_1_709' title='bbox 1963 4423 2276 4484; x_wconf 89' lang='lat' dir='ltr'><strong>simulacra,</strong></span> <span class='ocrx_word' id='word_1_710' title='bbox 2307 4421 2439 4495; x_wconf 83' lang='lat' dir='ltr'><strong>quid</strong></span> <span class='ocrx_word' id='word_1_711' title='bbox 2470 4428 2631 4490; x_wconf 86' lang='lat' dir='ltr'><strong>putas</strong></span> <span class='ocrx_word' id='word_1_712' title='bbox 2663 4418 2893 4489; x_wconf 83' lang='lat' dir='ltr'><strong>haberes</strong></span> <span class='ocrx_word' id='word_1_713' title='bbox 2920 4459 2935 4484; x_wconf 91' lang='lat'><strong>,</strong></span> <span class='ocrx_word' id='word_1_714' title='bbox 2984 4418 3075 4473; x_wconf 90' lang='lat' dir='ltr'><strong>dic</strong></span> <span class='ocrx_word' id='word_1_715' title='bbox 3103 4417 3268 4483; x_wconf 89' lang='lat' dir='ltr'><strong>mihi,</strong></span> <span class='ocrx_word' id='word_1_716' title='bbox 3301 4432 3534 4486; x_wconf 85' lang='lat' dir='ltr'><strong>respou-</strong></span> 
     </span>
    </p>
   </div>
   <div class='ocr_carea' id='block_1_92' title="bbox 250 4509 1847 4584">
    <p class='ocr_par' dir='ltr' id='par_1_92' title="bbox 250 4511 1847 4582">
     <span class='ocr_line' id='line_1_93' title="bbox 250 4511 1847 4582; baseline 0.004 -17"><span class='ocrx_word' id='word_1_717' title='bbox 250 4514 439 4566; x_wconf 85' lang='grc' dir='ltr'>ταῦτα</span> <span class='ocrx_word' id='word_1_718' title='bbox 469 4511 761 4582; x_wconf 68' lang='grc' dir='ltr'>ἐμέμψατο</span> <span class='ocrx_word' id='word_1_719' title='bbox 783 4517 896 4577; x_wconf 81' lang='grc' dir='ltr'>τοῖς</span> <span class='ocrx_word' id='word_1_720' title='bbox 931 4515 1230 4578; x_wconf 83' lang='grc' dir='ltr'>Ἰουδαίοις,</span> <span class='ocrx_word' id='word_1_721' title='bbox 1256 4515 1332 4579; x_wconf 86' lang='grc' dir='ltr'><strong>ὡς</strong></span> <span class='ocrx_word' id='word_1_722' title='bbox 1358 4517 1451 4569; x_wconf 77' lang='grc' dir='ltr'>καὶ</span> <span class='ocrx_word' id='word_1_723' title='bbox 1467 4518 1646 4572; x_wconf 84' lang='grc' dir='ltr'>αὐτῶν</span> <span class='ocrx_word' id='word_1_724' title='bbox 1668 4520 1847 4572; x_wconf 67' lang='grc' dir='ltr'>εἴδωλα</span> 
     </span>
    </p>
   </div>
   <div class='ocr_carea' id='block_1_93' title="bbox 1949 4509 3533 4584">
    <p class='ocr_par' dir='ltr' id='par_1_93' title="bbox 1966 4509 3533 4572">
     <span class='ocr_line' id='line_1_94' title="bbox 1966 4509 3533 4572; baseline -0.004 -3"><span class='ocrx_word' id='word_1_725' title='bbox 1966 4515 2096 4570; x_wconf 89' lang='lat' dir='ltr'><strong>dere</strong></span> <span class='ocrx_word' id='word_1_726' title='bbox 2120 4512 2195 4566; x_wconf 91' lang='lat' dir='ltr'><strong>illi</strong></span> <span class='ocrx_word' id='word_1_727' title='bbox 2231 4512 2298 4566; x_wconf 90' lang='lat' dir='ltr'><strong>de</strong></span> <span class='ocrx_word' id='word_1_728' title='bbox 2327 4512 2542 4566; x_wconf 85' lang='lat' dir='ltr'><strong>duobus</strong></span> <span class='ocrx_word' id='word_1_729' title='bbox 2571 4510 2860 4564; x_wconf 87' lang='lat' dir='ltr'><strong>cherubim</strong></span> <span class='ocrx_word' id='word_1_730' title='bbox 2890 4509 3140 4564; x_wconf 88' lang='lat' dir='ltr'><strong>fusilibus</strong></span> <span class='ocrx_word' id='word_1_731' title='bbox 3164 4547 3180 4572; x_wconf 86' lang='lat'><strong>,</strong></span> <span class='ocrx_word' id='word_1_732' title='bbox 3215 4519 3272 4563; x_wconf 86' lang='lat' dir='ltr'><strong>et</strong></span> <span class='ocrx_word' id='word_1_733' title='bbox 3323 4510 3499 4563; x_wconf 87' lang='lat' dir='ltr'><strong>bobus</strong></span> <span class='ocrx_word' id='word_1_734' title='bbox 3518 4548 3533 4572; x_wconf 86' lang='lat'><strong>,</strong></span> 
     </span>
    </p>
   </div>
   <div class='ocr_carea' id='block_1_94' title="bbox 249 4600 1847 4680">
    <p class='ocr_par' dir='ltr' id='par_1_94' title="bbox 249 4600 1847 4680">
     <span class='ocr_line' id='line_1_95' title="bbox 249 4600 1847 4680; baseline 0.002 -24"><span class='ocrx_word' id='word_1_735' title='bbox 249 4602 751 4672; x_wconf 84' lang='grc' dir='ltr'>προσκυνούντων,</span> <span class='ocrx_word' id='word_1_736' title='bbox 774 4603 826 4656; x_wconf 88' lang='grc' dir='ltr'><strong>τί</strong></span> <span class='ocrx_word' id='word_1_737' title='bbox 844 4603 908 4656; x_wconf 87' lang='grc' dir='ltr'>ἂν</span> <span class='ocrx_word' id='word_1_738' title='bbox 936 4600 1101 4674; x_wconf 73' lang='grc' dir='ltr'>εἶχες,</span> <span class='ocrx_word' id='word_1_739' title='bbox 1134 4606 1256 4658; x_wconf 76' lang='grc' dir='ltr'>είπὲ</span> <span class='ocrx_word' id='word_1_740' title='bbox 1282 4626 1391 4676; x_wconf 77' lang='grc' dir='ltr'>μοι.</span> <span class='ocrx_word' id='word_1_741' title='bbox 1417 4609 1847 4680; x_wconf 57' lang='grc' dir='ltr'>ἀπολογήσασθαι</span> 
     </span>
    </p>
   </div>
   <div class='ocr_carea' id='block_1_95' title="bbox 1949 4600 3540 4680">
    <p class='ocr_par' dir='ltr' id='par_1_95' title="bbox 1964 4600 3540 4674">
     <span class='ocr_line' id='line_1_96' title="bbox 1964 4600 3540 4674; baseline -0.004 -14"><span class='ocrx_word' id='word_1_742' title='bbox 1964 4614 2020 4661; x_wconf 86' lang='lat' dir='ltr'><strong>et</strong></span> <span class='ocrx_word' id='word_1_743' title='bbox 2070 4603 2304 4674; x_wconf 87' lang='lat' dir='ltr'><strong>palmis,</strong></span> <span class='ocrx_word' id='word_1_744' title='bbox 2372 4611 2428 4656; x_wconf 90' lang='lat' dir='ltr'><strong>et</strong></span> <span class='ocrx_word' id='word_1_745' title='bbox 2500 4600 2790 4667; x_wconf 88' lang='lat' dir='ltr'><strong>leonibus,</strong></span> <span class='ocrx_word' id='word_1_746' title='bbox 2855 4601 2947 4670; x_wconf 88' lang='lat' dir='ltr'><strong>qui</strong></span> <span class='ocrx_word' id='word_1_747' title='bbox 3008 4610 3165 4656; x_wconf 88' lang='lat' dir='ltr'><strong>erant</strong></span> <span class='ocrx_word' id='word_1_748' title='bbox 3221 4600 3275 4654; x_wconf 92' lang='lat' dir='ltr'><strong>in</strong></span> <span class='ocrx_word' id='word_1_749' title='bbox 3338 4601 3540 4671; x_wconf 88' lang='lat' dir='ltr'><strong>templo</strong></span> 
     </span>
    </p>
   </div>
   <div class='ocr_carea' id='block_1_96' title="bbox 250 4692 1847 4768">
    <p class='ocr_par' dir='ltr' id='par_1_96' title="bbox 250 4692 1847 4767">
     <span class='ocr_line' id='line_1_97' title="bbox 250 4692 1847 4767; baseline 0.004 -21"><span class='ocrx_word' id='word_1_750' title='bbox 250 4694 417 4763; x_wconf 79' lang='grc' dir='ltr'>αὐτῷ</span> <span class='ocrx_word' id='word_1_751' title='bbox 456 4692 589 4761; x_wconf 65' lang='grc' dir='ltr'>περὶ</span> <span class='ocrx_word' id='word_1_752' title='bbox 610 4693 719 4745; x_wconf 80' lang='grc' dir='ltr'><strong>τῶν</strong></span> <span class='ocrx_word' id='word_1_753' title='bbox 752 4692 846 4746; x_wconf 75' lang='grc' dir='ltr'><strong>δύο</strong></span> <span class='ocrx_word' id='word_1_754' title='bbox 868 4694 1150 4765; x_wconf 73' lang='grc' dir='ltr'>Χερουϐὶμ</span> <span class='ocrx_word' id='word_1_755' title='bbox 1173 4696 1283 4749; x_wconf 85' lang='grc' dir='ltr'><strong>τῶν</strong></span> <span class='ocrx_word' id='word_1_756' title='bbox 1309 4698 1614 4767; x_wconf 87' lang='grc' dir='ltr'>χωνευτῶν,</span> <span class='ocrx_word' id='word_1_757' title='bbox 1636 4701 1728 4752; x_wconf 75' lang='grc' dir='ltr'>καὶ</span> <span class='ocrx_word' id='word_1_758' title='bbox 1752 4699 1847 4753; x_wconf 61' lang='grc' dir='ltr'><strong>τῶι</strong></span> 
     </span>
    </p>
   </div>
   <div class='ocr_carea' id='block_1_97' title="bbox 1949 4692 3541 4768">
    <p class='ocr_par' dir='ltr' id='par_1_97' title="bbox 1965 4693 3541 4768">
     <span class='ocr_line' id='line_1_98' title="bbox 1965 4693 3541 4768; baseline -0.003 -16"><span class='ocrx_word' id='word_1_759' title='bbox 1965 4695 2201 4768; x_wconf 87' lang='lat' dir='ltr'><strong>sculpti?</strong></span> <span class='ocrx_word' id='word_1_760' title='bbox 2229 4693 2372 4748; x_wconf 89' lang='lat' dir='ltr'><strong>Nihil</strong></span> <span class='ocrx_word' id='word_1_761' title='bbox 2399 4695 2632 4749; x_wconf 79' lang='lat' dir='ltr'><strong>haberes</strong></span> <span class='ocrx_word' id='word_1_762' title='bbox 2654 4693 2841 4763; x_wconf 83' lang='lat' dir='ltr'><strong>utique</strong></span> <span class='ocrx_word' id='word_1_763' title='bbox 2862 4708 3052 4748; x_wconf 86' lang='lat' dir='ltr'><strong>verum</strong></span> <span class='ocrx_word' id='word_1_764' title='bbox 3075 4694 3143 4749; x_wconf 91' lang='lat' dir='ltr'><strong>ad</strong></span> <span class='ocrx_word' id='word_1_765' title='bbox 3182 4708 3307 4748; x_wconf 83' lang='lat' dir='ltr'><strong>eum</strong></span> <span class='ocrx_word' id='word_1_766' title='bbox 3351 4694 3541 4749; x_wconf 87' lang='lat' dir='ltr'><strong>dicen-</strong></span> 
     </span>
    </p>
   </div>
   <div class='ocr_carea' id='block_1_98' title="bbox 251 4783 1847 4856">
    <p class='ocr_par' dir='ltr' id='par_1_98' title="bbox 251 4784 1847 4856">
     <span class='ocr_line' id='line_1_99' title="bbox 251 4784 1847 4856; baseline 0.004 -19"><span class='ocrx_word' id='word_1_767' title='bbox 251 4785 428 4856; x_wconf 79' lang='grc' dir='ltr'>βοῶν,</span> <span class='ocrx_word' id='word_1_768' title='bbox 477 4784 578 4837; x_wconf 66' lang='grc' dir='ltr'>καὶ</span> <span class='ocrx_word' id='word_1_769' title='bbox 627 4784 906 4853; x_wconf 77' lang='grc' dir='ltr'>φοινίκων,</span> <span class='ocrx_word' id='word_1_770' title='bbox 945 4786 1039 4838; x_wconf 70' lang='grc' dir='ltr'>καὶ</span> <span class='ocrx_word' id='word_1_771' title='bbox 1060 4786 1289 4840; x_wconf 86' lang='grc' dir='ltr'>λεόντων</span> <span class='ocrx_word' id='word_1_772' title='bbox 1319 4789 1429 4843; x_wconf 83' lang='grc' dir='ltr'><strong>τῶν</strong></span> <span class='ocrx_word' id='word_1_773' title='bbox 1458 4789 1627 4843; x_wconf 78' lang='grc' dir='ltr'>ὄντων</span> <span class='ocrx_word' id='word_1_774' title='bbox 1655 4791 1774 4844; x_wconf 90' lang='grc' dir='ltr'>τότε</span> <span class='ocrx_word' id='word_1_775' title='bbox 1805 4795 1847 4844; x_wconf 55' lang='grc' dir='ltr'><strong>ὲκ</strong></span> 
     </span>
    </p>
   </div>
   <div class='ocr_carea' id='block_1_99' title="bbox 1949 4783 3542 4856">
    <p class='ocr_par' dir='ltr' id='par_1_99' title="bbox 1964 4783 3542 4856">
     <span class='ocr_line' id='line_1_100' title="bbox 1964 4783 3542 4856; baseline -0.002 -14"><span class='ocrx_word' id='word_1_776' title='bbox 1964 4789 2117 4853; x_wconf 87' lang='lat' dir='ltr'><strong>dum,</strong></span> <span class='ocrx_word' id='word_1_777' title='bbox 2152 4787 2257 4841; x_wconf 89' lang='lat' dir='ltr'><strong>nisi</strong></span> <span class='ocrx_word' id='word_1_778' title='bbox 2285 4787 2425 4850; x_wconf 89' lang='lat' dir='ltr'><strong>hoc,</strong></span> <span class='ocrx_word' id='word_1_779' title='bbox 2466 4787 2593 4856; x_wconf 89' lang='lat' dir='ltr'><strong>quia</strong></span> <span class='ocrx_word' id='word_1_780' title='bbox 2645 4785 2762 4840; x_wconf 78' lang='lat' dir='ltr'><strong>Non</strong></span> <span class='ocrx_word' id='word_1_781' title='bbox 2806 4793 2862 4838; x_wconf 91' lang='lat' dir='ltr'><strong>ut</strong></span> <span class='ocrx_word' id='word_1_782' title='bbox 2909 4785 3042 4840; x_wconf 89' lang='lat' dir='ltr'><strong>deos</strong></span> <span class='ocrx_word' id='word_1_783' title='bbox 3080 4783 3347 4840; x_wconf 87' lang='lat' dir='ltr'><strong>habemus</strong></span> <span class='ocrx_word' id='word_1_784' title='bbox 3376 4800 3439 4839; x_wconf 89' lang='lat' dir='ltr'><strong>ea</strong></span> <span class='ocrx_word' id='word_1_785' title='bbox 3487 4786 3542 4839; x_wconf 87' lang='lat' dir='ltr'><strong>in</strong></span> 
     </span>
    </p>
   </div>
   <div class='ocr_carea' id='block_1_100' title="bbox 247 4872 1847 4952">
    <p class='ocr_par' dir='ltr' id='par_1_100' title="bbox 247 4872 1847 4952">
     <span class='ocr_line' id='line_1_101' title="bbox 247 4872 1847 4952; baseline 0.003 -20"><span class='ocrx_word' id='word_1_786' title='bbox 247 4877 333 4948; x_wconf 80' lang='grc' dir='ltr'><strong>τῷ</strong></span> <span class='ocrx_word' id='word_1_787' title='bbox 360 4877 491 4947; x_wconf 82' lang='grc' dir='ltr'><strong>ναῷ</strong></span> <span class='ocrx_word' id='word_1_788' title='bbox 523 4877 814 4944; x_wconf 56' lang='lat' dir='ltr'><strong>xlv-md»);</strong></span> <span class='ocrx_word' id='word_1_789' title='bbox 869 4876 1033 4930; x_wconf 76' lang='grc' dir='ltr'>οὐδὲν</span> <span class='ocrx_word' id='word_1_790' title='bbox 1086 4872 1233 4948; x_wconf 75' lang='grc' dir='ltr'>εἶχες</span> <span class='ocrx_word' id='word_1_791' title='bbox 1273 4880 1409 4949; x_wconf 73' lang='grc' dir='ltr'>πρὸς</span> <span class='ocrx_word' id='word_1_792' title='bbox 1459 4880 1622 4934; x_wconf 79' lang='grc' dir='ltr'>αὐτὸν</span> <span class='ocrx_word' id='word_1_793' title='bbox 1666 4882 1847 4952; x_wconf 73' lang='grc' dir='ltr'>ἀληθὲς</span> 
     </span>
    </p>
   </div>
   <div class='ocr_carea' id='block_1_101' title="bbox 1949 4872 3544 4952">
    <p class='ocr_par' dir='ltr' id='par_1_101' title="bbox 1969 4875 3544 4949">
     <span class='ocr_line' id='line_1_102' title="bbox 1969 4875 3544 4949; baseline -0.001 -14"><span class='ocrx_word' id='word_1_794' title='bbox 1969 4879 2194 4949; x_wconf 88' lang='lat' dir='ltr'><strong>templo,</strong></span> <span class='ocrx_word' id='word_1_795' title='bbox 2228 4878 2323 4933; x_wconf 89' lang='lat' dir='ltr'><strong>sed</strong></span> <span class='ocrx_word' id='word_1_796' title='bbox 2351 4880 2417 4931; x_wconf 84' lang='lat' dir='ltr'><strong>ad</strong></span> <span class='ocrx_word' id='word_1_797' title='bbox 2448 4876 2886 4932; x_wconf 87' lang='lat' dir='ltr'><strong>recordationem</strong></span> <span class='ocrx_word' id='word_1_798' title='bbox 2920 4875 3016 4930; x_wconf 90' lang='lat' dir='ltr'><strong>Dei</strong></span> <span class='ocrx_word' id='word_1_799' title='bbox 3055 4886 3112 4931; x_wconf 89' lang='lat' dir='ltr'><strong>et</strong></span> <span class='ocrx_word' id='word_1_800' title='bbox 3154 4877 3380 4948; x_wconf 86' lang='lat' dir='ltr'><strong>gloriam</strong></span> <span class='ocrx_word' id='word_1_801' title='bbox 3411 4877 3544 4933; x_wconf 79' lang='lat' dir='ltr'><strong>istos</strong></span> 
     </span>
    </p>
   </div>
   <div class='ocr_carea' id='block_1_102' title="bbox 247 4967 1847 5042">
    <p class='ocr_par' dir='ltr' id='par_1_102' title="bbox 247 4968 1847 5042">
     <span class='ocr_line' id='line_1_103' title="bbox 247 4968 1847 5042; baseline 0.002 -18"><span class='ocrx_word' id='word_1_802' title='bbox 247 4972 475 5040; x_wconf 77' lang='grc' dir='ltr'>λέγειν,</span> <span class='ocrx_word' id='word_1_803' title='bbox 503 4970 555 5020; x_wconf 80' lang='grc' dir='ltr'><strong>εἰ</strong></span> <span class='ocrx_word' id='word_1_804' title='bbox 587 4969 662 5039; x_wconf 78' lang='grc' dir='ltr'>μὴ</span> <span class='ocrx_word' id='word_1_805' title='bbox 682 4968 860 5032; x_wconf 82' lang='grc' dir='ltr'>τοῦτο,</span> <span class='ocrx_word' id='word_1_806' title='bbox 896 4971 976 5023; x_wconf 84' lang='grc' dir='ltr'>ὅτι</span> <span class='ocrx_word' id='word_1_807' title='bbox 1005 4970 1116 5039; x_wconf 86' lang='grc' dir='ltr'><strong>υύχ</strong></span> <span class='ocrx_word' id='word_1_808' title='bbox 1144 4970 1218 5033; x_wconf 85' lang='grc' dir='ltr'>ὡς</span> <span class='ocrx_word' id='word_1_809' title='bbox 1242 4971 1395 5035; x_wconf 73' lang='grc' dir='ltr'>θεοὺς</span> <span class='ocrx_word' id='word_1_810' title='bbox 1422 4971 1616 5042; x_wconf 75' lang='grc' dir='ltr'>ἔχομεν</span> <span class='ocrx_word' id='word_1_811' title='bbox 1648 4973 1786 5028; x_wconf 82' lang='grc' dir='ltr'><strong>αύτά</strong></span> <span class='ocrx_word' id='word_1_812' title='bbox 1809 4976 1847 5027; x_wconf 54' lang='grc' dir='ltr'><strong>ὲκ</strong></span> 
     </span>
    </p>
   </div>
   <div class='ocr_carea' id='block_1_103' title="bbox 1949 4967 3543 5042">
    <p class='ocr_par' dir='ltr' id='par_1_103' title="bbox 1967 4967 3543 5040">
     <span class='ocr_line' id='line_1_104' title="bbox 1967 4967 3543 5040; baseline -0.004 -11"><span class='ocrx_word' id='word_1_813' title='bbox 1967 4973 2254 5029; x_wconf 89' lang='lat' dir='ltr'><strong>cherubim</strong></span> <span class='ocrx_word' id='word_1_814' title='bbox 2283 4972 2549 5026; x_wconf 86' lang='lat' dir='ltr'><strong>habemus</strong></span> <span class='ocrx_word' id='word_1_815' title='bbox 2573 4969 2627 5024; x_wconf 91' lang='lat' dir='ltr'><strong>in</strong></span> <span class='ocrx_word' id='word_1_816' title='bbox 2660 4969 2887 5040; x_wconf 91' lang='lat' dir='ltr'><strong>templo.</strong></span> <span class='ocrx_word' id='word_1_817' title='bbox 2921 4967 2980 5023; x_wconf 90' lang='lat' dir='ltr'><strong>Si</strong></span> <span class='ocrx_word' id='word_1_818' title='bbox 3011 4984 3141 5040; x_wconf 87' lang='lat' dir='ltr'><strong>ergo</strong></span> <span class='ocrx_word' id='word_1_819' title='bbox 3183 4970 3301 5023; x_wconf 64' lang='lat' dir='ltr'><strong>haec</strong></span> <span class='ocrx_word' id='word_1_820' title='bbox 3358 4968 3433 5022; x_wconf 83' lang='lat' dir='ltr'><strong>ita</strong></span> <span class='ocrx_word' id='word_1_821' title='bbox 3483 4984 3543 5023; x_wconf 86' lang='lat' dir='ltr'><strong>se</strong></span> 
     </span>
    </p>
   </div>
   <div class='ocr_carea' id='block_1_104' title="bbox 247 5057 1847 5135">
    <p class='ocr_par' dir='ltr' id='par_1_104' title="bbox 247 5057 1847 5130">
     <span class='ocr_line' id='line_1_105' title="bbox 247 5057 1847 5130; baseline 0.001 -17"><span class='ocrx_word' id='word_1_822' title='bbox 247 5061 334 5130; x_wconf 71' lang='grc' dir='ltr'><strong>’τῷ</strong></span> <span class='ocrx_word' id='word_1_823' title='bbox 368 5058 527 5128; x_wconf 82' lang='grc' dir='ltr'>ναῷ,</span> <span class='ocrx_word' id='word_1_824' title='bbox 553 5057 668 5110; x_wconf 84' lang='grc' dir='ltr'>ἀλλ’</span> <span class='ocrx_word' id='word_1_825' title='bbox 704 5060 785 5121; x_wconf 79' lang='grc' dir='ltr'><strong>εἰς</strong></span> <span class='ocrx_word' id='word_1_826' title='bbox 817 5059 1123 5128; x_wconf 84' lang='grc' dir='ltr'>ἀνάμνησιν</span> <span class='ocrx_word' id='word_1_827' title='bbox 1159 5059 1294 5112; x_wconf 83' lang='grc' dir='ltr'>Θεοῦ</span> <span class='ocrx_word' id='word_1_828' title='bbox 1349 5062 1444 5113; x_wconf 76' lang='grc' dir='ltr'>καὶ</span> <span class='ocrx_word' id='word_1_829' title='bbox 1477 5060 1637 5125; x_wconf 83' lang='grc' dir='ltr'>δόξαν</span> <span class='ocrx_word' id='word_1_830' title='bbox 1671 5063 1738 5116; x_wconf 86' lang='grc' dir='ltr'><strong>τά</strong></span> <span class='ocrx_word' id='word_1_831' title='bbox 1764 5064 1847 5115; x_wconf 75' lang='grc' dir='ltr'>Χει</span> 
     </span>
    </p>
   </div>
   <div class='ocr_carea' id='block_1_105' title="bbox 1949 5057 3545 5135">
    <p class='ocr_par' dir='ltr' id='par_1_105' title="bbox 1967 5058 3545 5135">
     <span class='ocr_line' id='line_1_106' title="bbox 1967 5058 3545 5135; baseline -0.003 -16"><span class='ocrx_word' id='word_1_832' title='bbox 1967 5065 2209 5133; x_wconf 89' lang='lat' dir='ltr'><strong>habent,</strong></span> <span class='ocrx_word' id='word_1_833' title='bbox 2239 5062 2512 5135; x_wconf 86' lang='lat' dir='ltr'><strong>quomodo</strong></span> <span class='ocrx_word' id='word_1_834' title='bbox 2563 5075 2650 5116; x_wconf 90' lang='lat' dir='ltr'><strong>me</strong></span> <span class='ocrx_word' id='word_1_835' title='bbox 2706 5076 2876 5132; x_wconf 88' lang='lat' dir='ltr'><strong>super</strong></span> <span class='ocrx_word' id='word_1_836' title='bbox 2921 5060 3096 5116; x_wconf 89' lang='lat' dir='ltr'><strong>iconis</strong></span> <span class='ocrx_word' id='word_1_837' title='bbox 3134 5060 3407 5116; x_wconf 85' lang='lat' dir='ltr'><strong>accusas?</strong></span> <span class='ocrx_word' id='word_1_838' title='bbox 3435 5058 3545 5115; x_wconf 87' lang='lat' dir='ltr'><strong>Sed</strong></span> 
     </span>
    </p>
   </div>
   <div class='ocr_carea' id='block_1_106' title="bbox 251 5148 1847 5225">
    <p class='ocr_par' dir='ltr' id='par_1_106' title="bbox 251 5148 1845 5222">
     <span class='ocr_line' id='line_1_107' title="bbox 251 5148 1845 5222; baseline 0.001 -17"><span class='ocrx_word' id='word_1_839' title='bbox 251 5153 480 5222; x_wconf 75' lang='grc' dir='ltr'>ρουόὶμ</span> <span class='ocrx_word' id='word_1_840' title='bbox 508 5148 684 5201; x_wconf 85' lang='grc' dir='ltr'>ταῦτα</span> <span class='ocrx_word' id='word_1_841' title='bbox 707 5148 901 5220; x_wconf 78' lang='grc' dir='ltr'>ἔχομεν</span> <span class='ocrx_word' id='word_1_842' title='bbox 934 5152 993 5202; x_wconf 81' lang='grc' dir='ltr'>ἐν</span> <span class='ocrx_word' id='word_1_843' title='bbox 1014 5149 1094 5221; x_wconf 81' lang='grc' dir='ltr'><strong>τῷ</strong></span> <span class='ocrx_word' id='word_1_844' title='bbox 1115 5150 1246 5220; x_wconf 83' lang='grc' dir='ltr'>ναῷ.</span> <span class='ocrx_word' id='word_1_845' title='bbox 1275 5151 1334 5203; x_wconf 87' lang='grc' dir='ltr'>Εἰ</span> <span class='ocrx_word' id='word_1_846' title='bbox 1358 5150 1449 5204; x_wconf 79' lang='grc' dir='ltr'>οὖν</span> <span class='ocrx_word' id='word_1_847' title='bbox 1472 5152 1646 5205; x_wconf 79' lang='grc' dir='ltr'>ταῦτα</span> <span class='ocrx_word' id='word_1_848' title='bbox 1670 5152 1845 5217; x_wconf 71' lang='grc' dir='ltr'>οὕτως</span> 
     </span>
    </p>
   </div>
   <div class='ocr_carea' id='block_1_107' title="bbox 1949 5148 3544 5225">
    <p class='ocr_par' dir='ltr' id='par_1_107' title="bbox 1965 5149 3544 5225">
     <span class='ocr_line' id='line_1_108' title="bbox 1965 5149 3544 5225; baseline -0.006 -12"><span class='ocrx_word' id='word_1_849' title='bbox 1965 5157 2105 5213; x_wconf 87' lang='lat' dir='ltr'><strong>dicis</strong></span> <span class='ocrx_word' id='word_1_850' title='bbox 2146 5156 2303 5219; x_wconf 88' lang='lat' dir='ltr'><strong>mihi,</strong></span> <span class='ocrx_word' id='word_1_851' title='bbox 2350 5153 2477 5225; x_wconf 83' lang='lat' dir='ltr'><strong>quia</strong></span> <span class='ocrx_word' id='word_1_852' title='bbox 2521 5152 2668 5209; x_wconf 86' lang='lat' dir='ltr'><strong>Deus</strong></span> <span class='ocrx_word' id='word_1_853' title='bbox 2718 5151 2887 5223; x_wconf 76' lang='lat' dir='ltr'><strong>Moysi</strong></span> <span class='ocrx_word' id='word_1_854' title='bbox 2946 5151 3206 5221; x_wconf 68' lang='lat' dir='ltr'><strong>praecepit</strong></span> <span class='ocrx_word' id='word_1_855' title='bbox 3251 5149 3433 5205; x_wconf 76' lang='lat' dir='ltr'><strong>facere</strong></span> <span class='ocrx_word' id='word_1_856' title='bbox 3489 5150 3544 5204; x_wconf 90' lang='lat' dir='ltr'><strong>in</strong></span> 
     </span>
    </p>
   </div>
   <div class='ocr_carea' id='block_1_108' title="bbox 246 5240 1847 5320">
    <p class='ocr_par' dir='ltr' id='par_1_108' title="bbox 246 5240 1841 5314">
     <span class='ocr_line' id='line_1_109' title="bbox 246 5240 1841 5314; baseline -0.001 -18"><span class='ocrx_word' id='word_1_857' title='bbox 246 5245 379 5306; x_wconf 80' lang='grc' dir='ltr'><strong>πῶς</strong></span> <span class='ocrx_word' id='word_1_858' title='bbox 421 5241 560 5309; x_wconf 79' lang='grc' dir='ltr'>ἐμοὶ</span> <span class='ocrx_word' id='word_1_859' title='bbox 619 5242 748 5311; x_wconf 72' lang='grc' dir='ltr'>περὶ</span> <span class='ocrx_word' id='word_1_860' title='bbox 804 5241 1026 5294; x_wconf 79' lang='grc' dir='ltr'>εἰκόνων</span> <span class='ocrx_word' id='word_1_861' title='bbox 1077 5240 1368 5310; x_wconf 81' lang='grc' dir='ltr'>ὲγκαλείς;</span> <span class='ocrx_word' id='word_1_862' title='bbox 1412 5242 1534 5295; x_wconf 83' lang='grc' dir='ltr'>Ἀλλ</span> <span class='ocrx_word' id='word_1_863' title='bbox 1576 5246 1719 5313; x_wconf 76' lang='grc' dir='ltr'>ἐρεῖς</span> <span class='ocrx_word' id='word_1_864' title='bbox 1751 5262 1841 5314; x_wconf 89' lang='grc' dir='ltr'><strong>μοι</strong></span> 
     </span>
    </p>
   </div>
   <div class='ocr_carea' id='block_1_109' title="bbox 1949 5240 3547 5320">
    <p class='ocr_par' dir='ltr' id='par_1_109' title="bbox 1968 5241 3547 5320">
     <span class='ocr_line' id='line_1_110' title="bbox 1968 5241 3547 5320; baseline -0.006 -16"><span class='ocrx_word' id='word_1_865' title='bbox 1968 5249 2171 5320; x_wconf 85' lang='lat' dir='ltr'><strong>templo</strong></span> <span class='ocrx_word' id='word_1_866' title='bbox 2200 5247 2506 5317; x_wconf 88' lang='lat' dir='ltr'><strong>sculptilia:</strong></span> <span class='ocrx_word' id='word_1_867' title='bbox 2538 5254 2594 5300; x_wconf 88' lang='lat' dir='ltr'><strong>et</strong></span> <span class='ocrx_word' id='word_1_868' title='bbox 2634 5259 2737 5316; x_wconf 86' lang='lat' dir='ltr'><strong>ego</strong></span> <span class='ocrx_word' id='word_1_869' title='bbox 2780 5245 2886 5299; x_wconf 91' lang='lat' dir='ltr'><strong>hoc</strong></span> <span class='ocrx_word' id='word_1_870' title='bbox 2929 5243 3093 5310; x_wconf 85' lang='lat' dir='ltr'><strong>dico;</strong></span> <span class='ocrx_word' id='word_1_871' title='bbox 3150 5242 3245 5297; x_wconf 86' lang='lat' dir='ltr'><strong>sed</strong></span> <span class='ocrx_word' id='word_1_872' title='bbox 3291 5241 3547 5297; x_wconf 80' lang='lat' dir='ltr'><strong>Salomon</strong></span> 
     </span>
    </p>
   </div>
   <div class='ocr_carea' id='block_1_110' title="bbox 244 5331 1847 5412">
    <p class='ocr_par' dir='ltr' id='par_1_110' title="bbox 244 5331 1847 5405">
     <span class='ocr_line' id='line_1_111' title="bbox 244 5331 1847 5405; baseline -0.001 -15"><span class='ocrx_word' id='word_1_873' title='bbox 244 5338 337 5391; x_wconf 74' lang='grc' dir='ltr'>ὅτι</span> <span class='ocrx_word' id='word_1_874' title='bbox 366 5338 397 5388; x_wconf 81' lang='grc' dir='ltr'><strong>ὀ</strong></span> <span class='ocrx_word' id='word_1_875' title='bbox 428 5333 576 5395; x_wconf 75' lang='grc' dir='ltr'>Θεὸς</span> <span class='ocrx_word' id='word_1_876' title='bbox 613 5331 692 5401; x_wconf 81' lang='grc' dir='ltr'>τῷ</span> <span class='ocrx_word' id='word_1_877' title='bbox 721 5333 928 5403; x_wconf 83' lang='grc' dir='ltr'>Μωῦσῇ</span> <span class='ocrx_word' id='word_1_878' title='bbox 979 5333 1279 5403; x_wconf 77' lang='grc' dir='ltr'>προσέταξε</span> <span class='ocrx_word' id='word_1_879' title='bbox 1312 5336 1539 5405; x_wconf 82' lang='grc' dir='ltr'>ποιῆσαι</span> <span class='ocrx_word' id='word_1_880' title='bbox 1572 5338 1630 5388; x_wconf 81' lang='grc' dir='ltr'>ἐν</span> <span class='ocrx_word' id='word_1_881' title='bbox 1654 5335 1732 5405; x_wconf 81' lang='grc' dir='ltr'>τῷ</span> <span class='ocrx_word' id='word_1_882' title='bbox 1753 5337 1847 5405; x_wconf 56' lang='lat' dir='ltr'><strong>vat}</strong></span> 
     </span>
    </p>
   </div>
   <div class='ocr_carea' id='block_1_111' title="bbox 1949 5331 3548 5412">
    <p class='ocr_par' dir='ltr' id='par_1_111' title="bbox 1967 5332 3548 5412">
     <span class='ocr_line' id='line_1_112' title="bbox 1967 5332 3548 5412; baseline -0.003 -20"><span class='ocrx_word' id='word_1_883' title='bbox 1967 5336 2377 5412; x_wconf 42' lang='lat' dir='ltr'><strong>hinc-directus</strong></span> <span class='ocrx_word' id='word_1_884' title='bbox 2426 5335 2588 5390; x_wconf 88' lang='lat' dir='ltr'><strong>etiam</strong></span> <span class='ocrx_word' id='word_1_885' title='bbox 2624 5335 2777 5405; x_wconf 90' lang='lat' dir='ltr'><strong>plura</strong></span> <span class='ocrx_word' id='word_1_886' title='bbox 2863 5335 2919 5388; x_wconf 90' lang='lat' dir='ltr'><strong>in</strong></span> <span class='ocrx_word' id='word_1_887' title='bbox 2981 5332 3182 5403; x_wconf 66' lang='lat' dir='ltr'><strong>templo</strong></span> <span class='ocrx_word' id='word_1_888' title='bbox 3239 5332 3548 5387; x_wconf 75' lang='lat' dir='ltr'><strong>construxit</strong></span> 
     </span>
    </p>
   </div>
   <div class='ocr_carea' id='block_1_112' title="bbox 247 5422 1847 5498">
    <p class='ocr_par' dir='ltr' id='par_1_112' title="bbox 247 5422 1843 5496">
     <span class='ocr_line' id='line_1_113' title="bbox 247 5422 1843 5496; baseline 0 -17"><span class='ocrx_word' id='word_1_889' title='bbox 247 5428 320 5479; x_wconf 76' lang='grc' dir='ltr'><strong>τά</strong></span> <span class='ocrx_word' id='word_1_890' title='bbox 353 5424 613 5493; x_wconf 84' lang='grc' dir='ltr'>γλυπτά.</span> <span class='ocrx_word' id='word_1_891' title='bbox 649 5422 818 5491; x_wconf 85' lang='grc' dir='ltr'>Κάγὼ</span> <span class='ocrx_word' id='word_1_892' title='bbox 837 5422 993 5476; x_wconf 86' lang='grc' dir='ltr'>τοῦτο</span> <span class='ocrx_word' id='word_1_893' title='bbox 1017 5423 1161 5493; x_wconf 77' lang='grc' dir='ltr'>λέγω</span> <span class='ocrx_word' id='word_1_894' title='bbox 1183 5441 1196 5455; x_wconf 78' lang='grc'><em>’</em></span> <span class='ocrx_word' id='word_1_895' title='bbox 1260 5424 1375 5478; x_wconf 76' lang='grc' dir='ltr'>ἀλλ’</span> <span class='ocrx_word' id='word_1_896' title='bbox 1400 5428 1427 5478; x_wconf 91' lang='grc' dir='ltr'><strong>ὀ</strong></span> <span class='ocrx_word' id='word_1_897' title='bbox 1451 5425 1702 5496; x_wconf 82' lang='grc' dir='ltr'>Σολομὼν</span> <span class='ocrx_word' id='word_1_898' title='bbox 1726 5429 1843 5480; x_wconf 79' lang='grc' dir='ltr'>ἐκεῖ</span> 
     </span>
    </p>
   </div>
   <div class='ocr_carea' id='block_1_113' title="bbox 1949 5422 3546 5498">
    <p class='ocr_par' dir='ltr' id='par_1_113' title="bbox 1971 5423 3546 5498">
     <span class='ocr_line' id='line_1_114' title="bbox 1971 5423 3546 5498; baseline -0.004 -16"><span class='ocrx_word' id='word_1_899' title='bbox 1971 5444 2093 5498; x_wconf 67' lang='lat' dir='ltr'><strong>quae</strong></span> <span class='ocrx_word' id='word_1_900' title='bbox 2127 5442 2305 5497; x_wconf 90' lang='lat' dir='ltr'><strong>neque</strong></span> <span class='ocrx_word' id='word_1_901' title='bbox 2334 5427 2384 5482; x_wconf 91' lang='lat' dir='ltr'><strong>ei</strong></span> <span class='ocrx_word' id='word_1_902' title='bbox 2411 5426 2559 5481; x_wconf 89' lang='lat' dir='ltr'><strong>Deus</strong></span> <span class='ocrx_word' id='word_1_903' title='bbox 2587 5426 2849 5497; x_wconf 66' lang='lat' dir='ltr'><strong>prrecepit</strong></span> <span class='ocrx_word' id='word_1_904' title='bbox 2876 5466 2892 5492; x_wconf 91' lang='lat'><strong>,</strong></span> <span class='ocrx_word' id='word_1_905' title='bbox 2917 5439 3099 5495; x_wconf 85' lang='lat' dir='ltr'><strong>neque</strong></span> <span class='ocrx_word' id='word_1_906' title='bbox 3134 5423 3546 5479; x_wconf 84' lang='lat' dir='ltr'><strong>tabernaculum</strong></span> 
     </span>
    </p>
   </div>
   <div class='ocr_carea' id='block_1_114' title="bbox 247 5512 1847 5589">
    <p class='ocr_par' dir='ltr' id='par_1_114' title="bbox 247 5516 1847 5589">
     <span class='ocr_line' id='line_1_115' title="bbox 247 5516 1847 5589; baseline -0.001 -16"><span class='ocrx_word' id='word_1_907' title='bbox 247 5519 352 5573; x_wconf 86' lang='grc' dir='ltr'><strong>θεν</strong></span> <span class='ocrx_word' id='word_1_908' title='bbox 374 5516 688 5586; x_wconf 80' lang='grc' dir='ltr'>ὁδηγηθεὶς</span> <span class='ocrx_word' id='word_1_909' title='bbox 721 5518 816 5569; x_wconf 70' lang='grc' dir='ltr'>καὶ</span> <span class='ocrx_word' id='word_1_910' title='bbox 852 5517 1074 5570; x_wconf 81' lang='grc' dir='ltr'>πλείονα</span> <span class='ocrx_word' id='word_1_911' title='bbox 1100 5520 1159 5570; x_wconf 85' lang='grc' dir='ltr'>ὲν</span> <span class='ocrx_word' id='word_1_912' title='bbox 1188 5516 1266 5589; x_wconf 79' lang='grc' dir='ltr'>τῷ</span> <span class='ocrx_word' id='word_1_913' title='bbox 1290 5518 1404 5588; x_wconf 82' lang='grc' dir='ltr'>ναῷ</span> <span class='ocrx_word' id='word_1_914' title='bbox 1435 5518 1847 5573; x_wconf 83' lang='grc' dir='ltr'>κατεσκεύασεν</span> 
     </span>
    </p>
   </div>
   <div class='ocr_carea' id='block_1_115' title="bbox 1949 5512 3551 5589">
    <p class='ocr_par' dir='ltr' id='par_1_115' title="bbox 1975 5512 3551 5586">
     <span class='ocr_line' id='line_1_116' title="bbox 1975 5512 3551 5586; baseline -0.004 -12"><span class='ocrx_word' id='word_1_915' title='bbox 1975 5518 2273 5574; x_wconf 88' lang='lat' dir='ltr'><strong>testimonii</strong></span> <span class='ocrx_word' id='word_1_916' title='bbox 2321 5516 2512 5572; x_wconf 82' lang='lat' dir='ltr'><strong>habuit</strong></span> <span class='ocrx_word' id='word_1_917' title='bbox 2540 5555 2556 5578; x_wconf 88' lang='lat'><strong>,</strong></span> <span class='ocrx_word' id='word_1_918' title='bbox 2594 5531 2771 5585; x_wconf 85' lang='lat' dir='ltr'><strong>neque</strong></span> <span class='ocrx_word' id='word_1_919' title='bbox 2824 5514 3089 5584; x_wconf 89' lang='lat' dir='ltr'><strong>templum</strong></span> <span class='ocrx_word' id='word_1_920' title='bbox 3116 5513 3263 5586; x_wconf 82' lang='lat' dir='ltr'><strong>quod</strong></span> <span class='ocrx_word' id='word_1_921' title='bbox 3294 5512 3551 5567; x_wconf 82' lang='lat' dir='ltr'><strong>Ezechiel</strong></span> 
     </span>
    </p>
   </div>
   <div class='ocr_carea' id='block_1_116' title="bbox 243 5602 1847 5681">
    <p class='ocr_par' dir='ltr' id='par_1_116' title="bbox 243 5606 1847 5681">
     <span class='ocr_line' id='line_1_117' title="bbox 243 5606 1847 5681; baseline -0.006 -15"><span class='ocrx_word' id='word_1_922' title='bbox 243 5610 408 5677; x_wconf 64' lang='grc' dir='ltr'>ᾇπερ</span> <span class='ocrx_word' id='word_1_923' title='bbox 426 5606 564 5661; x_wconf 69' lang='grc' dir='ltr'>οἰδὲ</span> <span class='ocrx_word' id='word_1_924' title='bbox 583 5608 612 5660; x_wconf 77' lang='grc' dir='ltr'>ὁ</span> <span class='ocrx_word' id='word_1_925' title='bbox 636 5608 769 5672; x_wconf 75' lang='grc' dir='ltr'>Θεὸς</span> <span class='ocrx_word' id='word_1_926' title='bbox 789 5606 934 5680; x_wconf 78' lang='grc' dir='ltr'>αὐτῷ</span> <span class='ocrx_word' id='word_1_927' title='bbox 957 5608 1311 5680; x_wconf 80' lang='grc' dir='ltr'>προσέταξεν,</span> <span class='ocrx_word' id='word_1_928' title='bbox 1338 5609 1506 5680; x_wconf 79' lang='grc' dir='ltr'>οὑδὲή</span> <span class='ocrx_word' id='word_1_929' title='bbox 1534 5611 1704 5681; x_wconf 72' lang='grc' dir='ltr'>σκηνή</span> <span class='ocrx_word' id='word_1_930' title='bbox 1725 5611 1756 5680; x_wconf 81' lang='grc' dir='ltr'><strong>ή</strong></span> <span class='ocrx_word' id='word_1_931' title='bbox 1778 5612 1847 5662; x_wconf 56' lang='grc' dir='ltr'><strong>τοι</strong></span> 
     </span>
    </p>
   </div>
   <div class='ocr_carea' id='block_1_117' title="bbox 1949 5602 3547 5681">
    <p class='ocr_par' dir='ltr' id='par_1_117' title="bbox 1972 5602 3547 5674">
     <span class='ocr_line' id='line_1_118' title="bbox 1972 5602 3547 5674; baseline -0.004 -12"><span class='ocrx_word' id='word_1_932' title='bbox 1972 5624 2035 5662; x_wconf 72' lang='lat' dir='ltr'><strong>ex</strong></span> <span class='ocrx_word' id='word_1_933' title='bbox 2073 5608 2186 5662; x_wconf 85' lang='lat' dir='ltr'><strong>Deo</strong></span> <span class='ocrx_word' id='word_1_934' title='bbox 2216 5606 2636 5674; x_wconf 86' lang='lat' dir='ltr'><strong>comtemplatus</strong></span> <span class='ocrx_word' id='word_1_935' title='bbox 2669 5612 2756 5658; x_wconf 85' lang='lat' dir='ltr'><strong>est</strong></span> <span class='ocrx_word' id='word_1_936' title='bbox 2777 5643 2792 5666; x_wconf 87' lang='lat'><strong>,</strong></span> <span class='ocrx_word' id='word_1_937' title='bbox 2827 5614 2881 5658; x_wconf 88' lang='lat' dir='ltr'><strong>et</strong></span> <span class='ocrx_word' id='word_1_938' title='bbox 2911 5619 3022 5659; x_wconf 87' lang='lat' dir='ltr'><strong>non</strong></span> <span class='ocrx_word' id='word_1_939' title='bbox 3048 5612 3132 5658; x_wconf 87' lang='lat' dir='ltr'><strong>cst</strong></span> <span class='ocrx_word' id='word_1_940' title='bbox 3176 5603 3230 5657; x_wconf 89' lang='lat' dir='ltr'><strong>in</strong></span> <span class='ocrx_word' id='word_1_941' title='bbox 3278 5603 3380 5656; x_wconf 88' lang='lat' dir='ltr'><strong>hoc</strong></span> <span class='ocrx_word' id='word_1_942' title='bbox 3444 5602 3547 5655; x_wconf 79' lang='lat' dir='ltr'><strong>Sa-</strong></span> 
     </span>
    </p>
   </div>
   <div class='ocr_carea' id='block_1_118' title="bbox 322 5782 1847 5859">
    <p class='ocr_par' dir='ltr' id='par_1_118' title="bbox 322 5784 1836 5859">
     <span class='ocr_line' id='line_1_119' title="bbox 322 5784 1836 5859; baseline -0.003 -14"><span class='ocrx_word' id='word_1_943' title='bbox 322 5788 348 5822; x_wconf 84' lang='grc'><strong>⁹</strong></span> <span class='ocrx_word' id='word_1_944' title='bbox 384 5786 548 5845; x_wconf 84' lang='lat' dir='ltr'><strong>Gen.</strong></span> <span class='ocrx_word' id='word_1_945' title='bbox 584 5802 655 5852; x_wconf 89' lang='grc' dir='ltr'><strong>ιι,</strong></span> <span class='ocrx_word' id='word_1_946' title='bbox 700 5787 789 5841; x_wconf 77' lang='lat' dir='ltr'><strong>l7.</strong></span> <span class='ocrx_word' id='word_1_947' title='bbox 902 5787 945 5818; x_wconf 80' lang='lat'><strong>&#39;°</strong></span> <span class='ocrx_word' id='word_1_948' title='bbox 983 5784 1108 5855; x_wconf 81' lang='lat' dir='ltr'><strong>Sap.</strong></span> <span class='ocrx_word' id='word_1_949' title='bbox 1140 5803 1226 5851; x_wconf 76' lang='lat' dir='ltr'><strong>iv,</strong></span> <span class='ocrx_word' id='word_1_950' title='bbox 1257 5787 1311 5840; x_wconf 82' lang='lat'><strong>&#39;7.</strong></span> <span class='ocrx_word' id='word_1_951' title='bbox 1370 5784 1433 5840; x_wconf 84' lang='lat' dir='ltr'><strong>IV</strong></span> <span class='ocrx_word' id='word_1_952' title='bbox 1469 5787 1604 5859; x_wconf 80' lang='lat' dir='ltr'><strong>Reg.</strong></span> <span class='ocrx_word' id='word_1_953' title='bbox 1642 5803 1717 5843; x_wconf 78' lang='lat' dir='ltr'><strong>vr.</strong></span> <span class='ocrx_word' id='word_1_954' title='bbox 1797 5787 1836 5819; x_wconf 82' lang='lat'>“</span> 
     </span>
    </p>
   </div>
   <div class='ocr_carea' id='block_1_119' title="bbox 1949 5782 2614 5859">
    <p class='ocr_par' dir='ltr' id='par_1_119' title="bbox 1998 5782 2614 5856">
     <span class='ocr_line' id='line_1_120' title="bbox 1998 5782 2614 5856; baseline -0.011 -15"><span class='ocrx_word' id='word_1_955' title='bbox 1998 5787 2130 5856; x_wconf 76' lang='lat' dir='ltr'><strong>Reg.</strong></span> <span class='ocrx_word' id='word_1_956' title='bbox 2189 5801 2248 5851; x_wconf 89' lang='lat' dir='ltr'><strong>ll,</strong></span> <span class='ocrx_word' id='word_1_957' title='bbox 2292 5783 2384 5848; x_wconf 76' lang='lat' dir='ltr'><strong>l9;</strong></span> <span class='ocrx_word' id='word_1_958' title='bbox 2437 5782 2614 5838; x_wconf 61' lang='grc' dir='ltr'><strong>ηεξ).</strong></span> 
     </span>
    </p>
   </div>
  </div>
