3976 6406
501 422 522 485 1
537 421 639 484 607

1497 409 1804 472 l.i‘-'.‘.).\"l'll
1849 405 2359 466 NEAPOLITANl
2395 401 2736 462 EPISlZOl’l

3590 398 3607 458 l
3618 401 3708 463 608

490 537 677 592 lomon
731 529 1134 600 reprehensus:
1168 527 1222 581 in
1281 525 1508 598 gloriam
1542 525 1687 576 enim
1735 519 1827 574 Dei
1875 519 2062 587 lmjus-

2190 517 2480 587 μαρτυρίου
2515 513 2692 582 ἔσχεν,
2745 510 2870 563 οὔτε
2900 511 2928 562 ὁ
2975 509 3102 570 ναὸς
3149 507 3208 561 ὃν
3249 505 3496 578 Ἰεζεκιὴλ
3525 511 3582 562 ἐκ
3603 513 3714 565 θ;οῦ

491 627 638 683 modi
688 623 891 680 formas
941 618 1282 681 construxit,
1321 613 1781 686 quemadmodum
1843 618 1897 664 et
1944 623 2065 664 nos.

565 885 809 940 Habuisti
839 891 1021 938 autem
1073 889 1158 942 tu,
1191 895 1224 933 ο
1251 877 1471 939 Ιιιιιιεο,
1503 885 1559 930 et
1581 876 1684 930 alia
1722 873 1969 943 quaedam
2015 871 2068 926 in

491 979 813 1033 memoriam
843 984 899 1029 et
928 973 1152 1044 gloriam
1194 971 1312 1034 Dei,
1344 969 1601 1023 videlicet
1627 969 1831 1037 virgam
1859 965 2026 1035 Moysi
2054 1005 2070 1031 ,

491 1067 822 1123 fabrefactas
874 1063 1136 1118 divinitus
1193 1059 1445 1123 tabulas,
1505 1057 1913 1112 incombuslum
1977 1072 2072 1110 ru-

493 1159 664 1220 bum,
719 1155 922 1210 aridam
979 1161 1036 1207 et
1082 1151 1340 1220 irriguam
1409 1157 1616 1218 petram
1653 1189 1668 1211 ,
1728 1163 1926 1202 manna
1977 1161 2071 1217 ge-

491 1257 730 1303 stantem
764 1259 988 1308 urnam,
1025 1258 1204 1296 arcam
1237 1283 1252 1305 ,
1281 1241 1472 1305 altare,
1520 1239 1609 1293 Dei
1642 1239 1882 1293 nominis
1916 1239 2073 1291 lami-

493 1355 656 1404 nam,
717 1339 888 1392 Deum
928 1335 1289 1390 manifestans
1339 1331 1556 1402 epbod.
1618 1331 1727 1385 Deo
1785 1330 2076 1384 habitabile

491 1428 932 1486 tabernaculum.
989 1425 1213 1482 Utinam
1261 1435 1314 1477 et
1351 1431 1406 1476 lu
1469 1421 1622 1491 prius
1675 1422 1794 1476 haec
1844 1422 2077 1475 adorans

495 1536 748 1576 vacasses
775 1559 790 1584 ,
841 1527 897 1572 et
936 1518 1200 1571 invocans
1228 1529 1389 1580 eum,
1429 1513 1521 1582 qui
1570 1521 1656 1567 est
1699 1528 1866 1582 super
1893 1513 2074 1566 omnia

497 1612 649 1666 Deus
676 1651 692 1674 ,
730 1619 787 1665 et
831 1610 1012 1678 ipsum
1057 1621 1422 1662 memorasses
1451 1621 1549 1674 per
1580 1605 1676 1658 has
1719 1603 1942 1672 pusillas
1969 1605 2082 1658 ico-

496 1719 598 1758 nas
627 1712 683 1757 et
732 1701 928 1772 ﬁguras
951 1740 966 1760 .
1010 1707 1066 1753 et
1105 1713 1216 1752 non
1253 1696 1481 1750 vitulum
1513 1702 1570 1748 et
1609 1709 1827 1749 muscas
1851 1695 2078 1749 haberes

497 1810 668 1864 super
697 1793 910 1848 tabulas
935 1807 966 1845 a
1017 1789 1129 1843 Deo
1172 1778 1432 1858 patratas.
1464 1787 1688 1842 Utinam
1737 1794 1984 1840 sanctum
2016 1801 2081 1839 ac

2177 609 2416 677 ἑώρακεο
2454 606 2550 660 κοιλ¹
2579 605 2642 658 ού
2672 601 2996 671 κατεγνὼθη
3033 601 3092 653 ἐν
3135 598 3308 671 τούτῳ
3346 599 3600 669 Σολομὼν.
3645 605 3720 668 Εἰς

2175 699 2336 764 δόξαν
2361 700 2471 770 γὰρ
2506 693 2646 750 Θεοῦ
2689 692 2905 765 μορίιὰς
2955 687 3396 754 κατεσκεύασεν,
3443 689 3618 761 ὥσπερ
3643 695 3723 746 καὶ

2179 793 2213 861 ἡ
2222 793 2366 860 μεῖς.

2249 879 2411 951 Εἷχες
2436 879 2492 933 δὲ
2514 878 2602 944 σὺ,
2624 872 2670 930 ὦ
2709 875 2956 940 Ἰουδαῖε,
2975 875 3076 928 καὶ
3099 873 3264 944 ἕτερά
3279 888 3400 926 τινα
3433 873 3508 934 εἰς
3541 875 3726 942 μνιιρην

2179 970 2464 1035 καὶδόξαν
2512 967 2651 1021 Θεοῦ
2676 1009 2690 1030 ,
2725 968 2823 1036 τὴν
2858 965 3052 1037 ῥάϐδον
3096 962 3361 1024 Μωσέως,
3409 960 3506 1022 τὰς
3544 961 3728 1014 0202223-

2180 1079 2341 1125 κτους
2377 1062 2616 1122 πλάκας,
2645 1059 2742 1129 τὴν
2774 1057 3043 1126 ἄφλεκτοι)
3081 1055 3243 1126 βάτον
3265 1093 3280 1119 ,
3314 1054 3410 1122 τὴν
3440 1052 3730 1124 ξηρένυδρον

2181 1157 2410 1225 πέτραν,
2469 1152 2568 1222 τὴν
2606 1151 2952 1222 μαννοφὸρον
2997 1149 3258 1215 στάμνον,
3292 1145 3388 1216 τὴν
3414 1144 3650 1208 κιϐωτὸν,
3683 1146 3731 1199 τὸ

2182 1244 2608 1314 θυσιαστήριον.
2657 1244 2719 1294 τὸ
2753 1239 3066 1310 θεώνυμοψ
3099 1237 3352 1301 πέταλον,
3409 1236 3470 1287 τὸ
3517 1235 3733 1305 θεόδηλον

2183 1336 2364 1405 ὲφοὺδ,
2399 1335 2498 1406 τὴν
2551 1332 2846 1402 θεόσκηνον
2881 1330 3112 1400 σκηνήν.
3167 1327 3293 1381 Εἴθε
3334 1327 3430 1379 καὶ
3478 1326 3539 1377 σὺ
3571 1326 3734 1397 πρώην

2183 1426 2392 1488 τούτοις
2419 1424 2711 1495 ὲσχόλαζες
2741 1421 3087 1492 προσκυνῶν,
3106 1420 3200 1472 καὶ
3225 1416 3643 1488 ἐπικαλούμενος
3661 1419 3734 1470 τὸν

2184 1517 2279 1568 ἐπὶ
2311 1516 2530 1568 πάντων
2566 1513 2720 1576 Θεὸν,
2769 1512 2864 1564 καὶ
2921 1508 3086 1564 αὑτοῦ
3121 1507 3494 1577 ὲμνημόνευες
3542 1507 3622 1559 διὰ
3648 1509 3736 1561 τῶν

2189 1606 2402 1678 μικρῶν
2430 1605 2635 1658 τούτων
2662 1602 2886 1656 εἰκόνων
2917 1603 3009 1654 καὶ
3049 1599 3257 1657 τύπων.
3303 1598 3400 1651 καὶ
3449 1597 3521 1669 μὴ
3548 1599 3632 1651 τὸν
3656 1601 3735 1668 μό-

2189 1715 2316 1768 σχον
2349 1696 2564 1756 καὶτὰς
2611 1693 3052 1765 μυίαςικατεῖχες
3099 1691 3241 1764 ὑπὲρ
3283 1690 3384 1752 τὰς
3419 1688 3736 1755 θεοτεύκτους

2189 1790 2425 1852 πλάκας.
2478 1789 2603 1841 Εἴθε
2638 1787 2732 1840 καὶ
2779 1785 2840 1838 τὸ
2887 1786 3042 1852 ἅγιον
3094 1781 3333 1854 χρυσοῦν
3388 1781 3739 1853 θυσιαστήριον

496 1899 724 1940 aureum
757 1884 925 1938 altare
955 1881 1330 1936 desiderasses
1377 1887 1435 1934 et
1485 1887 1576 1942 tu,
1623 1888 1680 1934 et
1719 1893 1832 1932 non
1883 1893 2077 1932 vaccas

2190 1879 2400 1943 ἐπόθεις
2425 1879 2522 1931 καὶ
2553 1879 2640 1941 σὺ,
2668 1878 2764 1930 καὶ
2791 1876 2866 1946 μὴ
2897 1876 2993 1938 τὰς
3016 1874 3282 1944 δαμάλεις
3307 1873 3410 1942 τῆς
3436 1873 3738 1944 Σαμαρείας.

495 1971 775 2028 Samarize.
822 1969 1042 2026 Utinam
1099 1978 1155 2022 et
1190 1969 1398 2036 virgam
1441 1982 1565 2036 quae
1632 1967 2074 2038 germinaverat,

451 2131 459 2141 I
494 2075 556 2120 et
583 2080 695 2119 non
738 2063 1016 2116 Astarlem
1045 2100 1062 2127 ,
1109 2075 1230 2130 qua:
1279 2059 1546 2114 desolavit
1585 2058 1863 2113 civitatem
1905 2067 2074 2112 tuam.

499 2155 719 2210 Utinam
763 2162 817 2208 et
845 2151 1107 2206 divinitus
1147 2150 1374 2204 imbrem
1421 2149 1641 2203 dantem
1673 2157 1882 2219 petram
1930 2149 2080 2204 salu-

498 2246 764 2310 tavisses,
795 2253 850 2297 et
901 2257 1010 2296 non
1036 2241 1164 2295 Baal
1193 2241 1358 2296 deum
1398 2248 1574 2294 tuum.
1635 2240 1742 2294 Sed
1787 2239 1912 2294 ideo
1963 2239 2082 2294 [nec

497 2339 684 2393 omnia
714 2351 821 2390 non
849 2337 1044 2390 adoras
1069 2376 1084 2399 ,
1117 2335 1298 2404 prisce
1345 2331 1509 2386 Israel
1549 2369 1566 2396 ,
1622 2331 1753 2401 quia
1793 2345 1905 2384 non
1943 2330 2082 2386 dile-

497 2429 626 2486 xisti
657 2429 824 2483 Deum
853 2443 920 2482 ex
964 2435 1078 2481 toto
1115 2426 1299 2480 corde.
1356 2423 1458 2490 Qui
1501 2433 1684 2478 autem
1723 2423 1901 2492 diligit
1944 2423 2082 2477 ami-

497 2536 626 2576 cum
653 2563 668 2586 ,
710 2529 805 2574 aut
829 2519 1214 2588 imperatorem
1237 2556 1252 2580 ,
1279 2524 1335 2570 et
1361 2516 1640 2586 praecipue
1676 2514 2083 2570 benefactorem

501 2594 699 2674 suum,
737 2611 853 2664 sive
873 2608 1044 2662 lilium
1087 2607 1208 2676 ejus
1250 2605 1432 2660 videat
1462 2645 1475 2668 ,
1522 2605 1640 2660 sive
1673 2604 1925 2674 virgam,
1967 2603 2086 2656 sive

501 2707 709 2766 anilem,
747 2700 865 2755 sive
897 2714 1187 2760 coronam,
1233 2697 1347 2752 sive
1396 2697 1618 2751 domum
1639 2737 1654 2761 ,
1688 2696 1802 2749 sive
1835 2710 2081 2758 servum,

501 2799 673 2854 tenet,
702 2790 1003 2855 osculatur,
1033 2798 1088 2843 et
1119 2789 1352 2844 honorat
1378 2803 1475 2857 per
1509 2787 1608 2841 ista
1639 2787 1780 2841 bene
1808 2787 2085 2850 meritum,

500 2893 560 2938 et
625 2883 859 2936 maxime
901 2879 1102 2935 Deum.
1151 2879 1286 2934 Cum
1322 2895 1452 2950 ergo
1488 2879 1693 2935 videris
1749 2879 2088 2934 Christianos

499 2977 730 3030 adorare
755 2987 998 3036 crucem,
1031 2971 1169 3026 scito
1198 2971 1324 3040 quia
1349 2971 1611 3026 cruciﬁxo
1635 2971 1854 3025 Christo
1883 2970 2050 3024 adora
2069 2999 2088 3010 -

503 3067 710 3121 tionem
762 3062 1054 3128 offerunt,
1103 3073 1160 3118 et
1193 3078 1303 3118 non
1347 3064 1517 3134 ligno.
1560 3063 1694 3118 Nam
1745 3063 1788 3118 si
1837 3072 2090 3118 naturam

500 3158 632 3228 ligni
691 3155 1044 3220 coluissent,
1108 3155 1354 3224 profecto
1400 3166 1458 3210 et
1506 3155 1730 3210 arbores
1782 3163 1838 3208 et
1892 3167 2090 3208 nemo-

2179 1968 2308 2022 Εἴθε
2368 1968 2456 2022 καὶ
2523 1968 2622 2038 τὴν
2673 1965 3057 2036 βλαστήσασαν
3101 1963 3339 2034 ῥάῦδον,
3398 1964 3492 2014 καὶ
3541 1963 3612 2032 μὴ
3661 1963 3741 2032 τὴν

2193 2057 2499 2127 Ἀστάρτην
2527 2054 2900 2126 ὲρημώσασάν
2931 2070 3026 2107 σου
3061 2053 3163 2122 τὴν
3184 2052 3363 2105 πόλιν.
3398 2052 3522 2105 Εἴθε
3553 2053 3640 2121 τὴν
3661 2054 3742 2123 ὁμ-

2181 2149 2407 2240 σρόθεον
2431 2148 2668 2219 ὴσπάσω
2705 2148 2933 2218 πέτραν,
2963 2145 3060 2199 καὶ
3094 2145 3168 2216 μὴ
3204 2144 3356 2198 Βαάλ
3384 2143 3475 2197 τὸν
3495 2143 3622 2196 Θεόν
3647 2161 3740 2200 σου.

2196 2237 2356 2295 ’Ἀλλὰ
2379 2239 2468 2293 διὰ
2499 2238 2656 2292 τοῦτο
2695 2239 2837 2292 αὐτὰ
2871 2237 3046 2291 πάντα
3069 2237 3131 2290 οὐ
3169 2238 3526 2306 προσκυνεῖς,
3552 2237 3580 2288 ὁ
3603 2237 3742 2292 πάλαι

2196 2331 2436 2402 Ἰσραὴλ,
2461 2329 2651 2400 ἐπειδὴ
2679 2331 2781 2382 οὐκ
2815 2328 3114 2398 ἠγάπησας
3154 2328 3246 2380 τὸν
3274 2329 3413 2381 Θεξν
3444 2327 3502 2393 ἐξ
3523 2327 3638 2398 ὅλης
3663 2328 3742 2398 τῆς

2183 2423 2416 2493 καρδίας
2441 2439 2535 2475 σου
2565 2438 2578 2451 ’
2614 2425 2641 2474 ὁ
2665 2423 2774 2492 γὰρ
2807 2423 3040 2486 ἀγαπῶν
3061 2421 3152 2474 τὸν
3176 2421 3378 2486 ἑαυτοῦ
3412 2420 3579 2490 φίλον,
3609 2421 3639 2492 ἢ
3664 2421 3741 2492 βα·

2187 2513 2362 2574 σιλέα,
2397 2515 2492 2566 καὶ
2522 2513 2760 2582 μάλιστα
2803 2513 3125 2583 εὐεργέτην,
3153 2513 3260 2566 κᾶν
3288 2513 3411 2566 υἱον
3449 2513 3608 2567 αὐτοῦ
3637 2513 3742 2566 θεά-

2189 2623 2372 2677 σηται,
2406 2606 2511 2658 κᾶν
2548 2605 2762 2676 ῥάϐδον,
2805 2605 2910 2658 κᾶν
2944 2603 3155 2673 θρίνον,
3215 2605 3324 2657 κᾶν
3358 2605 3634 2672 στέφανον,
3660 2603 3742 2657 κᾶν

2186 2693 2356 2761 οἶκον,
2398 2695 2500 2747 κᾶν
2524 2695 2731 2754 δοῦλον,
2760 2698 2970 2766 κρατεῖ,
2999 2695 3340 2758 ἀσπάζεται,
3391 2696 3487 2748 καὶ
3528 2699 3650 2766 τιμᾷ
3671 2695 3742 2748 διὰ

2187 2787 2397 2840 τούτων
2426 2787 2514 2839 τὶν
2545 2785 2864 2854 εὐεργέτην,
2898 2786 2990 2838 καὶ
3023 2786 3261 2854 μάλιστα
3292 2786 3391 2839 τὸν
3417 2786 3567 2841 θεόν.
3603 2787 3743 2840 Ὅταν

2190 2877 2282 2934 οὖν
2333 2879 2449 2950 ἴδῃς
2497 2879 2862 2946 Χριστιανοὺς
2920 2877 3371 2950 προσκυνοῦντας
3401 2878 3494 2931 τὸν
3523 2880 3742 2946 σταυρὸν,

2190 2967 2358 3039 γνῶθι
2389 2969 2470 3021 ὅτι
2500 2967 2577 3037 τῷ
2624 2967 2992 3038 σταυρωθέντι
3016 2967 3239 3038 Χριστῷ
3267 2967 3371 3037 τὴν
3405 2965 3742 3036 προσκύνησιν

2193 3057 2552 3128 προσάγουσι,
2589 3058 2682 3111 καὶ
2707 3057 2768 3109 οὐ
2792 3055 2868 3127 τῷ
2893 3055 3054 3128 ξύλῳ.
3092 3057 3246 3111 Ἐπεὶ
3269 3059 3319 3110 εἱ
3355 3059 3458 3129 τὴν
3483 3058 3632 3126 φύσιν
3665 3057 3744 3110 τοῦ

2195 3147 2353 3214 ξύλου
2389 3148 2599 3208 ἔσεϐον.
2633 3149 2852 3212 πάντως
2879 3149 2946 3202 ἂν
2976 3151 3071 3202 καὶ
3091 3150 3158 3202 τὰ
3185 3149 3386 3221 δένδρα
3418 3152 3513 3206 καὶ
3544 3152 3607 3204 τά
3631 3151 3744 3222 ἄλση

503 3223 570 3304 ra
589 3247 940 3303 adorassent:
977 3223 1138 3301 sicuti
1169 3256 1226 3301 et
1249 3255 1305 3300 tu
1361 3245 1638 3312 quondam
1673 3244 1839 3300 lsracl
1893 3245 2085 3299 adora-

2197 3226 2589 3308 προσεκιένουν,
2613 3237 2806 3311 ὥσπερ
2825 3242 2919 3293 καὶ
2946 3239 3010 3294 σύ
3040 3257 3170 3294 ποτε
3195 3243 3222 3295 ὁ
3257 3242 3484 3314 Ἰσραὴλ
3515 3243 3745 3314 προσεκύ-

502 3341 601 3395 bas
668 3339 827 3401 haec,
867 3337 1055 3392 dicens
1097 3337 1278 3392 arbori
1345 3346 1402 3392 et
1455 3337 1602 3408 ligno
1658 3355 1671 3390 :
1723 3335 1798 3390 Tu
1845 3352 1898 3390 es
1951 3337 2088 3390 Deus

503 3446 688 3496 meus,
735 3437 792 3482 tu
821 3444 901 3482 me
939 3429 1166 3498 genuisti
1231 3429 1296 3482 “.
1339 3428 1408 3482 At
1437 3443 1538 3482 nos
1599 3428 1796 3482 iterum
1855 3445 1962 3482 non
2011 3428 2090 3484 sic

501 3521 737 3577 dicimus
769 3521 920 3576 cruci
949 3561 963 3586 ,
1013 3536 1191 3591 neque
1224 3520 1412 3592 ﬁguris
1443 3531 1760 3575 sanctorum
1795 3537 1808 3573 :
1843 3520 1924 3574 Dii
1962 3537 2090 3574 nos-

502 3614 573 3670 tri
613 3615 783 3669 estis:
822 3629 934 3667 non
961 3613 1107 3667 enim
1139 3621 1274 3668 sunt
1334 3613 1407 3666 dii
1471 3613 1646 3668 nostri
1677 3655 1692 3678 ,
1750 3613 1844 3667 sed
1892 3613 2090 3667 simili-

505 3704 729 3760 tudines
793 3710 848 3759 et
898 3703 1163 3791 imagines
1194 3703 1399 3758 Christi
1455 3714 1512 3758 et
1563 3713 1879 3759 sanctorum
1939 3703 2086 3774 ejus,

455 3817 464 3824 ·
503 3797 570 3852 ad
605 3797 1037 3853 recordationem
1067 3803 1123 3850 et
1141 3797 1426 3860 honorem,
1447 3803 1503 3850 et
1533 3795 1789 3850 decorem
1823 3796 2092 3852 ecclesia-

501 3905 622 3944 rum
648 3889 940 3959 propositae
967 3903 1031 3944 ac
1049 3887 1362 3942 adorandae.
1381 3886 1482 3953 Qui
1509 3887 1656 3942 enim
1687 3887 1921 3942 honorat
1949 3903 2093 3941 mar-

502 3988 698 4052 tyrem.
719 3979 888 4034 Deum
907 3981 1162 4034 honorat:
1181 3991 1238 4034 et
1258 3979 1349 4048 qui
1369 3978 1594 4034 Matrem
1613 3978 1730 4046 ejus
1751 3981 1964 4044 adorat,
1987 3979 2092 4049 ipsi

505 4069 983 4125 honorificentiam
1023 4067 1270 4124 exhibet.
1313 4068 1379 4124 Et
1423 4069 1518 4140 qui
1575 4069 1879 4140 apostolum
1917 4070 2094 4124 hono-

504 4171 630 4228 rat,
659 4161 811 4216 illum
848 4161 944 4232 qui
992 4161 1164 4227 misit,
1195 4161 1451 4216 honorat.
1500 4162 1724 4218 Utinam
1771 4173 1827 4218 et
1863 4172 1919 4218 tu
1977 4164 2094 4217 Mo-

504 4252 684 4307 saicas
716 4253 903 4306 iconas
934 4251 1144 4307 faceres
1166 4295 1181 4320 ,
1221 4259 1278 4306 et
1317 4253 1672 4323 prepheticas
1707 4295 1722 4320 ,
1765 4263 1930 4326 atque
1995 4271 2096 4326 per

504 4343 749 4413 singulos
785 4343 904 4398 dies
937 4343 994 4396 in
1051 4342 1130 4397 eis
1176 4341 1434 4399 adorares
1467 4345 1755 4401 Dominum
1807 4355 1863 4401 et
1919 4348 2090 4404 Deum

2191 3349 2304 3396 νεις
2353 3331 2586 3395 τούτοις,
2633 3332 2807 3400 λέγων
2847 3333 2925 3403 τῷ
2977 3333 3178 3405 δένδρῳ
3217 3335 3313 3388 καὶ
3365 3334 3451 3405 τῷ
3482 3335 3646 3406 ξύλῳ·
3679 3337 3744 3389 Σύ

2185 3441 2305 3492 μου
2335 3419 2394 3477 εἷ
2420 3423 2584 3490 Θεὸς,
2611 3425 2710 3478 καὶ
2743 3427 2828 3478 σύ
2859 3443 2936 3494 με
2967 3423 3322 3494 ἐγέννησας.
3383 3428 3553 3482 Πάλιν
3591 3427 3640 3480 δὲ
3668 3427 3748 3498 οὐχ

2191 3516 2363 3577 οὕτως
2401 3517 2634 3586 λέγομεν
2665 3519 2826 3586 ἡμεῖς
2848 3517 2924 3588 τῷ
2948 3518 3190 3588 σταυρῷ,
3221 3519 3342 3572 οὐδὲ
3379 3524 3504 3575 ταῖς
3547 3523 3746 3591 μορςραίς

2191 3608 2298 3659 τῶν
2335 3607 2533 3676 ἁγίων·
2567 3609 2693 3661 Θεοὶ
2723 3608 2882 3678 ἡμῶν
2903 3610 3026 3662 ἐστε
3049 3627 3062 3640 ·
3089 3604 3152 3663 οὗ
3179 3611 3286 3681 γάρ
3319 3613 3435 3664 εἰσι
3468 3611 3576 3664 θεοὶ
3598 3614 3748 3681 ἡμῶν,

2193 3700 2311 3752 ἀλλ’
2335 3700 2660 3770 ὁμοιώματα
2688 3703 2784 3754 καὶ
2814 3703 3019 3764 εἰκόνες
3049 3704 3289 3774 Χριστοῦ
3321 3706 3420 3758 καὶ
3463 3704 3569 3758 τῶν
3608 3705 3748 3772 ἁγίων

2193 3790 2380 3856 αὑτοῦ,
2415 3791 2552 3862 πρὸς
2585 3792 2917 3861 ἀνάμνησιν,
2949 3796 3043 3846 καὶ
3079 3793 3285 3865 τιαὴν,·
3321 3799 3424 3850 καὶ
3452 3797 3752 3867 εὐπρέπειαν

2194 3883 2502 3953 ἐκκλησιῶν
2541 3886 2884 3954 προκείμενα
2925 3888 3020 3940 καὶ
3080 3889 3578 3961 προσκυνούμενα’
3611 3892 3636 3943 ὁ
3663 3890 3751 3961 γὰρ

2190 3975 2370 4045 τιμῶν
2398 3975 2491 4028 τὸν
2523 3975 2803 4047 μάρτυρα,
2835 3977 2925 4031 τὸν
2956 3979 3088 4032 Θεὸν
3113 3981 3281 4051 τιμᾷ)
3317 3983 3420 4036 καὶ
3451 3985 3480 4037 ὀ
3511 3987 3574 4054 τῇ
3597 3985 3751 4054 Μητρὶ

2196 4067 2363 4121 αὐτοῦ
2393 4069 2746 4137 προσκυνῶν,
2784 4069 2934 4140 αὐτῷ
2961 4071 3058 4139 τὴν
3087 4072 3253 4143 τιμὴν
3291 4075 3586 4143 προσάγει.
3614 4077 3752 4130 Καὶό

2193 4162 2288 4215 τὸν
2323 4161 2620 4214 ἀπόστολον
2669 4162 2867 4234 τιμῶν,
2920 4163 3010 4216 τὸν
3043 4165 3444 4220 ἀποστείλαντα
3477 4171 3637 4240 τιμᾷ’
3663 4171 3753 4224 aliis

2196 4250 2290 4302 καὶ
2314 4251 2379 4304 σὺ
2411 4250 2715 4314 Μωσαῖκὰς
2745 4252 2958 4316 εἰκόνας
2998 4253 3206 4317 ἐποίεις
3250 4258 3346 4309 καὶ
3399 4261 3752 4330 προφητικᾶς.

2197 4339 2291 4391 καὶ
2320 4339 2442 4393 καθ’
2477 4340 2720 4411 ἑκάστην
2753 4340 2968 4412 ἡμέραν
2988 4341 3054 4394 δι’
3085 4343 3267 4397 αὐτῶν
3307 4347 3660 4416 προσεκύνεις
3693 4349 3757 4418 τῷ

505 4437 771 4506 ipsorum,
809 4445 863 4488 et
895 4449 1006 4488 non
1055 4433 1352 4506 imaginem
1396 4451 1616 4492 auream
1650 4435 2085 4496 Nabuchodono-

2192 4428 2311 4498 Θεῷ
2347 4431 2441 4482 καὶ
2464 4430 2708 4500 Δεσπότῃ
2747 4431 2960 4494 αὐτῶν,
2992 4433 3086 4484 καὶ
3116 4431 3193 4504 μὴ
3214 4435 3280 4504 τῇ
3319 4435 3497 4489 εἰκόνι
3520 4441 3583 4509 τῇ
3607 4416 3753 4508 χρυσῇ

503 4540 618 4581 sor.
654 4524 722 4580 Et
759 4524 1034 4595 quomodo
1065 4539 1174 4579 non
1205 4523 1561 4580 confunderis
1593 4537 1781 4583 contra
1822 4545 1910 4585 me
1937 4547 2088 4586 com-

503 4625 722 4683 motus,
747 4628 804 4672 et
827 4617 1074 4672 elevatus
1110 4631 1280 4686 super
1325 4616 1654 4688 imaginibus
1679 4659 1692 4682 .
1737 4629 1793 4674 et
1819 4623 1968 4676 cruci
1999 4639 2090 4678 ca-

505 4707 769 4762 lumniam
816 4706 1108 4762 inferens?
1139 4707 1196 4760 Si
1228 4706 1508 4770 Abraham,
1541 4707 1856 4764 idololatras
1889 4713 2081 4766 adora-

505 4793 586 4848 vit
611 4833 627 4859 ,
680 4803 736 4848 et
763 4794 940 4852 Moses
967 4793 1161 4850 Jethro
1191 4793 1628 4856 idololatram.et
1649 4794 1820 4852 Jacob
1850 4799 2097 4855 Pharao-

503 4897 631 4939 nem
661 4925 675 4945 ,
715 4893 770 4939 et
823 4883 1010 4938 Daniel
1073 4882 1586 4940 Nabuchodonosor
1635 4901 1649 4938 :
1725 4888 1770 4942 si
1819 4888 1928 4956 isti,
1969 4907 2096 4946 cum

504 4983 690 5032 essent
719 4975 998 5046 propheta:
1023 4990 1087 5030 ac
1115 4975 1270 5044 justi,
1296 4986 1520 5048 prepter
1549 4978 1796 5047 quadam
1837 4981 2102 5039 beneﬁcia

503 5064 807 5120 adorabant
843 5079 942 5120 eos
974 5081 1139 5136 super
1167 5075 1372 5120 terram
1411 5067 1728 5122 idololatras
1749 5071 2100 5142 exsistentes,

504 5157 559 5212 in
605 5170 694 5212 me
739 5155 954 5212 εὕει-τῖε
1005 5157 1327 5212 adorantem
1371 5173 1592 5213 crucem
1637 5167 1695 5214 et
1747 5161 2094 5220 characteres

503 5256 818 5302 sanctorum
839 5288 853 5312 ,
879 5264 948 5302 ex
981 5249 1184 5319 quibus
1215 5249 1356 5303 dena
1385 5249 1552 5302 millia
1586 5249 1728 5304 bona
1780 5267 1808 5304 a
1854 5253 1964 5308 Deo
1996 5271 2094 5326 per

504 5354 600 5393 eos
629 5338 917 5408 percipio?
944 5339 1047 5406 Qui
1077 5339 1222 5394 enim
1255 5355 1442 5410 regem
1473 5341 1719 5396 timuerit
1752 5382 1766 5407 ,
1795 5360 1904 5398 non
1932 5345 2091 5402 inhoo

506 5437 665 5483 norat
703 5428 896 5483 'ﬂlium
945 5431 1086 5499 ejus.
1131 5429 1198 5484 Et
1247 5431 1340 5500 qui
1384 5431 1554 5484 Deum
1601 5431 1799 5498 timet,
1857 5435 2092 5492 honorat

507 5515 692 5584 utique
727 5555 742 5579 ,
800 5527 854 5569 et
887 5517 1037 5582 colit,
1085 5532 1152 5572 ac
1176 5518 1368 5572 adorat
1428 5526 1514 5572 ut.
1543 5517 1738 5574 Filium
1781 5521 1876 5576 Dei
1934 5523 2092 5578 Chri-

509 5607 651 5656 stum
696 5602 987 5656 Dominum
1029 5614 1312 5670 nostrum,
1342 5615 1396 5661 et
1448 5605 1671 5676 figuram
1703 5611 1884 5664 crucis
1929 5611 2048 5680 ejus
2075 5652 2090 5677 ,

585 5771 629 5803 “
669 5770 874 5826 Jrrcnt.
912 5791 974 5832 ιι.
1006 5780 1096 5832 ‘27.

2194 4520 2695 4592 Ναϐουχοδονόσορ·
2737 4523 2835 4575 καὶ
2882 4522 3000 4584 πῶς
3051 4524 3155 4578 οὐκ
3207 4526 3444 4600 αἰσχύνῃ
3495 4529 3612 4582 κατ’
3644 4529 3756 4600 ἐμοῦ

2195 4609 2532 4680 κινούμενος,
2581 4613 2674 4664 καὶ
2721 4616 3199 4686 κατεπαιρὸμενος
3233 4621 3380 4672 κατὰ
3423 4620 3536 4674 τῶν
3564 4623 3758 4674 εἰκόνων

2196 4703 2406 4755 καὶτοῦ
2439 4704 2674 4775 σταυροῦ
2707 4704 2984 4774 ἐγκαλῶν,
3012 4711 3061 4760 εἰ
3105 4708 3354 4780 Ἀϐραὰμ
3403 4713 3522 4776 τοῖς
3573 4711 3759 4766 εἰδωλο-

2201 4796 2430 4865 λάτραις
2455 4797 2890 4868 προσεκύνησεν,
2922 4801 2972 4852 εἰ
3000 4801 3208 4871 Μωσῆς
3230 4803 3322 4856 τὸν
3373 4786 3547 4875 Ἰοθδρ
3572 4804 3757 4858 εἰδωλοο

2199 4887 2405 4957 λάτρην
2439 4889 2888 4960 προσεκύνησεν,
2941 4893 3038 4946 καὶ
3075 4893 3271 4947 Ἰακὼϐ
3318 4898 3412 4948 τὸν
3439 4897 3657 4968 Φαραὼ,
3685 4897 3759 4950 καὶ

2199 4980 2398 5050 Δανιὴλ
2431 4982 2526 5034 τὸν
2556 4983 3067 5056 Ναϐουχοδονόσορς
3107 4987 3171 5040 Εἰ
3209 4981 3356 5041 οὗτοι
3389 4991 3665 5061 προφῆται
3686 4989 3757 5040 κει
3796 5025 3812 5039 .

2197 5069 2398 5123 δίκαιοι
2426 5071 2602 5134 ὄντες,
2632 5073 2720 5127 διά
2743 5092 2894 5138 τινας
2927 5075 3252 5146 εὐεργεσίας
3275 5082 3647 5152 προσεκύνουν
3680 5083 3758 5135 αὑ·

2197 5166 2309 5226 τοῖς
2341 5164 2432 5216 ἐπὶ
2466 5164 2567 5233 τὴν
2593 5166 2699 5234 γῆν
2719 5167 3134 5240 εἰδωλολάτραις
3159 5167 3330 5238 οὖσιν,
3349 5173 3489 5242 ἐμοῦ
3525 5173 3759 5228 atatem!-

2193 5272 2266 5326 ρῃ
2295 5257 2733 5327 τροσκυνοῦντος
2784 5261 3007 5333 σταυρῷ
3039 5264 3134 5316 καὶ
3171 5267 3554 5337 χαρακτῆρσιν
3595 5265 3759 5335 ἁγίων.

2193 5345 2254 5410 ἐξ
2275 5340 2349 5400 ὧν
2381 5347 2552 5418 μυρία
2581 5348 2763 5418 ἀγαθὰ
2789 5353 2942 5424 παρὰ
2975 5353 3114 5408 Θεοῦ
3143 5353 3210 5410 δι’
3239 5357 3418 5410 αὐτῶν
3447 5357 3758 5428 κομίζομαιι

2189 5435 2365 5512 Ὀτὸιρ
2423 5437 2518 5491 τὸν
2577 5440 2809 5510 βασιλέα
2856 5443 3214 5516 ῳοῦούμενος,
3270 5447 3372 5500 ούκ
3411 5448 3667 5518 ἀτιμάζει
3689 5445 3762 5498 τὸν

2199 5527 2329 5580 Υἱδν
2358 5527 2525 5582 αὑτοῦ
2549 5545 2564 5560 ο
2597 5531 2692 5584 καὶ
2726 5533 2754 5583 ὀ
2809 5532 2946 5588 Θεὸν
2995 5535 3350 5606 φοϐούμενος,
3403 5538 3546 5608 τιμᾷ
3572 5535 3760 5595 πάντως

2199 5618 2292 5673 καὶ
2323 5617 2475 5670 σέϐει
2520 5621 2609 5672 καὶ
2658 5627 2954 5690 προσκυνεῖ
2985 5624 3060 5690 ὡς
3089 5627 3221 5680 Υἱὸν
3243 5625 3380 5680 Θεοῦ
3429 5625 3664 5700 Χριστὸν
3690 5617 3762 5676 τὸν
