3976 6404
260 234 402 301 I609

1532 226 1832 287 CONTRA
1878 224 2207 287 JUD.‘EOS.

3382 225 3519 290 1610

252 345 389 399 Θεὸν
423 336 611 411 ἡμῶν,
658 334 752 390 καὶ
798 333 890 388 τὸν
928 333 1097 387 τύπον
1126 331 1222 389 τοῦ
1254 332 1488 405 σταυροῦ
1524 333 1714 398 αὑτοῦ,
1748 335 1842 387 καὶ

1954 346 1998 391 et
2027 337 2374 391 characteres
2423 344 2736 391 sanctorum
2795 337 2935 407 ejus.
2969 336 3104 404 Quia
3149 339 3323 408 ipsum
3360 338 3523 393 decet

255 438 378 497 τοὺς
420 427 777 502 χαρακτῆρας
808 428 917 481 τῶν
946 426 1119 495 ἁγίων
1146 426 1330 481 αὐτοῦ.
1374 427 1499 480 ’Ότι
1530 425 1680 496 αὑτῷ
1708 426 1844 497 πρέ-

268 545 357 582 πει
378 524 505 589 δόξα
543 521 640 574 σὺν
662 518 740 589 τῷ
785 519 961 589 Πατρὶ
996 520 1091 573 καὶ
1116 517 1195 589 τῷ
1214 518 1355 591 ἁγίῳ
1380 515 1685 588 Πνεύματι,
1746 517 1842 571 νῦν

267 621 362 675 καὶ
391 615 500 683 ἀεὶ,
529 612 626 667 καὶ
655 612 736 675 εἰς
756 611 882 676 τοὺς
905 611 1109 677 αἰῶνας
1134 611 1241 667 τῶν
1269 610 1499 666 αἰώνων.
1539 610 1711 681 Ἀμήν
1740 607 1838 681 (⁵).

1952 428 2123 498 gloria
2172 443 2296 483 cum
2372 427 2531 482 Patre
2578 443 2643 484 ac
2707 426 2915 498 Spiritu
2958 440 3192 494 sancto,
3250 445 3396 485 nunc
3466 439 3524 483 et

1949 535 2167 591 semper
2190 561 2205 588 ,
2247 529 2303 577 et
2338 520 2393 576 in
2428 522 2625 577 saecula
2665 522 3012 578 saeculorum.
3053 523 3225 578 Amen

1759 790 1993 847 NOTAE.

337 889 418 1011 ς’)
450 888 576 945 Hcce
625 889 768 958 apud
818 886 994 943 Μανιδὶ
1048 893 1378 955 sequuntur:
1424 883 1835 945 Κωνσταντῖνος

268 962 339 1015 ἐπ
366 977 565 1020 suo-no:
593 958 978 1020 Κωνσταντιας
1005 954 1105 1020 τῆς
1141 954 1365 1023 Κύπρου
1391 947 1574 1004 εἶπεν·
1608 948 1776 1014 Οὗτος
1806 953 1836 1004 ὁ

266 1030 634 1097 ἀναγνωσθεὶς
661 1030 848 1098 Πατὴρ
877 1030 934 1079 ὲν
976 1027 1076 1095 μιᾷ
1114 1024 1229 1098 σιςᾷξνΔ
1246 1024 1454 1098 πολεων
1478 1023 1576 1091 τῆς
1603 1023 1833 1098 Κύπρου

270 1090 909 1169 ἱερόπρεπῶςῖιέπῴὶῖγε.
942 1090 1062 1169 Ιςαξ
1075 1092 1244 1146 πολλὰ
1288 1090 1541 1169 ὲγξυρμια
1568 1094 1673 1169 stat
1696 1110 1839 1169 παν-

268 1156 569 1239 ησξυρίκοὺς
595 1156 803 1239 -).ὁγου’ςν
825 1156 989 1239 αὐτου
1026 1156 1384 1239 ἔχομενζμεθέ
1402 1156 1474 1214 ὧν
1498 1163 1589 1239 ita).
1612 1163 1707 1239 ei:
1739 1161 1837 1239 τὴν

269 1308 362 1360 ita!
416 1309 506 1359 τὸν
541 1308 654 1377 βίον
699 1308 793 1359 τοῦ
854 1308 1010 1372 ἁγίου
1083 1308 1329 1356 Ἰωάννου
1401 1308 1840 1369 ἀρχιεπισκόπου

280 1377 684 1447 ’Δλεξανδρειας
707 1376 801 1447 του
836 1376 1186 1447 ἘλξὴμονοΨ
1212 1373 1291 1424 ἐτι
1328 1372 1439 1447 μὴν.
1456 1372 1547 1447 καὶ
1574 1370 1669 1447 τοῦ
1692 1370 1841 1447 ὁσίου

267 1441 493 1516 Συμεὼν
522 1441 614 1498 ἑοῦ
637 1446 828 1516 Saleii.
857 1445 958 1516 οιαὶ
982 1441 1152 1516 ἕτερα
1171 1459 1292 1495 τινα
1316 1459 1330 1472 ⁸
1354 1441 1451 1516 uel.
1480 1444 1535 1491 ἐν
1552 1441 1703 1516 μπᾶίοι
1732 1442 1845 1516 τοῖς

263 1507 444 1594 Misi;
470 1516 634 1594 uinci
661 1513 938 1594 b_p_0669€o_;
963 1507 1335 1594 yvm'elgemts'
1351 1507 1684 1594 "Exacta-6i:
1705 1508 1847 1594 uatis

265 1577 392 1648 τοῦς
424 1577 649 1657 χρόνους
682 1577 991 1656 Μαυρέκιου
1019 1577 1114 1637 τοῦ
1150 1581 1417 1653 βασιλέως
1438 1596 1450 1608 ·
1472 1577 1849 1634 Constantinus

1941 883 2306 939 sanctissimus
2347 883 2616 951 episcopus
2652 881 2975 939 Constantia:
3012 882 3172 950 Cypri
3203 884 3336 936 dixit
3364 900 3382 938 :
3413 882 3524 939 Hic

1943 953 2032 1025 qui
2059 954 2219 1007 lectus
2244 963 2315 1006 est
2329 951 2522 1025 ‘Pater,
2554 954 2608 1006 in
2634 971 2738 1007 una
2766 954 2987 1025 urbium
3021 952 3181 1022 Cypri
3226 957 3408 1008 decore
3432 970 3525 1007 sa“

1944 1021 2241 1077 cralissimo
2274 1021 2521 1094 claruit:
2567 1033 2617 1075 et
2662 1024 2833 1077 multa
2882 1025 3185 1094 prwconia,
3230 1032 3289 1094 et
3317 1024 3524 1093 festivo!

1943 1109 2204 1147 sermones
2230 1093 2635 1163 eius/tabernas,
2667 1110 2787 1147 cum
2829 1093 3015 1163 quibus
3048 1103 3121 1147 est
3168 1093 3327 1146 etiam
3354 1110 3526 1147 sermo

1944 1163 2059 1231 ejus
2090 1164 2144 1215 in
2177 1162 2695 1231 transﬁgurationem
2726 1162 3021 1217 Saluatoris
3052 1165 3236 1216 nostri.
3286 1164 3526 1217 Conscri-

1941 1234 2042 1301 psit
2064 1245 2242 1284 autem
2269 1242 2317 1284 et
2346 1236 2508 1284 vitam
2533 1234 2703 1286 sancti
2746 1233 2967 1287 Joannis
3011 1234 3383 1298 archiepiscopi
3403 1236 3525 1286 Ale-

1941 1301 2184 1356 xandria:
2214 1311 2545 1369 cognomento
2577 1301 2888 1368 Eleemonis,
2935 1305 2989 1357 id
3018 1314 3112 1367 est,
3140 1304 3523 1357 misericordis:

1944 1372 2073 1442 quin
2101 1382 2151 1443 et
2174 1371 2364 1443 sancti;
2391 1369 2664 1439 Symeonis
2695 1372 2965 1439 simplicis,
3010 1383 3056 1427 et
3081 1373 3188 1426 alia
3229 1375 3467 1443 quautam
3505 1390 3523 1427 :

1946 1441 2191 1512 atquein
2223 1441 2463 1512 omnibus
2493 1443 2815 1495 sermonibus
2853 1445 2961 1497 suis
2990 1441 3311 1496 ortlrodoaius
3353 1445 3521 1496 cerni-

1948 1510 2054 1565 tur.
2090 1510 2292 1565 Floruit
2327 1520 2504 1564 autem
2531 1512 2849 1580 temporibus
2881 1512 3129 1566 Mauricii
3170 1513 3523 1581 imperatoris.

273 1772 3525 1806 MM...

1324 1947 2477 2079 FBAGMENTUM.

1661 2355 2206 2449 EPISCOPI

1012 2358 1518 2453 LEONTII

1220 2576 1802 2694 CONTRA

2344 2356 2752 2446 CYPBII

1941 2574 2572 2690 JUDJEOS.

1223 2851 1231 2857 .
1295 2801 1583 2875 (CANISIUS,
1618 2800 1794 2872 Antiq.
1827 2798 2061 2854 Lection.
2100 2806 2138 2853 t.
2174 2797 2216 2863 I,
2253 2812 2309 2867 p.
2352 2793 2502 2865 765.)

338 3120 605 3187 Ostende,
660 3116 860 3188 inquit,
914 3112 1046 3167 mihi
1109 3111 1262 3182 signa
1307 3112 1576 3166 adventus
1641 3111 1846 3165 Christi
1877 3098 1925 3157 B
1952 3110 2322 3165 crediderunt.
2344 3108 2659 3164 Secundum
2692 3123 2821 3164 vero
2850 3110 3308 3181 anagogen:Non
3334 3110 3536 3165 levabit

272 3218 412 3289 apud
431 3214 735 3269 Michaeam.
759 3226 777 3259 σ
799 3205 918 3262 Νοη
934 3204 1163 3275 amplius
1186 3204 1375 3257 levabit
1392 3220 1514 3274 gens
1527 3213 1706 3256 contra
1726 3219 1855 3273 gen—

273 3319 371 3364 tem
393 3304 754 3372 rhomplueam
785 3300 841 3366 ¹;
880 3317 898 3349 ι
943 3306 997 3353 et
1025 3296 1155 3351 illud
1184 3295 1327 3366 apud
1348 3294 1638 3349 Jeremiam
1675 3312 1689 3348 :
1732 3293 1854 3346 Non

273 3400 427 3464 enim,
471 3395 668 3464 inquit.
699 3390 951 3445 docebunt
1008 3387 1240 3456 amplius
1279 3387 1633 3456 unusquisque
1672 3387 1855 3453 proxi-

273 3507 412 3546 mum
444 3504 603 3543 suum
626 3486 799 3539 dicens
823 3524 836 3546 ,
874 3496 1116 3551 cognosce
1158 3478 1482 3541 Dominum;
1518 3478 1641 3546 quia
1678 3491 1854 3528 omnes

275 3587 581 3652 cognoscent
620 3592 701 3631 me
729 3593 761 3628 a
783 3590 945 3643 parvo
985 3587 1146 3641 usque
1179 3570 1250 3622 ad
1288 3585 1539 3638 magnum
1570 3569 1613 3631 ',
1645 3577 1695 3619 et
1720 3566 1851 3619 illud

273 3674 413 3745 apud
463 3669 708 3725 Isaiam:
750 3666 1026 3727 Pascetur,
1075 3662 1268 3731 inquit,
1315 3659 1467 3728 lupus
1518 3674 1637 3711 cum
1691 3672 1847 3726 agno,

272 3775 321 3820 et
352 3764 555 3833 pardus
583 3758 744 3815 simul
777 3756 1057 3833 requiescet
1087 3768 1203 3805 cum
1231 3750 1380 3804 Itde
1422 3767 1439 3813 ;
1467 3757 1515 3802 et
1560 3747 1770 3811 vitulus,
1800 3753 1851 3799 et

275 3822 479 3922 taurus,
540 3862 587 3907 et
634 3850 717 3904 leo
745 3846 907 3902 simul
957 3822 1261 3913 pa‘scentur,
1290 3849 1339 3894 et
1362 3839 1526 3893 catuli
1559 3854 1739 3892 eorum
1772 3838 1849 3891 si-

274 3947 384 4003 mul
416 3953 591 4008 erunt,
630 3951 680 3997 et
720 3940 799 3994 leo
835 3947 992 4008 atque
1044 3935 1131 3989 bos
1162 3932 1322 3988 simul
1350 3931 1612 3986 comedent
1645 3929 1847 3999 paleas,

275 4049 319 4093 et
349 4052 484 4109 puer
515 4049 709 4104 parvus
731 4033 787 4084 in
818 4030 1056 4100 foramen
1092 4026 1356 4095 aspidum,
1385 4032 1433 4076 et
1470 4023 1527 4075 in
1550 4021 1717 4075 cubile
1757 4036 1853 4075 na-

278 4136 449 4181 torum
480 4141 545 4179 ea:
582 4121 852 4193 aspidibus
875 4131 1089 4171 manum
1119 4114 1309 4178 mittet,
1334 4121 1383 4165 et
1410 4126 1512 4164 non
1543 4109 1849 4163 nocebunt'.

275 4216 402 4272 nate
430 4214 579 4270 enim
622 4220 707 4266 est
733 4208 1047 4264 Judaeorum
1092 4202 1403 4274 pervulgata
1438 4199 1688 4270 quaestio.
1738 4199 1851 4254 Ad-

273 4313 492 4363 vertant
519 4311 699 4358 autem
746 4297 933 4353 omnia
963 4296 1126 4354 facta.
1154 4302 1209 4348 et
1234 4292 1301 4347 ad
1343 4291 1547 4345 exitum
1586 4288 1850 4360 perducta

275 4414 415 4455 esse.
444 4396 585 4452 Cum
611 4393 757 4448 enim
780 4397 1046 4445 venturus
1073 4391 1193 4440 erat
1215 4383 1486 4446 Christus,
1519 4381 1702 4436 statim
1727 4382 1849 4436 exi-

274 4491 353 4546 vit
379 4489 622 4545 edictum
643 4501 675 4539 a
691 4484 905 4539 Casare
925 4481 1189 4549 Augusto,
1212 4484 1272 4530 ut
1298 4474 1702 4531 describeretur
1729 4474 1849 4529 uni-

273 4597 469 4638 versus
506 4578 673 4639 orbis,
703 4574 900 4630 deinde
916 4571 1063 4625 omni
1094 4578 1254 4641 gente.
1303 4568 1357 4623 in
1389 4574 1711 4638 potestatem
1742 4566 1853 4619 Ro~

274 4684 565 4727 manorum
594 4667 838 4727 redacta,
891 4677 1084 4717 omnes
1126 4675 1312 4731 pacem
1345 4659 1612 4723 lecemnt,
1645 4667 1702 4712 et
1740 4672 1851 4711 non

272 4762 514 4831 amplius
536 4760 681 4812 inter
707 4770 765 4811 se
785 4754 930 4810 bella
952 4763 1224 4824 gerentes,
1247 4750 1448 4821 quippe
1472 4749 1566 4819 qui
1601 4749 1704 4804 sub
1744 4765 1853 4804 uno

273 4854 453 4925 capite
479 4859 684 4913 essent,
707 4849 775 4903 ad
806 4845 1190 4917 agriculturam
1223 4858 1282 4898 se
1307 4849 1715 4896 converterunt.

344 4944 506 5011 Quod
528 4943 571 4997 si
601 4957 721 5012 quae
751 4949 942 5011 gentes
972 4936 1173 4991 relicta:
1191 4946 1319 4989 sunt
1338 4934 1626 4996 bellantes.
1655 4933 1855 4988 idioma

276 5036 581 5106 Scriptum
629 5041 735 5096 est,
780 5031 831 5086 id
866 5037 968 5094 est,
1025 5028 1245 5098 propria
1295 5027 1656 5087 consuetudo,
1707 5025 1854 5095 loqui

272 5128 536 5183 universe
562 5125 630 5180 de
656 5123 862 5193 majore
887 5128 1060 5190 parte.
1086 5118 1409 5187 Hujusmodi
1427 5128 1508 5171 est
1531 5117 1660 5171 illud
1690 5116 1855 5171 trium

272 5230 574 5287 puerorum
609 5233 620 5268 :
646 5212 766 5267 Non
795 5218 871 5265 est
899 5210 956 5263 in
982 5218 1208 5276 tempore
1235 5208 1329 5261 hoc
1353 5207 1612 5277 princeps,
1646 5215 1695 5259 et
1728 5222 1853 5275 pro-

271 5307 433 5378 pheta
464 5306 488 5337 ⁵
522 5323 537 5371 ;
572 5313 731 5361 erant
759 5302 905 5357 enim
947 5299 1157 5362 Daniel,
1213 5307 1269 5352 et
1310 5298 1560 5353 Ezechiel
1603 5313 1725 5351 cum
1770 5297 1854 5366 ip-

272 5397 397 5464 sis;
443 5406 502 5453 et
550 5395 835 5458 Jeremias,
875 5390 1262 5461 Hierosolymis
1296 5408 1309 5444 :
1355 5400 1409 5445 et
1452 5389 1619 5444 multa
1659 5389 1854 5460 hujus-

275 5489 423 5547 modi
476 5496 626 5543 sunt.
674 5488 782 5541 Aut
839 5483 1126 5556 prophetia
1171 5490 1256 5538 est
1308 5483 1376 5537 de
1420 5482 1695 5554 gentibus,
1731 5497 1855 5552 qua:

1955 3217 2090 3270 gens
2113 3201 2425 3254 dmmonum
2454 3200 2507 3253 in
2533 3206 2752 3270 gentem
2783 3199 3063 3253 hominum
3094 3199 3330 3271 gladium
3362 3200 3537 3254 idolo-

1955 3292 2146 3353 tatriaa,
2184 3291 2275 3360 qui
2307 3291 2507 3345 occidit
2538 3290 2772 3353 animas,
2819 3300 2874 3344 et
2900 3291 3062 3360 eripit
3104 3307 3326 3346 sensum
3353 3291 3539 3362 cogni-

1956 3385 2119 3436 tionis
2143 3381 2254 3436 Dei.
2295 3379 2396 3436 Ubi
2443 3381 2589 3436 enim
2632 3381 2985 3451 Evangelium
3034 3383 3386 3451 praedicatum
3427 3391 3533 3446 est,

1953 3488 2145 3541 omnes
2165 3488 2332 3525 unum
2362 3488 2560 3541 corpus
2586 3472 3131 3537 factisunt,etunum
3157 3484 3320 3542 caput
3350 3473 3539 3526 Chris-

1954 3570 2067 3615 tum
2105 3563 2433 3624 habuerunt,
2470 3573 2526 3616 et
2547 3572 2809 3616 terrorem
2842 3564 3183 3618 daemonibus
3210 3564 3533 3621 intulerunt.

1955 3651 2085 3705 Illud
2117 3652 2260 3704 enim
2297 3668 2310 3704 :
2343 3651 2461 3705 Non
2493 3652 2603 3704 veni
2644 3653 2848 3704 mittere
2879 3669 3082 3721 pacem.
3126 3653 3215 3705 sed
3239 3654 3533 3723 gladium”,

1951 3757 2061 3795 non
2094 3743 2162 3796 de
2185 3743 2365 3812 gladio
2394 3743 2541 3798 civili
2568 3743 2776 3798 dictum
2806 3752 2890 3797 est
2915 3760 2930 3807 ;
2964 3745 3174 3815 gladius
3206 3746 3353 3799 enim
3370 3761 3535 3815 quem

1950 3834 2100 3888 irrisit
2124 3836 2415 3901 Christus,
2434 3835 2752 3911 praedicatio
2778 3842 2884 3898 est,
2899 3844 2956 3890 et
2975 3836 3107 3891 lides
3133 3838 3536 3906 praedicationis

1949 3925 2199 3982 dividens
2229 3928 2442 3982 ﬁdelem
2464 3928 2532 3982 ab
2558 3927 2786 3990 inﬁdeli,
2819 3936 2873 3982 et
2903 3943 3163 3983 resecans
3186 3931 3282 4000 τὴν
3317 3931 3410 3983 ἐπὶ
3435 3947 3535 3985 κα·

1949 4016 2033 4089 κῷ
2061 4018 2265 4088 σχέσιν,
2296 4019 2391 4071 καὶ
2430 4020 2758 4090 συμφωνίαν
2781 4019 3027 4089 αὐτῷ,ἰά
3055 4029 3159 4083 est,
3188 4021 3533 4077 all'ectionent

1949 4109 2089 4172 vitii,
2124 4118 2180 4163 et
2205 4125 2330 4164 cum
2358 4125 2424 4165 eo
2450 4111 2892 4169 consensionem.
2921 4112 3011 4166 Sic
3026 4112 3092 4166 ad
3115 4112 3246 4166 illud
3270 4111 3530 4168 Michaeze.

2021 4199 2316 4257 Videamus
2359 4202 2625 4273 deinceps
2659 4203 2788 4257 illud
2860 4204 3002 4273 apud
3032 4202 3346 4259 Jeremiam.
3395 4203 3534 4259 Cum

1950 4293 2098 4348 enim
2128 4296 2325 4361 multa,
2361 4306 2419 4349 et
2456 4311 2654 4366 magna
2688 4295 2843 4367 signa
2876 4295 3131 4351 Christus
3157 4296 3382 4362 faceret,
3415 4313 3538 4353 Olli-

1947 4400 2049 4440 nes
2076 4402 2105 4441 a
2137 4402 2304 4456 parvo
2336 4402 2511 4456 usque
2569 4388 2637 4441 ad
2666 4402 2922 4458 magnum
2971 4388 3163 4443 oculos
3222 4389 3537 4444 habuerunt

1956 4477 2253 4548 magistros
2291 4480 2624 4550 cognitionis
2673 4479 2793 4540 Dei,
2826 4496 3064 4551 cumque
3109 4482 3360 4545 virtutes,
3413 4496 3538 4551 qua:

1958 4568 2130 4624 Deum
2146 4569 2444 4632 decebant.
2464 4572 2904 4639 considerarent,
2928 4573 3040 4628 cito
3068 4580 3167 4642 per
3190 4573 3402 4642 seipsos
3416 4588 3542 4645 cog-

1958 4670 2233 4716 noverunt
2262 4660 2431 4718 Deum
2457 4678 2601 4728 esse,
2640 4674 2696 4719 ut
2733 4665 2864 4720 licet
2888 4665 3193 4738 intelligere
3226 4682 3337 4720 non
3360 4665 3538 4722 solum

1957 4763 2023 4803 ex
2059 4749 2342 4820 Scriptura
2376 4751 2823 4823 Evangeliorum,
2864 4753 2961 4809 sed
2989 4769 3055 4808 ex
3093 4754 3401 4810 Annalibus
3428 4754 3541 4811 He-

1960 4840 2255 4903 braeorum,
2288 4852 2346 4897 et
2391 4843 2645 4899 llistoriis
2688 4846 2997 4915 gentilium.
3037 4845 3327 4919 Reliquum
3376 4847 3542 4919 igitur

1960 4941 2067 4995 est,
2117 4944 2179 4987 ut
2224 4934 2472 4988 dicamus
2496 4934 2564 4988 de
2594 4934 2750 5006 signo
2810 4935 3081 4992 adventus
3132 4937 3334 4993 Christi
3394 4937 3539 5007 apud

1961 5023 2176 5078 Isaiam.
2201 5025 2300 5080 Hic
2323 5026 2591 5095 prepheta
2614 5041 2679 5081 ex
2713 5027 3021 5083 dill‘erentia
3045 5028 3278 5084 feritatis
3301 5036 3358 5083 et
3385 5043 3539 5083 man-

1964 5116 2280 5172 suetudinis
2304 5117 2609 5172 helluarum
2638 5118 2936 5174 declaravit
2967 5121 3215 5175 diversos
3242 5135 3424 5175 mores
3441 5110 3542 5175 ho-
3602 5107 3609 5114 ’

1967 5205 2178 5259 minurn
2230 5224 2244 5260 :
2294 5214 2350 5259 et
2402 5222 2470 5261 ex
2504 5207 2721 5262 illorum
2753 5207 2810 5262 in
2844 5210 3245 5281 compascendo
3304 5210 3542 5280 conjun-

1963 5297 2168 5362 ctione,
2204 5314 2374 5353 unum
2434 5300 2629 5354 horum
2683 5302 2846 5367 ovile,
2886 5309 2944 5356 et
2998 5300 3271 5357 Ecclesias
3332 5317 3400 5358 ex
3456 5303 3544 5358 his

1963 5389 2373 5445 constituendas
2426 5390 2482 5446 in
2533 5391 2868 5462 atnigmitate
2919 5390 3267 5464 signiﬁcavit.
3326 5393 3541 5464 Lupum

1962 5481 2183 5552 quidem
2241 5484 2453 5539 vocavit
2505 5485 2750 5540 velocem
2789 5486 2857 5541 ad
2909 5486 3288 5558 rapiendum;
3342 5503 3541 5561 agnum

345 5648 362 5678 ‘
393 5644 564 5702 κίοι).
598 5664 674 5712 tv,
708 5648 763 5701 3.
838 5645 1080 5701 'Jerem.
1119 5662 1267 5710 xxxi,
1301 5646 1389 5701 54.
1464 5647 1485 5678 ³
1512 5646 1621 5704 lsa.
1686 5662 1764 5711 xl,
1796 5644 1852 5714 6,
1888 5643 1941 5701 9.
2021 5646 2042 5678 ⁸
2065 5646 2200 5703 Dan.
2239 5665 2318 5716 nt,
2353 5650 2468 5723 '58.,
2520 5651 2538 5680 ⁸
2570 5651 2771 5707 Matth.
2797 5666 2850 5717 x,
2885 5651 2975 5707 5i.

647 5741 921 5802 ΡΑτιιοι.
964 5739 1081 5804 Cn.
1128 5740 1356 5803 XCIII.

3104 5744 3177 5805 51
