3976 6448
416 277 548 341 1611

1436 273 1745 334 LEONTII
1790 272 2303 334 NEAPOLITANI
2344 272 2686 333 EPISCOPI

3544 267 3683 334 1612

412 407 543 447 vero
575 405 721 455 eum,
756 404 917 459 quem
959 388 1119 443 facile
1152 397 1235 444 est
1270 403 1492 452 vexare,
1532 399 1589 442 et
1624 388 1987 454 calumniari;
2023 392 2062 447 Α
2094 403 2238 452 rum,
2276 401 2509 456 quorum
2576 393 2787 454 partus,
2821 390 2878 436 et
2916 381 3156 449 soboles,
3182 390 3313 437 sunt
3365 381 3684 451 passiones.

411 480 642 550 pardum
676 493 806 533 vero
826 478 918 531 τὸν
944 477 1458 549 ποικιλόγνωμον,ἰι1
1489 487 1592 541 est,
1617 476 1986 546 versipellem,

409 571 626 627 haedum
677 577 862 625 autem
908 570 1214 640 simplicem
1265 588 1279 635 ;
1336 568 1566 624 vitulum
1614 579 1985 631 mansuetum,

413 670 629 715 taurum
663 675 794 714 vero
826 660 1110 724 audacem,
1134 660 1348 713 leonem
1381 661 1859 730 superbum,quos
1888 659 1990 714 du-

413 764 522 819 cet,
554 754 749 823 inquit,
779 762 835 807 et
868 761 1057 822 pascet
1088 753 1253 806 homo
1296 753 1585 822 prudentia
1630 754 1850 822 quidem
1899 767 1989 807 se-

411 862 541 908 nex,
568 845 884 898 innocentia
914 859 1045 898 vero
1075 854 1129 897 et
1162 843 1469 897 humilitate
1495 859 1650 912 puer,
1669 859 1733 897 ac
1759 858 1989 913 magnus

412 936 633 1004 quidem
668 936 893 999 virtute,
922 950 1123 1003 parvus
1143 944 1323 988 autem
1360 934 1567 988 vilitate
1595 949 1715 1004 qute
1741 941 1986 1003 apparet,

412 1036 467 1078 et
498 1028 782 1079 tenuitate.
807 1025 1126 1093 Hujusmodi
1153 1033 1282 1079 sunt
1310 1025 1572 1093 praesides
1598 1024 1986 1082 Eeclesiarum.

412 1133 440 1169 a
479 1117 680 1185 quibus
729 1117 820 1186 qui
856 1118 1102 1173 moribus
1151 1118 1433 1179 dill'erunt,
1481 1126 1875 1186 temperantur,
1936 1125 1993 1170 et

411 1219 761 1279 eoaptantur.
800 1209 879 1264 Ac
908 1225 1099 1264 rursus
1130 1209 1324 1264 bovem
1354 1209 1575 1279 quidem
1610 1216 1767 1262 vocat
1794 1222 1989 1276 opera-

412 1300 576 1361 rium,
603 1315 794 1353 ursum
827 1315 958 1353 vero
1002 1314 1253 1355 voracem
1289 1317 1303 1365 ;
1339 1299 1468 1353 item
1508 1300 1720 1354 leonem
1766 1297 1988 1367 quidem

410 1389 738 1459 principem.
762 1399 819 1446 et
843 1392 1149 1454 ductorem,
1164 1394 1357 1447 bovem
1380 1407 1508 1446 vero
1526 1392 1628 1446 sub
1652 1391 1783 1460 jugo
1814 1391 1990 1444 servi-

412 1483 543 1537 tutis
563 1483 839 1537 viventem
868 1499 933 1538 ac
958 1485 1287 1554 subjectum,
1306 1484 1489 1554 paleas
1508 1484 1669 1538 vilem
1694 1492 1749 1536 et
1766 1490 1989 1536 tenuem

411 1573 597 1627 cibum
624 1574 767 1642 ejus,
797 1574 891 1644 qui
926 1575 1029 1629 sub
1057 1575 1191 1645 jugo
1221 1582 1325 1629 est.
1357 1573 1619 1628 Comedet
1663 1573 1809 1627 enim
1865 1587 1991 1626 cum

413 1663 667 1731 subjecto
689 1664 736 1717 is
752 1664 845 1734 qui
878 1665 1125 1734 subjicit,
1150 1672 1375 1735 propter
1395 1665 1660 1719 unitatem
1689 1663 1834 1718 ﬁdei.
1850 1662 1992 1716 Puer

416 1762 601 1808 autem
629 1771 831 1825 parvus
862 1764 946 1812 est
964 1757 1337 1826 unusquisque
1365 1757 1583 1826 praesul,
1611 1757 1755 1811 sicut
1786 1755 1991 1810 dictum

416 1854 521 1908 est,
558 1847 763 1901 malitia
790 1848 1067 1917 parvulus,
1104 1849 1261 1918 cujus
1303 1848 1549 1903 doctrina
1594 1856 1816 1917 propter
1849 1847 1991 1900 mul-

415 1946 523 1990 tam
554 1938 959 2007 expeditionem
987 1955 1182 1995 manus
1210 1947 1457 2002 vocatur,
1491 1954 1613 2009 quae
1646 1939 1990 2003 admovetur,

412 2037 471 2081 et
500 2027 744 2097 injicitur
798 2030 1131 2095 inﬁdelibus,
1176 2032 1270 2102 qui
1324 2040 1456 2085 sunt
1505 2029 1797 2095 foramina,
1820 2036 1876 2083 et
1903 2030 1991 2084 lu-

415 2131 549 2183 stra,
578 2120 865 2189 accubilia,
895 2131 951 2177 et
994 2123 1271 2179 domicilia
1332 2122 1580 2193 aspidum
1609 2121 1991 2190 spiritualium,

415 2212 468 2265 id
524 2221 636 2281 est,
693 2213 1002 2269 daemonum
1066 2222 1498 2280 venenatorum,
1559 2221 1617 2267 et
1675 2212 1989 2267 mortifero-

493 2390 514 2421 ⁸
539 2387 680 2445 Osee
707 2405 767 2458 ιι,
819 2390 909 2447 l8.
984 2390 1005 2421 '
1044 2389 1149 2445 lsa.
1195 2405 1349 2457 sun,
1380 2388 1471 2445 20.
1549 2388 1570 2420 ⁸
1598 2387 1803 2447 Jerem.
1852 2402 2044 2455 xxvut,
2076 2389 2163 2445 M.
2238 2394 2260 2425 ο
2296 2384 2495 2444 Ezech.
2534 2382 2841 2454 nnv,25.

2161 478 2335 532 Aliter
2362 475 2661 546 etiam,qui
2692 474 2885 529 vivunt
2911 474 3216 529 secundum
3242 471 3688 536 Christum,ma-

2094 586 2224 625 num
2262 569 2520 640 injiciunt
2547 566 2915 630 daemonibus,
2944 580 3072 620 cum
3102 564 3321 635 signum
3360 563 3548 617 crucis
3598 564 3687 618 ia-

2092 664 2337 718 ferentes
2388 663 2471 715 eis
2511 676 2624 714 non
2664 660 2853 713 sinunt
2906 659 3278 713 inhabitantes
3339 671 3544 710 nocere
3583 656 3685 722 eis,

2092 770 2230 826 quos
2260 755 2536 809 obsident.
2561 751 2718 818 Quod
2742 761 2925 805 autem
2950 750 3156 805 bestias
3195 748 3312 802 sive
3346 748 3496 802 feras
3526 756 3690 802 vocat

2092 857 2281 919 gentes
2309 862 2453 917 stepe
2480 862 2713 900 numero
2739 844 3043 914 Scriptura,
3064 844 3141 896 ait
3155 841 3300 896 Deus
3324 856 3422 911 per
3453 840 3684 895 Oscam:

2093 941 2387 1009 Dispauam
2417 942 2792 992 testamentum
2818 938 2875 990 in
2912 937 2997 990 die
3028 935 3127 989 illa
3161 952 3280 988 cum
3307 933 3493 987 bestiis
3540 933 3687 1002 agri,

2094 1043 2142 1087 et
2170 1049 2288 1085 cum
2315 1030 2609 1085 volucribus
2641 1028 2776 1096 caeli,
2803 1044 2923 1082 cum
2963 1028 3290 1096 serpentibus
3324 1033 3486 1078 terra
3515 1023 3562 1086 ‘,
3597 1036 3693 1092 ge-

2093 1124 2360 1178 neraliore
2396 1137 2657 1177 sermone
2686 1120 2894 1175 bestias
2924 1119 3148 1190 quidem
3172 1117 3286 1187 agri
3320 1115 3585 1169 nominat
3604 1114 3691 1168 fec

2095 1214 2264 1273 rinos,
2293 1220 2348 1266 et
2374 1211 2641 1265 immanes
2666 1227 2681 1275 ;
2722 1210 2976 1265 volucres
2992 1224 3124 1262 vero
3150 1207 3427 1270 elatiores,
3455 1218 3693 1273 serpen-

2096 1315 2177 1359 tes
2216 1319 2345 1358 vero
2399 1303 2737 1364 humiliores,
2768 1310 2865 1356 aut
2914 1302 3164 1355 volucres
3194 1298 3418 1368 quidem
3469 1296 3692 1350 deditos

2094 1395 2398 1465 astrologiae
2432 1410 2448 1459 ;
2482 1401 2771 1463 serpentes
2794 1406 2927 1445 vero
2955 1389 3269 1444 sordidatos
3299 1384 3687 1457 passionibus,

2092 1495 2148 1541 et
2173 1501 2363 1542 rursus
2399 1500 2499 1555 per
2528 1482 2719 1538 Isaiam
2759 1500 2773 1536 :
2809 1481 3113 1536 Benedicite
3148 1499 3252 1545 me,
3285 1497 3468 1538 omnes
3511 1481 3693 1536 bestia:

2094 1579 2249 1648 agri'
2284 1584 2384 1640 ;et
2423 1577 2623 1630 iterum
2666 1589 2766 1644 per
2790 1572 3086 1628 Jeremiam
3120 1590 3135 1626 :
3164 1572 3299 1627 Dedi
3325 1591 3538 1628 omnem
3582 1582 3692 1627 ter-

2097 1687 2214 1723 ram
2253 1667 2735 1722 Nabuchodonosor
2777 1666 2888 1735 regi
2921 1663 3229 1734 Babylonis,
3262 1674 3321 1720 ut
3349 1666 3577 1720 serviret
3619 1665 3690 1723 ei.

2099 1772 2149 1816 et
2180 1763 2369 1815 bestias
2398 1761 2534 1829 agri,
2552 1768 2610 1812 ut
2638 1764 2983 1825 operarentur
3009 1757 3058 1811 ei
3093 1756 3116 1789 ³
3140 1773 3155 1822 ;
3182 1764 3241 1811 et
3273 1757 3332 1811 in
3357 1756 3692 1819 Ezechiele;

2099 1851 2291 1905 Delebo
2317 1849 2490 1905 malas
2518 1848 2709 1902 bestias
2729 1848 2793 1901 de
2812 1857 2953 1901 terra
2981 1848 3003 1879 ’
3038 1863 3055 1914 ;
3086 1854 3149 1900 ut
3168 1847 3494 1901 omittamus
3516 1861 3687 1905 nunc.

2097 1958 2221 2013 qua:
2265 1948 2394 1996 sunt
2449 1939 2594 2010 apud
2650 1938 2946 2004 Danielem,
3003 1946 3059 1993 et
3112 1937 3245 1992 illud
3283 1936 3691 2007 :Comparatus

2074 2031 2260 2098 'enim,
2304 2033 2503 2102 inquit,
2537 2039 2613 2084 est
2648 2031 2905 2100 jumentis
2926 2030 3291 2100 insipientibus
3319 2029 3480 2084 homo
3520 2039 3691 2083 mente

2099 2127 2370 2196 prwditus,
2391 2133 2440 2180 et
2461 2124 2791 2180 assimilatas
2824 2133 2901 2177 est
2924 2122 3029 2177 illis
3068 2123 3134 2177 “.

2920 2381 2963 2413 ¹⁶
2985 2379 3130 2440 Psal.
3172 2397 3370 2450 xum,
3403 2383 3495 2438 i3.
