3976 6398
283 292 423 354 1615
1221 296 1377 351 VITA
1424 296 1669 355 SANCTI
1708 297 1853 353 10M

1972 296 1997 353 Ξ
2034 297 2619 356 ELEEMOSYNARII.
3297 304 3307 313 '
3407 299 3542 353 16H

284 493 1822 523 amr—ﬂ.”
1369 496 1833 506 ——-—-—-—~~
1847 497 1854 522 ε

1856 496 2297 521 ._..—___.._.—'
1912 494 2754 521 '—”—‘—__________—"__
2758 495 3326 517 *ηδ-Ἦ,
3210 511 3219 517 ι
3330 497 3426 505 -ς-ν,

1847 508 2775 522 W

2778 497 3545 520 mir..-

1657 769 1756 812 JAI‘
1775 770 1948 813 UARII
1986 771 2165 814 XXIII.

278 1045 948 1256 VITA
1111 1045 2076 1257 SANCTI
2227 1046 3359 1278 JOANNIS

1468 1485 2344 1573 ELEEMOSYNABII,

738 1754 1111 1817 AUCTORE
1152 1756 1507 1819 LEONTIO
1544 1755 1627 1837 (2)
1666 1755 2140 1818 NEAPOLEOS
2191 1756 2632 1819 CYPRORUM
2665 1757 3073 1823 EPISCOPO.

929 2025 1374 2083 lNTEllPRETE
1414 2028 1808 2085 ANASTASIO
1839 2028 1918 2100 (5)
1957 2029 2016 2086 S.
2056 2031 2127 2085 Β.
2166 2030 2232 2085 Ε.
2275 2030 2903 2091 BIBLIOTIIECARIO.-

584 2434 1044 2499 PR/EFATIO
1095 2435 1543 2500 ANASTASII
1590 2434 1704 2496 AD
1758 2436 2175 2501 DOMINUM
2228 2435 2335 2509 (Μ
2395 2434 2845 2503 NICOLAUM
2896 2438 3210 2502 PAPAM.

360 2732 652 2802 Cogitante
676 2749 781 2796 me,
806 2749 869 2788 ac
889 2733 984 2788 diu
1014 2735 1176 2790 tacite
1200 2734 1543 2805 solliciteque
1570 2750 1785 2792 mecum
1818 2737 2226 2804 considerante,
2251 2738 2383 2809 quid
2429 2740 2485 2794 in
2525 2740 2690 2797 domo
2716 2744 2809 2798 Dei
2846 2746 3193 2800 commodius
3218 2762 3282 2802 ac
3304 2747 3527 2817 dignius

293 2830 511 2896 operari
533 2842 770 2896 possem,
795 2843 861 2880 ne
881 2842 944 2881 ea
969 2826 1631 2896 videlicetpraasutuerem
1657 2845 1780 2898 qua:
1804 2829 1939 2884 mibi
1963 2845 2028 2884 cx
2048 2830 2357 2886 ministerio
2376 2832 2587 2887 credita
2609 2850 2721 2888 non
2751 2845 2901 2901 sunt,
2920 2853 3023 2891 nec
3043 2854 3236 2893 rursus
3262 2838 3355 2894 illa
3406 2842 3544 2897 arri-
3615 2822 3621 2828 l

295 2933 486 2988 perem
519 2934 639 2987 qua:
681 2918 941 2987 ingenioli
966 2918 1070 2972 ntei
1096 2919 1244 2973 vires
1263 2919 1558 2984 excedunt,
1585 2920 1886 2974 secundum
1910 2921 2045 2974 illud
2070 2921 2381 2978 Salomonis
2400 2924 2531 2978 :Mel
2549 2926 2813 2991 invenisti,
2838 2929 3043 2982 comede
3059 2931 3200 3000 quod
3217 2932 3406 3002 stt/ﬁcit
3422 2934 3535 3000 tibi,

292 3023 356 3060 ne
378 3009 519 3079 forte
546 3008 773 3061 satiatus
798 3024 1006 3060 evomas
1027 3006 1160 3061 illud
1188 3006 1367 3074 (Prov.
1392 3010 1539 3077 xxv).
1570 3008 1634 3060 Et
1676 3010 1804 3063 alibi
1835 3027 1846 3060 :
1874 3010 2081 3064 Altiora
2115 3018 2162 3063 te
2186 3028 2250 3064 ne
2278 3015 2571 3082 quwsieris,
2597 3025 2646 3069 et
2673 3017 2895 3087 fortiora
2922 3028 2970 3070 te
2996 3036 3058 3071 ne
3078 3032 3347 3079 srrutatus
3381 3025 3542 3093 fuerit

294 3096 484 3159 (Ercli.
521 3098 639 3168 in);
669 3117 795 3154 ecce
819 3100 992 3155 subito
1013 3100 1226 3166 quidam
1258 3104 1457 3155 strenui
1489 3119 1550 3157 ac
1576 3103 1797 3158 studiosi
1827 3104 1926 3158 viri
1971 3119 2058 3158 me
2101 3102 2369 3158 cohortari
2415 3106 2706 3165 voluerunt.
2757 3116 2810 3158 ut
2851 3106 2903 3159 in
2948 3106 3190 3159 Latinum
3236 3120 3534 3158 sermonem

294 3202 564 3244 Venerem
614 3192 892 3247 Leontium
925 3193 991 3247 de
1019 3191 1155 3248 Vita:
1199 3195 1428 3249 residuis
1469 3196 1548 3265 (5)
1576 3196 1795 3250 Joannis
1827 3194 2169 3250 Alexandrini
2220 3195 2468 3249 antistitis
2490 3234 2503 3258 ,
2536 3211 2690 3263 quem
2732 3196 2904 3250 Graeci
2951 3208 3165 3263 pi-Opter
3197 3197 3537 3262 multiplicem

299 3282 756 3349 cuntpassionein,
801 3298 959 3351 quam
985 3299 1106 3352 erga
1129 3276 1317 3337 omnes
1348 3284 1676 3350 possidebat,
1701 3284 1890 3337 merito
1915 3295 1970 3337 et
1998 3283 2241 3336 absolute
2267 3283 2573 3344 Eleemona,
2607 3285 2655 3335 id
2681 3294 2780 3346 cst,
2828 3285 3225 3338 misericordem
3247 3285 3539 3352 appellant,

291 3383 561 3441 quatenus
593 3384 769 3429 tantus
798 3376 877 3428 vir
902 3391 1007 3428 non
1043 3385 1243 3428 tantum
1269 3391 1517 3429 sermone
1545 3375 1752 3439 Grmco,
1782 3389 1960 3427 verum
1990 3376 2149 3427 etiam
2195 3374 2383 3427 Latino
2436 3374 2645 3441 eloquio
2692 3374 3013 3442 pollentibus
3056 3375 3266 3428 utilitati
3310 3384 3453 3430 esset
3487 3384 3541 3429 et

291 3465 597 3516 commodo.

360 3553 707 3620 oitipmpter
728 3552 846 3619 quia
882 3568 965 3607 me
986 3552 1202 3621 dignum
1229 3555 1295 3607 ad
1320 3562 1520 3607 tantum
1550 3567 1684 3622 opus
1712 3562 1870 3621 atque
1895 3553 2138 3607 idoneum
2163 3551 2381 3605 minime
2411 3552 2675 3619 perspexi,
2709 3552 2866 3605 levavi
2889 3553 3063 3606 oculos
3093 3569 3227 3605 meo:
3257 3555 3538 3619 fumantes,

287 3642 432 3695 unde
449 3648 633 3697 veniret
655 3645 907 3697 auxilium
936 3644 1061 3695 nti/ti
1086 3641 1260 3715 (Psal.
1287 3643 1447 3709 cxx);
1473 3646 1657 3714 sicque
1685 3644 1868 3697 solatia
1900 3654 2105 3712 patrum
2142 3650 2197 3696 et
2240 3644 2507 3696 orationes
2537 3643 2818 3704 adhibens,
2869 3653 2974 3695 tam
3028 3642 3317 3710 proticuutn
3366 3643 3540 3695 virum

282 3747 386 3787 non
426 3750 615 3802 passus
644 3754 759 3790 sum
789 3737 967 3791 celare
990 3736 1212 3793 Latinis.
1239 3736 1341 3791 Sed
1369 3735 1496 3790 licet
1519 3737 1858 3792 tnembranas
1880 3736 2158 3791 inciderim
2182 3776 2194 3797 ,
2227 3737 2475 3789 scedulas
2518 3736 2941 3805 prteparaverim,
2974 3752 3077 3787 non
3110 3744 3286 3788 tamen
3320 3735 3460 3789 liunc
3486 3734 3542 3787 in

286 3824 536 3879 Codicem
564 3829 827 3882 centicere
848 3844 1004 3882 ausus
1026 3843 1165 3894 sum,
1190 3840 1472 3895 antequam
1503 3844 1532 3880 a
1562 3829 1920 3880 dominatione
1949 3822 2145 3892 vestra,
2173 3844 2204 3881 ο
2230 3829 2416 3881 millies
2465 3830 2638 3892 beate,
2672 3829 2935 3882 licentiam
2967 3828 3187 3891 adipisci
3238 3826 3536 3895 promerui-

288 3914 470 3979 Neque
499 3916 640 3968 enim
690 3914 772 3970 fas
818 3928 978 3971 estut
1008 3918 1208 3986 absque
1252 3919 1449 3972 vicario
1502 3920 1590 3972 Dei
1618 3918 1722 3989 (6),
1778 3920 1974 3987 ab~que
2024 3922 2287 3986 clavigero
2338 3920 2481 3982 creli,
2528 3920 2728 3988 alisque
2755 3936 2913 3973 curru
2939 3931 2997 3973 et
3036 3922 3216 3993 auriga
3249 3918 3542 3986 spiritualis

290 4003 524 4067 lsraelis,
557 4012 758 4074 absque
784 4010 1148 4061 universitatis
1183 4010 1450 4073 pontifice,
1482 4009 1680 4075 absque
1723 4012 1876 4062 unico
1905 4025 2057 4076 papa,
2102 4012 2302 4076 absque
2329 4010 2583 4077 singulari
2612 4021 2843 4078 pastore,
2877 4015 3079 4076 absque
3108 4010 3320 4077 speciali
3354 4007 3533 4066 Patre.

289 4095 490 4165 absque
512 4107 564 4151 te
592 4101 827 4153 omnium
856 4102 1057 4155 arbitro
1082 4101 1277 4169 aliquid
1300 4110 1705 4163 consummetur
1724 4111 1816 4154 aut
1845 4102 2161 4170 divulgetur.
2192 4103 2269 4155 'l‘u
2299 4102 2437 4155 enim
2465 4114 2613 4156 tenes
2638 4103 2813 4155 claves
2854 4102 3013 4155 David
3044 4100 3224 4171 (Luca
3246 4104 3343 4169 xi),
3369 4110 3424 4154 tu
3446 4115 3539 4153 ac-

289 4189 472 4255 cepisti
503 4189 679 4242 claves
706 4192 962 4247 scientim.
997 4192 1050 4243 In
1081 4207 1199 4245 arca
1232 4192 1425 4258 quippe
1472 4191 1698 4257 pectoris
1735 4192 1806 4241 tui
1840 4191 2031 4244 tabulae
2064 4193 2360 4245 testamenti
2380 4201 2434 4247 et
2455 4190 2890 4247 mannacmlestis
2938 4190 3144 4257 saporis
3174 4190 3536 4256 requiescunt.

287 4272 365 4331 Tu
389 4281 535 4331 enim
564 4281 701 4347 quod
733 4281 883 4349 ligas,
914 4296 1072 4335 nemo
1099 4282 1290 4345 solvit;
1322 4284 1459 4349 quod
1491 4283 1672 4343 solvis,
1727 4295 1883 4331 nemo
1926 4282 2084 4350 ligat;
2114 4282 2203 4351 qui
2231 4281 2427 4350 aperis,
2455 4287 2510 4334 et
2556 4292 2714 4334 nemo
2778 4276 3238 4343 claudit;claudis,
3287 4284 3343 4331 et
3387 4290 3543 4330 uentu

291 4370 460 4434 aperit
493 4367 706 4439 (Manli.
733 4372 865 4441 xvi).
901 4372 1079 4425 Vicem
1109 4387 1333 4438 namque
1361 4373 1413 4424 iit
1438 4374 1593 4424 terris
1620 4372 1856 4437 possides
1884 4374 1996 4427 Dei.

349 4462 489 4520 Cum
590 4472 773 4518 autem
870 4460 1020 4515 hunc
1102 4462 1311 4516 beatum
1341 4465 1392 4516 in
1423 4463 1665 4516 Latinum
1697 4473 1957 4516 verterem
1982 4461 2270 4530 eloquium,
2296 4475 2393 4515 nec
2415 4461 2717 4515 Graecorum
2743 4458 3013 4527 idiomata,
3046 4474 3146 4516 nec
3172 4473 3354 4514 eorum
3381 4455 3527 4512 ordi-

296 4564 413 4606 nem
448 4554 734 4606 verborum
765 4554 916 4622 sequi
959 4556 1104 4623 potui
1154 4558 1235 4607 vel
1283 4554 1460 4607 debui.
1507 4552 1620 4606 Non
1651 4554 1793 4606 enim
1825 4553 2041 4605 verbum
2065 4566 2096 4603 e
2128 4550 2324 4613 verbo,
2356 4550 2449 4603 sed
2481 4564 2693 4604 sensum
2724 4563 2756 4602 e
2784 4564 2943 4603 sensu
2992 4548 3256 4618 excerpsi.
3286 4546 3389 4602 Sed
3433 4558 3535 4600 nec

291 4640 508 4697 Latinas
537 4645 746 4711 regulas
776 4660 1154 4713 usquequaque
1183 4659 1397 4699 servare
1426 4645 1642 4707 curavi,
1674 4642 1799 4695 dum
1834 4651 2033 4695 tantum
2063 4641 2285 4695 intentio
2313 4654 2430 4693 mea
2463 4641 2555 4694 illo
2586 4641 2823 4694 tenderet
2849 4678 2863 4702 ,
2895 4654 2958 4694 ex
2995 4655 3101 4708 quo
3134 4638 3331 4694 utilitas
3352 4652 3545 4693 nasce-

294 4742 435 4784 retur
463 4733 778 4801 legentibus.
809 4733 921 4799 Qua
950 4736 1016 4786 de
1040 4751 1118 4798 re,
1153 4737 1457 4795 coaugelice
1486 4736 1679 4787 downe
1701 4775 1715 4796 ,
1752 4749 1855 4786 non
1907 4747 2181 4799 personam
2215 4732 2533 4795 tantillitatis
2560 4745 2692 4785 mea:
2720 4732 2951 4794 intuens,
2984 4746 3088 4785 non
3119 4732 3366 4786 astutiam
3395 4732 3544 4785 inve-

293 4825 515 4893 stigatis,
543 4842 644 4878 non
677 4825 959 4879 verborum
991 4825 1235 4890 phaleras
1281 4826 1572 4894 requirens,
1606 4825 1698 4878 sed
1747 4827 1921 4891 potius
1949 4824 2034 4890 pio
2066 4824 2241 4875 cordis
2267 4821 2422 4874 oculo
2452 4814 2745 4886 profectum
2778 4820 3063 4890 legentium
3094 4836 3453 4888 praenoscens.
3487 4830 3545 4875 ut

294 4921 470 4969 tantus
502 4917 580 4970 vir
608 4928 855 4985 tanquam
897 4915 1172 4981 exemplar
1200 4930 1249 4967 et
1292 4916 1564 4982 speculum
1598 4915 1663 4968 sit
1707 4915 1976 4973 omnibus,
2018 4922 2192 4966 vestra
2220 4909 2507 4977 apostolica
2540 4911 2858 4966 auctoritate
2888 4910 3284 4964 translationem
3314 4911 3471 4975 lianc,
3497 4910 3544 4963 si

294 5015 472 5059 vestro
500 5007 725 5061 arbitrio
756 5007 947 5075 piaret,
983 5006 1216 5070 ﬁrinate;
1253 5005 1293 5056 εἰ
1322 5006 1590 5068 displicet,
1622 5005 1932 5067 emendate;
1962 5004 2250 5055 dummodo
2272 5000 2531 5054 Latinitas
2558 5014 2616 5053 se
2646 5008 2792 5052 tanto
2820 5014 2925 5053 non
2956 4998 3137 5053 doleat
3161 5014 3280 5053 esse
3304 5001 3415 5052 sale
3443 5001 3546 5067 pri-

294 5105 486 5162 vatam,
514 5112 619 5166 quo
649 5096 849 5150 Gracia
881 5110 938 5147 se
967 5096 1160 5163 gaudet
1185 5097 1384 5160 Optime
1412 5094 1701 5145 conditam.

367 5186 586 5258 Suscipe
632 5206 758 5255 ergo
801 5196 1092 5242 sanctttma
1129 5194 1407 5255 percatore
1456 5183 1893 5246 in'erpretatum;
1925 5188 1975 5233 et
2025 5178 2128 5232 noti
2173 5177 2448 5231 attendere
2485 5191 2579 5244 per
2616 5190 2772 5242 quem
2818 5176 3107 5228 translatus
3148 5173 3250 5237 sit,
3281 5172 3373 5227 sed
3421 5171 3541 5242 quis

295 5281 579 5334 translatus
609 5282 697 5333 sit.
727 5280 910 5348 Neque
938 5279 1077 5332 enim
1133 5286 1348 5345 prepter
1385 5272 1616 5328 ﬁstulam
1664 5270 1962 5340 plumbeam
1993 5269 2069 5337 (7)
2099 5283 2286 5335 aquam
2337 5265 2757 5331 limpidissintam
2806 5262 3054 5330 despicis,
3104 5276 3278 5330 neque
3328 5272 3542 5328 propter

297 5372 473 5437 spinas
505 5388 621 5442 qua:
649 5374 965 5442 producunt.
990 5386 1166 5425 rosam
1199 5384 1319 5429 qua:
1351 5369 1665 5436 producitur
1708 5367 1938 5431 spernis.
1989 5364 2180 5417 (iustos
2206 5360 2438 5429 denique
2471 5369 2521 5411 ct
2551 5369 2756 5413 amator
2788 5366 2929 5422 tuus,
2959 5355 3168 5425 quando
3194 5355 3376 5414 voluit.
3402 5353 3543 5409 Pba-

298 5462 450 5515 fauni
476 5460 629 5529 (Gen.
665 5460 775 5531 xLI)
802 5472 854 5514 et
882 5458 1371 5514 Nabuchodonosor
1399 5457 1561 5522 (Dan.
1592 5456 1666 5523 tv)
1695 5456 1887 5522 iniquis
1928 5454 2141 5523 regibus
2167 5452 2391 5515 somnia,
2422 5453 2611 5520 qtnbus
2645 5450 2819 5504 futura
2847 5457 3242 5518 praenoscerent
3265 5464 3325 5516 :r,
3357 5457 3539 5502 osten-

299 5547 406 5613 dit;
430 5564 483 5608 et
501 5553 757 5622 Caipbam
780 5552 996 5621 impium
1025 5552 1165 5620 quod
1196 5548 1514 5617 expediebat
1541 5549 1756 5616 protulit
1786 5542 1965 5617 (Joan.
1993 5547 2101 5615 xi);
2132 5544 2370 5612 quinitno
2392 5555 2440 5596 ct
2461 5543 2672 5612 quando
2697 5542 2881 5608 voluit,
2905 5539 3067 5596 asinae
3096 5537 3237 5610 loqui
3264 5538 3541 5594 articulata

301 5653 427 5698 voce
458 5647 695 5713 permisit
719 5645 908 5717 (Num.
940 5645 1094 5713 xxii).
1968 5636 1975 5651 ’

1311 5735 1474 5791 Salve,
1502 5734 1680 5782 Praesul
1707 5741 1865 5782 amate
1890 5731 2016 5789 Deo,
2041 5742 2129 5789 per
2148 5726 2327 5791 saecula
2349 5726 2500 5787 salve,

1373 5790 1545 5848 Totius
1565 5804 1709 5859 atque
1731 5797 1833 5867 orbi
1847 5812 1860 5837 ς
1878 5808 1955 5856 pa;
1973 5808 1998 5841 a
2024 5800 2184 5850 neate,
2204 5790 2327 5840 vale.
