3976 6428
407 282 546 342 1615
1226 348 1234 354 ξ
1481 270 1761 328 LEONTII
1800 267 2258 326 NEAPOLITANI
2300 268 2609 328 EPISCOPI
3545 273 3682 334 i6l6

1907 501 2246 512 -.————-————-

1221 838 2005 958 PROCEMIUM
2090 839 2361 956 AUC
2382 841 2850 962 TORIS.

503 1597 729 1653 lntcntio
759 1597 972 1666 quide
1007 1613 1107 1653 una
1131 1607 1217 1654 est
1245 1608 1424 1652 nostra
1448 1609 1657 1665 quoque
1685 1602 1738 1648 et
1763 1608 1943 1648 eorum
1974 1593 2060 1664 qui
2083 1603 2206 1649 ante
2229 1609 2324 1649 nos
2351 1594 2564 1649 fuerunt
2589 1597 2970 1665 studiosorum,
2993 1611 3043 1656 et
3076 1613 3382 1658 sanctorum
3412 1605 3679 1671 virorum,

425 1706 588 1760 super
615 1693 864 1761 praesenti
892 1691 1251 1748 memorabilis
1283 1690 1378 1743 viri
1416 1688 1550 1742 Vitae
1576 1686 1912 1750 narratione;
1947 1685 1998 1739 id
2041 1694 2156 1753 est,
2183 1696 2242 1740 tit
2265 1700 2329 1740 ex
2366 1687 2465 1740 hoc
2506 1687 2751 1742 omnibus
2777 1689 2987 1758 quidem
3016 1691 3242 1746 imitatio
3274 1695 3357 1762 pia
3388 1702 3445 1749 et
3475 1695 3682 1756 utilitas

426 1781 536 1844 liat,
566 1782 733 1850 gloria
764 1792 939 1837 autem
969 1793 1020 1837 et
1053 1780 1444 1852 magniﬁcentia
1494 1787 1695 1833 sancta:
1739 1786 1792 1832 et
1832 1778 2115 1832 adoranda:
2148 1775 2392 1831 Trinitati
2420 1779 2711 1844 referatur;
2741 1789 2793 1834 et
2823 1781 2876 1833 in
2905 1779 3026 1847 hoc,
3058 1782 3194 1836 sicut
3224 1792 3278 1836 et
3317 1785 3368 1837 in
3401 1788 3676 1849 omnibus.

422 1886 542 1938 qua:
570 1887 784 1940 semper
813 1873 864 1926 in
895 1873 1293 1943 generationem
1325 1881 1378 1926 et
1405 1871 1801 1940 generationem
1835 1869 2044 1936 propria
2073 1868 2353 1922 luminaria
2378 1869 2629 1935 ostendit,
2652 1869 2716 1924 ad
2749 1870 3125 1926 illuminandos
3154 1874 3242 1939 qui
3279 1877 3328 1927 in
3365 1875 3604 1930 tenebris
3622 1885 3678 1930 et

421 1961 473 2013 in
505 1963 687 2017 umbra
719 1965 906 2018 mortis
936 1965 1125 2019 sedent
1150 1961 1307 2034 (Luc.
1342 1961 1381 2032 ι)
1411 1969 1465 2014 et
1495 1959 1714 2028 peccati.
1763 1958 2020 2023 Quoniam
2049 1973 2174 2010 vero
2204 1959 2360 2011 amici
2389 1958 2589 2012 Christi
2615 1973 2722 2012 non
2752 1959 2905 2014 valde
2929 1961 3210 2027 miramur,
3237 1963 3325 2031 qui
3351 1975 3478 2018 ante
3505 1980 3673 2032 gene-

421 2055 681 2108 rationem
726 2064 958 2108 nostram
1011 2054 1222 2109 fuerunt
1271 2055 1390 2118 viri,
1419 2054 1508 2122 qui
1535 2053 1644 2105 Deo
1676 2051 1862 2119 placita
1905 2048 2308 2104 conversatione
2356 2049 2628 2116 vixerunt;
2659 2052 2751 2105 sed
2794 2050 2862 2106 de
2890 2053 3150 2107 diabolica
3191 2057 3504 2122 operatione
3555 2061 3673 2112 illos

423 2157 699 2200 sertnnnes
729 2163 940 2214 semper
964 2147 1189 2201 dicimus
1217 2145 1281 2199 ad
1313 2146 1645 2210 alterutrum,
1669 2146 1786 2212 quia
1817 2143 1913 2195 sub
1945 2141 2071 2195 viris
2099 2143 2186 2211 qui
2215 2150 2336 2194 ante
2366 2155 2463 2194 nos
2489 2141 2724 2207 fuerunt,
2749 2158 2851 2195 non
2879 2153 2992 2196 erat
3021 2145 3090 2197 ita
3119 2145 3369 2212 iniquitas
3391 2147 3668 2202 hominum

422 2233 762 2303 multiplicata
795 2238 932 2288 sicut
961 2238 1138 2302 modo,
1170 2246 1225 2290 ut
1254 2236 1498 2306 prmdixit
1530 2237 1702 2289 divina
1732 2235 2022 2302 Scriptura,
2054 2249 2119 2287 eo
2146 2234 2288 2303 quod
2329 2234 2615 2289 abundavit
2644 2234 2915 2304 iniquitas,
2946 2238 3244 2307 refrigescit
3274 2240 3508 2293 charitas
3537 2243 3667 2294 mul-

420 2331 593 2378 torum
626 2324 838 2393 (Matth.
871 2326 1051 2396 xxiv);
1087 2327 1206 2380 ideo
1233 2343 1336 2380 non
1370 2325 1606 2380 valemus
1634 2327 1696 2378 ad
1725 2340 1910 2379 eorum
1959 2340 2279 2392 consurgere
2308 2325 2550 2379 meritum
2579 2344 2592 2378 :
2619 2326 2775 2394 hujus
2805 2329 2882 2380 rei
2907 2329 3073 2396 gratia
3108 2330 3170 2382 ad
3197 2344 3514 2397 prasentem
3541 2348 3668 2386 san-

421 2418 521 2464 ctae
553 2411 710 2480 hujus
741 2411 874 2466 Vita:
897 2415 1256 2470 narrationem
1289 2430 1354 2469 ex
1379 2425 1529 2484 parte
1556 2418 1795 2470 venimus
1825 2415 1889 2468 ad
1920 2415 2303 2469 ostendendum
2335 2417 2494 2469 etiam
2525 2416 2711 2471 diebus
2738 2420 2936 2473 nostris
2967 2419 3227 2483 volentes,
3259 2431 3312 2474 et
3339 2425 3668 2490 propositum

426 2515 581 2554 suum
609 2511 884 2572 cogentes,
910 2505 1331 2559 excellentiores
1364 2503 1516 2558 nobis
1547 2505 1921 2570 demonstrari,
1948 2513 2003 2558 et
2031 2514 2307 2572 angustam
2347 2515 2400 2558 et
2429 2513 2630 2558 arctam
2659 2507 2796 2560 viam
2828 2522 2985 2576 posse
3027 2509 3275 2563 incedere
3306 2508 3524 2579 (Matth.
3555 2513 3652 2578 vn)

418 2602 479 2649 et
505 2595 786 2652 obstruere
815 2615 876 2653 os
907 2598 1232 2667 loquentium
1262 2600 1437 2669 iniqua
1462 2599 1630 2670 (Psal.
1665 2599 1830 2668 tht),
1864 2610 1917 2654 et
1943 2601 2136 2653 anima:
2164 2615 2363 2654 nocuos
2387 2600 2708 2658 intellectus.

501 2687 611 2741 .lam
644 2691 856 2758 quidem
885 2700 941 2744 et
968 2691 1060 2745 alii
1085 2698 1209 2744 ante
1253 2705 1350 2744 nos
1380 2691 1575 2759 optima
1627 2699 1786 2759 atque
1828 2691 2278 2746 excellentissima
2319 2691 2387 2744 de
2427 2691 2528 2745 hoc
2557 2693 2854 2747 admirabili
2893 2694 3010 2747 viro
3050 2701 3104 2746 et
3135 2710 3344 2748 summo
3393 2692 3675 2747 sacerdote

421 2779 628 2833 Joanne
661 2782 1014 2850 philosophati
1054 2793 1204 2844 sunt,
1238 2791 1478 2849 potentes
1521 2783 1810 2836 existentes
1838 2782 1889 2834 in
1921 2796 2080 2850 opere
2109 2790 2163 2836 et
2191 2783 2243 2836 in
2283 2797 2552 2838 sermone.
2598 2783 2728 2838 Dico
2756 2784 2895 2836 enim
2927 2783 3186 2837 Joannem
3217 2791 3271 2835 et
3307 2783 3672 2850 Sophronium

421 2872 510 2943 (8)
532 2873 636 2926 'Dei
665 2875 1272 2940 cultores,etamatores
1299 2875 1570 2935 virtutum,
1602 2885 1654 2926 et
1685 2873 1898 2941 pietatis
1927 2888 2375 2943 propugnatores;
2408 2884 2642 2930 attamen
2667 2875 2907 2942 quamvis
2930 2876 3059 2928 tales
3085 2884 3284 2937 essent.
3313 2874 3382 2927 de
3408 2875 3673 2941 dignitate

421 2971 480 3018 et
499 2963 691 3018 meri-to
719 2965 874 3019 studii
904 2963 999 3019 viri
1031 2966 1183 3018 istius
1213 2972 1267 3018 et
1305 2962 1404 3030 ipsi
1433 2963 1729 3016 omiserunt
1754 3003 1769 3026 ,
1795 2971 1848 3016 et
1877 2963 2101 3031 idipsum
2135 2965 2370 3032 perpessi
2412 2975 2558 3028 sunt,
2587 2965 2724 3032 quod
2755 2963 2993 3017 nonnulli
3020 2964 3243 3017 studiosi
3284 2963 3559 3030 agricolae,
3592 2963 3673 3015 vi-

425 3066 578 3106 neam
609 3053 828 3108 uberem
860 3063 913 3106 et
945 3051 1273 3107 fructuosam
1301 3053 1722 3117 vindemiantes;
1752 3067 1871 3104 nam
1907 3053 2207 3120 relinquunt
2237 3055 2417 3121 utique
2448 3068 2510 3106 ex
2539 3052 2707 3106 fructu
2734 3053 3177 3117 benedictionem,
3210 3055 3368 3106 etiam
3401 3054 3673 3115 nolentes,

420 3151 567 3195 retro
597 3155 658 3195 se
688 3142 1032 3210 sequentibus
1064 3140 1242 3210 egenis
1271 3143 1590 3213 eligentibus
1621 3142 1826 3196 vineam
1849 3187 1862 3210 ,
1893 3158 1957 3195 ex
1988 3143 2179 3211 quibus
2217 3157 2400 3196 sumus
2429 3155 2481 3197 et
2511 3157 2608 3197 nos
2638 3143 2864 3197 minimi.
2911 3143 3041 3198 Nam
3071 3155 3121 3199 et
3151 3159 3335 3197 omnes
3362 3144 3534 3195 sancti
3564 3144 3673 3211 isti,

421 3239 667 3304 quamvis
695 3239 834 3289 omni
859 3236 1176 3290 fortitudine
1203 3251 1293 3290 sua
1319 3235 1642 3290 fructiferam
1675 3236 1810 3289 hanc
1833 3235 2050 3300 olivam,
2074 3251 2190 3304 qua:
2217 3235 2266 3287 in
2297 3235 2454 3288 domo
2479 3235 2592 3299 Dei,
2617 3247 2672 3288 ut
2699 3236 2772 3289 ait
2797 3235 3072 3289 Psalmista
3101 3234 3272 3305 (Psal.
3305 3235 3404 3310 Li),
3439 3245 3675 3307 plaltlala

420 3334 524 3394 est,
559 3338 772 3394 propter
801 3329 1120 3393 multiplices
1151 3342 1334 3382 revera
1381 3329 1571 3391 olivas,
1610 3343 1730 3396 quae
1760 3327 1812 3380 in
1842 3342 1902 3381 ea
1931 3336 2084 3391 sunt,
2116 3330 2233 3382 zelo
2269 3327 2362 3381 Dei
2406 3327 2734 3381 vindemiare
2777 3327 3096 3392 studuerint,
3127 3339 3363 3387 attamen
3395 3333 3554 3393 latuit
3582 3348 3676 3389 eos

420 3417 620 3470 multus
651 3418 802 3471 oliva:
833 3414 1057 3482 fructus,
1079 3417 1302 3471 Domino
1331 3418 1689 3485 dispensante.
1707 3417 1949 3469 Nostram
1973 3430 2100 3482 ergo
2119 3417 2278 3470 vilem
2302 3425 2356 3468 et
2382 3413 2622 3483 frigidam
2648 3417 2973 3469 alacritatem
2998 3421 3346 3489 suscipite,ut
3365 3422 3472 3475 duo
3498 3420 3677 3474 vidua

421 3507 626 3562 minuta
656 3505 831 3576 (Luca:
859 3519 1003 3572 xxi);
1039 3523 1143 3562 non
1174 3509 1311 3562 enim
1343 3509 1447 3562 illis
1476 3508 1821 3562 detrahentes
1841 3548 1858 3573 ,
1888 3521 2060 3574 neque
2089 3507 2178 3574 qui
2211 3506 2474 3574 possimus
2499 3519 2682 3557 eorum
2713 3520 2741 3557 a
2774 3504 2883 3560 Deo
2907 3505 3159 3565 donatam
3202 3513 3525 3578 sapientiam
3556 3511 3678 3565 ἱιηίη

422 3597 546 3661 uri,
571 3597 696 3666 justi
727 3605 872 3664 gesta
904 3599 1180 3664 scriptura:
1205 3599 1423 3651 tradere
1451 3595 1852 3659 festinavimus;
1883 3595 1974 3648 sed
2009 3595 2181 3661 primo
2209 3593 2424 3661 quidem
2453 3604 2508 3646 ut
2545 3593 2682 3660 quod
2711 3593 3054 3666 intelligimus
3081 3616 3182 3652 non
3209 3601 3410 3667 justum
3435 3615 3580 3662 esse.
3611 3613 3675 3655 Β

423 3699 546 3755 qua
569 3695 798 3754 possunt
840 3686 1119 3740 utilitatem
1150 3687 1483 3740 audientibus
1527 3683 1720 3748 facere,
1751 3685 1966 3738 silentio
2008 3683 2314 3748 occultare;
2346 3700 2412 3736 ne
2439 3690 2493 3736 et
2526 3698 2626 3738 nos
2658 3684 2952 3739 incidamus
2977 3691 3030 3740 in
3064 3691 3313 3753 indiciam
3356 3690 3498 3743 servi
3525 3690 3673 3743 illius

436 3775 657 3847 (Matth.
688 3779 834 3845 xxv),
859 3775 947 3844 qui
1031 3775 1300 3832 talentum
1358 3777 1419 3831 in
1481 3784 1630 3830 terra
1714 3773 2013 3828 abscondit.
2043 3773 2287 3828 Secundo
2309 3781 2500 3842 autem,
2533 3781 2595 3828 ut
2621 3773 2673 3827 in
2704 3773 2802 3828 hac
2827 3774 3133 3827 narratione
3163 3782 3343 3826 nostra
3371 3775 3671 3826 correctio-

436 3881 524 3920 res
549 3873 604 3919 et
630 3864 972 3920 delectabiles
1021 3863 1259 3916 historia:
1302 3861 1718 3924 conscribuntur,
1753 3877 1869 3928 quae
1908 3862 2118 3929 scripta:
2147 3878 2252 3914 non
2282 3870 2404 3915 sunt
2441 3863 2510 3915 ab
2541 3861 2757 3927 optimis
2802 3861 2951 3925 viris,
2983 3862 3033 3913 in
3065 3861 3311 3915 laudibus
3339 3863 3667 3916 sanctissimi

437 3969 620 4009 revera
647 3963 806 4021 atque
827 3952 1114 4006 beatissimi
1142 3949 1382 4005 Joannis.
1409 3949 1608 4004 Deinde
1636 3965 1782 4012 vero,
1806 3951 1926 4019 quia
1953 3951 2216 4018 sapientes
2237 3959 2291 4004 et
2311 3959 2550 4020 potentes
2567 3951 2620 4004 in
2643 3963 2908 4014 sermone,
2933 3960 3196 4004 amatores
3219 3952 3462 4007 historia
3491 3963 3670 4017 erant,

437 4046 709 4113 sapienter
737 4053 789 4096 et
818 4042 1116 4095 sublimiter
1143 4039 1414 4092 materiam
1446 4039 1801 4108 depinxerunt
1827 4057 1842 4094 :
1865 4041 2004 4108 quod
2034 4042 2262 4096 maxime
2282 4055 2332 4096 et
2358 4044 2676 4111 peramplius
2702 4047 2873 4098 erexit
2900 4058 2995 4098 nos
3021 4048 3088 4097 ad
3118 4053 3441 4111 praesentem
3476 4047 3674 4098 sollici-

441 4133 696 4197 tudinem,
726 4142 781 4186 ut
806 4146 870 4184 eo
897 4133 984 4198 qui
1011 4131 1149 4183 inest
1174 4131 1346 4191 nobis,
1378 4128 1629 4198 pedestri,
1661 4131 1908 4199 deformi,
1941 4132 2231 4203 humilique
2275 4134 2583 4189 charactere
2613 4150 3007 4202 enarraretuus,
3033 4145 3092 4190 ut
3119 4149 3302 4206 posset
3330 4149 3386 4192 et
3426 4139 3592 4192 idiota
3620 4149 3673 4194 et

440 4225 558 4279 sine
585 4223 774 4276 litteris
802 4221 870 4276 de
899 4221 980 4275 his
1005 4235 1121 4289 qua:
1150 4221 1396 4274 dicuntur
1426 4220 1695 4287 proiiceve.
