3976 6410
265 419 270 424 ’
356 450 491 509 tm

575 1076 585 1084 .
1231 935 1234 938 ’
1605 921 2345 1139 VITA.

1295 475 1457 530 \‘lTA
1500 479 1747 536 SANCTI
1783 481 2068 540 JOAN‘MS
2110 486 2687 547 ELEEMOSYNARH.

3488 505 3619 562 1613

1813 1331 2125 1348 Ἄ

428 1477 605 1532 Cum
635 1493 850 1533 ramus.
875 1507 942 1519 —
965 1480 1093 1534 Cum
1142 1485 1499 1550 pervenissem
1541 1488 1912 1544 Alexandriam
1941 1495 1991 1550 Α
2021 1491 2360 1562 Evangelium
2391 1499 2690 1557 audientem
2736 1520 2818 1574 se,
2859 1508 2989 1564 dicit
3021 1513 3147 1566 mihi
3178 1528 3298 1570 cum
3328 1532 3584 1589 compun-

356 1584 460 1636 ego
509 1568 750 1636 indignus
789 1570 853 1623 ad
901 1572 1295 1638 amplectandos
1341 1587 1556 1632 sanctos
1601 1589 1655 1634 et
1689 1581 1918 1636 victores

357 1668 622 1726 martyres
651 1659 845 1726 Cyrum
878 1669 932 1714 et
971 1661 1227 1717 Joannem
1250 1663 1350 1734 (9).
1377 1676 1431 1720 et
1462 1683 1644 1721 eorum
1672 1670 1920 1737 jucundis

355 1748 532 1812 epulis
558 1757 611 1801 et
640 1749 929 1804 reiectione
949 1751 1265 1820 fruerentur,
1282 1759 1714 1814 convenientibus
1737 1773 1785 1816 et
1809 1764 1921 1817 col-

359 1836 696 1903 loquentibus
744 1838 935 1892 ibidem
991 1841 1302 1907 quibusdam
1351 1848 1478 1901 viris
1535 1852 1918 1908 venerabilibus

355 1935 515 1992 atque
542 1926 900 1992 philochristis
925 1930 1059 1999 (l0),
1092 1941 1146 1985 et
1173 1934 1566 2001 diSputaremus
1585 1940 1652 1994 de
1677 1942 1915 2010 Scriptu-

354 2015 430 2067 ris
459 2024 512 2067 et
536 2016 602 2068 de
645 2018 835 2070 animat
867 2019 1232 2087 institutione,
1262 2027 1400 2078 venit
1447 2028 1510 2080 ad
1560 2045 1656 2083 nos
1703 2033 1914 2096 quidam

355 2106 661 2173 peregrinus
711 2117 895 2173 petens
941 2110 1358 2180 eleemosynam.
1411 2115 1627 2170 Dicebat
1666 2123 1807 2174 enim
1856 2136 1917 2177 se

355 2208 521 2261 nuper
549 2195 614 2247 tle
656 2197 964 2264 captivitate
989 2201 1264 2255 Persarum
1294 2215 1555 2273 ereptum.
1591 2213 1792 2265 Accidit
1821 2214 1945 2283 igi--

352 2289 438 2335 tur
481 2292 538 2336 ttt
581 2285 757 2339 nullus
803 2287 870 2341 de
898 2290 1297 2346 considentibus
1339 2296 1668 2352 inveniretur
1712 2299 1915 2358 habens

351 2372 576 2442 pretium
620 2386 712 2429 aut
740 2393 1034 2432 nummum.
1085 2380 1229 2435 Unus
1265 2399 1390 2452 ergo
1413 2387 1480 2441 de
1519 2391 1915 2448 considentibus

351 2462 582 2517 habebat
603 2466 708 2519 illic
729 2477 986 2522 astantem
1012 2476 1416 2542 mercenarium,
1440 2477 1628 2532 callide
1648 2481 1911 2550 datorem,

348 2553 695 2619 accipientem
731 2567 836 2611 tres
857 2566 1054 2612 tantum
1078 2576 1319 2616 nummos
1344 2581 1436 2632 per
1456 2571 1692 2636 singulos
1717 2588 1910 2640 annos,

345 2653 402 2696 et
451 2644 732 2700 habentem
775 2663 992 2702 uxorem
1019 2660 1071 2704 et
1098 2651 1229 2706 duos
1272 2655 1424 2708 tilios.
1471 2655 1706 2728 Cumque
1737 2679 1915 2718 reces-

344 2735 500 2788 sisset
540 2737 628 2804 qui
663 2738 892 2804 petebat,
925 2752 1235 2806 prosecutus
1262 2751 1346 2800 est
1372 2760 1492 2801 eum
1539 2750 1828 2818 ingeniose,
1859 2764 1912 2809 et

343 2827 558 2880 abstulit
575 2843 600 2878 a
620 2843 677 2881 se
696 2845 852 2897 quam
875 2830 1081 2887 ferebat
1099 2837 1420 2891 cruciculam
1439 2851 1741 2910 argenteam
1765 2846 1812 2913 (l
1832 2848 1903 2916 l),

341 2925 393 2968 et
440 2917 528 2968 dat
553 2917 622 2982 ei,
653 2918 836 2974 dicens
866 2936 924 2974 se
953 2936 1056 2975 non
1088 2923 1283 2980 habere
1333 2927 1476 2981 aliud
1507 2931 1702 3000 aliquid
1736 2950 1906 3003 usque

341 3003 408 3056 ad
439 3005 680 3074 siliquam
712 3024 867 3062 unam
898 3011 1012 3081 (l2)
1041 3012 1094 3065 in
1141 3015 1247 3068 vita
1295 3031 1410 3071 sua.
1473 3020 1584 3090 Ego
1639 3023 1798 3092 igitur
1841 3027 1907 3081 de

341 3095 444 3148 hoc
473 3097 610 3163 quod
641 3098 929 3165 acciderat,
963 3101 1071 3156 imo
1097 3107 1236 3170 quod
1278 3117 1483 3173 gestum
1517 3111 1748 3166 videram
1769 3158 1782 3176 ,
1815 3131 1906 3182 per

338 3184 566 3250 gratiam
595 3187 685 3240 Dei
705 3189 1045 3257 considerans
1069 3195 1204 3260 quod
1232 3196 1513 3264 iecerat,et
1535 3213 1900 3270 compunctus,

335 3277 578 3329 enarravi
610 3278 786 3330 statim
838 3295 1002 3349 prope
1043 3283 1270 3349 sedenti,
1301 3289 1499 3343 Mennat
1526 3295 1760 3358 nomine,
1788 3297 1905 3352 viro

335 3364 598 3421 industrio
636 3378 689 3421 et
735 3370 940 3426 timenti
974 3373 1138 3429 Deum
1167 3418 1178 3440 ,
1207 3378 1298 3447 qui
1325 3388 1379 3434 et
1405 3391 1521 3435 erat
1544 3385 1794 3440 ordinans
1823 3389 1904 3439 di-

334 3459 734 3522 spensationem
791 3465 1140 3520 sanctissimae
1191 3469 1432 3524 ecclesiae
1489 3474 1589 3526 sub
1639 3477 1800 3529 nobili
1851 3489 1898 3533 et

334 3540 642 3599 beatissimo
668 3547 870 3603 Joanne
912 3554 1226 3619 patriarcha.
1262 3558 1360 3624 Qui
1401 3574 1518 3613 cum
1566 3580 1652 3616 me
1683 3565 1900 3620 intuitus

332 3636 868 3692 esset-admirantem
898 3652 949 3696 et
981 3643 1275 3700 laudantem
1319 3665 1438 3703 eum
1468 3652 1556 3719 qui
1599 3654 1898 3726 eleemosy-

333 3738 459 3776 nam
488 3721 705 3789 fecerat,
740 3728 871 3781 dixit
892 3730 1019 3784 mihi
1048 3749 1060 3784 :
1085 3732 1161 3788 Ne
1183 3737 1412 3803 mireris,
1441 3754 1505 3792 eo
1529 3743 1668 3808 quod
1701 3758 1762 3797 ex
1793 3754 1898 3800 tra-

329 3813 606 3870 ditioneet
631 3817 871 3872 doctrina
898 3822 1198 3889 hujuStnodi
1225 3829 1443 3882 actionis
1470 3843 1716 3898 operator
1735 3838 1899 3892 exsti-

330 3904 420 3955 tit.
455 3905 518 3958 Et
547 3907 757 3962 dicente
788 3925 870 3962 me
912 3913 975 3963 ad
1004 3929 1149 3976 eum,
1180 3917 1487 3982 Quomodo?
1517 3935 1730 3991 propter
1772 3928 1896 3981 cha-

330 3994 542 4048 ritatem
573 3998 820 4066 prodesto
851 4002 1002 4055 mihi.
1028 4004 1141 4072 Ipse
1173 4009 1498 4076 respondens
1522 4014 1633 4066 ait:
1660 4018 1896 4072 Sanctis-

326 4083 467 4136 sitno
483 4094 560 4139 ter
578 4087 729 4142 beato
751 4094 1062 4158 patriarcha:
1081 4108 1261 4151 nostro
1286 4101 1389 4152 min
1399 4102 1589 4156 istrans
1603 4110 1893 4173 permansit

326 4172 540 4238 Joanni,
573 4187 625 4228 et
654 4186 902 4247 tanquam
935 4183 1072 4236 lilius
1101 4190 1347 4255 proprius
1393 4195 1552 4256 patris
1580 4172 1889 4252 industriam
1926 4217 1972 4280 ρ

327 4268 583 4334 suscepit,
615 4268 824 4323 dicente
857 4283 1040 4326 sancto
1070 4277 1134 4328 ad
1163 4294 1280 4331 eum
1305 4296 1319 4335 :
1347 4281 1571 4338 llumilis
1614 4287 1889 4354 Zacharia,

326 4364 446 4408 esto
476 4359 809 4426 misericors;
836 4373 888 4416 et
915 4369 1130 4420 verbum
1163 4371 1324 4426 habes
1350 4389 1416 4428 ex
1459 4377 1568 4431 Deo
1598 4396 1689 4446 per
1719 4383 1896 4438 infeli-

325 4448 542 4499 citatem
575 4465 770 4518 meam,
805 4455 928 4520 quia
959 4472 1129 4526 neque
1168 4460 1219 4512 in
1259 4463 1364 4518 vita
1398 4481 1511 4520 mea
1559 4485 1729 4539 neque
1775 4486 1894 4540 post

326 4546 552 4591 mortem
577 4541 752 4595 deerit
776 4558 806 4596 a
836 4553 886 4598 te
933 4547 1101 4608 Deus;
1133 4552 1273 4619 quod
1299 4567 1473 4610 servat
1504 4573 1669 4628 usque
1711 4563 1887 4619 hodie.

324 4624 517 4680 Multas
543 4631 683 4684 enim
729 4634 1124 4694 benedictiones
1159 4643 1321 4697 mittit
1363 4648 1410 4700 ei
1459 4649 1618 4711 Deus.
1649 4655 1739 4706 sed
1787 4673 1817 4707 n
1843 4676 1890 4711 ιιι

321 4718 546 4775 dimittit
572 4724 878 4793 quidquam,
911 4717 1049 4795 quod
1080 4746 1185 4786 non
1215 4739 1392 4790 statim
1425 4740 1516 4793 det
1546 4747 1884 4812 pauperibus,

325 4813 706 4876 propemodum
755 4819 1129 4885 constringens
1185 4833 1240 4878 et
1285 4825 1336 4878 in
1382 4828 1602 4885 nihilum
1641 4834 1888 4902 redigt-ns

319 4897 536 4952 domum
567 4918 735 4957 suam.
767 4905 1032 4961 Multoties
1061 4919 1236 4964 autem
1270 4913 1320 4966 in
1348 4920 1702 4976 exsultatione
1736 4925 1883 4980 inve-

318 5000 516 5042 nerunt
545 5006 664 5045 eum
706 4995 942 5062 quidam,
972 4997 1236 5054 dicentem
1289 5005 1395 5058 Deo
1423 5022 1435 5058 :
1460 5009 1683 5078 Sic.sic,
1715 5023 1804 5067 aut
1832 5025 1888 5072 tu

319 5079 600 5143 mittendo,
629 5090 721 5134 aut
745 5098 844 5150 ego
872 5085 1257 5155 dispergendo;
1291 5093 1590 5149 videbimus
1615 5113 1743 5154 vero
1765 5105 1884 5169 quis

320 5171 514 5220 vincat.
564 5172 752 5239 Liquet
795 5179 935 5227 enim
966 5193 1217 5244 quoniam
1260 5193 1310 5236 tu
1339 5185 1486 5240 dives
1510 5228 1524 5252 ,
1559 5189 1800 5256 Domine,
1830 5205 1886 5250 et

317 5259 438 5309 vita:
467 5271 658 5314 nostra:
689 5263 1016 5319 ministrator
1040 5283 1116 5322 es.
1163 5271 1327 5327 Porro
1356 5285 1435 5328 est
1479 5281 1690 5346 quando
1730 5283 1881 5350 juxta

314 5357 564 5402 eventum
595 5368 698 5406 non
740 5355 896 5410 habet
949 5360 1014 5411 ad
1073 5362 1253 5416 horam
1308 5366 1503 5434 aliquid
1546 5374 1687 5440 quod
1715 5375 1807 5430 det.
1848 5394 1878 5432 a

312 5449 374 5489 se
407 5441 631 5504 petenti;
662 5452 715 5495 et
754 5447 988 5500 tristatus
1027 5449 1154 5504 dicit
1189 5453 1255 5505 ad
1299 5455 1652 5514 tabernarinm
1694 5475 1785 5517 aut
1813 5468 1879 5522 ad

313 5530 695 5596 negotiatorem
719 5549 734 5586 :
764 5534 835 5589 Da
865 5539 992 5592 mihi
1019 5556 1178 5595 unum
1206 5550 1500 5602 tremissem
1527 5553 1658 5624 (15),
1682 5568 1734 5611 et
1757 5576 1876 5614 ser-

310 5619 450 5672 viam
483 5620 572 5674 tibi
605 5639 708 5677 uno
737 5641 918 5682 mense
961 5631 1039 5684 vel
1086 5633 1320 5702 duobus,
1351 5651 1410 5694 ut
1453 5645 1528 5698 vis
1559 5657 1609 5700 et
1643 5651 1728 5703 ubi
1773 5654 1874 5716 vis,

308 5712 560 5774 quoniam
608 5715 848 5771 esuriunt
881 5721 1033 5776 valde
1073 5729 1160 5793 qui
1191 5727 1242 5782 in
1284 5731 1444 5785 domo
1481 5751 1595 5790 mea
1635 5753 1774 5796 sunt.
1805 5746 1872 5801 Et

308 5812 526 5854 sumens
547 5803 836 5875 datcgeno.
868 5826 1057 5880 rogans
1082 5825 1135 5869 ut
1176 5822 1368 5876 nemini
1391 5825 1550 5883 dicat.
1582 5830 1711 5887 Cum
1739 5851 1876 5905 ergo.

305 5889 561 5946 sensisset
589 5910 671 5947 me
703 5897 836 5951 idem
873 5901 960 5955 Dei
988 5906 1155 5960 cultor
1182 5908 1398 5968 Mennas
1429 5917 1541 5987 (H)
1571 5963 1581 5983 ,
1617 5889 1862 5993 tanquain

2019 1585 2229 1640 ctione:
2257 1587 2315 1641 ln
2363 1589 2464 1646 hoc
2504 1594 2734 1660 miraris,
2767 1598 3023 1656 Domine?
3047 1603 3163 1658 Jatn
3206 1607 3250 1660 si
3292 1609 3588 1668 invenisses

2019 1683 2259 1730 sanctum
2309 1681 2680 1750 patriarcham,
2714 1688 2877 1755 quid?
2923 1691 3023 1745 Aio
3066 1695 3115 1748 ei
3143 1696 3316 1761 :Quid
3360 1704 3584 1769 amplius

2019 1766 2288 1823 viderem?
2330 1771 2478 1827 Tunc
2525 1777 2658 1832 dixit
2691 1779 2856 1834 mihi:
2890 1783 3062 1841 Crede
3090 1804 3182 1856 per
3209 1766 3586 1862 indulgentiam

2018 1855 2134 1912 Dei.
2161 1857 2278 1926 Ipse
2300 1877 2386 1916 me
2413 1864 2536 1919 fecit
2557 1869 2944 1941 presbyterum.
2972 1885 3025 1931 et
3048 1855 3438 1938 vicedominutn
3473 1887 3585 1958 (l5)

2017 1951 2368 2009 sanctiSsimte
2399 1960 2655 2026 ecclesiae,
2684 1973 2737 2017 et
2759 1965 2863 2019 vidi
2894 1967 2944 2020 in
2972 1985 3037 2022 eo
3067 1989 3250 2042 opera,
3284 1979 3585 2034 universam

2019 2054 2153 2107 pene
2201 2055 2440 2100 naturam
2487 2054 2816 2110 excedentia.
2867 2057 2928 2111 Et
2973 2061 3016 2114 si
3048 2062 3294 2132 dignatus
3336 2068 3500 2124 fueris
3533 2073 3585 2126 in

2017 2133 2232 2187 servilia
2254 2145 2340 2189 tua
2364 2138 2519 2194 hodie
2537 2144 2816 2212 veniendo,
2834 2151 3165 2208 sanctificare
3185 2171 3303 2222 nos,
3323 2162 3586 2217 enarrabo

2017 2222 2109 2277 tibi
2139 2237 2308 2292 gesta,
2336 2245 2450 2297 quae
2496 2233 2613 2298 ipse
2644 2237 2913 2304 inspector
2951 2259 3134 2298 eorum
3165 2246 3335 2303 factus
3379 2255 3583 2318 aspexi.

2014 2310 2252 2381 Cumque
2299 2315 2399 2371 hoc
2444 2320 2685 2389 dixisset,
2715 2331 2855 2382 tenui
2902 2347 3112 2387 manum
3145 2347 3197 2390 et
3237 2340 3382 2394 erexi
3408 2357 3572 2408 eum;

2015 2405 2703 2478 apprehendensque,duxit
2723 2433 2806 2470 me
2828 2421 2879 2474 in
2902 2436 2930 2474 a
2952 2423 3055 2478 Deo
3077 2437 3340 2484 servatam
3361 2405 3578 2488 domum

2014 2508 2184 2550 suam.
2235 2498 2416 2570 Itaque
2445 2519 2562 2558 cum
2597 2509 2852 2566 voluisset
2881 2516 3033 2571 nobis
3068 2534 3305 2576 mensam
3335 2525 3580 2594 dignatus

2014 2599 2299 2654 apponere,
2328 2593 2434 2646 dixi
2461 2595 2524 2647 ad
2567 2612 2687 2652 eum
2715 2617 2730 2654 :
2755 2603 2868 2658 Non
2905 2605 3106 2674 justum
3137 2622 3238 2677 est,
3271 2628 3305 2667 ο
3337 2593 3577 2683 Domine,

2013 2676 2205 2730 animae
2239 2679 2412 2735 cibum
2443 2685 2833 2756 relinquentes,
2865 2709 3058 2764 corpus
3085 2711 3209 2756 ante
3238 2705 3468 2763 animam
3495 2725 3581 2765 re-

2015 2761 2194 2830 ticere,
2226 2769 2318 2822 sed
2359 2772 2534 2842 magis
2555 2778 2728 2833 cibum
2770 2783 2860 2851 qui
2889 2802 2990 2840 non
3023 2791 3178 2856 perit,
3208 2808 3499 2863 sumamus,
3527 2811 3579 2856 et

1936 2858 1984 2918 Β
2013 2856 2348 2917 postmodum
2395 2866 2604 2930 corpori
2657 2873 3030 2931 necessitatem
3083 2890 3414 2946 praestemus.
3445 2887 3576 2944 Cum

2008 2957 2132 3010 ergo
2177 2949 2427 3016 cepisset
2457 2955 2616 3011 vitam
2647 2963 2814 3015 sancti
2846 2965 2960 3020 sine
3007 2973 3283 3029 mendacio
3312 2980 3536 3035 recitare
3558 3025 3574 3046 ,

2010 3033 2261 3103 Primum,
2293 3040 2478 3109 inquit,
2509 3056 2562 3100 et
2593 3053 2916 3119 pratcipuum
2948 3059 3139 3116 bonum
3168 3066 3281 3132 ejus
3305 3033 3574 3140 ΓυίιμιλιοΞ

2008 3123 2146 3178 niani
2171 3131 2490 3188 omnimodis
2522 3151 2625 3190 non
2652 3137 2869 3208 jnravit.
2903 3146 3034 3202 Petii
3066 3151 3221 3219 igitur
3249 3161 3486 3213 chartam
3521 3174 3574 3217 et
3663 3141 3680 3156 ’

2005 3222 2460 3292 atramentarium,
2493 3236 2547 3281 et
2570 3243 2688 3297 qua:
2715 3233 3051 3308 dicebantur,
3085 3259 3179 3312 per
3206 3249 3446 3306 ordinem
3472 3270 3569 3308 an-

2006 3306 2194 3357 ttutaha
2205 3324 2274 3360 m.

2074 3395 2202 3452 Car.
2237 3400 2298 3454 ΙΙ.
2321 3404 2693 3464 —Promotus
2724 3431 2870 3484 ergo,
2902 3429 2953 3472 et
3005 3423 3056 3476 in
3104 3426 3300 3484 throno
3335 3436 3574 3492 residens

2003 3485 2054 3537 in
2078 3490 2243 3542 amica
2275 3491 2470 3548 Christi
2504 3512 2689 3567 magna
2723 3505 2934 3562 civitate
2979 3511 3320 3584 Alexandria,
3353 3523 3572 3581 decreto

2001 3576 2178 3631 divino
2227 3585 2502 3646 veraciter.
2535 3598 2588 3642 et
2636 3607 2739 3645 non
2783 3611 2844 3648 ex
2900 3599 3225 3674 hominibus,
3258 3626 3430 3682 neque
3479 3633 3571 3683 per

2003 3664 2061 3683 ,η
2129 3669 2141 3679 .
2295 3673 2307 3683 .
2487 3677 2498 3683 .
2690 3682 2694 3683 κ

3211 3664 3224 3674 ,
3311 3664 3360 3682 γι
3406 3664 3426 3668 -
3479 3664 3561 3683 rv-

2002 3664 2262 3734 hotnines,
2293 3673 2391 3727 hoc
2422 3677 2646 3742 primum
2682 3682 2818 3739 forte
2847 3687 3038 3744 factum
3071 3704 3117 3748 et
3151 3703 3427 3765 praemium
3456 3721 3569 3761 ont-

1999 3759 2152 3812 nibns
2176 3763 2578 3826 demonstravit.
2604 3773 2817 3832 Mittens
2839 3782 2978 3835 enim
3005 3801 3124 3839 mox
3149 3789 3566 3866 dispensatores,

1998 3861 2050 3905 et
2079 3868 2198 3907 etnn
2241 3859 2327 3925 qui
2358 3861 2633 3918 dicebatur
2673 3885 2834 3937 super
2859 3889 3040 3942 pacem
3077 3880 3210 3952 (16),
3239 3886 3367 3942 dicit
3387 3859 3566 3947 coram

1996 3947 2242 4002 omnibus
2270 3951 2334 4003 ad
2367 3968 2460 4008 eos
2488 3957 2539 4008 in
2589 3959 2882 4018 honorabili
2924 3947 3131 4026 secreto
3158 3947 3270 4046 (d7)
3298 3978 3448 4034 :Non
3475 3983 3565 4051 ju-

1995 4044 2132 4089 stum
2166 4050 2265 4104 est,
2291 4041 2498 4107 fratres,
2533 4063 2627 4102 nos
2653 4061 2774 4106 ante
2799 4056 3014 4112 alterius
3036 4066 3348 4133 cujusquam
3376 4085 3556 4126 curam

1999 4127 2191 4183 habere
2235 4149 2390 4197 quam
2439 4138 2657 4194 Christi.
2706 4145 2858 4200 Omni
2906 4166 3029 4204 vero
3078 4157 3415 4216 multitudine
3445 4179 3561 4233 qua:

2002 4232 2340 4289 convenerat,
2369 4229 2547 4282 audito
2593 4235 2754 4287 verbo
2796 4254 3106 4309 compuncta
3147 4263 3209 4300 ac
3237 4254 3552 4319 sustinente,

1997 4307 2126 4363 dicit
2158 4312 2346 4368 itermn
2375 4317 2464 4372 ille
2490 4319 2671 4379 beatus
2699 4344 2710 4378 :
2737 4329 2931 4385 Euntes
2958 4348 3086 4402 ergo
3116 4352 3208 4404 per
3235 4349 3395 4396 totam
3427 4343 3555 4401 civi-

1996 4406 2176 4465 tatem,
2209 4410 2528 4464 conscribito
2594 4416 2727 4472 mihi
2796 4438 2970 4492 usque
3027 4427 3094 4480 ad
3175 4446 3333 4485 unum
3365 4450 3551 4492 omnes

1993 4487 2236 4545 dominos
2282 4510 2448 4551 meos.
2482 4501 2587 4556 lllts
2635 4518 2808 4561 autem
2849 4487 2954 4564 non
2998 4513 3436 4588 intelligentibus,
3465 4529 3554 4596 qui

1995 4577 2043 4628 hi
2073 4591 2269 4646 essent,
2301 4588 2393 4638 sed
2432 4593 2736 4658 rogantibus
2781 4597 2990 4668 dicere,
3018 4614 3072 4658 et
3097 4608 3408 4667 mirantibus
3439 4619 3553 4685 qui:

1992 4684 2112 4720 nam
2158 4675 2467 4737 patriarcha:
2495 4681 2700 4738 domini
2723 4687 3030 4758 eximerent,
3063 4703 3340 4767 respondit
3369 4721 3554 4762 rursus

1991 4763 2281 4830 angelicum
2313 4768 2438 4821 illud
2471 4788 2552 4839 os,
2582 4786 2633 4828 et
2662 4779 2772 4832 ait:
2795 4782 2946 4847 Quod
2978 4802 3072 4842 vos
3099 4763 3293 4858 egenos
3321 4805 3376 4849 et
3403 4813 3549 4854 men—

1989 4849 2134 4905 dicos
2160 4858 2378 4921 vocatis,
2412 4858 2528 4914 illos
2563 4878 2660 4933 ego
2685 4867 2932 4926 dominos
2961 4881 3017 4928 et
3045 4879 3391 4938 auxiliatores
3414 4903 3551 4952 prae-

1989 4941 2126 4994 dico.
2162 4942 2260 5010 lpsi
2301 4948 2438 5002 enim
2485 4953 2635 5008 nobis
2676 4971 2802 5014 vere
2827 4970 2881 5016 et
2904 4967 3166 5035 auxiliari,
3205 4979 3258 5024 et
3291 4976 3548 5030 ccelornm

1987 5043 2202 5097 regnum
2235 5034 2434 5091 donare
2471 5053 2736 5108 poterunt.
2769 5049 2834 5103 Et
2861 5066 2980 5106 cum
3027 5056 3128 5111 hoc
3153 5034 3320 5114 multa
3350 5065 3547 5120 veloci-

1986 5126 2095 5174 tate
2140 5123 2360 5179 Vidisset
2405 5127 2598 5185 factum
2629 5135 2826 5192 Christi
2877 5141 3128 5212 imitator,
3171 5152 3420 5220 praecepit
3467 5159 3546 5210 eis

1988 5223 2080 5275 per
2123 5213 2360 5281 singulos
2383 5217 2499 5275 dies
2527 5223 2789 5290 stipendia
2838 5232 3016 5298 tribui,
3050 5246 3103 5290 et
3143 5213 3235 5304 per
3276 5213 3543 5310 proprium

1983 5298 2400 5366 dispensatorem
2420 5313 2660 5375 praebens
2679 5316 2756 5370 eis
2775 5319 3126 5379 sufﬁcientem
3151 5332 3539 5388 necessitatem:

1984 5389 2101 5455 plus
2143 5404 2317 5448 autem
2374 5412 2524 5454 erant
2581 5421 2735 5472 quam
2785 5423 2986 5478 septem
3037 5419 3193 5472 millia
3245 5424 3538 5493 quingenti.

1981 5479 2131 5537 Tunc
2173 5490 2320 5553 quasi
2358 5495 2540 5557 pastor
2580 5511 2736 5553 verus
2765 5511 2817 5555 et
2846 5518 2950 5558 non
2996 5513 3384 5578 mercenarius,
3417 5531 3536 5571 cum

1905 5579 1956 5638 D
1980 5586 2132 5625 sacro
2162 5591 2260 5628 suo
2303 5582 2424 5634 owli
2469 5593 2520 5636 et
2567 5601 2686 5641 cum
2727 5599 3161 5655 convenientibus
3188 5608 3383 5660 sanctis
3411 5611 3536 5660 viris

1980 5665 2244 5734 episcopis
2271 5669 2334 5721 ad
2365 5673 2640 5730 ecclesiam
2671 5691 2903 5738 sanctam
2927 5701 3168 5760 pergens,
3193 5711 3534 5754 consecratus

1976 5763 2060 5807 est
2078 5755 2254 5811 divino
2273 5757 2471 5828 judicio
2502 5766 2634 5835 (18).

2045 5844 2172 5900 Ου’.
2206 5848 2290 5901 Ill.
2319 5880 2388 5891 -—
2411 5853 2617 5910 Justutn
2649 5875 2772 5914 vero
2797 5875 2877 5918 est
2903 5878 2954 5921 et
2992 5870 3090 5925 hoc
3119 5886 3393 5942 gestorum
3415 5881 3529 5947 ejus

1972 5946 2074 5987 non
2125 5943 2438 6006 postponere
2480 5944 2693 6001 bonum.
2728 5951 2779 6006 lo
2824 5960 3107 6016 crastinum
3151 5967 3290 6024 enim
3337 5967 3534 6026 iterur:
