3976 6412
432 439 568 497 1619

1484 444 1758 501 LEONTII
1801 446 2264 503 NLAPOLITANI
2306 443 2618 502 EPISCOPI

3527 451 3647 512 υἷἓῦ

437 568 651 622 mittens
702 579 795 635 per
843 571 1004 617 totam
1048 560 1310 614 civitatem
1359 558 1574 611 eosdem
1630 556 1721 610 Dei
1771 555 2000 618 amicos,
2032 562 2079 616 Α
2110 571 2252 613 cum.
2283 572 2348 611 ne
2376 559 2571 622 tardet,
2599 559 2693 613 sed
2724 560 2850 614 illud
2882 560 3163 629 Propheta:
3191 560 3385 618 dictum
3425 565 3636 632 protinus

437 674 748 716 mconomos
791 667 842 712 et
887 654 1232 709 cancellnrios
1265 650 1416 719 (19),
1448 663 1503 704 ct
1549 650 1780 717 reliquos
1808 648 1999 715 quibus

435 762 552 806 erat
582 750 859 817 dispositio
882 746 1113 800 civitatis
1141 743 1361 805 credita,
1389 758 1491 794 non
1525 740 1765 809 permisit
1790 752 2003 792 mensu-

438 858 552 895 ram
582 841 1021 908 qualemcunque,
1053 835 1132 887 vel
1163 834 1364 902 pondus
1397 847 1611 900 parvum
1643 831 1722 884 vel
1753 843 2000 896 magnum

437 933 489 986 in
518 941 625 985 tota
663 930 902 992 civitate;
937 927 1031 980 sed
1078 926 1253 977 omnia
1288 924 1338 976 iu
1386 939 1485 975 una
1532 924 1799 988 Campana
1841 928 2006 972 state-

439 1039 495 1075 ra
527 1021 665 1091 (ΞΟ),
694 1019 867 1072 modio
892 1028 942 1071 et
972 1016 1151 1068 artabe
1176 1014 1312 1086 (2t).
1340 1016 1567 1065 vendere
1599 1020 1651 1064 et
1679 1024 1857 1063 emere
1882 1022 2005 1061 con-

438 1111 747 1172 testabatur,
778 1109 1016 1162 scribens
1040 1107 1089 1158 in
1118 1105 1507 1168 subscriptione
1531 1117 1625 1154 sua
1645 1100 2002 1154 conditionem

438 1216 533 1272 per
580 1214 797 1254 onmem
848 1199 1158 1266 regionem,
1213 1195 1499 1247 habt-olom
1553 1198 1775 1245 fortnam
1827 1190 2004 1242 hanc:

438 1309 464 1345 α
497 1291 729 1347 Joannes
761 1290 978 1343 humilis
1014 1300 1066 1341 et
1110 1289 1330 1356 exiguus
1373 1302 1557 1338 servus
1599 1298 1872 1363 servgrum
1905 1282 2007 1336 Do-

436 1383 567 1437 mini
612 1382 775 1435 rostri
825 1378 948 1433 Ji-su
997 1376 1212 1439 Christi,
1258 1376 1504 1426 (ὶιῑδῑιιὶιιιε
1546 1376 1645 1427 sub
1697 1378 2007 1441 paupertate

438 1482 619 1526 nostra
650 1470 987 1540 degentibus,
1028 1466 1222 1536 quique
1247 1464 1312 1516 ab
1352 1466 1541 1517 eodem
1574 1461 1795 1527 Domino
1823 1469 1876 1516 et
1900 1461 2008 1514 Deo

438 1572 617 1615 nostro
649 1559 914 1628 regimini,
949 1558 1061 1610 brec
1087 1573 1098 1608 :
1129 1557 1357 1627 Egregie
1378 1556 1531 1625 beato
1556 1555 1742 1619 Paulo,
1772 1567 1864 1620 per
1885 1566 2005 1606 eum

438 1653 528 1722 qui
556 1653 606 1704 in
637 1667 701 1721 eo
734 1651 1067 1719 loquebatur,
1093 1648 1361 1701 Christum
1387 1648 1610 1714 iubente
1632 1686 1647 1713 η
1674 1654 1729 1701 et
1760 1644 2008 1701 omnibus

439 1734 608 1812 lcgem
661 1750 908 1811 ponente,
945 1739 1165 1793 Ubedite
1198 1739 1501 1806 praepositis
1523 1735 1711 1792 veStris
1741 1745 1793 1789 et
1831 1733 2009 1805 subje-

438 1842 556 1889 cete
577 1833 684 1897 eis;
715 1833 814 1899 ipsi
841 1831 983 1885 enim
1017 1828 1365 1897 pervigilant,
1411 1828 1562 1897 quasi
1611 1826 1872 1891 rationem
1911 1838 2009 1893 pro

2102 645 2639 702 exclamamuszcno
2683 652 2941 719 anticipet
2985 666 3083 705 nos
3137 652 3486 708 misericordia
3530 665 3638 722 tua,

2104 734 2324 788 Domine
2353 736 2523 805 (Psal.
2563 742 2821 807 Lxxvm);
2855 741 3126 809 quomodo
3147 784 3160 807 ,
3208 750 3386 810 putas,
3416 758 3507 797 nos
3527 758 3644 799 con-

2103 839 2377 880 servorum
2397 839 2711 885 nostrorum
2726 833 3005 900 petitiones
3028 848 3148 886 cum
3172 833 3314 885 omni
3339 832 3645 892 festinatione

2103 918 2361 977 debemus
2381 936 2660 990 peragere,
2688 938 2950 977 memores
2967 924 3174 977 Domini
3195 924 3415 978 dicentis
3441 943 3454 979 :
3486 928 3533 979 In
3555 943 3645 992 qua

2106 1026 2354 1083 mensura
2383 1015 2549 1067 mensi
2574 1015 2797 1077 fueritis,
2827 1016 3136 1070 rcmetietur
3159 1016 3305 1069 vobis
3324 1014 3643 1087 (Matt/nvo).

2110 1099 2177 1152 Et
2237 1101 2515 1167 Pronhcttc
2559 1103 2748 1155 iterum
2803 1105 3126 1170 perhibentis
3162 1119 3177 1156 :
3219 1103 3649 1169 Quemadmodum
3726 1105 3730 1109 ’

2105 1190 2397 1256 perfecisti,
2429 1192 2536 1244 erit
2568 1192 2701 1245 tibi?
2727 1194 2836 1246 Una
2861 1210 2989 1262 ergo
3012 1195 3220 1247 dierum
3236 1194 3391 1247 simili
3419 1195 3563 1247 modo
3579 1195 3653 1250 hic

2112 1279 2374 1333 mirabilis
2404 1282 2720 1350 procedens,
2739 1292 2796 1337 et
2817 1286 2866 1336 in
2890 1286 3047 1338 solito
3067 1285 3184 1339 loco
3208 1284 3488 1344 trmsidens
3506 1301 3655 1354 usque

2109 1368 2173 1421 ad
2208 1369 2389 1423 horam
2436 1374 2671 1439 quintam
2697 1415 2712 1438 ,
2762 1384 2816 1427 et
2860 1377 3075 1428 nemine
3104 1374 3428 1438 accedente,
3459 1385 3657 1432 mestus

2110 1466 2164 1511 et
2192 1459 2582 1530 collacrymans
2614 1463 2863 1526 recessit;
2896 1463 3044 1517 nullo
3091 1474 3269 1516 autem
3306 1452 3532 1517 audente
3551 1478 3656 1518 eum

2113 1548 2449 1621 interrogare
2471 1565 2684 1609 causam
2715 1555 2980 1619 maeroris,
3011 1561 3229 1609 sanctus
3260 1552 3578 1619 Sophronias
3596 1554 3659 1607 ait

2110 1638 2175 1690 ad
2204 1654 2324 1693 eum
2354 1653 2564 1694 secreto
2590 1642 2720 1709 (illic
2742 1643 2883 1696 enim
2910 1648 3027 1695 erat
3048 1643 3231 1711 tunc):
3257 1642 3384 1708 Quae
3404 1658 3551 1697 causa
3567 1653 3658 1709 est,

2113 1728 2209 1782 Dei
2237 1741 2473 1798 curator,
2500 1732 2776 1793 retinentis
2802 1732 3037 1789 animum
3068 1743 3217 1788 tuum
3244 1741 3489 1788 sanctum
3517 1735 3661 1789 tristi-

2114 1821 2235 1875 tiae?
2253 1835 2441 1877 omnes
2459 1823 2655 1892 quippe
2675 1838 2774 1877 nos
2798 1835 3021 1892 repente
3038 1824 3402 1878 conturbavit.
3426 1824 3523 1891 Qui
3546 1824 3662 1879 dixit

438 1922 716 1997 animabus
745 1919 937 1993 vestris
986 1918 1241 1972 reddituri
1274 1918 1459 1987 (Hebr.
1491 1921 1604 1986 xm)
1638 1934 1650 1967 :
1681 1915 1851 1975 credit
1888 1923 2009 1971 tan-
2043 1920 2089 1980 Β
2115 1913 2169 1967 ei
2197 1922 2473 1969 mansueta
2504 1929 2670 1970 voce:
2706 1916 2871 1970 Hodie
2901 1915 3018 1986 (25)
3049 1915 3269 1971 humilis
3294 1915 3531 1971 Joannes
3550 1932 3664 1986 qua-

442 2012 628 2073 tillitas
659 2028 798 2077 mea,
832 2012 992 2065 verbo
1029 2010 1210 2067 divino
1250 2009 1560 2072 ohe-lieutes
1591 2024 1716 2073 vos,
1743 2007 2014 2076 suscipere

442 2109 724 2178 petitiones
752 2116 963 2160 nostras
990 2115 1044 2159 ut
1072 2121 1139 2161 ex
1170 2106 1299 2168 Deo,
1318 2116 1495 2167 etnon
1518 2119 1580 2158 ex
1602 2102 1849 2167 homine;
1873 2100 2014 2157 unde

445 2200 544 2253 hoc
574 2199 748 2254 sciens
773 2239 789 2261 ,
820 2212 1012 2267 moneo
1041 2198 1354 2251 cliaritatem
1389 2207 1615 2250 vestiam
1643 2238 1657 2260 ,
1707 2203 1764 2247 ut
1811 2206 2013 2261 nequa-

445 2305 615 2365 quam”
653 2289 704 2361 in
754 2290 1001 2357 qttopiam
1058 2298 1291 2345 vestrum
1344 2293 1597 2351 appareat
1648 2282 2013 2351 hujuscemodi

445 2380 841 2457 praevaricatio.
867 2379 1135 2449 Denique,
1169 2388 1231 2445 ut,
1252 2381 1324 2430 ait
1355 2379 1533 2431 divina
1559 2380 1831 2443 Scriptura
1854 2416 1869 2441 ,
1898 2377 2015 2429 Sta-

447 2486 615 2547 tcram
638 2490 877 2547 magnam
902 2483 957 2548 et
976 2490 1191 2550 parvam,
1215 2475 1337 2528 odio
1366 2473 1521 2543 habet
1550 2472 1684 2525 Deus
1710 2472 1727 2539 ί
1739 2469 1893 2539 Prov.
1918 2467 2016 2535 xl).

446 2571 501 2624 Si
530 2587 663 2643 vero
693 2556 810 2641 quis
843 2568 1147 2639 apparuerit
1178 2581 1298 2639 post
1326 2576 1642 2638 praesentem
1669 2561 2021 2627 subscriptio-

450 2667 533 2718 nis
559 2672 751 2733 nostra:
775 2657 1162 2731 conditionem,
1195 2658 1493 2713 istiusmodi
1522 2658 1729 2712 crimen
1756 2654 2017 2715 incidens,

450 2757 724 2827 universus
754 2753 1032 2815 factiltates
1069 2768 1193 2817 suos
1238 2751 1630 2821 indigeniibus,
1663 2763 1766 2802 non
1795 2749 1981 2801 volens
2004 2788 2019 2812 ,

451 2850 566 2901 sine
594 2845 861 2916 mercede,
889 2851 1139 2915 apponet.
1173 2862 1192 2895 ι
1224 2844 1383 2909 Ergo,
1412 2853 1468 2895 ut
1496 2841 1709 2907 dignum
1738 2844 2019 2904 memoria,

450 2945 507 2990 ct
538 2935 639 3005 hoc
667 2934 837 3005 ipsum
871 2933 1139 3004 publicqu
1169 2943 1493 3001 praeceptum
1527 2932 1610 2984 hic
1642 2946 1839 2999 ponere
1877 2930 2023 2983 testi-

452 3027 712 3081 navimus.
1534 3015 1539 3018 ’

526 3116 655 3169 Car.
688 3113 773 3167 IV.
802 3141 873 3154 —-
904 3112 1143 3167 Relatum
1175 3120 1258 3166 e-t
1282 3122 1458 3165 autem
1491 3109 1916 3179 aliquandohuie
1943 3107 2024 3159 di-

456 3205 655 3261 vinitus
683 3203 1007 3272 sapientiam,
1026 3213 1335 3264 consecuto,
1371 3200 1513 3267 quod
1544 3216 1635 3268 per
1664 3198 1817 3252 xenia
1846 3198 2021 3251 cccle-

2116 2003 2433 2073 Iemcunque
2461 2006 2761 2061 mercedem
2795 2021 2826 2058 a
2855 2020 3105 2074 quopiam
3139 2020 3244 2059 non
3277 2006 3487 2070 habuit,
3514 2020 3663 2074 neque

2116 2094 2325 2150 Christo
2355 2109 2451 2164 pro
2484 2096 2778 2155 innumeris
2803 2098 3037 2165 peccatis
3065 2096 3182 2164 ejus
3215 2096 3417 2164 aliquid
3447 2096 3656 2160 obtulit.

2122 2186 2260 2243 sicut
2296 2201 2395 2241 nec
2420 2187 2724 2256 aliquando.
2759 2188 2855 2242 Cui
2880 2196 3099 2243 sanctus
3128 2187 3466 2257 Sophronias
3500 2188 3666 2242 divini-

2117 2288 2203 2334 tus
2229 2280 2515 2347 inspiratus
2537 2323 2552 2345 ,
2588 2282 2865 2348 respondit
2894 2281 3043 2353 (mox
3084 2283 3226 2335 enim
3256 2281 3519 2335 intellexit
3561 2295 3667 2335 cau-

2119 2385 2232 2425 sam
2276 2372 2344 2424 ob
2390 2385 2547 2438 quam
2596 2371 2736 2424 idem
2786 2370 3095 2424 tristabatur
3135 2368 3496 2438 patriarchai:
3525 2368 3670 2443 Hodie

2120 2463 2331 2531 quidem
2355 2460 2587 2528 gaudere
2635 2465 2690 2513 et
2752 2458 2925 2517 laetari
3015 2464 3282 2530 oportet,
3358 2457 3667 2520 beatissime;

2122 2553 2382 2606 veraciter
2412 2552 2557 2609 enim
2581 2549 2920 2605 beatissimus
2944 2562 3006 2604 es
3028 2592 3043 2617 ,
3074 2550 3148 2602 ita
3177 2548 3468 2617 paciﬁcans
3491 2563 3516 2600 a
3538 2549 3671 2602 Chri-

2121 2650 2205 2696 sto
2231 2642 2491 2696 creditum
2525 2642 2619 2698 tibi
2645 2656 2895 2711 gregem,
2943 2650 3007 2694 ut
3042 2640 3239 2693 nullam
3287 2639 3487 2693 habeat
3511 2648 3672 2691 contra

2124 2734 2425 2802 proximum
2471 2746 2626 2789 suum
2675 2731 2821 2785 litem
2875 2738 2966 2784 aut
3009 2730 3370 2793 dubietatem,
3422 2727 3515 2782 sed
3548 2728 3673 2781 velut

2123 2828 2341 2898 angelus
2369 2828 2487 2885 sine
2514 2826 2683 2897 litigio
2704 2834 2759 2880 et
2784 2825 2901 2879 sine
2925 2824 3131 2894 judicio
3161 2823 3413 2879 homines
3456 2837 3568 2877 esse
3604 2823 3670 2875 fe-

2125 2919 2266 2971 cisti.
2304 2917 2396 2971 ll'e
2442 2925 2617 2971 autem
2663 2932 2790 2971 vere
2830 2917 2977 2971 mitis
3020 2926 3224 2984 pastor,
3278 2918 3513 2970 credens
3555 2912 3674 2979 quod

2127 3008 2325 3063 dictum
2357 3020 2471 3063 erat
2497 3023 2685 3063 verum
2711 3024 2852 3078 esse,
2875 3011 3061 3063 oculos
3084 3010 3139 3063 in
3165 3009 3367 3063 cmlum
3392 3004 3678 3072 extendens,

2129 3098 2337 3152 dicebat
2365 3114 2380 3152 :
2409 3096 2620 3152 Gratias
2647 3113 2748 3167 ago
2776 3099 2905 3164 tibi,
2935 3099 3071 3153 Deos
3092 3137 3110 3164 ,
3152 3098 3275 3168 quia
3302 3107 3362 3153 et
3392 3097 3678 3151 immeritam

2131 3189 2620 3257 pusillanimitatem
2649 3203 2822 3243 meam
2852 3188 3155 3243 sacerdotio
3185 3187 3335 3258 fungi
3360 3230 3376 3253 ,
3404 3196 3459 3242 et
3477 3201 3558 3240 me
3582 3186 3680 3239 exi-

459 3296 554 3350 εἰπε
576 3270 814 3350 rectores
836 3270 994 3361 empti
1025 3306 1278 3361 personas
1306 3293 1610 3358 acciperent
1636 3289 1777 3341 circa
1801 3288 2028 3353 disposi-
2056 3270 2102 3334 C
2133 3295 2292 3350 gnum
2321 3289 2376 3334 et
2405 3291 2735 3348 peccatorem
2761 3318 2777 3343 ,
2824 3279 3156 3338 sacerdotem
3205 3286 3361 3332 tuum
3411 3276 3606 3338 vocari,
3635 3284 3682 3327 et

462 3387 637 3441 tiones
661 3388 1011 3454 captivorum.
1037 3384 1181 3449 Quos
1206 3381 1334 3436 nihil
1361 3381 1648 3449 negligens,
1678 3380 1985 3433 ουηνοοεινξι
2013 3394 2028 3442 ;

459 3486 512 3531 et
538 3460 802 3547 neminem
835 3475 1044 3545 penitus
1067 3488 1407 3542 exasperans,
1435 3472 1744 3538 superattxit
1761 3470 2034 3522 mercedes

461 3584 579 3636 qua:
627 3569 705 3621 eis
755 3566 897 3638 prius
924 3567 1203 3631 dabantur,
1252 3577 1455 3629 ponens
1481 3563 1733 3631 verbum,
1775 3568 2034 3624 quatenus

464 3678 682 3716 munera
712 3679 737 3715 a
767 3663 1004 3729 quolibet
1025 3659 1348 3714 omnimodis
1378 3674 1483 3711 non
1507 3657 1857 3720 maduerunt:
1891 3653 2047 3716 Quor

466 3757 634 3821 niam,
667 3756 868 3831 inquit,
902 3754 1037 3823 ignis
1067 3760 1349 3809 consumet
1385 3749 1577 3804 domos
1621 3761 1841 3802 munera
1890 3744 2034 3798 acci-

468 3851 745 3917 pii-otium.
774 3848 849 3913 Ex,
877 3858 1002 3902 tunc
1039 3846 1198 3914 igitur
1226 3859 1322 3912 per
1345 3842 1571 3912 gratiam
1603 3840 1696 3895 Dei
1732 3838 2039 3895 abundave-

470 3950 593 3992 runt
622 3939 813 4001 (limus
839 3954 1043 4007 eorum,
1077 3938 1147 3990 ita
1179 3944 1237 3990 ut
1263 3934 1477 4005 quidam
1508 3948 1578 3997 ex
1607 3935 1684 3987 eis
1713 3930 1908 3986 addita
1936 3926 2040 3983 sibi

469 4030 734 4086 mercedis
760 4031 1106 4099 quantitatem
1137 4026 1482 4081 dimitterent.

539 4120 670 4175 Car.
703 4119 765 4176 V.
792 4149 865 4160 —-
888 4119 1105 4174 Discens
1131 4132 1254 4173 vero
1282 4115 1567 4186 aliquando
1604 4113 1800 4166 iterum
1838 4110 1930 4163 ille
1960 4116 2042 4163 ter

470 4210 641 4277 dives,
670 4210 809 4279 quod
839 4210 1048 4279 quidam
1082 4208 1331 4275 injurinm
1362 4212 1670 4273 paterentur
1696 4204 1765 4255 ab
1793 4199 2044 4254 adversa-

476 4302 570 4355 riis
594 4303 726 4367 suis,
750 4311 804 4356 et
831 4304 1068 4353 volentos
1111 4299 1260 4353 adire
1286 4312 1439 4361 eum,
1473 4295 1665 4359 timore
1692 4293 2040 4348 cancellario-

475 4416 591 4455 rum
624 4407 677 4452 et
697 4396 936 4453 ecclesia:
959 4393 1297 4449 defensorum
1335 4391 1449 4461 (‘32)
1490 4401 1651 4458 atque
1676 4389 1729 4443 ei
1758 4387 2044 4443 astantium

476 4490 906 4561 prohiberentur,
935 4484 1290 4549 consideravit
1321 4483 1426 4537 tale
1463 4480 1589 4550 quiti
1620 4480 1731 4535 Deo
1767 4488 2044 4547 acceptum

475 4583 779 4652 negotium;
810 4591 863 4633 et
910 4585 1099 4647 quarta.
1134 4585 1189 4630 et
1233 4585 1383 4627 sexta
1417 4573 1547 4627 feria
1593 4569 1803 4640 publice
1842 4581 2047 4636 ponens

2136 3384 2355 3441 pascere
2384 3370 2754 3426 rationabilem
2782 3385 3001 3441 gregem
3031 3381 3181 3425 tuum
3208 3370 3462 3439 dignatus
3493 3382 3565 3422 es.
3584 3366 3683 3419 Mox

2136 3476 2263 3530 ergo
2288 3461 2722 3529 pusillanimitate
2750 3461 2894 3515 omni
2923 3461 3167 3528 deposita
3185 3500 3202 3525 ,
3244 3459 3500 3528 gaudium
3528 3455 3575 3509 in
3602 3454 3685 3508 hn-

2137 3552 2361 3607 militate
2400 3553 2623 3606 multum
2670 3550 2747 3605 illi
2788 3550 2976 3605 adfuit.
3013 3550 3161 3605 tlunc
3210 3563 3343 3604 vero
3388 3550 3473 3616 (ut
3496 3546 3683 3617 quidam

2139 3641 2309 3711 aiunt)
2350 3643 2406 3697 in
2436 3642 2540 3698 hoc
2581 3642 2822 3696 imitatus
2864 3649 2949 3695 est
2985 3639 3415 3703 Constantinus,
3462 3636 3544 3705 qui
3588 3641 3686 3703 post

2140 3732 2441 3788 ﬂeraclium
2470 3733 2842 3800 imperatorem
2868 3732 3075 3787 exstitit
3093 3770 3109 3797 ,
3142 3730 3298 3799 cujus
3332 3739 3390 3785 et
3411 3729 3545 3782 titius
3570 3736 3687 3780 erat.

2209 3821 2339 3877 Car.
2367 3822 2456 3878 Vl.
2481 3849 2553 3864 --
2580 3820 2748 3891 Hujus
2790 3821 2964 3875 sancti
3012 3820 3337 3888 patriarcha:
3391 3816 3687 3884 temporibus

2141 3914 2491 3969 ascendentes
2526 3912 2704 3968 Persae
2738 3911 2853 3983 (24)
2875 3911 3278 3982 captivaverunt
3324 3918 3384 3964 et
3427 3907 3687 3976 deprauati

2142 4015 2267 4061 sunt
2306 4005 2542 4076 Syriam.
2588 4003 2777 4073 itaque
2825 4018 2966 4072 pene
3018 4015 3207 4057 omnes
3255 4004 3347 4069 qui
3400 3998 3689 4068 clfogiebaut

2144 4111 2332 4151 manus
2362 4097 2664 4161 Persarum,
2687 4095 2756 4148 ad
2776 4110 2968 4148 nomen
2993 4093 3150 4162 huius
3172 4103 3253 4147 ter
3274 4091 3444 4156 beati,
3474 4100 3691 4157 tanquam

2144 4190 2207 4244 ad
2237 4200 2446 4258 portum
2499 4189 2619 4243 sine
2666 4187 2827 4242 tinctu
2853 4187 3236 4249 accurrehant,
3283 4184 3353 4238 ab
3402 4198 3472 4237 eo
3516 4193 3567 4235 et
3612 4180 3693 4246 ipsi

2144 4282 2394 4351 sull'ragio
2442 4289 2498 4335 et
2542 4280 2878 4348 susceptione
2927 4277 3128 4347 perfrui
3179 4276 3538 4347 postulantes.
3575 4271 3694 4338 Quos

2146 4375 2334 4430 beatus
2363 4374 2465 4428 iste
2505 4373 2738 4441 hospitio
2768 4371 3087 4440 recipiebat,
3121 4379 3176 4424 et
3205 4368 3582 4423 consolabatur
3607 4377 3695 4419 non

2148 4473 2397 4530 tanquam
2424 4462 2680 4530 captivos.
2709 4460 2801 4514 sed
2824 4459 2974 4528 quasi
3001 4470 3189 4513 natura
3209 4458 3477 4512 veraciter
3506 4455 3694 4507 fratres.

2147 4554 2409 4607 Continuo
2435 4567 2562 4634 ergo
2594 4552 2831 4619 plagatos
2857 4550 3073 4618 quidem
3098 4556 3155 4602 et
3183 4548 3433 4601 inﬁmos
3474 4546 3524 4597 in
3555 4554 3698 4601 iteite-

477 4677 662 4731 sellam
695 4685 749 4728 et
786 4674 891 4728 duo
915 4685 1153 4741 scamna,
1184 4667 1406 4723 sedebat
1447 4676 1571 4719 ante
1598 4664 1905 4728 ecclesiam,
1929 4661 2026 4716 col-

2147 4646 2354 4713 docliiis
2393 4656 2447 4697 et
2487 4633 2808 4698 nosociiiuiis
2837 4642 2962 4695 fecit
2990 4641 3309 4695 recumbere
3332 4679 3348 4703 ,
3403 4633 3697 4705 praecipiens

478 4771 702 4837 loquens
728 4764 1047 4836 quibusdam,
1066 4761 1296 4825 strenuis
1318 4761 1469 4826 viris,
1495 4768 1584 4813 aut
1604 4765 1785 4811 sancta
1808 4754 2046 4819 Evange-

476 4858 544 4911 lia
575 4873 683 4925 pra:
697 4855 940 4910 manibus
964 4863 1176 4915 tenens,
1204 4851 1404 4905 nullum
1431 4848 1561 4902 tanti
1585 4846 1824 4915 obsequii
1851 4857 2046 4912 appro-

477 4950 733 5017 piliqual‘e
776 4945 875 4999 sibi
930 4943 1282 5013 permittens,
1330 4948 1556 5005 excepto
1605 4952 1713 4992 uno
1764 4935 2045 4989 defensore

471 5040 735 5101 ecclesiae,
766 5038 1034 5093 licentiam
1063 5045 1118 5089 et
1146 5033 1522 5091 conﬁdentiam
1549 5031 1677 5085 dare
1709 5030 1968 5084 festinans
1988 5042 2049 5082 se

469 5132 616 5186 adire
638 5116 1197 5203 volentibn'sfquibus
1224 5137 1278 5180 et
1315 5123 1598 5180 confestim
1641 5122 1783 5191 quod
1823 5121 2041 5188 di'gnnm

470 5231 607 5284 erat,
640 5237 733 5289 per
760 5220 1000 5279 ecclesiae
1030 5219 1341 5272 defensores
1371 5212 1636 5279 faciebat;
1668 5222 1722 5267 et
1766 5212 2043 5279 praecipie-

472 5313 564 5366 bat
589 5320 649 5366 ut
678 5326 835 5366 nemo
863 5325 1045 5367 eorum
1071 5317 1331 5377 gustaret,
1363 5305 1713 5375 quoadusque
1736 5303 2047 5356 ordinarettt

472 5405 785 5473 capitulum.
809 5402 876 5461 Et
910 5400 1253 5457 audientibus
1296 5396 1622 5452 dicebat:Si
1663 5409 1759 5448 nos
1802 5393 2044 5447 homines

469 5496 799 5561 existentes,
846 5491 1251 5562 permissionem
1303 5503 1516 5553 semper
1556 5502 1652 5553 pro
1698 5483 2042 5554 petitionibus

476 5587 672 5643 nostris
701 5586 960 5639 habemus
990 5581 1319 5650 ingrediendi
1346 5580 1568 5638 dotnum
1597 5576 1712 5644 Dei,
1748 5584 1803 5630 et
1832 5575 2044 5642 petitio-

480 5690 575 5728 nes
601 5681 814 5726 nostras
843 5682 994 5724 notas
1024 5672 1199 5724 facere
1227 5670 1275 5723 ei
1297 5711 1312 5732 ,
1340 5669 1587 5725 videlicet
1622 5664 1942 5720 intractabili
1983 5678 2046 5717 ac

480 5761 626 5812 omni
650 5767 907 5812 creaturas
932 5759 1380 5825 supereminenti,
1411 5768 1571 5827 atque
1597 5771 1814 5824 operam
1852 5753 2043 5807 damus

478 5866 587 5923 quo
628 5861 813 5918 preces
841 5858 1033 5902 nostra:
1077 5846 1415 5909 implemtur.
1440 5861 1538 5913 nec
1577 5861 1681 5900 non
1705 5855 1758 5899 ct
1796 5856 2052 5905 rogamus

2149 4750 2331 4791 curam
2378 4736 2457 4788 eis
2497 4741 2552 4786 et
2596 4732 2909 4786 medicinam
2953 4732 3125 4799 gratis
3176 4727 3451 4793 impendi;
3498 4736 3552 4780 et
3591 4734 3700 4776 tunc

2149 4827 2422 4886 rei-edere,
2455 4826 2665 4893 quando
2695 4822 3059 4891 unusquisque
3087 4832 3275 4872 eorum
3299 4817 3515 4885 propria
3539 4811 3698 4864 volun-

2152 4928 2258 4974 tate
2281 4917 2461 4971 vellet.
2497 4915 2693 4968 Eorum
2721 4927 2869 4975 vero,
2903 4910 2990 4976 qui
3019 4922 3142 4961 cum
3174 4906 3287 4960 sani
3316 4911 3504 4958 essent
3522 4910 3574 4954 et
3591 4913 3698 4967 ege-

2151 5011 2228 5073 ni,
2259 5008 2549 5061 veniebant
2564 5005 2631 5058 ad
2659 5018 2838 5072 rogatu
2869 4999 3006 5071 (25),
3034 4997 3289 5053 masculis
3309 4994 3526 5063 quidem
3540 4993 3700 5057 singu-

2153 5101 2231 5155 las
2273 5099 2491 5165 siiiquas
2545 5099 2738 5160 dabat;
2795 5094 3105 5147 mulieribus
3155 5099 3331 5143 autem
3386 5096 3445 5141 et
3496 5081 3699 5151 puellis,

2152 5199 2400 5257 tanquam
2428 5184 2810 5241 inﬁrmioribus
2840 5181 3095 5235 membris
3118 5219 3134 5245 ,
3165 5178 3337 5231 binas.
3370 5170 3702 5229 Venieutibus

2152 5296 2328 5341 autem
2359 5285 2670 5356 quibusdam
2700 5282 2896 5335 indutis
2926 5276 3256 5332 ornamentis
3293 5271 3475 5325 aureis
3509 5276 3564 5322 et
3588 5264 3703 5356 ἀρετ

2153 5354 2392 5441 tralibus,
2424 5388 2478 5430 et
2506 5371 2864 5443 quaerentibus
2895 5360 3630 5434 eleemosynam,referebant
3648 5354 3703 5404 dc

2154 5471 2234 5525 eis
2260 5465 2576 5535 patriarchae
2616 5464 2665 5516 hi
2700 5460 2894 5531 quibus
2924 5468 3038 5513 erat
3070 5471 3197 5524 roga
3225 5451 3453 5508 credita.
3478 5446 3557 5502 Ad
3591 5453 3704 5512 (plus

2153 5564 2341 5617 beatus
2366 5559 2458 5614 ille
2491 5570 2641 5613 torvo
2663 5554 2821 5609 oculo
2866 5568 2928 5607 ac
2967 5564 3154 5604 sevi-ra
3191 5560 3317 5599 voce
3349 5555 3509 5604 usus,
3550 5548 3704 5605 quan-

2152 5669 2309 5725 quam
2342 5654 2483 5707 mitis
2512 5659 2654 5704 esset
2682 5658 2736 5701 et
2764 5647 2909 5700 visus
2940 5643 3157 5700 hilaris.
3205 5639 3379 5692 dixit:
3410 5632 3468 5688 Si
3510 5629 3701 5725 quid-ettl

2155 5717 2370 5801 humilis
2408 5744 2626 5798 Joannis
2651 5782 2663 5802 ,
2719 5738 2826 5792 imo
2868 5735 3066 5791 Christi
3111 5732 3507 5799 dispensatores
3565 5717 3703 5771 vultis

2155 5853 2295 5900 esse,
2325 5836 2508 5889 divino
2540 5842 2809 5901 praecepto
2855 5829 2970 5882 sine
3019 5824 3306 5883 calliditate
3357 5814 3607 5875 obcdito.
3632 5805 3701 5865 di-
