3976 6406
270 461 396 521 εδει

1199 469 1355 525 VITA
1389 467 1634 525 SANCTI
1672 465 1950 521 JOANNIS
1985 468 2564 526 ELEEMOSYNARH.

3387 470 3525 526 1622

275 579 417 639 centi
446 579 639 638 :Omni
671 580 868 648 petenti
912 586 966 637 te
990 581 1056 636 da
1082 581 1260 652 (Luca
1287 584 1389 650 vt).
1429 582 1488 638 Si
1530 591 1706 635 autem
1749 594 1844 634 ve-
1872 580 1919 638 Δ
1952 579 2105 636 dines
2133 580 2362 635 habente
2440 598 2508 636 ex
2572 582 2686 639 Dco
2753 582 2945 639 humili
3007 581 3186 637 anima
3274 594 3392 634 mea
3417 623 3433 648 ,
3465 579 3524 635 hi.

283 676 485 732 nientes
531 673 738 727 curiose
788 671 1260 740 investigaveritis,
1319 673 1460 726 Deus
1510 671 1842 725 curiosorum

283 763 636 825 ministrorum
667 777 774 815 non
802 761 1022 830 indiget,
1055 778 1225 829 neque
1256 763 1474 816 humilis
1503 761 1757 816 Joannes.
1789 762 1848 819 Si

281 856 419 909 enim
465 864 584 918 quae
630 850 826 904 dantur
855 858 987 905 “mea
1035 851 1358 917 existerent,
1403 859 1459 906 et
1488 866 1694 906 mecum
1725 860 1848 904 nata

280 949 478 1004 essent,
507 939 729 994 fortasse
760 941 896 995 bene
947 939 1000 993 in
1042 941 1175 994 meis
1223 949 1381 994 tenax
1429 939 1743 993 existerem.
1792 937 1850 993 Si

283 1047 407 1088 vero
437 1044 555 1099 qua
582 1030 773 1084 dantur
800 1029 888 1084 Dei
918 1038 1060 1093 snnt,
1095 1031 1276 1098 utique
1303 1029 1356 1084 in
1384 1031 1495 1083 suis
1520 1038 1843 1097 pra-ceptum

281 1137 428 1176 suum
460 1122 713 1175 custodiri
739 1122 871 1177 vult.
919 1121 977 1177 Si
1026 1133 1204 1176 autem
1247 1137 1314 1177 ex
1361 1120 1734 1177 incredulitate
1760 1129 1852 1174 aut

280 1210 483 1265 modica
514 1211 617 1265 fide
642 1211 766 1264 illud
800 1211 997 1265 timetis
1020 1250 1036 1275 ,
1069 1226 1135 1265 ne
1176 1209 1314 1265 forte
1346 1210 1628 1264 multitudo
1663 1224 1849 1264 eorum

279 1301 467 1370 quibus
493 1300 710 1365 dantur,
757 1309 974 1370 superet
1023 1300 1302 1358 introitum
1335 1303 1710 1369 pecuniarum,
1751 1315 1850 1362 ego

276 1401 468 1446 vestra:
499 1391 698 1459 pusill:e
730 1390 850 1461 ﬁdei
881 1391 1265 1459 communicari
1290 1407 1394 1447 non
1421 1392 1614 1459 patior.
1639 1391 1853 1447 Etenim

276 1482 321 1535 si
366 1480 701 1544 beneplacito
734 1482 825 1541 Dei
856 1492 1033 1541 actum
1066 1490 1235 1535 estut
1262 1494 1436 1545 essem
1470 1495 1571 1549 ego
1599 1479 1852 1549 indignus

277 1570 608 1638 dispensator
633 1570 749 1636 ejus
774 1583 1078 1633 munerum,
1108 1568 1152 1622 si
1182 1576 1325 1623 totus
1361 1569 1595 1623 mundus
1622 1581 1855 1637 congre-

276 1669 490 1728 garetur
510 1659 845 1721 Alexandriae
875 1660 1232 1728 eleemosyna:
1258 1657 1523 1726 indigens,
1557 1659 1850 1713 immensos

278 1747 555 1803 thesauros
579 1747 674 1801 Dei
696 1763 797 1801 non
819 1747 1197 1817 angustabunt,
1222 1761 1395 1815 neque
1416 1757 1660 1803 sanctam
1684 1748 1855 1804 eccle-

276 1853 349 1892 SIia
357 1852 404 1888 ΙΙΙ
414 1875 428 1890 ι

1944 671 2202 725 increduli
2234 670 2457 724 fortasse
2484 669 2641 722 hodie
2671 677 2926 723 venerunt
2951 712 2961 729 .
2985 678 3039 722 ct
3063 685 3145 721 me
3187 669 3237 722 in
3268 668 3516 745 difﬁden-

1948 761 2075 816 tiam
2102 776 2284 817 secum
2311 762 2504 817 cadere
2528 761 2892 814 hmlahantur.

2017 849 2145 906 Cu.
2176 851 2397 906 Vlll.-—
2422 853 2609 906 Adhuc
2654 850 2769 920 (28)
2813 850 3072 905 ctistente
3110 849 3298 901 eadem
3335 847 3516 918 populi

1949 940 2286 996 multitudine
2311 941 2364 995 in
2392 941 2626 1006 civitate,
2656 940 2869 1009 quidam
2901 938 3300 1006 peregrinorum
3327 937 3516 992 videns

1951 1039 2153 1086 tantam
2197 1032 2314 1101 ejus
2342 1034 2768 1101 compassionem
2788 1071 2804 1095 ,
2832 1030 2998 1085 voluit
3043 1039 3247 1085 tentare
3282 1045 3440 1095 eum;
3468 1038 3519 1085 et

1952 1118 2168 1173 indutus
2188 1121 2505 1175 vestimenta
2532 1129 2738 1186 vetera,
2762 1120 2891 1174 adiit
2916 1134 3067 1186 eum,
3099 1130 3313 1174 euntem
3343 1120 3410 1173 ad
3442 1120 3520 1174 vi-

1952 1209 2193 1264 sitandos
2219 1211 2311 1277 qui
2358 1212 2412 1265 in
2446 1213 2750 1277 nosocomio
2787 1210 3055 1278 jacehant.
3108 1210 3195 1263 Bis
3239 1211 3379 1264 enim
3431 1225 3520 1278 βυτ

1954 1298 2342 1353 hebdomadam
2369 1300 2454 1356 vel
2485 1308 2565 1355 ter
2593 1300 2703 1355 ibat
2732 1300 2877 1353 illuc.
2910 1299 2974 1354 Et
3002 1299 3132 1354 dicit
3151 1301 3216 1353 ad
3242 1314 3400 1354 eum:
3435 1300 3521 1355 lli-

1953 1403 2133 1449 serere
2162 1390 2295 1454 mei,
2323 1390 2574 1458 quoniam
2603 1390 2845 1457 captivus
2883 1405 3022 1443 sum.
3046 1389 3185 1444 Dicit
3203 1389 3374 1445 datori
3402 1406 3416 1443 :
3448 1389 3524 1440 Da

1954 1478 2004 1539 ei
2031 1492 2123 1531 sex
2155 1468 2490 1532 numismata.
2515 1478 2714 1539 Deinde
2735 1492 2854 1533 eum
2886 1480 3001 1533 hate
3026 1478 3351 1547 accepisset,
3382 1478 3524 1533 vadit

1954 1576 2010 1622 et
2038 1576 2207 1622 mutat
2245 1568 2520 1633 habitum,
2552 1574 2608 1625 et
2635 1567 2814 1624 obviat
2854 1568 2905 1623 ei
2948 1568 3179 1634 aliunde,
3217 1578 3269 1623 et
3300 1569 3526 1638 procidit

1954 1657 2034 1723 ei,
2062 1657 2244 1711 dicens
2268 1672 2285 1712 :
2314 1655 2567 1711 Miserere
2594 1658 2730 1726 mei,
2757 1657 2881 1724 quia
2905 1668 3166 1711 coarctor.
3193 1657 3328 1712 Dicit
3355 1662 3537 1713 denuo

1956 1748 2254 1816 patriarcha
2285 1749 2454 1803 datori
2483 1766 2496 1800 :
2530 1748 2605 1802 Da
2635 1748 2685 1803 ei
2722 1762 2818 1803 sex
2862 1763 3110 1809 nummos
3153 1763 3364 1813 aureos.
3396 1748 3528 1805 Cum

1952 1856 2083 1909 ergo
2115 1841 2279 1905 isset,
2306 1841 2438 1896 dicit
2475 1841 2567 1896 ille
2599 1841 2920 1897 distributor
2948 1840 3013 1893 ad
3044 1855 3226 1901 aurern
3258 1840 3399 1897 illius
3437 1855 3531 1909 pa-

342 1926 475 1981 CAP.
510 1925 618 1981 VII.
642 1956 714 1968 —-
738 1924 978 1996 Cumque
1006 1926 1137 1982 istos
1174 1927 1506 1992 dimisisset,
1539 1926 1847 1980 universam
1877 1930 1921 1989 Β
1951 1932 2195 1985 triarcbae
2226 1949 2238 1983 :
2284 1933 2382 1985 Per
2424 1930 2694 1985 orationes
2745 1941 2884 1994 tuas,
2937 1931 3172 1996 domine,
3223 1931 3365 1985 idem
3409 1930 3531 1999 ipse

275 2031 387 2085 quae
434 2016 864 2072 circumdederat
913 2016 1037 2069 illos
1074 2015 1428 2072 defectionem
1482 2025 1538 2068 et
1583 2016 1846 2071 modicam

276 2102 430 2156 fidem
461 2103 710 2158 scindens
738 2144 751 2167 ,
787 2104 1102 2172 loquebatur
1133 2106 1216 2159 his
1249 2107 1338 2174 qui
1368 2105 1417 2158 ei
1448 2104 1811 2158 consedebant
1831 2144 1847 2171 ,

276 2206 325 2249 et
351 2194 755 2248 admirabantur
783 2194 850 2249 de
872 2210 899 2248 a
926 2194 1036 2249 Deo
1061 2196 1181 2249 data
1205 2195 1253 2249 ei
1279 2195 1647 2263 compassione
1671 2210 1686 2249 :
1714 2194 1849 2250 Cum

273 2300 467 2349 essem,
494 2284 760 2354 inquiens,
786 2284 838 2338 in
861 2281 1039 2354 Cypro
1069 2284 1244 2339 adhuc
1269 2278 1481 2353 juvenis
1504 2284 1651 2351 quasi
1679 2298 1849 2338 anno-

273 2391 385 2428 rum
415 2373 753 2442 quindecim,
786 2375 941 2431 vidco
972 2388 1072 2427 una
1103 2374 1339 2429 noctium
1368 2375 1421 2428 in
1448 2375 1656 2428 somnis
1700 2375 1849 2441 puel-

274 2464 372 2518 lam
402 2467 712 2534 quamdam,
732 2464 882 2534 cujus
912 2466 1118 2532 species
1138 2480 1299 2533 supra
1319 2466 1487 2520 soiem
1510 2464 1847 2534 splendebat,

272 2564 512 2608 ornatam
545 2569 707 2621 supra
733 2568 947 2613 omnem
970 2554 1260 2611 humanum
1290 2568 1531 2618 sensum,
1560 2567 1681 2623 quae
1702 2554 1851 2610 venit

273 2655 327 2700 et
351 2648 503 2701 stetit
528 2656 651 2700 ante
682 2646 874 2701 lectum
904 2661 1100 2710 meum,
1122 2656 1178 2701 et
1206 2646 1436 2713 pulsavit
1463 2661 1550 2699 me
1574 2646 1625 2698 in
1659 2646 1846 2701 latere.

274 2737 696 2808 Expergefactus
724 2752 875 2804 vero,
906 2737 1063 2792 video
1088 2752 1205 2790 eam
1237 2738 1290 2790 in
1322 2737 1548 2803 veritate
1574 2745 1809 2791 stantem
1830 2776 1847 2804 ,

270 2837 325 2883 et
347 2829 607 2884 aestimavi
636 2845 754 2884 eam
783 2844 903 2885 esse
926 2828 1237 2894 mulierem;
1269 2830 1434 2897 figura
1468 2829 1628 2897 igitur
1672 2828 1851 2887 crucis

272 2922 529 2991 signatus,
557 2920 664 2975 dixi
691 2921 741 2974 ei
771 2921 941 2989 :Quat
967 2935 1025 2975 es
1075 2919 1165 2973 tu?
1217 2928 1273 2974 et
1310 2919 1579 2986 quomodo
1624 2933 1753 2974 ausa
1789 2935 1850 2977 es

272 3011 473 3065 intrare
498 3025 660 3079 super
688 3024 775 3064 me
803 3009 926 3062 dum
951 3007 1275 3063 dormirem?
1308 3008 1548 3065 Habebat
1590 3018 1647 3062 et
1694 3024 1851 3063 coro-

273 3116 391 3155 nam
417 3100 491 3155 de
515 3101 779 3159 olivarum
811 3099 977 3153 ramis
1005 3113 1166 3165 super
1191 3108 1349 3164 caput
1371 3113 1551 3153 suum.
1579 3098 1731 3152 Tunc
1756 3099 1848 3154 illa

273 3195 422 3248 hilari
452 3195 596 3247 vultu
622 3202 674 3246 et
697 3191 1023 3246 subridendo
1046 3191 1205 3249 labiis
1230 3192 1362 3259 dicit
1390 3193 1518 3246 mihi
1548 3210 1562 3245 :
1596 3194 1705 3261 Ego
1728 3208 1844 3249 sum

1951 2021 2159 2089 accepit
2187 2020 2444 2075 secundo.
2478 2020 2625 2074 Fecit
2662 2034 2789 2073 vero
2819 2022 3057 2088 seipsum
3086 2020 3383 2086 patriarcha
3413 2031 3531 2074 tan-

1950 2129 2107 2182 quam
2136 2113 2380 2169 nesciret.
2416 2113 2571 2168 Venit
2606 2114 2780 2182 itaque
2811 2114 2966 2166 tertio
3014 2113 3202 2167 iterum
3258 2111 3526 2182 accipere.

1950 2216 2003 2259 et
2031 2207 2201 2272 tetigit
2222 2205 2377 2258 dator
2403 2205 2754 2272 patriarcham
2777 2204 2868 2271 qui
2892 2218 3078 2258 aurum
3103 2202 3338 2268 ferebat,
3362 2202 3530 2269 signi-

1950 2298 2118 2351 ficans
2139 2299 2277 2366 quod
2304 2297 2421 2364 ipse
2441 2305 2607 2352 esset.
2636 2295 2783 2349 Tunc
2809 2294 3081 2361 respondit
3103 2292 3154 2348 ei
3181 2293 3272 2348 Dei
3299 2295 3527 2358 amicus,

1952 2385 2044 2440 ille
2070 2387 2330 2440 veraciter
2348 2386 2689 2439 misericors:
2719 2384 2793 2438 Da
2815 2383 2864 2437 ei
2885 2384 3162 2438 duodecim
3186 2385 3527 2453 numismata,

1952 2490 2020 2529 ne
2048 2473 2187 2531 forte
2211 2474 2456 2529 Christus
2484 2488 2632 2535 meus
2655 2474 2752 2538 sit,
2776 2483 2833 2529 et
2859 2481 3022 2528 tentet
3052 2488 3159 2526 me.

2023 2563 2152 2619 Car.
2179 2563 2270 2618 IX.
2295 2593 2366 2604 —
2393 2564 2681 2619 Nauclerus
2727 2562 2940 2633 quidam
2993 2562 3301 2630 peregrinus
3331 2562 3524 2625 damna

1953 2655 2202 2722 pertulit;
2233 2662 2289 2709 et
2327 2653 2588 2710 accedens
2629 2653 2769 2708 hunc
2813 2642 3269 2718 beatum'virum,
3306 2651 3525 2721 rogabat

1952 2758 2071 2798 eum
2123 2744 2304 2798 multis
2355 2743 2623 2813 lacrymis,
2652 2751 2711 2797 ut
2753 2751 3144 2811 cempateretur
3182 2743 3263 2807 ei,
3293 2745 3430 2795 sicut
3473 2752 3529 2796 et

1953 2832 2198 2889 omnibus
2243 2834 2381 2888 aliis.
2434 2832 2797 2902 Prmcepitque
2839 2847 2960 2886 eum
3007 2831 3254 2899 accipere
3298 2831 3530 2899 quinque

1952 2923 2116 2982 libras
2145 2926 2283 2981 auri.
2313 2924 2553 2993 Cumque
2584 2921 2876 2990 accepisset
2905 2920 3023 2986 has,
3051 2919 3237 2974 abiens
3275 2920 3406 2973 emit
3434 2932 3529 2972 en—

1954 3014 2159 3069 thecam
2193 3014 2331 3085 (2'3),
2358 3023 2413 3068 et
2440 3012 2583 3068 misit
2612 3013 2662 3065 in
2697 3011 2893 3064 navim.
2924 3009 3042 3062 Mox
3071 3008 3262 3064 accidit
3287 3016 3345 3061 ut
3372 3015 3524 3061 extra

1952 3107 2174 3172 pharum
2221 3100 2353 3173 (50)
2404 3102 2735 3173 naufragium
2782 3099 3124 3169 pertulisset;
3174 3099 3348 3152 navim
3396 3112 3525 3151 vero

1953 3209 2057 3249 non
2090 3194 2338 3263 perdidit.
2368 3194 2608 3247 Accessit
2640 3193 2831 3246 iterum
2863 3189 2931 3244 ad
2962 3202 3114 3253 eum,
3148 3188 3214 3243 de
3242 3188 3381 3243 bona
3408 3187 3526 3253 ejus

270 3284 444 3350 prima
481 3282 703 3337 filiarum
736 3283 896 3348 regis.
927 3280 1169 3352 Cumque
1199 3282 1314 3337 haec
1343 3284 1643 3348 audissem,
1668 3287 1846 3339 statim
1877 3278 1924 3341 ϐ
1957 3286 2233 3340 voluntate
2282 3299 2630 3353 praesumens,
2675 3290 2732 3336 et
2779 3280 2913 3336 dixit
2946 3297 2959 3334 :
2999 3279 3251 3334 Miserere
3296 3277 3431 3343 mei,
3467 3281 3527 3325 ιιι

269 3374 487 3429 adoravi
540 3390 676 3430 eam.
733 3374 881 3429 Tunc
928 3373 1059 3429 dicit
1098 3375 1266 3428 mihi:
1300 3375 1357 3430 Si
1406 3390 1494 3439 me
1545 3375 1848 3444 possederis

267 3467 498 3521 amicam
526 3506 542 3532 ,
602 3478 701 3537 ego
755 3475 807 3520 te
862 3465 1053 3521 ducam
1108 3466 1160 3518 in
1214 3475 1501 3532 conspectu
1562 3467 1847 3530 imperato.

267 3558 358 3611 ris.
406 3557 625 3612 Etenim
675 3571 834 3611 nemo
898 3555 1056 3610 habet
1115 3563 1431 3620 potestatem
1486 3555 1624 3623 apud
1678 3570 1844 3620 eum,

265 3648 399 3701 sicut
449 3661 570 3716 ego.
611 3646 721 3714 Ego
768 3647 963 3715 quippe
1010 3642 1112 3698 feci
1141 3659 1263 3698 eum
1293 3643 1346 3698 in
1377 3647 1534 3698 terris
1576 3646 1844 3700 hominem

272 3734 383 3790 fieri
414 3745 472 3790 et
502 3735 709 3789 salvare
743 3734 1012 3788 homines.
1046 3734 1115 3788 Et
1152 3732 1266 3787 haec
1307 3734 1526 3800 dicens,
1558 3734 1843 3802 disparuit.

270 3825 381 3896 Ego
409 3841 539 3881 vero
567 3826 620 3878 in
648 3824 1025 3891 memetipsum
1072 3837 1351 3888 reversus,
1403 3823 1637 3878 intellexi
1682 3825 1848 3881 visio-

270 3934 410 3983 nem,
441 3927 499 3974 et
523 3917 633 3972 dixi
660 3934 674 3970 :
705 3915 903 3980 Credo,
923 3912 1237 3982 Compassio
1263 3929 1325 3968 ac
1352 3914 1707 3985 EleemOsyna
1739 3926 1842 3981 est,

272 4022 325 4068 et
352 4014 474 4069 ideo
500 4013 660 4067 habet
689 4012 741 4065 in
767 4010 940 4077 capite
985 4024 1051 4067 ex
1091 4010 1246 4062 oliva:
1279 4008 1418 4061 ioliis
1445 4023 1722 4065 coronam.
1752 4011 1846 4063 El-

268 4108 409 4164 enim
437 4104 698 4160 veraciter
725 4101 1027 4170 compassio
1046 4110 1102 4155 et
1127 4100 1425 4170 benignitas
1447 4115 1574 4169 erga
1601 4102 1846 4158 homines

269 4197 439 4252 Deum
466 4209 627 4253 carne
657 4192 837 4249 vestiri
870 4190 1013 4246 fecit.
1042 4190 1239 4245 Statim
1265 4204 1392 4256 ergo
1423 4189 1608 4243 vestivi
1641 4205 1724 4243 me
1745 4230 1761 4254 ,
1795 4201 1848 4244 et

269 4288 473 4341 nullum
505 4286 694 4341 domus
720 4299 852 4343 mea:
874 4282 1135 4346 excitans,
1165 4280 1220 4333 in
1251 4280 1536 4335 ecclesiam
1564 4279 1689 4334 abii.
1719 4280 1847 4333 Erat

264 4379 408 4434 enim
434 4378 545 4448 jam
575 4391 788 4437 aurora.
817 4375 1030 4429 Etcum
1064 4373 1198 4445 irem
1226 4373 1434 4433 obviam
1467 4371 1619 4425 fratri
1648 4373 1846 4440 frigore

267 4469 487 4529 vexanti
521 4466 657 4538 (26),
688 4466 954 4536 expoliavi
1001 4479 1088 4518 me
1134 4462 1447 4517 indumento
1494 4461 1753 4529 caprino,
1794 4471 1848 4515 et

266 4560 388 4616 dedi
415 4559 488 4625 ei,
511 4542 724 4627 dixique
746 4558 887 4615 intra
911 4566 1039 4609 me:
1072 4554 1211 4608 Ecce
1239 4551 1296 4605 in
1326 4553 1427 4606 hoc
1457 4551 1623 4604 sciam
1658 4549 1702 4603 si
1738 4549 1844 4603 uti-

1955 3374 2099 3428 Deus
2133 3374 2313 3428 mundi
2345 3373 2592 3427 misertus
2619 3380 2722 3426 est.
2752 3371 2844 3425 Cui
2889 3370 2980 3423 ille
3026 3367 3321 3436 patriarcha
3349 3365 3484 3420 dixit
3512 3383 3525 3417 :

1951 3462 2142 3528 Crede,
2175 3463 2359 3529 frater,
2392 3463 2490 3516 nisi
2523 3460 2828 3529 miscuisses
2869 3459 3106 3526 pecunire
3136 3457 3381 3513 ecclesia;
3409 3453 3527 3510 illas

1953 3554 2203 3621 pecunias
2233 3568 2349 3620 qtne
2397 3553 2489 3605 tibi
2532 3526 2932 3611 remanserant,
2964 3548 3266 3601 nullatenus
3313 3543 3527 3598 naufra-

1949 3648 2092 3715 gium
2138 3644 2466 3713 pertulisses.
2516 3643 2593 3699 De
2640 3642 2792 3695 malis
2841 3640 2983 3703 enim
3033 3637 3261 3692 habuisti
3308 3651 3435 3702 eas,
3475 3645 3527 3692 et

1954 3737 2171 3806 perditae
2198 3745 2321 3790 sunt
2348 3750 2470 3788 cum
2516 3735 2593 3788 eis
2626 3741 2682 3787 et
2724 3746 2846 3801 qua:
2874 3730 3091 3785 fuerunt
3119 3744 3185 3783 ex
3222 3728 3395 3782 bonis.
3429 3728 3529 3782 Ve-

1951 3842 2070 3881 rum
2101 3823 2355 3895 praecepit
2392 3824 2566 3877 denuo
2611 3820 2723 3875 dari
2754 3820 2804 3873 ei
2834 3820 3018 3872 decem
3060 3818 3219 3870 libras
3250 3816 3366 3869 auti
3387 3855 3401 3879 ,
3435 3817 3527 3869 de-

1951 3922 2198 3977 nuntians
2222 3920 2270 3974 ci
2295 3934 2362 3973 ne
2382 3932 2499 3972 com
2509 3917 2754 3971 misceret
2776 3914 2855 3967 eis
2880 3912 3016 3966 alias
3037 3909 3306 3979 pecunias.
3328 3909 3526 3965 Emens

1948 4020 2206 4079 praeterea
2250 4009 2564 4070 enthecam,
2594 4013 2648 4059 et
2689 4004 2942 4072 navigans
2972 4016 3077 4054 uno
3108 4000 3215 4065 die,
3243 4008 3402 4051 vento
3434 4013 3523 4050 va-

1948 4101 2056 4155 lido
2085 4099 2266 4163 ﬂante,
2300 4096 2568 4168 projectus
2605 4102 2686 4147 est
2734 4093 2784 4146 in
2829 4103 3060 4155 terram;
3094 4100 3147 4143 et
3184 4089 3364 4141 omnia
3407 4102 3524 4153 per-

1951 4193 2114 4259 didit,
2148 4199 2199 4246 et
2249 4191 2416 4258 ipsam
2467 4201 2690 4248 navem,
2738 4193 2791 4239 et
2841 4196 2946 4236 non
2989 4188 3116 4234 sunt
3161 4178 3374 4233 salvatus
3423 4176 3525 4231 nisi

1950 4285 2141 4337 animae
2182 4260 2409 4335 tantum.
2440 4278 2617 4331 Voluit
2660 4289 2786 4344 ergo
2834 4287 2942 4340 pra:
2971 4271 3290 4324 confusione
3329 4278 3384 4322 et
3429 4282 3499 4322 an

1947 4372 2120 4443 gustia
2145 4371 2284 4427 idem
2313 4367 2595 4423 nauclerus
2627 4378 2818 4418 necare
2842 4361 3110 4430 seipsum;
3144 4359 3239 4415 sed
3269 4358 3409 4412 Deus
3433 4359 3523 4426 qui
3606 4414 3615 4424 ι

1949 4462 2164 4531 semper
2184 4459 2338 4514 saluti
2365 4457 2636 4511 hominum
2666 4453 2916 4523 providet
2933 4493 2948 4515 ,
2975 4450 3226 4505 revelavit
3251 4450 3351 4501 hoc
3372 4448 3527 4501 beato

1952 4550 2286 4621 patriarchae.
2318 4549 2381 4601 Et
2404 4561 2525 4601 cum
2556 4543 2793 4598 audisset
2817 4540 2957 4609 quod
2984 4537 3252 4593 acciderat
3275 4537 3323 4593 ei
3342 4576 3358 4601 ,
3390 4550 3525 4588 nun-

266 4666 371 4719 que
398 4664 526 4706 vera
554 4656 639 4705 est
668 4646 802 4700 visio
825 4661 982 4714 quam
1013 4644 1156 4709 vidi,
1185 4659 1251 4697 an
1276 4641 1629 4699 datmoniaca.
1665 4643 1728 4694 Et
1761 4658 1845 4694 ve-
1872 4634 1922 4694 D
1951 4646 2042 4699 tiat
2086 4643 2134 4695 ei
2179 4639 2364 4695 venire
2402 4639 2466 4690 ad
2513 4653 2573 4691 se
2622 4635 2754 4688 nihil
2803 4632 3022 4685 omnino
3067 4631 3334 4684 dubitans.
3373 4628 3524 4680 Tunc

266 4740 426 4795 ritate
455 4746 700 4805 testante,
717 4750 816 4801 nec
845 4737 970 4789 dum
994 4733 1281 4789 ecclesiam
1298 4732 1840 4801 comprehenderant,

262 4840 319 4886 et
344 4830 527 4886 subito
555 4828 787 4883 obvians
817 4825 949 4880 mihi
974 4825 1227 4894 quidam,
1257 4825 1393 4881 albis
1425 4825 1645 4891 indutus
1676 4824 1841 4891 vesti.-

265 4920 385 4987 bus,
420 4920 511 4975 dat
535 4919 665 4974 mihi
693 4918 976 4989 ligaturam
1018 4914 1132 4986 (21)
1178 4924 1392 4970 centum
1425 4916 1838 4979 numismatum,

261 5012 449 5071 dicens
474 5029 487 5064 :
513 5011 713 5079 Accipe
742 5012 877 5073 haec,
926 5009 1111 5072 frater,
1138 5015 1195 5061 et
1230 5007 1483 5075 dispensa
1514 5017 1568 5061 ut
1602 5008 1699 5060 vis.
1728 5007 1838 5077 Ego

262 5111 445 5156 autem
485 5116 599 5170 prae
621 5098 816 5169 gaudio
840 5099 1021 5159 statim
1049 5097 1165 5153 haec
1206 5097 1502 5164 suscipiens
1525 5136 1542 5158 ,
1589 5111 1839 5151 reversus

260 5208 403 5259 sum,
437 5192 623 5247 volens
662 5190 888 5245 reddere
915 5190 964 5244 ei
995 5188 1268 5258 ligaturam
1315 5189 1478 5248 illam,
1520 5186 1669 5255 quasi
1705 5186 1838 5239 nihil

259 5282 534 5352 indigens,
584 5289 638 5339 et
686 5280 916 5348 amplius
965 5295 1071 5333 non
1118 5278 1229 5334 vidi
1267 5277 1521 5344 aliquem.
1553 5276 1701 5330 Tunc
1728 5273 1851 5330 dixi‘

258 5373 439 5429 mihi:
473 5375 747 5430 Veraciter
795 5389 899 5433 non
947 5382 1062 5426 erat
1112 5371 1412 5439 phantasia.
1449 5371 1518 5425 Es
1571 5370 1657 5425 illa
1709 5383 1838 5436 ergo

258 5463 393 5516 hora
437 5478 585 5531 saepe
628 5463 820 5518 dabam
869 5462 1067 5531 aliquid
1118 5461 1394 5525 fratribus,
1448 5469 1505 5517 et
1550 5459 1836 5514 dicebam:

260 5552 471 5611 Videbo
509 5554 555 5609 si
602 5554 776 5608 mittat
823 5553 961 5606 Deus
989 5551 1141 5619 tnibi,
1170 5562 1226 5605 ut
1254 5549 1408 5617 dixit,
1454 5551 1728 5612 centupla.
1773 5549 1841 5603 Et

254 5659 378 5699 cum
406 5652 702 5701 tentasscnt
730 5644 1035 5710 Dominum,
1063 5643 1426 5708 malefacieus,
1454 5651 1508 5697 et
1537 5640 1838 5705 satisfacias

251 5748 431 5791 essem
468 5737 692 5792 diversis
722 5737 893 5790 modis
920 5751 1011 5804 per
1037 5751 1131 5791 eas
1159 5751 1276 5800 res,
1311 5735 1420 5789 dixi
1448 5751 1462 5788 :
1491 5736 1657 5790 Cessa
1676 5774 1692 5800 ,
1741 5734 1839 5786 mi-

244 5838 365 5880 sera
393 5828 600 5893 anima,
630 5828 879 5883 tentando
906 5828 1289 5883 ittteutahitettt.
1309 5827 1406 5880 Tot
1441 5827 1598 5895 igitur
1623 5835 1837 5881 cet-tatu“

1948 4733 2170 4801 aSptcrsit
2201 4745 2259 4787 sc
2292 4728 2532 4796 pulvere,
2567 4736 2615 4779 ct
2649 4729 2880 4778 tunicam
2911 4721 3184 4788 scindens,
3218 4720 3524 4773 indecenter

1947 4822 2150 4877 accedit
2181 4822 2245 4878 ad
2277 4834 2419 4872 cum.
2446 4818 2683 4882 Cumque
2713 4814 2930 4867 vidisset
2961 4826 3080 4864 eum
3122 4812 3176 4863 in
3208 4811 3296 4861 tali
3344 4810 3521 4861 habitu

1946 4915 2033 4970 ille
2063 4921 2298 4975 sanctus,
2332 4909 2597 4976 redarguit
2636 4921 2791 4971 eum,
2819 4912 2874 4958 et
2900 4904 3075 4958 dixit:
3107 4902 3415 4960 Misereatur
3446 4900 3520 4952 tui

1949 5007 2202 5061 Dominus
2223 5001 2530 5065 benedictus
2555 5000 2716 5052 Deus.
2739 4997 2913 5051 Credo
2935 4997 2984 5049 ei
3009 4994 3152 5064 quod
3173 4994 3241 5048 ab
3266 4991 3519 5047 hodierna

1944 5099 2031 5167 die
2069 5109 2400 5166 nequaquam
2444 5090 2775 5158 naufragium
2827 5088 3050 5151 incidas,
3082 5098 3354 5153 usquequo
3396 5095 3523 5153 tnu-

1942 5191 2119 5246 riaris.
2150 5188 2261 5245 Hoc
2291 5202 2413 5242 vero
2444 5184 2537 5243 tibi
2565 5182 2821 5251 contingit
2841 5220 2856 5246 ,
2882 5195 2947 5235 eo
2973 5179 3114 5249 quod
3143 5186 3199 5230 et
3226 5176 3338 5243 ipsa
3371 5173 3520 5227 navis

1944 5292 2033 5339 tua
2058 5298 2125 5336 es
2154 5279 2409 5349 iniustitia
2432 5286 2575 5333 esset
2605 5288 2868 5344 possessa.
2898 5274 3014 5327 Mox
3038 5286 3165 5342 ergo
3190 5268 3351 5337 jussit
3381 5266 3516 5320 tradi

1944 5376 1993 5429 ci
2025 5388 2189 5429 uuam
2232 5386 2476 5440 magnam
2520 5368 2729 5431 navim,
2777 5367 2985 5436 plenam
3031 5364 3295 5419 frmnento
3335 5358 3520 5427 viginti

1945 5467 2169 5521 millium
2196 5463 2492 5519 modiorum
2510 5501 2526 5526 ,
2558 5459 2625 5521 de
2657 5458 2760 5512 illis
2786 5456 3008 5510 navibus
3030 5469 3147 5523 qua:
3172 5449 3520 5505 sanctissimae

1944 5555 2185 5612 ecclesiae
2237 5554 2495 5621 subjectae
2550 5548 2947 5604 ministrabant.
2999 5545 3166 5612 Quam
3221 5540 3518 5609 recipiens,

1942 5645 2079 5700 exiit
2104 5636 2458 5707 Alexandria;
2484 5651 2538 5697 et
2565 5639 2860 5693 afﬁrmabat
2891 5638 3003 5704 ipse
3036 5634 3337 5696 nauclerus,
3368 5626 3518 5685 asse-

1946 5713 2137 5788 verans
2163 5750 2176 5786 :
2210 5731 2408 5803 Viginti
2441 5732 2629 5786 diebus
2660 5745 2721 5785 ac
2750 5728 2995 5783 noctibus
3023 5722 3329 5783 vehementi
3357 5730 3517 5776 ventu

1945 5825 2333 5893 navigavimus,
2353 5839 2456 5877 non
2483 5823 2717 5877 valentes
2738 5819 2956 5874 omnino
2980 5822 3117 5875 scire
3135 5833 3241 5887 quo
3262 5816 3521 5878 issentus,
