3976 6408
479 483 614 538 1623

1522 478 1805 538 LEONTII
1839 482 2092 536 NEAPUI
2106 483 2174 535 .I'l
2195 483 2302 536 ANI
2348 479 2656 537 EPISCOPI

3564 485 3671 544 ιδξι

489 603 661 657 neque
690 603 780 657 per
811 590 1013 654 stellas,
1041 604 1214 659 neque
1242 605 1336 658 per
1365 589 1498 653 loca,
1530 597 1750 657 excepto
1778 587 1918 658 quod
1949 601 2042 654 gu-
2072 587 2122 645 Α
2147 589 2198 634 et
2225 580 2357 634 dixit
2395 584 2473 636 eis
2500 599 2517 635 :
2547 583 2683 649 Quot
2714 584 2876 638 libras
2901 584 3120 640 dedistis
3161 586 3234 643 illi
3267 588 3353 660 qui
3390 587 3452 647 ad
3478 607 3555 650 me
3589 608 3666 652 ae-

494 681 738 734 bernator
769 680 981 732 videbat
1019 681 1160 733 illum
1192 681 1536 748 patriarcham
1564 695 1743 733 secum
1781 685 2048 731 tenentem

494 781 788 834 temonem,
823 783 875 824 et
915 773 1180 824 dicentem
1212 772 1308 825 sibi
1337 788 1348 824 :
1383 771 1456 824 Ne
1494 772 1700 832 timeas,
1731 770 1866 823 bene
1905 768 2048 821 navi-

486 875 596 927 gas.
625 861 783 925 Igitur
821 873 935 928 post
964 863 1267 929 vigesiinam
1298 862 1436 914 diem
1479 861 1817 929 apparuimus
1867 860 1917 912 in
1954 860 2038 911 in-

490 949 621 1003 sulis
653 950 969 1014 Britanniae;
1005 960 1057 1002 et
1082 949 1524 1002 descendentibus
1554 949 1706 1001 nobis
1739 949 1790 1000 in
1819 955 2046 1013 terram,

491 1041 786 1092 invenimus
809 1041 916 1093 illic
937 1040 1124 1093 famem
1150 1054 1409 1104 magnam.
1433 1038 1562 1091 Cum
1585 1053 1710 1106 ergo
1732 1037 2050 1092 dixissemus

493 1129 664 1193 primo
686 1128 933 1190 civitatis,
955 1129 1090 1196 quod
1122 1129 1439 1181 frumentum
1471 1129 1521 1180 in
1547 1127 1662 1180 navi
1694 1139 2046 1195 poneremus,

488 1217 657 1270 dixit:
693 1219 831 1271 Bene
866 1218 1003 1271 Deus
1047 1218 1262 1271 adduxit
1301 1233 1412 1272 vos.
1441 1219 1705 1285 indqttid
1752 1220 1926 1282 vultis,
1957 1223 2053 1274 eli-

489 1309 626 1377 gite;
667 1317 758 1362 aut
802 1325 894 1375 per
921 1308 1155 1376 singulus
1186 1308 1392 1361 modios
1441 1311 1700 1363 numisma
1733 1327 1928 1376 unum,
1962 1321 2054 1365 aut

491 1395 732 1464 ejusdem
765 1397 1011 1464 ponderis
1036 1393 1255 1459 accipite
1278 1405 1546 1449 stannum.
1579 1397 1842 1466 Elegimus
1873 1401 2053 1467 itaque

489 1489 764 1542 dimidium
795 1488 892 1550 sic,
919 1497 972 1540 et
999 1485 1272 1540 dimidium
1297 1489 1392 1541 sic.
1425 1487 1553 1540 Rem
1591 1499 1765 1541 autem
1797 1491 1942 1542 vadit
1969 1491 2052 1544 di-

489 1594 614 1633 cere
647 1593 842 1638 sermo,
889 1576 1176 1640 inexpertis
1225 1593 1502 1630 munerum
1549 1577 1642 1631 Dei
1693 1581 2053 1634 incredibilem

490 1670 703 1737 quidem
731 1677 786 1720 et
811 1669 926 1721 siue
953 1667 1075 1731 fide,
1111 1668 1191 1720 his
1221 1683 1346 1720 vero
1373 1669 1460 1734 qui
1488 1670 1864 1734 experientiam
1899 1672 2057 1723 mira-

493 1758 601 1812 culi
629 1756 746 1824 ejus
786 1757 1012 1822 habent,
1044 1755 1352 1810 credibilem
1395 1769 1552 1823 atque
1597 1770 1887 1826 acceptam.
1926 1759 2058 1814 Navi

497 1855 753 1914 praeterea
800 1846 1179 1898 Alexandriam
1221 1859 1339 1898 cum
1382 1849 1573 1914 gaudio
1614 1863 1822 1903 reversa
1853 1851 2058 1920 quievi-

2148 673 2349 725 cessit?
2374 673 2473 737 Qui
2503 673 2787 728 dixerunt:
2819 676 3059 741 Domine,
3093 695 3148 731 ut
3175 680 3328 746 jussit
3353 686 3664 744 sacratissima

2149 762 2398 814 sanctitas
2445 774 2640 827 vestra,
2682 766 2980 833 quindecim
3019 769 3198 822 libras.
3229 769 3356 826 Cum
3399 785 3560 830 autem
3586 794 3664 831 ro-

2147 855 2410 920 gnovisset
2441 868 2533 919 per
2562 856 2942 910 inhabitantem
2984 858 3034 911 in
3061 873 3118 911 se
3148 863 3367 927 gratiam
3387 903 3401 924 ,
3431 865 3542 917 illos
3564 883 3665 922 esse

2151 943 2421 1007 mentitos,
2448 944 2661 998 adducit
2685 961 2805 999 eum
2836 948 2925 1013 qui
2950 961 3253 1016 acceperat,
3280 960 3333 1004 et
3361 954 3667 1024 interrogavit

2149 1045 2271 1086 eum
2316 1035 2437 1098 quid
2481 1036 2806 1094 accepisset?
2835 1036 2931 1090 lllo
2959 1053 3086 1092 vero
3125 1040 3332 1093 dicente
3374 1046 3586 1114 quinque
3623 1049 3674 1104 li-

2151 1123 2296 1184 bras,
2331 1127 2603 1189 proferens
2624 1125 2690 1178 de
2721 1127 3027 1179 honoranda
3055 1144 3212 1182 manu
3243 1145 3334 1183 sua
3367 1134 3454 1187 ille
3493 1150 3677 1194 sanctus

2153 1210 2424 1275 pittacium
2457 1212 2594 1282 (35),
2623 1215 2761 1282 quod
2792 1216 2892 1268 sibi
2926 1217 3174 1270 traditum
3207 1219 3403 1284 fuerat,
3429 1224 3546 1276 dixit
3575 1228 3674 1285 eis:

2153 1300 2199 1353 Α
2231 1300 2378 1353 vobis
2409 1301 2650 1368 exquirat
2675 1303 2813 1358 Deus
2838 1314 2894 1358 et
2921 1305 3008 1359 illa
3033 1309 3132 1359 alia
3171 1308 3352 1363 decem
3386 1318 3680 1384 centenaria,

2153 1390 2402 1457 quoniam
2427 1391 2472 1444 si
2505 1391 2788 1448 dedissetis
2816 1396 3118 1463 quindecim
3162 1399 3348 1465 libras,
3376 1412 3430 1454 ut
3456 1406 3578 1460 dixit
3603 1410 3684 1460 hu-

2157 1479 2354 1534 militas
2386 1497 2526 1546 mea,
2557 1485 2647 1552 qui
2677 1485 2852 1538 attulit
2879 1488 3112 1554 quinque
3151 1495 3471 1556 centenaria,
3497 1499 3682 1563 quinde-

2156 1569 2258 1621 cim
2287 1570 2456 1624 daret.
2489 1571 2556 1624 Et
2580 1581 2637 1626 ut
2658 1586 2834 1627 certos
2857 1591 2951 1630 vos
2973 1577 3160 1631 faciam
3179 1619 3192 1640 .
3225 1583 3438 1635 mittens
3462 1586 3684 1644 adducam

2156 1671 2275 1724 quae
2305 1657 2401 1711 has
2441 1662 2634 1715 attulit.
2672 1663 2735 1716 Et
2776 1666 2992 1720 mittens
3030 1668 3164 1723 duos
3198 1675 3524 1729 venerabiles
3550 1679 3687 1746 viros,

2159 1753 2218 1798 ut
2251 1748 2578 1803 accersirent
2622 1753 2966 1807 reverendam
3000 1756 3280 1826 feminam,
3311 1778 3426 1828 quae
3465 1764 3514 1816 iu
3545 1766 3688 1834 bapti.

2159 1837 2323 1890 sterio
2370 1840 2643 1907 pittacium
2685 1846 2734 1897 ei
2780 1860 3118 1914 porrexerat,
3150 1854 3234 1904 cui
3282 1861 3339 1906 et
3386 1855 3691 1919 indicat.di-

488 1949 608 1988 mus
648 1934 698 1988 in
744 1934 1019 2001 Pentapoli
1059 1935 1207 2004 (5|);
1240 1945 1294 1989 et
1329 1947 1623 2004 aSportav.t
1670 1942 1949 1996 nauclerus
1988 1943 2056 1997 de
2092 1933 2131 1989 Β
2158 1944 2283 1984 cens
2315 1947 2330 1984 :
2364 1932 2829 2002 Benedictionem,
2870 1955 3025 2007 quam
3078 1941 3215 1996 Deus
3261 1944 3362 1998 sibi
3401 1947 3689 2004 oﬂ‘erendaut

491 2025 581 2078 illo
611 2035 801 2080 stanuo
858 2035 916 2080 ut
946 2027 1295 2081 venumdaret
1325 2029 1466 2081 illud.
1501 2030 1734 2085 llahebat
1762 2034 1902 2087 enim
1949 2033 2057 2089 illic

489 2117 759 2182 antiquum
806 2115 1006 2168 socium
1058 2116 1110 2167 in
1165 2117 1390 2184 negotiis
1445 2131 1706 2182 petentem
1755 2136 1818 2174 ex
1868 2124 2054 2177 eodem

495 2214 704 2258 stanno.
746 2206 842 2258 Dat
868 2207 914 2258 ei
947 2206 995 2258 in
1028 2221 1181 2260 sacco
1207 2207 1356 2274 quasi
1385 2209 1755 2278 quinquaginta
1787 2212 1966 2266 libras.
1993 2216 2060 2267 At

503 2296 590 2348 ille
619 2295 800 2349 volens
844 2296 1068 2362 probare
1107 2297 1336 2363 speciem
1367 2297 1412 2350 si
1445 2299 1580 2352 bona
1612 2311 1783 2364 esset,
1814 2303 1969 2356 solvit
1995 2303 2057 2356 il-

493 2386 580 2437 lud
619 2386 668 2438 in
701 2387 838 2455 igne,
870 2398 922 2439 et
955 2387 1153 2440 invenit
1195 2402 1468 2455 argentum
1503 2407 1714 2458 purum.
1743 2393 2060 2460 Putavitque

495 2490 555 2528 se
586 2490 702 2528 csse
732 2483 986 2528 tentatum
1009 2517 1022 2540 ,
1053 2486 1106 2530 et
1143 2478 1326 2532 retulit
1351 2479 1402 2533 ei
1432 2495 1641 2534 saccqu
1671 2483 1851 2538 dicens
1877 2503 1890 2538 :
1923 2485 2064 2541 Deus

496 2568 766 2637 indulgeat
821 2567 1227 2647 ιίιιί..Νυηαιιὶ‹Ι
1277 2570 1526 2625 invenisti
1583 2589 1668 2628 me
1723 2576 2061 2640 impostorem

497 2675 622 2726 erga
649 2670 720 2722 te,
751 2661 870 2726 quia
904 2661 1154 2715 tentando
1192 2671 1466 2730 argentum
1515 2679 1612 2732 pro
1654 2676 1843 2722 Stanno
1869 2671 2062 2723 dedisti

501 2752 662 2804 mihi?
694 2751 1060 2818 Expavesccus
1090 2767 1215 2806 vero
1255 2753 1319 2806 de
1363 2769 1608 2808 sermone
1637 2757 1728 2810 illo
1757 2761 2060 2824 nauclerus,

499 2843 670 2894 dicit:
703 2841 890 2904 Crede,
929 2857 1028 2909 ego
1073 2859 1166 2911 pro
1209 2856 1398 2898 Stauno
1447 2846 1574 2900 illud
1621 2849 1809 2904 habeo.
1841 2851 1896 2905 Si
1939 2867 2066 2905 vero

500 2931 588 2985 ille
617 2931 705 3000 qui
735 2931 858 2985 fecit
883 2933 948 2985 de
975 2948 1104 3000 aqua
1137 2935 1310 2986 vinum
1373 2933 1551 3005 (Joan.
1577 2938 1659 3007 η),
1691 2941 1802 3008 ipse
1830 2956 1923 3008 per
1947 2957 2071 2995 era-

499 3024 669 3076 tiones
703 3025 1012 3092 patriarcha:
1062 3025 1184 3080 fecit
1224 3038 1276 3081 et
1306 3040 1551 3083 stannum
1597 3042 1902 3101 argentum,
1938 3035 2066 3088 nihil

504 3113 716 3168 mirum.
763 3115 827 3168 Et
868 3125 923 3168 ut
962 3116 1210 3179 satisiias,
1253 3119 1370 3171 veni
1414 3121 1478 3171 ad
1527 3122 1729 3184 navim,
1763 3132 1813 3176 et
1862 3123 2069 3180 videbis

501 3213 690 3256 canere
739 3203 892 3257 istius
936 3206 1134 3258 metaili
1176 3207 1340 3270 socia,
1381 3208 1518 3276 quod
1557 3213 1827 3278 accepisti.
1863 3211 2066 3266 Ascen-

2159 2019 2305 2073 misit
2345 2023 2396 2075 in
2429 2039 2522 2077 cor
2549 2035 2726 2094 tuum,
2759 2031 2934 2084 ferens
2961 2042 3163 2097 tecum,
3193 2037 3310 2087 veni
3357 2038 3420 2090 ad
3462 2038 3691 2094 humilita-
3725 2037 3738 2054 '

2161 2119 2265 2164 tem
2297 2127 2491 2169 meam.
2521 2115 2648 2180 Quae
2676 2120 2869 2171 cursim
2912 2134 3154 2189 surgens.
3187 2129 3532 2190 apprehendit
3559 2133 3694 2184 vesti-

2159 2198 2242 2267 gia
2285 2199 2454 2252 sancti
2485 2204 2579 2255 viri
2625 2219 2728 2257 una
2766 2222 2884 2260 cum
2928 2213 3218 2275 quantitate
3265 2216 3402 2269 auri.
3433 2217 3554 2271 Cum
3591 2235 3694 2287 ergo

2160 2292 2485 2356 suscepisset
2536 2293 2623 2347 ille
2673 2299 2971 2360 patriarcha
3023 2301 3381 2363 oblationem.
3423 2315 3475 2359 et
3522 2323 3696 2364 orasset

2163 2393 2321 2448 super
2349 2398 2496 2448 eam,
2528 2394 2581 2438 et
2623 2401 2781 2452 super
2811 2389 2973 2444 filium
3015 2392 3132 2460 ejus
3170 2396 3514 2460 sufficienter,
3543 2401 3688 2454 dixit:

2163 2470 2396 2524 Obsecro
2443 2482 2512 2538 te,
2547 2475 2716 2528 no'nna
2766 2476 2901 2544 (56),
2945 2479 3057 2533 haec
3098 2492 3298 2536 tantum
3345 2487 3550 2540 voluisti
3591 2491 3696 2544 dare

2165 2558 2400 2621 Christo,
2434 2575 2498 2611 an
2533 2560 2673 2615 aliud
2703 2563 2935 2631 aliquid?
2965 2567 3094 2620 Cum
3135 2579 3316 2624 autem
3347 2576 3588 2628 sensisset
3610 2578 3699 2632 dei-

2167 2648 2332 2702 feiuin
2354 2693 2368 2716 ,
2401 2651 2529 2704 illud
2559 2655 2697 2720 quod
2743 2656 2936 2709 fecerat
2965 2661 3298 2726 cognovisse,
3337 2675 3556 2719 tremore
3579 2684 3700 2720 Com-

2166 2753 2372 2806 pressa,
2396 2739 2565 2795 dixit:
2601 2743 2698 2796 Per
2726 2755 2935 2800 sanctas
2977 2748 3176 2803 domini
3221 2754 3324 2805 mei
3369 2757 3634 2822 orationes,
3658 2770 3701 2813 ct

2165 2841 2407 2885 sanctum
2441 2848 2615 2885 meum
2649 2833 2891 2889 Mennam
2923 2838 3062 2908 (37),
3094 2844 3400 2909 quindecim
3430 2850 3699 2903 centenaria

2166 2921 2481 2986 scripseram
2524 2921 2576 2976 in
2619 2923 2860 2992 pittacio;
2907 2939 2958 2980 et
2999 2940 3124 2984 ante
3171 2947 3330 2985 unam
3385 2940 3560 2989 horam
3603 2952 3701 2990 cum

2167 3020 2364 3066 starem
2397 3015 2447 3066 in
2482 3017 2704 3083 synaxi,
2737 3026 2793 3069 ut
2819 3019 3000 3073 darem
3047 3022 3145 3075 hoc
3194 3025 3283 3078 tibi
3333 3027 3548 3082 Domino
3589 3045 3702 3094 meo,

2169 3101 2464 3157 dissolvi-ns
2515 3106 2670 3168 illud,
2706 3107 3002 3174 importune
3040 3113 3160 3180 legi.
3197 3115 3306 3182 Ego
3339 3118 3478 3170 enim
3518 3120 3702 3188 indigna

2170 3193 2357 3246 anotlla
2401 3202 2487 3246 tua
2531 3195 2720 3258 scripsi
2747 3197 2844 3251 hoc
2877 3202 3082 3267 propria
3116 3220 3310 3271 manu,
3344 3217 3398 3259 et
3428 3208 3592 3260 inveni
3627 3209 3703 3261 de-

501 3291 690 3346 dentes
735 3295 928 3362 itaque,
976 3295 1291 3351 invenerunt
1335 3310 1579 3353 stannum
1612 3313 1886 3370 argentum
1930 3305 2068 3372 Opti-

2171 3295 2286 3334 cem
2318 3283 2490 3335 deleta
2529 3299 2556 3334 a
2588 3285 2784 3352 seipso.
2816 3288 2965 3342 Tunc
2998 3293 3292 3358 stupefacta
3344 3296 3476 3348 intra
3519 3308 3704 3350 metuet-

504 3397 646 3434 mum
676 3381 890 3437 factum.
925 3386 985 3438 Et
1027 3402 1127 3440 non
1172 3399 1252 3441 est
1292 3390 1626 3459 peregrinum
1660 3395 2004 3460 miraculum,
2037 3414 2068 3446 υ

503 3471 859 3539 philochristi.
889 3475 988 3540 Qui
1023 3478 1161 3530 enim
1211 3480 1441 3548 quinque
1490 3497 1653 3547 panes
1696 3485 2070 3552 inultiplicavit

504 3562 678 3632 (Joan.
702 3568 800 3629 vt),
829 3576 882 3619 et
921 3583 1103 3621 rursus
1128 3585 1314 3638 aquam
1347 3571 1559 3640 Egypti
1601 3579 1970 3629 transmutavit
2011 3579 2060 3630 in

503 3655 812 3719 sanguinem
837 3656 1030 3723 (Exodi
1055 3664 1166 3726 vn),
1195 3670 1248 3713 et
1276 3661 1472 3728 virgam
1503 3663 1552 3715 in
1577 3677 1877 3733 serpentem
1902 3678 2072 3721 trans-

504 3744 752 3807 mutavit,
784 3757 838 3799 et
875 3750 1140 3802 transtulit
1190 3750 1452 3805 flammam
1492 3755 1540 3806 in
1568 3769 1741 3808 rorem
1773 3755 1934 3823 (Dan.
1965 3761 2070 3830 nt),

510 3835 714 3890 facilius
743 3844 796 3889 ct
839 3838 939 3892 huc
981 3849 1087 3893 tam
1131 3841 1421 3909 gloriosum
1470 3845 1783 3899 miraculum
1823 3860 2072 3914 operatus

503 3935 900 3997 est,quatenus
957 3945 1012 3990 et
1082 3934 1346 3992 famulum
1417 3951 1580 3993 suum
1641 3937 2078 4004 ditaret,etnau-

505 4017 650 4070 clero
679 4019 1093 4075 misericordiam
1121 4037 1268 4077 suam
1297 4034 1592 4092 praestaret.

581 4109 706 4163 Car.
736 4111 802 4164 Χ.
827 4141 897 4152 ——
931 4113 1294 4169 Descendente
1333 4117 1666 4171 sanctissimo
1705 4119 1808 4172 isto
1838 4123 1950 4172 vlro
1977 4119 2078 4173 ali-

505 4203 716 4266 quando
744 4204 794 4256 in
837 4204 1115 4257 ecclesiam
1159 4206 1431 4261 Dominico
1472 4209 1578 4270 die,
1609 4212 1835 4263 accessit
1860 4212 1923 4284 ad
1951 4227 2072 4265 eum

511 4291 688 4354 homo,
716 4293 801 4360 qui
834 4295 1024 4346 multas
1057 4296 1365 4362 possederat
1390 4295 1666 4350 facultates
1694 4315 1708 4352 :
1740 4309 1793 4351 et
1819 4301 1960 4354 fures
1994 4301 2075 4354 in-

510 4383 678 4450 gressi
727 4382 941 4435 domum
991 4385 1127 4451 ejus,
1158 4385 1590 4451 despoliaverunt
1635 4405 1752 4442 eum
1799 4406 1964 4460 usque
2010 4392 2076 4446 ad

516 4483 900 4536 stramentum;
944 4484 996 4528 et
1037 4490 1156 4527 cum
1203 4478 1367 4529 multa
1406 4481 1626 4544 qumstio
1657 4490 1798 4534 esset
1835 4483 1994 4545 facta,
2026 4493 2080 4536 et

514 4579 618 4617 non
660 4563 949 4618 invenisset
978 4567 1066 4633 qui
1106 4566 1219 4619 haec
1243 4576 1694 4636 .perpetraverant
1719 4613 1734 4636 ,
1773 4575 2078 4641 compulsus

2171 3372 2368 3440 ipsam,
2401 3373 2547 3427 dixi:
2578 3375 2767 3444 Utique
2811 3396 2916 3432 non
2957 3392 3038 3434 est
3087 3385 3336 3438 voluntas
3383 3386 3474 3439 Dei
3516 3398 3566 3440 ut
3607 3388 3703 3440 dem

2171 3461 2274 3514 nisi
2313 3462 2564 3531 quinque.
2611 3467 2913 3524 Dimittente
2941 3481 3116 3526 autem
3147 3476 3452 3541 patriarcha
3482 3493 3701 3532 reveren-

2172 3549 2292 3604 dam
2339 3552 2480 3632 illam
2527 3553 2808 3622 feminam,
2838 3561 3143 3615 ceciderunt
3183 3564 3248 3616 ad
3297 3565 3462 3630 pedes
3501 3568 3605 3635 ejus
3640 3569 3705 3620 di-

2173 3653 2545 3710 spensatores,
2590 3652 2675 3713 qui
2727 3656 3012 3720 trangressi
3060 3666 3181 3708 sunt
3231 3657 3557 3714 voluntatem
3596 3661 3705 3728 ejus,

2176 3741 2415 3798 petentes
2448 3735 2824 3804 indulgentiam
2847 3783 2861 3806 ,
2895 3752 2948 3795 et
2987 3741 3314 3801 affirmantes
3359 3751 3494 3804 nihil
3536 3753 3628 3806 tale
3663 3768 3708 3807 se

2176 3823 2400 3877 ulterius
2425 3836 2635 3882 acturos
2667 3829 2798 3886 fore.

2243 3914 2370 3971 CAP.
2405 3919 2491 3972 XI.
2525 3949 2594 3961 —
2634 3923 2843 3977 Intuens
2888 3925 3065 3981 Niceta
3115 3931 3369 3996 patricius
3415 3933 3544 4004 (58)
3587 3935 3711 4000 hujus

2177 4001 2276 4069 viri
2305 4019 2593 4074 virtutibus
2626 4023 2766 4088 pleni
2800 4026 3280 4092 magnanimitatem
3299 4067 3315 4091 ,
3344 4038 3404 4082 et
3433 4030 3544 4084 sine
3572 4031 3709 4098 parci-

2177 4114 2286 4160 tate
2317 4123 2529 4162 manum
2558 4125 2881 4178 expausam,
2914 4123 2967 4167 et
3001 4123 3243 4184 tanquam
3275 4133 3342 4172 ex
3378 4117 3523 4174 fonte
3547 4121 3712 4189 iugiter

2179 4197 2425 4250 omnibus
2451 4207 2814 4266 praestantem,
2835 4201 3082 4258 instinctu
3104 4208 3456 4274 quorumdam
3476 4211 3710 4264 diabolum

2181 4286 2532 4353 imitantium,
2562 4291 2702 4343 suhit
2741 4293 2804 4344 ad
2837 4303 3075 4347 sanctum
3098 4335 3113 4360 ,
3145 4304 3198 4348 et
3227 4297 3350 4349 dicit
3381 4299 3432 4352 ei
3459 4316 3472 4351 :
3506 4299 3710 4368 Regnum

2180 4386 2436 4446 arctatur,
2465 4389 2519 4433 et
2558 4385 2774 4448 pecunia
2816 4393 2953 4450 eget.
2995 4385 3142 4450 Jam,
3174 4386 3291 4453 quia
3329 4387 3448 4441 sine
3491 4389 3713 4456 parcitate

2182 4485 2484 4542 erogantur,
2511 4491 2628 4544 qua:
2658 4477 2966 4532 deferuntur
2993 4479 3084 4533 tibi
3117 4483 3371 4546 pecunim,
3403 4483 3468 4535 da
3513 4497 3595 4536 eas
3632 4483 3714 4534 im-

2185 4564 2352 4630 peiio,
2377 4564 2441 4616 da
2470 4579 2560 4618 eas
2591 4565 2641 4618 in
2675 4567 2936 4634 publicum
2959 4570 3264 4624 saccellum.
3291 4569 3380 4624 llle
3409 4587 3535 4624 vero
3555 4571 3614 4624 de
3637 4570 3716 4623 hoc

510 4663 592 4705 est
623 4653 786 4706 multa
832 4653 986 4706 nimis
1032 4666 1357 4722 paupertate,
1396 4657 1668 4725 deprecari
1713 4676 1832 4713 cum
1884 4677 2068 4730 magna

2181 4653 2319 4719 quod
2353 4653 2549 4707 dictum
2583 4655 2782 4719 fuerat,
2811 4656 3223 4725 imperturbatus
3252 4677 3493 4724 manens,
3525 4661 3643 4714 dicit
3663 4659 3716 4713 ad

511 4747 814 4798 reverentia
861 4745 1252 4799 sanctissimum
1286 4747 1430 4800 illum
1481 4750 1862 4816 patriareham.
1895 4754 2079 4806 dicens

518 4833 566 4885 ei
593 4845 642 4888 et
671 4834 1028 4889 calamitatem
1060 4850 1229 4890 suam.
1262 4837 1508 4893 Misertus
1536 4856 1663 4910 ergo
1693 4843 1831 4895 illius
1859 4846 2080 4899 multum

519 4919 715 4986 (fuerat
757 4922 898 4974 enim
942 4940 1004 4977 ex
1055 4925 1366 4980 clarissimis
1395 4938 1448 4982 et
1493 4930 1692 4998 magnis
1739 4934 2082 5003 principibus)

521 5008 650 5062 dicit
681 5009 745 5062 ad
787 5023 966 5064 aurem
1007 5013 1146 5065 illius
1181 5015 1270 5067 cui
1319 5030 1504 5069 aurum
1547 5020 1803 5073 creditum
1852 5031 1994 5078 erat.
2030 5035 2087 5076 ut

522 5097 672 5151 daret
701 5100 748 5152 ei
778 5101 1075 5168 quindecim
1122 5103 1282 5156 libras
1315 5106 1448 5158 auri.
1481 5107 1612 5159 Cum
1643 5117 1818 5164 autem
1866 5113 1958 5164 has
1985 5113 2083 5166 da-

526 5198 675 5242 turus
717 5190 917 5255 abii-et,
948 5193 1293 5259 apprehendit
1338 5197 1613 5249 consilium
1648 5199 1930 5266 logotheta:
1971 5202 2086 5272 (52)

524 5288 576 5332 et
617 5283 911 5348 teconomi;
939 5293 992 5336 et
1028 5299 1091 5336 ex
1123 5284 1381 5340 diabolica
1419 5289 1728 5353 operatione
1768 5291 2084 5359 invidentes,

525 5383 631 5422 nun
663 5370 924 5425 dederunt
949 5374 998 5427 ei
1030 5374 1129 5428 nisi
1167 5377 1398 5444 quinque
1444 5377 1623 5430 libras.
1656 5377 1786 5432 Cum
1829 5395 1958 5449 ergo
1999 5398 2116 5434 reo.

526 5469 818 5513 verteretur
862 5462 929 5514 de
974 5465 1190 5517 collecta
1234 5463 1364 5535 (55)
1408 5466 1544 5520 idem
1599 5467 2089 5524 honorabilissitnus

527 5551 976 5622 archiepiscopus,
1000 5555 1087 5607 dat
1109 5559 1155 5608 ei
1182 5557 1232 5609 in
1260 5557 1471 5624 scriptis
1495 5559 1683 5611 mulier
1706 5561 1865 5636 vidua
1886 5559 2088 5616 habens

532 5639 741 5692 unicum
790 5642 986 5704 filium,
1030 5645 1266 5698 notitiam
1313 5648 1452 5700 xeuii
1497 5646 1613 5720 (54)
1644 5651 1876 5718 quinque
1907 5664 2091 5705 cente-

535 5729 800 5781 nariorum
831 5733 964 5783 auri.
995 5734 1127 5786 Cum
1170 5747 1344 5790 autem
1383 5741 1735 5808 suscepisset,
1761 5752 1814 5794 et
1857 5743 2092 5795 honora-

538 5819 642 5877 bile
686 5830 942 5873 secretum
981 5824 1292 5885 dimisisset.
1324 5831 1636 5883 convocavit
1678 5831 2094 5894 dispensatores.

2181 4757 2302 4796 eum
2329 4759 2342 4794 :
2372 4742 2485 4797 Non
2505 4743 2702 4810 justum
2726 4753 2807 4799 est
2834 4753 2888 4798 ut
2915 4747 3164 4809 arbitror,
3191 4749 3404 4804 domine
3437 4751 3639 4816 patrici,
3663 4763 3714 4802 ea

2181 4847 2300 4900 quae
2366 4834 2726 4902 supercmlesti
2765 4834 2891 4904 Regi
2921 4836 3099 4890 oblata
3129 4847 3282 4900 sunt,
3319 4841 3556 4893 terrestri
3590 4841 3712 4892 dare.

2183 4922 2240 4976 Si
2270 4937 2394 4976 vero
2426 4931 2480 4977 et
2522 4925 2740 4978 omnino
2767 4929 2872 4979 tale
2901 4925 3100 4994 aliquid
3127 4927 3368 4997 judicasti
3389 4970 3405 4994 ,
3437 4930 3609 4991 crede.
3639 4930 3718 4981 hu-

2187 5011 2326 5066 milis
2369 5011 2598 5066 Joannes
2625 5029 2688 5067 ex
2733 5014 2812 5068 eis
2857 5029 3127 5070 nummum
3169 5032 3273 5070 non
3305 5018 3455 5071 dabit
3501 5016 3720 5080 tibi;scd

2194 5114 2318 5152 ecce
2346 5100 2445 5154 sub
2475 5101 2659 5153 humili
2711 5101 2901 5155 lectulo
2944 5118 3063 5156 meo
3091 5114 3172 5157 est
3217 5107 3471 5172 apotheca
3520 5106 3724 5166 Christi,

2195 5198 2254 5241 ut
2281 5190 2510 5243 volueris
2540 5191 2640 5244 fac.
2674 5191 2907 5261 Surgens
2930 5193 3105 5260 itaque
3135 5195 3310 5248 statim
3349 5196 3618 5265 patricius,
3649 5210 3725 5245 vo-

2195 5289 2278 5332 cat
2307 5278 2375 5332 de
2401 5279 2509 5332 suis
2553 5277 2854 5333 hominibus
2879 5281 2967 5349 qui
3008 5293 3219 5350 portare
3250 5283 3538 5348 deberent,
3565 5293 3616 5337 et
3642 5285 3727 5337 iiii-

2199 5373 2341 5441 punit
2383 5386 2542 5438 super
2583 5385 2676 5424 eos
2711 5373 2959 5437 pecunias
3007 5383 3168 5437 totas,
3210 5389 3314 5428 non
3361 5377 3654 5443 relinquens
3679 5388 3730 5425 cx

2196 5463 2275 5518 eis
2303 5465 2400 5517 nisi
2429 5479 2587 5519 unum
2615 5467 2999 5521 centenarium.
3028 5467 3091 5519 Et
3119 5483 3236 5521 cum
3263 5467 3637 5521 descenderent
3662 5464 3732 5528 qui

2194 5558 2472 5624 portabant
2501 5557 2798 5627 hujusmodi
2827 5559 3102 5626 pecuniam
3120 5601 3136 5625 ,
3162 5561 3520 5615 ascendebant
3540 5559 3731 5629 quidam

2195 5650 2284 5703 alii
2317 5659 2582 5716 portantes
2612 5649 2830 5717 pusillas
2859 5650 3186 5717 lagunculas,
3222 5651 3477 5705 habentes
3505 5647 3730 5718 pecunias

2199 5741 2390 5794 missas
2418 5741 2730 5807 patriarcha:
2754 5741 2821 5796 de
2847 5741 3044 5805 Africa,
3072 5743 3457 5811 superscriptas
3487 5742 3613 5794 alias
3639 5737 3732 5806 qui.

2199 5831 2318 5885 dem
2351 5847 2455 5886 tm.
2484 5847 2716 5886 ορτηωιι
2735 5872 2750 5898 ,
2788 5832 2920 5886 alias
2947 5843 3122 5887 autem
3166 5850 3269 5888 ast.
3296 5849 3408 5888 sm:
3439 5847 3594 5886 runto.
3623 5829 3732 5882 Cum
