3976 6460
227 512 248 568 Ι
259 507 363 566 [3-2.Ξί

1165 503 1322 560 νιΤΑ
1361 503 1606 560 SANCTI
1643 502 1924 559 JOANNIS
1963 507 2536 564 ELEEMOSYNARII.

3353 508 3490 566 1626

233 633 365 693 ergo
409 617 742 676 descendens
792 615 1045 686 patricius
1088 616 1289 686 legeret
1334 618 1815 687 superscriptiones
1842 619 1891 676 Α
1919 619 2075 673 sitate
2103 635 2411 688 compresso
2454 634 2636 673 eorum
2669 617 2757 688 qui
2798 619 2866 673 ab
2909 634 2974 674 eo
3019 620 3323 690 alebantur,
3350 634 3405 680 et
3436 629 3488 681 in

232 710 578 777 lagenarum,
622 710 851 761 insinuat
894 705 1208 775 patriarchae
1245 718 1303 762 ut
1342 708 1442 762 sibi
1485 709 1722 762 mitteret
1749 707 1816 761 de

236 798 330 854 tali
363 795 546 863 mel-le,
573 810 678 866 quo
703 796 769 849 ad
795 809 930 864 Opus
951 811 1103 850 suum
1127 805 1384 851 uteretur.
1415 796 1645 851 Noverat
1672 795 1814 850 enim

231 906 356 946 eum
397 889 523 942 mali
563 902 680 943 esse
724 889 1112 942 immemorem.
1142 885 1482 941 Ascendente
1531 885 1691 956 igitur
1723 885 1814 953 qui

234 982 551 1053 laguncti-las
587 979 817 1034 habebat
852 979 1106 1043 creditas,
1145 988 1199 1032 et
1243 992 1498 1046 responsa
1530 977 1809 1045 reddente,

231 1084 287 1129 et
316 1074 590 1129 indicante
618 1071 872 1141 pecunias
898 1085 1020 1126 esse
1046 1085 1142 1138 pro
1168 1070 1330 1125 melle
1360 1071 1411 1123 in
1443 1070 1608 1135 vasis,
1635 1069 1814 1124 statim

233 1180 361 1220 vere
413 1163 559 1218 mitis
615 1173 796 1232 pastor
838 1161 982 1215 misit
1024 1161 1073 1216 ei
1111 1175 1270 1216 unam
1315 1160 1677 1230 lagunculam,
1717 1173 1812 1213 su-

233 1255 588 1326 perscriptam
628 1269 734 1308 ιιει.
776 1267 1045 1315 ορτιιιυιι,
1086 1251 1288 1307 faciens
1326 1253 1377 1306 ei
1413 1262 1468 1307 et
1503 1253 1809 1322 pittacium,

233 1346 520 1400 continens
545 1345 616 1400 ita
642 1361 658 1401 :
696 1363 715 1396 ι
745 1343 1000 1398 Dominus
1023 1345 1114 1413 qui
1141 1343 1273 1398 dixit
1297 1361 1312 1397 :
1338 1343 1454 1399 Non
1486 1354 1539 1399 te
1566 1344 1809 1400 deseram

232 1451 409 1506 neque
447 1435 810 1503 derelinquam
857 1432 1046 1505 (Hebr.
1068 1448 1199 1501 xm;
1229 1433 1344 1488 los.
1375 1435 1445 1502 1),
1489 1435 1608 1490 sine
1657 1450 1810 1489 men-

230 1532 386 1586 dacio
411 1539 531 1594 est;
561 1541 612 1584 et
648 1530 788 1583 Deus
826 1543 1016 1594 verus;
1048 1528 1246 1583 idcirco
1277 1529 1442 1582 Deum
1462 1567 1478 1592 ,
1519 1527 1608 1597 qui
1639 1525 1812 1581 omni-

231 1623 332 1678 bus
360 1634 542 1674 escam
574 1627 628 1673 et
657 1620 816 1672 vitam
846 1618 1076 1687 prabet,
1106 1617 1266 1671 homo
1294 1617 1652 1685 corruptibilis
1678 1631 1809 1670 con-

231 1712 498 1778 stringere
531 1725 635 1762 non
669 1719 860 1777 potest.
894 1707 1043 1762 Vale.
1067 1727 1086 1760 ι
1116 1708 1375 1777 Praecepit
1397 1716 1574 1763 autem
1604 1708 1809 1763 abeun-

233 1802 373 1854 tibus
416 1808 471 1853 et
516 1798 847 1867 portantibus
882 1797 1249 1866 lagunculam,
1292 1809 1350 1853 ut
1392 1798 1628 1854 dicerent
1657 1801 1705 1854 ei
1753 1808 1810 1853 ut

233 1898 354 1943 ante
380 1903 442 1942 se
471 1887 671 1941 faceret
698 1901 815 1942 eam
844 1888 1072 1955 aperiri,
1102 1897 1156 1943 et
1186 1887 1424 1942 dicerent
1451 1889 1500 1942 ei
1527 1891 1664 1957 quod
1694 1907 1810 1942 ιιιιι-

1920 713 2083 766 multa
2127 727 2256 766 cura
2300 722 2354 767 et
2389 713 2629 766 oratione
2679 711 2834 766 beato
2866 724 3266 782 perseverante,
3317 717 3491 772 sensit

1917 803 2133 871 quidam
2171 803 2403 857 civitatis
2455 802 2720 856 habitator
2759 818 2875 856 eam
2907 818 3027 872 qua:
3057 805 3488 863 circumdederat

1914 892 2311 946 sanctissimum
2343 892 2490 946 illum
2528 893 2830 946 ariditatetn
2875 903 2928 947 et
2962 894 3323 949 omnitnodani
3356 912 3486 967 ege-

1914 988 2105 1034 statem
2132 998 2146 1033 :
2174 980 2414 1050 bigamus
2453 983 2708 1046 existens,
2759 981 3027 1036 desiderat
3055 983 3313 1040 diaconus
3357 1001 3484 1040 san-

1914 1083 2012 1127 cta!
2043 1075 2278 1128 ecclesize
2305 1075 2441 1128 fieri.
2469 1075 2533 1128 Et
2566 1089 2660 1143 per
2698 1073 3068 1130 necessitatem
3091 1091 3210 1145 quae
3241 1087 3481 1140 sanctum

1915 1164 2144 1233 undique
2173 1163 2636 1227 circumdederat,
2667 1167 2878 1220 volebat
2918 1167 3143 1220 suadere
3191 1167 3239 1220 ei
3266 1179 3320 1221 ut
3361 1180 3486 1222 eum

1912 1262 2282 1318 consecraret;
2317 1253 2544 1320 fecitque
2566 1257 2613 1306 el
2635 1253 3086 1323 deprecationem,
3115 1257 3483 1311 continentem

1911 1343 1980 1400 ita
2009 1344 2085 1415 (in
2109 1343 2249 1398 facie
2292 1343 2488 1412 quippe
2527 1344 2577 1397 ei
2619 1359 2726 1397 non
2766 1344 2994 1398 audebat
3036 1346 3141 1400 tale
3165 1347 3360 1412 aliquid
3400 1347 3478 1401 di-

1911 1434 2058 1506 cere)
2083 1451 2097 1489 :
2128 1452 2147 1486 t
2176 1435 2526 1490 Sanctissimo
2543 1443 2598 1489 et
2620 1445 2698 1488 ter
2721 1435 2876 1488 beato
2901 1434 3042 1489 Patri
3062 1447 3268 1505 patrum
3292 1435 3484 1491 Joanni

1911 1527 2110 1581 vicario
2132 1525 2356 1590 Christi,
2389 1525 2694 1592 deprecatio
2714 1535 2768 1577 et
2800 1525 3086 1590 postulatio
3106 1542 3136 1579 a
3157 1526 3346 1580 Cosma
3368 1527 3485 1597 (40)

1911 1615 2130 1684 indigno
2159 1631 2315 1670 servo
2337 1631 2613 1669 servorum
2637 1615 2934 1668 sanctitatis
2962 1626 3173 1669 vestrae.
3209 1617 3482 1681 Ediscens,

1913 1707 2252 1761 sanctissime
2281 1705 2518 1772 domine,
2548 1719 2666 1774 quae
2697 1705 2903 1758 obtinet
2929 1705 3295 1760 honorandum
3331 1713 3489 1774 caput

1913 1806 2059 1851 tuutn
2088 1797 2380 1851 secundum
2411 1796 2819 1864 permissionem
2849 1795 2964 1859 Dei,
2998 1797 3103 1849 imo
3135 1811 3229 1864 pro
3260 1797 3490 1864 peccatis

1911 1889 2130 1954 nostris,
2179 1902 2422 1942 escarum
2457 1889 2756 1955 penuriam,
2801 1902 2904 1940 non
2931 1889 3130 1954 justum
3181 1888 3488 1942 existimavi

235 1995 331 2032 nes
358 1991 495 2046 quas
534 1977 738 2031 viderat
765 1975 964 2031 deferri
1001 1979 1308 2046 lagunculas
1365 1980 1599 2046 pecuniis
1629 1989 1808 2033 essent
1842 1974 1888 2033 B
1915 1993 2098 2032 servus
2130 1991 2271 2046 tuus,
2317 1980 2373 2031 in
2407 1978 2699 2032 refectione
2739 1981 3070 2041 conversari,
3103 1978 3318 2031 domino
3369 1995 3488 2032 meo

235 2081 330 2136 pro
357 2070 521 2122 melle
548 2069 781 2136 repletae.
805 2067 1038 2138 Contigit
1118 2076 1250 2134 ergo
1323 2067 1548 2124 sedente
1617 2082 1684 2124 eo
1747 2072 1810 2124 ad

239 2176 512 2227 mensam,
543 2172 596 2214 ut
636 2162 968 2215 nuntiaretur
1009 2160 1196 2214 adesse
1233 2174 1327 2213 eos
1360 2161 1449 2228 qui
1482 2161 1809 2229 lagunculam

238 2251 548 2316 portabant,
596 2259 648 2304 et
694 2251 962 2318 pittacium
1009 2251 1344 2320 patriarchae.
1387 2252 1812 2305 Asceudentibus

239 2339 408 2404 itaque
457 2340 558 2399 eis,
589 2353 707 2391 cum
760 2339 978 2392 vidisset
1017 2354 1171 2391 unam
1205 2347 1406 2392 tantum
1441 2339 1808 2407 lagunculam,

235 2427 369 2481 dixit
407 2429 489 2481 cis
539 2429 791 2495 patricius
825 2447 835 2481 :
869 2427 1035 2483 Dicite
1076 2430 1124 2482 ei
1155 2445 1168 2483 :
1208 2429 1400 2491 Credo,
1430 2429 1667 2492 domine,
1701 2446 1812 2482 ma-

236 2534 385 2586 gnam
432 2519 759 2572 iracundiam
808 2523 1088 2574 adversum
1121 2536 1205 2575 me
1249 2523 1464 2583 retines.
1498 2538 1616 2575 nam
1653 2537 1810 2576 unam

237 2611 402 2662 solam
459 2626 568 2664 non
619 2615 857 2667 mitteres
906 2613 1056 2667 mihi.
1105 2614 1318 2667 'l‘radito
1362 2623 1537 2667 autem
1597 2615 1812 2681 pittacia

239 2701 453 2766 eodem,
489 2711 542 2754 et
582 2701 776 2756 bullam
809 2702 918 2771 (39)
951 2704 1378 2768 disSolventibus,
1413 2713 1464 2757 et
1501 2705 1812 2757 evacuinti-

239 2788 332 2842 bus
363 2807 547 2843 coram
593 2793 838 2846 omnibus
890 2796 1194 2858 pecuniam,
1227 2793 1438 2863 agnovit
1483 2804 1536 2847 et
1582 2794 1810 2862 reliquas

237 2881 564 2950 lagunculas,
603 2898 736 2951 quas
779 2884 938 2950 vidit,
984 2883 1227 2939 similiter
1273 2885 1456 2952 plenas
1501 2900 1639 2940 esse.
1675 2887 1808 2941 Cum

239 2984 359 3037 ergo
389 2972 610 3037 legisset
634 2970 772 3038 quod
803 2972 958 3024 homo
981 2973 1336 3041 corruptibilis
1360 2973 1522 3028 Deum
1548 2980 1814 3032 constrin-

239 3074 358 3128 gere
387 3075 496 3114 non
529 3072 740 3129 posset,
771 3076 1118 3131 eorupnnctus
1146 3064 1212 3118 de
1242 3081 1508 3127 sermone,
1539 3067 1709 3120 dixit:
1748 3068 1813 3120 Et

243 3151 358 3203 vivit
390 3153 670 3217 Dominus,
705 3169 874 3216 neque
906 3155 1084 3208 Niceza
1109 3157 1438 3225 constringet
1459 3173 1578 3211 eum
1601 3196 1616 3221 ,
1653 3162 1811 3210 homo

241 3246 428 3295 etenim
459 3257 508 3296 et
541 3244 652 3310 ipse
686 3255 928 3309 i‘eccator
955 3255 1008 3299 et
1038 3247 1396 3314 corruptibilis
1427 3258 1527 3301 est.
1563 3249 1627 3302 Et
1656 3249 1812 3301 relin-

1915 2071 1966 2124 in
1995 2069 2281 2122 subtilitate
2311 2067 2428 2137 (41)
2457 2067 2715 2121 manenti.
2749 2067 2882 2120 Sunt
2911 2069 3072 2136 igitur
3097 2069 3309 2136 indigno
3330 2083 3486 2122 servo

1916 2168 2004 2212 tuo
2038 2158 2287 2212 frumenti
2320 2161 2547 2210 ducenta
2577 2159 2738 2210 millia
2771 2157 3092 2223 modiorum,
3121 2167 3174 2212 et
3203 2161 3314 2212 auri
3341 2161 3488 2214 libra:

1912 2260 2124 2304 centum
2181 2251 2470 2318 octoginta,
2519 2251 2648 2318 quas
2700 2265 2826 2317 rogo
2873 2249 2985 2301 dari
3037 2250 3250 2303 Christo
3295 2267 3388 2318 per
3436 2263 3487 2304 te

1913 2341 2186 2394 dominum
2227 2356 2435 2393 meum:
2465 2349 2666 2392 tantum
2693 2355 2794 2409 ego
2820 2338 3064 2408 indignus
3097 2339 3148 2391 in
3193 2341 3486 2396 ministerio

1914 2431 2077 2484 vestri
2121 2430 2402 2483 diaconatu
2458 2428 2560 2482 frui
2593 2443 2825 2494 merear,
2870 2439 2928 2483 ut
2971 2445 3065 2498 per
3099 2431 3253 2483 talem
3285 2447 3403 2485 cum
3436 2442 3487 2485 te

1912 2521 2128 2577 domino
2179 2521 2344 2573 sancti
2399 2520 2582 2573 altaris
2628 2521 3096 2585 ministrationem,
3146 2523 3400 2575 emundet
3455 2539 3485 2576 a

1916 2620 2255 2680 peceatorum
2304 2625 2543 2663 meorum
2598 2609 2822 2662 luxuria.
2871 2609 3006 2662 Dicit
3044 2611 3187 2664 enim
3232 2625 3358 2664 vere
3393 2612 3485 2665 Dei

1915 2699 2232 2769 praedicator
2274 2709 2490 2752 sanctus
2520 2697 2824 2765 Aposwlns,
2856 2700 3106 2767 quoniam
3139 2715 3204 2753 ex
3247 2700 3485 2752 uecessi-
3552 2688 3556 2693 ’

1916 2801 2024 2844 tate
2065 2801 2118 2844 et
2159 2791 2287 2858 legis
2333 2789 2608 2842 translatio
2651 2791 2707 2840 fit
2733 2787 2922 2858 (Hebr.
2954 2790 3068 2858 VII).
3099 2807 3117 2840 ι
3155 2790 3276 2843 Ηωο
3316 2791 3486 2843 susci-

1915 2882 2067 2949 piens
2093 2879 2348 2932 divinitus
2397 2881 2632 2946 sapiens,
2666 2887 2718 2932 et
2748 2879 2918 2930 virum
2969 2882 3257 2942 advocatis,
3309 2881 3380 2930 ait
3419 2879 3484 2932 ad

1914 2988 2036 3028 eum
2064 2972 2175 3026 :Tu
2216 2988 2273 3025 es
2315 2971 2402 3040 qui
2443 2985 2625 3038 preces
2657 2971 2811 3023 nobis
2841 2985 2933 3036 per
2961 2975 3221 3024 notarium
3255 2978 3398 3024 tuum
3431 2978 3482 3026 el

1916 3061 2082 3118 filium
2121 3064 2352 3116 misisti?
2381 3064 2497 3127 Quo
2536 3063 2784 3114 dicente:
2818 3061 3008 3124 Etiam,
3053 3061 3286 3127 domine,
3343 3063 3484 3115 misit

1918 3170 2106 3210 omnes
2147 3155 2290 3208 foras
2342 3155 2527 3206 beatus
2575 3161 2631 3206 et
2686 3152 3242 3220 misericordissitnus,
3299 3151 3482 3204 nolens

1915 3262 2095 3300 Coram
2125 3247 2368 3298 omnibus
2400 3246 2541 3297 hunc
2565 3243 2912 3307 confundere,
2938 3251 2995 3296 et
3023 3243 3184 3309 cwpit
3211 3243 3388 3295 dicere
3419 3241 3482 3293 ad

240 3351 397 3405 quens
450 3351 570 3392 mox
620 3336 931 3406 prandium,
964 3346 1018 3395 et
1059 3352 1276 3394 sumens
1321 3352 1501 3394 secum
1549 3349 1810 3412 quotquot
1838 3341 1883 3402 ε
1917 3353 2035 3391 eum
2070 3335 2314 3389 :Oblatio
2359 3334 2570 3402 quidem
2633 3345 2717 3386 tua
2772 3333 2925 3386 valde
2967 3333 3109 3401 justa
3162 3340 3216 3386 et
3263 3331 3484 3397 tempori

241 3431 489 3494 peCunias
530 3432 596 3482 ab
628 3431 936 3486 honorando
979 3432 1135 3486 Patre
1177 3434 1498 3500 abstulerat,
1530 3445 1583 3487 et
1621 3436 1806 3502 lagun-

239 3522 402 3574 culam
440 3538 558 3589 quae
589 3523 656 3575 ab
684 3539 746 3575 oro
800 3525 1105 3577 transmissa
1149 3522 1348 3589 fuerat,
1385 3534 1437 3578 et
1464 3525 1530 3578 de
1559 3541 1655 3578 suo
1684 3540 1811 3578 cen-

241 3615 439 3665 tenaria
485 3615 616 3674 tria,
661 3614 1013 3681 apprehendit
1062 3613 1366 3668 huuoranda
1407 3613 1522 3684 ejus
1569 3618 1807 3683 vestigia,

242 3703 380 3754 nullo
412 3704 464 3754 in
499 3703 812 3770 obsequium
856 3705 1123 3770 proprium
1155 3713 1393 3770 sumpto;
1426 3704 1517 3758 sed
1550 3704 1601 3757 in
1634 3705 1805 3758 humi-

243 3793 384 3848 litate
417 3794 578 3846 multa
608 3795 924 3857 aseendens,
957 3796 1174 3864 rogabat
1200 3811 1351 3859 eum,
1383 3797 1532 3863 quasi
1567 3797 1689 3851 aliis
1715 3811 1808 3851 ac-

239 3888 544 3940 cosaz.tibus
583 3895 814 3946 motum.
851 3883 1230 3955 indulgentiam
1261 3902 1289 3941 a
1325 3889 1431 3940 Deo
1460 3898 1808 3957 exposceret,

239 3980 570 4031 satisfaciens
622 3979 668 4029 ei
728 3978 868 4045 quod
927 3980 1024 4031 etsi
1092 3979 1458 4046 paenitentiam
1514 3982 1560 4033 ei
1623 3981 1807 4047 daret,

239 4079 480 4136 prompte
507 4069 640 4121 hanc
669 4068 960 4136 susciperet
987 4079 1038 4121 et
1066 4068 1375 4122 custodiret.
1403 4070 1688 4125 Admirans
1716 4087 1810 4125 au-

241 4167 337 4209 tem
364 4159 795 4226 archiepiscopus
823 4160 1056 4212 velocem
1083 4159 1180 4212 viri
1211 4162 1648 4229 conversionem,
1679 4165 1810 4218 tnhil

239 4249 300 4302 de
330 4253 620 4304 commisso
649 4264 970 4318 conquestus
996 4263 1104 4312 est,
1133 4252 1225 4304 sed
1267 4261 1321 4304 et
1351 4254 1518 4321 magis
1557 4254 1811 4308 consola-

238 4340 386 4395 batur
418 4358 536 4393 cum
572 4341 748 4395 verbis
793 4343 1066 4394 cOtiSulato
1100 4343 1182 4394 iis.
1216 4343 1363 4395 Talis
1403 4350 1581 4397 autem
1624 4345 1806 4399 ambo-

239 4443 349 4483 rum
393 4432 707 4484 confiimata
742 4443 821 4484 est
851 4446 913 4484 ex
947 4441 1069 4484 tunc
1099 4448 1128 4484 a
1161 4432 1268 4484 Dco
1294 4431 1549 4500 Charitas,
1578 4445 1632 4486 ut
1660 4450 1808 4488 com-

241 4531 381 4587 pater
413 4523 698 4589 supradicti
733 4522 881 4574 fieret
910 4521 1139 4589 patricii.

305 4611 434 4666 CAP.
461 4612 574 4666 XII.
597 4642 667 4651 —
689 4612 789 4678 Qui
820 4613 1086 4665 Abraham
1112 4613 1162 4664 in
1202 4613 1301 4665 hoc
1325 4612 1462 4681 quod
1493 4614 1810 4682 expediebat

1917 3427 2239 3489 necessaria,
2268 3424 2362 3481 sed
2396 3428 2660 3480 maculosa
2700 3435 2811 3492 est;
2837 3433 2891 3478 et
2932 3423 3067 3476 nosti
3094 3423 3231 3490 quod
3268 3424 3317 3475 in
3346 3423 3488 3492 Lege

1913 3529 2028 3578 ovis
2045 3527 2155 3578 sive
2189 3540 2368 3591 parva,
2401 3525 2515 3577 sive
2557 3538 2762 3590 magna,
2799 3522 2896 3574 nisi
2931 3522 3266 3573 immaculata
3315 3531 3483 3584 esset,

1915 3633 2019 3670 non
2057 3617 2110 3668 in
2157 3615 2475 3669 sacrificium
2521 3613 2844 3666 offerebatur
2870 3611 3055 3681 (Levii.
3087 3610 3216 3678 xxii)
3243 3626 3258 3674 ;
3289 3616 3343 3663 et
3371 3611 3488 3663 ideo

1916 3710 1981 3762 ad
2037 3708 2354 3760 sacrificium
2393 3707 2522 3759 Cain
2578 3721 2681 3758 non
2742 3712 2972 3770 respexit
3014 3703 3151 3756 Deus
3193 3701 3351 3773 (Cen.
3384 3701 3485 3770 tv).

1913 3799 2172 3864 Quoniam
2202 3813 2328 3851 vero
2358 3797 2560 3861 dixisti,
2596 3795 2776 3859 frater,
2812 3795 2950 3862 quod
2983 3810 3045 3848 ex
3075 3796 3391 3847 necessitate
3430 3803 3484 3848 et

1913 3893 2047 3962 legis
2077 3891 2352 3944 translatio
2383 3891 2492 3953 fiat,
2518 3889 2584 3943 de
2616 3890 2730 3958 lege
2757 3889 2920 3943 veteri
2966 3889 3062 3941 hoc
3091 3887 3217 3942 dicit
3252 3889 3484 3954 Aposto-

1914 3985 2032 4050 lus;
2063 3999 2182 4038 nam
2213 3983 2479 4052 quomodo
2527 3985 2599 4035 ait
2631 3981 2792 4035 frater
2824 3981 3028 4036 Domini
3062 3980 3310 4043 Jacobus,
3343 3979 3484 4048 quod

1914 4078 2214 4146 quicunque
2244 4073 2607 4128 observaverit
2644 4084 2802 4126 totam
2835 4073 3024 4142 legem,
3057 4069 3482 4124 oflendatautem

1915 4169 1968 4240 in
1996 4181 2123 4231 uno,
2149 4166 2318 4220 factus
2339 4174 2421 4219 est
2446 4165 2680 4217 omnium
2708 4179 2830 4218 reus
2853 4165 2988 4232 (Jac.
3018 4159 3116 4231 n)?
3145 4163 3218 4216 De
3236 4162 3486 4216 fratribus

1915 4273 2043 4313 vero
2075 4257 2210 4312 meis
2236 4255 2418 4325 egenis
2445 4264 2499 4310 et
2527 4255 2594 4309 de
2615 4262 2798 4308 sancta
2832 4255 3086 4316 Ecclesia,
3115 4255 3251 4307 Deus
3281 4255 3369 4323 qui
3392 4267 3486 4308 eos

1915 4351 2135 4406 nutrivit
2183 4357 2310 4403 ante
2337 4363 2496 4417 quam
2543 4361 2642 4417 ego
2683 4357 2738 4400 et
2775 4355 2830 4400 tu
2873 4360 3235 4410 nasceremur,
3280 4346 3392 4413 ipse
3436 4355 3487 4400 et

1915 4457 2056 4496 nunc
2096 4442 2294 4494 nutriet
2321 4453 2450 4499 eos;
2486 4447 2710 4502 tantum,
2735 4439 2776 4490 si
2827 4451 3101 4491 sermones
3141 4435 3258 4504 ejus
3287 4436 3486 4490 illaesos

1916 4532 2344 4586 custodierimus.
2396 4528 2490 4581 Ille
2536 4527 2677 4581 enim
2735 4527 2821 4594 qui
2874 4537 2999 4580 tunc
3043 4525 3276 4593 quinque
3323 4538 3487 4592 panes

1916 4621 2288 4690 multiplicavit
2327 4617 2506 4689 (Joan.
2539 4620 2638 4686 vr),
2675 4625 2845 4683 potest
2875 4624 2927 4669 et
2951 4615 3133 4668 decem
3164 4613 3338 4668 horrei
3370 4613 3482 4668 mei

239 4707 481 4773 tentavit,
508 4716 563 4758 ut
592 4704 709 4774 ejus
741 4704 900 4757 fidem
946 4705 1048 4758 soli
1082 4705 1190 4758 Deo
1230 4707 1495 4775 cognitam
1530 4708 1810 4760 universus
1845 4711 1888 4768 ι)
1917 4712 2110 4767 modiis
2140 4709 2479 4765 benedicere.
2509 4709 2842 4775 QuaprOpter
2863 4707 2987 4759 illud
3017 4706 3137 4759 dico
3177 4706 3241 4759 ad
3283 4715 3352 4770 te,
3388 4704 3483 4771 fili,

240 4798 464 4852 mundus
505 4799 719 4851 discens
769 4797 1064 4850 imitaretur
1089 4796 1240 4858 (Gen.
1285 4801 1439 4864 xxii),
1490 4799 1714 4851 tentavit
1756 4810 1811 4852 ct

241 4889 636 4944 memorabilem
685 4889 842 4941 istum
884 4889 1166 4942 Joannem.
1217 4890 1403 4942 Modus
1453 4900 1631 4943 autem
1670 4891 1812 4943 illius

242 4980 543 5034 tentationis
613 4980 783 5034 forma
846 4981 1085 5033 utilitatis
1133 4983 1332 5034 sanctis
1399 4981 1516 5048 ejus
1570 4983 1811 5036 ecclesiis

241 5072 462 5127 exstitit.
502 5071 592 5125 Est
637 5082 813 5124 autem
843 5073 1008 5124 forma
1052 5071 1204 5124 Ιιίιεεε
1239 5071 1598 5126 [inaestimabili
1637 5073 1813 5124 multi-

243 5160 422 5215 tudine
453 5161 766 5230 fugientium
816 5178 844 5214 a
897 5162 1099 5224 Persis,
1140 5165 1275 5215 sicut
1301 5164 1410 5230 jam
1449 5165 1648 5218 dictum
1682 5165 1811 5233 (Su-

243 5268 331 5318 pra
354 5269 400 5311 c.
434 5252 511 5324 6),
554 5264 606 5308 et
647 5254 965 5307 adveniente
1001 5254 1398 5320 Alexandriam,
1450 5267 1500 5308 et
1531 5256 1813 5313 sterilitate

243 5347 403 5400 multa
432 5348 677 5401 ciborum
727 5348 882 5410 facta,
930 5363 994 5401 eo
1043 5347 1182 5415 quod
1234 5363 1336 5400 non
1378 5349 1583 5402 subiret
1621 5351 1814 5405 fluxius

244 5434 387 5490 Nilus
415 5438 708 5494 secundum
741 5437 1204 5501 consuetudinem,
1235 5448 1288 5492 et
1309 5455 1440 5492 auro
1470 5450 1663 5494 cuncto
1691 5457 1814 5494 ero-

243 5537 361 5592 gato
404 5530 543 5598 quod
590 5530 901 5597 possederat
947 5528 1273 5595 patriarcha,
1326 5531 1490 5594 misit,
1534 5542 1588 5584 et
1626 5543 1811 5584 mutuo

243 5621 442 5690 accepit
470 5637 500 5675 a
529 5621 712 5676 multis
744 5621 1109 5689 pliilochristis
1149 5621 1288 5674 circa
1332 5621 1519 5676 decem
1558 5632 1812 5677 centena-

245 5708 342 5765 ria.
375 5713 442 5766 Et
473 5713 554 5766 his
582 5712 773 5766 iterum
816 5711 1174 5779 consumptis,
1221 5721 1275 5767 et
1309 5712 1484 5768 adhuc
1510 5713 1649 5769 fame
1693 5731 1812 5768 ina-

247 5815 424 5875 nente,
457 5818 513 5862 et
551 5807 618 5867 de
659 5818 857 5862 caetero
887 5819 1127 5866 tnutunm
1156 5809 1285 5864 dare
1313 5811 1360 5864 ei
1393 5810 1536 5863 nullo
1581 5810 1812 5872 volente.

250 5900 339 5954 sed
364 5902 607 5957 omnibus
636 5900 982 5972 pertinaciam
1012 5903 1168 5958 fatuis
1197 5904 1528 5968 timentibus,
1558 5913 1608 5958 ct
1637 5918 1816 5957 ncces-

1916 4805 2059 4872 quod
2102 4803 2152 4856 in
2195 4800 2424 4855 Actibus
2463 4800 2825 4866 apostolorum
2875 4798 3073 4852 dictum
3102 4806 3182 4850 est
3213 4815 3226 4850 :
3252 4797 3364 4850 Non
3406 4805 3486 4851 est

1913 4896 2010 4950 tibi
2041 4896 2214 4960 portio
2244 4905 2418 4960 neque
2451 4887 2734 4944 haereditas
2763 4890 2814 4941 in
2857 4888 2954 4942 hac
2988 4897 3137 4954 parte
3173 4889 3310 4959 (Act.
3341 4889 3480 4955 vin).

1913 4987 2150 5056 Cumque
2177 4988 2318 5038 hunc
2344 4983 2550 5036 tristem
2581 4992 2634 5034 et
2660 4981 2776 5035 sine
2805 4980 2996 5036 effectu
3017 4980 3326 5044 dimisisset,
3351 4996 3485 5033 nun-

1915 5077 2076 5131 tiatur
2095 5076 2143 5130 ei
2169 5075 2300 5129 duas
2333 5073 2583 5126 Ecclesiae
2615 5085 2924 5139 magnarum
2956 5072 3166 5125 navium
3197 5071 3263 5124 ad
3288 5081 3483 5124 terram

1917 5183 2038 5222 esse
2083 5167 2393 5223 submissas,
2441 5179 2572 5230 quas
2627 5162 2843 5216 miserat
2889 5162 2939 5215 in
2991 5161 3224 5218 Siciliain
3271 5175 3489 5230 propter

1918 5260 2265 5312 frumentum.
2299 5256 2409 5309 lloc
2448 5265 2622 5308 autent
2667 5255 2890 5306 audiens
2920 5253 3010 5307 ille
3037 5254 3245 5319 beatus,
3287 5253 3490 5307 cadens

1921 5351 1977 5402 in
2023 5360 2244 5410 terram,
2297 5346 2497 5415 gratias
2544 5345 2650 5413 egit
2691 5342 3038 5411 omnipotenti
3097 5343 3224 5408 Deo,
3261 5342 3484 5397 dicens:

1918 5441 2130 5495 Gratias
2157 5439 2334 5494 refero
2364 5439 2480 5503 tibi,
2517 5436 2757 5501 Domine,
2780 5436 3030 5505 qu0uiam
3063 5451 3167 5489 non
3193 5437 3484 5505 permisisti

1919 5547 2076 5585 servo
2109 5543 2198 5584 tuo
2226 5530 2462 5598 pecuniis
2492 5528 2720 5582 vendere
2761 5527 2992 5596 gratiam
3024 5535 3188 5580 tuam.
3224 5526 3358 5582 Vere
3403 5527 3480 5580 iu-

1914 5623 2188 5691 quirentes
2232 5633 2303 5684 te,
2337 5621 2576 5682 Domine,
2617 5627 2672 5672 et
2713 5625 2912 5672 sanctae
2953 5617 3210 5672 Ecclesia:
3253 5629 3355 5672 tua:
3397 5634 3484 5675 re-

1913 5715 2066 5785 gulas
2151 5711 2555 5775 custodientes,
2619 5727 2726 5766 non
2800 5706 3058 5763 deficient
3155 5712 3297 5766 omni
3339 5713 3372 5766 b
3412 5729 3481 5768 no

1917 5806 2090 5869 (Psal.
2123 5810 2336 5872 xum).

1987 5899 2115 5953 Cu».
2150 5895 2287 5951 χιιι.
2313 5923 2373 5936 -—-
2400 5893 2722 5961 Quibusdam
2773 5895 2978 5950 duobus
3023 5895 3227 5951 clericis
3279 5895 3331 5949 in
3374 5895 3485 5949 enl-
