3976 6480
497 466 633 525 £697
1554 460 1829 518 LEONTII
1869 459 2336 518 NEAPOLITANI
2377 460 2685 515 El’lSCOPI
3596 462 3715 523 £6.23

519 590 635 639 pam
664 574 997 638 cadentibus,
1029 575 1126 627 hoc
1156 585 1255 635 est,
1289 588 1500 626 manum
1534 574 1584 625 in
1615 576 1923 627 alterutrum
1955 571 2076 633 iuji-
2108 576 2147 630 Α
2249 567 2377 622 Car.
2425 569 2563 622 XIV.
2588 599 2656 609 —-
2678 569 2870 623 Deifet-i
2913 567 3122 636 quidam
3169 578 3475 627 sanctorum
3520 573 3706 633 Patrum

514 664 797 730 cientibus,
833 668 928 718 hos
956 664 1431 720 exc0tnntunictvit
1475 668 1728 720 Canonice
1760 681 1850 733 per
1878 663 2076 730 aliquot

2204 659 2290 727 47)
2320 660 2603 713 dixerunt:
2630 661 2951 729 Angelorum
2991 663 3204 729 quidem
3227 671 3313 717 est
3347 664 3631 722 nullatenus
3655 669 3707 722 li-

516 756 653 808 nies.
687 752 887 807 llorum‘
918 755 1130 822 quidem
1167 769 1300 805 unus
1329 753 1552 807 libenter
1583 754 1813 821 suscepit
1836 752 2077 817 increpa-
2177 752 2361 815 tigare.
2393 750 2484 803 sed
2511 751 2561 803 in
2588 750 2890 807 omnimnda
2910 760 2961 804 et
2986 761 3237 819 perpetua
3261 767 3395 821 pace
3411 756 3709 823 consistere;

517 845 739 910 tionem,
770 853 824 903 et
851 844 1095 912 cognovit
1136 845 1344 910 culpam
1373 858 1520 894 suam
1548 858 1563 906 ;
1591 844 1724 895 alter
1767 855 1894 893 vero
1929 839 2080 891 mali-
2180 839 2452 891 hominum
2486 854 2617 893 vero
2642 849 2726 894 est
2772 839 3020 893 altercari
3044 840 3280 908 quidem,
3313 842 3409 899 sed
3454 845 3619 897 statim
3645 862 3713 902 re-

517 938 685 989 tiesus
711 936 967 997 existens,
998 932 1231 1000 gaudens
1260 943 1583 1000 praeceptum
1611 930 1865 998 suscepit.
1913 928 2079 981 Occa-
2176 928 2492 993 conciliari;
2542 929 2842 991 daemonum
2892 939 3068 987 autem
3108 942 3184 983 ρει
3216 932 3447 1000 litigare,
3481 944 3533 987 et
3570 942 3711 990 totum

516 1032 720 1079 sionem
750 1026 889 1079 enim
914 1026 1186 1094 quaerebat
1211 1026 1395 1085 miser,
1425 1038 1493 1076 ne
1519 1022 1885 1090 ingrederetur
1909 1020 2081 1072 eccle-
2177 1015 2315 1068 (Ιίιιιιι
2348 1018 2574 1071 transire
2601 1017 3054 1073 inreconciliatos.
3090 1018 3201 1079 Hoc
3230 1031 3507 1088 propterea
3536 1027 3712 1091 prafati

516 1130 669 1181 suam,
702 1118 794 1169 sed
820 1114 1083 1169 licentiam
1109 1115 1327 1167 haberet
1355 1113 1735 1180 perseverandi
1758 1113 1809 1165 in
1838 1110 2078 1164 nefandis
2176 1121 2378 1172 sumus,
2408 1121 2673 1164 amatores
2699 1107 2918 1175 Christi,
2951 1121 3167 1180 prepter
3207 1125 3525 1180 prasentem
3558 1133 3711 1172 narra-

516 1206 719 1257 actibus
755 1206 885 1256 suis.
929 1203 1258 1255 lrascebatur
1279 1211 1457 1255 autem
1503 1209 1688 1254 contra
1720 1209 1957 1253 sanctum
1992 1213 2082 1265 pa-
2187 1196 2406 1251 tionem.
2459 1198 2663 1265 Placuit
2712 1200 2832 1263 huic
2871 1200 3158 1269 aliquando
3220 1204 3422 1268 nobili,
3470 1220 3570 1258 una
3613 1223 3715 1263 cum

521 1292 830 1354 triarcham,
887 1303 940 1344 et
992 1300 1246 1359 quantum
1300 1290 1352 1342 in
1412 1303 1469 1356 se
1498 1297 1636 1353 erat,
1684 1288 1986 1341 minabatur
2033 1285 2088 1345 ei.
2178 1297 2591 1342 commemorato
2618 1288 2799 1345 Niceta
2830 1292 3072 1358 patricio,
3112 1292 3180 1346 de
3198 1294 3428 1371 quadam
3457 1296 3716 1363 publicare

519 1391 734 1430 nocere.
781 1376 1004 1443 Quidam
1046 1392 1170 1427 vero
1213 1375 1482 1436 dicebant,
1530 1383 1583 1427 el.
1624 1373 1792 1438 ipsum
1835 1386 1954 1425 esse
1994 1370 2084 1437 qui

2204 1380 2448 1434 tltercari.
2494 1381 2679 1436 Modus
2719 1393 2895 1445 autem
2938 1384 3093 1452 litigii
3138 1370 3253 1438 erat
3303 1385 3459 1451 talis;
3510 1403 3717 1444 necessa-

520 1468 825 1533 pl'ttdidel‘al.
866 1466 1113 1532 pecunias
1148 1465 1396 1518 ECCIt'SiH‘.
1425 1463 1489 1516 ad
1530 1463 1803 1531 patricium
1846 1461 2082 1515 Nicetam
2182 1473 2320 1525 rium
2361 1481 2444 1525 εει
2472 1474 2612 1526 enim
2644 1472 2842 1538 dicere,
2893 1489 3013 1537 cum
3045 1474 3113 1527 sit
3142 1475 3342 1537 animm
3371 1476 3514 1531 utilis
3538 1493 3550 1530 ε
3577 1478 3707 1532 Pam.

516 1561 533 1625 (
561 1574 703 1640 ειη).7
738 1574 783 1609 c.
818 1557 928 1627 ll),
963 1572 1095 1626 quas
1124 1569 1175 1609 et
1218 1558 1390 1624 rapuit
1419 1572 1599 1620 manu,
1631 1567 1689 1609 ut
1717 1554 2091 1624 praescriptum,

2204 1567 2296 1617 rius
2324 1565 2536 1633 quidem
2569 1565 2853 1632 disponere
2901 1567 3115 1627 volebat
3144 1566 3318 1620 forum
3362 1578 3572 1636 propter
3598 1568 3717 1624 lucra

517 1658 620 1703 est.
645 1649 954 1703 Nuntiatum
980 1658 1061 1702 est
1087 1649 1243 1719 igitur
1267 1649 1409 1717 quod
1433 1648 1520 1701 ille
1551 1647 1672 1701 ntali
1704 1662 1910 1701 memor
1935 1648 2087 1700 mali-
2184 1655 2428 1722 publica;
2465 1656 2763 1723 patriarcha
2792 1668 2971 1711 autem
2998 1657 3047 1710 id
3072 1672 3175 1711 non
3208 1658 3529 1725 patiebatur,
3550 1674 3716 1729 paupe-

520 1739 644 1792 liam
692 1748 1010 1804 reservaret,
1040 1746 1095 1791 el.
1144 1755 1248 1791 nun
1288 1746 1490 1791 rectam
1522 1753 1646 1806 erga
1687 1738 1899 1791 beatum
1945 1736 2087 1790 hunc
2185 1761 2301 1798 rnm
2332 1746 2386 1798 in
2431 1746 2530 1799 hoc
2558 1761 2848 1814 procurans
2887 1748 3138 1800 salutem.
3167 1748 3392 1801 Multum
3419 1763 3543 1816 ergo
3565 1763 3717 1806 contra

518 1833 843 1881 voluntatem
877 1827 1118 1881 haberet.
1148 1827 1244 1881 Ille
1269 1838 1451 1881 autem
1482 1842 1604 1881 vere
1633 1839 1831 1894 pastor,
1878 1841 2082 1880 memor
2186 1847 2245 1885 se
2272 1844 2476 1887 secreto
2516 1835 2902 1888 contendentes
2928 1834 3069 1905 (48),
3102 1845 3156 1888 et
3194 1835 3515 1891 inllexibiles
3541 1853 3720 1894 manen-

520 1916 647 1972 dicti
713 1919 854 1972 illius
882 1936 894 1971 :
921 1920 1049 1982 Quis
1088 1918 1409 1981 inﬁrmatur,
1457 1929 1510 1972 et
1561 1934 1658 1988 ego
1700 1935 1817 1979 non,
1845 1920 2084 1972 inﬁtmor
2116 1917 2160 1977 Β
2191 1930 2287 1987 tes,
2323 1932 2661 1976 recesserunt
2700 1924 2856 1976 ambo
2887 1924 2954 1976 ab
2982 1924 3205 1977 invicem
3233 1924 3359 1978 irati
3394 1935 3448 1978 et
3472 1925 3715 1982 irreconci-

519 2010 606 2084 (II
641 2013 758 2066 Cor.
797 2013 912 2080 XI)?
959 2020 1014 2066 et
1063 2013 1293 2065 iterum:
1324 2011 1427 2065 \ios
1483 2012 1572 2079 qui
1619 2020 1861 2080 potentes
1911 2012 2040 2066 estis
2065 2052 2079 2075 ,
2187 2010 2317 2063 liati.
2351 2011 2479 2064 Erat
2517 2023 2691 2065 autem
2721 2012 2849 2067 hora
2878 2014 3082 2082 quinta,
3125 2024 3179 2068 et
3199 2015 3417 2082 quidem
3447 2019 3717 2082 patriarcha:

515 2108 723 2162 debetts
771 2108 1108 2161 infirmitates
1151 2108 1522 2176 impotentium
1574 2119 1788 2175 portare
1819 2106 1962 2179 (Gal.
1996 2122 2084 2173 vt;
2187 2112 2303 2154 erat
2346 2102 2636 2170 refragatio
2678 2111 2733 2156 et
2760 2103 3061 2157 amaritudo
3086 2119 3180 2172 pro
3218 2108 3475 2159 mandato
3502 2106 3609 2173 Dei,
3646 2124 3718 2178 pa-

518 2198 672 2252 Bom.
705 2200 815 2267 xv),
849 2200 1015 2252 voluit
1047 2198 1187 2251 hunc
1208 2200 1491 2262 accersit;e,
1525 2209 1579 2252 et
1618 2178 1873 2252 decenter
1899 2178 2102 2251 adnth
2191 2193 2326 2245 lricii
2392 2201 2567 2245 autem
2610 2203 2825 2261 propter
2864 2194 3171 2261 pecuniaria
3201 2194 3353 2248 lucra
3383 2207 3516 2252 erat.
3552 2197 3718 2253 Tamen

517 2302 667 2349 nere,
699 2297 751 2342 et
777 2290 986 2344 solvere
1013 2272 1133 2342 eum
1162 2288 1229 2339 ab
1268 2288 1848 2353 excommunicatione;
1882 2288 2092 2342 videbat
2189 2281 2265 2334 ait
2289 2282 2606 2350 ἱΙΙθΞυειιιεε
2636 2297 2808 2352 neque
2843 2299 2939 2352 pro
2986 2285 3319 2350 rationabili.
3359 2301 3528 2355 neque
3553 2304 3636 2356 pro
3660 2289 3718 2344 ir-

518 2380 660 2431 euim
694 2377 872 2444 lupum
905 2386 1186 2430 conantem
1233 2392 1421 2443 rapere
1461 2392 1637 2433 ovem.
1686 2378 2091 2444 Dispensalinne
2191 2370 2494 2425 rationabili
2539 2373 2820 2427 occasione
2840 2373 2999 2427 ‘debet
3031 2375 3190 2427 homo
3217 2376 3398 2430 irasci.
3436 2378 3719 2434 Adveniente

518 2481 648 2520 vero
680 2466 770 2519 Dei
798 2476 972 2520 actum
1000 2476 1081 2519 est
1105 2476 1162 2519 ut
1193 2466 1554 2520 inuetesceret
1581 2466 1827 2520 omnibus
1860 2466 2091 2533 patriar-
2191 2476 2321 2531 ergo
2350 2463 2482 2515 hora
2512 2461 2814 2527 undecima,
2858 2465 3075 2519 mandat
3116 2481 3210 2534 per
3238 2466 3716 2539 archipresbyterutn

520 2555 636 2609 chre
685 2556 964 2609 immemor
1007 2556 1131 2617 mali
1170 2556 1403 2609 animus.
1450 2555 1660 2608 Oblitus
1706 2564 1787 2609 e‘t
1828 2555 2093 2610 accersiri:
2192 2568 2294 2605 una
2332 2568 2451 2606 cum
2480 2553 2625 2607 clero
2648 2554 2948 2621 patriarcha
2976 2556 3203 2624 patricio
3242 2558 3348 2612 hoc
3388 2559 3590 2627 dignum
3630 2577 3719 2615 me-

520 2661 664 2710 eum,
698 2654 752 2700 et
777 2647 982 2700 solvere
1009 2646 1074 2698 ab
1108 2648 1683 2700 excommunicatione.
1717 2648 1850 2701 Cum
1877 2661 2001 2715 ergo
2024 2646 2091 2700 ad

521 2748 762 2792 sanctum
797 2740 1124 2791 lieutinicum
1154 2739 1293 2793 diem
1320 2739 1669 2805 pervenisset,
1717 2749 1768 2792 et
1797 2748 1981 2791 sancto
2011 2738 2092 2791 al-

516 2829 616 2882 tari
640 2829 894 2882 astitissct
915 2827 1049 2900 (42),
1075 2838 1131 2880 ut
1156 2829 1492 2882 incruentum
1517 2827 1834 2883 sacriﬁcium
1850 2810 2088 2893 olIerret,

428 2976 433 2983 ,
515 2919 622 2997 jam
678 2919 903 2973 diacono
950 2920 1248 2988 generalem
1307 2918 1601 2973 orationem
1657 2935 1792 2988 pene
1840 2934 2091 2974 consum-

518 3019 716 3072 mante,
748 3020 989 3062 sanctum
1045 3011 1216 3063 velum
1249 3011 1548 3064 exaltaturo
1577 3009 1716 3082 (4‘5),
1760 3011 1815 3065 in
1856 3020 2090 3065 mentem

518 3099 733 3153 malitiae
762 3100 1092 3163 immemoris
1124 3103 1263 3154 venit
1288 3118 1301 3165 ;
1333 3115 1386 3154 ct
1412 3101 1591 3155 statim
1633 3102 1795 3156 divini
1839 3102 2091 3170 praecepti
2198 3109 2307 3151 tum
2339 3098 2498 3152 hunc.
2524 3100 2690 3165 Quem
2723 3116 2842 3155 cum
2872 3103 3111 3168 vidisset,
3141 3106 3253 3158 ait:
3282 3105 3427 3160 Bene
3448 3107 3637 3170 venisti,
3660 3106 3716 3159 ﬁli

517 3194 827 3256 recnrdans,
855 3191 1142 3244 asserentis
1168 3209 1181 3245 :
1206 3190 1261 3245 Si
1294 3191 1453 3246 olfers
1497 3207 1690 3246 munus
1721 3202 1866 3247 tuum
1906 3193 1973 3247 ad
2009 3193 2090 3247 al-
2198 3187 2470 3251 Ecclesia},
2499 3189 2757 3243 obediens
2782 3190 2893 3244 voci
2923 3191 3039 3260 ejus
3063 3190 3280 3257 (Ep/tes.
3316 3193 3415 3263 tv).
3441 3194 3718 3250 Mittentibns

518 3291 652 3345 tare,
682 3291 734 3335 et
760 3281 828 3335 ibi
858 3281 1167 3337 recordatus
1199 3282 1384 3346 fueris,
1432 3286 1555 3353 quia
1581 3285 1744 3340 frater
1776 3293 1898 3340 tuus
1927 3286 2088 3340 habet
2117 3265 2160 3325 C
2198 3278 2359 3347 igitur
2401 3280 2658 3334 ambobus
2707 3290 3027 3336 melanoeam
3053 3282 3195 3354 (49),
3239 3292 3297 3339 et
3344 3286 3718 3354 amplexantibus

518 3370 715 3439 aliquid
769 3370 1048 3424 adversum
1121 3380 1213 3440 te,
1270 3373 1512 3440 relinque
1561 3373 1632 3427 ibi
1697 3390 1890 3430 munus
1940 3382 2090 3429 tuum
2195 3369 2533 3434 alterutrum,
2561 3370 2834 3425 sederunt.
2885 3373 2945 3425 Et
2975 3375 3221 3442 aperiens
3252 3389 3316 3428 os
3359 3389 3506 3429 suum
3534 3376 3717 3444 patriar-

522 3458 738 3529 (Matth.
771 3460 851 3531 v),
884 3470 1011 3526 etc.,
1038 3461 1245 3516 intimat
1272 3462 1500 3516 diacono
1527 3460 1739 3518 facienti
1771 3468 2086 3531 orationem,
2195 3460 2316 3526 cha,
2366 3460 2732 3516 dixil:Crede
2780 3462 2934 3528 mihi,
2980 3464 3218 3533 domine,
3264 3468 3369 3520 nisi
3403 3468 3520 3535 quia
3561 3468 3648 3521 vidi
3679 3476 3720 3520 te

519 3566 678 3617 quant
707 3550 964 3605 diaconus
1004 3552 1194 3606 solitus
1224 3552 1398 3606 facere
1428 3563 1562 3620 erat,
1593 3564 1651 3608 ut
1696 3555 2016 3623 reinciperet
2059 3571 2091 3610 a
2194 3552 2351 3607 valde
2399 3551 2709 3607 tribulatum
2753 3554 2820 3608 de
2859 3555 2980 3619 hoc,
3021 3557 3132 3626 jam
3173 3572 3282 3613 non
3338 3560 3607 3628 pigritarer
3642 3571 3717 3626 ego

519 3646 693 3713 capite
734 3643 883 3714 (44);
924 3656 979 3699 et
1026 3646 1068 3699 si
1100 3646 1425 3715 impleretur,
1468 3646 1659 3701 iterum
1694 3649 2092 3717 recapitularet,
2197 3647 2380 3700 venire
2409 3646 2474 3700 ad
2495 3648 2794 3701 claritatem
2831 3657 2994 3702 tuam.
3022 3649 3232 3704 Etenim
3269 3651 3523 3704 Dominus
3544 3660 3593 3704 et
3611 3649 3718 3704 Deus

523 3749 694 3804 usque
733 3738 858 3789 dum
904 3738 1172 3803 Ierveniat
1194 3736 1310 3808 ejus
1339 3719 1721 3793 sanctiﬁcatio:
1745 3740 1919 3795 Finxit
1948 3743 2091 3796 enim
2197 3745 2380 3791 nester
2411 3738 2522 3806 ipse
2570 3738 2829 3791 circuibat
2856 3737 3095 3793 civitates
3141 3747 3198 3792 et
3220 3740 3442 3793 castella
3469 3748 3518 3794 et
3552 3741 3715 3799 domos.

524 3841 604 3890 se,
637 3834 887 3893 tanquam
920 3829 963 3879 si
1002 3842 1123 3881 eum
1154 3830 1357 3883 ventris
1407 3830 1695 3884 necessitas
1724 3832 2091 3896 compulisset.
2194 3826 2460 3880 visitando
2484 3825 2746 3881 hemines.
2771 3828 3031 3882 Omnibus
3053 3837 3230 3882 autem
3257 3829 3549 3885 humilitate
3567 3831 3719 3883 summi

519 3917 588 3972 Et
617 3919 836 3972 veniens
879 3918 932 3972 in
976 3920 1291 3974 honorabile
1333 3921 1742 3976 cimiliarchium
1770 3922 1910 3992 (45),
1950 3922 2103 3991 misit,
2196 3918 2492 3973 sacerdons
2519 3919 2811 3987 aediﬁcetis,
2845 3930 2899 3974 et
2925 3919 3280 3974 admiratione
3311 3921 3512 3989 plenis,
3548 3934 3721 3990 respou-

519 4009 697 4062 statim
744 4008 853 4064 fere
895 4010 1077 4079 viginti
1128 4010 1596 4077 hebdomadarlos,
1648 4021 1947 4082 quaerentes
1983 4013 2094 4082 jam
2196 4008 2276 4062 dit
2315 4008 2383 4064 ad
2446 4025 2573 4065 eum
2626 4011 2939 4082 patricius:
2996 4010 3188 4077 Crede,
3212 4011 3393 4075 Pater,
3412 4011 3525 4078 quia
3547 4009 3721 4063 ulterius

519 4098 720 4153 dictum
759 4101 882 4153 mali
917 4101 1058 4155 modi
1107 4104 1357 4156 clericum
1389 4102 1525 4174 (46).
1558 4104 1788 4159 Intentio
1818 4104 1958 4158 enim
1994 4094 2093 4174 pa-
2200 4113 2308 4154 non
2338 4096 2550 4167 capient
2594 4114 2748 4153 aures
2791 4115 2923 4153 meae
2963 4115 3146 4154 eorum
3178 4103 3360 4165 verba,
3395 4103 3478 4169 qui
3517 4099 3723 4168 litigiosa

523 4191 686 4245 storis
709 4189 822 4246 haec
843 4199 980 4257 erat,
1004 4194 1331 4248 uteduceret
1352 4193 1419 4247 de
1441 4209 1537 4248 ore
1561 4195 1732 4248 leonis
1754 4210 1932 4250 ovem.
1959 4195 2099 4249 Deus
2199 4188 2331 4244 mihi
2372 4198 2661 4258 suggerunt
2699 4202 2805 4242 res.
2846 4188 2997 4243 Tunc
3035 4190 3249 4259 sapiens
3285 4191 3474 4244 doctor
3511 4191 3627 4244 dixit
3655 4189 3721 4241 ei'

523 4294 674 4348 vero,
709 4282 799 4348 qui
830 4281 1157 4337 voluntatem
1190 4279 1487 4338 timentium
1531 4299 1590 4338 se
1618 4282 1766 4349 facit,
1815 4285 1938 4340 fecit
1985 4299 2097 4354 prae
2201 4277 2395 4347 Crede,
2428 4279 2501 4332 ﬁli
2527 4287 2583 4333 et
2605 4277 2792 4345 frater,
2825 4279 2872 4333 si
2909 4281 3159 4335 omnibus
3205 4281 3288 4335 his
3313 4281 3619 4334 voluerimus
3639 4293 3725 4332 crc-

526 4357 773 4425 tnanibus
798 4372 1024 4425 inveniri
1053 4387 1176 4425 mox
1214 4372 1490 4427 clericum.
1525 4373 1588 4428 Et
1628 4373 1879 4428 veniente
1923 4389 2011 4440 eo,
2045 4383 2099 4427 et
2202 4371 2353 4436 dere,
2379 4371 2667 4425 multorum
2691 4380 3029 4441 peccatorum
3064 4372 3268 4426 erimus
3290 4373 3511 4437 domini,
3544 4374 3725 4424 maxime

525 4463 738 4517 veritati
787 4463 1145 4518 testimonium
1193 4466 1550 4533 perhibente,
1600 4464 1748 4535 prior
1796 4467 2095 4533 patriarcha
2200 4463 2254 4517 in
2298 4473 2538 4531 tempore
2569 4462 2691 4527 hoc,
2741 4464 2953 4531 quando
2984 4461 3108 4516 facti
3141 4451 3267 4516 sunt
3300 4463 3452 4516 multi
3500 4461 3724 4513 hominum

528 4568 663 4620 genu
711 4552 876 4617 ﬁexit,
928 4553 1397 4625 dicenszlndulge
1438 4555 1589 4622 mihi,
1644 4556 1828 4609 frater.
1889 4555 2100 4610 Veritus
2205 4555 2430 4609 invicem
2460 4554 2721 4608 odientes.
2764 4554 3029 4608 Multoties
3076 4558 3219 4608 enim
3270 4565 3324 4608 et
3375 4553 3499 4607 mihi
3540 4551 3723 4606 suadere

527 4659 655 4715 ergo
677 4643 816 4698 illius
846 4646 1159 4700 honorabile
1184 4646 1532 4714 pontiﬁcium,
1565 4656 1617 4700 et
1656 4662 1841 4700 eorum
1867 4647 1956 4715 qui
1981 4647 2101 4699 ade-
2133 4635 2181 4693 υ
2207 4654 2539 4700 tcntaverunt
2587 4646 2636 4698 hi
2688 4644 2779 4714 qui
2826 4645 3183 4714 suggerebant
3228 4644 3360 4697 mihi
3402 4642 3729 4709 diSpositiones

529 4744 651 4790 rant
676 4737 1031 4806 praesentiam,
1060 4738 1225 4806 magis
1250 4752 1378 4792 vero
1406 4737 1598 4792 timens
1615 4738 1874 4805 judicium
1908 4738 2019 4803 Dei,
2046 4747 2100 4792 et
2208 4751 2424 4800 rerum;
2467 4747 2519 4789 et
2566 4752 2685 4790 cum
2735 4736 2966 4791 facerem
3015 4752 3160 4804 smne
3208 4738 3391 4806 ﬁnem,
3440 4747 3496 4793 ut
3526 4735 3728 4791 seductus

530 4830 754 4884 horrens
785 4846 852 4886 ne
889 4833 1024 4885 forte
1067 4831 1419 4887 descenderet
1465 4833 1601 4898 ignis
1630 4833 1696 4885 de
1735 4835 1872 4887 caelo
1911 4833 2096 4886 eadem
2206 4826 2430 4890 fueram,
2466 4827 2801 4895 postmodum
2840 4828 2929 4880 alii
2961 4829 3175 4897 quidam
3220 4830 3566 4900 suggerebant
3608 4822 3727 4884 mihi,

534 4922 662 4974 hora
718 4930 773 4975 et
822 4932 1160 4977 consumeret
1211 4938 1357 4988 eum,
1415 4922 1681 4977 videntem
1734 4922 2098 4976 honorandum

528 5013 675 5069 illaut
716 5014 964 5067 canitiem
1015 5013 1158 5066 humi
1196 5013 1482 5082 iacentem,
1530 5030 1667 5084 genu
1702 5014 1848 5069 ﬂexit
1888 5025 1940 5069 et
1966 5016 2099 5082 ipse,

530 5115 717 5174 petens
748 5105 957 5158 veniam
989 5114 1043 5156 et
1069 5106 1510 5159 misericordiam.
1547 5107 1616 5160 Et
1643 5108 1853 5160 dicente
1880 5106 2103 5176 patriar-

528 5196 669 5248 cha:
700 5195 838 5247 Deus
870 5195 1027 5248 nobis
1073 5196 1321 5248 omnibus
1352 5197 1641 5266 indulgeat,
1675 5206 2024 5251 surrexerunt
2052 5205 2106 5251 ct

530 5285 755 5355 ingressi
805 5297 928 5339 sunt
958 5286 1115 5340 ambo
1161 5289 1470 5347 ecclesiam:
1511 5300 1562 5343 et
1602 5299 1727 5343 tunc
1772 5304 1891 5343 cum
1936 5289 2105 5342 multo

535 5379 728 5453 gaudio
758 5389 809 5433 et
841 5380 1018 5433 lmtitia
1074 5380 1244 5434 astitit
1291 5392 1479 5437 sancto
1513 5381 1687 5451 altari,
1742 5396 1862 5435 cum
1912 5382 2103 5434 munda

534 5468 860 5525 conscientia
891 5472 1073 5525 valens
1101 5471 1281 5526 dicere
1304 5471 1444 5525 Deo:
1474 5473 1691 5526 Dimitte
1735 5472 1889 5525 nobis
1928 5471 2104 5526 debita

534 5571 737 5624 nostra,
777 5562 914 5614 sicut
944 5571 999 5615 et
1024 5577 1122 5615 nos
1170 5561 1485 5617 dimittimus
1526 5562 1856 5617 debitoribus
1905 5563 2105 5617 nostris

537 5652 750 5711 (Matth.
782 5654 878 5711 vt).
906 5653 981 5708 lta
1024 5666 1200 5709 autem
1253 5671 1381 5711 sana
1424 5671 1489 5711 ex
1527 5667 1650 5712 tunc
1694 5666 1751 5712 et
1787 5665 2103 5722 compuncta

538 5751 716 5794 mente
745 5742 912 5796 factus
940 5753 1022 5796 est
1046 5743 1211 5798 lector
1241 5745 1347 5808 ille,
1389 5755 1447 5800 ut
1477 5747 1791 5816 presbyterii
1823 5758 2105 5800 consecra-

542 5831 683 5882 tione
707 5831 859 5896 potiri
888 5842 1202 5885 moreretur.

2194 2645 2363 2733 moria
2407 2643 2665 2698 verbum:
2691 2645 2935 2712 Domine,
2985 2648 3066 2701 sol
3104 2648 3171 2701 ad
3212 2664 3463 2703 occasum
3492 2659 3583 2705 est.
3614 2653 3719 2706 Cum

2194 2747 2375 2790 autem
2404 2736 2505 2791 hoc
2532 2737 2751 2792 verbum
2777 2738 2866 2793 ille
2892 2740 3152 2807 audisset,
3186 2756 3294 2794 non
3319 2742 3548 2795 tolerans
3574 2744 3720 2796 cordis

2192 2829 2274 2881 sui
2296 2828 2564 2897 ardorem,
2588 2830 2682 2883 sed
2724 2839 2972 2900 tanquam
3012 2832 3195 2887 divino
3227 2834 3355 2902 igne
3383 2834 3714 2898 inﬂammatus,

2194 2920 2361 2972 sancti
2408 2933 2653 2976 sermone
2678 2932 3027 2992 compunctus
3068 2933 3171 2990 est,
3215 2926 3544 2996 iufectnsque
3576 2928 3717 3000 lacry-

2194 3008 2294 3062 tnis
2314 3008 2489 3063 statim
2514 3018 2653 3063 totus
2684 3011 2850 3065 factus
2870 3021 2953 3065 est
2975 3028 2989 3078 ;
3019 3025 3073 3069 et
3093 3029 3341 3083 surgens,
3369 3018 3508 3069 venit
3528 3016 3587 3070 ad
3613 3019 3715 3071 ben.

2209 5021 2263 5065 ct
2292 5012 2447 5065 tertio
2472 5012 2570 5065 huc
2595 5012 2811 5067 fuissem
2854 5028 3159 5082 perpessus,
3191 5015 3311 5069 dedi
3357 5014 3619 5067 terminum
3654 5008 3729 5063 mi-

2211 5102 2479 5170 himetipsi
2516 5103 2719 5171 absque
2747 5111 3093 5172 utrorumque
3124 5117 3293 5173 parte,
3347 5120 3411 5160 ne
3439 5105 3602 5158 darent
3627 5098 3726 5152 deﬁ-

2209 5196 2467 5250 nitionem
2513 5196 2616 5250 alio
2658 5197 2712 5250 in
2742 5196 2994 5264 capitulo.
3029 5198 3179 5264 Quod
3227 5201 3269 5251 si
3299 5199 3387 5268 qui
3428 5191 3727 5264 suggerebant

2209 5289 2363 5352 mihi,
2405 5292 2787 5354 mentirentur,
2840 5287 2940 5357 ipsi
2995 5305 3204 5354 poenam
3263 5289 3559 5347 solverent,
3598 5294 3721 5350 quam

2209 5390 2488 5433 accusatus
2517 5376 2704 5443 ferret,
2738 5378 2783 5432 si
2832 5391 3019 5433 contra
3060 5395 3179 5432 eum
3212 5377 3467 5432 calumnia
3511 5371 3724 5426 veraciter

2210 5472 2400 5525 fuisset
2427 5472 2640 5540 injecta.
2672 5472 2739 5524 Et
2762 5485 2826 5525 ex
2851 5471 3037 5525 eadem
3069 5472 3154 5525 die
3187 5470 3477 5539 improvide
3493 5474 3721 5545 suggerere

2210 5560 2342 5614 mihi
2369 5571 2553 5614 contra
2581 5560 2811 5627 aliquem
2843 5561 3061 5614 omnino
3102 5560 3300 5627 aliquid
3333 5558 3501 5613 nullus
3522 5556 3614 5622 jam
3650 5563 3722 5600 au-

2210 5668 2327 5708 sum
2356 5650 2540 5717 habet,
2567 5653 2706 5722 quod
2747 5653 2983 5721 deposco
3013 5664 3065 5708 et
3111 5667 3305 5706 moneo
3350 5660 3574 5720 magnum
3599 5642 3718 5695 άεουο

2210 5761 2323 5801 rem
2354 5754 2520 5810 tuum,
2549 5745 2644 5812 ﬁli,
2692 5746 2942 5800 similiter
2971 5747 3163 5802 facere.
3191 5748 3342 5815 Stcpe
3363 5744 3495 5799 enim
3521 5748 3566 5793 et
3583 5730 3720 5789 caedes

2213 5837 2441 5904 injustas
2472 5835 2692 5901 facitmt,
2725 5838 2812 5906 qui
2859 5837 3234 5893 sublimitatem
3269 5837 3510 5891 creditam
3550 5827 3715 5882 habent.

2208 4921 2349 4990 quod
2378 4918 2567 4974 fuerim
2597 4923 2850 4988 deceptus
2879 4924 2928 4975 in
2961 4924 3214 4992 capitulo;
3246 4940 3366 4977 cum
3398 4938 3519 4991 ergo
3540 4918 3728 4975 secundo
3766 4938 3783 4944 ο
