3976 6400
174 439 296 497 162’)

1080 425 1237 480 VITA
1275 420 1517 479 SANCTI
1557 416 1837 475 JOANNIS
1876 412 2462 471 ELEEMOSYNARII.

3255 415 3391 471 H550

177 556 217 606 si
241 549 429 604 fuerint
451 541 640 599 verbis
676 538 933 594 suasoriis
974 534 1248 599 commoti,
1281 540 1335 588 et
1362 532 1407 585 si
1449 532 1565 584 sine
1605 543 1724 583 cru‘
1754 529 1803 585 Δ
1832 524 2105 579 tummodo
2130 520 2549 578 controversiam
2571 520 2778 575 astabat
2802 528 2923 575 tunc
2951 516 3180 585 pontifex
3209 526 3395 566 sancto

180 646 307 701 ciatu
359 633 649 699 residerint
698 645 818 698 qua:
863 628 928 682 ad
957 642 1051 683 eos
1100 626 1316 685 veniunt
1358 621 1610 693 capitula.
1660 620 1725 672 Et

182 729 419 805 patricius
472 735 717 792 tanquam
772 736 801 774 a
851 721 960 775 Deo
1005 722 1207 787 jussus,
1253 726 1439 784 pactus
1479 720 1563 768 est
1607 711 1724 782 ejus

182 804 470 879 tttattdatutn
498 826 556 867 se
584 810 853 866 custodire
875 808 1019 863 omni
1051 817 1290 873 tempore
1305 804 1555 858 illaesum.

1827 608 2017 681 altari;
2056 615 2183 684 qttid
2213 600 2345 667 vero
2373 613 2529 665 vellet
2562 611 2767 672 facere,
2821 609 2948 661 nulli
2977 605 3224 659 credidit.
3255 602 3388 654 Cum

1827 722 1954 777 ergo
1982 708 2219 761 venisset
2260 705 2515 759 diaconus
2545 702 2848 761 Damianus,
2900 707 2959 750 ut
3007 695 3301 761 susciperet
3331 691 3395 744 ab

1827 815 1893 861 eo
1920 805 2156 853 sanctam
2182 796 2609 849 communionem
2641 790 2930 845 secundum
2970 786 3241 854 pr0prium
3273 796 3395 847 gra-

244 907 368 963 ίῖιρ.
395 902 510 959 XV.
547 930 618 957 ιε
648 899 750 954 Iste
776 895 1137 952 memorabilis
1180 893 1407 947 habebat
1447 887 1727 958 quemdam
1828 888 1975 951 dum,
2002 887 2165 940 tenuit
2192 900 2403 937 manum
2427 884 2564 936 illius
2591 882 2680 935 ille
2707 892 2934 942 sanatus,
2965 886 3018 930 et
3055 875 3187 927 dixit
3215 890 3225 924 :
3257 870 3398 923 Vade

179 1006 436 1067 nepotem,
460 990 672 1047 nomine
701 988 987 1055 Georgium
1018 984 1152 1054 (50).
1184 985 1299 1039 Una
1329 983 1503 1047 itaque
1525 978 1730 1033 dierum

179 1089 364 1143 faciens
426 1084 526 1139 iste
576 1095 697 1149 cum
749 1078 977 1148 quodam
1025 1075 1257 1129 civitatis
1311 1070 1730 1151 tabernariornm

180 1182 358 1245 rixam,
381 1173 632 1251 conviciis
661 1173 727 1233 ab
749 1185 812 1229 eo
838 1183 1024 1225 severe
1044 1168 1269 1233 attentus
1288 1173 1373 1233 est
1396 1183 1413 1223 ι
1436 1163 1527 1235 qui
1551 1174 1732 1227 amare

178 1270 373 1333 dolens,
404 1279 519 1319 non
538 1263 711 1319 solum
742 1259 863 1329 quia
895 1258 1107 1327 publice
1130 1299 1146 1323 ,
1193 1270 1378 1315 verum
1410 1253 1571 1327 etiam
1609 1251 1732 1321 quia

179 1378 205 1415 ε
234 1358 393 1412 viliori
442 1354 795 1409 inhonoratos
839 1357 1001 1415 esset,
1041 1350 1274 1411 maxime
1299 1359 1444 1409 vero,
1470 1343 1592 1413 quia
1620 1348 1736 1397 erat

180 1466 332 1517 nepos
357 1446 702 1516 patriarchae,
749 1443 911 1497 subiit
950 1442 1016 1495 ad
1046 1456 1173 1501 eum.
1198 1441 1251 1494 in
1279 1436 1551 1500 conclavi,
1578 1448 1647 1487 eo
1683 1436 1736 1487 in

175 1551 368 1596 secreto
391 1545 649 1600 morante,
681 1535 812 1595 tiens
839 1537 1205 1595 vehementer.
1234 1528 1368 1593 Cum
1391 1534 1569 1581 autem
1595 1527 1738 1577 hunc

178 1634 245 1688 ita
286 1636 602 1685 aestuantem
635 1636 689 1701 et
733 1626 1111 1694 Iacrymautem
1159 1621 1380 1679 vidisset
1426 1616 1737 1673 mitissimus

180 1720 482 1794 patriarcha,
514 1721 806 1787 interrogat
826 1730 1036 1770 causam
1061 1711 1346 1769 detinentis
1362 1723 1481 1765 eum
1504 1706 1740 1763 anxieta-

180 1815 268 1879 tis,
313 1811 446 1867 scire
472 1809 612 1865 hanc
636 1808 843 1861 volens.
885 1805 1124 1873 Cumque
1168 1802 1259 1855 ille
1286 1814 1392 1857 non
1425 1804 1603 1866 posset
1632 1809 1738 1862 pra:

1831 978 1977 1053 prius
2008 976 2334 1031 reconciliari
2382 973 2529 1028 fratri
2561 981 2686 1037 tuo;
2717 981 2772 1024 et
2820 980 2945 1023 tunc
2972 968 3214 1025 veniens,
3241 962 3400 1029 digne
3460 1011 3464 1016 Α

1832 1067 2044 1135 suscipe
2073 1065 2433 1127 immaculata,
2483 1065 2761 1119 immemor
2791 1059 3026 1122 malitiae,
3061 1054 3256 1107 Christi
3288 1063 3403 1122 my-

1834 1158 2019 1215 steria.
2051 1158 2331 1211 Reveritus
2356 1171 2483 1225 ergo
2523 1170 2701 1217 coram
2744 1160 2887 1207 tanta
2916 1146 3249 1203 multitudine
3289 1143 3404 1197 cle—

1835 1250 2077 1321 ricorum
2117 1247 2487 1302 contradicere
2517 1245 2620 1309 illi,
2651 1244 2880 1299 maxime
2910 1242 2971 1295 in
3008 1238 3098 1292 tali
3128 1237 3242 1288 loco
3269 1242 3324 1287 et
3352 1233 3403 1285 in

1832 1341 1935 1409 tali
1960 1337 2220 1405 horrenda
2255 1339 2405 1402 hora,
2437 1334 2722 1403 spopondit
2749 1332 2848 1387 hoc
2876 1331 3067 1394 facere,
3104 1334 3159 1381 et
3183 1335 3305 1379 tunc
3335 1322 3403 1376 de

1838 1426 2036 1481 sanctis
2063 1426 2330 1501 mysteriis
2356 1424 2503 1481 dedit
2538 1423 2606 1476 ei.
2638 1422 2798 1497 Igitur
2826 1435 2890 1473 ex
2919 1428 3047 1472 tunc
3067 1427 3261 1469 omnes,
3294 1412 3407 1465 cle-

1837 1518 1933 1579 rici
1963 1526 2017 1577 et
2047 1515 2163 1570 laici
2196 1498 2565 1581 custodiebant
2593 1526 2674 1573 se,
2698 1494 2770 1566 ne
2793 1511 2930 1561 inter
2958 1522 3016 1559 se
3043 1504 3295 1563 malitiam
3324 1516 3407 1562 re-

1839 1605 2092 1669 tinerent,
2119 1602 2365 1655 timentes
2387 1616 2452 1653 ne
2471 1608 2526 1661 et
2548 1599 2689 1665 ipsos
2710 1593 3078 1660 confunderet,
3118 1588 3407 1657 triumpha-

1840 1704 2027 1761 retque
2056 1689 2500 1761 quemadmodum
2532 1698 2587 1741 et
2611 1687 2756 1740 illum
2788 1685 3089 1737 diaconum.

1838 1768 1851 1783 ³
1910 1781 2038 1836 Car.
2074 1778 2233 1834 XVII.
2260 1807 2331 1820 —-
2375 1778 2613 1830 Habebat
2655 1774 2866 1840 quidem
2915 1767 3282 1824 sanctissimus
3324 1763 3411 1817 hie

177 1903 549 1967 amaritudine,
598 1916 717 1970 qua;
762 1895 1188 1969 circumdederat
1229 1907 1388 1955 cum.
1437 1888 1734 1956 exprimere
1761 1878 1810 1945 Β
1846 1873 1931 1926 vir
1957 1871 2233 1926 scientiam
2263 1868 2563 1935 divinarum
2606 1865 3029 1931 Scripturarum;
3081 1872 3185 1911 non
3232 1863 3409 1909 autem

179 2009 489 2055 sermonem,
516 1993 570 2047 hi
603 1993 691 2058 qui
720 1997 914 2058 praesto
946 1987 1159 2041 fuerunt
1186 1983 1396 2054 quando
1425 1996 1547 2036 eum
1575 1979 1739 2033 exho-

180 2083 341 2138 norari
367 2097 396 2135 a
444 2081 778 2152 negatiatore
815 2079 1153 2147 contigerat,
1194 2081 1471 2141 cmperunt
1512 2070 1740 2137 recitare

180 2175 564 2243 archiepiscopo
600 2184 814 2227 causam
848 2186 862 2222 :
904 2170 966 2222 Et
1004 2170 1127 2235 quia
1174 2181 1277 2237 non
1322 2164 1605 2225 debuerat,
1655 2158 1740 2211 in-

179 2265 383 2332 quiunt,
429 2263 503 2315 ita
534 2259 791 2315 sanctitas
832 2266 1007 2311 vestra
1049 2252 1353 2317 contemni,
1401 2261 1459 2305 ut
1500 2249 1741 2321 proprios

182 2368 295 2407 suos
322 2368 381 2405 ac
411 2352 739 2420 propinquos
769 2364 799 2402 a
819 2348 1091 2414 despectis.
1123 2344 1447 2400 exhonorari
1472 2347 1743 2411 pateretur

180 2442 486 2497 hominibus.
523 2442 614 2495 Ille
661 2450 839 2497 autern
868 2452 1026 2491 verus
1055 2435 1325 2503 medicus,
1358 2432 1541 2500 volens
1573 2428 1741 2505 primo

181 2533 326 2588 Veluti
355 2533 649 2602 emplastro
698 2529 923 2596 quodam
963 2539 1150 2583 curare
1181 2521 1395 2601 nepotis
1413 2521 1498 2581 sui~
1526 2518 1739 2587 furiam,

181 2640 227 2682 et
255 2638 420 2680 tamen
462 2637 715 2692 tanquam
748 2622 890 2675 ferro
936 2618 1249 2673 incisionem
1277 2625 1331 2669 et
1374 2596 1740 2675 liberationem

183 2719 451 2787 passionis,
486 2729 583 2783 per
628 2709 1078 2781 sapientissimum
1110 2722 1170 2761 os
1197 2720 1350 2763 suum
1382 2702 1504 2776 huic
1528 2700 1741 2764 aﬂerre,

183 2808 358 2861 talibus
396 2805 582 2860 verbis
611 2804 778 2867 cmpit
797 2801 1137 2869 exstinguere
1159 2795 1422 2867 morbum,
1445 2803 1500 2848 et
1522 2792 1699 2851 dicere
1725 2806 1741 2843 :

184 2897 462 2952 Etcmnino
485 2908 651 2949 ausus
667 2900 752 2946 est
770 2890 959 2957 aliquis
976 2904 1037 2944 os
1057 2889 1286 2956 aperire,
1307 2896 1360 2940 et
1382 2883 1746 2941 contradicere

184 2989 301 3045 tibi?
327 2988 527 3052 Crede,
559 2985 632 3038 fili
662 2985 754 3048 mi,
783 2981 918 3051 patri
951 2990 1060 3043 tuo,
1086 2977 1337 3049 quoniam
1382 2974 1569 3045 faciam
1600 2974 1651 3027 in
1680 2987 1746 3026 eo

185 3081 332 3136 hodie
359 3093 501 3143 rem,
528 3083 585 3130 ut
613 3083 722 3129 tota
764 3070 1085 3130 Alexandria
1124 3068 1365 3124 miretur.
1396 3066 1635 3132 Cumque
1663 3063 1743 3117 vi-

185 3174 337 3227 disset
349 3185 471 3239 eum
496 3165 793 3223 remedium
819 3162 1106 3231 recepisse,
1131 3167 1186 3215 et
1207 3158 1473 3214 tristitiam
1502 3165 1746 3210 cunctam

187 3263 495 3332 proiecisse,
540 3266 811 3328 putantem
854 3254 1099 3308 videlicet
1142 3250 1284 3321 quod
1340 3257 1521 3317 ageret

188 3369 295 3409 eum
322 3353 410 3423 qui
435 3365 500 3407 se
528 3346 867 3406 contumeliis
891 3343 1164 3407 affecerat,
1199 3349 1253 3396 et
1282 3339 1478 3394 faceret
1508 3352 1628 3390 eum
1659 3336 1755 3390 Ila-

185 3443 356 3512 gellari
385 3456 482 3510 per
513 3454 634 3493 eum
664 3436 757 3505 qui
792 3448 953 3503 super
992 3433 1162 3486 forum
1192 3438 1307 3484 erat
1331 3427 1672 3492 constitutus,
1702 3434 1757 3477 et

188 3534 340 3588 variis
360 3529 573 3602 pompis
599 3525 959 3597 dehonestari,
987 3523 1115 3577 dicit
1142 3521 1213 3583 ei,
1231 3517 1550 3572 deosculans
1574 3525 1757 3580 pectus

190 3628 349 3697 ipsius
374 3643 393 3693 ιΓ
417 3623 523 3677 Fili
547 3620 642 3689 mi,
672 3622 715 3687 si
747 3633 812 3673 ex
845 3616 1065 3671 veritate
1092 3610 1405 3666 humilitatis
1435 3623 1566 3661 mea:
1593 3617 1760 3671 nepos

192 3692 385 3782 existis,
410 3726 653 3784 praepara
672 3709 899 3777 teipsum
930 3715 984 3761 et
1007 3700 1285 3772 flagellari,
1312 3711 1368 3755 et
1394 3697 1629 3753 convicia
1654 3692 1762 3763 pati

186 3808 254 3869 ab
280 3808 422 3869 omni
476 3804 715 3859 homine.
747 3799 884 3856 Vera
926 3798 1070 3852 enim
1100 3793 1343 3864 cognatio
1374 3804 1479 3844 non
1528 3803 1595 3842 ex
1641 3800 1763 3840 san—

195 3899 344 3964 guine
386 3905 439 3955 et
486 3908 681 3967 carne,
729 3889 824 3945 sed
861 3902 927 3942 ex
959 3887 1154 3940 virtute
1195 3882 1391 3938 mentis
1436 3876 1761 3949 agnoscitur.

196 3988 484 4061 Confestim
519 3984 679 4054 Igitur
706 3977 990 4037 accersivit
1016 3991 1137 4032 eum
1174 3973 1266 4043 qui
1294 3986 1454 4040 super
1499 3980 1768 4037 caupones

195 4086 307 4131 erat
342 4058 666 4143 constitutus
688 4112 704 4137 ,
737 4076 793 4123 et
820 4066 1074 4137 praecepit
1116 4063 1167 4118 ei
1190 4054 1257 4117 ne
1301 4061 1369 4115 ab
1406 4059 1499 4113 illo
1527 4070 1770 4126 caupone

196 4169 458 4238 acciperet
503 4177 677 4235 neque
701 4166 954 4216 consueta
983 4170 1099 4226 sua,
1135 4166 1308 4223 neque
1335 4150 1573 4221 publica,
1603 4159 1775 4215 neque

204 4263 510 4331 pensionem
556 4251 835 4325 ergasterii
865 4252 1003 4319 ejus.
1038 4248 1105 4302 Et
1124 4246 1238 4315 ipse
1260 4243 1405 4299 enim
1427 4240 1778 4297 sanctissimae

1841 1962 1899 2017 in
1994 1960 2261 2032 sapientia
2359 1955 2630 2021 sermonis
2657 1994 2677 2032 ,ἢ
2753 1952 2849 2006 has
2894 1959 3142 2016 tauquam
3171 1960 3235 1999 ex
3267 1943 3411 1998 inani

1840 2050 2008 2122 gloria
2040 2049 2346 2113 memoriter
2365 2048 2569 2122 dicens,
2596 2026 2687 2099 sed
2714 2058 2805 2110 per
2831 2041 3073 2096 eamdem
3096 2039 3261 2104 ipsam
3284 2049 3412 2102 ope-

1840 2158 1957 2197 rum
1986 2142 2271 2207 actionem,
2303 2149 2357 2192 et
2385 2136 2755 2205 mandatorum
2785 2131 3245 2191 observationem;
3276 2135 3329 2179 et
3357 2126 3410 2178 in

1841 2242 2050 2297 secreto
2096 2228 2388 2301 quotidiani
2418 2227 2626 2281 consilii
2675 2225 2757 2278 sui
2789 2223 2964 2276 nullus
3002 2233 3179 2273 sermo
3208 2216 3408 2269 Otiosus

1845 2322 2193 2385 audiebatur,
2224 2320 2329 2373 nisi
2360 2320 2494 2383 forte
2536 2315 2801 2369 ordinatio
2848 2312 2924 2364 rei
2956 2308 3126 2363 civilis
3153 2306 3411 2373 exigeret,

1842 2411 1935 2466 sed
1959 2421 2049 2467 aut
2071 2410 2354 2464 relationes
2378 2415 2678 2459 sanctorum
2701 2403 2939 2467 Patrum,
2964 2406 3054 2451 aut
3074 2392 3414 2463 scripturales

1842 2502 2181 2575 quaestiones,
2214 2507 2305 2575 aut
2327 2490 2627 2567 dogmatica
2657 2493 3003 2562 problemata,
3032 2495 3251 2559 pr0pter
3278 2483 3408 2537 mul-

1845 2596 2125 2661 titudinem
2173 2606 2270 2647 nec
2300 2587 2746 2644 nominandorum
2792 2581 3162 2637 haereticorum
3209 2575 3298 2645 qui
3328 2588 3416 2626 re-

1843 2690 2053 2756 gionem
2102 2680 2579 2738 circumdederant.
2628 2676 2685 2730 Si
2731 2689 2857 2727 vero
2883 2670 3041 2724 alicui
3087 2665 3279 2735 aliquis
3317 2665 3407 2717 de.

1846 2770 2057 2833 trahere
2085 2773 2373 2841 inciperet,
2422 2768 2563 2822 hunc
2593 2762 2887 2834 patriarcha
2926 2775 3019 2827 per
3048 2758 3269 2811 alteram
3301 2767 3420 2806 ser-—

1847 2850 2255 2925 mocinationem
2275 2903 2291 2929 ,
2324 2873 2381 2916 ut
2409 2858 2639 2928 sapiens,
2673 2853 2945 2925 ingeniose
2976 2847 3317 2904 removebat:
3361 2853 3415 2897 et

1844 2962 1891 3016 si
1921 2962 2111 3014 iterum
2143 2961 2506 3024 permaneret,
2554 2945 2927 3013 nihil‘quidcm
2958 2940 3006 2993 ei
3035 2938 3273 2996 dicebat;
3324 2932 3416 2986 sed

1849 3052 1989 3106 hunc
2009 3056 2290 3111 annotans,
2324 3039 2662 3112 praecipiebat
2686 3031 3098 3090 hebdomadario
3124 3043 3189 3081 ne
3217 3026 3414 3077 sineret

1852 3142 2073 3194 ulterius
2098 3150 2217 3190 eum
2261 3134 2459 3186 intrare
2488 3143 2607 3183 cum
2638 3127 2718 3178 Itis
2748 3124 2835 3191 qui
2864 3117 3260 3179 nuntiabantur,
3290 3129 3423 3180 qua.

1564 3255 1748 3307 contra
1774 3228 1821 3289 C
1853 3238 2006 3283 tenus
2031 3240 2123 3293 per
2150 3238 2271 3277 eum
2302 3229 2525 3275 caeteros
2560 3219 2879 3278 temperaret
2908 3218 3063 3276 atque
3092 3204 3331 3258 crudiret

1924 3318 2052 3371 Car.
2087 3312 2272 3368 XVIII.
2296 3332 2365 3351 -έ
2386 3307 2752 3362 Delinitionem
2782 3309 2954 3354 autem
2982 3306 3035 3351 et
3064 3296 3238 3358 aliam,
3269 3304 3424 3358 quam

1857 3408 2123 3462 affectavit
2170 3404 2257 3456 hic
2286 3409 2535 3465 sanctus,
2582 3410 2691 3449 non
2738 3402 2819 3445 est
2862 3391 3060 3457 justum
3094 3394 3432 3453 postpOnere.

1857 3497 2092 3553 Audiens
2113 3493 2251 3562 quod
2280 3499 2555 3556 postquam
2573 3490 2854 3537 COTOlIalIlS
2874 3485 2955 3531 est
2977 3476 3268 3542 imperator
3290 3468 3371 3537 (5i
3388 3467 3425 3531 ),

1860 3589 2036 3644 nullus
2066 3581 2299 3639 universi
2332 3588 2544 3632 senatus
2575 3583 2628 3627 et
2656 3568 2939 3625 astantium
2970 3562 3299 3619 exercituum
3340 3572 3432 3608 an-

1862 3681 2065 3749 tiquum
2097 3671 2404 3728 memoriale
2445 3664 2658 3736 aliquod
2710 3660 2936 3729 nuntiet,
2970 3657 3062 3709 sed
3093 3666 3214 3706 mox
3244 3651 3295 3701 lti
3344 3645 3435 3715 qui

1864 3771 2115 3825 dicuntur
2157 3769 2618 3817 monumentorum
2665 3752 3012 3806 md'ilicatores
3057 3749 3265 3797 sumant
3304 3751 3437 3805 qna—

1868 3872 1988 3918 tuor
2012 3859 2096 3913 vel
2123 3857 2359 3925 quinque
2388 3849 2632 3905 minutias
2665 3853 2984 3896 marmorum
3016 3833 3237 3905 pusillas
3264 3829 3332 3883 de
3358 3828 3439 3880 di-

1870 3953 2040 4009 versis
2064 3947 2363 4008 coloribus,
2406 3942 2460 4009 et
2490 3935 2851 4003 ingrediantur
2877 3930 2941 3983 ad
2972 3942 3116 3991 eum,
3142 3933 3194 3977 et
3219 3921 3397 3976 dicunt
3422 3932 3441 3971 :

1872 4006 2132 4104 Domine,
2183 4006 2588 4107 qnaliimetallo
2633 4023 2912 4093 imperium
2960 4030 3105 4071 tuum
3134 4013 3283 4083 jubet
3325 4006 3441 4061 fieri

1876 4140 2279 4194 monumentum
2319 4137 2503 4184 tuum;
2559 4118 2887 4172 insinuantes
2935 4106 3184 4161 videlicet
3225 4105 3272 4153 ei
3321 4097 3443 4165 quia

1879 4235 2129 4292 tanquam
2179 4220 2339 4271 homo
2385 4204 2746 4271 corruptibilis
2786 4207 2843 4254 et
2886 4193 3219 4251 transitorios
3263 4198 3445 4239 curam

1880 4278 2078 4367 habiato
2121 4315 2226 4359 tua:
2264 4299 2428 4369 ipsius
2468 4297 2692 4356 animas,
2723 4300 2778 4346 et
2805 4288 2890 4358 pie
2932 4295 3150 4349 regnum
3195 4278 3451 4342 dispone;

208 4329 457 4404 Ecclesia:
504 4354 639 4399 erat.
677 4344 742 4396 Et
770 4352 958 4407 omnes
986 4342 1412 4403 expavescentes
1448 4329 1779 4386 immobilem

1882 4399 2186 4457 imitabatur
2204 4403 2255 4450 et
2286 4364 2386 4447 iste
2408 4390 2594 4443 beatus
2624 4382 2887 4436 veraciter
2910 4378 3043 4430 hanc
3064 4373 3272 4440 dignam
3302 4364 3458 4423 laude

220 4439 656 4509 onganimitatem
703 4434 849 4502 ejus,
901 4429 1283 4483 intellexerunt
1325 4438 1448 4478 esse
1496 4425 1597 4474 hoc
1640 4417 1780 4487 quod

216 4532 334 4587 Iixit
358 4549 374 4584 :
401 4527 668 4597 Quoniam
718 4523 909 4577 faciam
937 4522 989 4575 in
1012 4534 1134 4574 eum
1163 4532 1298 4580 rem,
1338 4523 1398 4568 ut
1424 4512 1649 4567 miretur
1674 4519 1781 4562 tota

215 4621 550 4683 Alexandria,
588 4614 837 4670 videlicet
861 4611 983 4681 quia
1015 4624 1120 4664 non
1152 4607 1323 4661 solum
1354 4601 1780 4658 vicissitudinem
1812 4580 1860 4639 Ῑ)
1888 4588 1973 4642 ubi

216 4729 313 4768 non
340 4712 612 4777 reddidit,
661 4722 847 4763 verum
875 4705 1036 4760 etiam
1073 4714 1171 4772 pro
1214 4699 1417 4754 ultione
1466 4692 1785 4763 adiutorium

214 4803 487 4872 Impendit.

281 4896 415 4952 CAP.
445 4893 584 4950 XVI.
614 4920 685 4933 ——
710 4889 1016 4944 Nuntiatum
1044 4892 1128 4940 est
1156 4880 1440 4953 aliquando
1468 4879 1589 4932 huic
1611 4875 1791 4940 beato,

218 4989 354 5058 quod
383 4985 600 5054 quidam
629 4980 943 5036 clericorum
975 4975 1229 5030 malitiam
1257 4974 1310 5025 in
1341 4968 1503 5025 corde
1537 4968 1791 5037 adversus

234 5077 505 5146 juemdam
535 5078 860 5131 reservaret,
906 5077 962 5121 et
988 5062 1408 5119 irreconciliatus
1438 5061 1485 5113 ei
1514 5069 1795 5124 permane-

230 5145 320 5221 ret.
370 5166 467 5237 Ille
518 5178 648 5218 vero
697 5158 971 5228 quaerebat
1019 5156 1176 5223 hujus
1228 5165 1421 5204 nomen
1464 5157 1521 5201 et
1575 5145 1797 5214 gradum

223 5270 404 5311 nosse.
431 5236 491 5307 lu
520 5252 808 5307 crastinum
839 5260 967 5316 ergo
995 5244 1081 5298 die
1111 5243 1384 5296 Dominico
1424 5236 1606 5292 didicit
1635 5237 1797 5297 hunc,

228 5347 540 5398 Damianum
568 5340 781 5408 quidem
829 5337 1063 5401 nomine,
1095 5332 1372 5386 diacouem
1405 5342 1533 5380 vero
1573 5338 1693 5379 esse
1721 5322 1802 5376 of-

229 5436 372 5489 Iicio.
406 5431 667 5500 Praecepit
703 5429 883 5497 itaque
929 5424 1305 5480 archidiacono
1335 5429 1391 5473 ut
1429 5417 1559 5481 sibi,
1591 5411 1804 5483 quando

198 5518 370 5579 idem
402 5523 690 5577 Damianns
718 5518 785 5573 ad
814 5517 1094 5572 ecclesiam
1136 5513 1361 5573 veniret,
1392 5508 1805 5562 demonstraret.

220 5612 388 5684 Igitur
416 5628 545 5668 cum
591 5613 642 5665 in
673 5609 963 5665 crastinum
992 5607 1153 5660 statio
1178 5600 1457 5657 Dominico
1490 5599 1576 5651 die
1625 5596 1807 5657 fieret,

216 5707 374 5763 venit
393 5719 463 5760 et
504 5706 757 5759 diaconus
800 5702 866 5754 ad
895 5700 1213 5760 stationem;
1243 5701 1296 5747 et
1337 5690 1522 5743 videns
1549 5685 1812 5740 archidia-

234 5810 447 5871 Conus,
471 5794 700 5851 ostendit
726 5809 845 5849 eum
875 5787 1207 5860 patriarchae.
1250 5785 1327 5838 0b
1358 5795 1474 5837 eam
1517 5778 1656 5832 enim
1704 5785 1790 5828 tan

1887 4490 2246 4549 traditionem,
2278 4492 2329 4537 et
2353 4480 2601 4551 praecepit
2622 4475 2724 4529 sibi
2749 4474 3148 4526 monumentum
3180 4454 3449 4514 aedificari,

2004 4594 2060 4640 et
2103 4547 2295 4648 reliqui
2336 4547 2759 4645 prazdecesswes
2801 4564 2914 4631 ejus
2962 4551 3272 4627 patriarcha:
3314 4547 3461 4616 jace-

1889 4680 2046 4741 bant;
2077 4667 2443 4741 imperfectum
2494 4676 2620 4717 vero
2669 4668 2882 4710 manere
2930 4660 3096 4715 usque
3140 4641 3206 4695 ad
3258 4638 3458 4691 obitum

1890 4783 2067 4829 suum,
2097 4725 2166 4817 ut.
2183 4758 2493 4829 imperfecto
2535 4751 2818 4812 existente,
2852 4756 2943 4810 per
2971 4736 3233 4793 celebrem
3269 4725 3467 4781 festivi-

1897 4868 2091 4920 tatem,
2133 4853 2415 4908 assistente
2441 4845 2604 4903 clero,
2640 4835 2995 4906 ingredientes
3034 4827 3120 4894 qui
3152 4820 3468 4877 dicebantur

1897 4949 2125 5008 studiosi
2152 4942 2291 5018 (52),
2321 4941 2560 4993 dicerent
2587 4922 2653 4983 ad
2684 4940 2804 4982 eum
2830 4941 2842 4975 :
2878 4919 3119 4978 Domine,
3157 4921 3468 4967 moxmmen-

1903 5052 2014 5096 tum
2032 5008 2176 5092 tuum
2194 5028 2559 5100 imperfectum
2572 5028 2673 5082 est,
2690 5014 2914 5084 praecipe
2927 5021 3054 5075 ergo
3070 5008 3470 5057 utcousnmme-

1906 5142 2010 5196 tttr,
2030 5145 2095 5183 eo
2111 5122 2248 5193 quod
2267 5090 2487 5174 .uescias
2507 5128 2607 5180 qua
2624 5110 2754 5162 hora
2773 5104 2852 5156 fur
2872 5099 3050 5153 veniat
3070 5090 3261 5165 (Matth
3302 5100 3423 5139 xxiv
3438 5092 3472 5145 ).

1906 5225 2024 5279 Iloc
2050 5230 2223 5273 autem
2274 5210 2502 5267 faciebat
2530 5206 2616 5258 ille
2644 5207 2856 5255 sanctus
2901 5202 2959 5246 ut
2989 5192 3056 5242 ita
3087 5186 3229 5238 fieret
3248 5221 3264 5245 ,
3293 5177 3479 5229 volens

1909 5310 2254 5371 imitationem
2286 5304 2478 5358 bonam
2509 5306 2562 5352 et
2592 5300 2708 5364 post
2736 5304 2794 5344 se
2822 5282 3012 5339 futuris
3060 5274 3359 5339 relinquere
3392 5280 3479 5333 pa-

1959 5402 2174 5456 iarchis.

1912 5417 2174 5460 trtarcms.

1983 5494 2114 5549 Car.
2158 5485 2298 5542 XIX.
2328 5511 2397 5524 -—
2440 5477 2666 5535 Domino
2713 5471 2781 5527 ob
2810 5462 3196 5523 multitudinem
3243 5456 3484 5519 peccato-

1916 5601 2032 5641 rum
2085 5590 2384 5635 nostrorutn
2436 5570 2803 5640 permittente,
2850 5558 3060 5627 propria
3114 5545 3312 5612 templa
3367 5550 3487 5606 qua

1919 5683 2072 5732 erant
2100 5662 2473 5734 Jerosolymis,
2507 5673 2535 5712 a
2566 5650 2924 5726 percutiendis
2955 5663 2981 5697 a
3015 5643 3121 5696 Deo
3151 5635 3326 5723 Persis
3371 5642 3488 5683 cre-

1854 5752 1892 5843 ’λ
1925 5762 2078 5825 mari.
2126 5760 2338 5814 discens
2364 5752 2448 5806 hic
2501 5743 2865 5804 sanctissimus
2905 5720 3199 5802 patriarcha
3250 5725 3301 5780 itt
3331 5722 3491 5776 inuita
