3976 6416
1579 439 1854 500 LEONTII
1892 438 2357 501 NEAPOLITA‘NI
2399 443 2707 501 EPISCOPI

2519 335 2567 354 ν’-

3667 442 3802 501 1639.

523 569 763 632 egestate
800 576 922 616 esse
967 568 1206 616 sanctum
1237 559 1530 614 Modestum
1569 560 1919 628 patriarcham
1957 560 2110 617 Jero-
2139 566 2182 623 Α
2211 558 2529 613 rachanellm
2553 559 2670 630 (58)
2697 558 3015 614 numismate
3039 573 3168 614 uno.
3191 558 3313 615 Mox
3335 571 3468 630 ergo
3495 562 3797 618 transmisit

527 653 852 721 solymorum
887 651 1027 721 (55),
1059 651 1124 704 ad
1156 651 1344 703 horum
1376 651 1751 704 relevationem
1796 659 1850 705 et
1879 653 2103 707 rem’difi-

522 741 786 795 cationem
821 742 983 795 mittit
1007 743 1055 794 ei
1101 741 1420 795 numismata
1461 741 1626 807 mille,
1655 751 1709 795 et
1737 742 1880 796 mille
1918 758 2103 800 saccos

525 831 712 896 plenos
729 831 1017 894 frumento,
1043 839 1096 884 et
1116 830 1260 885 mille
1288 831 1569 899 legumina,
1603 830 1748 886 mille
1768 832 1927 886 libras
1954 833 2100 898 ferri,

522 919 662 973 mille
688 927 859 973 restes
885 921 1202 972 siccatorum
1233 921 1478 987 piscium,
1505 919 1595 989 qui
1624 935 1956 977 menomente
1983 923 2098 996 (5i)

517 1007 788 1074 dicuntur,
822 1009 965 1062 mille
993 1009 1204 1061 vascula
1235 1009 1364 1072 vini,
1395 1019 1448 1063 et
1478 1011 1624 1063 mille
1653 1009 1932 1080 [Egyptios
1967 1027 2102 1081 ope-

517 1097 724 1163 rarios,
774 1099 990 1152 mittens
1015 1099 1064 1152 ei
1095 1113 1190 1166 per
1234 1099 1438 1153 litteras
1466 1117 1479 1151 :
1514 1117 1535 1151 ‹
1573 1099 1647 1153 Da
1675 1102 1806 1155 mihi
1853 1101 2060 1157 veniam
2082 1141 2100 1169 ,

517 1199 645 1240 vere
692 1187 886 1240 Christi
916 1196 1195 1256 operator,
1227 1187 1360 1241 nihil
1401 1187 1619 1258 dignum
1663 1189 1876 1259 templis
1899 1191 2100 1249 Christi

517 1275 766 1330 mittenti.
816 1277 1015 1331 Vellem
1043 1278 1209 1342 enim,
1249 1278 1409 1332 crede
1456 1277 1613 1343 mihi,
1646 1279 1691 1332 si
1719 1289 1862 1334 esset
1906 1295 2100 1338 conve—

515 1366 689 1430 niens,
716 1376 771 1420 et
800 1367 915 1436 ipse
940 1383 1005 1422 eo
1028 1369 1234 1436 venire,
1265 1375 1322 1423 et
1348 1368 1462 1438 ipse
1490 1371 1697 1437 operari
1721 1370 1772 1424 in
1797 1371 1958 1426 domo
1984 1387 2100 1428 san-

514 1463 616 1509 ctae
661 1454 1323 1512 Christi'resurrectionis.
1371 1458 1748 1514 Verumtamen
1795 1461 1924 1516 illud
1967 1479 2098 1533 rogo

515 1545 884 1599 honorandum
915 1555 1075 1616 caput
1119 1557 1289 1614 tuum,
1323 1557 1378 1602 ut
1407 1549 1706 1603 nullatenus
1735 1550 1838 1605 hoc
1868 1552 2098 1620 imputes

461 1673 465 1677 «
519 1637 740 1690 minimo
763 1639 961 1690 nomini
983 1639 1286 1708 exiguitatis
1313 1653 1467 1708 mete,
1493 1641 1586 1694 sed
1618 1641 1720 1696 hoc
1746 1643 1918 1711 potius
1946 1655 2098 1713 petas

513 1737 542 1776 ι
575 1723 813 1790 Christo,
845 1736 900 1780 ut
931 1726 1003 1780 ibi
1030 1743 1115 1781 me
1140 1728 1442 1783 conscribat
1466 1728 1556 1784 ubi
1584 1733 1845 1787 veraciter
1863 1736 2099 1790 conscri-

515 1815 624 1882 ptio
656 1816 806 1868 beata
835 1814 1102 1869 consistit.
1138 1835 1156 1868 ›

2208 651 2334 704 illud
2364 652 2415 704 in
2441 653 2752 716 crastinum,
2788 663 2845 705 ut
2875 653 3292 708 venundaretur.
3320 654 3386 708 Et
3410 654 3606 709 videns
3635 655 3683 708 is
3706 656 3796 725 qui

2204 739 2488 806 obtulerat,
2520 740 2650 794 emit
2679 741 2804 794 illud
2855 741 3066 803 triginta
3097 757 3189 796 sex
3239 743 3704 806 numismatibus.
3745 755 3798 798 et

2205 841 2389 882 rursus
2434 827 2628 883 obtulit
2668 831 3008 898 patriarchas.
3057 830 3191 886 Cum
3230 847 3358 888 vero
3413 834 3467 887 in
3497 833 3797 886 crastinum

2203 916 2424 972 vidisset
2451 918 2605 986 illud,
2651 923 2782 976 emit
2811 922 2912 977 hoc
2959 923 3228 989 similiter,
3276 931 3330 978 et
3378 939 3576 978 rursus
3604 924 3798 978 obtulit

2205 1005 2541 1072 patriarcha,
2562 1008 2859 1077 deposcens
2881 1021 2936 1064 ut
2957 992 3228 1082 tegeretur
3239 1013 3308 1067 ab
3330 1027 3420 1068 eo.
3446 1013 3591 1068 Cum
3614 1022 3792 1067 autem

2203 1095 2364 1149 tertio
2412 1095 2517 1152 hoc
2551 1098 2766 1155 fecisset
2790 1141 2806 1166 ,
2856 1101 2988 1155 dicit
3015 1102 3064 1156 ei
3092 1102 3519 1173 gratulabundus
3549 1103 3647 1156 ille
3677 1117 3794 1156 san-

2203 1195 2356 1240 ctus:
2388 1187 2698 1244 Videbimus
2725 1190 2845 1260 quis
2867 1191 3100 1259 deficiet,
3131 1206 3233 1261 ego
3272 1206 3342 1246 an
3369 1200 3452 1248 tu.
3486 1191 3632 1247 Erat
3656 1192 3795 1246 enim

2201 1276 2486 1344 opulentus
2510 1279 2666 1337 valde
2683 1321 2702 1347 ,
2733 1289 2790 1337 et
2814 1283 3052 1337 suaviter
3077 1281 3230 1351 quasi
3259 1281 3640 1337 vindemiabat
3678 1294 3794 1335 eum

2201 1367 2289 1423 ille
2317 1381 2551 1436 sanctus,
2579 1377 2831 1442 paulatim
2861 1374 2930 1430 ab
2957 1387 3026 1429 eo
3052 1374 3215 1428 multa
3243 1371 3537 1438 auferens;
3567 1381 3630 1426 et
3658 1373 3797 1426 dice-

2203 1460 2292 1514 bat
2313 1475 2524 1529 semper
2549 1463 2691 1532 quod
2715 1473 2895 1533 posset
2921 1464 3114 1533 aliquis
3139 1464 3448 1518 intentione
3468 1461 3648 1516 dandi
3675 1477 3796 1530 pau-

2203 1555 2416 1620 peribus
2456 1557 2763 1626 exspoliare
2808 1559 3030 1625 divites,
3059 1566 3117 1613 et
3143 1559 3315 1626 ipsum
3357 1557 3528 1611 etiam
3562 1554 3797 1626 hypoca-

2199 1643 2392 1697 misum
2422 1643 2540 1715 (59)
2567 1646 2633 1700 ab
2662 1648 2740 1700 eis
2768 1649 3025 1703 benevole
3049 1648 3279 1712 auferre,
3308 1658 3360 1700 et
3394 1661 3507 1700 non
3538 1659 3792 1715 peccare,

2198 1741 2253 1786 et
2301 1737 2531 1790 maxime
2574 1739 2617 1788 si
2649 1746 2774 1791 sunt
2820 1739 2978 1808 aliqui
3029 1737 3497 1793 immisericordes
3528 1746 3586 1789 et
3629 1737 3790 1786 avari.

2203 1823 2314 1878 Duo
2343 1827 2484 1881 enim
2515 1827 2750 1883 lucratur
2778 1830 2895 1884 talis
2920 1849 2933 1884 :
2959 1847 3121 1885 unum
3152 1832 3391 1901 quidem,
3425 1829 3560 1898 quia
3585 1829 3792 1881 animas

582 1903 710 1957 Car.
761 1903 877 1958 XX.
907 1933 978 1944 —
1001 1906 1205 1974 Arripit
1246 1906 1337 1961 ille
1361 1915 1576 1962 sanctus
1617 1916 1672 1963 et
1710 1908 1845 1977 hoc,
1897 1911 2091 1966 bonum
2125 1931 2172 1990 Β
2199 1917 2411 1972 illorum
2442 1929 2653 1985 servat;
2683 1921 2908 1972 alterum
2955 1930 3152 1984 autem,
3203 1921 3458 1988 quoniam
3495 1927 3555 1972 et
3585 1919 3703 1984 ipse
3728 1933 3788 1970 ex

510 1993 660 2059 dico,
707 1994 954 2048 videlicet
983 1996 1126 2064 quod
1171 1996 1352 2049 infimo
1404 2005 1574 2051 stratu
1623 2001 1989 2069 recumberet,
2038 2011 2092 2056 et

511 2085 704 2141 vilibus
729 2090 1074 2155 operimentis
1099 2089 1152 2142 in
1177 2089 1367 2144 cellula
1393 2105 1485 2144 sua
1516 2101 1770 2146 uteretur.
1795 2095 1943 2159 Quod
1969 2111 2090 2151 cum

509 2179 748 2232 audisset
774 2179 990 2248 quidam
1021 2195 1386 2248 possessorum
1416 2183 1666 2249 civitatis,
1699 2187 1995 2241 ascendens
2023 2187 2091 2242 ad

507 2283 654 2332 eum,
684 2277 740 2323 et
765 2271 952 2324 videns
981 2272 1121 2340 quod
1147 2273 1414 2340 opertorio
1443 2274 1612 2328 scisso
1635 2285 1688 2328 et
1710 2276 1864 2330 laneo
1888 2288 2094 2345 tegere-

510 2368 616 2423 tur,
647 2362 941 2415 transmisit
970 2363 1018 2416 ei
1041 2363 1428 2432 coopertorium
1462 2366 1842 2422 numismatum
1876 2369 2092 2437 triginta

507 2469 625 2518 sex,
651 2469 845 2524 rogans
887 2456 1110 2508 multum
1143 2473 1262 2510 eum
1313 2466 1370 2510 ut
1398 2472 1461 2510 eo
1490 2459 1854 2526 cooperiretur
1881 2459 1947 2513 ad
1979 2475 2091 2516 me-

510 2545 758 2612 moriam,
810 2545 1001 2613 inquit,
1036 2547 1314 2600 mittentis.
1346 2548 1438 2603 Ille
1468 2565 1593 2603 vero
1626 2551 1726 2605 hoc
1764 2551 2086 2621 suscipiens,

508 2646 723 2703 propter
753 2637 971 2691 multam
1005 2639 1104 2692 viri
1127 2641 1534 2707 postulationem
1566 2653 1850 2710 coopertus
1879 2655 1962 2700 est
1987 2647 2090 2702 hoc

507 2741 608 2780 una
641 2738 816 2794 nocte,
849 2743 946 2797 per
977 2739 1140 2782 totam
1171 2746 1309 2800 pene
1337 2741 1546 2785 noctem
1576 2733 1788 2788 dicebat
1825 2737 1889 2789 ad
1915 2752 2089 2790 semc-

507 2819 737 2888 tipsum,
791 2829 847 2873 ut
886 2821 1182 2874 recitabant
1209 2823 1514 2876 cubicularii
1562 2824 1714 2893 ejus:
1743 2827 1869 2893 Quis
1911 2828 2084 2897 dicet,

505 2908 645 2976 quod
675 2909 888 2963 humilis
915 2909 1148 2963 Joannes
1181 2911 1435 2979 (habebat
1459 2913 1599 2965 enim
1625 2928 1836 2982 semper
1863 2918 2087 2972 verbum

505 2999 643 3050 istud
675 3001 868 3068 inore)
903 3000 1060 3067 pallio
1089 3001 1298 3069 triginta
1324 3017 1417 3054 sex
1448 3004 1822 3060 mimismatum
1855 3017 2084 3076 tegatur,

503 3098 557 3143 et
581 3087 772 3143 fratres
794 3088 992 3145 Christi
1021 3092 1218 3160 frigore
1243 3093 1533 3146 uecentur?
1567 3095 1760 3160 Quanti
1783 3110 1904 3150 sunt
1927 3101 2087 3155 modo

503 3181 593 3249 qui
622 3181 870 3236 dentibus
908 3183 1134 3237 strident
1165 3198 1274 3252 pra:
1301 3185 1504 3254 glacie?
1534 3188 1716 3253 quanti
1749 3199 1875 3241 sunt
1925 3191 2085 3244 modo

504 3270 592 3337 qui
616 3271 876 3337 psiathum
903 3272 1017 3343 (55)
1043 3273 1299 3328 habentes
1319 3276 1505 3329 subtus
1527 3275 1826 3343 dimidium,
1851 3286 1906 3332 et
1926 3294 2085 3347 supra

504 3357 802 3426 dimidium,
834 3371 887 3414 et
918 3375 1020 3414 non
1055 3369 1278 3430 possunt
1307 3364 1594 3416 extendere
1628 3367 1790 3432 pedes
1819 3383 1966 3432 suos,
1992 3369 2086 3424 sed

501 3446 773 3501 dormiunt
800 3458 856 3502 ut
881 3437 1090 3518 glomus
1111 3459 1402 3507 trementes
1428 3452 1578 3523 (56)?
1606 3456 1799 3521 Quanti
1825 3456 1878 3509 in
1906 3468 2087 3515 monte

501 3539 836 3594 dormierunt
867 3541 1139 3606 incmnati,
1185 3553 1237 3595 et
1268 3543 1387 3597 sine
1418 3544 1657 3612 lucerna,
1693 3547 1949 3603 habentes
1989 3549 2086 3603 du-

503 3626 693 3695 plicem
743 3631 1038 3682 cruciatum
1088 3638 1192 3683 tam
1224 3646 1287 3684 ex
1322 3631 1518 3702 frigore
1547 3650 1702 3704 quam
1753 3652 1816 3690 cx
1847 3636 2085 3707 jejunio?

499 3715 696 3780 Quanti
725 3717 1028 3771 desiderant
1048 3722 1274 3772 saturari
1302 3719 1368 3774 de
1393 3720 1534 3774 foliis
1557 3724 1782 3787 olerum,
1816 3739 1934 3793 quae
1959 3742 2086 3792 pro-

498 3807 757 3875 jiciuntur
805 3809 871 3862 de
917 3813 1140 3878 coquina
1193 3815 1346 3866 mea?
1394 3814 1584 3880 Quanti
1634 3817 1834 3871 vellent
1881 3821 2085 3888 tingere

495 3911 684 3964 panem
742 3915 896 3952 suum
942 3902 992 3953 in
1027 3912 1230 3955 zemate
1268 3903 1382 3972 (57)
1413 3905 1553 3972 quod
1604 3906 1887 3974 projiciuut
1927 3910 2081 3976 coqui

496 3990 637 4041 mei?
669 3991 862 4054 Quanti
893 3993 1112 4058 cupiunt
1159 3993 1244 4044 vel
1290 3992 1516 4048 odorare
1543 3997 1744 4061 vinum,
1775 4001 1912 4065 quod
1961 3999 2081 4051 fun-

494 4081 636 4132 ditur
670 4082 719 4133 in
751 4083 968 4135 cellario
999 4085 1152 4138 meo?
1182 4086 1376 4150 Quanti
1406 4099 1528 4140 sunt
1569 4088 1620 4140 in
1653 4089 1867 4144 civitate
1898 4089 1996 4143 ista
2025 4091 2078 4144 in

494 4167 593 4222 hac
621 4169 748 4221 hora
779 4173 1068 4240 peregrini,
1101 4190 1204 4227 nou
1239 4175 1495 4229 habentes
1523 4177 1610 4230 ubi
1645 4179 2000 4246 hospitentur.
2027 4193 2077 4235 et

493 4255 546 4309 in
576 4257 691 4310 foro
717 4259 920 4327 jaceat,
952 4261 1180 4317 fortasse
1220 4274 1274 4318 et
1307 4265 1479 4332 pluvia
1512 4265 1828 4321 madefacti?
1860 4275 2074 4337 Quanti,

492 4356 673 4413 putas,
705 4348 903 4402 habent
953 4361 1121 4405 totum
1153 4368 1421 4419 mensem,
1457 4357 1536 4409 vel
1569 4359 1725 4410 etiam
1767 4360 1920 4426 duos,
1971 4377 2075 4417 nun

490 4446 770 4506 gustantes
816 4441 1015 4494 oleum.
1049 4445 1240 4509 Quanti
1274 4457 1396 4499 sunt
1423 4448 1510 4514 qui
1542 4463 1646 4500 non
1690 4449 1890 4504 habent.
1939 4453 2074 4506 alte-

489 4541 605 4578 rum
639 4528 1012 4584 vestimentum
1046 4533 1097 4585 in
1129 4543 1334 4599 aestate,
1367 4543 1421 4588 et
1447 4536 1671 4590 alterum
1713 4539 1764 4592 in
1797 4541 1992 4605 hieme,
2021 4553 2074 4595 et

489 4619 561 4671 ita
594 4618 820 4674 miseriis
869 4625 1212 4693 allliguntur?
1242 4625 1318 4678 Tu
1365 4643 1487 4680 vero
1536 4639 1863 4698 exspectans
1911 4633 2070 4687 etiam
2105 4620 2155 4678 D

486 4717 739 4765 (sternam
766 4713 1156 4779 jucunditatem
1208 4717 1438 4786 assequi,
1473 4727 1528 4772 et
1581 4721 1754 4773 vinum
1787 4723 1929 4778 bibis
1957 4765 1971 4789 ,
2023 4735 2078 4779 et

489 4801 661 4867 pisces
691 4804 951 4858 immanes
996 4806 1242 4872 devoras,
1275 4817 1328 4861 et
1357 4809 1410 4862 in
1452 4811 1712 4865 cubiculis
1745 4813 2074 4884 demoraris,

489 4891 647 4943 modo
677 4903 853 4948 autem
885 4911 1004 4949 cum
1059 4899 1307 4951 omnibus
1347 4901 1503 4956 malis
1559 4907 1693 4958 etin
1743 4912 2079 4976 coopertorio

490 4981 705 5050 triginta
731 4999 826 5037 sex
859 4987 1237 5041 numismatum
1274 4999 1324 5044 te
1371 4991 1653 5048 calefacis?
1684 4995 1958 5052 Veraciter
2003 5000 2076 5055 ita

487 5073 678 5128 vivens
701 5086 756 5129 et
781 5076 833 5130 in
864 5078 953 5130 tali
986 5079 1252 5134 laxatione
1280 5096 1627 5150 conversaris,
1659 5103 1760 5140 non
1789 5103 2072 5158 exspecta-

491 5166 570 5220 bis
600 5168 708 5222 illic
760 5171 1069 5237 praeparatis
1099 5172 1306 5240 gaudiis
1363 5173 1495 5240 frui,
1527 5177 1621 5230 sed
1651 5179 1837 5233 audies
1890 5183 2073 5252 utique

485 5261 623 5323 q-md
679 5269 733 5312 et
789 5262 939 5315 dives
992 5262 1332 5328 ille‘audivit
1365 5265 1541 5336 (Luem
1595 5275 1708 5338 va)
1754 5288 1766 5324 :
1806 5272 2070 5344 Recepisti

491 5356 638 5412 qona
736 5345 789 5400 in
865 5351 972 5404 vita
1048 5360 1138 5410 tua
1175 5403 1188 5425 ,
1267 5371 1524 5424 pauperes
1556 5374 1683 5414 vero
1710 5363 1878 5429 mala;
1928 5381 2072 5421 nunc

486 5447 611 5497 eth
638 5435 1005 5504 cousolantur,
1037 5451 1089 5493 tu
1115 5457 1241 5495 veto
1261 5446 1534 5502 cruciaris.
1560 5450 1878 5508 Benedictus
1904 5455 2069 5524 Deus,

486 5518 707 5574 huunlis
734 5523 967 5580 Joannes
1003 5529 1107 5582 alia
1139 5543 1294 5586 nocte
1325 5549 1428 5588 non
1458 5547 1795 5607 cooperietur
1824 5544 1935 5597 illo.
1977 5518 2070 5598 Ju;

485 5619 623 5662 stum
653 5623 731 5665 est
767 5616 907 5670 enim
929 5660 944 5683 ,
991 5630 1042 5673 et
1073 5621 1208 5676 bene
1254 5637 1527 5695 acceptum
1561 5630 1690 5697 Deo,
1720 5643 1773 5686 ut
1826 5645 2068 5704 tegantur

484 5713 697 5754 centum
731 5711 905 5772 potius
935 5713 1277 5783 quadraginta
1301 5729 1530 5785 quatuor
1558 5723 1750 5779 fratres
1779 5735 1836 5781 et
1861 5728 2063 5785 domini

486 5801 590 5858 tut,
619 5808 775 5861 quam
811 5808 858 5850 tu
911 5801 1114 5858 infelix.
1167 5807 1614 5868 chuudabantur
1644 5817 1786 5870 enim
1837 5829 2068 5886 quatuor

2196 2007 2298 2061 hoc
2325 2010 2621 2063 mercedem
2651 2024 2755 2062 non
2786 2010 3045 2062 modicam
3076 2009 3257 2064 habet.
3288 2008 3483 2063 Attulit
3516 2016 3703 2060 autem
3725 2007 3786 2059 ad

2195 2097 2562 2152 credulitatem
2589 2100 2736 2153 verbi
2759 2109 2814 2154 et
2839 2102 3199 2154 testimonium
3234 2115 3421 2165 verax,
3453 2100 3607 2168 quod
3647 2099 3784 2152 circa

2194 2199 2435 2244 Sanctum
2467 2191 2821 2260 Epiphanium
2851 2201 2905 2245 et
2931 2191 3190 2246 Joannem
3219 2192 3333 2259 (60)
3355 2193 3683 2260 episcopum
3704 2189 3787 2244 Je-

2194 2281 2588 2352 rosolymorum
2639 2281 2835 2336 factum
2865 2291 2968 2348 est,
2998 2281 3267 2352 quomodo
3292 2293 3517 2335 sanctus
3556 2279 3784 2348 Epipha-

2193 2372 2313 2424 nius
2344 2385 2440 2439 per
2480 2381 2649 2426 artem
2694 2374 2810 2427 tulit
2838 2385 3116 2443 argentum
3151 2374 3498 2441 patriarchae,
3534 2373 3784 2426 videlicet

2191 2455 2414 2514 Joannis
2441 2459 2702 2528 ejusdem,
2724 2473 2778 2516 et
2804 2463 2954 2517 dedit
2973 2463 3270 2533 egentibus.

2263 2549 2374 2603 Car
2410 2550 2550 2605 XXI.
2583 2582 2652 2592 —
2685 2551 2910 2622 Dignum
2938 2562 2994 2607 et
3018 2570 3309 2624 congruum
3343 2555 3613 2616 praedicto
3645 2556 3783 2622 rapi-

2192 2640 2302 2694 tulo
2325 2642 2590 2697 referebat
2617 2645 2780 2699 semel
2803 2659 2982 2699 coram
3011 2647 3260 2702 omnibus
3285 2650 3384 2701 iste
3413 2657 3676 2710 sanctus,
3704 2648 3780 2698 di-

2191 2745 2354 2788 cens:
2389 2733 2677 2800 Habebam,
2711 2736 2898 2805 inquit,
2931 2739 3214 2805 quemdam
3238 2740 3551 2792 ministrum
3577 2740 3632 2792 in
3661 2754 3783 2806 apo.

2192 2823 2344 2878 theca
2367 2839 2480 2880 mea
2501 2827 2551 2880 in
2580 2824 2778 2897 Cypro,
2806 2827 3016 2882 ﬁdelem
3047 2829 3218 2895 valde,
3245 2839 3297 2882 et
3320 2830 3588 2898 virginem
3617 2843 3783 2898 usque

2190 2913 2256 2966 ad
2305 2915 2506 2970 obittnn
2549 2932 2723 2972 suum.
2755 2919 2852 2972 Hic
2901 2935 3029 2990 ergo
3077 2922 3325 2975 narrabat
3376 2921 3511 2976 mihi
3557 2925 3688 2989 quia
3732 2925 3781 2975 in

2192 3003 2362 3058 Africa
2393 3007 2656 3062 existente
2703 3025 2788 3064 me
2818 3011 2958 3064 facta
3007 3022 3088 3066 est
3118 3027 3205 3067 res
3237 3013 3547 3082 hujusmodi
3588 3033 3603 3068 :
3660 3015 3782 3068 Pcr-

2191 3096 2469 3150 mauebam
2500 3099 2664 3166 enim,
2695 3101 2787 3164 ait,
2822 3117 2942 3155 cum
2974 3103 3203 3170 quodam
3259 3105 3584 3169 teloneario,
3615 3106 3781 3160 divite

2190 3183 2538 3243 vehementer
2567 3200 2621 3243 et
2667 3192 3097 3248 immisericordi.
3147 3197 3323 3252 Semel
3365 3213 3498 3267 ergo
3529 3204 3782 3268 pauperi-

2110 3255 2156 3315 (ἶ
2188 3274 2286 3330 bus
2317 3277 2367 3330 in
2399 3277 2572 3334 hieme
2603 3281 2909 3337 sedentibus
2936 3284 3001 3337 ad
3029 3284 3219 3351 solem,
3251 3255 3784 3357 sequevcaiefacien-

2192 3367 2350 3435 tibus,
2385 3383 2659 3438 creperum
2685 3373 2877 3443 singuli
2899 3374 3088 3444 domos
3111 3377 3646 3447 eleemosynatorum
3671 3382 3780 3433 col-

2187 3459 2425 3526 laudare,
2457 3471 2509 3516 et
2537 3479 2633 3532 pro
2661 3465 2739 3519 eis
2760 3481 2917 3520 orare
2946 3481 3042 3534 per
3071 3467 3309 3536 singulos
3336 3485 3552 3535 eorum,
3590 3471 3780 3525 simili-

2190 3561 2268 3606 ter
2289 3562 2343 3606 et
2361 3554 2546 3608 domos
2562 3557 2953 3626 eleemosynam
2983 3574 3085 3613 non
3109 3559 3417 3616 facientium
3441 3564 3778 3630 vituperare.

2187 3641 2330 3696 Inter
2357 3659 2474 3712 quae
2503 3648 2647 3698 venit
2677 3647 2730 3700 in
2761 3648 2994 3703 medlum
3019 3665 3202 3724 eorum
3235 3663 3291 3706 et
3321 3668 3519 3708 nomen
3543 3658 3779 3710 senioris

2185 3734 2290 3785 mei
2347 3736 2665 3800 telunearii,
2723 3747 2778 3791 et
2844 3751 3124 3808 cceperunt
3182 3742 3377 3811 singuli
3439 3745 3780 3815 interrogare

2188 3827 2485 3893 proximum
2516 3845 2529 3880 :
2565 3829 2704 3883 Vere
2755 3840 2828 3893 tu,
2866 3833 3052 3897 frater,
3083 3835 3337 3902 accepisti
3368 3835 3670 3904 aliquando
3714 3838 3780 3893 de

2183 3917 2344 3970 domo
2376 3917 2462 3970 illa
2511 3920 2968 3976 benedictionem?
3001 3924 3063 3976 Et
3091 3926 3339 3980 omnibus
3390 3929 3776 3997 interroganti-

2185 4005 2280 4058 bus
2313 4007 2562 4072 invicem,
2593 4011 2769 4064 nullus
2802 4011 3049 4067 iuventus
3070 4024 3151 4069 est
3178 4018 3452 4085 accepisse
3479 4019 3776 4087 aliquando

2181 4097 2250 4150 de
2278 4097 2436 4152 domo
2470 4101 2584 4168 ejus
2613 4104 2835 4169 aliquid.
2871 4104 3004 4159 Dicit
3046 4121 3173 4176 ergo
3202 4124 3339 4162 unus
3367 4124 3438 4163 ex
3466 4112 3545 4165 eis
3589 4130 3604 4163 :
3637 4112 3772 4178 Quid

2181 4188 2374 4241 dabitis
2404 4190 2553 4253 mihi,
2586 4201 2636 4245 et
2688 4208 2788 4263 ego
2842 4193 3099 4262 accipiam
3129 4199 3287 4252 hodie
3341 4214 3406 4253 ex
3439 4215 3506 4254 eo
3552 4201 3772 4257 benedi-

2179 4284 2444 4338 ctionem?
2489 4285 2552 4339 Et
2605 4287 2920 4343 facientibus
2965 4305 3087 4343 cum
3141 4307 3206 4345 eo
3251 4305 3488 4360 pactum,
3541 4298 3691 4351 venit
3717 4306 3772 4352 et

2179 4384 2283 4426 Stat
2311 4375 2439 4429 foris
2470 4387 2671 4444 portam
2720 4379 2929 4444 domus,
2963 4395 3279 4452 exspectans
3308 4387 3525 4452 quando
3555 4390 3624 4442 ad
3677 4390 3768 4442 do-

2178 4481 2320 4519 mum
2351 4483 2500 4522 suam
2529 4479 2910 4525 reverteretur.
2958 4473 3031 4526 Ex
3080 4475 3480 4543 dispensatione
3505 4477 3605 4532 Dei
3648 4495 3769 4548 per—

2181 4571 2442 4614 venerunt
2471 4562 2650 4630 simul,
2685 4563 2798 4632 ipse
2842 4566 3146 4634 ingrediens
3191 4579 3420 4635 portam,
3472 4580 3529 4624 et
3573 4576 3772 4628 animal

2180 4663 2394 4719 portans
2423 4653 2658 4723 siligines
2703 4673 2730 4711 a
2765 4661 3028 4728 mancipio
3060 4662 3199 4730 (61),
3232 4678 3393 4717 causa
3440 4665 3655 4731 prandii
3691 4667 3769 4731 ip-

2182 4744 2313 4795 sius.
2346 4742 2540 4798 Videns
2567 4746 2725 4814 igitur
2753 4763 3010 4817 egenum,
3059 4767 3164 4805 non
3195 4751 3477 4808 inveniens
3507 4755 3765 4824 lapidem,

2181 4845 2277 4898 per
2308 4835 2536 4888 furorem
2583 4835 2769 4904 arripit
2794 4839 3056 4910 siliginem
3098 4841 3166 4895 de
3195 4842 3415 4910 clitella,
3463 4852 3519 4898 et
3546 4845 3768 4912 jactavit
3794 4911 3808 4932 ὲ

2180 4921 2231 4975 in
2259 4923 2447 4979 faciem
2477 4926 2612 4995 ejus.
2646 4929 2738 4983 llle
2765 4946 2891 4984 vero
2919 4935 3155 5002 suscepit
3179 4949 3319 5000 eam,
3353 4947 3405 4988 et
3432 4937 3570 4990 abiit
3597 4948 3651 4990 ut
3683 4954 3770 4990 sa-

2180 5015 2452 5071 tisfaceret
2475 5020 2836 5076 confratribus
2861 5025 2994 5091 suis,
3024 5027 3163 5094 quod
3189 5042 3253 5080 ex
3283 5029 3488 5082 eisdem
3513 5031 3764 5084 manibus
3821 5037 3826 5040 '

2177 5109 2475 5176 accepisset
2502 5127 2645 5166 eam.
2698 5114 2880 5184 Itaque
2912 5129 3030 5186 post
3058 5121 3194 5175 duos
3236 5121 3350 5176 dies
3370 5127 3658 5192 aagrotavit
3685 5125 3765 5179 iu-
3817 5106 3825 5110 ν

2177 5198 2429 5254 firmitate
2447 5204 2512 5256 ad
2532 5214 2755 5260 mortem
2774 5208 2912 5264 idem
2940 5211 3282 5280 telonearius,
3301 5216 3510 5271 etvidit
3537 5217 3593 5270 in
3621 5232 3762 5276 som-

2177 5287 2260 5342 nis
2308 5292 2542 5359 seipsum
2595 5295 2854 5351 rationem
2902 5312 3219 5369 ponentem,
3269 5313 3324 5358 et
3365 5319 3561 5359 omnes
3611 5319 3759 5361 actus

2174 5394 2300 5434 suos
2343 5397 2503 5450 super
2548 5395 2802 5442 stateram
2849 5392 3154 5458 appendere
3200 5411 3213 5446 :
3270 5394 3324 5448 in
3375 5410 3480 5449 una
3540 5399 3754 5465 quidem

2174 5469 2289 5525 acie
2323 5472 2437 5543 (62)
2483 5481 2942 5546 congregabantur
2991 5482 3152 5537 Mauri
3183 5485 3397 5553 quidam
3443 5486 3760 5546 deformes.-

2175 5559 2336 5613 altera
2369 5573 2545 5618 autem
2590 5568 2733 5621 acies
2762 5569 2986 5624 aliorum
3015 5574 3370 5641 quorumdam
3399 5584 3519 5630 erat
3567 5577 3753 5637 candi-

2173 5647 2416 5702 datorum
2450 5659 2504 5704 et
2525 5653 2844 5710 terribilium
2889 5659 3089 5727 specie.
3122 5661 3222 5728 Qui
3255 5661 3385 5716 nihil
3415 5662 3753 5719 invenientes

2171 5735 2294 5791 boui
2317 5780 2331 5804 ,
2357 5749 2412 5793 ut
2440 5751 2495 5795 et
2521 5743 2618 5811 ipsi
2649 5746 3014 5813 appenderent
3039 5761 3259 5806 econtra
3291 5753 3579 5809 adversum
3616 5753 3748 5808 mala

2171 5845 2332 5898 opera
2370 5848 2486 5900 qua:
2511 5835 2736 5892 collecta
2767 5851 2920 5894 erant
2955 5858 2984 5895 a
3017 5844 3209 5900 Mauris
3259 5848 3308 5900 in
3342 5847 3458 5902 acie
3486 5847 3744 5917 ipsorum.
