3976 6400
177 279 303 338 1655

1081 249 1239 305 VITA
1281 247 1522 304 SANCTI
1563 244 1844 302 JOANNIS
1882 246 2450 307 ELEEMOSYNARII.

3273 259 3410 318 16')!

181 383 328 440 ιιιηιίε
361 369 746 429 tribulabantur
792 373 846 420 et
873 364 1239 429 tristabantur,
1272 373 1326 418 et
1369 371 1555 418 mente
1599 376 1727 414 con-
1762 358 1809 416 A
1836 358 2154 425 gentarium,
2180 359 2475 426 quidamna
2501 360 2776 415 inciderat.
2809 363 2886 416 Ad
2920 365 3243 421 locutionem
3269 383 3400 422 vero

182 466 544 532 sternebantur
593 458 658 512 ad
699 457 1038 522 alterutrum,
1067 464 1119 508 et
1161 455 1410 508 dicebant
1450 451 1634 520 :Ergo
1669 464 1738 504 ne

186 555 312 616 nihil
352 554 605 608 habemus
649 549 773 603 hic?
809 547 960 603 Tunc
1004 548 1134 602 dicit
1162 563 1298 601 unus
1346 562 1527 600 eorum
1559 562 1572 598 :
1602 544 1740 598 Vere

185 648 303 706 nihil
354 643 642 705 habemus,
697 637 796 692 nisi
844 652 999 691 unam
1052 638 1337 706 siliginem,
1379 649 1538 704 quam
1592 634 1742 688 dedit

183 748 301 794 ante
328 734 460 788 duos
485 730 601 784 dies
628 728 861 795 Christo,
895 739 948 782 et
973 729 1139 794 ipsam
1167 742 1268 780 non
1299 726 1621 779 voluntarie.
1678 723 1742 776 Et

182 825 495 884 mittentibus
525 819 602 874 eis
648 821 937 888 siliginem,
970 819 1245 886 aequalitas
1274 817 1410 872 facta
1437 825 1537 870 est.
1590 815 1743 868 Tunc

182 918 353 971 dicunt
394 909 688 964 teloneario
737 909 791 961 hi
835 909 923 976 qui
961 915 1318 975 apparuerant
1346 907 1393 959 ei
1427 903 1692 958 candidati
1725 917 1740 954 :

187 1005 341 1067 Vade,
372 1011 425 1056 et
451 1015 584 1068 auge
609 998 673 1052 ad
727 998 992 1065 siliginem
1039 995 1201 1062 hanc,
1246 1009 1365 1048 nam
1410 1008 1534 1048 vere
1573 990 1744 1046 Mauri

187 1097 270 1150 isti
292 1105 342 1148 te
374 1092 789 1160 apprehendent.
822 1089 1038 1155 Ejulans
1060 1102 1208 1156 ergo,
1232 1085 1448 1154 agnovit
1471 1100 1592 1152 quae
1636 1085 1743 1136 visa

185 1196 301 1242 sum
329 1183 395 1236 ab
425 1195 491 1235 eo
526 1195 634 1234 non
679 1194 799 1232 esse
829 1177 1120 1242 mendacia,
1154 1177 1246 1230 sed
1278 1177 1507 1229 veracia.
1558 1173 1746 1228 Omnia

191 1290 309 1330 vero
337 1286 455 1341 quae
502 1287 531 1322 a
573 1270 856 1339 juventute
905 1283 996 1321 sua
1042 1268 1401 1332 commiserat,
1433 1276 1486 1318 et
1525 1278 1746 1332 quorum

187 1380 294 1432 ipse
318 1371 429 1414 erat
455 1360 672 1421 oblitus,
705 1358 917 1410 videbat
947 1355 1229 1425 EtbiOpes
1249 1356 1372 1409 illos
1401 1369 1746 1424 congregare,

189 1461 236 1506 et
275 1452 552 1517 deportare
581 1448 647 1501 ad
682 1448 887 1511 libram,
919 1454 973 1500 et
1017 1447 1268 1498 dicebat:
1327 1445 1468 1498 Vave
1518 1442 1656 1512 (65),
1701 1443 1748 1496 si

190 1555 283 1594 una
316 1539 468 1604 siligo
509 1551 665 1604 quam
711 1536 904 1602 jactavi
937 1550 1028 1601 per
1064 1534 1296 1588 furorem
1342 1533 1413 1586 ita
1458 1532 1676 1600 profuit,
1719 1546 1748 1584 a

191 1630 386 1699 quantis
415 1627 569 1680 malis
611 1640 669 1678 se
699 1625 888 1678 liberat
937 1625 1024 1692 qui
1053 1625 1143 1677 dat
1190 1627 1240 1676 in
1287 1623 1628 1690 simplicitate
1655 1636 1748 1675 sua

1840 447 2171 500 venientibus
2215 448 2494 514 ambobus,
2543 449 2671 504 dicit
2708 452 2756 504 ei
2790 453 3024 507 novarius
3067 455 3246 510 :Audi
3284 472 3402 515 me.

1842 535 2004 598 Zoile,
2037 546 2090 590 et
2120 552 2236 591 eme
2263 553 2474 592 servum
2501 557 2682 602 unum,
2708 541 2830 610 quia
2856 543 3028 597 habeo
3051 553 3157 598 tam
3186 545 3408 610 bonum,

1842 625 2056 678 uttlicat
2091 625 2251 679 homo
2287 628 2428 695 quod
2473 633 2727 693 patricius
2755 631 2844 684 sit.
2878 633 2942 685 Et
2972 632 3191 687 audiens
3220 650 3411 704 argen-

1842 714 2005 765 tarius
2049 713 2186 780 quod
2211 729 2420 767 servum
2470 716 2708 784 haberet,
2740 719 3028 773 admiratus
3055 731 3157 785 est,
3193 733 3248 776 et
3283 723 3414 777 dicit

1844 801 1893 854 ei
1924 819 1936 851 :
1969 801 2140 854 Creile
2171 804 2323 866 mihi,
2350 805 2471 872 quia
2504 820 2607 858 non
2639 807 2885 873 possideo
2915 809 3059 862 unde
3087 824 3266 864 emere
3289 825 3413 878 pos—

1844 893 1965 944 sint.
2000 892 2132 945 Dicit
2171 894 2218 946 ei
2252 910 2460 946 rursum
2512 898 2749 951 notarius
2778 915 2792 950 :
2826 901 3018 968 Accipe
3048 910 3317 966 mutuum,
3363 911 3416 956 et

1845 994 1964 1032 eme
1996 996 2140 1044 eum,
2173 983 2392 1034 multum
2429 986 2570 1038 enim
2599 999 2679 1039 eSt
2711 986 2900 1053 bonus,
2935 1000 2988 1041 et
3012 991 3292 1044 benedicet
3323 991 3413 1044 tibi

1849 1069 1987 1123 Deus
2021 1087 2112 1138 per
2138 1087 2279 1124 cum.
2314 1075 2592 1142 Acquievit
2618 1091 2745 1142 ergo
2773 1080 2843 1142 ei,
2869 1091 2921 1130 et
2940 1080 3068 1132 emit
3093 1095 3214 1134 eum
3241 1080 3416 1133 sordi-

1847 1158 1928 1210 dis
1957 1159 2191 1213 vestibus
2219 1162 2479 1229 indututn,
2526 1167 2930 1220 numismatibus
2962 1169 3191 1236 triginta.
3237 1170 3416 1223 lielin-

1848 1263 2017 1315 quens
2048 1259 2224 1303 autem
2255 1265 2372 1302 eum
2400 1255 2659 1317 notarius,
2700 1254 2826 1307 abiit
2872 1257 3415 1325 Constantinopolim,

1850 1338 2184 1391 satisfaciens
2213 1341 2352 1406 quod
2385 1341 2512 1393 nulli
2546 1342 2648 1395 hoc
2685 1345 3069 1410 manifestaret,
3100 1357 3148 1400 et
3191 1351 3329 1416 quod
3355 1351 3420 1401 de

1851 1426 2022 1493 pretio
2047 1442 2376 1495 nequaquam
2401 1430 2500 1483 sibi
2526 1433 2803 1485 retinendo
2825 1435 3020 1502 aliquid
3057 1437 3417 1500 defraudarct,

1850 1515 1946 1566 sed
2007 1516 2109 1568 hoc
2153 1524 2320 1569 totum
2355 1520 2674 1586 pauperibus
2733 1522 2903 1576 daret.
2957 1524 3096 1591 Ergo
3142 1526 3422 1594 aliquando
3480 1518 3488 1524 ’

1857 1604 2000 1657 idem
2057 1604 2244 1658 Petrus
2289 1607 2568 1674 coquinam
2628 1609 2858 1663 faciebat
2905 1612 3121 1666 domino
3169 1632 3284 1680 suo,
3329 1617 3425 1668 ali-

194 1693 320 1776 bona
369 1717 772 1788 indigentibus?
821 1718 884 1770 Et
915 1717 980 1770 de
1011 1725 1208 1770 caetero
1258 1716 1328 1768 ita
1379 1715 1648 1768 modestus
1695 1724 1748 1768 et
1779 1693 2060 1788 Βίῖυθηίξο
2090 1707 2264 1788 alue")
2313 1695 2520 1788 lenm?
2571 1713 2775 1766 Pamms
2826 1701 2974 1767 eius:
3024 1717 3292 1770 ηυηίιυυηι
3323 1705 3423 1756 ³ιὶ-

193 1812 408 1882 prudens
439 1819 600 1878 atque
630 1824 869 1864 summus
891 1811 1315 1878 eleemosynator
1362 1807 1533 1862 factus
1561 1816 1663 1870 est,
1690 1816 1749 1860 ιιι

191 1901 339 1955 ctiam
368 1898 584 1967 corpori
610 1900 826 1968 proprio
850 1914 954 1952 non
985 1907 1244 1966 parceret.

255 1990 487 2060 Contigit
512 1991 655 2044 enim
687 1991 969 2059 aliquando
998 1991 1288 2044 secundum
1313 1979 1749 2042 consuetudinem

197 2081 478 2152 procedere
520 2096 642 2135 eum
692 2082 924 2135 diluculo
969 2082 1035 2134 ad
1065 2081 1356 2146 teloneum,
1399 2089 1452 2133 et
1485 2079 1656 2132 obviat
1699 2079 1749 2132 ei

195 2186 360 2242 nauta,
392 2177 485 2243 qui
513 2190 541 2228 a
573 2176 846 2244 naufragio
877 2176 1048 2228 nudus
1080 2184 1136 2227 ut
1175 2185 1326 2228 natus
1355 2184 1435 2246 est
1473 2184 1747 2237 evaserat;

195 2274 243 2317 et
269 2262 460 2317 cecidit
503 2275 625 2316 ante
673 2279 816 2327 eum,
855 2279 1050 2330 rogans
1079 2274 1135 2319 ut
1194 2267 1573 2333 protectionem
1613 2263 1750 2330 apud

196 2368 303 2408 eum
331 2353 664 2419 impetraret.
694 2353 783 2406 lllc
811 2368 938 2422 ergo
969 2365 1157 2421 putans
1187 2353 1329 2422 quod
1359 2367 1556 2422 egenus
1580 2361 1742 2416 esset,

196 2442 506 2507 exspoliavit
550 2455 608 2495 se
657 2443 996 2508 es'Ophoriutn
1029 2443 1139 2512 (64)
1185 2459 1378 2508 suum,
1429 2442 1568 2510 quod
1615 2442 1753 2496 illius

197 2529 372 2582 melius
399 2540 552 2596 erat,
591 2540 646 2585 et
691 2533 780 2585 dat
809 2532 880 2594 ei,
910 2534 1215 2600 rogavitque
1251 2546 1371 2585 eum
1402 2540 1459 2585 ut
1501 2532 1604 2585 hoc
1642 2533 1754 2600 ipse

198 2621 496 2676 vestiretur.
553 2623 784 2692 Pergens
832 2637 958 2677 vero
1002 2623 1090 2677 ille
1117 2632 1171 2677 et
1197 2625 1518 2679 erubescens
1565 2625 1752 2678 vestiri

198 2709 312 2771 hoc,
341 2711 494 2764 dedit
527 2713 650 2765 illud
685 2713 943 2766 venditori
975 2721 1031 2766 ut
1059 2715 1485 2768 venumdaretur.
1517 2715 1582 2768 Et
1632 2729 1754 2768 cum

197 2802 466 2854 recederet
489 2803 831 2866 telonearins,
863 2803 990 2854 vidit
1019 2802 1120 2854 hoc
1139 2817 1475 2870 suspensum,
1499 2814 1550 2858 et
1579 2807 1755 2858 trista-

197 2900 272 2946 tus
293 2905 368 2948 est
389 2910 418 2944 v
437 2895 774 2958 ebemeuter;
800 2903 854 2948 et
875 2894 1168 2948 ascendens
1190 2894 1404 2948 domum
1425 2911 1597 2960 suam,
1625 2895 1755 2948 nihil

195 2998 366 3051 passus
411 2997 507 3037 eet
552 2993 798 3052 gustare;
842 2985 933 3038 sed
973 2984 1228 3038 claudens
1253 2985 1448 3039 ostium
1489 2986 1755 3038 conclavis

1852 1783 2063 1850 quando
2109 1785 2160 1835 in
2210 1785 2446 1851 quolibet
2495 1787 2680 1839 horum
2711 1800 2976 1842 assuetus.
3009 1791 3207 1844 Afﬂixit
3247 1803 3423 1847 autem

1850 1873 2088 1942 seipsum
2117 1884 2172 1927 et
2212 1873 2417 1943 jejunio
2441 1877 2624 1930 multo.
2655 1879 2783 1932 Cum
2816 1895 2942 1933 vero
2974 1881 3191 1935 vidisset
3235 1898 3294 1936 se
3334 1885 3426 1938 beo

1854 1964 2029 2017 nedici
2079 1965 2327 2019 dominus
2358 1967 2471 2034 ejus
2523 1983 2682 2034 super
2725 1985 2935 2025 omnem
2977 1973 3418 2038 benedictionem,

1851 2055 1981 2107 dicit
2013 2054 2085 2119 ei,
2122 2057 2508 2110 verecundatus
2539 2075 2810 2114 enormem
2842 2061 2958 2130 ejus
2986 2063 3236 2118 virtutem
3260 2077 3314 2120 et
3337 2068 3424 2120 hu-

1853 2148 2128 2224 militatem
2156 2166 2168 2200 :
2208 2149 2357 2214 Volo,
2395 2151 2607 2204 humilis
2638 2152 2809 2217 Petre,
2845 2154 3071 2208 liberare
3092 2164 3163 2220 te,
3193 2165 3247 2210 et
3269 2165 3324 2210 ut
3345 2158 3418 2211 sis

1852 2237 1918 2290 de
1948 2237 2152 2306 reliquo
2181 2238 2347 2292 frater
2375 2255 2544 2293 meus.
2577 2241 2668 2295 llle
2700 2258 2824 2295 vero
2850 2245 3038 2298 noluit.
3083 2245 3297 2300 Viderat
3327 2263 3422 2301 au-

1853 2339 1962 2384 tem
2006 2345 2126 2383 eum
2157 2329 2463 2399 frequenter
2489 2335 2724 2386 convicia
2758 2337 3026 2401 perferre,
3059 2346 3110 2390 et
3142 2339 3347 2405 percuti
3392 2356 3421 2391 a

1854 2425 2125 2476 conservis
2154 2424 2284 2478 suis.
2313 2423 2586 2478 Habebam
2609 2438 2784 2480 autem
2813 2442 2932 2480 eum
2967 2438 3212 2498 tanquam
3235 2446 3422 2486 amen-

1857 2525 1980 2579 tem,
2010 2515 2079 2569 ita
2110 2524 2169 2569 ut
2203 2524 2258 2570 et
2287 2532 2481 2570 nomen
2530 2519 2576 2570 ei
2611 2518 2941 2586 impoaerent
2969 2522 3231 2574 Amentis.
3282 2523 3424 2588 Quo-

1858 2607 2165 2675 tiescunque
2214 2621 2342 2675 ergo
2394 2608 2720 2661 tribulabant
2768 2625 2887 2662 eum
2921 2613 3163 2664 conservi
3209 2613 3324 2677 sui,
3369 2623 3424 2668 et

1857 2696 2234 2776 dormiebatin
2267 2698 2627 2763 tribulatione,
2656 2701 2941 2767 apparebat
2969 2702 3015 2755 ei
3049 2703 3137 2770 qui
3163 2703 3212 2754 in
3250 2703 3428 2758 Alrica

1859 2788 1936 2842 illi
1984 2799 2324 2855 apparuerat,
2375 2792 2598 2844 vestitus
2646 2793 2936 2859 esophorio
2966 2793 3103 2861 ejus,
3139 2804 3326 2848 tenens
3373 2805 3427 2848 et

1858 2877 1945 2930 illa
1975 2879 2186 2946 triginta
2232 2879 2548 2931 numismata
2601 2879 2654 2932 in
2691 2895 2879 2945 manu,
2933 2881 3115 2936 dicens
3163 2885 3262 2936 ei:
3310 2884 3428 2937 Noli

1860 2976 2079 3020 muastus
2123 2981 2262 3036 esse,
2313 2969 2471 3022 frater
2503 2971 2676 3031 Petre,
2708 2986 2807 3039 ego
2848 2973 3053 3039 suscepi
3101 2983 3155 3027 et
3202 2973 3425 3042 pretium

198 3077 292 3138 sui,
371 3070 615 3130 sedebat
671 3070 895 3142 plorans
941 3089 998 3134 et
1069 3077 1350 3144 cogitans:
1389 3077 1518 3142 Quia
1554 3092 1658 3130 ηοη
1684 3077 1755 3130 [υἱ
1782 3057 1828 3120 C
1861 3058 1955 3120 tui,
1989 3057 2078 3110 sed
2113 3067 2355 3110 sustenta
2388 3072 2550 3128 usque
2579 3061 2702 3112 dum
2732 3064 3087 3129 cognoscaris.

205 3166 401 3231 dignus,
456 3168 647 3234 inqttit,
682 3177 735 3221 ιιι
776 3168 880 3220 tnei
925 3170 1234 3222 memoriam
1276 3167 1498 3220 haberet
1533 3181 1756 3235 egenus.

205 3245 326 3306 Cum
371 3267 500 3323 ergo
546 3258 871 3320 anxiaretur,
920 3256 1270 3318 obdormivit;
1327 3264 1382 3309 et
1428 3270 1552 3311 ecce
1625 3255 1762 3309 vidit

206 3343 478 3411 quemdam
534 3349 835 3414 speciosum
913 3355 1159 3414 tanquam
1234 3346 1442 3409 solem,
1503 3347 1760 3399 ferentem

205 3448 404 3491 crucem
439 3453 604 3505 super
630 3446 786 3505 caput
810 3453 961 3492 suum
986 3447 1040 3490 et
1064 3437 1424 3505 esophorium,
1445 3437 1583 3505 quod
1603 3437 1764 3491 dede-

207 3536 284 3580 rat
335 3536 550 3595 nautaa,
613 3530 953 3584 assistentem
995 3531 1093 3584 sibi
1137 3541 1190 3583 et
1259 3531 1521 3584 dicentem
1574 3547 1586 3580 :
1628 3530 1765 3595 Quid

208 3618 396 3683 ploras,
421 3619 638 3673 domine
664 3619 866 3675 Petrei
897 3621 1006 3674 Hoc
1031 3621 1171 3674 enim
1204 3631 1318 3674 erat
1346 3622 1392 3674 ei
1424 3636 1638 3675 nomen.
1673 3621 1766 3676 llle

209 3723 326 3761 vero
355 3711 512 3772 dixit,
567 3719 624 3763 ut
661 3711 726 3764 ad
770 3712 932 3765 Deum
963 3711 1240 3778 disputans
1279 3727 1292 3762 :
1324 3711 1480 3777 Quia,
1511 3709 1762 3776 Domine,

206 3809 266 3848 ex
295 3799 487 3864 quibus
538 3799 745 3867 largiris
774 3800 950 3863 nobis,
983 3800 1169 3853 damtts
1197 3800 1375 3863 alicui,
1422 3806 1478 3852 et
1517 3797 1568 3850 in
1615 3810 1767 3866 turpe

206 3885 402 3939 lucrum
438 3898 650 3942 vertunt
675 3890 1015 3957 accipientes.
1042 3890 1190 3943 Tunc
1217 3889 1342 3944 dicit
1367 3891 1414 3944 ei
1441 3907 1453 3940 :
1480 3889 1768 3959 Cogtioscis

209 3975 337 4029 hoc?
369 3977 435 4031 Et
479 3980 710 4032 ostendit
739 3981 789 4034 ei
821 3983 940 4049 quia
975 3981 1186 4036 deiutus
1216 3983 1443 4036 vestitus
1471 3993 1611 4038 esset
1653 3984 1768 4052 ejus

206 4065 505 4132 esophorio.
551 4067 685 4123 Dicit
736 4070 783 4123 ei
814 4087 828 4122 :
863 4072 1002 4125 Ecce
1051 4087 1149 4139 ego
1185 4071 1278 4126 illo
1319 4076 1534 4135 vestior,
1563 4089 1628 4128 ex
1663 4090 1770 4144 quo

205 4153 388 4209 dedisti
421 4157 552 4211 mihi
583 4159 711 4221 hoc;
741 4169 796 4213 et
822 4160 1020 4228 gratias
1048 4176 1147 4230 ago
1176 4164 1428 4217 voluntati
1461 4173 1561 4219 tua:
1584 4167 1768 4233 bona,

205 4246 450 4312 quoniam
480 4245 678 4316 frigore
703 4249 999 4319 afﬂigebar,
1028 4261 1081 4304 et
1109 4262 1162 4304 tu
1185 4253 1504 4318 coeperuisti
1544 4270 1649 4308 me.
1691 4255 1771 4310 Ad

204 4349 262 4390 se
289 4352 413 4406 ergo
451 4353 720 4405 reversus,
751 4340 1046 4395 admiratus
1073 4350 1174 4405 est,
1202 4351 1256 4396 et
1283 4341 1447 4410 cmpit
1468 4343 1772 4399 beatiticare

1935 3169 2061 3223 Post
2089 3168 2300 3236 aliquod
2331 3184 2455 3222 vero
2501 3182 2731 3239 tempus,
2759 3181 3022 3226 venerunt
3047 3189 3074 3225 a
3119 3176 3284 3242 patria
3314 3179 3432 3246 ejus

1864 3260 2076 3329 quidam
2106 3261 2307 3327 argenti
2340 3261 2670 3328 venditores,
2703 3273 2757 3317 ut
2783 3278 2995 3319 orarent
3037 3268 3102 3319 ad
3154 3269 3266 3321 loca
3313 3285 3434 3322 san-

1865 3361 1948 3403 cta
1965 3367 1979 3413 ;
1999 3359 2051 3404 et
2078 3349 2319 3404 invitavit
2341 3367 2431 3405 eos
2457 3353 2520 3405 ad
2545 3355 2821 3420 prandium
2843 3355 3092 3411 dominus
3109 3358 3308 3412 domini
3337 3359 3434 3414 Pe-

1869 3439 1960 3502 tri;
1987 3450 2042 3493 et
2068 3456 2187 3494 cum
2217 3439 2559 3507 ministraret,
2589 3444 2762 3496 statim
2796 3446 2882 3497 ille
2911 3449 3156 3513 cognovit
3186 3464 3298 3506 eos.
3324 3451 3431 3518 Ipsi

1866 3538 2040 3582 autem
2087 3531 2208 3582 dum
2256 3530 2602 3595 prandercnt,
2638 3540 2913 3600 coeperunt
2957 3536 3234 3602 at‘ligurare
3274 3553 3429 3600 eum,

1866 3627 1920 3671 et
1944 3620 2173 3672 invicem
2203 3619 2266 3672 ad
2295 3634 2448 3672 aures
2473 3619 2650 3674 dicere
2678 3638 2691 3674 :
2725 3623 2890 3687 Quam
2933 3623 3127 3677 similat
3158 3640 3288 3693 puer
3332 3628 3433 3681 iste

1866 3711 2082 3764 domino
2112 3711 2268 3765 Petro
2302 3712 2605 3766 teloneario.
2637 3713 2728 3768 llle
2765 3731 2892 3769 vero
2915 3717 3229 3783 occultabat,
3261 3734 3432 3784 quan-

1868 3811 1979 3854 tum
2011 3811 2235 3870 poterat,
2265 3805 2461 3856 vultum
2506 3818 2682 3860 suum.
2718 3806 2912 3860 lterum
2944 3823 3072 3877 ergo
3099 3809 3430 3864 comedenti—

1870 3895 1967 3948 bus
1996 3896 2092 3960 eis,
2125 3907 2398 3963 coeperunt
2419 3896 2593 3951 dicere
2614 3898 2678 3950 ad
2704 3913 2822 3951 eum
2844 3898 2932 3966 qui
2962 3914 3053 3953 eos
3085 3901 3433 3955 invitaverat:

1871 3986 2009 4041 Vere
2038 3996 2302 4053 putamus,
2347 4002 2432 4042 res
2463 3988 2554 4042 tibi
2578 4004 2762 4059 magna
2793 3989 2988 4052 evenit,
3019 3991 3230 4044 domine
3256 3992 3434 4057 Zoile;

1873 4080 2088 4145 etenim,
2140 4079 2240 4133 nisi
2288 4095 2548 4144 erramus,
2583 4079 2843 4148 publicam
2873 4096 3150 4149 personam
3194 4083 3247 4137 in
3280 4085 3436 4139 mini-

1872 4170 2036 4223 sterio
2069 4177 2157 4222 tuo
2187 4169 2368 4224 habes.
2415 4170 2598 4236 Neque
2625 4171 2764 4224 enim
2798 4172 3037 4226 sciebant
3063 4174 3279 4242 certius,
3313 4175 3438 4242 quia

1873 4267 1988 4311 erat
2007 4257 2074 4310 de
2099 4259 2324 4326 coquina
2353 4268 2410 4311 et
2450 4257 2653 4328 jejunio
2680 4270 3036 4314 commutatus
3075 4263 3250 4317 vultus
3295 4266 3435 4332 ejus.

1873 4347 1970 4400 Diu
2003 4346 2162 4416 igitur
2194 4347 2651 4404 considerantibus
2693 4364 2836 4416 eum,
2883 4351 3010 4405 dicit
3037 4367 3170 4406 unus
3207 4368 3272 4408 ex
3311 4356 3435 4410 eis:

205 4440 398 4496 egenos
420 4437 477 4484 et
517 4430 736 4485 dicere:
770 4430 912 4484 Vivit
940 4431 1213 4490 Dominus.
1242 4434 1286 4487 si
1313 4432 1498 4502 inpes
1529 4435 1770 4488 Christus
1795 4417 1850 4478 ι)
1877 4435 2012 4490 Vere
2039 4436 2286 4492 dominus
2334 4437 2522 4492 Petrus
2561 4447 2662 4502 est,
2709 4452 2920 4508 surgam
2966 4449 3020 4494 et
3060 4443 3253 4496 tenebo
3291 4458 3436 4498 eum.

205 4530 356 4572 meus
385 4529 530 4584 sunt,
581 4533 683 4575 non
709 4520 935 4586 moriar,
965 4530 1022 4576 et
1061 4523 1182 4576 liam
1223 4531 1472 4592 tauquam
1519 4538 1657 4578 unus
1700 4539 1766 4578 ex

273 4699 547 4756 Accersito
584 4715 713 4756 vero
741 4703 949 4756 notario
975 4717 1095 4768 suo,
1141 4717 1300 4772 quem
1327 4710 1384 4758 et
1411 4712 1648 4769 emerat,
1689 4703 1773 4758 di-

206 4789 276 4842 cit
306 4792 355 4845 ei
386 4808 398 4842 :
426 4791 703 4847 Secretum
729 4793 852 4846 volo
880 4794 1100 4848 credere
1131 4793 1262 4857 tibi;
1290 4803 1344 4848 et
1367 4793 1549 4858 crede,
1579 4794 1624 4847 si
1647 4807 1770 4862 pro-

206 4881 466 4948 palaveris
493 4870 604 4950 me,
629 4883 867 4939 barbaris
893 4885 1115 4939 vendam
1141 4895 1216 4949 te,
1233 4895 1323 4940 aut
1341 4887 1386 4940 si
1413 4884 1773 4955 nonaudieris

204 4983 312 5024 tne.
339 4971 439 5025 Dat
458 4987 584 5027 vero
598 4973 840 5028 eidecem
870 4974 1026 5027 libras
1040 4975 1242 5040 auri,et
1269 4975 1395 5028 dicit
1413 4975 1462 5028 ei
1488 4992 1502 5028 :
1532 4975 1697 5041 Vade,
1722 4982 1776 5029 et

205 5071 322 5113 eme
353 5061 446 5115 tibi
469 5064 769 5132 negotium;
800 5073 853 5116 et
895 5077 1046 5117 sume
1073 5079 1176 5127 me,
1209 5071 1264 5117 et
1303 5063 1410 5117 duc
1447 5066 1499 5118 in
1539 5075 1777 5120 sanctam

204 5146 497 5215 civitatem,
544 5161 594 5205 et
624 5152 796 5205 vende
830 5167 912 5205 me
958 5152 1174 5207 cuilibet
1200 5152 1523 5219 Christiano,
1555 5164 1608 5208 et
1660 5170 1778 5223 pre-

207 5244 337 5298 tium
367 5247 432 5300 da
461 5250 796 5317 pauperibus.
827 5248 1044 5303 Notario
1071 5261 1249 5304 autem
1294 5259 1599 5314 recusante,
1645 5251 1775 5306 dicit

206 5335 256 5386 ei
287 5337 480 5392 iterum
508 5357 522 5393 :
552 5341 808 5406 Quoniam
839 5342 882 5394 si
913 5357 998 5395 me
1027 5357 1131 5395 non
1164 5341 1489 5409 vendideris,
1527 5359 1628 5413 ego
1648 5359 1777 5398 ven-

203 5422 320 5476 dam
373 5433 436 5481 te
466 5428 730 5494 barbaris,
761 5439 820 5484 ut
848 5431 1066 5498 praedixi
1116 5433 1229 5487 tibi.
1269 5433 1515 5488 Obedivit
1557 5449 1685 5502 ergo
1723 5436 1774 5489 ei

201 5513 479 5582 notarius;
510 5525 563 5568 et
591 5519 1018 5584 pervenientibus
1044 5520 1122 5574 eis
1151 5521 1217 5574 ad
1247 5531 1428 5576 sancta
1461 5522 1594 5586 loca,
1618 5525 1772 5579 inve-

199 5599 278 5651 nit
302 5599 452 5656 idern
480 5608 712 5662 notarius
740 5609 966 5661 amicum
999 5623 1148 5664 suum
1180 5610 1418 5676 charum,
1449 5612 1652 5666 fabrum
1690 5628 1774 5668 ar-

1879 4525 2042 4580 Valde
2069 4527 2210 4580 enim
2240 4527 2527 4595 imperator
2545 4527 2789 4599 audiens,
2834 4529 3073 4584 tristatur
3110 4532 3177 4586 de
3199 4547 3286 4598 eo,
3318 4534 3439 4601 quia

1877 4615 2074 4670 dudum
2128 4630 2235 4670 non
2283 4617 2598 4683 comparuit.
2635 4615 2785 4670 Foris
2833 4618 3012 4686 itaque
3051 4628 3201 4674 stans
3241 4623 3440 4675 audivit

1878 4703 2021 4770 haec;
2052 4714 2104 4759 et
2134 4718 2339 4772 ponens
2365 4707 2596 4759 catinum
2625 4721 2656 4759 a
2683 4720 2764 4770 se,
2789 4721 2893 4760 non
2919 4715 3000 4761 est
3029 4708 3316 4776 ingressus,
3344 4715 3440 4764 sed

1879 4805 2026 4851 recto
2055 4811 2212 4850 cursu
2241 4797 2474 4850 cucurrit
2502 4796 2567 4849 ad
2599 4805 2825 4864 portam.
2875 4798 3002 4852 Erat
3044 4799 3220 4868 itaque
3259 4801 3308 4854 ei
3349 4807 3440 4869 qui

1879 4899 1999 4940 eum
2030 4895 2156 4940 tunc
2185 4886 2413 4941 habebat
2440 4886 2689 4940 ostiarius
2721 4895 2895 4940 mutus
2936 4897 2988 4941 et
3011 4891 3204 4942 surdus
3231 4905 3261 4942 ει
3299 4892 3438 4945 nati-

1878 4977 2060 5042 vitate,
2090 4979 2180 5046 qui
2207 4993 2301 5046 per
2326 4987 2508 5031 nutum
2541 4987 2715 5033 tamen
2747 4980 3018 5048 aperiebat
3052 4990 3106 5035 et
3134 4982 3437 5038 claudebat.

1881 5069 2160 5124 Festinans
2175 5083 2303 5138 ergo
2329 5083 2516 5123 servus
2538 5069 2631 5122 Dei
2660 5069 2828 5134 exire,
2851 5069 2975 5123 dicit
2996 5071 3157 5122 surdo
3177 5079 3232 5123 et
3253 5083 3399 5124 muto
3424 5095 3437 5123 ;

1878 5157 1996 5212 Tibi
2026 5157 2148 5211 dico
2173 5159 2225 5211 in
2254 5158 2464 5213 nomine
2495 5156 2713 5210 Christi.
2747 5157 2836 5212 Ille
2857 5172 2983 5210 vero
3003 5158 3210 5211 audivit
3236 5159 3436 5224 statim,

1879 5258 1934 5306 et
1957 5249 2095 5304 dixit
2119 5268 2131 5302 :
2158 5251 2350 5313 Etiam,
2380 5249 2612 5304 domine.
2663 5248 2854 5303 lterum
2887 5263 3013 5303 vero
3041 5249 3131 5303 ille
3169 5250 3233 5302 ad
3276 5265 3397 5303 eum
3423 5269 3439 5307 :

1880 5341 2060 5409 Aperi.
2093 5339 2384 5408 Respondit
2433 5349 2612 5393 mutus
2640 5347 2693 5394 et
2741 5339 2933 5392 surdus
2971 5339 3244 5393 secundo:
3290 5340 3438 5410 Ego,

1879 5431 2316 5488 domine.Statim
2333 5446 2460 5501 ergo
2471 5431 2721 5494 surrexit,
2745 5441 2797 5485 et
2817 5432 3021 5500 aperuit
3040 5430 3109 5484 ei.
3127 5431 3189 5483 Et
3210 5440 3442 5486 exeunte

1879 5539 1964 5587 eo,
1990 5524 2148 5579 subiit
2172 5523 2442 5588 ostiarius,
2475 5529 2530 5575 et
2558 5522 2806 5575 clamavit
2832 5535 3010 5574 coram
3041 5520 3286 5574 omnibus
3304 5535 3439 5588 gau-

1881 5615 2010 5668 di-ns
2059 5623 2110 5668 et
2155 5614 2446 5676 exsultans;
2479 5614 2598 5681 quia
2640 5611 2838 5665 audivit
2881 5619 2936 5664 et
2961 5612 3165 5665 locutus
3192 5617 3297 5676 est,
3332 5607 3442 5664 Do-

2321 5854 2365 5886 Ι
