3976 6454
518 313 658 371 1655
1348 340 1351 345 -
1580 301 1863 361 LEONTII
1901 296 2364 357 NEAPOLITANI
2400 292 2710 351 EPISCOPI
3657 287 3784 345 1ὓῦῑί

534 431 695 491 ηιξκιε,
739 422 978 477 Domine.
1032 421 1193 475 Porro
1219 420 1461 473 omnibus
1489 418 1575 485 qui
1623 421 1674 468 in
1703 415 1889 468 eadem
1930 412 2090 464 domo
2115 414 2165 467 Α
2192 406 2312 473 quia
2345 420 2515 474 usque
2543 404 2700 457 hodie
2729 400 2976 470 putabam
3003 399 3141 468 quod
3171 397 3251 491 vel
3280 396 3488 491 aliquid
3521 395 3781 491 tacerem,

533 487 692 569 erant
711 509 1025 580 perterritis,
1047 509 1294 576 quoniam
1318 506 1739 559 audiebanteum
1763 503 2089 570 loquentem,
2194 495 2328 549 datis
2352 510 2485 564 quas
2514 497 2713 548 habere
2758 507 2974 561 possum
3021 489 3297 558 pecuniis;
3341 487 3654 541 nesciebam
3699 501 3783 538 au-

532 605 723 660 itcrum
749 597 875 655 dicit
903 600 991 654 ille
1015 597 1278 667 quondam
1309 606 1484 649 mutus
1522 614 1535 647 :
1569 594 1659 647 Ille
1682 593 1769 660 qui
1812 590 2093 659 coquiuam

536 693 782 757 faciebat,
815 690 1204 753 exiitcurrens,
1237 687 1327 740 sed
1358 686 1531 739 videte
1559 700 1624 737 ne
1655 681 1793 735 forte
1820 682 1938 750 luga
1982 680 2097 746 lap-

537 800 628 838 sus
658 783 747 849 sit,
776 797 998 849 magnus
1026 782 1165 832 enim
1198 791 1381 831 servus
1409 775 1500 829 Dei
1531 784 1630 827 est.
1674 773 1896 838 Quando
1924 770 2081 823 disce-

534 874 714 937 debat,
747 870 881 923 dixit
922 868 1051 922 mihi
1099 883 1112 919 :
1143 866 1259 919 Tibi
1290 864 1407 917 dico
1437 865 1487 917 in
1519 863 1728 915 nomine
1778 859 2013 921 Domini;
2041 866 2097 911 et

539 979 660 1018 mox
690 962 795 1017 vidi
821 963 888 1016 de
914 977 1005 1015 ore
1034 962 1148 1030 ejus
1177 967 1455 1013 exeuntem
1483 956 1769 1013 ﬂammam,
1801 960 1856 1006 et
1875 960 2095 1018 tangen-

541 1065 644 1108 tem
672 1068 827 1107 aures
858 1067 1035 1117 meas;
1067 1061 1122 1106 et
1142 1050 1318 1103 statim
1341 1047 1539 1110 audivi,
1563 1054 1617 1099 et
1640 1046 1845 1098 locutus
1866 1057 2004 1095 sum.
2030 1040 2098 1093 Et

540 1141 860 1199 exsilientes
927 1147 984 1192 et
1055 1140 1353 1207 sequentes
1447 1153 1568 1192 eum
1617 1137 1812 1200 cuncti,
1867 1134 2093 1187 ulterius

539 1248 641 1283 non
675 1232 917 1284 viderunt
966 1245 1108 1283 eum.
1151 1226 1301 1281 Tunc
1343 1225 1709 1295 penitentiam
1740 1236 1927 1276 omnes
1970 1235 2095 1290 age-

537 1320 679 1381 bant,
712 1319 799 1388 qui
831 1319 884 1370 in
911 1316 1069 1371 domo
1099 1317 1185 1369 illa
1229 1326 1401 1378 erant,
1449 1323 1504 1369 et
1532 1315 1648 1381 ipse
1693 1312 1941 1367 dominus
1981 1309 2097 1379 ejus

538 1412 624 1477 qui
649 1410 861 1463 Petrum
882 1416 1105 1475 emerat,
1131 1407 1251 1475 quia
1282 1408 1333 1459 in
1362 1406 1452 1460 tali
1515 1404 1897 1459 exhonorantia
1929 1401 2099 1454 humi-

543 1500 760 1553 liassent
783 1512 928 1564 cum,
950 1505 1005 1551 et
1033 1496 1260 1550 maxime
1282 1495 1334 1548 hi
1357 1510 1444 1571 qut
1471 1495 1734 1548 vocabant
1754 1509 1873 1548 eum
1901 1493 2100 1546 Amen-

2193 592 2300 637 tem
2331 583 2470 652 quod
2500 592 2553 638 et
2575 584 2781 651 seipsos
2807 580 3122 644 venderent,
3150 578 3380 649 quadam
3407 578 3787 646 compasslono

2193 675 2454 742 superati.

2264 784 2391 838 Car.
2421 782 2611 836 XXIII.
2649 813 2706 824 —
2741 781 2969 847 Semper
3007 778 3222 850 quidem
3264 778 3576 832 honorabat
3601 791 3789 831 moria.

2194 871 2405 925 chicum
2437 872 2652 926 schema
2681 881 2899 924 sanctus
2931 871 3036 934 hic,
3076 878 3132 923 et
3159 867 3369 922 colebat
3410 874 3469 921 et
3497 867 3795 933 compatie-

2196 962 2370 1027 batur,
2400 962 2485 1016 ubi
2520 963 2748 1016 maxime
2778 961 3070 1028 aspiciebat
3122 958 3449 1012 monachum
3481 954 3781 1024 corporali-

2194 1051 2293 1104 bus
2323 1051 2642 1105 utilitatibus
2675 1056 3036 1115 angustatum.
3085 1047 3328 1104 Habebat
3356 1058 3542 1101 autem
3591 1051 3654 1098 et
3698 1043 3793 1098 hoc

2195 1155 2358 1209 super
2389 1144 2582 1195 multos
2633 1141 2980 1208 prtecipuum,
3034 1141 3154 1209 quia
3199 1137 3607 1192 accusationem
3665 1149 3793 1200 qua-

2198 1231 2556 1299 lemcumque,
2588 1229 2703 1283 sive
2732 1230 3066 1294 mendacem,
3098 1228 3214 1281 sive
3240 1240 3524 1290 veracem,
3560 1239 3673 1275 non
3716 1238 3797 1274 su—

2196 1320 2453 1388 scipiebat
2482 1327 2669 1373 contra
2713 1318 2943 1384 aliquem
2969 1315 3434 1371 circumamictum
3468 1309 3798 1366 monachico

2197 1410 2408 1464 habitu.
2435 1410 2613 1464 Semel
2640 1409 2782 1462 enim
2815 1407 2997 1462 evenit
3041 1421 3108 1462 ex
3151 1406 3490 1460 immissione
3539 1414 3800 1470 quorum-

2197 1501 2321 1556 dam
2384 1502 2810 1561 criminatorutn,
2861 1497 3146 1567 pertulisse
3216 1510 3335 1549 eum
3387 1493 3604 1562 aliquid
3654 1490 3803 1544 tale:

541 1597 670 1643 'em’
2197 1588 2436 1657 Quodam
2467 1587 2728 1641 monacho
2748 1596 2968 1656 gyrante
2994 1585 3046 1639 in
3082 1584 3304 1637 civitate
3328 1597 3455 1636 cum
3488 1580 3679 1650 puella
3705 1593 3801 1631 una

611 1676 704 1729 ila;
733 1682 858 1729 sunt
910 1674 1196 1729 beatissimi
1228 1687 1258 1727 a
1309 1672 1422 1728 Deo
1460 1671 1703 1725 honorati
1744 1668 1965 1724 Joannis
2009 1684 2095 1736 pa-

2214 1664 2501 1746 iuvencula,
2531 1687 2586 1733 et
2616 1686 2827 1747 petente
2856 1679 3253 1747 eleemosynam
3285 1690 3382 1744 per
3402 1674 3527 1727 dies
3549 1673 3791 1740 aliquot.

543 1765 787 1819 triarchtc
831 1766 1182 1820 narrationes.
1212 1762 1328 1817 Non
1367 1763 1537 1816 solum
1583 1762 1723 1815 enim
1766 1761 1834 1814 de
1861 1759 1966 1813 vita
2006 1774 2103 1813 sua

2214 1769 2418 1839 quidam
2476 1769 2565 1837 qui
2615 1768 2717 1821 hoc
2765 1766 3048 1831 viderant,
3096 1764 3477 1830 ‘scandali'zati,
3538 1772 3599 1817 et
3624 1762 3801 1816 existi—

543 1866 820 1910 coutentus
848 1865 962 1910 erat
991 1855 1255 1909 volentem
1288 1854 1543 1921 prolicere
1590 1851 1876 1915 aediﬁcare,
1917 1843 2103 1905 ver'tnn
2204 1867 2414 1912 mantes
2435 1857 2575 1927 quod
2605 1858 2795 1911 mulier
2817 1856 2934 1926 ejus
2963 1866 3127 1921 esset,
3152 1857 3449 1909 attulerunt
3475 1851 3801 1923 patriarcha

541 1947 699 2000 etiam
725 1947 791 2000 de
818 1945 927 1999 Deo
951 1945 1181 2013 acceptis
1206 1954 1260 1997 et
1295 1941 1574 1997 Veracibus
1600 1941 1942 1996 relationibus
1971 1942 2103 2015 suis,

540 2044 595 2091 et
621 2035 828 2089 dicebat
854 2048 1064 2101 semper
1086 2034 1202 2088 haec
1228 2032 1563 2087 audientibus
1593 2050 1607 2085 :
1639 2032 1694 2088 Si
1735 2031 1948 2100 proprio
1979 2045 2105 2084 san-

541 2126 685 2195 guini
713 2138 816 2180 non
859 2133 1210 2194 pepercerunt
1255 2123 1466 2193 quidam
1506 2124 1795 2187 hominum,
1840 2121 1931 2175 sed
1968 2121 2109 2175 hunc

544 2215 807 2270 dederunt
855 2217 904 2269 in
950 2230 1138 2268 manus
1162 2211 1410 2278 fratrum,
1463 2215 1569 2266 imo
1593 2213 1815 2277 Christi,
1844 2209 2108 2279 quomodo

544 2312 696 2373 putas
729 2318 826 2358 nos
862 2316 980 2358 cum
1011 2303 1283 2357 alacritate
1310 2312 1364 2357 et
1407 2303 1702 2356 humilitate
1740 2300 1998 2355 debemus
2041 2299 2109 2353 de

544 2395 875 2449 facultatibus
899 2395 1094 2448 nostris
1122 2393 1251 2447 dare
1272 2392 1483 2447 Christo
1507 2403 1560 2446 et
1584 2392 1767 2461 egenis
1792 2400 1953 2459 atque
1979 2402 2110 2458 pau-

545 2484 776 2553 peribus,
809 2496 862 2538 ut
888 2485 1430 2552 recompensationem
1460 2483 1780 2550 recipiamus
1812 2490 1846 2535 ‘a
1882 2482 2025 2549 justo
2055 2490 2109 2535 et

545 2574 847 2628 mercedum
874 2571 1142 2629 redditore
1170 2574 1298 2638 Deo,
1318 2574 1372 2626 in
1394 2573 1479 2626 illa
1505 2572 1733 2626 timenda
1763 2576 1818 2625 et
1841 2570 2106 2625 horrenda

544 2664 900 2718 retributionis
953 2664 1072 2735 die?
1115 2656 1245 2730 Qui'
1270 2679 1411 2718 nunc
1453 2666 1679 2717 seminat
1724 2676 1905 2731 parce,
1951 2676 2109 2730 parce

544 2764 598 2808 et
635 2760 821 2820 metet;
850 2769 901 2809 et
929 2758 1016 2823 qui
1045 2758 1271 2811 seminat
1300 2758 1351 2809 in
1403 2754 1874 2816 benedictionibus,
1914 2754 1968 2807 id
2003 2763 2106 2817 est,

546 2843 690 2912 large
714 2853 768 2899 et
789 2845 1208 2912 magnanimiter,
1234 2846 1595 2912 multipliciter
1617 2854 1670 2900 et
1692 2851 1854 2899 metet
1877 2840 1959 2913 (11
1988 2842 2106 2897 Cor.

546 2935 658 3000 ut);
692 2934 790 2987 hoc
816 2942 916 2997 est,
948 2935 1084 2988 bona
1113 2934 1198 2988 illa
1224 2933 1561 2989 htereditabit
1583 2948 1699 3003 quae
1725 2944 1935 2989 omnem
1962 2945 2112 2987 men-

547 3031 651 3076 tem
676 3026 1068 3077 transcendunt.
1618 3026 1622 3031 ’

2203 1956 2389 2001 contra
2420 1962 2542 2002 eum
2572 1948 2841 2014 querelas,
2873 1944 3152 1999 dicentes:
3185 1944 3411 2012 Propter
3437 1943 3605 2012 quid,
3638 1958 3672 1996 a
3699 1941 3802 1996 Deo

2206 2037 2488 2101 honorate,
2539 2035 2763 2104 derogat
2811 2034 2931 2088 talis
2984 2034 3237 2103 angelica:
3284 2033 3649 2109 monachicae
3682 2030 3802 2109 qvita

2208 2126 2487 2191 Schemati,
2522 2125 2750 2193 puellam
2781 2120 3060 2192 quamdam
3090 2123 3295 2177 habens
3322 2108 3661 2176 mulierem?
3686 2119 3800 2175 Ilo:

2203 2230 2334 2286 ergo
2363 2215 2455 2268 Dei
2501 2216 2752 2277 famulus,
2804 2224 2998 2281 putans
3045 2211 3333 2282 prohibere
3383 2223 3587 2266 contra
3644 2210 3800 2265 Deum

2205 2305 2487 2359 commissa
2518 2312 2754 2370 peccata,
2784 2314 3031 2371 tanquam
3058 2303 3146 2369 qui
3175 2303 3240 2355 ad
3275 2302 3378 2356 hoc
3424 2302 3500 2355 ab
3541 2315 3617 2356 eo
3659 2312 3800 2357 esset

2207 2402 2516 2463 provectus,
2551 2394 2809 2462 praecepit
2832 2395 3115 2448 mulierem
3144 2394 3357 2463 quidem
3383 2392 3623 2463 ﬂagellis
3651 2392 3799 2455 caedi,

2207 2495 2263 2537 et
2288 2483 2522 2550 separari
2553 2483 2619 2536 ab
2645 2494 2743 2550 e’o;
2774 2485 2948 2552 ipsum
2973 2494 3147 2540 autem
3168 2482 3470 2549 verberari,
3500 2493 3562 2538 et
3592 2484 3651 2538 in
3678 2498 3793 2538 car-

2204 2586 2332 2628 cere
2361 2574 2571 2627 secreto
2599 2572 2824 2628 recludi.
2858 2570 2996 2627 Dum
3026 2574 3153 2643 ergo
3181 2589 3303 2629 cum
3332 2574 3483 2628 'om‘ni
3514 2575 3797 2629 celeritate

2204 2667 2377 2739 iussio
2423 2669 2591 2723 sancti
2621 2667 2674 2722 in
2706 2674 2839 2737 Opus
2884 2668 3220 2736 procederet,
3267 2668 3521 2737 apparuit
3565 2667 3620 2721 ei
3654 2678 3802 2720 nocte

2209 2775 2306 2829 per
2329 2761 2498 2814 visum
2520 2758 2833 2826 monachus,
2862 2761 3149 2814 'ostendens
3170 2761 3219 2814 ei
3249 2760 3472 2813 dorsum
3503 2773 3675 2813 suum
3698 2773 3795 2826 pu-

2213 2850 2495 2904 trclactum
2525 2849 2654 2919 (non
2693 2859 2975 2917 parcentes
3015 2850 3157 2904 enim
3187 2851 3496 2904 ceciderant
3535 2865 3668 2903 eum
3702 2848 3799 2903 Ec-

2210 2939 2393 2994 clesiae
2418 2939 2750 3009 defensores)
2775 2936 2963 2994 dicens
2992 2939 3041 2994 ei
3075 2957 3088 2992 :
3120 2938 3194 2993 Ita
3233 2940 3403 3007 placet
3424 2939 3549 3003 tibi,
3581 2938 3801 2992 domine

2217 3030 2545 3096 patriarcha;
2583 3030 2684 3083 hac
2740 3038 2841 3083 una
2900 3030 3016 3084 vice
3075 3029 3262 3084 errasti
3295 3040 3351 3083 ut
3393 3029 3601 3093 homo;
3651 3029 3801 3083 crede

618 3112 744 3165 CAP.
774 3111 937 3166 XXII.
968 3141 1037 3153 —
1063 3113 1315 3167 Omnibus
1341 3126 1467 3181 ergo
1516 3112 1676 3167 rectis
1722 3115 1957 3168 moribus
2009 3113 2109 3168 iste
2136 3106 2182 3168 C
2213 3119 2364 3185 mihi,
2395 3122 2514 3188 quia
2543 3121 2610 3173 de
2651 3120 2896 3190 proximo
2922 3120 3004 3174 est
3047 3116 3151 3173 vita
3180 3129 3234 3173 et
3258 3126 3427 3173 inors.
3476 3120 3551 3172 Et
3584 3122 3705 3172 hac
3730 3120 3801 3172 di-

548 3212 763 3254 sanctus
786 3201 1093 3266 adornatus,
1125 3217 1221 3255 nec
1262 3201 1361 3255 hoc
1388 3202 1633 3265 carebat;
1666 3202 1819 3256 valde
1851 3205 1994 3256 enim
2024 3204 2112 3256 di-

552 3291 743 3359 ligebat
783 3293 956 3358 eloqui
1001 3294 1068 3345 de
1093 3293 1296 3346 actibus
1334 3304 1634 3346 sanctorum
1678 3294 1910 3358 Patrum,
1944 3302 2000 3348 et
2022 3309 2112 3348 co~

550 3400 664 3439 rum
713 3387 799 3452 qui
849 3387 1208 3455 eleemosynte
1254 3388 1487 3440 cultores
1521 3390 1749 3441 luerunt.
1799 3388 1950 3443 Unde
1993 3402 2113 3442 cum

549 3491 649 3528 una
675 3477 878 3530 dierum
911 3479 1159 3530 recitaret
1185 3477 1251 3532 de
1282 3479 1388 3530 vita
1433 3480 1601 3532 sancti
1649 3472 1973 3546 Serapionis,
2021 3479 2112 3546 qui

548 3568 831 3620 vocabatur
859 3567 1165 3629 Sindonius,
1214 3578 1269 3621 et
1306 3569 1568 3623 inveniret
1611 3585 1731 3623 eum
1790 3571 1872 3639 (ut
1925 3570 2113 3641 fertur)

548 3659 794 3711 amictum
824 3673 974 3710 suum
1011 3658 1224 3712 dedisse
1250 3672 1420 3727 egeno
1446 3658 1704 3728 (Pallad.,
1737 3676 1850 3730 cap.
1899 3658 2018 3727 83),
2062 3668 2118 3713 et

548 3748 738 3801 iterum
763 3747 1030 3814 paululum
1056 3750 1381 3815 processisse
1416 3748 1580 3814 illinc,
1610 3760 1664 3804 et
1704 3752 1868 3819 frigus
1895 3753 2114 3820 patienti

548 3841 814 3897 obviasse.
863 3847 920 3893 et
965 3838 1039 3892 illi
1083 3840 1312 3894 tunicam
1354 3843 1660 3909 praebuisse,
1694 3855 1745 3898 et
1776 3843 1895 3911 quia
1946 3844 2117 3897 nudus

547 3930 785 3994 sedebat,
820 3941 1274 3985 teuens‘sanctum
1319 3933 1693 4001 Evangelium;
1723 3948 1771 3988 et
1814 3935 2115 4004 interregn-

550 4032 635 4074 tus
665 4037 694 4072 ει
725 4022 950 4089 quodam
982 4039 997 4075 :
1039 4022 1167 4088 Quis
1217 4032 1268 4077 te
1308 4024 1642 4091 exspoliavit,
1670 4024 1839 4079 abba?
1893 4025 2119 4078 demon-

549 4122 729 4166 strans
753 4124 993 4167 sanctum
1024 4113 1389 4183 Evangelium,
1430 4118 1505 4167 ait
1533 4133 1545 4167 :
1587 4116 1728 4182 Iste;
1768 4125 1827 4171 et
1852 4117 1956 4169 alio
1983 4128 2119 4170 tem-

551 4204 803 4271 porehoc
851 4204 1024 4270 ipsum
1058 4203 1399 4273 Evangelium
1429 4206 1756 4274 vendidisse,
1802 4215 1856 4260 et
1899 4207 2115 4261 dedisse

551 4289 966 4358 eleemosynam,
994 4298 1050 4344 et
1077 4291 1336 4359 discipulo
1358 4307 1455 4345 suo
1476 4292 1687 4346 dicente
1710 4310 1723 4345 ε
1748 4294 1919 4358 Abba,
1949 4295 2124 4348 Evan-

552 4376 746 4445 gelium
772 4378 861 4431 ubi
883 4378 1000 4431 est?
1030 4387 1083 4431 et
1130 4378 1220 4434 illo
1248 4379 1458 4433 dicente
1497 4381 1565 4434 ad
1602 4395 1722 4435 eum
1756 4400 1768 4432 :
1800 4382 1993 4449 Crede,
2024 4380 2118 4453 illi,

2212 3223 2361 3275 cens,
2393 3208 2642 3263 discessit
2667 3209 2734 3262 ab
2761 3223 2845 3262 eo.
2885 3206 3038 3263 Mane
3065 3219 3241 3262 autem
3278 3207 3445 3274 facto,
3484 3208 3800 3274 recordatus

2212 3311 2295 3356 est
2324 3302 2416 3355 ille
2449 3301 2638 3356 beatus
2692 3301 2914 3355 visionis
2945 3309 3237 3364 nocturnae,
3288 3309 3344 3355 et
3372 3300 3606 3354 sedebat
3652 3315 3803 3368 super

2210 3391 2407 3444 lectum
2436 3404 2591 3446 suum
2619 3396 2876 3455 mt‘estus;
2909 3374 3177 3457 mittitque
3206 3391 3409 3453 statim,
3445 3382 3502 3444 e't
3542 3398 3802 3442 convocat

2212 3494 2308 3549 per
2332 3481 2710 3535 cancellarium
2741 3494 2896 3533 suum
2924 3482 3246 3533 monachum
3295 3470 3366 3532 de
3421 3480 3545 3533 loco
3594 3478 3651 3531 in
3707 3494 3799 3546 quo

2215 3581 2331 3627 erat
2352 3574 2612 3637 reclusus,
2640 3573 2880 3643 cogitans
2910 3570 3047 3625 intra
3078 3584 3137 3624 se
3165 3570 3353 3623 beatus
3378 3571 3470 3624 ille
3500 3569 3799 3635 patriarcha

2213 3664 2259 3718 si
2288 3663 2476 3716 similis
2506 3664 2653 3716 esset
2686 3662 2762 3715 illi
2810 3662 2901 3730 qui
2932 3670 3087 3715 nocte
3129 3660 3230 3714 sibi
3276 3664 3633 3728 apparuerat.
3676 3659 3798 3712 Cum

2217 3766 2348 3820 ergo
2397 3752 2635 3806 venisset
2681 3764 2799 3804 cum
2852 3751 3030 3804 labore
3076 3744 3244 3803 multo
3281 3750 3660 3818 (nequeenim
3690 3763 3801 3816 pru-

2215 3854 2336 3913 pter
2366 3843 2544 3911 plagas
2568 3845 2770 3897 moveri
2800 3844 3051 3911 poterat),
3081 3852 3307 3909 eumque
3337 3842 3547 3894 vultum
3575 3840 3695 3908 ejus
3725 3841 3797 3891 vi-

2216 3935 2386 3989 disset
2404 3935 2729 4003 patriarcha,
2761 3934 3017 3987 remansit
3044 3932 3164 3986 sine
3195 3946 3325 3985 voce
3371 3933 3664 3993 immotus,
3700 3944 3796 3980 nou

2218 4023 2405 4077 valens
2430 4021 2572 4092 loqui
2603 4040 2617 4076 :
2647 4024 2757 4077 sola
2783 4028 2960 4076 autem
2982 4037 3139 4076 manu
3170 4034 3263 4074 sua
3296 4021 3469 4073 innuit
3503 4031 3563 4072 ut
3595 4020 3801 4073 sederet

2224 4126 2390 4183 prope
2416 4129 2473 4167 se
2496 4114 2553 4167 in
2579 4113 2773 4169 lectulo
2800 4128 2917 4168 suo.
2950 4112 3007 4168 ln
3052 4113 3397 4178 semetipsum
3443 4124 3583 4164 vero
3629 4124 3800 4163 rever-

2222 4216 2314 4257 sus
2344 4214 2394 4257 et
2421 4204 2677 4269 signatus,
2710 4204 2913 4271 rogavit
2946 4203 3287 4264 monachum,
3323 4200 3685 4268 prte‘ein'ct'um
3709 4200 3800 4252 ti'n-

2224 4306 2336 4363 teo,
2367 4306 2424 4351 ut
2449 4299 2564 4350 sine
2594 4295 2909 4351 verecundia
2937 4295 3259 4363 despoliaret
3296 4308 3379 4357 se,
3408 4290 3687 4360 quatenus
3728 4289 3799 4343 vi-

2232 4386 2386 4442 deret
2415 4385 2632 4440 dorsum
2668 4386 2809 4454 ‘ejus,
2855 4387 2901 4439 si
2948 4384 3023 4439 ita
3069 4390 3212 4437 esset
3255 4382 3391 4436 sicut
3435 4382 3574 4436 etin
3606 4382 3801 4434 somnis

553 4469 641 4537 qui
667 4466 801 4521 dixit
837 4469 965 4521 mihi
1000 4486 1013 4520 :
1044 4467 1229 4523 Vende
1273 4485 1390 4538 quae
1418 4470 1602 4537 babes,
1633 4480 1687 4524 et
1707 4471 1772 4525 do
1802 4474 2120 4541 pauperibus
2145 4469 2199 4531 D
2227 4479 2450 4531 viderat.
2484 4476 2582 4531 Vix
2612 4484 2740 4545 ergo
2760 4490 2946 4530 suasus
2968 4485 3027 4530 ut
3056 4476 3108 4530 id
3137 4463 3337 4543 ageret,
3368 4462 3696 4540 desp’oiihvit
3722 4472 3799 4527 se.

555 4557 769 4628 (Matth.
792 4559 933 4625 xm),
963 4558 1135 4625 ipsum
1165 4560 1379 4615 vendidi
1408 4569 1463 4614 et
1503 4560 1624 4613 dedi
1649 4564 1747 4628 eis,
1771 4562 1905 4616 utin
1930 4563 2015 4617 die
2038 4565 2123 4632 ju-

556 4649 681 4702 dicii
707 4647 995 4703 habeamus
1018 4648 1268 4703 ﬁduciam
1293 4649 1729 4705 abundantiorem
1754 4651 1895 4719 apud
1919 4652 2120 4718 Deum;

557 4750 611 4796 et
634 4740 754 4809 quia
782 4741 912 4794 alias
944 4743 1134 4796 iterum
1163 4742 1319 4796 vidua
1348 4742 1537 4796 mulier
1576 4744 1791 4811 petisset
1830 4745 1896 4796 ab
1931 4741 2120 4796 eodem

555 4840 739 4885 sancto
778 4829 1070 4897 Serapione
1097 4832 1506 4899 eleemosynam,
1537 4834 1787 4899 quoniam
1817 4832 2125 4886 esuriebant

560 4920 649 4974 lilii
682 4920 815 4989 eius,
844 4928 899 4974 et
922 4936 1027 4975 non
1057 4921 1287 4976 habente
1313 4937 1380 4976 eo
1401 4923 1598 4991 aliquid
1624 4924 1863 4989 omnino,
1906 4923 2123 4977 tradidit

559 5023 620 5065 se
643 5011 714 5077 ei,
758 5019 812 5064 ut
857 5011 1112 5066 venderet
1136 5027 1257 5065 eum
1285 5011 1354 5066 ad
1402 5014 1594 5067 mimos
1622 5014 1861 5080 Graecos,
1892 5027 2025 5083 quos
2068 5022 2125 5068 et

560 5102 893 5181 Christianos
919 5104 1044 5159 fecit
1066 5103 1119 5157 in
1155 5103 1332 5172 paucis
1363 5105 1570 5159 diebus.

631 5194 754 5249 llaec
782 5196 962 5264 legens
1000 5206 1215 5250 sanctus
1240 5198 1308 5249 de
1333 5206 1519 5250 sancte
1547 5197 1859 5265 Serapione.
1892 5200 2124 5266 stupefe-

561 5294 680 5340 ctus
709 5294 761 5340 et
788 5287 1009 5341 miratus
1030 5289 1195 5340 sancti
1223 5287 1559 5351 industriam,
1582 5298 1726 5341 totus
1757 5289 2001 5357 laerymis
2042 5289 2124 5341 in—

564 5375 730 5430 lectus
750 5376 956 5430 vocavit
978 5390 1164 5429 omnes
1189 5376 1581 5443 dispensatores
1610 5375 1874 5443 proprios,
1918 5379 2041 5444 legit
2074 5384 2130 5431 et

569 5464 649 5519 eis
671 5466 849 5519 omnia
877 5464 944 5519 de
986 5476 1171 5519 sancto
1222 5466 1537 5532 Serapione,
1589 5474 1645 5519 et
1689 5467 1818 5520 dicit
1864 5466 1929 5519 ad
1985 5480 2124 5520 eos:

571 5551 749 5618 νοω,
781 5569 813 5606 ο
865 5554 1214 5621 philochristi,
1269 5555 1392 5619 quid
1452 5557 1663 5622 prodest
1718 5556 1917 5609 homini
1967 5557 2129 5609 collu-

569 5648 748 5713 quenti
770 5647 838 5703 de
863 5649 1067 5702 actibus
1095 5658 1393 5703 sanctorum
1433 5650 1688 5705 Patrum!
1725 5649 1938 5705 Credite
1973 5648 2125 5714 mihi,

2226 4566 2360 4622 Cum
2395 4566 2520 4620 vero
2542 4567 2928 4633 despoliaretur
2954 4574 3014 4618 ut
3043 4556 3363 4618 monstraret
3390 4562 3620 4616 ders'u'm
3648 4570 3801 4613 suum

2225 4660 2343 4711 viro
2372 4667 2600 4724 sancto,
2676 4668 2776 4724 per
2876 4653 3259 4709 admirandum
3336 4654 3434 4708 Dei
3512 4653 3801 4705 consilium

2225 4747 2429 4801 solutus
2455 4754 2536 4800 est
2562 4754 2666 4814 quo
2713 4749 2828 4796 erat
2855 4743 3067 4796 indutus
3120 4736 3368 4808 amictus,
3422 4740 3479 4795 'et
3525 4741 3729 4795 cecidit
3754 4742 3803 4792 in

2226 4843 2448 4897 terram,
2475 4834 2535 4888 et
2587 4834 2837 4886 viderunt
2891 4845 3010 4883 eum
3060 4832 3247 4883 omnes
3298 4842 3416 4882 esse
3472 4827 3804 4885 eumuehum.

2228 4914 2333 4980 Sed
2368 4925 2489 4993 quia
2512 4926 2706 4977 recens
2744 4920 2878 4985 erat,
2939 4920 3068 4973 nulli
3116 4921 3219 4973 hoc
3262 4919 3535 4973 existebat
3584 4917 3806 4973 manife-

2226 5029 2387 5073 stum.
2417 5017 2728 5070 Videntibus
2755 5029 2880 5083 ergo
2909 5029 3026 5066 eum
3058 5013 3306 5066 Omnibus
3348 5023 3403 5066 et
3442 5026 3637 5067 sancto
3674 5020 3807 5079 poo-

2226 5110 2391 5175 tlﬂce,
2447 5109 2502 5164 et
2557 5107 2788 5162 maxime
2834 5105 2977 5159 dorsi
3043 5106 3157 5174 ejus
3204 5104 3500 5171 perniciosa
3552 5107 3802 5163 verbera.

2227 5199 2444 5252 mittens
2464 5208 2609 5259 mox,
2643 5195 2937 5261 segregavit
2968 5194 3084 5245 illos
3115 5194 3201 5259 qui
3230 5194 3370 5245 hunc
3401 5191 3802 5245 inconsiderate

2231 5298 2623 5343 tractaverunt.
2654 5284 3121 5338 Venerabilissinto
3153 5292 3329 5335 autem
3362 5284 3634 5334 monacho
3659 5294 3802 5335 com-

2230 5379 2389 5447 plura
2438 5376 2824 5436 rati'onabatur,
2876 5375 2926 5426 in
2973 5374 3268 5441 ignorantia
3297 5371 3480 5425 dicens
3506 5387 3569 5424 se
3600 5374 3653 5423 in
3685 5384 3800 5423 eum

2232 5472 2505 5535 peccasse,
2533 5474 2583 5518 et
2614 5465 2664 5516 in
2694 5462 2861 5515 Deum
2889 5477 3093 5514 verum.
3129 5462 3194 5513 Et
3239 5461 3288 5512 iu
3330 5463 3433 5512 hoc
3478 5457 3803 5511 admouebat

2231 5570 2354 5611 eum
2381 5557 2472 5609 ille
2498 5567 2712 5608 sanctus
2746 5570 2756 5604 :
2793 5554 2931 5619 Non,
2961 5550 3148 5619 inquit,
3194 5564 3227 5603 ο
3256 5550 3352 5612 ﬁli,
3379 5550 3450 5601 ita
3480 5549 3597 5602 sine
3625 5556 3804 5600 custo-

2232 5647 2316 5701 dia
2345 5647 2399 5700 in
2435 5645 2735 5699 civitatibus
2783 5643 3087 5695 conversari
3120 5648 3330 5709 oportet
3378 5652 3473 5693 eos
3494 5637 3585 5705 qui
3615 5642 3803 5689 sancto
