3976 6420
164 269 184 318 i
194 262 283 319 δτι

1098 218 1258 316 vim
1296 261 1539 317 S.\NCT|
1582 261 1862 318 JOANNIS
1903 261 2478 324 ncesuosvmau.

3271 279 3293 333 Ι
3305 282 3406 338 653

177 377 404 451 angelico
427 384 605 429 vestro
650 372 957 428 indumento
1004 374 1384 430 circumamicti
1430 384 1573 440 sunt,
1626 392 1738 431 ma-
1762 381 1811 439 Α
1841 381 1980 448 quod
2006 392 2247 437 mortuus
2271 398 2443 450 esses,
2477 393 2527 437 et
2552 388 2860 439 memoriam
2889 388 2959 441 tui
2983 388 3305 447 faciebamus
3329 400 3412 447 ter

180 476 311 530 xime
346 476 398 522 et
428 466 674 520 feminam
709 465 1104 521 circumducere
1152 466 1217 519 ad
1267 467 1572 520 scandalum
1605 466 1737 521 alio-

177 578 286 620 rum
311 558 621 615 videntium.
652 558 799 611 Tunc
850 557 1142 611 monachus
1186 574 1305 611 cum
1336 559 1479 612 omni
1527 560 1740 612 humili-

178 662 278 708 tate
299 651 554 703 rationem
585 647 838 701 reddebat
867 658 1072 709 sancto,
1106 648 1288 701 dicens
1319 665 1330 698 :
1381 648 1578 711 Crede,
1631 649 1735 701 do-

177 745 333 804 mine,
363 754 469 792 non
522 739 766 791 mentiar.
800 736 955 791 Gazae
1001 753 1148 791 eram
1202 748 1326 792 ante
1356 753 1554 806 paucos
1583 738 1733 805 dies;

176 845 225 889 et
254 839 478 886 exeunte
506 843 590 882 me
622 828 687 881 de
713 829 950 892 civitate,
999 838 1059 882 ut
1084 829 1321 883 venirem
1367 839 1421 882 et
1450 830 1737 883 salutarem

176 930 411 979 sanctum
451 920 695 972 abbatem
748 919 946 986 Cyrum
1000 918 1142 988 (65),
1171 918 1404 975 obviavit
1453 921 1579 972 mihi
1629 921 1743 974 haec

178 1016 307 1068 bene
335 1012 445 1064 visa
476 1010 647 1078 puella
675 1009 805 1062 foris
834 1018 1062 1076 portam,
1090 1024 1314 1077 vespere
1356 1009 1698 1063 incumbente
1725 1026 1740 1076 ;

175 1115 223 1158 et
251 1115 535 1156 accurreus
563 1100 628 1152 ad
668 1099 828 1166 pedes
854 1114 1023 1162 meos,
1055 1100 1276 1167 rogabat
1308 1108 1364 1153 ut
1393 1106 1601 1153 meeum
1628 1115 1744 1153 am—

178 1194 397 1248 bularet.
426 1190 645 1243 Dicebat
672 1190 815 1243 enim
859 1203 919 1243 se
972 1189 1251 1243 llebraeam
1307 1205 1446 1255 esse,
1501 1200 1555 1244 et
1602 1191 1745 1245 velle

179 1281 287 1336 fieri
333 1279 724 1342 Christianam;
764 1289 819 1333 et
861 1279 1023 1347 cmpit
1073 1277 1261 1332 eadem
1311 1294 1533 1336 narrare
1570 1281 1745 1336 verbis
1802 1281 1809 1287 ’

178 1371 533 1434 horribilibus,
567 1380 754 1424 utnon
805 1372 1168 1439 permitterem
1227 1372 1399 1438 perire
1452 1387 1591 1426 eam.
1657 1372 1745 1425 Ti-

177 1478 323 1519 mens
372 1462 552 1529 itaque
594 1474 692 1529 ego
733 1459 997 1529 judicium
1050 1461 1165 1524 Dei,
1195 1461 1395 1529 sumpsi
1426 1477 1566 1526 eam,
1598 1464 1746 1515 aesti-

177 1569 324 1609 mans
391 1552 533 1621 quod
582 1566 685 1605 non
737 1551 1050 1605 immitteret
1106 1553 1451 1607 tentationem
1523 1554 1749 1608 Satanas

175 1644 515 1715 spadonibus.
569 1642 874 1697 Nesciebam
933 1659 1061 1699 vero
1107 1646 1249 1713 quod
1295 1645 1493 1700 nemini
1544 1655 1745 1714 parcat.

1842 471 1893 523 in
1927 487 2089 526 anno.
2118 472 2247 527 Cum
2291 490 2417 542 ergo
2448 475 2685 528 audisset
2723 479 2859 544 quod
2890 477 2941 530 in
2989 491 3128 532 anno
3159 487 3240 533 ter
3266 479 3412 534 face-

1841 571 1958 614 rent
1991 577 2087 629 pro
2111 578 2175 617 eo
2202 563 2540 630 memoriam,
2567 566 2859 635 interrogat
2880 580 2975 621 eos
3002 568 3052 621 iu
3082 578 3188 636 Quo
3218 569 3330 635 die,
3358 579 3416 625 et

1840 650 1893 703 in
1923 666 2027 718 quo
2054 667 2236 706 mense
2277 652 2391 706 hinc
2420 655 2771 709 celebrarent.
2823 656 2890 710 Et
2942 657 3048 710 illis
3089 657 3406 726 dicentibus,

1843 742 2043 794 sanctis
2065 741 2446 810 TheOphaniis,
2473 752 2527 797 et
2548 742 2817 798 Dominica
2844 756 3025 798 sancta
3048 755 3203 816 atque
3229 761 3412 802 sancta

1845 831 2156 886 Pentecoste
2170 832 2309 903 (67),
2327 833 2463 888 dixit
2486 834 2572 889 ille
2592 853 2604 887 :
2621 834 2936 902 Quia1ribus
2958 837 3072 893 istis
3089 841 3417 906 temporibus

1844 925 2229 979 annivcniebat
2257 926 2470 993 quidam
2503 927 2816 981 candidatus
2865 938 2921 982 ut
2946 930 3044 995 sol,
3077 940 3132 985 et
3152 932 3411 987 dissolve-

1845 1012 1934 1066 bat
1965 1029 2051 1067 me
2101 1029 2131 1067 a
2160 1015 2385 1069 vinculis
2415 1015 2605 1070 ferreis
2631 1026 2686 1071 et
2709 1034 2736 1069 a
2781 1019 3053 1083 custodia;
3082 1030 3136 1075 et
3164 1022 3416 1078 movebar

1844 1103 2227 1159 deambulando
2261 1116 2367 1160 tota
2405 1107 2512 1172 die,
2556 1117 2611 1162 et
2653 1123 2813 1163 nemo
2844 1113 3261 1182 recognoscebat
3290 1127 3408 1177 me,

1846 1207 1898 1247 et
1929 1196 1979 1247 iu
2009 1195 2300 1251 crastinum
2347 1196 2657 1253 iuveniebar
2701 1200 2908 1255 vincula
2955 1202 3126 1256 ferrea
3172 1215 3412 1270 portans.

1851 1286 2067 1340 Dicebat
2088 1286 2247 1355 igitur
2263 1297 2473 1342 sanctus
2498 1294 2779 1361 episcopus
2800 1291 2923 1360 quia
2952 1307 3018 1347 ex
3043 1293 3143 1349 hoc
3162 1295 3417 1349 discimus

1848 1374 2047 1431 habere
2074 1376 2402 1433 dormientes
2447 1381 2702 1446 quietem,
2754 1382 2967 1451 quando
2995 1399 3091 1452 pro
3129 1387 3207 1440 eis
3250 1387 3416 1441 coll‘e-

1848 1472 1963 1519 ctas
1985 1467 2225 1521 facimus.

1919 1553 2049 1608 CAP.
2077 1555 2243 1609 XXV.
2274 1585 2345 1596 —
2371 1556 2522 1623 Quod
2547 1558 2600 1612 in
2630 1558 2851 1614 Actibus
2879 1564 3237 1630 apostolorum
3263 1566 3420 1620 audi-

1848 1644 2019 1698 vimus
2044 1644 2237 1700 factum
2267 1646 2404 1717 (Act.
2440 1648 2536 1717 iv),
2573 1649 2675 1702 hoc
2696 1650 3004 1719 frequenter
3031 1662 3085 1707 et
3113 1654 3235 1710 huic
3262 1670 3417 1710 com-

175 1737 328 1805 lgitur
356 1735 692 1788 venientibus
721 1734 896 1796 nobis,
936 1735 1270 1789 sanctissime
1308 1735 1485 1801 Pater,
1515 1747 1569 1790 et
1614 1751 1741 1790 ora-
1775 1742 1819 1801 Β
1848 1734 2236 1800 patientissimo
2263 1735 2555 1791 accidebat.
2583 1738 3001 1811 Videntes‘enim
3039 1744 3189 1798 multi
3220 1746 3421 1801 indesi-

175 1830 367 1884 tionem
405 1827 823 1896 perficientibus,
859 1828 1119 1896 baptizavi
1147 1843 1264 1882 eam
1290 1828 1357 1882 ad
1383 1837 1623 1882 sanctum
1652 1829 1746 1883 ab-

174 1924 286 1974 bam
308 1917 536 1988 Cyrum,
567 1930 621 1972 et
650 1920 898 1990 pyrabam
941 1934 1060 1974 eum
1099 1935 1162 1974 ea
1202 1919 1256 1973 in
1301 1920 1528 1990 simplici
1558 1922 1741 1985 corde,

170 2025 464 2081 exposcens
507 2012 771 2066 modicum
814 2022 1102 2081 sumptum,
1137 2023 1398 2082 quatenus
1439 2015 1744 2068 introduce-

170 2120 278 2160 rem
325 2118 450 2158 eam
492 2104 544 2156 in
584 2103 981 2158 monasterium.
1024 2105 1156 2158 Cum
1202 2107 1317 2158 haec
1365 2105 1601 2159 audisset
1651 2120 1745 2173 pa-

170 2195 416 2255 triarcha,
453 2193 624 2246 dixit:
654 2192 840 2260 Papae!
883 2201 1017 2262 quot
1044 2194 1338 2248 absconsos
1378 2208 1564 2247 servos
1588 2195 1746 2248 habet

170 2283 325 2346 Deus,
349 2291 403 2337 et
428 2282 694 2337 nescimus
722 2298 819 2336 nos
845 2282 1112 2338 humiles?
1139 2282 1206 2336 Et
1233 2283 1515 2337 enarrabat
1546 2285 1628 2339 his
1655 2285 1743 2353 qui

168 2384 359 2443 prmsto
386 2383 543 2427 erant
563 2370 821 2427 visionem
850 2388 1006 2443 quam
1035 2374 1242 2428 Viderat
1276 2383 1430 2429 nocte
1459 2375 1528 2429 de
1558 2390 1644 2431 eo.
1680 2376 1748 2429 Et

169 2461 384 2531 protulit
414 2461 718 2530 patriarcha
760 2471 970 2517 centum
998 2448 1313 2517 numismata
1341 2466 1406 2518 de
1436 2482 1616 2530 manu,
1649 2468 1745 2519 da-

165 2561 311 2606 turus
339 2552 388 2607 ei
424 2568 441 2607 :
479 2551 571 2605 Dei
602 2562 777 2606 autem
804 2553 1007 2607 amicus
1035 2552 1124 2607 ille
1152 2569 1275 2608 vere
1295 2557 1606 2621 monachus,
1639 2568 1743 2609 non

167 2656 354 2711 passus
397 2643 604 2710 aliquid
656 2642 898 2711 accipere
945 2658 1016 2705 ex
1065 2645 1163 2711 eis,
1219 2644 1437 2714 dignum
1491 2645 1745 2701 memoria

167 2733 382 2787 verbum
435 2733 503 2787 ad
560 2734 915 2802 patriarcham
969 2734 1175 2790 locutus
1221 2744 1323 2798 est,
1354 2734 1576 2790 dicens:
1636 2736 1747 2806 Ego

165 2824 264 2878 hoc
290 2839 397 2877 non
453 2824 680 2894 postulo,
715 2825 960 2892 domine;
993 2824 1285 2880 monachus
1322 2826 1466 2880 enim
1496 2826 1543 2881 si
1584 2825 1743 2883 fidem

169 2915 342 2978 habet,
376 2916 573 2970 horum
603 2924 709 2971 non
738 2917 965 2985 indiget.
997 2914 1053 2971 Si
1080 2924 1256 2970 autem
1299 2915 1486 2970 horum
1513 2925 1656 2986 eget,
1689 2917 1748 2970 fi-

164 3006 281 3059 dem
329 3021 441 3060 non
496 3006 674 3061 habet.
728 3006 879 3073 Quod
927 3006 1157 3060 maxime
1206 3006 1434 3073 amplius
1488 3006 1745 3062 satisfecit

1848 1832 2062 1878 nentem
2091 1825 2208 1893 ejus
2237 1835 2290 1880 et
2318 1826 2716 1882 inserutabilem
2760 1832 2903 1885 circa
2947 1842 3133 1900 gentes
3174 1849 3421 1902 compas-

1845 1915 2074 1981 sionem,
2107 1910 2457 1972 movebantur
2496 1919 2767 1976 multoties
2809 1921 2877 1976 ad
2923 1923 3200 1980 vendenda
3252 1929 3417 1983 multa

1845 2008 1914 2063 de
1939 2007 2248 2062 substantiis
2270 2006 2418 2075 suis;
2447 2018 2503 2064 et
2543 2010 2796 2077 ferentes,
2828 2014 3137 2082 praebebant
3178 2018 3273 2072 Dei
3319 2020 3415 2075 de-

1844 2108 1970 2153 voto
1995 2099 2259 2154 ministro.
2296 2099 2450 2155 Unde
2477 2109 2533 2156 et
2560 2102 2775 2171 quidam
2800 2104 3020 2159 veniens
3057 2119 3163 2161 una
3190 2106 3419 2172 dierum,

1844 2188 2103 2243 offerebat
2126 2191 2174 2243 ei
2200 2199 2404 2259 septeni
2445 2191 2608 2245 libras
2632 2193 2747 2247 auri
2775 2201 2831 2247 et
2866 2193 3162 2261 dimidiam,
3206 2198 3417 2253 satisfa-

1845 2278 1992 2332 ciens
2013 2288 2218 2346 sancto,
2263 2279 2404 2349 quod
2453 2296 2560 2335 non
2588 2283 2885 2350 possideret
2917 2285 3062 2339 aliud
3109 2285 3311 2357 aliquid
3366 2289 3419 2342 in

1846 2382 1999 2423 auro.
2027 2369 2248 2424 Petebat
2275 2380 2452 2425 autem
2473 2372 2540 2424 ab
2569 2386 2636 2427 eo
2665 2387 2785 2426 cum
2826 2375 3006 2429 multis
3030 2376 3417 2445 genuﬂexioni-

1847 2460 1947 2513 bus
1992 2468 2053 2514 ut
2080 2470 2259 2515 oraret
2287 2472 2550 2531 quatenus
2603 2463 2857 2518 Dominus
2905 2463 3041 2519 Deus
3091 2464 3258 2519 filium
3303 2470 3421 2533 eius

1845 2551 2096 2605 salvaret.
2118 2550 2508 2607 Habebatenim
2535 2568 2693 2607 unum
2719 2553 3056 2608 solummodo
3084 2554 3250 2609 tilium
3268 2557 3420 2624 quasi

1847 2656 2103 2695 annorum
2134 2642 2459 2709 quindecim,
2495 2655 2551 2697 ut
2576 2643 2860 2699 reduceret
2908 2643 3085 2698 navim
3133 2645 3247 2712 ejus
3295 2660 3416 2701 cum

1847 2737 1986 2791 bono
2011 2737 2079 2789 ab
2106 2736 2303 2802 Africa,
2343 2738 2471 2793 illuc
2500 2739 2642 2793 enim
2673 2739 2899 2794 abierat.
2942 2739 3224 2808 Accipiens
3259 2739 3420 2807 igitur

1846 2841 2085 2882 summus
2113 2828 2368 2882 sacerdos
2414 2829 2763 2898 quantitatem
2802 2830 2916 2883 auri
2963 2829 3032 2883 de
3077 2843 3238 2883 manu
3282 2829 3421 2897 ejus,

1849 2914 2078 2972 miratus
2142 2925 2227 2973 est
2295 2932 2423 2976 eum
2444 2954 2461 2982 ,
2526 2927 2630 2972 tam
2661 2934 2781 2975 esse
2810 2921 3204 2991 magnanimum
3234 2920 3301 2975 ad
3330 2919 3416 2974 of-

1847 3003 2121 3061 ferendam
2156 3015 2318 3063 totam
2355 3010 2703 3078 quantitatem
2744 3012 2862 3066 auri
2910 3026 3066 3082 quam
3095 3014 3421 3082 possidebat.

163 3100 408 3154 omnibus
455 3102 544 3170 qui
571 3101 853 3155 audierant
891 3100 1030 3167 quod
1080 3114 1265 3154 servus
1308 3100 1401 3155 Dei
1430 3101 1530 3154 iste
1559 3114 1719 3153 mona
1770 3096 1817 3158 ϐ
1847 3096 2033 3150 Oravit
2057 3098 2268 3166 quidem
2291 3097 2340 3152 ei
2368 3097 2482 3171 (68)
2512 3108 2565 3154 et
2595 3099 2650 3154 in
2679 3099 2815 3154 facie
2843 3101 3091 3168 multum,
3118 3108 3176 3155 et
3201 3102 3278 3156 sic
3297 3116 3420 3157 eum

164 3196 295 3246 chus
339 3200 515 3246 esset.
554 3189 859 3245 Genuﬂexit
890 3190 1047 3260 igitur
1077 3191 1411 3259 patriarchas,
1442 3198 1498 3243 et
1523 3190 1662 3245 exiit
1689 3189 1744 3243 in

165 3298 311 3352 pace.
346 3284 565 3339 Extunc
593 3287 751 3353 igitur
781 3286 899 3354 plus
940 3284 1240 3339 honorabat
1266 3291 1324 3339 et
1350 3282 1582 3351 hospitio
1611 3281 1747 3337 reci-

165 3376 339 3444 piebat
365 3377 686 3442 monachos,
730 3386 786 3431 et
814 3376 982 3431 bonos
1009 3378 1300 3429 aestimatos
1329 3382 1384 3429 et
1427 3374 1597 3428 malos
1629 3389 1643 3426 :
1693 3382 1748 3429 et

162 3463 464 3519 aedificabat
498 3480 621 3519 mox
650 3464 1038 3519 xenodochium
1070 3476 1334 3526 seorsum,
1374 3472 1428 3515 et
1455 3461 1746 3530 appellavit

165 3557 265 3612 hoc
293 3544 720 3625 Receptaculum
764 3559 1002 3611 omnium
1027 3555 1427 3609 monachorum.

232 3646 370 3704 CAP.
422 3647 622 3704 XXIV.
650 3677 721 3689 —
767 3646 1089 3702 Mortalitate
1136 3643 1420 3712 aliquando
1476 3643 1746 3698 civitatem

79 3746 91 3755 '
168 3738 695 3808 comprehendente,
729 3736 837 3792 ibat
888 3746 942 3790 et
988 3737 1103 3806 ipse
1153 3746 1390 3800 sanctus,
1440 3743 1501 3789 ut
1542 3732 1751 3789 videret

161 3829 415 3884 funerum
446 3828 721 3897 obsequia.
753 3825 921 3882 Valde
949 3828 1091 3882 enim
1119 3826 1327 3882 dicebat
1350 3825 1452 3880 hoc
1477 3839 1598 3879 esse
1624 3840 1748 3893 pro-

159 3918 380 3984 ficuum,
417 3930 476 3974 et
519 3919 884 3988 sepulcrorum
933 3919 1433 3987 considerationem.
1483 3917 1747 3973 Multoties

158 4026 288 4064 vero
318 4011 600 4065 assidebat
639 4018 696 4065 et
735 4010 817 4063 his
845 4010 956 4080 qui,
1010 4010 1268 4073 morituri,
1302 4008 1642 4063 vexationem
1692 4009 1747 4063 in

158 4101 305 4155 exitu
338 4102 542 4155 animae
570 4101 934 4170 patiebantur;
971 4109 1023 4154 et
1052 4100 1167 4170 ipse
1193 4114 1376 4153 eorum
1407 4099 1591 4153 oculos
1625 4114 1748 4167 pro-

158 4190 291 4259 priis
322 4192 578 4244 manibus
623 4190 920 4253 claudebat,
955 4190 1263 4244 memoriam
1310 4190 1508 4243 habere
1549 4206 1613 4242 ex
1647 4188 1747 4242 hoc

157 4282 552 4351 sempiternam
579 4280 781 4346 volens,
816 4289 868 4333 et
889 4295 1067 4333 curam
1096 4278 1293 4348 proprii
1321 4280 1515 4334 exitus.
1552 4278 1747 4333 Princi-

159 4371 344 4438 piebat
371 4383 555 4424 autem
584 4380 636 4423 et
682 4369 1027 4424 collectiones
1072 4385 1166 4437 pro
1216 4367 1477 4422 defunctis
1524 4370 1745 4437 impigre

1851 3185 2073 3240 dimisit.
2105 3186 2304 3241 Tamen
2341 3197 2557 3256 propter
2597 3187 2713 3257 ejus
2757 3189 2977 3243 multam
3022 3188 3205 3257 ﬁdem,
3249 3191 3424 3258 posuit

1851 3275 2043 3328 subtus
2084 3285 2323 3330 sanctam
2362 3291 2601 3331 mensam
2643 3277 2918 3347 ligaturam
2953 3281 3265 3349 quantitatis
3305 3281 3423 3335 auri

1850 3365 2153 3432 patriarcha
2187 3365 2242 3419 in
2270 3369 2509 3421 oratorio
2535 3367 2762 3422 cubiculi
2794 3368 2898 3435 sui,
2931 3376 2986 3424 et
3024 3371 3265 3439 synaxim
3296 3368 3425 3427 fecit

1850 3458 2031 3510 statim
2060 3457 2350 3525 perfectam
2374 3473 2536 3527 super
2556 3474 2673 3514 eam
2699 3474 2798 3528 pro
2822 3460 2912 3515 illo
2936 3459 3027 3530 qui
3057 3461 3192 3516 hanc
3217 3461 3424 3517 obtule-

1848 3555 1951 3611 rat,
1985 3547 2116 3601 satis
2136 3547 2452 3618 abundeque
2482 3547 2649 3604 Deum
2678 3564 2871 3619 rogans
2898 3557 3161 3619 quatenus
3182 3560 3235 3604 et
3255 3550 3423 3606 filium

1849 3638 1967 3707 ejus
1997 3639 2248 3705 salvaret,
2275 3649 2329 3696 et
2356 3655 2543 3695 navem
2567 3656 2686 3694 cum
2715 3640 2885 3696 salute
2906 3636 3205 3707 reduceret,
3233 3655 3423 3696 secun-

1848 3727 1976 3783 dum
2006 3731 2147 3799 quod
2180 3729 2354 3784 fuerat
2384 3731 2683 3801 postulatus
2735 3731 2803 3786 ab
2842 3731 2957 3786 illo.
3008 3731 3243 3787 Necdum
3292 3746 3423 3801 ergo

1852 3822 2064 3890 triginta
2097 3822 2381 3877 transactis
2408 3821 2616 3890 diebus,
2651 3821 2931 3877 defunctus
2967 3831 3051 3878 est
3076 3822 3215 3878 ﬁlius
3244 3823 3423 3877 homi-

1851 3911 1933 3965 nis
1976 3912 2116 3966 illius
2154 3912 2245 3981 qui
2281 3911 2546 3966 obtulerat
2581 3920 2789 3979 septem
2836 3910 3000 3966 libras
3047 3919 3104 3965 et
3148 3911 3423 3966 dimidiam

1849 3999 2197 4068 patriarchae;
2229 4009 2283 4054 et
2304 4002 2370 4071 ‘in
2413 4000 2567 4054 tertia
2598 3999 2686 4054 die
2713 3999 2903 4054 mortis
2947 4000 3117 4068 pueri,
3149 3999 3347 4067 recepit
3370 4010 3425 4054 et

1851 4093 2027 4159 nayim
2049 4105 2197 4144 suam
2219 4090 2287 4143 ab
2308 4088 2508 4153 Africa,
2531 4090 2582 4143 in
2606 4104 2707 4157 qua
2724 4099 2838 4142 erat
2858 4096 2912 4142 et
2933 4087 3097 4144 frater
3113 4103 3424 4157 germanus,

1849 4180 2091 4246 ejusdem
2123 4180 2219 4233 viri
2250 4180 2502 4235 creditor.
2535 4180 2599 4233 Et
2627 4181 2845 4233 veniens
2871 4179 3024 4248 juxta
3050 4170 3305 4244 Pharum,
3328 4195 3425 4234 re-

1850 4269 1969 4325 tulit
1989 4269 2256 4338 quomodo
2273 4271 2423 4325 navis
2443 4268 2771 4339 naufragium
2800 4270 3037 4339 pertulit,
3060 4281 3113 4324 et
3135 4269 3425 4339 perdiderit

1852 4369 2023 4414 totum
2047 4375 2151 4431 quo
2178 4369 2294 4416 erat
2317 4364 2491 4430 plena,
2516 4371 2570 4416 et
2592 4361 2730 4429 quod
2753 4376 2858 4414 non
2880 4371 3059 4416 essent
3079 4361 3294 4415 salvatte
3323 4360 3425 4414 nisi

159 4457 280 4531 (66)
308 4470 367 4514 et
394 4461 515 4513 sine
561 4456 724 4512 dubio
772 4462 1051 4528 perlicere.
1110 4459 1318 4511 Etenim
1369 4459 1579 4512 dicebat
1624 4461 1743 4527 quia
1773 4456 1822 4515 ο
1849 4455 2058 4520 animae,
2082 4463 2136 4509 et
2156 4470 2259 4508 una
2276 4455 2472 4533 scapha
2490 4468 2671 4507 vacua.
2696 4453 2827 4507 Cum
2848 4466 2977 4520 ergo
3000 4461 3054 4506 et
3078 4450 3217 4505 hunc
3238 4464 3423 4504 casum

154 4557 282 4603 ante
334 4559 810 4617 paucum.tempus
838 4547 1082 4617 captivus
1112 4549 1300 4602 ductus
1328 4558 1410 4601 est
1444 4547 1511 4601 ad
1554 4548 1742 4602 Persas

154 4641 409 4708 quidam,
443 4649 498 4692 et.
543 4636 873 4693 descendens
902 4638 954 4691 in
980 4637 1270 4701 Persidam,
1301 4646 1542 4691 retrosus
1581 4649 1663 4691 est
1688 4638 1743 4692 in

152 4745 443 4786 carcerem
476 4730 566 4799 qui
613 4730 975 4799 appellabatur
1012 4724 1203 4795 Lethe,
1238 4717 1336 4784 hoc
1380 4741 1481 4795 est,
1528 4731 1741 4786 oblivio.

151 4822 389 4890 Quidam
447 4834 577 4889 ergo
626 4820 886 4889 fugientes
928 4819 1094 4884 illinc,
1132 4822 1508 4889 venientesque
1558 4820 1610 4874 in
1641 4822 1744 4890 Cy‘

150 4929 337 4981 prum,
371 4921 434 4966 et
462 4911 769 4981 interrogati
808 4927 838 4964 a
873 4909 1178 4978 parentibus
1204 4910 1367 4977 illius,
1413 4911 1457 4965 si
1504 4912 1640 4966 forte
1669 4913 1746 4964 vi~

146 5003 365 5059 dissent
414 5017 563 5060 eum.
610 5001 993 5070 respondentes
1040 5001 1288 5055 dixerunt
1332 5001 1432 5066 eis,
1484 5001 1607 5071 quia
1651 5015 1748 5055 nos

148 5095 404 5165 propriis
438 5093 683 5148 manibus
710 5093 1051 5162 sepelivimus
1077 5107 1222 5147 eum.
1269 5092 1384 5146 Non
1412 5102 1588 5148 autem
1632 5100 1750 5148 erat

143 5187 252 5239 iste
273 5184 349 5238 de
381 5197 497 5251 quo
522 5180 919 5251 interrogabant
943 5196 1057 5247 eos,
1087 5180 1180 5236 sed
1201 5181 1336 5235 alius
1360 5173 1747 5235 indissimiliter

144 5290 274 5330 eum
307 5272 587 5329 siinilans.
612 5271 875 5326 Dixerunt
899 5288 1024 5327 vero
1050 5273 1128 5326 eis
1155 5281 1209 5327 et
1238 5288 1496 5336 mensem,
1525 5286 1577 5328 et
1604 5273 1745 5327 diem

146 5350 337 5421 obitus
371 5364 565 5432 ipsius.
598 5363 677 5418 Illi
704 5378 832 5419 vero
853 5374 1098 5432 tanquam
1122 5380 1219 5434 pro
1242 5375 1450 5420 mortuo
1478 5365 1747 5420 faciebant

134 5462 191 5535 ei
226 5470 349 5513 tres
398 5456 658 5512 collectas
698 5472 792 5525 per
821 5455 1053 5526 singulos
1105 5473 1296 5512 annos.
1347 5457 1476 5511 Post
1520 5465 1745 5524 quatuor

139 5550 334 5622 itaque
364 5564 551 5603 annos
575 5550 724 5603 venit
751 5548 802 5603 in
826 5549 1078 5620 Cyprum,
1106 5549 1223 5618 fuga
1265 5549 1446 5617 lapsus
1475 5563 1503 5600 a
1543 5548 1742 5602 Persis.

146 5638 421 5696 Dixerunt
457 5652 588 5709 ergo
617 5639 665 5692 ei
717 5640 837 5695 sui:
872 5636 1026 5705 Vere,
1067 5636 1250 5705 frater,
1301 5652 1398 5692 nos
1447 5636 1745 5693 audivimus

1851 4545 2135 4600 didicisset
2163 4543 2408 4598 evenisse
2433 4544 2533 4598 sibi
2558 4543 2804 4597 dominus
2828 4541 2975 4595 navis
3000 4549 3053 4594 et
3078 4549 3223 4608 pater
3246 4541 3422 4606 pueri,

1851 4634 2139 4690 secundum
2166 4634 2384 4689 verbum
2408 4632 2708 4703 Prophetas,
2750 4633 2905 4699 paulo
2922 4630 3102 4686 minus
3129 4630 3183 4683 in
3213 4630 3424 4684 inferno

1850 4726 2106 4782 habitavit
2149 4724 2322 4779 anima
2379 4724 2493 4791 ejus
2549 4722 2717 4795 (Psal.
2751 4721 2931 4792 xcm);
2990 4720 3225 4775 nonduin
3279 4721 3422 4777 enim

1852 4817 2194 4871 tribulatione
2236 4814 2327 4868 filii
2367 4814 2449 4868 sui
2480 4815 2762 4879 exstincta,
2789 4812 3192 4879 comprehendit
3220 4827 3339 4865 eum
3371 4822 3425 4866 et

1854 4905 2043 4968 navis;
2076 4904 2241 4957 relata
2274 4910 2398 4956 sunt
2443 4903 2619 4968 itaque
2660 4900 2836 4954 omnia
2878 4914 3001 4971 qua:
3037 4898 3337 4953 acciderant
3374 4902 3422 4951 ci

1853 4986 2191 5062 patriarchae,
2222 4999 2276 5045 et
2305 5004 2439 5059 pene
2469 4989 2588 5059 plus
2616 5003 2773 5057 quam
2806 4989 2850 5041 is
2879 4988 2966 5056 qui
3000 4972 3113 5041 haec
3140 5002 3422 5055 perpessus

1848 5084 2028 5137 fuerat
2054 5083 2103 5136 iu
2137 5082 2349 5135 tristitia
2380 5081 2704 5144 morabatur,
2750 5078 2979 5132 maxime
3010 5088 3226 5145 propter
3255 5079 3420 5129 tilium

1851 5173 1966 5243 ejus
1994 5174 2226 5228 unicum.
2252 5173 2504 5227 Nesciens
2533 5185 2659 5240 ergo
2686 5172 2810 5240 quid
2842 5168 3059 5231 faceret,
3089 5176 3237 5235 rogat
3264 5165 3422 5220 mise-

1853 5264 2275 5317 ricordissuuum
2307 5263 2492 5327 Deum,
2515 5272 2573 5315 ut
2589 5260 3137 5316 consolareturvirum
3161 5259 3421 5312 immensa

1854 5356 2049 5426 pietate
2079 5371 2195 5416 sua.
2222 5356 2531 5410 Convocare
2560 5356 2702 5409 enim
2723 5368 2871 5417 eum,
2903 5364 2956 5407 et
2977 5352 3237 5407 consolari
3270 5355 3319 5405 in
3346 5351 3419 5405 fa-

1852 5448 1932 5503 cie
1974 5458 2188 5501 sanctus
2238 5448 2627 5503 erubescebat:
2658 5454 3021 5502 verumtamen
3070 5444 3335 5498 mandavit
3373 5443 3420 5499 ei

1852 5548 1911 5591 ut
1936 5538 2240 5592 nullatenus
2267 5539 2609 5607 deSperaret;
2635 5552 2804 5608 neque
2824 5537 2965 5590 enim
2990 5537 3103 5590 sine
3120 5533 3267 5606 justo
3287 5534 3414 5606 indic

1852 5634 1938 5689 cio
1963 5633 2132 5689 Deum
2164 5633 2339 5688 facere
2365 5633 2582 5703 aliquid,
2617 5632 2711 5688 sed
2739 5632 2916 5687 omnia
2941 5631 2993 5685 in
3025 5631 3125 5684 hoc
3159 5629 3300 5700 quod
3322 5643 3419 5685 cx-
