3976 6426
532 233 554 288 f
568 232 668 290 659

1600 225 1874 286 LEONTII
1904 224 2371 283 NEAPOLITANI
2413 224 2719 284 EPISCOPI

3669 225 3797 282 1650

541 339 706 406 pedit,
747 335 895 404 quod
947 349 1043 389 nos
1099 333 1420 403 ignoramus.
1466 333 1603 403 Ergo
1651 346 1708 388 ut
1761 351 1866 389 non
1922 334 2106 404 perdat
2136 337 2181 392 Α
2209 349 2346 392 snm.
2374 336 2491 402 quia
2517 346 2733 404 propter
2751 336 2950 391 exitum
2970 337 3156 406 Viginti
3181 337 3459 403 librarum,
3487 338 3784 393 infirmatus

539 428 859 490 mercedem,
882 443 1036 497 quam
1061 427 1185 480 fecit
1201 427 1252 481 in
1275 436 1473 494 septem
1497 439 1546 479 et
1569 427 1782 480 dimidia
1810 427 1942 479 libra
1965 427 2102 488 auri,

538 529 592 572 et
617 519 771 572 ﬁdem
794 533 952 584 quam
979 515 1279 585 possidebat
1304 519 1440 570 circa
1463 524 1699 569 sanctum
1723 515 2102 584 patriarcbam;

539 611 646 678 jam
677 624 803 664 vero
834 617 890 662 ut
912 618 966 662 et
993 623 1089 662 nos
1117 609 1167 661 in
1200 608 1594 672 tentationibus,
1642 623 1758 676 quae
1799 608 1950 662 nobis
1980 623 2106 663 eve-

545 703 715 768 niunt,
761 702 972 768 quando
1014 699 1210 768 aliquid
1253 699 1373 753 boni
1406 699 1710 764 fecerimus,
1742 701 2108 768 impertttrbati

548 802 602 845 et
623 793 821 859 gratias
844 791 1137 846 referentes
1163 790 1228 843 ad
1257 791 1420 845 Deum
1447 807 1878 858 permaneamus;
1909 793 2036 845 vidit
2057 793 2110 846 in

545 885 747 937 somnis
783 882 892 951 jam
942 883 1114 935 dictus
1143 883 1224 934 vir
1268 883 1646 947 philochristus
1697 893 1901 948 postera
1959 895 2112 938 nocte

547 971 853 1040 quemdam,
900 972 1045 1038 quasi
1090 973 1140 1024 in
1188 972 1365 1026 habitu
1411 973 1729 1026 sanctissimi
1779 973 2108 1040 patriarchae,

545 1061 812 1114 dicentem
845 1061 942 1114 sibi
980 1079 993 1114 :
1029 1061 1093 1116 Ut
1115 1063 1239 1130 quid
1273 1063 1558 1124 tribuiaris,
1591 1067 1772 1124 frater,
1805 1073 1856 1117 et
1887 1079 2114 1118 incerare

547 1150 894 1203 diSSolveris?
925 1150 1105 1205 Nonne
1135 1160 1190 1204 tu
1219 1167 1304 1205 me
1334 1153 1526 1222 rogaSti
1561 1161 1619 1205 ut
1655 1163 1887 1218 peterem
1920 1169 1949 1206 a
1984 1155 2112 1216 Deo,

549 1247 606 1292 ut
645 1239 823 1292 salvus
868 1239 1021 1294 fieret
1061 1241 1197 1295 filius
1246 1243 1408 1296 tuus?
1455 1244 1587 1297 Ecce
1614 1244 1788 1296 salvus
1820 1245 1987 1297 factus
2013 1252 2115 1297 est.

544 1331 715 1384 Crede
748 1332 902 1397 mihi,
935 1334 977 1385 si
1009 1333 1230 1397 viveret,
1280 1349 1470 1398 pravus
1523 1345 1576 1387 et
1618 1335 1919 1387 immundus
1960 1336 2117 1389 homo

549 1422 717 1477 fieret.
748 1425 813 1476 Et
839 1425 906 1478 de
936 1427 1055 1478 navi
1081 1436 1189 1489 tua,
1216 1440 1362 1498 vere,
1391 1425 1491 1479 nisi
1524 1425 1665 1478 Deus
1695 1427 1995 1492 placaretur
2025 1439 2120 1491 pro

551 1513 692 1566 bono
720 1513 858 1580 quod
888 1512 1060 1568 fet-isti
1089 1516 1327 1582 parvitati
1360 1530 1513 1577 mem,
1543 1517 1804 1568 sententia
1835 1526 1947 1568 erat
1976 1517 2116 1578 data,

549 1613 812 1671 quatenus
843 1613 970 1667 tota,
1003 1614 1059 1658 ut
1083 1605 1245 1672 jacet,
1270 1620 1390 1659 cum
1422 1606 1700 1659 animabus
1726 1607 1776 1657 in
1802 1605 2119 1672 profundum

2207 433 2288 476 est
2327 424 2415 478 ille
2457 428 2649 478 invitus
2679 427 3125 496 elcemosynator.
3159 428 3288 482 Erat
3314 428 3458 482 enim
3490 429 3570 498 (ut
3602 428 3788 498 praedio

2207 523 2348 566 ctum
2395 515 2501 582 est)
2534 518 2683 570 valde
2723 517 3124 583 immisericors,
3182 531 3234 573 et
3290 529 3499 574 amator
3528 525 3788 588 pecuniae.

2207 601 2320 654 Non
2347 603 2609 657 sufferens
2638 621 2766 673 ergo
2795 606 2978 661 beatus
3008 623 3068 661 se
3097 608 3311 674 quidem
3340 624 3508 675 super
3550 625 3792 666 mensam

2215 695 2456 759 reficere,
2491 697 2637 750 illum
2669 710 2844 753 autem
2877 715 3038 768 super
3057 702 3251 756 lectum
3279 704 3511 759 cruciari
3542 707 3796 774 graviter,

2213 786 2457 851 pervenit
2480 785 2729 840 celeriter
2781 785 2848 839 ad
2909 803 3031 843 eum
3087 789 3173 844 ille
3233 798 3390 846 vere"
3460 799 3586 847 sine
3618 810 3799 864 super-

2215 871 2322 936 bia,
2349 884 2401 926 et
2422 873 2562 926 dixit
2586 873 2651 928 ad
2681 889 2801 928 eum
2831 877 2981 930 hilari
3006 882 3148 931 vultu
3178 896 3191 932 :
3221 879 3322 932 Fac
3347 881 3705 947 cbaritatem,
3735 885 3799 938 lili

2212 962 2408 1018 Troile.
2433 963 2686 1020 A'lstimas
2715 968 2856 1035 quod
2889 968 2938 1020 in
2981 972 3204 1025 veritate
3233 973 3468 1028 dixerim
3505 973 3607 1026 tibi
3635 978 3800 1027 fratri-

2216 1053 2316 1106 bus
2342 1054 2703 1120 hujuscemodi
2744 1057 2916 1110 dare?
2959 1061 3120 1115 crede
3149 1062 3300 1128 mihi,
3343 1079 3439 1130 per
3467 1064 3663 1129 jocum
3703 1065 3794 1117 dixi

2216 1142 2311 1195 tibi
2343 1143 2490 1197 dare.
2527 1145 2634 1212 Ego
2661 1147 2800 1199 enim
2834 1149 2973 1200 volui
3005 1162 3258 1218 prmSIare
3307 1154 3388 1205 eis
3437 1154 3665 1222 singula
3717 1171 3799 1205 nu-

2219 1233 2460 1285 mismata
2492 1244 2710 1303 propter
2737 1249 2974 1291 sanctam
3009 1241 3381 1306 festivitatem;
3415 1243 3518 1296 sed
3551 1245 3681 1312 quia
3710 1261 3797 1296 non

2220 1322 2444 1377 habebat
2471 1326 2785 1381 distributor
2807 1346 2956 1385 meus
2993 1347 3172 1386 secum
3200 1335 3568 1388 sufficientem
3603 1346 3802 1404 quant--

2222 1423 2404 1479 tatem,
2436 1416 2590 1486 hujus
2622 1421 2697 1471 rei
2727 1422 2890 1486 gratia
2920 1432 3152 1475 mutuam
3183 1424 3378 1477 dedisti
3407 1437 3536 1479 eam
3573 1426 3731 1490 mihi,
3757 1441 3804 1481 et

2220 1521 2347 1560 ecce
2397 1510 2546 1560 attuli
2602 1508 2694 1562 tibi
2753 1511 2871 1564 illas
2924 1513 3137 1582 triginta
3187 1513 3372 1569 libras.
3418 1515 3492 1568 Ut
3519 1531 3658 1569 vero
3689 1517 3806 1570 vidit

2227 1599 2573 1664 quantitatem
2604 1601 2885 1668 episcopus
2919 1603 2968 1654 in
3004 1603 3299 1658 honorabili
3342 1620 3512 1659 manu
3552 1607 3803 1671 sapientis

549 1704 815 1762 νοτίζει-ει,
856 1704 908 1748 ει
938 1698 1188 1763 perderes
1215 1693 1432 1749 fratrem
1483 1705 1652 1749 ιυιιηι,
1694 1697 1797 1750 Sed
1849 1711 2025 1762 surge,
2067 1694 2197 1751 et-B
2222 1688 2500 1741 existentis
2529 1692 2718 1744 medici
2759 1701 2811 1745 et
2842 1694 3092 1760 pastoris,
3145 1695 3306 1750 febris
3353 1697 3583 1765 quidem
3641 1697 3802 1760 subito

549 1786 781 1852 glurifica
816 1786 1001 1850 Deum,
1036 1787 1122 1854 qui
1152 1787 1296 1839 dedit
1322 1787 1415 1840 tibi
1441 1802 1584 1850 eum,
1611 1797 1662 1840 et
1692 1788 1915 1841 salvavit
1953 1788 2115 1840 filium

551 1883 697 1928 tuum
729 1876 980 1928 mundum
1007 1875 1072 1928 de
1101 1876 1204 1930 hoc
1233 1877 1428 1930 saecqu
1455 1892 1609 1930 vano.
1648 1879 1916 1948 Evigilans
1945 1880 2120 1946 itaque

549 1967 646 2029 vir,
678 1963 877 2019 invenit
905 1981 997 2020 cor
1025 1981 1177 2019 suum
1207 1969 1560 2033 consulatum,
1605 1975 1661 2022 et
1694 1971 1994 2022 universam
2027 1970 2124 2022 tri-

550 2053 741 2107 stitiam
768 2055 882 2124 ejus
910 2057 1165 2121 ejectam;
1197 2067 1249 2110 et
1279 2056 1492 2110 indutus
1521 2059 1833 2111 vestimenta
1871 2073 1984 2122 sua,
2029 2073 2124 2113 ve-

551 2145 630 2196 nit
659 2146 850 2198 cursim
897 2145 960 2197 ad
995 2145 1511 2200 hoiiorabilissimum
1546 2148 1920 2214 patriarcham,
1955 2159 2004 2201 et
2041 2148 2125 2217 j-l-

551 2244 660 2288 ctat
703 2251 761 2289 se
801 2236 864 2288 ad
913 2236 1074 2303 pedes
1121 2237 1257 2304 ejus,
1301 2240 1495 2306 gratias
1543 2251 1704 2302 agens
1735 2238 1844 2290 Deo
1873 2239 2020 2304 etei,
2071 2249 2127 2291 et

556 2342 777 2381 narrans
811 2327 1068 2381 visionem
1099 2344 1255 2395 quam
1287 2329 1513 2382 viderat.
1564 2331 1731 2394 Quam
1781 2330 2002 2383 audiens
2039 2329 2126 2398 ju-

550 2417 838 2480 stissimus,
872 2417 1011 2470 dixit
1042 2434 1055 2469 :
1087 2417 1266 2471 Gloria
1298 2418 1411 2482 tibi,
1460 2418 1685 2484 benigne
1731 2428 1783 2472 et
1823 2418 2126 2473 misericors

556 2508 733 2572 Deus,
792 2507 879 2575 qui
931 2515 984 2560 et
1027 2507 1454 2574 deprecationem
1504 2518 1838 2574 peccatorum
1881 2509 2121 2563 exaudis.

552 2599 853 2666 Iterumque
901 2599 966 2651 ad
1017 2601 1282 2653 hominem
1335 2599 1510 2652 dixit:
1543 2599 1900 2667 Nequaquam,
1955 2614 1987 2651 ο
2029 2598 2122 2664 ﬁli,

552 2691 772 2758 gratiam
809 2691 944 2744 hanc
965 2693 1192 2745 orationi
1219 2707 1349 2744 mea:
1377 2690 1630 2755 ascribas,
1657 2692 1748 2744 sed
1783 2691 1890 2744 Deo
1920 2698 1974 2744 et
2003 2690 2122 2743 fidei

554 2788 677 2846 tum,
711 2782 820 2832 haec
843 2781 982 2832 enim
1006 2783 1180 2833 omnia
1209 2780 1306 2833 ista
1329 2780 1612 2847 impetrare
1627 2780 1808 2832 valuit.
1837 2779 1962 2832 Erat
1983 2781 2125 2833 enim

556 2871 709 2924 valde
733 2871 1002 2924 humiliter
1021 2872 1253 2925 sentiens
1281 2879 1517 2936 sanctus,
1543 2871 1719 2925 verbis
1745 2871 1947 2925 scilicet
1967 2878 2125 2940 atque

556 2961 850 3029 prudentia.

2219 1776 2544 1844 disparehat,
2575 1779 2738 1849 frigus
2779 1785 2936 1836 etiam
2965 1785 3272 1852 recedebat,
3307 1786 3577 1842 fortitudo
3607 1803 3802 1859 quoque

2219 1877 2273 1923 et
2301 1872 2538 1939 corporis
2569 1871 2686 1947 ejus
2721 1874 2867 1926 calor
2913 1874 2978 1928 ad
3019 1890 3140 1929 eum
3179 1879 3645 1944 revertebantur;
3673 1889 3728 1933 ut
3750 1895 3804 1934 ex

2225 1963 2325 2017 hoc
2372 1978 2475 2016 non
2529 1975 2704 2030 posset
2759 1966 2922 2020 latere
2974 1967 3110 2021 hanc
3155 1982 3276 2023 esse
3315 1983 3541 2022 causam
3596 1981 3805 2036 repente

2224 2056 2730 2123 cutnprehenzlentis
2785 2044 2905 2112 eum
2963 2060 3417 2114 commutationis.
3495 2061 3806 2129 Suscipiens

2225 2160 2351 2212 ergo
2376 2159 2564 2199 aurum
2596 2147 2664 2200 ab
2703 2147 3024 2202 honorandis
3065 2148 3309 2202 manibus
3360 2152 3713 2215 patriarchae,
3760 2161 3807 2205 et

2229 2236 2358 2289 nihil
2413 2237 2630 2290 omnino
2675 2239 3067 2305 contradlcens,
3124 2242 3481 2310 exspectabat
3523 2245 3598 2298 ab
3627 2258 3694 2296 eo
3721 2259 3805 2311 pa-

2231 2325 2462 2378 triarcha
2521 2329 2963 2396 conscriptionem
3009 2331 3496 2386 abrenuntiationis
3550 2336 3804 2387 mercedis

2230 2428 2411 2468 earum
2439 2430 2556 2483 quae
2585 2417 2721 2470 data:
2752 2424 2876 2471 sunt
2909 2420 3124 2488 triginta
3166 2422 3281 2475 auri
3325 2421 3618 2474 librarum.
3672 2421 3803 2476 Fec‘t

2227 2514 2403 2558 autem
2431 2505 2530 2560 hoc
2575 2521 2694 2560 cum
2727 2507 2922 2576 gaudio
2961 2509 3173 2563 Troilus
3202 2512 3508 2580 episcopus,
3574 2514 3805 2566 scribens

2230 2599 2455 2666 propriis
2478 2601 2718 2653 manibus
2749 2601 2819 2654 ita
2851 2617 2863 2653 :
2889 2601 3051 2669 Deus,
3076 2603 3289 2655 domino
3313 2618 3435 2656 meo
3463 2604 3668 2658 Joanni
3692 2605 3804 2656 bea-

2230 2690 2436 2744 tissimo
2485 2691 2799 2759 patriarchae
2848 2693 3002 2759 hujus
3058 2693 3551 2749 Alexandrinorum
3613 2711 3807 2765 magna

2227 2777 2476 2842 civitatis,
2524 2778 2589 2831 da
2631 2782 2930 2835 mercedem
2966 2782 3174 2850 triginta
3222 2783 3478 2836 librarum
3528 2799 3656 2852 qua:
3695 2785 3809 2838 data

2227 2875 2352 2920 sunt
2387 2867 2501 2932 tibi,
2542 2869 2791 2935 quoniam
2841 2883 2940 2938 ego
2979 2871 3158 2939 recepi
3197 2886 3335 2925 mea.
3381 2872 3498 2926 Hoc
3552 2874 3804 2940 scriptum

2228 2955 2409 3027 itaque
2447 2971 2662 3013 sanctus
2691 2961 2980 3028 accipiens,
3011 2967 3237 3032 sumpsit
3265 2979 3450 3018 secum
3480 2974 3539 3018 et
3565 2967 3807 3020 eumdem

625 3054 752 3105 Car.
797 3051 984 3106 XXVI.
1015 3081 1084 3092 -—-
1117 3052 1374 3119 Pergebat
1397 3053 1681 3122 aliquando
1731 3052 1814 3107 hic
1851 3053 2033 3107 beatus
2059 3052 2123 3106 ad
2154 3044 2199 3106 C
2231 3052 2540 3118 episcopum
2587 3051 2653 3105 ad
2701 3054 3003 3119 prandium,
3051 3065 3107 3107 ut
3135 3056 3273 3108 enim
3307 3055 3417 3124 jam
3462 3057 3674 3111 dictum
3710 3069 3808 3122 est,

559 3142 850 3194 visitandos
881 3157 1162 3209 paupi-res,
1196 3144 1247 3195 in
1277 3146 1448 3197 locum
1475 3146 1560 3212 qui
1590 3145 1782 3198 dicitur
1803 3144 2126 3208 Ctesarium;

569 3233 676 3286 illic
706 3235 846 3285 enim
874 3235 950 3285 eis
979 3237 1174 3286 fecerat
1204 3235 1350 3300 quasi
1383 3235 1559 3288 tholos
1580 3232 1695 3302 (69)
1723 3235 1975 3302 quosdam
2006 3249 2130 3302 pro-

562 3321 718 3385 lixos,
752 3323 936 3389 ligneis
969 3323 1161 3375 tabulis
1191 3327 1490 3388 pavimento
1515 3335 1682 3377 strato
1703 3325 1766 3377 ad
1797 3326 2134 3390 requiescen-

559 3415 656 3468 dos
703 3430 814 3476 eos,
865 3425 919 3467 et
971 3416 1128 3467 simul
1161 3432 1278 3468 cum
1307 3418 1497 3469 stureis
1529 3428 1581 3468 et
1623 3419 1866 3470 racbanis
1894 3416 2009 3487 (70)
2041 3431 2133 3483 per

561 3513 721 3555 totam
757 3504 1004 3566 hiemem,
1037 3520 1155 3558 cum
1183 3505 1412 3571 quodam
1441 3509 1811 3572 episCOporum
1836 3521 2018 3558 eorum
2041 3505 2132 3573 qui

561 3609 678 3646 cum
726 3609 790 3647 eo
849 3603 1020 3657 erant,
1078 3605 1314 3648 amatore
1367 3595 1623 3660 pecuniae,
1685 3599 1917 3663 passibili
1974 3598 2133 3651 modo

563 3698 766 3750 presso.
801 3684 1046 3750 Dixitque
1074 3683 1260 3737 beatus
1294 3686 1588 3752 patriarcha
1623 3686 1686 3739 ad
1713 3701 1831 3740 eum
1870 3705 1882 3738 :
1914 3693 2042 3740 Ama
2071 3702 2135 3741 ac

561 3773 784 3839 honora,
828 3771 992 3828 frater
1026 3776 1224 3838 ’I‘ruile,
1273 3775 1461 3830 fratres
1492 3778 1685 3830 Christi
1713 3794 1727 3842 ;
1779 3779 1876 3830 huc
1911 3780 2051 3831 enim
2085 3779 2133 3831 ei

560 3874 673 3918 erat
717 3879 932 3918 nomen.
973 3864 1362 3918 Nuntiaverunt
1405 3866 1545 3918 enim
1575 3868 1789 3934 quidam
1821 3867 2134 3934 patriarchae

561 3956 699 4025 quod
729 3957 936 4025 triginta
967 3957 1129 4012 libras
1161 3960 1273 4011 auri
1309 3968 1544 4026 portaret
1574 3961 1622 4013 in
1649 3963 1760 4029 ipsa
1791 3963 1921 4017 hora
1952 3964 2136 4018 dome-

562 4051 724 4103 sticus
743 4050 980 4118 ejusdem
1010 4051 1245 4118 episcopi
1269 4052 1454 4117 Troili,
1483 4062 1537 4107 ut
1558 4063 1762 4108 emeret
1787 4056 2020 4126 speciem
2045 4071 2138 4109 ar-

562 4143 704 4208 genti
728 4142 1037 4214 anaglypbi,
1067 4144 1234 4212 gratia
1269 4161 1466 4199 mensa:
1487 4162 1617 4198 suae.
1644 4147 1937 4214 Episcopus
1957 4158 2135 4201 autem

563 4239 813 4300 tanquam
835 4234 1036 4287 veritus
1059 4248 1358 4288 sermonem
1381 4236 1714 4303 patriarchae,
1737 4239 1843 4289 imo
1864 4237 1928 4290 ad
1951 4237 2136 4291 horam

565 4323 871 4384 calefactus,
905 4323 1110 4391 singula
1140 4323 1256 4377 dari
1303 4324 1550 4377 omnibus
1595 4325 1846 4380 fratribus
1887 4328 2140 4394 praecepit

2236 3141 2411 3194 statim
2445 3157 2604 3194 sanus
2631 3141 2801 3196 factus
2833 3154 2933 3196 est.
2967 3143 3162 3199 Volens
3189 3159 3320 3214 ergo
3350 3148 3622 3201 mercedis
3649 3149 3813 3202 reddi-

2235 3239 2318 3282 tor
2345 3230 2486 3284 Deus
2515 3233 2786 3300 corripere
2817 3249 2960 3299 eum,
2992 3235 3150 3289 simul
3178 3245 3355 3290 autem
3393 3249 3448 3292 et
3491 3238 3565 3292 ad
3597 3241 3816 3294 misera-

2237 3324 2433 3374 tionem
2479 3324 2957 3378 contribulatorum
3002 3335 3055 3380 et
3105 3331 3533 3396 compassionem
3590 3329 3814 3399 erigere,

2235 3411 2466 3466 ostendit
2492 3412 2541 3466 ei
2571 3415 2756 3468 eadem
2788 3415 2875 3469 die
2920 3415 3204 3470 dormienti
3238 3429 3352 3483 post
3402 3419 3695 3483 prandium
3729 3436 3815 3487 pa~

2237 3502 2480 3555 triarelue
2501 3502 2553 3555 in
2576 3504 2800 3568 somnis,
2831 3521 2932 3573 qua
2965 3506 3208 3559 mercede
3237 3508 3473 3574 privatus
3501 3517 3675 3561 esset.
3689 3508 3816 3560 Vidit

2239 3591 2377 3644 enim
2426 3594 2506 3660 (ut
2550 3594 2642 3658 ait)
2677 3593 2918 3657 domum,
2959 3595 3109 3666 cujus
3159 3597 3617 3663 pulchritudinem
3665 3607 3817 3666 atque

2239 3681 2653 3750 magnitudinem
2703 3697 2806 3735 non
2855 3696 3026 3750 potest
3050 3700 3136 3738 ars
3168 3687 3441 3739 hominum
3493 3687 3723 3752 imitari,
3771 3698 3819 3740 et

2233 3769 2450 3838 januam
2475 3771 2627 3838 hujus
2654 3778 2818 3824 totam
2847 3788 3083 3837 auream,
3107 3784 3160 3828 et
3181 3790 3346 3841 super
3362 3776 3589 3843 januam
3614 3777 3817 3830 titulum

2239 3861 2603 3928 conscriptum
2640 3863 2890 3920 :MANSIO
2942 3880 3187 3930 aream,
3244 3882 3310 3920 ετ
3360 3881 3588 3928 neomns
3639 3869 3816 3922 Taotu

2240 3965 2490 4005 muscum.
2533 3949 2665 4004 Cum
2712 3967 2842 4025 ergo
2885 3953 3006 4019 hoc,
3054 3955 3246 4023 inquit,
3279 3957 3553 4025 legissem,
3607 3958 3821 4026 gavisus

2239 4039 2380 4105 sum,
2426 4043 2658 4100 sciebam
2687 4046 2828 4099 enim
2859 4046 3156 4099 donandam
3205 4047 3334 4099 mihi
3382 4048 3451 4099 ab
3496 4047 3824 4114 imperatore

2241 4135 2361 4189 talis
2383 4135 2574 4192 domus
2603 4137 2984 4204 epulationem.
3023 4136 3270 4190 Nondum
3300 4148 3478 4190 autem
3517 4137 3824 4205 bujusniodi

2243 4229 2379 4283 tituli
2409 4231 2912 4298 superscriptionem
2956 4230 3308 4300 perlegeram,
3347 4237 3404 4282 et
3432 4243 3561 4283 ecce
3605 4234 3822 4298 quidsi

2248 4322 2427 4386 regius
2468 4317 2846 4383 cubicularius,
2876 4319 3076 4372 habens
3112 4333 3295 4372 secum
3322 4328 3376 4371 et
3404 4319 3540 4371 alios
3572 4321 3824 4386 obsequii

567 4410 617 4465 ei
647 4410 736 4480 qui
764 4412 978 4480 triginta
1021 4413 1184 4466 libras
1229 4412 1346 4466 illas
1386 4414 1647 4482 portabat.
1705 4416 1962 4470 Celeriter
2006 4431 2127 4486 ergo

2240 4407 2438 4472 divini;
2483 4415 2539 4462 et
2577 4422 2699 4462 cum
2733 4408 3060 4474 pervenisset
3084 4405 3152 4460 ad
3179 4407 3338 4460 talem
3385 4404 3605 4461 nitentis
3635 4411 3828 4462 domus

567 4503 869 4573 huiusmodi
895 4503 1010 4558 auri
1037 4503 1306 4572 quantitas
1333 4513 1548 4575 erogata
1588 4513 1690 4560 est.
1743 4506 2134 4564 Recedentibus

569 4592 748 4661 itaque
795 4593 1050 4661 utrisque,
1102 4593 1398 4660 patriarcha
1443 4595 1664 4661 scilicet,
1696 4607 1747 4650 et
1776 4597 1866 4666 qui
1911 4597 2135 4650 invitam

569 4682 651 4752 (ut
679 4683 747 4735 ita
778 4681 972 4752 dicam)
1004 4683 1401 4753 eleemosynam
1433 4682 1653 4750 fecerat,
1680 4687 1932 4755 episcopo
1957 4687 2138 4741 Troilo

570 4771 625 4825 in
651 4772 880 4841 propriis
907 4775 1189 4841 episcOpiis
1218 4775 1362 4826 velut
1391 4774 1634 4844 quaedam
1663 4791 1848 4830 amens
1869 4785 1925 4831 et
1947 4779 2140 4832 animae

571 4866 869 4935 periculosa
899 4866 949 4920 in
979 4881 1099 4920 eum
1129 4867 1384 4937 cogitatio
1415 4867 1594 4932 irruit,
1643 4879 1859 4936 propter
1892 4870 2141 4935 pecunia-

570 4971 688 5010 rum
718 4954 1018 5019 dationem;
1064 4954 1299 5009 horroris
1325 4965 1379 5010 et
1405 4959 1607 5010 amoris
1637 4957 1895 5024 pecuniae,
1930 4967 1985 5012 et
2022 4973 2144 5013 cru-

569 5050 802 5105 delitatis
838 5057 893 5102 et
940 5046 1272 5117 negligentia:
1314 5049 1561 5116 genimen
1607 5063 1728 5103 eum
1773 5050 2094 5117 sequebatur
2123 5093 2140 5119 ,

570 5142 718 5196 febre
747 5150 897 5194 extra
922 5149 1161 5193 naturam
1191 5140 1367 5204 mista,
1402 5150 1619 5208 propter
1647 5141 1786 5207 quod
1814 5154 2042 5210 aegrotus
2067 5143 2147 5195 in-

573 5231 712 5285 vitus
756 5230 808 5282 in
852 5228 1044 5282 lectum
1087 5228 1300 5281 cecidit.
1346 5227 1770 5282 Ilebdomadario
1804 5244 1934 5298 ergo
1963 5245 1990 5281 a
2019 5245 2143 5283 san-

574 5321 812 5376 ctissimo
839 5319 1140 5387 patriarcha
1185 5318 1250 5370 ad
1281 5333 1400 5370 eum
1431 5320 1696 5381 veniente,
1728 5331 1782 5373 et
1809 5320 1872 5372 ad
1905 5335 2140 5374 mensam

575 5412 816 5482 ejusdem
846 5411 1162 5479 patriarcha:
1186 5425 1305 5464 eum
1337 5408 1609 5478 invitante,
1637 5412 1918 5478 recusavit,
1947 5412 2142 5481 frigore

576 5503 721 5557 enim
751 5512 806 5558 et
835 5503 980 5557 febre
1016 5517 1075 5556 se
1105 5501 1284 5556 vexari
1313 5516 1409 5570 pro
1449 5502 1674 5570 quadam
1715 5516 1874 5557 causa
1916 5503 2144 5558 dicebat.

580 5593 740 5664 igitur
762 5607 883 5648 cum
904 5594 1006 5648 hoc
1027 5593 1263 5648 audisset
1287 5593 1606 5663 patriarcha,
1635 5607 1758 5648 mox
1789 5593 2006 5664 agnovit
2031 5608 2149 5649 cau-

2239 4501 2474 4569 jaauam,
2522 4499 2656 4554 dixit
2683 4499 2747 4553 ad
2777 4498 3018 4568 proprios
3047 4497 3304 4553 officiales
3337 4517 3349 4552 :
3395 4501 3668 4567 Deponite
3699 4503 3826 4555 mihi

2243 4593 2474 4646 titulum.
2499 4591 2568 4646 Et
2595 4607 2715 4646 cum
2743 4593 3137 4662 deposuissent.
3186 4593 3376 4652 iterum
3402 4593 3582 4650 dixit:
3627 4596 3828 4649 Mutate

2243 4698 2388 4745 eum,
2434 4690 2491 4736 et
2536 4683 2716 4751 ponite
2742 4699 2899 4751 quem
2931 4683 3073 4738 misit
3103 4682 3251 4737 orbis
3281 4691 3546 4737 terrarum
3595 4699 3717 4738 rex.
3767 4686 3829 4739 Et

2244 4773 2538 4828 attulerunt
2565 4783 2619 4828 et
2645 4774 2927 4828 affixerunt
2954 4765 3095 4828 aliud
3137 4773 3429 4841 aspiciente
3476 4790 3580 4840 me,
3632 4791 3826 4843 super-

2247 4863 2500 4930 scriptum
2555 4862 2624 4916 ita
2662 4879 2674 4914 :
2717 4861 2920 4918 qumo
2953 4879 3176 4917 aream
3220 4877 3285 4917 ac
3331 4877 3554 4925 ιιεουιεε
3606 4864 3831 4918 «Ιοιιεεεις

2250 4967 2648 5008 Αιισειιεριςεορι
2691 4955 3077 5018 Αιεηιωιιιε,
3128 4969 3304 5007 ΕΙΡΤΔ
3345 4969 3512 5008 ιιιιιιιε
3551 4969 3828 5009 τωιδτλ.

2250 5046 2318 5099 Et
2347 5061 2467 5098 cum
2509 5046 2610 5098 hoc
2641 5045 2885 5109 vidisset,
2929 5044 3162 5098 surrexit
3202 5059 3231 5094 a
3263 5059 3475 5107 somno,
3527 5055 3582 5098 et
3638 5061 3827 5112 magno

2250 5150 2565 5202 summoque
2588 5135 2780 5201 pastori
2803 5150 2921 5201 quae
2939 5137 3048 5186 visa
3075 5144 3200 5186 sunt
3219 5133 3268 5186 ei
3299 5135 3350 5186 in
3375 5134 3580 5187 somnis
3603 5148 3825 5187 enarrao

2251 5229 2348 5281 vit.
2389 5224 2682 5279 Proficiens
2703 5239 2763 5277 ea
2791 5225 2858 5279 de
2885 5239 3044 5278 causa
3072 5223 3284 5278 Troilus
3311 5223 3625 5292 episcopus,
3658 5225 3825 5278 factus

2248 5335 2313 5375 ex
2335 5326 2462 5371 tunc
2488 5319 2913 5385 eleemosynator
2940 5315 3268 5383 magnificus.

2318 5409 2446 5464 Car.
2491 5405 2700 5462 XXVII.
2739 5435 2810 5446 —
2853 5405 3106 5459 Dominus
3132 5407 3218 5474 qui
3248 5406 3462 5460 divitias
3488 5406 3542 5460 in
3587 5416 3825 5474 lentiore

2251 5502 2481 5573 quodam
2507 5502 2664 5558 beato
2684 5499 2787 5555 Job
2810 5499 3046 5566 abstulit,
3079 5497 3206 5555 fecit
3230 5499 3407 5554 simile
3437 5510 3492 5555 et
3532 5500 3664 5556 huic
3692 5502 3824 5557 omni

2255 5595 2492 5649 bonitate
2535 5591 2718 5667 pleno,
2763 5601 2949 5647 sancto
2987 5590 3302 5661 patriarchae
3343 5590 3560 5647 Joauni.
3595 5591 3826 5647 Navibus
