3976 6404
293 345 416 404 ισιι

1249 360 1400 415 VITA
1440 356 1683 414 SANCTI
1721 358 1996 417 JOANNIS
2042 359 2618 424 ELEEMOSYNARH.

3403 375 3422 429 i
3433 374 3538 431 642

290 472 429 526 enim
466 471 819 526 sanctissima:
856 471 1096 527 ecclesia:
1144 473 1716 541 comprehendentibus
1747 472 1860 526 vio-
1888 473 1938 532 Α
1965 475 2232 530 mandavit
2277 479 2406 532 mihi
2443 479 2696 537 Dominus
2750 496 2899 539 meus
2928 496 2980 540 et
3023 487 3260 548 omnium
3298 489 3542 547 Christus
3576 474 3584 484 ’

292 565 485 616 lentam
534 561 785 627 hiemem,
833 565 884 616 in
927 565 1044 617 loco
1070 563 1156 631 qui
1198 564 1474 616 dicebatur
1509 563 1666 616 Adria
1721 559 1859 632 (7f),

293 652 627 722 proiecerunt
657 655 834 708 omnia
864 671 980 718 sua,
1027 671 1142 724 quae
1176 670 1338 710 naves
1371 656 1679 723 portabant;
1713 661 1863 708 erant

295 761 418 798 vero
448 759 634 798 omnes
665 760 825 802 naves
847 748 1020 801 simul.
1069 749 1195 802 Erat
1233 758 1410 801 autem
1460 759 1667 800 summa
1697 746 1861 798 multa

293 835 440 888 valde
463 838 810 891 enthecarum
843 854 1094 902 suarum;
1149 838 1414 892 habebant
1459 839 1602 892 enim
1657 847 1860 890 tantum

293 925 619 980 vestimenta
652 939 706 981 et
755 936 1053 998 argentum,
1104 939 1158 982 et
1205 931 1338 984 alias
1385 945 1471 983 res
1517 929 1758 992 altiores,
1807 935 1865 982 ut

291 1027 686 1085 computaretur
715 1020 920 1087 pondus
953 1021 1093 1089 quod
1125 1021 1219 1074 ivit
1249 1022 1298 1073 in
1329 1021 1680 1088 perditionem
1702 1034 1866 1088 quan-

291 1111 454 1163 titatis
471 1112 893 1163 centenariorum
915 1112 1122 1181 triginta
1149 1121 1394 1180 quatuor.
1420 1111 1540 1164 Plus
1556 1111 1696 1164 enim
1713 1117 1866 1164 erant

292 1216 449 1272 quam
483 1201 736 1256 tredecim
770 1218 949 1268 naves,
978 1205 1248 1273 capientes
1279 1220 1372 1273 per
1411 1205 1646 1274 singulas
1676 1205 1861 1258 decem

291 1293 450 1348 millia
476 1293 794 1348 modiorum.
840 1294 1182 1348 Venicmibus
1213 1311 1342 1350 vero
1382 1295 1762 1349 Alexandriam
1811 1301 1866 1348 et

292 1385 653 1455 pergentibus,
687 1385 866 1439 statim
898 1386 1084 1455 reliqui
1112 1387 1404 1439 creditores
1426 1395 1482 1439 et
1510 1385 1664 1451 primi
1692 1392 1865 1438 nauta:

290 1477 339 1530 in
367 1475 654 1530 ecclesiam
685 1475 1058 1544 confugerunt.
1094 1475 1319 1529 Sanctus
1349 1489 1475 1529 vero
1498 1474 1602 1528 hoc
1619 1475 1862 1538 audiens,

289 1576 343 1622 ct
363 1581 577 1620 causam
619 1579 834 1636 propter
854 1583 1010 1635 quam
1039 1566 1306 1635 fugerant,
1337 1567 1498 1619 mittit
1529 1567 1608 1625 eis
1638 1565 1864 1619 verbum

287 1654 530 1709 manibus
575 1657 687 1709 suis
734 1657 1114 1724 conscriptum,
1161 1655 1363 1709 habens
1395 1656 1465 1708 ita
1498 1673 1515 1706 :
1562 1672 1579 1704 ι
1614 1653 1866 1708 Dominus

287 1747 464 1810 dedit,
502 1747 713 1811 fratres;
766 1745 1042 1812 Dominus,
1091 1756 1149 1800 ut
1194 1747 1377 1812 voluit,
1430 1746 1684 1813 abstulit;
1729 1745 1868 1799 sicut

1965 561 2102 617 Deus
2132 562 2311 635 (Joan.
2341 569 2416 639 x).

2036 654 2161 710 Car.
2187 656 2379 714 XXIX.
2402 662 2754 719 —Districtus
2783 667 2994 735 quidam
3030 668 3097 722 ab
3129 669 3310 739 hisqui
3330 675 3539 740 pensio.

1966 761 2087 801 nem
2117 747 2422 819 exigebant,
2466 769 2586 809 cum
2632 771 2736 810 non
2781 758 3001 816 haberet
3037 762 3178 830 quod
3221 763 3372 819 daret
3403 767 3542 836 (erat

1965 837 2105 891 enim
2126 840 2271 908 regio
2291 842 2554 913 in—magna
2577 845 2910 914 dilftcultate,
2929 865 2995 903 eo
3013 851 3154 918 quod
3179 852 3371 908 ﬂuvius
3392 855 3540 912 Nilus

1966 931 2258 985 secundum
2281 936 2712 990 consuetudinem
2739 953 2840 992 non
2863 939 3106 1010 irrigaret
3127 945 3278 1012 aquis
3299 948 3542 1016 terram),

1967 1017 2081 1085 ipse
2121 1021 2306 1076 abiens
2345 1022 2655 1092 deprecatus
2683 1038 2766 1081 est
2794 1029 2982 1084 ducem
3013 1035 3293 1100 quemdam
3323 1051 3545 1106 magna-

1969 1118 2163 1177 torum,
2191 1123 2249 1168 ut
2274 1125 2482 1171 mutuas
2505 1118 2604 1172 sibi
2637 1121 2788 1176 daret
2835 1125 3213 1194 quinquaginta
3239 1126 3408 1184 libras
3436 1147 3539 1185 au-

1969 1199 2042 1264 ri;
2072 1211 2124 1254 et
2151 1203 2361 1259 dieebat
2391 1221 2449 1260 se
2477 1207 2604 1263 dare
2634 1211 2852 1278 pignora
2872 1254 2888 1278 ,
2920 1217 2962 1267 si
3011 1217 3188 1279 vellet.
3221 1219 3403 1290 dupla.
3435 1223 3540 1277 Re-

1969 1294 2211 1358 promisit
2239 1309 2366 1364 ergo
2409 1297 2512 1351 dux
2545 1301 2671 1353 dare
2697 1302 2766 1368 ei,
2811 1303 2875 1356 ad
2905 1319 3136 1370 praesens
3166 1324 3292 1364 vero
3317 1311 3540 1367 distulit.

1970 1384 2319 1441 Exactorib'is
2347 1404 2472 1457 ergo
2514 1396 3000 1465 constt-ingentibus
3027 1415 3170 1466 eum,
3204 1405 3346 1457 va'lit
3395 1405 3532 1472 ipse,

1969 1484 2025 1529 ut
2047 1479 2222 1536 omnis
2250 1480 2315 1533 ad
2347 1490 2553 1548 portum
2584 1500 2612 1537 a
2639 1502 2740 1553 quo
2785 1491 2958 1543 cuncti
3002 1494 3345 1563 recipiuntur,
3392 1500 3540 1552 vide-

1970 1565 2094 1621 licet
2124 1569 2186 1622 ad
2219 1570 2556 1628 mitissimum
2574 1584 2642 1650 _et
2667 1576 2880 1646 dignum
2925 1581 3274 1640 admiratione
3318 1591 3542 1654 patriar-

1969 1656 2145 1711 cham.
2194 1660 2257 1712 Et
2303 1662 2536 1716 nondum
2585 1679 2720 1731 pene
2770 1669 3036 1734 propriam
3085 1675 3454 1732 necessitatem
3497 1680 3545 1733 ei

1971 1760 2294 1817 narraverat,
2329 1751 2461 1806 dixit
2477 1762 2689 1808 sanctus
2711 1757 2775 1810 ad
2805 1773 2925 1811 eum
2949 1775 2963 1812 :
2991 1760 3083 1825 Do,
3111 1762 3202 1828 fili,
3224 1764 3268 1817 si
3294 1766 3543 1836 volueris,

288 1839 512 1892 Domino
553 1839 768 1906 placuit,
821 1840 890 1891 ita
919 1838 1115 1892 factum
1157 1847 1239 1892 est
1275 1841 1382 1893 :sit
1428 1854 1620 1892 nomen
1655 1837 1864 1892 Domini
1899 1845 1942 1902 Β
1971 1849 2154 1909 etquo
2199 1842 2420 1908 veStior,
2453 1845 2851 1900 vestimentum.
2896 1849 3102 1904 Etenim
3146 1867 3266 1908 cum
3312 1855 3546 1911 admira-

286 1927 622 1983 benediclum
654 1926 797 1996 (Job.
829 1929 892 1996 ι).
927 1929 1099 1994 Exite,
1143 1927 1256 1994 filii,
1289 1928 1418 1981 nihil
1449 1943 1514 1982 ex
1545 1930 1645 1981 hoc
1663 1927 1818 1981 veriti
1847 1943 1861 1977 :

288 2020 546 2074 Dominus
574 2020 715 2074 enim
741 2019 1004 2075 sollicitus
1023 2020 1125 2073 erit
1147 2020 1214 2073 de
1244 2020 1497 2074 crastino.
1538 2037 1558 2071 ι
1610 2019 1867 2074 Ascendit

287 2113 464 2181 itaque
504 2126 638 2181 pene
665 2111 942 2164 dimidium
973 2111 1201 2166 civitatis
1239 2112 1292 2186 in
1321 2118 1585 2166 secretum
1615 2127 1629 2166 :
1660 2111 1746 2165 die
1772 2125 1868 2164 au-

288 2212 391 2257 tem
437 2203 605 2255 altero
631 2194 870 2255 volentes
915 2199 1030 2268 (72)
1077 2199 1345 2255 consolari
1398 2197 1629 2254 nobilem
1674 2200 1860 2264 istum;

288 2293 398 2359 ipse
430 2305 559 2345 vero
603 2304 1007 2358 praeoccupans,
1038 2289 1199 2358 cut-pit
1235 2290 1481 2344 omnibus
1509 2289 1689 2344 dicere
1720 2307 1732 2341 :
1763 2288 1866 2344 Ne-

288 2396 570 2451 quaquam,
598 2396 632 2434 o
662 2381 754 2435 lilii
785 2393 839 2435 et
867 2379 1082 2444 fratres,
1110 2394 1270 2434 causa
1294 2381 1515 2435 navium
1538 2380 1867 2434 difficultatis

289 2473 610 2536 tristemini;
659 2487 780 2525 nam
823 2470 1036 2524 humilis
1065 2470 1318 2537 Joannes,
1368 2471 1590 2538 credite,
1621 2473 1866 2526 inventus

287 2572 369 2621 est
417 2564 730 2634 culpabilis;
779 2565 974 2632 quippe
1024 2564 1126 2618 nisi
1173 2563 1537 2618 extollentiam
1587 2563 1862 2628 haberem,

289 2659 436 2711 nullo
462 2661 622 2714 modo
653 2661 752 2715 hoc
780 2660 996 2715 ferrem.
1041 2659 1148 2715 Sed
1188 2659 1308 2727 quia
1348 2659 1644 2715 extollebar
1681 2659 1733 2711 in
1783 2657 1864 2711 his

288 2765 405 2817 qua:
438 2751 528 2804 Dei
559 2763 732 2815 erant,
763 2760 816 2804 et
840 2751 1166 2804 :estimabam
1195 2752 1335 2819 quod
1365 2766 1552 2820 magna
1584 2764 1746 2818 opera
1789 2747 1867 2802 fa-

288 2853 486 2904 cerem,
523 2841 658 2895 dans
701 2856 817 2910 qua!
849 2841 1124 2895 hominum
1155 2852 1323 2906 erant,
1360 2841 1461 2896 hoc
1491 2841 1617 2896 mihi
1650 2840 1863 2905 evenit;

287 2931 477 2987 volens
504 2947 632 3002 ergo
663 2933 804 2988 Deus
831 2943 886 2986 ut
919 2935 1020 2987 hoc
1058 2935 1435 3004 intelligerem,
1471 2935 1570 2987 ista
1603 2929 1863 3000 permisit.

287 3027 638 3097 Eleemosyna
668 3030 809 3082 enim
834 3043 936 3082 non
961 3029 1262 3099 vigilantem
1289 3029 1599 3098 plerumque
1622 3029 1673 3081 in
1695 3027 1869 3082 extol-

287 3119 502 3174 lentiam
528 3121 701 3174 elevat
733 3136 748 3175 :
780 3120 973 3174 invitus
1000 3135 1126 3176 vero
1155 3136 1308 3176 casus
1335 3120 1582 3174 humiliat
1601 3120 1866 3174 sustinen-

1969 1930 2161 1985 bilibus
2181 1931 2292 1986 suis
2312 1931 2463 1987 bonis
2485 1942 2539 1987 et
2558 1934 2659 1989 hoc
2679 1937 3014 2004 possidebat,
3047 1942 3186 2010 quod
3217 1959 3321 1998 non
3354 1958 3537 2015 posset

1969 2020 2176 2105 videre
2204 2021 2437 2090 aliquem
2469 2023 2539 2078 de
2583 2029 2988 2083 necessitatibus
3035 2033 3438 2105 lacrymantem,
3491 2049 3546 2096 et

1968 2125 2073 2163 non
2101 2097 2279 2165 statim
2309 2127 2368 2167 se
2399 2116 2625 2183 propriis
2645 2117 2838 2184 rigaret
2866 2121 3108 2190 larrymis
3133 2097 3309 2181 :vunde
3336 2136 3392 2180 et
3418 2097 3541 2184 mox

1968 2199 2282 2268 petitionem
2326 2203 2554 2260 volentis
2581 2206 2649 2259 ab
2689 2222 2754 2262 eo
2803 2222 3040 2264 mttluttm
3089 2215 3336 2285 accipere
3375 2218 3544 2273 adim-

1969 2291 2158 2357 plevit.
2187 2291 2254 2345 Et
2281 2294 2522 2362 sequenti
2554 2305 2707 2350 nocte
2734 2298 2876 2353 videt
2909 2302 3009 2354 dux
3033 2304 3168 2372 quod
3193 2315 3361 2362 staret
3384 2322 3547 2377 super

1968 2378 2135 2432 altare
2182 2381 2416 2450 quidam,
2459 2384 2544 2437 cui
2590 2385 2883 2442 offerebant.
2935 2392 3083 2446 multi
3132 2393 3460 2464 oblationes;
3491 2409 3546 2456 et

1972 2483 2062 2532 per
2086 2483 2242 2524 unam
2292 2487 2450 2540 quam
2483 2475 2776 2545 ponebant,
2806 2481 3134 2548 accipiebant
3180 2494 3394 2542 centum
3446 2504 3546 2559 pro

1969 2556 2082 2626 ipsa
2110 2559 2177 2614 de
2204 2561 2376 2616 altari.
2411 2563 2540 2619 Erat
2573 2576 2748 2622 autem
2779 2579 2833 2624 et
2863 2574 3156 2637 patriarcha
3191 2586 3309 2644 post
3337 2556 3545 2653 tergum

1970 2645 2106 2715 ejus.
2159 2647 2379 2705 Jacebat
2404 2667 2534 2722 ergo
2563 2670 2661 2709 una
2703 2659 2909 2714 oblatio
2939 2672 3061 2718 ante
3090 2679 3180 2720 eos
3211 2669 3262 2723 in
3291 2686 3399 2725 uno
3422 2645 3545 2728 ἕως

1970 2751 2116 2804 mno,
2163 2749 2218 2793 et
2241 2739 2366 2794 dicit
2400 2745 2613 2810 quidam
2644 2747 2766 2802 duci
2801 2765 2814 2800 :
2853 2750 3015 2818 Vade,
3046 2755 3260 2812 domine
3289 2760 3424 2827 dux,
3449 2777 3544 2817 ac-

1970 2826 2087 2895 cipe
2127 2831 2448 2888 oblationem
2491 2835 2659 2903 illam,
2710 2849 2763 2895 et
2813 2841 2943 2897 offer
2986 2847 3050 2900 ad
3097 2851 3283 2918 altare,
3315 2862 3371 2908 et
3413 2826 3542 2913 tolle

1971 2933 2068 2987 pro
2102 2935 2164 2974 ea
2195 2935 2407 2978 centum
2437 2927 2754 2986 oblationes.
2804 2933 2896 2987 illo
2927 2952 3052 2990 vero
3098 2940 3396 3010 pigritaute,
3447 2960 3544 3000 cu-

1970 3011 2136 3067 currit
2165 3017 2483 3084 patriarcha,
2514 3018 2633 3076 licet
2663 3036 2782 3090 post
2810 3035 2929 3082 eum
2961 3039 3147 3096 staret,
3176 3042 3229 3087 et
3255 3035 3372 3090 tulit
3401 3036 3540 3094 hanc

1971 3112 2098 3160 ante
2124 3120 2268 3172 eum,
2303 3117 2358 3163 et
2383 3111 2591 3180 obtulit,
2641 3124 2695 3170 et
2723 3120 2948 3189 accepit,
3002 3122 3137 3178 sicut
3166 3141 3372 3196 omnes,
3425 3145 3547 3187 ceu-

288 3220 417 3266 tem.
470 3212 558 3264 Ait
602 3211 744 3264 enim
796 3212 972 3264 divina
1021 3211 1290 3280 Scriptura
1327 3228 1338 3262 :
1375 3211 1667 3280 Paupertas
1695 3209 1863 3264 virum

1978 3205 2086 3251 tum
2113 3198 2179 3252 de
2222 3201 2391 3255 altari.
2430 3203 2702 3274 Evigilans
2730 3211 2927 3280 itaque,
2976 3231 3080 3272 non
3115 3229 3321 3287 poterat
3348 3225 3550 3282 discer-

288 3300 552 3355 humiliat.
591 3302 655 3355 Et
684 3303 875 3357 iterum
907 3302 1070 3357 David
1097 3303 1197 3358 hoc
1225 3303 1422 3368 sciens,
1472 3303 1684 3357 dicebat
1713 3317 1728 3356 :
1767 3303 1868 3358 Bo-

287 3406 414 3446 num
449 3393 574 3446 mihi
601 3392 741 3461 quod
769 3402 822 3448 tu
845 3392 1134 3448 humiliasti
1165 3409 1272 3460 me,
1301 3406 1357 3448 ut
1385 3393 1586 3448 discam
1615 3395 1872 3464 justifies-

287 3487 469 3541 tiones
492 3502 606 3542 tuas
630 3486 800 3558 (Psal.
829 3490 1034 3556 cxvut).
1061 3490 1194 3543 Dum
1217 3491 1358 3544 enim
1380 3489 1536 3544 malis
1559 3489 1728 3545 factus
1753 3487 1885 3546 sum

287 3576 576 3644 abnoxius,
620 3578 742 3646 quia
790 3579 1055 3634 dationem
1094 3593 1189 3647 per
1217 3594 1406 3633 vanam
1431 3580 1652 3649 gloriam
1684 3581 1874 3649 perde-

287 3666 438 3732 bam,
495 3678 550 3722 et
597 3669 845 3736 quoniam
887 3683 980 3738 per
1023 3669 1209 3723 vitium
1259 3685 1437 3724 meum
1479 3670 1704 3739 perditae
1751 3681 1873 3725 sunt

287 3764 456 3810 tantae
489 3757 744 3824 pecuniae,
777 3757 948 3813 habeo
977 3774 1115 3811 nunc
1141 3758 1398 3828 judicium
1426 3760 1728 3814 animarum
1755 3777 1874 3831 quae

285 3845 338 3900 in
369 3855 527 3901 arcto
556 3857 697 3900 sunt.
733 3848 948 3913 Verum,
983 3848 1336 3915 dilectissimi,
1365 3851 1451 3919 qui
1481 3859 1606 3905 tunc
1635 3863 1874 3922 tempore

285 3934 420 4005 justi
447 3936 591 3990 illius
615 3937 716 3993 Job
743 3937 845 3992 fuit
872 3938 1032 4006 Deus,
1065 3947 1118 3992 et
1145 3956 1284 3994 nunc
1316 3941 1455 3996 idem
1487 3943 1600 4011 ipse
1637 3951 1742 4008 est,
1783 3943 1871 4014 qui

288 4043 395 4082 non
437 4037 652 4098 propter
692 4039 984 4098 egestatem
1032 4047 1227 4096 meam,
1271 4033 1363 4088 sed
1405 4034 1476 4088 ob
1524 4035 1872 4104 indigentium

286 4120 692 4187 necessitatem,
723 4136 830 4176 non
859 4121 1197 4192 derelinquet
1223 4139 1340 4178 nos.
1376 4125 1491 4194 ipse
1520 4128 1662 4180 enim
1691 4127 1824 4181 dixit
1858 4145 1868 4180 :

285 4208 404 4262 Non
426 4210 765 4276 tedeseram,
849 4212 1024 4282 deque
1075 4213 1445 4282 nerelinquam
1500 4212 1680 4282 (Hebr.
1720 4217 1860 4286 xm).

285 4298 358 4352 Et
385 4313 574 4354 rursus
600 4317 613 4352 :
637 4301 872 4366 Quaerite
897 4302 1124 4368 primum
1156 4319 1375 4372 rcgnum
1401 4305 1512 4369 Dei,
1538 4317 1591 4361 et
1612 4308 1871 4375 justitiam

292 4391 436 4459 ejus,
478 4401 534 4445 et
558 4390 672 4446 hate
696 4394 876 4447 omnia
897 4393 1212 4461 adjiciantur
1235 4397 1385 4450 vobis
1409 4398 1621 4468 (Matth.
1657 4403 1748 4468 vt).
1779 4401 1867 4457 Vo-

285 4482 463 4537 lentes
504 4498 631 4552 ergo
669 4486 938 4539 consolari
985 4502 1107 4541 eum
1155 4488 1385 4543 civitatis
1435 4490 1783 4560 habitatores,
1813 4506 1872 4549 ut

1976 3303 2106 3344 nere
2136 3293 2424 3350 somnium.
2456 3297 2594 3352 Misit
2619 3310 2794 3356 autem
2821 3313 2873 3359 et
2898 3306 3114 3362 adduxit
3137 3326 3260 3366 eum
3289 3314 3379 3384 qui
3406 3319 3549 3372 vole-

1975 3380 2065 3435 bat
2114 3392 2354 3440 mutuum
2403 3390 2666 3458 accipere,
2707 3402 2763 3447 ut
2792 3406 3073 3464 praestaret
3095 3402 3164 3455 ei.
3203 3403 3266 3457 Et
3293 3380 3412 3460 cum
3462 3424 3550 3464 ve-

1977 3470 2176 3538 nisset,
2208 3474 2333 3530 dicit
2360 3478 2408 3531 ei
2457 3480 2560 3532 dux
2588 3499 2600 3531 :
2628 3485 2824 3552 Accipe
2873 3489 3011 3555 quod
3060 3493 3234 3559 petisti
3285 3504 3550 3553 mutuum.

1975 3560 2322 3630 Respondens
2347 3566 2456 3633 ille,
2489 3569 2620 3623 dixit
2649 3572 2696 3625 ei
2721 3589 2735 3626 :
2765 3577 2900 3631 Ante
2927 3579 3046 3632 tulit
3071 3583 3372 3640 mercedem
3401 3595 3543 3641 tuam

1974 3655 2220 3712 dominus
2251 3660 2571 3726 patriarcha.
2602 3663 2807 3719 Etenim
2833 3677 2884 3723 te
2906 3670 3121 3727 domino
3141 3674 3421 3733 dilferente
3443 3695 3553 3742 me.

1929 3787 1931 3794 ,
1972 3749 2278 3815 compulsus
2307 3764 2423 3806 sum
2466 3753 2532 3807 ad
2564 3756 2712 3810 illum
2746 3768 2994 3830 tanquam
3021 3766 3088 3821 ad
3121 3778 3328 3837 portum
3367 3775 3549 3828 confu-

1973 3853 2130 3907 gvre,
2166 3843 2330 3896 multa
2357 3847 2500 3899 enim
2529 3857 2646 3902 erat
2677 3851 2753 3904 vis
2785 3852 3163 3922 inquietudinis
3210 3871 3579 3921 exactornm.-

1975 3933 2102 3983 Cum
2129 3947 2254 4002 ergo
2275 3935 2510 3991 audisset
2532 3938 2651 4005 hoc,
2685 3943 2860 3997 statim
2890 3948 3201 4004 recordatus
3229 3965 3306 4006 est
3330 3955 3546 4022 somnii,

1973 4031 2029 4076 et
2054 4022 2189 4078 dixit
2214 4041 2226 4076 :
2255 4024 2390 4082 Vere
2407 4028 2544 4082 bene
2564 4031 2741 4085 dixisti
2771 4051 2782 4084 :
2809 4036 2940 4101 Quia
2962 4048 3084 4093 ante
3108 4041 3226 4096 tulit
3248 4044 3550 4101 mercedem

1975 4122 2140 4168 tuam.
2171 4115 2307 4171 Ante
2339 4119 2459 4172 tulit
2487 4121 2648 4186 enim,
2701 4131 2754 4177 et
2786 4141 2863 4178 tne
2889 4127 2963 4180 illi
2990 4129 3213 4196 quivult
3239 4131 3418 4190 facere
3450 4136 3552 4191 bo-

1975 4220 2121 4269 num,
2155 4215 2210 4261 et
2237 4207 2432 4263 diifert.
2469 4210 2535 4264 Et
2563 4214 2900 4272 enarravitei
2924 4225 2979 4271 et
3006 4222 3253 4275 omnibus
3285 4226 3550 4282 somnium

1973 4298 2112 4366 quod
2145 4299 2366 4355 viderat.

2030 4410 2172 4488 .CAP.
2206 4411 2375 4466 XXX.
2405 4445 2472 4455 -—
2496 4415 2753 4487 Pcrgente
2783 4421 3062 4491 aliquando
3101 4437 3286 4481 sancto
3313 4430 3377 4482 ad
3412 4439 3550 4485 tem—
3622 4471 3629 4476 -

1977 4502 2120 4567 plum
2165 4516 2469 4561 sanctorum
2534 4510 2936 4568 victoriosorutn
2988 4530 3277 4590 martyrum
3329 4524 3452 4592 Cyri
3500 4534 3552 4580 et

3127 4573 3146 4590 δ
3168 4573 3173 4574 ⁷
3200 4573 3221 4574 η
3248 4573 3275 4576 Ὗ
3340 4573 3393 4592 "J
3411 4573 3423 4578 ‘
3440 4573 3452 4577 '
3504 4573 3548 4580 ν’

284 4573 491 4627 dictum
522 4584 626 4640 est,
655 4576 754 4643 ipsi
788 4577 954 4645 magis
986 4579 1182 4631 inventi
1223 4588 1350 4633 sunt
1376 4592 1587 4634 econtra
1618 4586 1863 4638 cousola-
1896 4577 1948 4636 D
1979 4595 2198 4651 ,ιηεηηίε
2218 4638 2232 4662 ,
2265 4600 2318 4653 in
2337 4601 2567 4668 glorinsa
2593 4619 2774 4660 eorum
2799 4609 3056 4664 memoria
3078 4613 3335 4669 orationis
3355 4618 3548 4686 gratia,

286 4664 351 4686 12..
369 4679 489 4686 ---μ
518 4665 578 4686 ΑΙ..
608 4663 717 4686 ΑΒ---
741 4665 1059 4686 L._-.‘.._-J:__
1090 4669 1314 4686 ___-___!__
1336 4684 1346 4686 μ
1397 4670 1452 4686 λγ·
1517 4671 1528 4682 ι
1712 4673 1724 4686 1

285 4664 492 4718 tionem
515 4665 583 4719 ab
602 4663 720 4734 ejus
739 4665 1065 4720 beatitudine
1090 4669 1374 4736 recepisse.
1394 4670 1559 4725 Nimis
1572 4685 1700 4741 ergo
1712 4673 1872 4729 breve

283 4766 502 4826 tempus
541 4760 817 4826 praeteriit,
849 4767 905 4813 et
940 4760 990 4813 in
1022 4761 1240 4829 duplum
1269 4764 1498 4819 restituit
1546 4766 1688 4821 Deus
1735 4784 1873 4823 novo

283 4861 477 4904 nostro
494 4849 593 4906 Job
612 4851 920 4918 facultates;
948 4861 1002 4907 et
1022 4853 1210 4908 iterum
1230 4866 1345 4910 erat
1366 4857 1479 4925 ipse
1501 4862 1873 4928 magnanimus

281 4941 436 4995 circa
493 4942 938 5007 misericordiam,
994 4943 1216 4999 fortasse
1257 4956 1432 5000 autem
1465 4957 1516 5002 et
1569 4951 1870 5019 religiosior

281 5045 452 5100 quam
480 5045 632 5086 antea
665 5031 853 5086 fuerat.

359 5120 497 5178 Car.
519 5124 754 5179 XXVI”.
774 5146 853 5165 ·-
869 5126 946 5179 Ad
979 5135 1272 5185 extremam
1297 5145 1656 5203 paupertatem
1685 5155 1870 5208 perve-

285 5213 464 5268 nienti
489 5215 696 5269 cuidam
728 5216 795 5270 de
815 5217 1121 5278 domesticis
1151 5222 1439 5293 ministris,
1473 5231 1690 5297 propria
1713 5247 1872 5287 manu

281 5305 390 5359 iste
422 5315 668 5372 sanctus,
701 5316 759 5361 ut
791 5310 962 5364 nullus
987 5312 1176 5378 sciret,
1207 5315 1340 5370 duas
1369 5319 1530 5372 libras
1551 5323 1664 5376 auri
1695 5323 1873 5390 ded.t;

282 5407 340 5450 ct
374 5398 600 5454 audiens
641 5399 710 5453 ab
753 5401 1088 5469 accipiente:
1120 5405 1380 5470 Quoniam
1427 5409 1542 5464 hac
1579 5415 1867 5483 accipiens,

281 5488 530 5556 domine,
562 5490 782 5545 ulterius
807 5507 910 5545 non
944 5493 1113 5548 habeo
1141 5497 1341 5553 vultum
1365 5500 1666 5558 intendendi
1697 5507 1748 5559 in
1772 5507 1871 5560 ho—

284 5582 594 5636 norabilem
623 5591 680 5637 et
723 5585 1014 5652 angelicam
1046 5586 1230 5642 faciem
1281 5600 1447 5656 tuam,
1483 5609 1607 5649 vere
1653 5597 1868 5667 dignum

279 5670 474 5739 laude,
503 5683 561 5728 ut
591 5674 823 5743 sapiens,
856 5676 1062 5732 locutus
1090 5689 1172 5734 est
1201 5684 1418 5738 verbum
1445 5702 1458 5739 :
1486 5686 1752 5757 Nondum,
1789 5693 1866 5746 iu-

279 5765 504 5835 quiens,
533 5778 843 5836 sangumem
867 5783 1042 5824 meum
1066 5786 1160 5839 pro
1186 5786 1233 5827 te
1252 5813 1266 5836 ,
1299 5775 1480 5845 frater,
1512 5779 1699 5848 effudi,
1735 5785 1872 5840 sicut

602 5895 877 5962 Paraoc.
925 5902 1055 5965 Gn.
1093 5907 1316 5972 XCIII.

1980 4701 2208 4744 exeunte
2233 4702 2438 4759 pnrtam
2471 4694 2730 4764 civitatis,
2765 4701 3000 4769 suscepit
3029 4717 3150 4758 eum
3197 4706 3386 4760 mulier
3431 4725 3552 4775 pro-

1980 4777 2184 4844 cidens,
2208 4787 2262 4834 et
2281 4781 2464 4836 dicens
2490 4802 2500 4835 :
2525 4785 2744 4840 Vindica
2770 4803 2876 4854 me,
2900 4792 3145 4860 quoniim
3177 4795 3422 4864 injuriam
3457 4815 3548 4869 pa-

1982 4869 2084 4923 tior
2111 4885 2138 4923 a
2165 4885 2362 4939 genero
2387 4887 2524 4929 meo.
2551 4877 2875 4942 Quibusdam
2895 4896 3018 4953 ergo
3039 4883 3107 4939 de
3128 4888 3384 4956 obsequio
3414 4890 3550 4958 ejus,

1979 4965 2066 5030 qui
2115 4964 2376 5018 habebant
2415 4968 2790 5024 confidentiam
2841 4973 2978 5040 apud
3021 4990 3165 5043 eum,
3212 4977 3548 5034 dicentibus:

1982 5053 2113 5119 Quia
2128 5070 2246 5109 cum
2264 5070 2510 5111 reversus
2525 5057 2710 5127 fueris,
2731 5075 2942 5117 causam
2966 5065 3080 5134 ejus
3093 5064 3273 5121 facies.
3302 5067 3548 5140 Respon-

1981 5144 2056 5197 dit
2110 5147 2587 5216 sapientissimus:
2622 5151 2686 5205 Et
2731 5155 2996 5219 quomodo
3043 5156 3185 5212 Deus
3249 5161 3550 5218 orationem

1981 5246 2222 5290 nostram
2268 5238 2543 5307 suscipiet,
2591 5241 2635 5294 si
2659 5257 2758 5311 ego
2805 5245 2956 5298 istam
3005 5253 3394 5318 postposuero?
3422 5254 3552 5322 Quis

1982 5329 2110 5381 mihi
2141 5332 2429 5398 spopondit
2462 5343 2519 5387 ut
2551 5335 2721 5391 vivam
2752 5353 2849 5407 ego
2874 5339 2923 5392 in
2947 5340 3277 5397 crastinum?
3302 5353 3356 5399 et
3376 5345 3464 5398 ibo
3487 5351 3550 5400 ad

1981 5418 2274 5486 Christum,
2294 5437 2387 5490 pro
2403 5440 2460 5478 ca
2482 5429 2740 5483 rationem
2763 5431 3092 5485 redditurus?
3113 5434 3176 5488 Et
3194 5449 3296 5489 non
3327 5438 3552 5491 recessit

1977 5508 2044 5562 de
2065 5510 2181 5564 loco
2204 5511 2314 5570 illo.
2335 5529 2503 5582 usque
2524 5517 2646 5571 dum
2671 5521 2810 5587 quod
2833 5521 2959 5575 satis
2985 5525 3032 5576 ei
3057 5535 3170 5579 erat
3195 5525 3304 5580 ﬁeri
3326 5525 3549 5584 faceret.

2046 5599 2175 5653 (ΞΑΡ.
2206 5601 2395 5656 XXXI.
2439 5635 2508 5645 —
2531 5607 2609 5661 Ad
2641 5610 2964 5666 voluntatem
2999 5615 3154 5684 igitur
3193 5619 3553 5676 memorabilis

1978 5690 2157 5760 hujus,
2193 5708 2311 5761 quae
2343 5705 2452 5749 tota
2485 5697 2541 5752 in
2567 5698 2679 5754 Deo
2706 5712 2841 5765 erat,
2874 5706 3014 5758 misit
3043 5709 3090 5760 ei
3124 5707 3263 5762 Deus
3292 5711 3435 5766 viros
3460 5726 3548 5764 sa-

1981 5785 2182 5852 pientes
2213 5796 2264 5842 et
2291 5802 2503 5858 semper
2541 5797 2937 5865 memorandus,
2967 5799 3222 5856 Joannem
3247 5800 3544 5873 etSophro~

3165 5918 3241 5978 52
