3976 6422
377 392 516 451 {6&5

1452 363 1734 424 LEONTii
1770 350 2240 416 NEAPOLITANI
2278 344 2588 411 EPISCOPI

3518 335 3667 392 ιϐιδ.

383 505 884 568 nium.‘Consiliarii
914 503 1056 560 enim
1095 505 1249 555 erant
1277 495 1544 552 veraciter
1572 487 1696 546 boni
1714 528 1730 554 ,
1762 485 1954 555 quibus
1984 530 1985 535 η

2093 474 2262 532 ersari
2312 473 2487 537 hunc;
2539 465 2789 525 dicebant
2813 463 2958 520 enim
3006 460 3061 517 hi
3103 458 3195 531 qui
3221 458 3276 516 in
3310 464 3647 515 testamento

382 612 436 658 et
466 612 716 669 tanquam
750 595 987 667 patribus
1015 591 1301 647 indiscrete
1327 582 1632 646 obediehat,
1665 585 1720 633 et
1746 575 1947 646 gratias
1976 629 1989 637 ,

377 667 592 762 agebat,
646 700 896 759 tanquam
945 681 1314 741 constantibus
1360 674 1594 732 maxime
1635 677 1691 726 et
1735 667 1959 723 viriliter

379 758 663 854 agentibus
710 779 970 836 militibus
1021 788 1116 846 pro
1168 775 1364 844 pietate
1405 764 1700 838 religionis.
1749 758 1961 817 Etenim

382 850 553 932 sancti
579 872 809 941 Spiritus
836 871 1030 927 virtute
1061 862 1204 928 freti,
1236 871 1289 916 et
1317 872 1440 916 eum
1469 853 1816 914 Severianitis
1838 850 1957 921 (7'5)

386 982 449 1024 ac
468 966 686 1023 emeris
710 965 849 1021 circa
876 964 1147 1032 regionem
1167 947 1829 1012 existentihnsimmundis
1852 944 1966 998 hae-

384 1060 564 1115 reﬁcis
594 1057 850 1127 sapientia
891 1067 987 1108 sua
1027 1065 1091 1106 ac
1133 1044 1580 1117 disputationibus
1613 1052 1839 1109 pugnam
1860 1036 1966 1089 hn-

387 1152 574 1207 bentes
595 1159 648 1204 et
688 1145 1021 1212 conﬂictum,
1063 1141 1224 1198 multa
1269 1137 1481 1209 quidem
1507 1133 1749 1198 castella,
1776 1128 1969 1197 plures-

376 1257 494 1312 .que
518 1240 791 1304 ecclesias,
823 1235 1071 1293 similiter
1109 1241 1164 1287 et
1191 1227 1514 1285 monasteria
1556 1226 1627 1279 a‘b
1656 1236 1751 1276 ore
1780 1221 1964 1274 talium

390 1310 701 1393 hostiarum,
739 1339 990 1397 tanquam
1024 1323 1149 1379 boui
1180 1329 1454 1390 pastores,
1489 1314 1721 1371 evellere
1742 1310 1968 1366 studue-

389 1431 532 1489 runt,
566 1427 781 1488 propter
803 1415 942 1485 quod
973 1422 1027 1468 et
1052 1413 1283 1465 maxime
1329 1406 1617 1476 plurimum
1666 1400 1965 1457 honorabat

378 1524 607 1574 sanctos
628 1509 734 1563 hos
763 1507 853 1561 ille
880 1518 1010 1561 vere
1038 1500 1425 1557 sanctissimus.

461 1605 593 1658 Car.
625 1597 839 1654 XXXII.
868 1594 996 1650 --Si
1010 1606 1138 1648 vero
1155 1588 1348 1645 alicubi
1365 1588 1599 1655 aliquem
1611 1582 1803 1639 durum
1822 1588 1877 1634 et
1899 1579 1972 1633 in-

394 1696 687 1748 humanum
711 1699 766 1744 et
803 1698 1176 1757 percussorem
1199 1681 1339 1737 circa
1362 1676 1607 1748 proprios
1626 1688 1813 1731 servos
1848 1685 1973 1727 sen-

397 1785 566 1849 tiehat
583 1782 672 1836 ille
690 1782 901 1843 beatus,
918 1777 1060 1831 hunc
1074 1775 1245 1842 primo
1260 1768 1610 1833 convocabat,
1633 1775 1820 1822 etcum
1848 1762 1974 1817 mul-

2063 566 2227 636 patris
2254 562 2374 634 ejus
2398 560 2602 618 inventi
2636 566 2763 614 sunt
2800 563 2990 621 testes,
3025 551 3151 621 quia
3191 562 3299 606 non
3327 544 3540 605 dimisit
3566 543 3646 611 ei,

2060 634 2294 721 domine,
2344 662 2495 724 pater
2538 652 2657 721 ejus
2685 649 2925 705 moriens
2953 658 3124 714 usque
3150 642 3217 698 ad
3245 652 3415 694 unum
3461 634 3649 693 numi-

2061 760 2214 812 sma;
2265 743 2360 800 sed
2408 743 2610 799 habens
2655 738 2841 799 decem
2891 735 3056 797 libras
3084 731 3222 795 auri,
3266 725 3493 783 adducit
3520 738 3651 783 eum

2062 838 2177 910 ipsa
2205 836 2333 891 hora
2360 833 2573 904 quando
2594 836 2971 887 testamentum
2995 823 3286 887 scribebat,
3307 828 3362 875 et
3382 818 3514 873 dicit
3546 815 3600 870 ei
3634 831 3652 867 :

2064 906 2173 984 tias
2202 926 2387 985 decem
2416 923 2578 979 libras
2608 916 2875 984 habe,’iili
2915 913 3008 971 mi.
3043 910 3204 979 Quid,
3250 908 3332 965 vis
3376 906 3654 965 dimittam

2064 1018 2160 1078 tibi
2187 1017 2340 1083 istas,
2368 1029 2436 1071 an
2462 1014 2545 1071 vis
2570 1009 2858 1070 Dominam
2886 1019 3060 1063 meam
3088 1001 3184 1058 Dei
3213 996 3534 1082 genitricem
3555 1008 3665 1048 cu-

2066 1118 2299 1165 ratorem
2320 1114 2377 1161 et
2400 1098 2764 1174 provisorcml
2796 1097 2975 1152 Puero
2997 1106 3127 1147 vero
3147 1089 3381 1159 eligeatc
3400 1092 3652 1151 sanctam

2069 1202 2166 1257 Dei
2192 1196 2528 1270 genitricem,
2582 1190 2837 1262 praecepit
2888 1187 3018 1243 dare
3064 1191 3253 1247 cuncta
3306 1176 3659 1248 pauperibus.

2070 1290 2134 1347 Et
2160 1267 2305 1352 eoae,
2338 1285 2608 1355 inquiunt,
2635 1277 2995 1345 sanctissime,
3030 1274 3085 1329 in
3112 1270 3281 1341 multa
3309 1267 3489 1337 inopia
3521 1280 3659 1319 con—

2071 1379 2235 1445 sistit,
2277 1386 2435 1437 nocte
2458 1389 2523 1437 ac
2546 1371 2633 1431 die
2657 1370 2876 1427 domum
2918 1366 3163 1421 Dominae
3191 1370 3394 1429 nostris
3422 1373 3533 1412 non
3562 1355 3664 1413 de-

2071 1487 2278 1537 serens.
2305 1470 2442 1527 Cum
2484 1480 2613 1537 ergo
2638 1464 2756 1523 hac
2783 1460 3021 1525 audisset
3051 1471 3082 1510 a
3111 1451 3412 1518 scientibus
3438 1455 3666 1508 sanans

2074 1565 2182 1633 hic,
2214 1560 2414 1619 nemini
2453 1536 2654 1628 aliquid
2685 1553 2894 1616 dicens,
2925 1546 3145 1605 adducit
3172 1540 3462 1633 quemdam
3494 1536 3668 1592 tabel-

2069 1632 2314 1718 iionem;
2367 1660 2422 1708 et
2469 1647 2721 1707 narrabat
2765 1646 2814 1701 ei
2850 1657 2984 1704 rem.
3033 1641 3170 1701 dans
3195 1636 3248 1695 ei
3287 1632 3579 1700 terminum
3606 1637 3670 1683 ut

2075 1745 2210 1803 nulli
2237 1744 2485 1801 crederet
2513 1754 2675 1811 quam
2717 1735 2971 1807 praecepit
3009 1732 3061 1787 ei
3102 1729 3278 1795 facere
3303 1739 3442 1792 rem,
3476 1721 3671 1776 dicens

400 1820 566 1849 μευ...
584 1820 672 1836 ...ν
692 1820 901 1843 ﬂ-.-"
918 1820 1059 1831 ......-
1076 1820 1240 1842 ..-πη
1265 1820 1388 1827 ,---
1408 1820 1427 1824 ,
1643 1820 1683 1822 _,

394 1885 449 1929 ta
472 1874 689 1928 lenitate
702 1869 943 1939 rogabat,
960 1866 1176 1920 dicens:
1192 1863 1312 1927 Fili,
1330 1860 1477 1917 venit
1497 1856 1708 1929 quidem
1725 1855 1794 1910 ad
1816 1867 1973 1911 aures

2090 1841 2130 1896 si
2157 1857 2171 1893 :
2198 1836 2364 1901 Vade,
2388 1845 2442 1889 et
2460 1835 2512 1891 in
2533 1829 2803 1889 veteribus
2820 1824 3080 1887 ehartuiis
3094 1820 3269 1891 scribe
3280 1820 3668 1872 testamentum

2146 1929 2158 1939 -
2250 1929 2262 1939 -
2504 1922 2516 1934 -
2540 1938 2545 1939 ν
2570 1938 2583 1939 γ
2615 1916 2940 1939 n-L--_-_..:.
2978 1924 3022 1939 Α.
3058 1911 3139 1939 ι’..ιι
3162 1909 3216 1939 ι..
3246 1908 3435 1939 “non...
3469 1904 3663 1939 ριηιιω

401 1967 726 2036 peccatrices
742 1975 889 2017 meas
915 1958 1054 2028 quod
1076 1971 1141 2013 ex
1161 1948 1685 2026 operationeinimici
1708 1947 1975 2002 modicum

398 2058 583 2115 durius
612 2057 756 2110 circa
784 2048 1033 2123 proprios
1058 2059 1254 2117 pueros
1280 2054 1400 2099 tuos
1428 2042 1643 2108 feraris;
1675 2039 1790 2106 sed,
1819 2051 1973 2108 rogo,

386 2149 497 2204 des
537 2147 711 2200 locum
744 2144 859 2199 irae.
890 2141 1006 2196 Non
1033 2139 1176 2193 enim
1210 2144 1265 2192 ut
1292 2132 1656 2205 percutiamns
1685 2144 1801 2195 eos,
1833 2127 1979 2182 dedit

398 2240 558 2296 nobis
603 2238 700 2293 hos
725 2235 887 2298 Deus,
917 2233 1012 2288 sed
1057 2237 1114 2285 ut
1138 2228 1397 2285 serviant.
1432 2224 1683 2279 Fortasse
1709 2234 1837 2276 vero
1879 2232 1980 2274 nec

401 2341 622 2401 propter
643 2331 771 2392 hoc,
815 2325 911 2382 sed
938 2334 994 2380 ut
1013 2327 1379 2378 sustententur
1403 2333 1434 2372 a
1473 2315 1648 2381 nobis,
1681 2328 1746 2370 ex
1784 2311 1980 2382 quibus

393 2423 539 2480 Deus
624 2422 878 2494 praestitit
963 2415 1142 2472 nobis.
1219 2408 1361 2478 Quid
1459 2404 1777 2476 enim(edie
1826 2401 1978 2472 mihi)

402 2521 459 2567 et
487 2490 644 2566 dedit
665 2512 857 2571 homo,
898 2512 953 2559 et
983 2503 1119 2559 emit
1142 2515 1264 2556 eum
1294 2498 1383 2568 qui
1412 2496 1478 2552 ad
1502 2496 1789 2564 imaginem
1820 2502 1874 2547 et
1902 2490 1981 2545 si-

403 2599 759 2657 militudinem
791 2597 885 2650 Dei
926 2604 1138 2649 creatus
1169 2599 1223 2646 et
1270 2591 1561 2642 honoratus
1591 2583 1706 2640 est?
1734 2580 1982 2651 Nunquid

403 2693 547 2749 enim
605 2700 684 2758 tu,
740 2678 987 2743 dominus
1039 2682 1176 2752 ejus,
1234 2678 1435 2749 aliquid
1488 2677 1604 2744 plus
1658 2672 1898 2743 possides
1929 2672 1981 2725 in

404 2783 619 2854 proprio
661 2792 907 2847 corpore,
950 2788 1165 2844 manum
1207 2776 1298 2825 aut
1341 2770 1552 2838 pedem,
1600 2765 1685 2820 vel
1725 2764 1982 2830 auditum,

404 2884 499 2930 aut
520 2869 787 2928 animam?
817 2865 1061 2935 Nunquid
1086 2877 1191 2918 non
1215 2860 1411 2915 similis
1431 2864 1517 2912 est
1540 2855 1634 2911 tibi
1659 2869 1753 2924 per
1768 2853 1984 2908 omnia?

405 2968 543 3023 Audi
574 2968 755 3021 lumen
782 2960 1100 3032 gloriosum,
1135 2953 1357 3009 Paulum
1386 2950 1654 3006 dicentem
1681 2965 1692 3000 :
1716 2948 1988 3015 Quotquot

407 3058 462 3112 in
482 3055 701 3111 Christo
722 3047 976 3121 baptizati
997 3046 1148 3111 estis,
1167 3043 1441 3098 Christum
1461 3038 1708 3094 induistis
1728 3034 1981 3105 (Galmt).

408 3149 522 3203 Non
547 3154 631 3207 est
651 3144 867 3200 Iudaeus
887 3150 1060 3206 neque
1085 3134 1322 3199 Graecus,
1354 3146 1460 3187 non
1486 3139 1569 3185 est
1598 3141 1783 3183 servus
1812 3139 1987 3195 neque

2075 1929 2353 2000 cujusdam
2374 1922 2591 1981 nomine
2615 1916 2944 1989 Theopenti;
2975 1924 3027 1971 et
3056 1911 3139 1967 fac
3162 1909 3219 1967 in
3245 1908 3436 1967 eadem
3469 1904 3667 1980 charta

2077 1993 2162 2077 me
2201 2026 2258 2074 et
2302 2023 2510 2084 patrem
2539 2011 2687 2080 pueri
2740 2004 3091 2067 consobrinos
3140 2001 3332 2054 fratres
3355 2037 3373 2064 ,
3402 2003 3459 2051 et
3490 1993 3666 2057 vade,

2076 2120 2132 2167 et
2160 2110 2247 2165 dic
2282 2103 2460 2178 juveni
2488 2123 2501 2157 ς
2530 2101 2673 2170 Scis,
2715 2099 2903 2166 frater,
2931 2094 3074 2166 quod
3103 2103 3274 2162 genus
3301 2087 3543 2144 existens
3576 2097 3671 2153 pa-

2079 2175 2352 2267 triarchas,
2379 2211 2485 2253 nou
2511 2195 2780 2252 debueras
2798 2184 2878 2245 ita
2909 2188 2963 2247 in
2992 2190 3311 2255 paupertate
3338 2175 3589 2247 versari!
3613 2184 3669 2230 et

2079 2293 2305 2350 ostende
2331 2289 2382 2345 ei
2408 2288 2658 2345 chartam
2683 2325 2700 2351 ,
2750 2292 2807 2339 et
2835 2280 2924 2335 dic
2953 2296 2970 2333 :
2994 2277 3260 2345 Quoniam
3289 2272 3338 2333 si
3362 2268 3668 2336 erubescis,

2081 2400 2180 2456 ego
2207 2381 2402 2437 ordino
2428 2391 2649 2433 causam
2692 2383 2837 2430 tuam
2866 2369 3006 2438 apud
3038 2362 3419 2456 patriai-chain,
3446 2369 3505 2416 et
3544 2356 3671 2413 vide

2081 2451 2206 2546 quid
2233 2481 2253 2528 t
2276 2472 2329 2527 bi
2355 2471 2513 2526 dicet.
2543 2467 2674 2525 Cum
2703 2477 2834 2533 ergo
2860 2460 3038 2518 omnia
3068 2473 3186 2528 qua:
3211 2455 3361 2527 iussa
3390 2460 3521 2509 sunt
3548 2451 3604 2506 ei
3633 2465 3669 2505 a

2083 2541 2385 2635 patriarcha
2399 2557 2614 2616 tabellio
2636 2555 2871 2619 fecisset,
2895 2548 3043 2606 venit
3064 2547 3129 2602 ad
3150 2561 3276 2603 eum
3299 2545 3515 2600 dicens:
3533 2541 3672 2607 Quia

2086 2663 2272 2724 pactus
2320 2660 2401 2715 est
2431 2665 2562 2719 puer
2592 2646 2839 2716 tnihi,.ut
2879 2656 2979 2713 ego
3009 2641 3196 2710 loquar
3248 2650 3463 2705 causam
3515 2647 3671 2688 suam

2086 2746 2324 2813 domino,
2343 2753 2396 2799 et
2418 2755 2638 2810 magnas
2658 2737 2951 2809 gratiarum
2973 2733 3209 2799 actiones
3225 2729 3494 2795 referebat
3512 2726 3669 2781 mihi.

2090 2836 2232 2893 Dixit
2260 2836 2444 2904 itaque
2490 2841 2705 2885 Sanctus
2730 2844 2747 2884 :
2777 2821 2925 2881 Vade
2945 2836 3000 2881 et
3025 2823 3113 2881 die
3158 2821 3210 2876 ei
3238 2840 3249 2874 :
3275 2819 3437 2886 Quia‘
3455 2818 3673 2879 loculus

2088 2941 2207 2985 sum
2235 2923 2579 2994 patriarchas.
2610 2922 2675 2976 lit
2714 2918 2826 2974 dixi
2850 2934 2865 2971 ε
2888 2914 3150 2983 Quoniam
3191 2921 3247 2967 et
3271 2924 3370 2981 ego
3398 2910 3515 2964 scio
3544 2908 3674 2976 quia

2089 3015 2274 3072 habuit
2315 3011 2667 3081 consobrinus
2694 3021 2842 3063 meus
2892 3006 3090 3068 lilium,
3124 2999 3219 3057 sed
3253 3015 3318 3054 ex
3349 2998 3500 3052 vultu
3531 2996 3677 3055 huuc

2094 3126 2202 3167 non
2233 3120 2583 3177 recognosco.
2613 3103 2758 3158 Bene
2785 3112 2913 3170 ergo
2944 3098 3097 3163 facis,
3129 3094 3403 3154 adducens
3432 3091 3583 3150 hunc
3610 3089 3679 3145 ad

407 3239 566 3300 liber,
594 3247 784 3291 omnes
802 3232 944 3287 enim
963 3188 1065 3287 vos
1088 3240 1251 3280 unum
1281 3188 1417 3280 estis
1440 3223 1495 3277 in
1521 3222 1754 3276 Christo.
1780 3220 1834 3274 Si
1858 3188 1984 3288 ergo
2015 3220 2061 3285 (ς
2094 3219 2200 3267 me-
2249 3201 2536 3257 Adducens
2577 3212 2707 3268 ergo
2749 3210 2894 3260 eum,
2942 3200 3095 3262 porta
3121 3197 3177 3244 et
3203 3188 3446 3252 chartam
3478 3196 3680 3257 tecum.

408 3328 549 3398 apud
573 3326 847 3383 Christum
874 3320 1105 3390 aequales
1131 3330 1338 3380 sumus,
1369 3326 1422 3369 et
1448 3312 1515 3368 ad
1545 3312 1773 3366 invicem
1801 3323 1984 3377 aequa-

410 3397 487 3479 les
554 3419 871 3476 efﬁciamur.
922 3410 1160 3467 ‘Etenim
1233 3406 1479 3467 Christus
1548 3403 1776 3458 formam
1846 3397 1986 3452 sprvi

410 3509 731 3580 assumpsit,
787 3508 988 3562 docens
1044 3517 1142 3556 nos
1176 3513 1290 3555 non
1339 3495 1615 3566 superbire
1663 3503 1847 3548 contra
1875 3506 1989 3546 ser-

412 3620 509 3661 vos
560 3609 789 3659 nostros.
853 3597 1001 3653 Unus
1048 3592 1189 3647 enim
1220 3600 1303 3646 est
1344 3588 1601 3645 Dominus
1646 3586 1906 3650 omnium,
1937 3584 1990 3638 in

413 3699 569 3755 caelis
604 3696 882 3757 habitans,
916 3702 975 3746 et
1003 3688 1234 3744 humilia
1267 3685 1572 3753 resilit-iens
1615 3679 1783 3750 (Psal.
1824 3675 1996 3752 exn);

408 3804 525 3844 non
563 3786 706 3843 dixit
741 3781 1027 3847 sublimia,
1078 3779 1175 3835 sed
1225 3775 1477 3849 humilia.
1520 3771 1800 3838 Quantum
1850 3770 2001 3825 enim

412 3890 598 3932 aurum
630 3873 900 3938 dedimus,
932 3878 992 3923 ut
1019 3865 1422 3921 ltonoriiicatum
1463 3871 1519 3916 et
1549 3870 1783 3929 emptum
1810 3858 1993 3912 nobis-

413 3982 534 4023 cum
562 3979 685 4019 eum
723 3960 982 4032 sanguine
1019 3957 1200 4012 divino
1228 3964 1282 4010 et
1308 3953 1582 4009 Dominico
1602 3991 1617 4016 ,
1649 3952 1804 4005 nobis
1825 3949 1996 4003 servi-

417 4058 513 4111 tuti
546 4050 918 4122 suhjiciantus?
966 4048 1189 4117 Propter
1211 4061 1333 4100 eum
1371 4044 1587 4109 omium,
1612 4052 1830 4113 pr0ptcr
1871 4055 1992 4095 eum

415 4162 576 4215 terra,
601 4159 818 4218 propter
845 4162 967 4203 cum
1003 4145 1191 4210 stellae,
1241 4151 1459 4211 propter
1483 4155 1603 4194 eum
1636 4140 1711 4192 sol
1739 4178 1753 4201 ,
1780 4148 1996 4205 propter

404 4258 535 4297 eum
585 4256 732 4294 mare
755 4247 811 4295 et
838 4253 957 4308 qua!
984 4236 1038 4291 in
1068 4242 1293 4290 eosunt.
1318 4233 1603 4288 Estantem
1631 4244 1838 4294 verum,
1869 4229 1994 4297 quia

404 4343 470 4387 et
514 4331 689 4401 angeli
717 4329 768 4384 ei
803 4329 1130 4392 ministrant,
1162 4333 1379 4395 prepter
1399 4337 1519 4378 eum
1567 4321 1811 4376 Christus
1835 4320 1997 4389 pedes

417 4442 697 4482 servorum
762 4423 917 4485 lavit,
992 4432 1209 4492 propter
1256 4437 1376 4476 eum
1427 4419 1713 4475 crucifixus
1768 4427 1996 4503 est,.et

414 4529 608 4576 caetera
633 4517 806 4575 omnia
840 4525 1054 4585 propter
1077 4529 1199 4569 eum
1227 4527 1413 4583 passus
1429 4521 1533 4571 est.
1562 4511 1641 4565 Tu
1663 4518 1839 4566 autem
1872 4526 1994 4564 eum

2092 3299 2223 3354 Cum
2255 3310 2381 3352 vero
2409 3293 2799 3364 pervenissent,
2831 3288 2950 3343 tulit
2973 3300 3096 3349 eum
3121 3292 3334 3340 secreto
3364 3282 3456 3347 ille
3473 3282 3675 3350 justus,

2094 3398 2149 3445 et
2172 3388 2336 3457 ccepit
2364 3383 2664 3451 deosculari
2693 3396 2838 3450 cum,
2866 3388 2921 3437 et
2944 3379 3166 3441 dicere:
3198 3376 3342 3429 Bene
3365 3375 3514 3433 venit
3535 3373 3679 3427 (ilius

2093 3479 2400 3547 consobrini
2436 3477 2562 3541 mei.
2597 3470 2796 3543 Ditarit
2824 3471 2986 3543 igitur
3013 3484 3157 3535 cum,
3185 3475 3241 3523 et
3267 3465 3423 3531 uxori
3458 3463 3684 3518 tradidit

2094 3574 2150 3629 iu
2180 3569 2504 3632 Alerandria
2529 3608 2544 3632 ,
2574 3574 2630 3627 et
2655 3566 2871 3633 domum
2902 3570 2957 3629 et
2983 3560 3162 3617 omnia
3192 3557 3385 3627 quibus
3412 3570 3553 3624 opus
3586 3555 3684 3608 ha-

2097 3662 2208 3719 buit
2231 3659 2448 3715 donavit
2481 3658 2530 3725 ei
2550 3698 2566 3722 ,
2597 3657 2860 3721 demanat:
2873 3667 2967 3721 are
2994 3649 3253 3707 festinans
3280 3646 3538 3717 quoniam
3574 3659 3680 3699 non

2096 3753 2437 3822 dero-linquet,
2486 3749 2744 3813 Dominus
2789 3755 3069 3815 sperantes
3113 3746 3165 3798 in
3197 3756 3258 3796 se
3322 3736 3552 3812 (Iudith.
3585 3734 3681 3804 vi).

2168 3865 2298 3920 CAP.
2332 3862 2572 3919 XXXIV.
2602 3855 3134 3928 -—lmprmtermisse
3181 3860 3359 3906 autem
3414 3859 3472 3903 et
3527 3848 3685 3917 hujus

2100 3955 2333 4013 mandati
2367 3968 2551 4009 curam
2578 3951 2761 4004 habuit
2786 3948 2873 4002 hic
2900 3942 3251 4007 admirabilis,
3277 3942 3454 4012 legem
3480 3952 3685 4008 ponen-

2094 4048 2169 4104 tis
2196 4064 2210 4101 :
2238 4045 2445 4100 Veienti
2466 4054 2710 4096 mutuare
2731 4054 2762 4095 a
2788 4050 2841 4094 te
2860 4054 2928 4091 ne
2951 4044 3162 4091 avertas
3185 4031 3475 4102 aliquando
3501 4029 3685 4099 (Deut.

2102 4154 2207 4207 xv;
2234 4138 2363 4191 Lur.
2412 4133 2508 4206 vi),
2540 4148 2650 4190 non
2695 4130 2970 4201 prohibuit
2992 4127 3231 4194 aliquem
3276 4120 3590 4190 hujusmodi
3618 4118 3689 4173 ab

2101 4245 2166 4284 eo
2194 4225 2501 4295 suffragium
2533 4224 2910 4293 postulantem.
2944 4217 3098 4281 Unde
3126 4216 3230 4273 hoc
3258 4213 3437 4268 sciens
3464 4210 3687 4281 quidam

2102 4320 2362 4389 malignus
2386 4325 2441 4370 et
2466 4316 2745 4383 impoator,
2770 4312 2920 4380 petiit
2946 4308 3014 4362 ab
3040 4322 3107 4363 eo
3134 4314 3193 4359 ut
3218 4302 3321 4363 sibi
3352 4311 3570 4357 mutuas
3595 4299 3690 4355 da-

2104 4419 2187 4467 ret
2214 4408 2397 4478 viginti
2441 4405 2609 4461 libras
2633 4403 2770 4457 auri.
2796 4401 2935 4455 Erat
2962 4408 3139 4455 autem
3171 4398 3242 4452 de
3267 4397 3351 4450 bis
3379 4394 3470 4464 qui
3497 4395 3690 4448 dicun-

2104 4512 2189 4556 tur
2211 4497 2541 4555 Galiodromi
2561 4495 2701 4566 (74).
2721 4495 3082 4549 Contemnens
3097 4503 3225 4556 ergo
3245 4495 3489 4541 sanctum
3510 4499 3689 4554 quem

415 4612 506 4679 qui
535 4626 566 4667 a
585 4609 699 4667 Deo
728 4610 1016 4677 honoratur
1044 4605 1367 4671 inhonorus,
1398 4613 1453 4659 et
1470 4604 1621 4674 quasi
1644 4619 1746 4661 non
1768 4603 1844 4659 sis
1867 4602 2001 4672 t'jtts-
2028 4598 2081 4659 D
2106 4594 2392 4650 admodum
2422 4602 2477 4645 et
2523 4590 2654 4644 alios
2683 4587 2898 4667 multos,
2942 4583 3155 4639 dicebat
3181 4600 3193 4634 :
3216 4582 3353 4648 Quia
3382 4579 3521 4633 nihil
3553 4577 3689 4631 mihi

417 4705 538 4758 dem
569 4710 791 4765 naturas,
818 4715 920 4757 non
945 4710 1166 4771 parcens
1187 4695 1349 4749 feris?
1374 4695 1464 4749 Dic
1486 4735 1499 4759 ,
1529 4694 1784 4758 obsecro,
1808 4693 1995 4756 velles,

413 4796 626 4864 quoties
656 4793 868 4861 culpam
900 4788 1161 4857 admittis,
1196 4795 1251 4847 ut
1274 4801 1395 4840 mox
1424 4784 1675 4841 redderet
1700 4784 1793 4843 tibi
1826 4784 1996 4838 Dens?

419 4887 781 4954 Nequaquam.
818 4882 932 4949 Dic,
984 4877 1251 4950 quomodo
1295 4890 1418 4932 oras
1464 4875 1721 4944 quotidie,
1770 4876 1996 4929 dicens:

422 4978 639 5032 Dimitte
670 4975 822 5030 nobis
851 4973 1033 5037 debita
1063 4978 1265 5034 nostra,
1293 4968 1430 5025 sicut
1474 4977 1527 5021 ct
1560 4982 1658 5021 nos
1685 4967 2002 5021 dimittimus

418 5072 752 5129 debitoribus
781 5067 979 5123 nostris
1008 5064 1223 5137 (Matth.
1242 5062 1357 5131 vi)?
1405 5061 1499 5117 His
1535 5068 1587 5114 et
1614 5060 1695 5113 his
1734 5059 1999 5113 similibus

419 5164 596 5220 verbis
649 5162 718 5216 de
768 5161 1040 5215 habitante
1069 5157 1122 5210 in
1167 5168 1227 5211 se
1276 5153 1527 5211 thesauro
1579 5165 1809 5204 monens
1856 5150 1998 5203 hunc

427 5254 692 5318 absolvit;
724 5260 780 5306 et
808 5250 906 5305 nisi
954 5245 1232 5302 didicisset
1260 5245 1417 5301 istum
1458 5239 1825 5304 emendatum,
1859 5254 1996 5304 pra:-

423 5346 706 5416 parabatet
728 5342 1022 5398 instruebat
1045 5352 1256 5401 servum
1286 5336 1543 5397 alilictum
1569 5373 1585 5399 ,
1619 5341 1677 5387 ut
1705 5333 1878 5402 fugam
1911 5348 1997 5385 ar-

423 5440 643 5507 ripcrct,
676 5448 726 5492 et
756 5435 1114 5493 venditionem
1142 5436 1390 5499 peteret;
1420 5437 1475 5480 et
1518 5426 1659 5481 hunc
1687 5437 1999 5492 comnarans

417 5528 616 5599 jusxus,
644 5526 821 5579 statim
856 5523 1075 5576 liberum
1107 5520 1393 5577 statuebat.

498 5620 630 5674 Car.
662 5617 900 5672 XXXIII.
926 5644 995 5654 -—-
1018 5614 1255 5671 Audiens
1283 5610 1569 5679 aliquando
1598 5608 1874 5678 cujusdam
1903 5606 2008 5661 ele-

426 5698 761 5776 emosyinatnt
773 5708 819 5760 is
846 5718 1067 5773 puermn
1098 5703 1398 5772 orphanum
1431 5699 1743 5761 derelictum
1766 5739 1783 5762 ,
1814 5710 2007 5766 paren-

422 5797 572 5859 tibus
602 5795 713 5851 suis
744 5794 1110 5860 morientibus,
1141 5803 1195 5849 et
1224 5797 1278 5851 in
1327 5793 1494 5849 multa
1527 5799 1845 5861 paupertate
1873 5802 2007 5842 con-

2106 4686 2273 4740 dcdit.
2316 4681 2653 4750 Quatsierunt
2681 4678 2859 4747 itaque
2889 4672 3143 4730 Ecclesia)
3174 4684 3421 4741 pastores
3447 4677 3509 4724 et
3535 4668 3689 4723 ordi-

2109 4786 2323 4831 natores
2351 4782 2410 4827 ut
2436 4773 2487 4825 in
2519 4782 2791 4825 carcerem
2821 4767 2964 4821 hunc
2992 4764 3300 4829 mitterent,
3349 4771 3405 4818 et
3434 4761 3684 4831 publica-

2111 4876 2231 4923 rent
2275 4866 2392 4935 ejus
2420 4861 2792 4918 substantiam.
2825 4861 2898 4914 At
2923 4858 3158 4915 imitator
3186 4855 3439 4921 dicentis,
3500 4854 3691 4907 Estotc

2111 4954 2504 5021 misericordes,
2560 4952 2700 5008 sicut
2728 4962 2781 5007 et
2824 4950 2984 5007 Pater
3030 4957 3208 5004 vester
3252 4946 3567 5002 misericors
3609 4954 3693 4999 est

2112 5048 2289 5116 (Lucis
2311 5045 2407 5115 vr),
2441 5043 2532 5114 qui
2560 5044 2726 5097 solem
2757 5057 2910 5097 suum
2935 5041 3067 5096 oriri
3095 5041 3220 5095 facit
3244 5053 3409 5108 super
3436 5038 3610 5092 honos
3636 5047 3694 5093 et

2106 5145 2298 5207 malos,
2326 5149 2380 5194 et
2407 5137 2541 5208 pluit
2568 5151 2729 5206 super
2751 5136 2925 5206 justus
2953 5143 3007 5191 et
3050 5131 3300 5203 iniustos.
3351 5145 3690 5202 nequaquam

2108 5237 2213 5290 ill=s
2239 5232 2532 5301 consensit,
2565 5238 2624 5285 ut
2643 5245 2765 5284 eum
2792 5227 3112 5299 afﬂigerent.
3148 5225 3242 5280 His
3265 5234 3447 5279 autem
3470 5224 3693 5279 turban-

2104 5326 2250 5383 tibus
2273 5331 2460 5381 contra
2487 5334 2635 5385 eum,
2668 5328 2849 5388 utpote
2873 5320 2962 5387 qui
2994 5315 3314 5387 patriarcha:
3341 5315 3604 5381 illuserat,
3637 5321 3694 5369 et

2107 5417 2407 5473 dicentibus
2431 5413 2499 5469 ad
2524 5412 2770 5469 eumdem
2793 5417 3037 5469 sanctum
3062 5427 3077 5461 :
3100 5406 3217 5462 Non
3237 5406 3443 5477 justum
3467 5415 3578 5471 est,
3606 5406 3695 5458 do-

2106 5511 2275 5572 mine,
2308 5517 2366 5561 ut
2396 5505 2539 5573 quod
2568 5516 2835 5573 pauperes
2871 5501 3198 5567 acciperent,
3242 5497 3330 5553 hic
3381 5497 3694 5552 luxuriosus

2111 5600 2361 5672 accipiat,
2404 5597 2695 5667 respondit
2721 5604 2943 5650 econtra
2976 5593 3066 5648 ille
3094 5603 3175 5647 ter
3204 5591 3416 5657 beatus,
3462 5591 3687 5646 dicens:

2111 5693 2348 5759 Credite,
2392 5690 2608 5757 fratres,
2652 5689 2776 5758 quia
2816 5688 2862 5742 si
2892 5696 3045 5743 extra
3070 5687 3397 5741 voluntatem
3420 5683 3688 5750 accipere-

2117 5786 2187 5840 tis
2215 5784 2412 5854 aliquid
2438 5783 2504 5840 ab
2532 5797 2618 5848 eo,
2651 5782 2761 5838 duo
2790 5781 3041 5839 mandata
3080 5774 3605 5848 transgrederemini,
3634 5783 3686 5829 et
