3976 6418
416 335 552 398 1643

1336 360 1496 416 Vl'l‘A
1535 361 1783 418 SANCTI
1821 361 2104 420 JOANNIS
2147 363 2722 426 ELEEMOSYNARII.

3501 364 3636 426 idili

399 487 563 528 Itrtttm
629 471 984 541 adimplebitis
1038 473 1250 544 quando
1321 484 1376 528 ct
1421 475 1487 530 ad
1536 492 1800 544 pauperes
1847 477 1968 532 dats
1994 477 2044 534 It
2075 492 2212 544 rum,
2235 478 2550 550 dicebatque
2581 495 2643 535 se
2670 481 3039 536 demonstrans
3069 479 3218 546 quasi
3248 478 3437 533 iratum
3463 491 3479 533 :
3507 480 3645 537 Vere

391 559 563 642 fuerit
650 563 1022 635 hujuscemodi
1108 570 1403 638 quantitas.
1511 568 1682 622 Unum
1726 569 1966 636 ηυίάθπιο

401 646 523 721 quia
568 655 898 724 apparebitis
927 657 1264 724 impatientes
1291 660 1429 712 circa
1461 659 1736 722 damnum,
1766 670 1820 714 et
1854 661 1968 714 efli-

398 746 612 801 ciemt'ni
641 746 761 802 aliis
803 747 970 802 forma
1003 750 1138 802 mala
1165 767 1180 812 ;
1211 751 1434 804 alterum
1465 759 1665 817 autem,
1716 754 1966 822 quoniam

398 855 504 896 non
534 840 840 896 obedientes
867 842 1020 896 eritis
1067 840 1296 894 Domino
1342 840 1472 908 Deo,
1526 841 1720 896 dicenti
1750 859 1764 897 :
1797 843 1876 898 Ab
1904 857 1969 899 eo

398 935 487 1003 qui
511 933 792 988 abstulerit
821 944 907 986 tua
937 948 1004 989 ne
1031 943 1242 1002 repetas
1269 933 1419 1004 (Luc.
1451 934 1550 1003 vt).
1575 935 1800 1006 Expedit
1819 951 1966 1005 ergo,

396 1039 433 1079 o
473 1023 590 1088 lilii,
619 1033 674 1078 ιιι
717 1023 1015 1078 efﬁciamur
1039 1025 1287 1078 omnibus
1330 1026 1633 1093 exemplum
1667 1026 1964 1092 patientia.

402 1114 612 1169 Etenim
657 1116 942 1180 Apostolus
973 1113 1101 1169 dicit
1132 1131 1146 1169 :
1179 1116 1354 1181 Quare
1386 1131 1490 1170 non
1519 1118 1686 1186 magis
1717 1116 1966 1186 injuriam

399 1205 706 1259 sustinetis?
735 1219 898 1273 quare
924 1222 1027 1260 non
1053 1209 1218 1275 magis
1240 1207 1479 1262 fraudem
1507 1208 1749 1277 patimini
1779 1210 1819 1280 (Ι
1846 1211 1963 1264 Cor.

399 1295 514 1364 vr)?
560 1297 623 1350 Iit
669 1297 864 1350 bonum
909 1305 991 1351 e=t
1019 1299 1232 1366 quidem
1273 1301 1553 1365 veraciter,
1586 1301 1794 1363 fratres.
1823 1301 1967 1355 omni

399 1386 600 1455 petenti
629 1386 776 1453 dare,
803 1388 1066 1444 excelsius
1093 1399 1272 1445 autem
1301 1400 1356 1444 et
1387 1390 1753 1446 honorabihua
1782 1400 1837 1446 et
1865 1406 1967 1445 non

401 1478 594 1544 petenti
619 1494 634 1542 ;
663 1478 707 1532 ei
740 1489 914 1532 autem
939 1480 1027 1548 qui
1055 1479 1228 1535 aufert
1251 1482 1624 1536 vestimentum
1647 1483 1760 1536 sine
1781 1484 1970 1535 volun-

399 1577 505 1621 late
545 1582 572 1618 τι
604 1569 756 1621 nobis
787 1568 913 1623 dare
938 1578 992 1623 et
1024 1570 1277 1635 tunicam,
1307 1571 1562 1639 angelica:
1593 1586 1722 1628 vere
1766 1583 1968 1627 natura:

410 1659 656 1720 imitatio,
692 1658 800 1711 imo
823 1659 1018 1714 divina:
1041 1669 1146 1714 eat.
1180 1661 1254 1715 Ex
1283 1661 1364 1715 his
1391 1661 1532 1716 enim
1565 1677 1684 1732 qua:
1712 1663 1970 1719 habemus

395 1747 650 1804 Dominus
684 1750 935 1818 praecepit
963 1751 1282 1806 benefacere
1313 1753 1563 1820 proximo
1586 1771 1604 1807 ε
1630 1753 1855 1823 Βοιιυιιι,
1887 1755 1968 1810 itt-

2071 585 2178 625 nou
2207 572 2490 626 obaudiam
2521 573 2691 638 vobis,
2722 572 2794 627 ite
2820 587 2848 625 a
2876 586 2982 625 me.
3027 571 3182 625 Modo
3212 569 3342 623 nihil
3369 570 3514 624 aliud
3560 570 3645 624 ft-

2071 658 2228 726 ciam,
2261 669 2318 714 ut
2341 676 2436 716 vos
2461 676 2565 735 non
2597 661 3052 726 scandalizemini,
3084 660 3184 714 nisi
3227 660 3478 729 accipiam
3526 676 3645 715 rau-

2074 749 2282 814 lierem,
2326 761 2588 819 quatenus
2631 766 2814 805 curam
2857 747 3080 807 habeam
3127 749 3338 814 domus,
3369 758 3424 806 et
3452 749 3641 804 faciam

2070 839 2241 894 malos
2265 841 2400 897 dies.
2447 841 2545 907 Qui
2588 843 2699 896 vult
2735 840 3103 906 scandalizari,
3147 839 3559 904 seandaiiaclur,
3589 849 3644 895 et

2068 931 2160 986 det
2183 930 2412 989 frontem
2446 935 2496 989 in
2545 935 2818 1001 parietem.
2869 933 3002 1000 Quid
3054 932 3215 988 vultis
3243 946 3311 986 ex
3341 944 3427 985 me
3449 929 3474 983 ἲ
3498 929 3642 984 Nun-

2069 1022 2194 1091 quid
2225 1023 2434 1091 judices
2467 1026 2740 1081 constituti
2769 1026 2896 1080 estis
2922 1039 3079 1094 super
3105 1039 3190 1078 me
3218 1039 3247 1077 a
3277 1021 3420 1076 Deo?
3449 1022 3545 1089 Ite,
3571 1020 3640 1074 de

2071 1111 2220 1166 vobis
2248 1127 2428 1166 curam
2467 1113 2731 1177 habetote,
2761 1128 2855 1166 vos
2882 1126 2978 1180 pro
3008 1127 3094 1166 me
3131 1112 3242 1167 Deo
3271 1124 3376 1164 non
3407 1107 3642 1164 reddetis

2069 1201 2350 1256 rationem.
2390 1200 2538 1257 Unus
2565 1211 2646 1258 est
2669 1202 2849 1272 judcx,
2882 1212 2936 1256 et
2967 1209 3148 1256 sancta
3179 1200 3295 1256 dies
3316 1197 3520 1268 iudicii,
3549 1195 3640 1264 qui

2069 1292 2289 1361 singulis
2317 1293 2504 1348 reddet
2527 1294 2817 1350 secundum
2845 1307 3006 1362 opera
3036 1305 3243 1346 eorum.
3292 1289 3513 1345 Dicebat
3544 1303 3642 1344 au-

2071 1393 2175 1438 tem
2219 1383 2332 1437 haec
2370 1384 2626 1441 clamans.
2674 1385 2898 1452 Quidam
2939 1397 3065 1455 ergo
3105 1383 3349 1438 ecclesiae
3389 1380 3639 1436 defenso-

2070 1488 2211 1538 rum,
2247 1473 2360 1529 baac
2389 1475 2654 1529 multoties
2682 1475 2958 1528 audientes
2992 1475 3058 1529 ab
3092 1487 3176 1540 eo,
3207 1471 3510 1528 referebant
3547 1485 3642 1538 pa-

2072 1565 2314 1621 triarchae
2357 1565 2498 1636 quod
2543 1566 2720 1620 fiebat.
2754 1564 2894 1621 Deus
2921 1580 3048 1620 vero
3088 1565 3264 1619 sciens
3305 1563 3442 1633 quod
3477 1562 3642 1618 nollet

2072 1657 2158 1712 ille
2200 1668 2416 1712 sanctus
2458 1657 2727 1712 attendere
2774 1657 3018 1714 abbatem
3071 1656 3336 1720 Vitalium,
3377 1652 3644 1708 induravit

2069 1765 2161 1806 cor
2191 1751 2327 1820 ejus,
2373 1765 2444 1806 ne
2479 1750 2722 1809 crederet
2757 1752 2854 1805 eis.
2900 1749 3298 1806 Recordabatur
3339 1747 3480 1802 enim
3521 1753 3645 1800 ante

393 1844 528 1912 quit,
561 1842 718 1898 facies
741 1843 888 1898 fratri
917 1854 1026 1911 tuo,
1048 1844 1196 1914 juxta
1219 1846 1360 1914 quod
1385 1846 1622 1914 possidet
1639 1862 1828 1902 manus
1851 1857 1960 1912 tua,
1996 1849 2043 1908 B
2071 1841 2349 1895 ηιθηὶοΐθιί
2387 1843 2653 1908 eunuchi;
2697 1841 2793 1897 δθά
2834 1841 3128 1909 ίηονερανὶι
3166 1839 3512 1894 vehementer
3548 1850 3644 1892 ⁸⁸³

395 1950 499 1987 non
531 1948 596 1988 ex
628 1935 710 1988 his
738 1949 854 2002 qum
881 1947 949 1990 ex
983 1935 1077 1995 lite
1097 1945 1152 1989 et
1179 1936 1528 1991 contentione
1554 1944 1610 1992 et
1633 1935 1702 1990 ab
1723 1936 1967 2006 ittjttriant

392 2039 552 2095 passo
576 2025 905 2079 auferuntur.

461 2119 590 2173 Car.
635 2117 852 2172 XXXV.
891 2148 961 2158 —
999 2118 1174 2174 Senex
1223 2121 1434 2190 quidam
1485 2137 1748 2192 magnus,
1815 2122 1965 2192 quasi

389 2223 647 2264 annorum
679 2211 972 2281 sexaginta,
1020 2212 1241 2266 audiens
1289 2212 1421 2268 tales
1462 2228 1549 2268 res
1595 2214 1753 2282 beati,
1805 2213 1968 2269 voluit

390 2311 596 2355 tentare
623 2316 764 2366 eum,
795 2302 840 2357 si
869 2311 1052 2370 posset
1075 2302 1255 2358 verbis
1285 2304 1522 2368 suaderi,
1551 2314 1608 2360 et
1642 2308 1708 2360 ad
1739 2306 1965 2361 scanda-

391 2393 502 2444 lum
545 2390 696 2446 facile
743 2393 1019 2458 inclinari,
1050 2404 1108 2448 et
1135 2402 1192 2448 ut
1231 2393 1483 2464 contigit,
1515 2397 1560 2451 si
1589 2398 1967 2452 condemnaret

387 2484 642 2550 aliquem.
709 2486 773 2538 Et
820 2485 1065 2540 habitans
1105 2488 1254 2556 prius
1297 2488 1350 2543 in
1395 2491 1719 2564 monasterio
1759 2492 1966 2547 abbatis

389 2574 661 2629 Seridonis
691 2575 828 2646 (75-),
861 2577 988 2631 exiit
1017 2586 1070 2632 ct
1097 2580 1243 2632 venit
1271 2580 1678 2647 Alexandriam;
1726 2592 1780 2636 et
1804 2583 1967 2638 sumit

387 2667 845 2722 conversationem
879 2668 1180 2724 hominibus
1207 2671 1422 2739 quidem
1462 2672 1963 2741 reprcbensibi‘em,

386 2757 484 2812 sed
515 2758 622 2810 Deo
655 2769 878 2826 gratam,
911 2761 1002 2829 qui
1038 2761 1127 2814 dat
1160 2759 1240 2831 (ιιι
1276 2762 1352 2816 ait
1384 2763 1570 2832 David)
1617 2765 1837 2833 singulis
1881 2780 1963 2820 sc-

385 2851 617 2905 cunclum
666 2865 759 2903 cor
805 2865 988 2905 eorum
1037 2851 1205 2922 (Prol.
1251 2853 1387 2922 xrx).
1433 2853 1742 2924 ingrediens
1790 2858 1965 2926 itaque

387 2939 676 3006 civitatem,
716 2942 897 2996 scribit
923 2958 1112 2997 omnes
1137 2957 1254 3010 quae
1285 2954 1424 2999 nota:
1455 2957 1608 3001 erant
1637 2949 1961 3012 meretrices,

384 3042 443 3085 et
472 3031 632 3100 erepit
662 3033 900 3087 l-borare
935 3035 1211 3103 opuscula,
1241 3044 1295 3090 et
1329 3037 1572 3103 accipere
1605 3053 1700 3106 per
1728 3039 1965 3109 singulos

385 3121 504 3178 dies
531 3122 774 3190 siliquam
802 3137 979 3176 unam.
1004 3125 1136 3179 Cum
1167 3141 1296 3193 ergo
1326 3128 1668 3183 occumberet
1687 3128 1788 3192 sol,
1821 3145 1966 3186 man-

2073 1931 2162 1996 qui
2193 1939 2375 1986 contra
2402 1931 2650 1988 Vitalium
2677 1932 2920 1988 abbatem
2951 1929 3337 1986 accusationem
3365 1927 3415 1984 ei
3448 1927 3642 1982 amere-

2071 2023 2218 2088 bant,
2251 2023 2436 2078 dicens
2467 2025 2534 2079 ad
2561 2039 2656 2080 eos
2685 2041 2700 2078 :
2734 2025 3002 2091 Quiescite
3035 2036 3288 2078 accusare
3327 2020 3640 2076 monachos.

2068 2119 2150 2171 Au
2192 2117 2406 2170 neat-itis
2431 2117 2572 2184 quod
2611 2117 2750 2171 circa
2790 2123 2989 2170 sanctae
3027 2113 3298 2170 memoriae
3336 2109 3644 2166 Constanti-

2069 2223 2193 2263 num
2224 2209 2336 2279 (77)
2367 2209 2738 2277 imperatorem
2785 2215 2961 2262 actum
2999 2205 3186 2272 fuisse,
3217 2201 3644 2272 conscriptiones

2067 2315 2186 2370 qurc
2211 2301 2274 2355 de
2305 2315 2370 2356 eo
2407 2301 2652 2369 leguntur
2693 2298 3038 2354 contineant?
3081 2293 3366 2362 Quoniam,
3395 2291 3490 2358 ait,
3526 2289 3643 2360 qui-

2067 2394 2186 2445 dam
2217 2407 2321 2445 non
2361 2392 2608 2446 timentes
2639 2390 2824 2454 Dt-um,
2857 2403 2979 2443 cum
3018 2386 3382 2442 celebraretur
3407 2379 3642 2442 secunda

2066 2483 2311 2553 Synodus
2341 2483 2392 2537 in
2417 2481 2593 2538 Nictca
2623 2478 2760 2553 (78),
2801 2485 3082 2549 crepet-unt
3108 2485 3292 2532 contra
3333 2487 3394 2529 se
3421 2472 3551 2528 dare
3588 2471 3642 2526 in

2065 2576 2280 2644 scriptis
2319 2574 2485 2629 famas
2540 2584 2719 2642 turpes
2761 2573 2916 2627 beato
2944 2571 3016 2626 illi
3061 2567 3394 2638 imperatori,
3423 2565 3642 2636 quidam

2067 2667 2246 2721 clerici
2273 2667 2487 2736 quidem
2516 2665 2832 2731 existentes,
2866 2662 3076 2734 quidam
3108 2660 3376 2723 monachi,
3397 2669 3454 2714 et
3477 2658 3544 2713 ad
3571 2658 3646 2710 ia-

2065 2760 2200 2814 ciem
2225 2759 2494 2814 adducens
2523 2765 2736 2814 sanctus
2757 2756 2850 2810 Dei
2874 2753 3246 2815 Constantinus
3276 2760 3642 2807 accusatorem

2066 2859 2120 2903 et
2146 2857 2474 2914 accusatum,
2504 2857 2785 2916 utrumque
2829 2844 3052 2901 audivit.
3103 2843 3312 2899 Etcum
3354 2840 3646 2897 invenisset

2067 2939 2262 2994 multas
2301 2939 2481 2992 talium
2511 2936 2945 2992 criminationem
3002 2949 3155 2990 veras
3208 2945 3359 2994 esse,
3417 2928 3647 2983 ali’erens

2065 3031 2339 3088 ardentem
2377 3045 2590 3086 cereum
2614 3069 2630 3096 ,
2664 3027 2899 3083 incendit
2919 3040 3104 3081 omnes
3131 3039 3249 3095 quae
3269 3023 3406 3078 datm
3427 3029 3549 3075 sunt
3591 3019 3646 3074 in

2068 3123 2283 3191 scriptis
2325 3121 2496 3174 malas
2533 3121 2844 3188 opiniones,
2895 3118 3120 3173 dicens:
3149 3115 3286 3171 Vere
3327 3115 3372 3170 si
3415 3112 3646 3183 propriis

386 3215 616 3269 ducebat
643 3217 794 3270 unius
823 3217 945 3270 aerei
978 3217 1184 3284 lupinus
1211 3216 1346 3287 (76),
1371 3229 1423 3273 ct
1454 3220 1684 3275 intrabat
1712 3221 1777 3274 ad
1807 3237 1964 3278 unam
1995 3210 2041 3273 C
2073 3215 2242 3268 oculis
2270 3212 2519 3266 vidissem
2561 3211 2892 3267 sacerdotem
2917 3209 3033 3277 Dei,
3063 3208 3146 3264 vel
3184 3207 3412 3275 aliquem
3460 3219 3646 3260 eorum

385 3307 748 3374 meretricum,
778 3318 830 3362 et
859 3308 1020 3362 dabat
1053 3311 1100 3362 ei
1136 3325 1306 3364 :rrers
1335 3327 1600 3379 nummos,
1641 3323 1696 3368 et
1725 3312 1963 3370 dicebat:

389 3398 536 3451 Dona
567 3398 690 3452 mihi
722 3407 930 3454 noctem
962 3399 1139 3462 istam,
1174 3411 1226 3456 et
1257 3402 1362 3455 noli
1395 3402 1666 3459 fornicari.
1697 3405 1762 3459 Et
1788 3420 1970 3460 mane-

387 3491 479 3543 bat
505 3491 649 3559 juxta
680 3505 797 3545 eam
837 3503 990 3548 nocte
1021 3494 1126 3559 illa,
1165 3494 1456 3550 observans
1483 3513 1600 3552 eam
1634 3514 1700 3552 ne
1733 3499 1964 3553 fornica-

385 3592 559 3635 retur.
614 3582 800 3637 Stabat
830 3599 953 3653 ergo
996 3598 1025 3638 a
1052 3601 1274 3655 vespere
1315 3587 1368 3640 in
1405 3603 1512 3643 uno
1540 3591 1734 3660 angulo
1764 3591 1966 3646 cellulae

385 3671 482 3726 ubi
505 3671 804 3728 dormiebat
847 3675 1058 3739 mulier,
1105 3678 1335 3746 psallens
1377 3690 1431 3734 et
1459 3695 1617 3736 orans
1659 3695 1753 3749 pro
1792 3697 1874 3748 ea,
1916 3694 1970 3738 ct

384 3763 608 3816 mittens
634 3763 1033 3832 genuﬂexiones
1071 3783 1235 3836 usque
1265 3769 1328 3824 ad
1371 3786 1650 3839 auroram;
1683 3782 1736 3826 et
1763 3778 1965 3838 exiens,

384 3853 687 3921 accipiebat
713 3855 930 3910 verbum
962 3857 1029 3910 ab
1053 3857 1138 3912 illa
1163 3859 1299 3928 quod
1327 3863 1454 3916 nulli
1480 3863 1681 3919 diceret
1707 3866 1967 3922 actionem

381 3942 529 4011 ejus.
566 3944 634 3998 Ita
680 3946 866 4015 agebat
893 3962 1125 4017 semper,
1154 3965 1430 4020 quousque
1463 3965 1568 4006 una
1597 3968 1777 4008 carum
1803 3958 1972 4009 mani-

386 4036 603 4090 fcslavit
642 4040 800 4094 vitam
846 4040 984 4111 ejus,
1016 4042 1172 4113 quod‘
1206 4061 1332 4111 non,
1379 4058 1436 4102 ιιι
1470 4048 1837 4119 loruicaretur,
1891 4052 1973 4106 in-

391 4135 554 4181 lrarel
585 4128 648 4182 ad
676 4119 788 4190 cas,
813 4131 906 4185 scd
941 4141 997 4186 ut
1022 4135 1270 4190 salvaret.
1301 4138 1484 4192 Dravit
1513 4151 1696 4206 senex,
1725 4149 1777 4195 ct
1807 4141 1970 4210 coepit

390 4219 586 4271 mulier
616 4233 645 4273 a
674 4218 940 4276 daimonio
971 4226 1170 4291 vexari,
1201 4237 1255 4280 ut
1287 4243 1379 4296 per
1409 4228 1550 4284 illam
1582 4241 1790 4286 caeteras
1817 4233 1970 4288 time-

391 4320 549 4374 rcnt,
583 4320 635 4365 et
665 4327 766 4365 non
801 4314 1200 4372 manifestarent
1232 4335 1353 4373 eum
1397 4322 1540 4376 onmi
1583 4331 1820 4392 tempore
1852 4328 1972 4379 vita:

277 4417 290 4426 κ
388 4400 529 4470 ejus.
556 4401 811 4482 Dicebant
839 4421 965 4474 ergo
987 4409 1200 4475 quidam
1233 4411 1279 4463 ci
1312 4427 1429 4482 qua:
1460 4428 1486 4465 τι
1519 4413 1781 4469 dmmonio
1808 4433 1970 4472 vexa-

396 4481 748 4556 batur;Quid
777 4495 896 4549 est?
926 4498 1178 4552 Reddidit
1221 4501 1310 4554 tibi
1332 4481 1480 4556 Deus
1528 4505 1774 4572 quoniam
1825 4522 1974 4560 men-

2071 3303 2161 3372 qui
2192 3301 2502 3356 monachico
2533 3301 2716 3356 habitu
2745 3297 3127 3354 circumamicti
3151 3305 3292 3362 sunt,
3313 3303 3643 3365 peccantem,

2069 3392 2406 3463 chlamydem
2432 3406 2602 3446 meam
2624 3389 2968 3457 explicarem,
2989 3395 3044 3444 et
3062 3388 3392 3457 cooperit-om
3412 3400 3556 3449 euut,
3580 3398 3649 3438 ne

2072 3485 2140 3536 ab
2165 3485 2346 3553 aliquo
2374 3483 2663 3538 videretur.
2697 3481 2826 3536 Nam
2853 3491 2906 3535 et
2928 3481 2982 3534 ia
3007 3493 3219 3534 servum
3245 3477 3338 3532 Dei
3369 3476 3542 3543 illum,
3570 3475 3648 3527 vi-

2070 3578 2263 3631 delicet
2305 3575 2636 3640 eunuchum,
2681 3574 2750 3627 ita
2771 3576 3012 3641 putastis,
3050 3582 3103 3626 et
3127 3571 3347 3625 isistis
3367 3584 3456 3624 me
3495 3577 3647 3624 extra

2071 3669 2228 3732 viam,
2259 3677 2313 3722 et
2341 3666 2438 3719 feci
2483 3668 2671 3720 animae
2711 3681 2845 3720 utea:
2883 3671 3154 3733 peccatum
3197 3677 3466 3731 maguum.
3506 3661 3648 3714 Con-

2074 3762 2296 3816 fundens
2338 3777 2465 3830 ergo
2503 3775 2598 3815 eos
2639 3761 2883 3823 multum,
2928 3756 3178 3811 absolvit.
3227 3755 3422 3811 Servus
3467 3763 3647 3808 autem

2077 3853 2166 3906 Dei
2197 3852 2421 3906 Vitalius
2449 3867 2479 3905 a
2507 3853 2716 3920 propria
2757 3850 3066 3919 operatione
3094 3862 3199 3901 non
3239 3847 3502 3901 cessabat.
3545 3845 3647 3899 De-

2075 3945 2391 4010 precabatur
2453 3958 2579 4013 ergo
2624 3951 2681 3996 ut
2723 3940 3037 4009 quibusdam
3090 3947 3210 4008 post
3260 3947 3483 3992 mortem
3530 3935 3649 4002 ejus

2065 4031 2123 4088 in
2196 4036 2404 4092 somnis
2474 4035 2842 4092 manifestaret
2911 4031 3086 4096 Deus,
3191 4035 3375 4082 utnon
3421 4027 3650 4094 imputa-

2074 4136 2219 4178 rctnr
2257 4127 2308 4180 in
2341 4135 2610 4195 peccatum
2645 4125 2726 4177 his
2757 4126 2840 4192 qui
2875 4122 3368 4180 scandalizabantur
3409 4122 3459 4174 in
3502 4133 3648 4182 eum,

2073 4229 2138 4269 eo
2177 4215 2316 4284 quod
2363 4229 2473 4268 rem
2517 4229 2672 4281 quam
2717 4215 2906 4281 agebat
2949 4211 3187 4267 dicerent
3234 4209 3486 4264 scandala
3529 4221 3652 4263 esse

2078 4308 2329 4375 plenam,
2391 4315 2444 4360 ct
2495 4321 2596 4359 non
2649 4305 2871 4358 haberet
2923 4303 3081 4355 homo
3126 4300 3328 4372 peccati
3389 4297 3647 4366 judicium

2076 4413 2140 4453 ex
2171 4413 2256 4464 ea,
2281 4397 2532 4467 qttidquid
2563 4399 2767 4450 locutus
2797 4394 2998 4449 fuisset.
3035 4393 3226 4447 Multas
3255 4391 3410 4458 igitur
3436 4389 3503 4445 de
3533 4389 3652 4443 tali-

2079 4493 2178 4544 bus
2208 4489 2515 4542 mulieribus
2555 4487 2608 4540 in
2639 4484 3099 4554 cumpunctioncm
3141 4481 3351 4536 induxit
3379 4488 3492 4534 haec
3517 4493 3651 4548 ope-

393 4585 491 4634 titc
525 4597 601 4636 es.
632 4584 701 4638 Ut
729 4583 1021 4641 fornicetur
1057 4593 1197 4643 enirn
1239 4571 1824 4662 ingrcdituripessimus
1851 4599 1969 4664 iste,

2081 4579 2213 4635 ratio
2252 4579 2387 4646 t-jus,
2431 4587 2484 4633 et
2526 4578 2764 4632 rmxime
2803 4575 3014 4644 quando
3045 4573 3294 4628 videbant
3331 4586 3452 4626 eum
3497 4577 3654 4626 nocte

393 4686 449 4731 et
483 4689 581 4726 non
618 4686 697 4730 est
742 4677 884 4731 aliud
928 4680 1146 4748 aliquid.
1180 4682 1296 4736 .lam
1328 4685 1470 4738 enim
1502 4694 1555 4739 et
1585 4699 1797 4742 sanctus
1825 4688 1974 4743 Vita-

396 4769 502 4823 lius
546 4770 669 4842 (hoc
713 4773 910 4840 quippe
959 4784 1151 4824 nomen
1200 4782 1317 4825 erat
1356 4774 1428 4845 ei)
1476 4775 1661 4830 volens
1703 4778 1973 4832 hominum

397 4861 615 4930 gloriam
647 4862 846 4931 fugere,
879 4871 931 4915 et
959 4863 1163 4917 animas
1203 4878 1231 4917 a
1265 4867 1495 4921 tenebris
1524 4883 1799 4936 revocare,
1832 4869 1976 4925 dice-

400 4954 492 5006 bat
520 4954 854 5008 audientibus
894 4955 1120 5020 cunctis,
1152 4971 1271 5010 cum
1303 4958 1566 5014 laboraret
1611 4963 1663 5015 in
1690 4977 1877 5030 opere,
1920 4973 1979 5019 et

396 5045 629 5099 solveret
660 5046 865 5114 vesperi
892 5060 905 5098 :
935 5046 1126 5100 Eamus
1158 5049 1336 5112 modo,
1367 5050 1580 5104 domina
1629 5053 1746 5107 talis
1788 5069 1980 5124 exspco

397 5145 509 5192 etat
538 5151 650 5192 nos.
685 5135 781 5192 Ubi
818 5151 945 5206 ergo
968 5147 1083 5190 erat
1108 5139 1240 5192 ordo
1275 5139 1483 5208 ipsius?
1513 5142 1690 5197 Multis
1719 5158 1846 5211 ergo
1874 5144 1978 5198 eri-

399 5227 724 5282 minantibus
759 5239 812 5284 et
852 5229 1194 5284 illudentibus
1223 5231 1290 5297 ei,
1324 5231 1530 5286 diccbat
1565 5233 1850 5304 :Nunqnitl
1880 5251 1978 5304 ego

399 5335 509 5374 non
553 5321 718 5373 vestio
759 5335 949 5388 corpus
1001 5329 1058 5375 ut
1106 5324 1334 5378 omnes?
1380 5326 1481 5380 Aut
1531 5328 1802 5381 monachis
1850 5331 1978 5384 solis

397 5410 571 5465 iratus
597 5421 678 5465 est
705 5411 875 5465 Deus?
907 5412 1042 5467 Vere
1065 5422 1118 5468 et
1147 5413 1244 5481 ipsi
1272 5417 1512 5471 homines
1541 5428 1664 5472 sunt
1691 5429 1745 5473 ut
1773 5436 1976 5476 omnes.

398 5501 625 5556 Dicebat
651 5505 826 5570 itaque
853 5504 899 5558 ei
929 5505 1140 5572 quidam
1185 5526 1196 5559 :
1243 5508 1438 5577 Accipe
1468 5511 1561 5564 tibi
1594 5527 1750 5567 unam
1784 5514 1979 5569 ntulic-

398 5609 539 5658 rem,
571 5595 723 5662 abba,
753 5604 806 5650 et
836 5606 976 5651 muta
1011 5600 1380 5656 vestimentum
1426 5611 1591 5669 ttmm,
1625 5617 1676 5658 ut
1710 5623 1812 5661 non
1846 5608 1981 5666 blas-

398 5685 686 5752 pbcnielur
733 5686 868 5743 Deus
915 5703 1008 5757 per
1055 5697 1146 5750 te.
1202 5703 1255 5746 ct
1303 5693 1520 5748 habebis
1562 5696 1816 5763 judicium
1863 5715 1979 5767 qua:

399 5778 830 5835 scandalizentur
850 5783 1166 5836 animarum.
1195 5789 1262 5838 At
1290 5786 1376 5839 illc
1401 5789 1750 5854 respondebat
1773 5791 1849 5844 cis
1879 5793 1977 5845 ite-

2077 4670 2450 4726 estendentem
2493 4681 2680 4721 manus
2724 4678 2778 4721 et
2818 4677 3057 4720 orantem
3087 4678 3184 4734 pro
3213 4677 3526 4731 unaquaque
3555 4674 3650 4715 ea—

2078 4779 2193 4816 rnm
2226 4780 2240 4816 :
2273 4774 2484 4831 propter
2530 4762 2669 4832 quod
2715 4761 2954 4829 quaedam
2981 4773 3186 4813 earum
3232 4771 3262 4810 a
3309 4754 3654 4810 fornicatione

2079 4854 2390 4916 cessabant;
2413 4853 2655 4922 quaedam
2684 4864 2812 4904 vero
2839 4849 3167 4918 accipiebant
3197 4847 3362 4910 viros,
3389 4853 3444 4899 et
3468 4843 3658 4912 pudice

2081 4946 2564 5009 convcrsabantur;
2624 4943 2868 5011 quasdam
2912 4956 3040 4994 vero
3087 4948 3145 4994 ct
3188 4938 3362 4992 modis
3408 4935 3656 4990 omnibus

2083 5039 2337 5093 mundum
2380 5037 2762 5104 relinquentes,
2813 5032 3135 5103 singularem
3167 5032 3328 5084 vitam
3365 5029 3654 5085 ducebant.

2083 5135 2267 5188 Nullus
2300 5141 2474 5186 tamen
2507 5128 2661 5184 scivit
2687 5143 2854 5195 usque
2880 5127 2945 5182 ad
2967 5127 3082 5196 ejus
3108 5125 3485 5179 dormiboncm
3513 5121 3656 5191 quod

2082 5226 2251 5296 ipsius
2282 5223 2640 5279 admonitione
2668 5231 2719 5277 et
2749 5221 2988 5276 oratione
3031 5217 3310 5287 impudica:
3338 5215 3664 5270 muliercula:

2083 5331 2112 5368 a
2146 5314 2497 5369 fornicatione
2523 5322 2814 5368 cessarent.

2162 5425 2312 5480 Unde
2333 5422 2560 5493 quodam
2602 5423 2687 5477 dic
2719 5433 2950 5476 exeunte
2977 5435 3042 5474 eo
3073 5435 3100 5473 a
3133 5420 3299 5490 prima
3335 5419 3514 5470 talium
3547 5428 3667 5468 mu-

2089 5515 2276 5568 lierum
2302 5514 2556 5579 diluculo,
2600 5513 2778 5568 obviat
2816 5513 2862 5565 ei
2890 5513 3102 5580 quidam
3133 5513 3291 5563 homo
3332 5507 3663 5566 immundus,

2089 5607 2292 5659 intrans
2339 5605 2402 5658 ad
2450 5602 2816 5658 fornicandum
2865 5617 2984 5655 cum
3035 5616 3133 5663 ea,
3177 5610 3230 5656 et
3277 5612 3396 5651 cum
3443 5593 3663 5650 vidisset

2088 5711 2326 5752 sanctum
2363 5698 2608 5751 Vitalium
2640 5711 2703 5751 ex
2750 5711 2809 5750 ea
2856 5695 3240 5764 egredientem,
3273 5689 3417 5743 dedit
3453 5685 3504 5738 ei
3551 5679 3658 5772 ala:

2089 5807 2206 5854 Dum
2240 5791 2292 5843 in
2332 5788 2540 5856 faciem,
2586 5788 2766 5844 dicens
2814 5788 2876 5841 ad
2902 5800 3018 5842 cum
3050 5801 3060 5836 :
3099 5783 3401 5849 Usquequn,
3431 5765 3654 5832 pessime
