3976 6408
405 325 543 384 ton

1481 330 1758 391 LEONTII
1799 332 1840 386 N
1853 332 2264 390 EAPOLITANI
2309 333 2619 393 EPISCOPl

3547 341 3693 396 1643

415 442 604 498 illusor
622 440 846 510 Christi,
878 459 985 502 non
1008 448 1259 504 emendas
1290 458 1340 505 te
1367 449 1434 504 ab
1461 451 1544 506 bis
1571 454 1818 521 nequitiis
1848 453 1988 508 tuis?
2015 450 2069 510 Δ
2092 449 2253 511 Gaza,
2285 461 2336 505 et
2363 453 2600 520 suscepit
2637 451 2885 509 cellulam
2930 453 3138 510 abbatis
3163 455 3337 512 Vitalii
3365 461 3665 515 secundum

413 534 514 600 Qui
564 533 700 589 dixit
744 533 812 588 ad
854 550 1024 591 eum:
1066 538 1233 594 Crede
1277 541 1444 608 mihi,
1498 543 1725 611 accipies
1771 545 1979 612 alapam

414 637 443 676 a
477 639 564 680 me
587 624 793 689 humili,
831 635 888 682 ut
917 635 1023 684 tota
1047 629 1364 686 Alexandria
1394 634 1669 703 colligatur
1696 636 1762 690 ad
1783 637 1984 690 clamo-

418 733 505 774 res
527 726 666 775 tuos.
697 719 938 776 Nondum
963 723 1108 778 brevi
1140 722 1375 793 tempore
1415 737 1704 796 transacto,
1731 729 1982 784 dormivit

417 820 538 862 cum
583 825 710 878 pace
752 811 804 867 in
846 815 1033 868 cellula
1075 830 1167 870 sua
1211 827 1427 873 sanctus
1465 817 1706 885 Vitalius,
1765 823 1980 875 nemine

410 897 619 953 sciente
645 902 879 957 omnino.
912 903 1143 959 Habebat
1181 907 1320 960 enim
1348 908 1500 963 valde
1530 907 1774 977 pusillam
1817 910 1982 963 cellu-

420 989 544 1053 lam,
574 1004 731 1059 super
763 990 935 1046 locum
961 996 1047 1062 qui
1085 997 1276 1050 dicitur
1304 998 1460 1052 Porta
1504 999 1631 1054 solis
1659 998 1794 1068 (79).
1829 999 1979 1056 Unde

415 1085 472 1130 et
498 1079 826 1148 pleruutque,
860 1097 978 1136 cum
1007 1086 1225 1140 collecta
1256 1089 1616 1144 celebraretur
1640 1092 1788 1158 juxta
1817 1092 1980 1146 cellu-

415 1167 521 1224 Iam
550 1165 664 1239 ejus
699 1172 751 1224 in
780 1176 1002 1230 ecclesia
1044 1177 1222 1233 Metrae
1249 1180 1382 1251 (80),
1427 1183 1801 1238 convenientes
1830 1201 1978 1254 qua:-

415 1263 538 1318 dam
577 1265 1004 1323 muliercularum
1039 1272 1242 1333 harum.
1275 1272 1337 1325 ad
1376 1275 1656 1329 alterutras
1697 1277 1976 1332 dicebant:

415 1356 628 1425 Eamus,
660 1361 1084 1426 eamus,'iterum
1125 1363 1286 1416 abbas
1313 1364 1531 1418 Vitalius
1560 1368 1835 1420 collectam
1879 1369 1978 1420 ha-

414 1448 520 1503 bet.
547 1449 612 1503 Et
631 1451 964 1506 venientibus
989 1453 1088 1519 eis,
1115 1454 1330 1507 curabat
1354 1469 1463 1507 eas.
1498 1455 1658 1522 Igitur
1683 1455 1978 1511 dormiente

409 1554 497 1603 eo,
533 1549 590 1593 ut
633 1543 941 1610 praedictum
985 1552 1086 1607 est,
1129 1543 1180 1597 in
1228 1545 1438 1612 propria
1485 1545 1690 1607 cellula,
1739 1552 1794 1600 et
1834 1545 1979 1599 nullo

412 1633 632 1697 sciente,
667 1648 783 1688 mox
823 1633 1037 1703 quidam
1090 1635 1296 1689 dmmou
1340 1645 1586 1704 tauquam
1611 1636 1856 1704 Ethiops
1885 1637 1975 1690 de-

409 1720 614 1787 formis,
648 1731 784 1776 astat
824 1724 872 1777 ei
910 1725 997 1792 qui
1040 1725 1257 1780 dederat
1293 1727 1498 1791 alapam
1538 1726 1714 1780 abbati
1756 1726 1970 1794 Vitalio,

2086 540 2266 606 fidem,
2307 552 2360 596 et
2403 543 2456 596 in
2495 556 2558 596 ea
2589 546 2878 612 permansit
2915 559 3085 615 usque
3111 546 3175 600 ad
3213 558 3441 604 mortem
3483 566 3663 606 suam.

2084 631 2150 685 Et
2171 633 2536 688 sanctissimus
2569 636 2867 703 patriarcha
2917 637 3108 690 multas
3149 641 3348 706 gratias
3383 643 3499 712 egit
3530 644 3664 706 Deo,

2081 723 2201 788 quia
2233 738 2335 778 non
2365 724 2603 792 permisit
2639 740 2760 780 eum
2793 741 3015 794 peccare
3045 729 3101 782 in
3127 743 3342 784 servum
3384 747 3541 786 suum
3575 734 3668 787 Vi-

2081 813 2283 866 talium.
2328 815 2476 868 Multi
2512 827 2687 870 autem
2733 818 2955 872 multum
2975 834 3040 872 ex
3078 828 3202 874 tunc
3243 821 3296 874 in
3331 823 3662 878 Alexandria

2081 909 2391 976 profuerunt
2427 909 2546 975 sibi,
2581 919 2635 962 et
2675 909 2902 979 hospitio
2945 913 3275 979 recipiebant
3322 919 3658 971 monachos:

2080 1007 2137 1053 et
2160 999 2513 1054 mouebantur
2556 1011 2736 1056 utnon
2762 1002 3208 1058 condemnaretur
3245 1005 3435 1075 aliquis
3479 1009 3553 1062 ab
3581 1011 3665 1064 eis

2080 1091 2216 1145 sicut
2244 1093 2511 1147 evenerat.
2537 1094 2683 1148 Fecit
2709 1103 2884 1148 autem
2914 1104 2965 1149 et
2996 1095 3250 1150 sanitates
3278 1108 3395 1165 post
3425 1109 3660 1154 mortem

2082 1179 2395 1235 houorabile
2443 1195 2634 1235 nomen
2684 1184 2854 1237 sancti
2899 1183 3084 1236 Vitalii
3131 1199 3227 1252 per
3269 1186 3502 1240 divinam
3543 1203 3666 1254 gra-

2081 1274 2204 1327 tiam
2235 1291 2247 1327 :
2277 1273 2428 1341 cuius
2457 1273 2784 1328 orationibus
2829 1275 2920 1328 det
2966 1274 3119 1328 nobis
3153 1275 3410 1329 Dominus
3456 1277 3661 1333 bonam

2077 1365 2530 1420 conversationem
2555 1402 2570 1429 ,
2613 1375 2666 1418 et
2709 1365 3130 1420 misericordiam
3173 1366 3224 1418 in
3267 1366 3390 1431 die,
3436 1372 3662 1436 quando

2078 1456 2442 1511 manifestabit
2487 1457 2795 1511 abscondita
2849 1457 3156 1524 hominum,
3203 1468 3256 1513 et
3300 1460 3440 1513 nuda
3489 1461 3661 1518 faciet

2077 1547 2294 1602 consilia
2319 1547 2559 1600 cordium
2583 1545 2637 1617 (Ι
2659 1545 2780 1602 Cor.
2812 1547 2907 1614 tv).
3051 1551 3054 1554 ’

2147 1637 2276 1691 Car.
2319 1635 2555 1690 XXXVI.
2588 1667 2656 1678 —
2688 1637 3008 1706 Praecipiens
3054 1635 3343 1706 aliquando
3380 1635 3504 1689 dari
3545 1637 3663 1689 cui-

2077 1729 2199 1783 dam
2251 1731 2448 1797 petenti
2495 1730 2912 1799 eleemosynam,
2964 1729 3148 1782 decem
3191 1742 3437 1780 nummos
3482 1743 3661 1782 aereos

403 1822 460 1864 et
487 1810 580 1865 ‘dat
612 1814 659 1867 ei
687 1814 916 1881 alapam,
943 1815 1121 1869 dicens
1151 1832 1164 1868 :
1205 1816 1426 1884 Suscipe
1453 1821 1658 1883 alapam
1690 1832 1845 1884 quam
1878 1821 1974 1872 mi-
2006 1811 2052 1869 B
2080 1834 2298 1887 tantum,
2333 1823 2578 1877 convicia
2609 1827 2676 1876 ab
2713 1839 2778 1876 eo
2816 1807 3113 1890 patiebatur
3154 1821 3210 1875 iu
3241 1821 3374 1873 facie
3401 1821 3663 1875 atrociter

405 1904 470 1956 sit
513 1903 604 1958 tibi
633 1905 798 1958 abbas
819 1904 1072 1960 'Yitalius.
1111 1907 1174 1960 Et
1203 1907 1427 1972 cadens,
1457 1909 1634 1962 statim
1666 1911 1825 1974 capit
1853 1925 1975 1974 spu-

408 2009 573 2049 mare.
618 1996 948 2067 Congregata
979 1998 1276 2067 est-igitur,
1321 2002 1612 2056 secundum
1643 2001 1972 2070 praphetiam

410 2085 615 2150 Vitalii,
661 2101 797 2154 pene
841 2096 951 2142 tota
997 2089 1316 2144 Alexandria
1371 2092 1424 2145 in
1465 2092 1770 2147 violentiam
1812 2108 1969 2161 quam

406 2174 706 2242 patiebatur
731 2192 756 2230 a
788 2177 1032 2234 daemone
1056 2195 1068 2240 ;
1101 2190 1156 2234 et
1181 2179 1409 2236 maxime
1433 2182 1554 2251 quia
1575 2184 1806 2237 sonitum
1833 2185 1971 2238 data:

404 2266 455 2320 ei
485 2267 651 2335 alapa:
692 2269 975 2324 audierunt
1003 2271 1214 2338 quidam
1238 2313 1252 2336 ,
1285 2273 1432 2341 quasi
1469 2273 1534 2326 ad
1579 2275 1735 2327 unius
1775 2273 1971 2342 iactum

403 2355 630 2423 sagittis.
665 2357 791 2411 Post
817 2358 1114 2428 aliquantus
1145 2375 1270 2415 vero
1317 2358 1476 2414 horas
1521 2362 1572 2415 in
1615 2371 1843 2417 mentem
1893 2379 1975 2416 re-

403 2441 556 2501 diens
604 2451 646 2504 is
691 2450 780 2521 qui
822 2455 1139 2520 patiebatur,
1181 2455 1340 2509 scidit
1386 2456 1694 2510 vestimenta
1744 2458 1974 2525 pectoris

401 2540 514 2603 sui,
564 2549 620 2594 et
663 2541 897 2594 cucurrit
938 2544 1002 2596 ad
1049 2544 1297 2598 cellulam
1322 2585 1335 2608 ,
1379 2546 1616 2600 clamans
1657 2556 1710 2601 et
1749 2547 1970 2602 dicens:

400 2629 622 2702 Culpam
668 2631 767 2686 feci
819 2634 932 2700 tibi,
981 2648 1134 2690 serve
1181 2635 1272 2690 Dei
1321 2636 1496 2702 Vitali,
1547 2638 1801 2692 miserere
1845 2639 1968 2692 mei.

396 2722 764 2780 Cucurrerunt
798 2741 928 2781 vero
966 2741 1086 2782 cum
1148 2744 1215 2783 eo
1264 2742 1452 2784 omnes
1498 2729 1793 2784 audientes.
1839 2730 1970 2784 Cum

391 2815 728 2882 pervenisset
771 2817 837 2870 ad
868 2817 1113 2872 cellulam
1146 2820 1336 2884 sancti,
1383 2820 1510 2876 exiit
1555 2821 1744 2873 iterum
1773 2820 1970 2874 daemo-

400 2908 580 2974 nium,
617 2908 824 2977 jactans
862 2925 982 2964 eum
1015 2911 1260 2965 omnibus
1299 2911 1695 2980 aspicientibus.
1741 2912 1807 2965 Et
1848 2927 1968 2966 cum

394 3000 801 3070 ingrederentur
847 3002 986 3056 intro
1023 3004 1073 3056 hi
1113 3005 1201 3072 qui
1245 3019 1364 3057 cum
1397 3019 1460 3058 eo
1489 3014 1856 3071 cucurrerunt,
1891 3006 1968 3058 in-

397 3101 660 3148 venerunt
686 3104 927 3147 sanctum
958 3103 1184 3149 stantem
1212 3094 1264 3148 in
1288 3096 1547 3164 geniculis
1572 3097 1701 3165 suis,
1731 3105 1782 3168 et
1813 3111 1970 3150 orau-

398 3192 529 3248 tem,
556 3192 612 3238 et
635 3184 868 3238 animam
898 3184 1121 3239 Domino
1151 3188 1469 3249 tradentem,
1503 3196 1554 3240 et
1585 3186 1637 3240 in
1671 3188 1970 3255 pavimento
1997 3171 2042 3232 (ἶ

398 3273 716 3342 SCripturam
745 3273 1087 3342 huiusmodi:
1125 3275 1237 3328 Viri
1257 3276 1613 3341 Alexandrini,
1659 3277 1814 3330 nolite
1858 3287 1973 3331 ante

399 3373 597 3432 tempus
637 3365 832 3432 aliquid
865 3365 1127 3436 judicare,
1168 3368 1498 3437 quoadusque
1536 3365 1973 3421 ueniatDominua

399 3453 449 3526 (1
476 3452 592 3510 Cor.
613 3457 724 3525 tv).
751 3454 1112 3511 COnlltebatur
1139 3472 1269 3510 vero
1309 3466 1363 3512 et
1389 3457 1570 3522 homo,
1594 3459 1680 3525 qui
1712 3474 1740 3512 a
1769 3457 1970 3512 dieme-

399 3547 486 3599 nio
523 3547 833 3610 vexabatur,
862 3548 1003 3616 quod
1048 3557 1234 3603 sancto
1269 3548 1486 3616 fecerat,
1517 3559 1569 3605 et
1598 3552 1736 3619 quod
1765 3551 1976 3606 dixerat

399 3649 613 3694 sanctus
653 3639 724 3694 ei.
795 3639 1034 3695 Recitata
1090 3651 1212 3694 sunt
1245 3657 1383 3711 ergo
1427 3641 1733 3696 beatissimo
1779 3643 1970 3698 Joauni

401 3728 714 3794 patriarchae
759 3729 934 3783 omnia
962 3745 1078 3799 quae
1125 3732 1266 3785 circa
1308 3741 1550 3786 sanctum
1573 3733 1824 3787 Vitalium
1856 3744 1970 3788 acti

399 3829 553 3888 sunt;
600 3828 653 3874 et
700 3819 1032 3876 descendens
1077 3836 1195 3876 cum
1235 3821 1416 3888 clero,
1470 3825 1616 3877 venit
1665 3823 1731 3876 ad
1778 3838 1974 3891 corpus

387 3914 566 3966 sancti
617 3911 827 3978 Vitalii;
887 3920 945 3967 et
996 3928 1112 3966 cum
1161 3913 1382 3967 vidisset
1425 3914 1972 3982 superscriptionem,

401 4003 532 4058 dixit
565 4017 580 4057 :
617 4003 752 4058 Vere
781 4003 917 4056 hanc
959 4003 1172 4058 humilis
1198 4002 1431 4058 Joannes
1461 4020 1552 4074 per
1587 4005 1752 4060 Deum
1783 4010 1972 4074 evasit,

403 4108 522 4147 nam
561 4095 763 4162 alapam
807 4109 964 4162 quant
1008 4095 1212 4164 accepit
1257 4097 1346 4164 qui
1400 4099 1593 4167 patitur
1636 4112 1734 4167 ego
1772 4100 1980 4168 accipe-

398 4199 514 4239 rem
523 4224 536 4238 .

470 4276 622 4330 Tunc
669 4281 845 4347 itaque
888 4294 1074 4334 omnes
1118 4280 1437 4349 l'ornicarim,
1471 4287 1665 4350 etquae
1712 4280 1978 4334 abrenun-

403 4367 665 4419 tiaverttut
700 4383 765 4421 ex
795 4369 898 4432 eis,
927 4378 982 4423 ct
1011 4369 1154 4422 viros
1180 4381 1546 4436 susceperant,
1577 4384 1694 4422 cum
1727 4369 1894 4422 cereis
1922 4377 1977 4423 et

387 4456 734 4525 lampadibus
764 4459 1026 4527 prmibaut
1053 4473 1176 4512 eum
1213 4459 1420 4523 ﬂentes,
1449 4467 1503 4512 et
1525 4458 1763 4513 dicentes
1793 4476 1807 4513 :
1845 4458 1973 4512 i’er-

2077 1914 2167 1968 il'e
2195 1916 2400 1980 beatus,
2427 1916 2547 1982 quia
2590 1928 2696 1967 non
2724 1912 2943 1967 dederat
2982 1914 3029 1966 ei
3055 1919 3313 1980 quotquot
3339 1909 3525 1963 voluit.
3562 1910 3661 1965 His

2077 2017 2252 2058 autem
2281 2005 2372 2073 qui
2416 2005 2483 2058 de
2512 2004 2768 2073 obsequio
2817 2013 2991 2070 erant,
3035 2001 3397 2082 quaerentibus
3442 2000 3662 2054 cadere

2075 2111 2195 2150 cum
2224 2099 2312 2166 qui
2361 2097 2773 2158 conviciabatur,
2822 2095 3115 2162 increpavit
3159 2109 3253 2146 eos
3301 2092 3659 2145 vehementer

2077 2189 2372 2258 patriarcha
2400 2230 2414 2254 ,
2457 2189 2640 2241 dicens
2689 2204 2701 2238 :
2750 2187 2920 2240 Sinite
2983 2200 3129 2247 eum,
3167 2182 3362 2236 fratres
3407 2197 3423 2235 :
3477 2180 3658 2234 habeo

2078 2285 2184 2340 ego
2252 2277 2528 2347 sexaginta
2604 2291 2816 2341 annos,
2948 2275 3330 2340 blasphemans
3368 2287 3461 2338 per
3489 2285 3656 2338 opera

2075 2384 2193 2424 mea
2222 2368 2523 2431 Christum,
2556 2375 2608 2420 et
2652 2381 2809 2418 unum
2842 2365 3139 2418 convicium
3181 2378 3285 2416 non
3314 2361 3536 2429 portabo
3575 2359 3648 2412 ab

2075 2461 2213 2514 isto?
2254 2460 2320 2513 Et
2345 2459 2595 2527 prmeepit
2625 2457 2795 2510 datori
2843 2457 3051 2510 solvere
3083 2456 3376 2520 sacculum,
3416 2463 3476 2507 ut
3502 2453 3654 2506 sine-

2075 2559 2157 2605 ret
2185 2564 2467 2619 pauperem
2499 2550 2688 2602 tollere
2716 2558 2969 2616 quantum
3001 2548 3157 2600 vellet
3185 2545 3430 2613 pretium.

2143 2643 2269 2696 Car.
2307 2642 2569 2696 XXXVII.
2600 2642 2811 2694 Sivero
2833 2639 3118 2705 aliquando
3147 2637 3398 2689 audiebat
3422 2633 3645 2701 sapien-

2072 2735 2330 2799 tissimus,
2363 2734 2611 2802 qnoniam
2641 2732 3068 2798 eleemosyuator
3095 2737 3177 2782 est
3234 2727 3376 2791 talis,
3407 2724 3650 2778 adduce-

2073 2828 2162 2880 bat
2203 2840 2323 2878 eum
2374 2825 2427 2877 in
2473 2824 2736 2876 hilaritate
2765 2835 3027 2883 seorsum,
3061 2828 3112 2872 et
3142 2817 3350 2870 dicebat
3377 2817 3466 2869 ei:
3499 2815 3653 2876 Ono-

2073 2915 2230 2969 modo
2258 2914 2278 2966 f
2278 2922 2424 2968 actus
2441 2929 2495 2964 es
2512 2911 2968 2979 elecmosyuator?
2986 2909 3314 2972 naturaliter,
3329 2922 3392 2959 an
3418 2906 3652 2973 teipsum

2074 3007 2334 3060 violenter
2365 3005 2594 3073 cogens?
2629 3002 2777 3056 Unde
2806 3000 3019 3068 quidam
3071 3001 3162 3067 qui
3190 3001 3257 3053 ab
3301 3015 3366 3053 eo
3418 2999 3655 3055 interro-

2073 3097 2329 3166 gabantur
2349 3137 2366 3159 ,
2399 3092 2760 3157 verecundati,
2783 3091 3119 3145 occultabant
3148 3090 3362 3158 quidem
3381 3131 3396 3154 ,
3430 3090 3655 3155 quidam

2077 3199 2253 3241 autent
2285 3186 2531 3240 dicebant
2564 3183 2632 3236 ei.
2689 3183 2913 3250 Propter
2943 3184 3079 3250 quod
3111 3197 3244 3234 unus
3295 3181 3660 3249 interrogatus

2076 3294 2103 3332 a
2132 3288 2336 3340 sancto,
2365 3275 2638 3343 respondit
2688 3275 2754 3326 ita
2782 3289 2796 3326 :
2850 3273 3025 3326 Ctede
3082 3272 3229 3334 mihi,
3262 3272 3499 3332 domine,
3533 3272 3656 3338 quia

2077 3368 2164 3420 nih
2193 3366 2298 3420 ldo
2320 3372 2411 3417 aut
2442 3362 2577 3416 facio
2605 3361 2762 3425 boui;
2795 3368 3158 3414 verumtamen
3191 3359 3364 3426 ipsum
3396 3359 3539 3426 quod
3568 3360 3650 3409 fa-

2077 3459 2160 3513 cio
2190 3465 2243 3510 ct
2297 3455 2526 3524 priebeo,
2554 3467 2620 3506 ex
2664 3452 2855 3519 quibus
2910 3450 3048 3502 Dens
3104 3460 3158 3502 et
3209 3449 3482 3502 orationes
3547 3459 3654 3500 tua:

2078 3548 2392 3617 largiuntur,
2411 3546 2480 3597 ita
2505 3542 2678 3596 facere
2694 3541 2920 3595 assuevi.
2958 3539 3113 3594 Eram
3141 3539 3453 3606 priusvalde
3476 3541 3658 3590 lmini-

2077 3639 2308 3694 sericors
2349 3644 2405 3690 et
2449 3633 2700 3696 crudelis,
2732 3642 2785 3686 et
2847 3630 3010 3684 semel
3044 3632 3235 3682 damna
3285 3630 3500 3696 pertuli,
3525 3641 3579 3681 et
3608 3630 3656 3680 iu

2078 3731 2419 3786 subtilitatem
2485 3726 2722 3781 deveni:
2781 3727 2940 3789 cmpit
2988 3723 3237 3790 cogitatio
3293 3735 3410 3774 mea
3473 3722 3660 3774 dcere

2079 3823 2209 3878 mihi
2242 3840 2254 3876 :
2288 3821 2421 3875 Vere
2453 3821 2494 3874 si
2526 3833 2670 3873 esses
2699 3817 3143 3886 eleemosynator,
3178 3830 3279 3867 non
3327 3814 3654 3882 relinqueret

2082 3927 2133 3972 te
2156 3917 2311 3970 Deus.
2340 3913 2513 3969 Statui
2556 3927 2683 3980 ergo
2712 3925 2807 3978 per
2840 3908 3076 3977 singulos
3123 3907 3238 3961 dies
3263 3909 3390 3958 dare
3419 3909 3657 3973 quinque

2081 4021 2247 4061 terens
2269 4019 2512 4059 nummos
2542 4002 2860 4072 pauperibus
2887 4016 2901 4063 ;
2933 4008 3125 4052 etcum
3169 3997 3452 4063 cmpissem
3503 3999 3656 4058 dare,

2080 4100 2258 4154 statim
2287 4099 2510 4153 Satanas
2537 4094 2846 4162 prohibebat
2869 4106 2970 4156 me,
3005 4091 3188 4142 dicens
3214 4104 3227 4140 :
3260 4088 3396 4140 Vere
3422 4088 3660 4154 quinque

2085 4192 2286 4247 nummi
2337 4188 2423 4242 isti
2479 4183 2752 4240 sufﬁciunt
2786 4183 2964 4238 domui
3019 4181 3086 4234 ad
3127 4180 3292 4243 olera,
3324 4192 3413 4232 aut
3446 4180 3512 4230 ad
3547 4179 3659 4231 bal-

2083 4296 2239 4336 neum
2299 4276 2732 4348 percipiendum;
2793 4283 2846 4327 et
2912 4273 3111 4334 statim,
3172 4279 3426 4336 tauquam
3494 4269 3540 4321 si
3598 4276 3660 4321 de

2086 4372 2326 4426 faucibus
2372 4381 2616 4422 natorum
2694 4377 2932 4418 meorum
3003 4363 3261 4428 priVaretn
3316 4374 3456 4421 eos,
3527 4361 3654 4410 nihil

2081 4463 2296 4516 dabam.
2323 4461 2451 4513 Cum
2481 4470 2607 4526 ergo
2653 4455 2901 4508 vidissem
2951 4449 3089 4516 quod
3135 4462 3419 4516 superarer
3449 4463 3478 4498 a
3505 4449 3654 4509 vitio,

404 4548 634 4601 didimus
681 4550 903 4604 salutem
944 4559 1178 4603 nostram
1211 4559 1265 4604 et
1293 4550 1610 4604 doctrinam.
1646 4551 1977 4606 Enarrabant
2009 4543 2056 4601 D
2082 4553 2200 4606 dico
2254 4562 2418 4617 puero
2473 4561 2592 4599 meo
2623 4563 2635 4597 :
2666 4545 2762 4596 Per
2803 4541 3038 4609 singulos
3071 4539 3182 4591 dies
3238 4537 3436 4601 furare,
3463 4554 3551 4590 me
3571 4552 3663 4588 ue-

385 4642 544 4694 ‘euim
564 4642 670 4709 jam
702 4643 1160 4705 conversationem
1190 4645 1306 4712 ejus
1327 4645 1598 4708 omnibus,
1619 4654 1693 4711 ct,
1712 4642 1973 4708 Quoniam

397 4749 510 4787 non
567 4745 781 4802 propter
841 4743 1047 4801 turpem
1119 4749 1231 4788 rem
1297 4735 1361 4786 ad
1426 4749 1521 4786 uos
1588 4735 1856 4797 intrabat;
1925 4743 1977 4787 et

389 4825 525 4892 quia
569 4839 832 4893 nunquam
873 4814 1158 4895 aliquando
1203 4825 1429 4878 vidimus
1469 4840 1588 4878 eum
1633 4840 1792 4892 super
1837 4824 1976 4878 latus

404 4917 784 4983 dormientem,
834 4924 926 4969 aut
970 4930 1128 4969 unam
1179 4932 1243 4969 ex
1295 4915 1448 4969 nobis
1500 4924 1766 4968 tenentem
1815 4930 1975 4968 ruanu

400 5023 512 5064 sua.
555 5010 618 5062 Et
649 5009 1160 5077 reprehendentibus
1204 5026 1293 5063 eas
1324 5010 1638 5078 quihu~dam
1675 5017 1731 5062 et
1754 5008 1975 5062 dicenti-

393 5105 505 5158 ‘hus
535 5104 750 5169 :‘Quare
777 5102 890 5156 haec
918 5118 1023 5156 non
1052 5103 1295 5154 omnibus
1321 5101 1602 5163 dicebatis,
1628 5098 1721 5153 sed
1750 5099 1976 5152 scanda-

389 5197 663 5249 ‘lizabatur
698 5196 748 5246 iu
789 5210 855 5246 eo
896 5203 1002 5246 tota
1047 5193 1271 5246 civitas?
1300 5191 1617 5244 enarrabant
1640 5189 1747 5257 jam
1776 5189 1977 5256 capitu-

405 5289 534 5351 lttm,
579 5287 716 5353 qnml
766 5287 904 5338 circa
952 5299 1069 5337 eam
1117 5295 1322 5353 gestum
1354 5291 1454 5347 est,
1486 5291 1603 5348 qua:
1651 5297 1681 5334 a
1712 5279 1977 5334 daemonio

393 5379 738 5430 uexationem
781 5375 1048 5439 sustinuit,
1083 5385 1136 5428 et
1170 5375 1290 5442 quia
1320 5371 1420 5426 hoc
1471 5374 1719 5425 timentes
1755 5371 1980 5424 taceba-

405 5481 542 5521 tnus.
571 5465 787 5534 Sepulto
823 5480 953 5533 ergo
981 5480 1044 5518 eo
1081 5465 1130 5517 in
1165 5464 1330 5516 multo
1359 5463 1581 5523 honore.
1616 5460 1903 5528 permansit
1927 5458 1977 5510 is

388 5558 496 5621 -qui
525 5555 592 5610 ab
615 5571 682 5610 eo
702 5564 982 5609 correctus
1009 5564 1060 5607 et
1091 5569 1251 5607 sanus
1282 5553 1452 5607 factus
1483 5561 1599 5617 cst,
1633 5551 1829 5603 faciens
1861 5564 1978 5603 tne-

405 5643 632 5700 moriam
659 5645 798 5715 ejus.
832 5645 1170 5700 Postmodum
1218 5657 1393 5699 autem
1430 5652 1484 5697 ct
1531 5641 1853 5696 renuntiavit
1882 5657 1982 5694 sae-

391 5737 548 5799 culo,
609 5737 876 5804 ingressus
923 5740 1301 5792 monasterium
1346 5737 1550 5792 abbatis
1599 5735 1875 5790 Seridonis
1924 5735 1976 5788 itt

2081 4629 2301 4707 sciente,
2327 4639 2559 4708 quinque
2605 4647 2874 4695 nummos,
2899 4639 2952 4684 et
2980 4628 3044 4681 da
3077 4627 3495 4694 eleetnost'uam.
3529 4625 3660 4679 Sum

2079 4750 2179 4802 ego
2227 4733 2367 4786 enim
2420 4727 2692 4795 trapezita,
2744 4722 2976 4777 domine.
3014 4719 3103 4773 llle
3134 4733 3263 4772 vero
3295 4717 3661 4778 benefaciens,

2080 4827 2241 4897 coepit
2269 4823 2432 4881 furari
2462 4822 2629 4876 denos
2652 4817 2788 4889 (8|).
2827 4815 3155 4868 Eratautem
3206 4811 3420 4881 quando
3463 4821 3519 4864 et
3547 4810 3661 4864 sili-

2080 4933 2256 4988 quam.
2307 4916 2440 4968 Cum
2479 4927 2605 4980 ergo
2631 4909 2852 4963 vidisset
2903 4906 3026 4974 quia
3085 4901 3538 4957 benedicebamur
3563 4940 3579 4964 ,
3608 4909 3665 4954 et

2051 5008 2276 5072 ,divitiis
2317 5003 2712 5060 abuttdabamus
2735 5040 2749 5062 ,
2783 4995 2945 5062 cmpit
2996 5005 3048 5048 et
3101 4994 3374 5046 trcmisses
3401 4991 3590 5055 furari,
3611 4997 3668 5042 ct

2081 5101 2226 5153 dare.
2247 5094 2420 5151 Semel
2437 5095 2613 5160 itaque
2625 5088 2891 5143 admirans
2906 5081 3300 5139 benedictioues
3318 5079 3432 5145 Dei,
3449 5079 3660 5131 dixiei:

2080 5189 2220 5244 Vere
2264 5186 2481 5240 multum
2530 5179 2860 5252 profuerunt,
2914 5175 3009 5242 fili,
3056 5173 3290 5242 quinque
3333 5169 3539 5225 nummi
3568 5169 3663 5232 illi,

2083 5283 2202 5334 volo
2234 5293 2360 5346 ergo
2391 5286 2444 5330 ut
2471 5277 2566 5328 des
2596 5273 2803 5326 decem.
2837 5267 2988 5321 Tunc
3010 5265 3138 5320 dicit
3161 5264 3288 5317 mihi
3316 5272 3371 5317 et
3401 5277 3534 5330 puer
3578 5276 3665 5313 su-

2087 5373 2343 5428 brideudo
2377 5388 2391 5424 :
2425 5368 2590 5430 Vade,
2619 5381 2712 5420 ora
2759 5362 2912 5416 furtis
2951 5360 3106 5414 meis.
3155 5359 3288 5411 Nam
3335 5372 3460 5410 vere
3507 5355 3667 5409 hodie

2083 5481 2188 5519 non
2223 5464 2538 5515 haberemus
2567 5470 2723 5526 quem
2751 5448 3220 5506 manducassemus
3247 5461 3460 5514 panem.
3479 5446 3586 5500 Sed
3617 5443 3663 5496 si

2083 5567 2165 5611 est
2213 5553 2293 5606 fur
2335 5553 2530 5620 justus,
2563 5563 2661 5616 ego
2691 5560 2830 5599 sum.
2861 5543 3011 5596 Tunc
3037 5554 3163 5609 ergo
3210 5539 3376 5602 dixit,
3409 5538 3662 5606 quoniam

2087 5645 2352 5700 trctnissia
2381 5641 2541 5695 dabat
2587 5647 2640 5693 et
2665 5637 2891 5703 siliquas
2935 5633 3116 5698 etiam,
3149 5644 3216 5683 ex
3251 5628 3353 5684 fide
3384 5628 3546 5691 illius,
3580 5641 3664 5680 as-

2088 5735 2258 5798 suevi,
2283 5735 2517 5790 domine.
2551 5730 2616 5784 de
2645 5728 2822 5782 animo
2851 5723 2999 5778 dare.
3031 5721 3345 5779 [Edilicatus
3390 5734 3517 5790 ergo
3543 5732 3662 5772 san-
