  <div class='ocr_page' id='page_1' title='image "/cluster/home/n/w/nwhite01/storage/ocr_20150623/93/coo.31924054869973/836.png"; bbox 0 0 3976 6436; ppageno 0'>
   <div class='ocr_carea' id='block_1_1' title="bbox 335 369 472 429">
    <p class='ocr_par' dir='ltr' id='par_1_1' title="bbox 335 369 472 429">
     <span class='ocr_line' id='line_1_1' title="bbox 335 369 472 429; baseline 0.007 -3"><span class='ocrx_word' id='word_1_1' title='bbox 335 369 472 429; x_wconf 64' lang='grc'><strong>1649</strong></span> 
     </span>
    </p>
   </div>
   <div class='ocr_carea' id='block_1_2' title="bbox 1261 375 2654 437">
    <p class='ocr_par' dir='ltr' id='par_1_2' title="bbox 1261 375 2654 437">
     <span class='ocr_line' id='line_1_2' title="bbox 1261 375 2654 437; baseline 0.001 -3"><span class='ocrx_word' id='word_1_2' title='bbox 1261 379 1419 434; x_wconf 70' lang='grc' dir='ltr'><strong>γιτΑ</strong></span> <span class='ocrx_word' id='word_1_3' title='bbox 1461 376 1704 435; x_wconf 76' lang='lat' dir='ltr'><strong>SANCTI</strong></span> <span class='ocrx_word' id='word_1_4' title='bbox 1747 375 2034 433; x_wconf 82' lang='lat' dir='ltr'><strong>JOANNIS</strong></span> <span class='ocrx_word' id='word_1_5' title='bbox 2077 375 2654 437; x_wconf 62' lang='lat' dir='ltr'><strong>ELEEMOSYNAR“.</strong></span> 
     </span>
    </p>
   </div>
   <div class='ocr_carea' id='block_1_3' title="bbox 3459 392 3592 448">
    <p class='ocr_par' dir='ltr' id='par_1_3' title="bbox 3459 392 3592 448">
     <span class='ocr_line' id='line_1_3' title="bbox 3459 392 3592 448; baseline 0.015 -2"><span class='ocrx_word' id='word_1_6' title='bbox 3459 392 3592 448; x_wconf 68' lang='lat'><strong>[650</strong></span> 
     </span>
    </p>
   </div>
   <div class='ocr_carea' id='block_1_4' title="bbox 325 491 3592 569">
    <p class='ocr_par' dir='ltr' id='par_1_4' title="bbox 325 491 3592 569">
     <span class='ocr_line' id='line_1_4' title="bbox 325 491 3592 569; baseline 0 -21"><span class='ocrx_word' id='word_1_7' title='bbox 325 506 446 552; x_wconf 84' lang='lat' dir='ltr'><strong>etus</strong></span> <span class='ocrx_word' id='word_1_8' title='bbox 473 493 652 558; x_wconf 82' lang='lat' dir='ltr'><strong>valde,</strong></span> <span class='ocrx_word' id='word_1_9' title='bbox 678 491 812 548; x_wconf 72' lang='lat' dir='ltr'><strong>dixit</strong></span> <span class='ocrx_word' id='word_1_10' title='bbox 859 492 923 546; x_wconf 90' lang='lat' dir='ltr'><strong>ad</strong></span> <span class='ocrx_word' id='word_1_11' title='bbox 953 505 1077 548; x_wconf 89' lang='lat' dir='ltr'><strong>eum</strong></span> <span class='ocrx_word' id='word_1_12' title='bbox 1107 509 1122 554; x_wconf 86' lang='lat'><strong>:</strong></span> <span class='ocrx_word' id='word_1_13' title='bbox 1153 494 1328 548; x_wconf 85' lang='lat' dir='ltr'><strong>Crede</strong></span> <span class='ocrx_word' id='word_1_14' title='bbox 1359 493 1512 558; x_wconf 87' lang='lat' dir='ltr'><strong>mihi,</strong></span> <span class='ocrx_word' id='word_1_15' title='bbox 1546 492 1741 545; x_wconf 85' lang='lat' dir='ltr'><strong>multas</strong></span> <span class='ocrx_word' id='word_1_16' title='bbox 1781 504 1910 544; x_wconf 86' lang='lat' dir='ltr'><strong>eon-</strong></span> <span class='ocrx_word' id='word_1_17' title='bbox 1940 492 1988 547; x_wconf 85' lang='lat' dir='ltr'><strong>A</strong></span> <span class='ocrx_word' id='word_1_18' title='bbox 2019 504 2114 545; x_wconf 89' lang='lat' dir='ltr'><strong>nos</strong></span> <span class='ocrx_word' id='word_1_19' title='bbox 2157 491 2328 558; x_wconf 81' lang='lat' dir='ltr'><strong>fictor,</strong></span> <span class='ocrx_word' id='word_1_20' title='bbox 2360 501 2414 546; x_wconf 89' lang='lat' dir='ltr'><strong>et</strong></span> <span class='ocrx_word' id='word_1_21' title='bbox 2468 503 2685 569; x_wconf 79' lang='lat' dir='ltr'><strong>peccato</strong></span> <span class='ocrx_word' id='word_1_22' title='bbox 2715 501 2770 548; x_wconf 90' lang='lat' dir='ltr'><strong>et</strong></span> <span class='ocrx_word' id='word_1_23' title='bbox 2821 493 3180 550; x_wconf 83' lang='lat' dir='ltr'><strong>inobedientia</strong></span> <span class='ocrx_word' id='word_1_24' title='bbox 3204 493 3458 562; x_wconf 86' lang='lat' dir='ltr'><strong>deceptus</strong></span> <span class='ocrx_word' id='word_1_25' title='bbox 3486 495 3592 548; x_wconf 90' lang='lat' dir='ltr'><strong>ite-</strong></span> 
     </span>
    </p>
   </div>
   <div class='ocr_carea' id='block_1_5' title="bbox 330 581 1801 653">
    <p class='ocr_par' dir='ltr' id='par_1_5' title="bbox 330 581 1801 653">
     <span class='ocr_line' id='line_1_5' title="bbox 330 581 1801 653; baseline -0.005 -10"><span class='ocrx_word' id='word_1_26' title='bbox 330 587 659 643; x_wconf 81' lang='lat' dir='ltr'><strong>versationes</strong></span> <span class='ocrx_word' id='word_1_27' title='bbox 718 584 929 637; x_wconf 92' lang='lat' dir='ltr'><strong>Patrum</strong></span> <span class='ocrx_word' id='word_1_28' title='bbox 955 585 1078 653; x_wconf 85' lang='lat' dir='ltr'><strong>legi,</strong></span> <span class='ocrx_word' id='word_1_29' title='bbox 1113 584 1217 638; x_wconf 87' lang='lat' dir='ltr'><strong>tale</strong></span> <span class='ocrx_word' id='word_1_30' title='bbox 1241 583 1441 652; x_wconf 88' lang='lat' dir='ltr'><strong>aliquid</strong></span> <span class='ocrx_word' id='word_1_31' title='bbox 1471 598 1575 636; x_wconf 90' lang='lat' dir='ltr'><strong>non</strong></span> <span class='ocrx_word' id='word_1_32' title='bbox 1599 581 1801 636; x_wconf 78' lang='lat' dir='ltr'><strong>audivi.</strong></span> 
     </span>
    </p>
   </div>
   <div class='ocr_carea' id='block_1_6' title="bbox 395 670 1910 740">
    <p class='ocr_par' dir='ltr' id='par_1_6' title="bbox 395 670 1910 740">
     <span class='ocr_line' id='line_1_6' title="bbox 395 670 1910 740; baseline -0.006 -9"><span class='ocrx_word' id='word_1_33' title='bbox 395 676 530 731; x_wconf 69' lang='lat' dir='ltr'><strong>Car.</strong></span> <span class='ocrx_word' id='word_1_34' title='bbox 560 673 1182 729; x_wconf 80' lang='lat' dir='ltr'><strong>XXXVlll.——Malitiam</strong></span> <span class='ocrx_word' id='word_1_35' title='bbox 1205 681 1571 729; x_wconf 83' lang='lat' dir='ltr'><strong>reservantem</strong></span> <span class='ocrx_word' id='word_1_36' title='bbox 1626 670 1910 740; x_wconf 79' lang='lat' dir='ltr'><strong>quemdam</strong></span> 
     </span>
    </p>
   </div>
   <div class='ocr_carea' id='block_1_7' title="bbox 330 760 1910 832">
    <p class='ocr_par' dir='ltr' id='par_1_7' title="bbox 330 760 1910 832">
     <span class='ocr_line' id='line_1_7' title="bbox 330 760 1910 832; baseline -0.006 -10"><span class='ocrx_word' id='word_1_37' title='bbox 330 765 639 829; x_wconf 74' lang='lat' dir='ltr'><strong>illusuium,</strong></span> <span class='ocrx_word' id='word_1_38' title='bbox 675 772 864 816; x_wconf 90' lang='lat' dir='ltr'><strong>contra</strong></span> <span class='ocrx_word' id='word_1_39' title='bbox 891 763 1052 818; x_wconf 90' lang='lat' dir='ltr'><strong>alium</strong></span> <span class='ocrx_word' id='word_1_40' title='bbox 1083 763 1403 832; x_wconf 82' lang='lat' dir='ltr'><strong>principem,</strong></span> <span class='ocrx_word' id='word_1_41' title='bbox 1433 763 1654 815; x_wconf 83' lang='lat' dir='ltr'><strong>audiens</strong></span> <span class='ocrx_word' id='word_1_42' title='bbox 1684 760 1772 815; x_wconf 91' lang='lat' dir='ltr'><strong>hic</strong></span> <span class='ocrx_word' id='word_1_43' title='bbox 1801 774 1910 812; x_wconf 82' lang='lat' dir='ltr'><strong>nta-</strong></span> 
     </span>
    </p>
   </div>
   <div class='ocr_carea' id='block_1_8' title="bbox 327 853 1910 930">
    <p class='ocr_par' dir='ltr' id='par_1_8' title="bbox 327 853 1910 930">
     <span class='ocr_line' id='line_1_8' title="bbox 327 853 1910 930; baseline -0.005 -18"><span class='ocrx_word' id='word_1_44' title='bbox 327 873 464 930; x_wconf 83' lang='lat' dir='ltr'><strong>gnus</strong></span> <span class='ocrx_word' id='word_1_45' title='bbox 493 857 748 921; x_wconf 83' lang='lat' dir='ltr'><strong>Joannes,</strong></span> <span class='ocrx_word' id='word_1_46' title='bbox 779 855 988 910; x_wconf 92' lang='lat' dir='ltr'><strong>monuit</strong></span> <span class='ocrx_word' id='word_1_47' title='bbox 1035 871 1155 910; x_wconf 91' lang='lat' dir='ltr'><strong>eum</strong></span> <span class='ocrx_word' id='word_1_48' title='bbox 1187 871 1350 924; x_wconf 71' lang='lat' dir='ltr'><strong>smpe,</strong></span> <span class='ocrx_word' id='word_1_49' title='bbox 1381 864 1436 910; x_wconf 81' lang='lat' dir='ltr'><strong>et</strong></span> <span class='ocrx_word' id='word_1_50' title='bbox 1463 853 1632 908; x_wconf 92' lang='lat' dir='ltr'><strong>suasit</strong></span> <span class='ocrx_word' id='word_1_51' title='bbox 1669 853 1734 906; x_wconf 91' lang='lat' dir='ltr'><strong>ad</strong></span> <span class='ocrx_word' id='word_1_52' title='bbox 1777 866 1910 906; x_wconf 87' lang='lat' dir='ltr'><strong>eon-</strong></span> 
     </span>
    </p>
   </div>
   <div class='ocr_carea' id='block_1_9' title="bbox 335 945 1907 1017">
    <p class='ocr_par' dir='ltr' id='par_1_9' title="bbox 335 945 1907 1017">
     <span class='ocr_line' id='line_1_9' title="bbox 335 945 1907 1017; baseline -0.005 -14"><span class='ocrx_word' id='word_1_53' title='bbox 335 950 588 1017; x_wconf 84' lang='lat' dir='ltr'><strong>cordiam,</strong></span> <span class='ocrx_word' id='word_1_54' title='bbox 617 960 672 1005; x_wconf 87' lang='lat' dir='ltr'><strong>et</strong></span> <span class='ocrx_word' id='word_1_55' title='bbox 731 964 836 1004; x_wconf 87' lang='lat' dir='ltr'><strong>non</strong></span> <span class='ocrx_word' id='word_1_56' title='bbox 889 949 1055 1013; x_wconf 85' lang='lat' dir='ltr'><strong>potuit</strong></span> <span class='ocrx_word' id='word_1_57' title='bbox 1082 964 1203 1001; x_wconf 90' lang='lat' dir='ltr'><strong>cum</strong></span> <span class='ocrx_word' id='word_1_58' title='bbox 1261 956 1578 1001; x_wconf 79' lang='lat' dir='ltr'><strong>convertere</strong></span> <span class='ocrx_word' id='word_1_59' title='bbox 1607 945 1678 998; x_wconf 87' lang='lat' dir='ltr'><strong>ad</strong></span> <span class='ocrx_word' id='word_1_60' title='bbox 1702 958 1907 1013; x_wconf 88' lang='lat' dir='ltr'><strong>pacem.</strong></span> 
     </span>
    </p>
   </div>
   <div class='ocr_carea' id='block_1_10' title="bbox 327 1034 1910 1110">
    <p class='ocr_par' dir='ltr' id='par_1_10' title="bbox 327 1034 1910 1110">
     <span class='ocr_line' id='line_1_10' title="bbox 327 1034 1910 1110; baseline -0.006 -14"><span class='ocrx_word' id='word_1_61' title='bbox 327 1041 504 1096; x_wconf 81' lang='lat' dir='ltr'><strong>Semel</strong></span> <span class='ocrx_word' id='word_1_62' title='bbox 532 1057 659 1110; x_wconf 87' lang='lat' dir='ltr'><strong>ergo</strong></span> <span class='ocrx_word' id='word_1_63' title='bbox 681 1042 846 1096; x_wconf 78' lang='lat' dir='ltr'><strong>mittit</strong></span> <span class='ocrx_word' id='word_1_64' title='bbox 875 1050 928 1093; x_wconf 93' lang='lat' dir='ltr'><strong>et</strong></span> <span class='ocrx_word' id='word_1_65' title='bbox 955 1039 1172 1092; x_wconf 80' lang='lat' dir='ltr'><strong>adducit</strong></span> <span class='ocrx_word' id='word_1_66' title='bbox 1201 1053 1322 1092; x_wconf 87' lang='lat' dir='ltr'><strong>eum</strong></span> <span class='ocrx_word' id='word_1_67' title='bbox 1372 1044 1609 1100; x_wconf 90' lang='lat' dir='ltr'><strong>sanctus,</strong></span> <span class='ocrx_word' id='word_1_68' title='bbox 1641 1034 1789 1102; x_wconf 90' lang='lat' dir='ltr'><strong>quasi</strong></span> <span class='ocrx_word' id='word_1_69' title='bbox 1815 1049 1910 1101; x_wconf 91' lang='lat' dir='ltr'><strong>pro</strong></span> 
     </span>
    </p>
   </div>
   <div class='ocr_carea' id='block_1_11' title="bbox 331 1125 1907 1201">
    <p class='ocr_par' dir='ltr' id='par_1_11' title="bbox 331 1125 1907 1201">
     <span class='ocr_line' id='line_1_11' title="bbox 331 1125 1907 1201; baseline -0.006 -15"><span class='ocrx_word' id='word_1_70' title='bbox 331 1146 392 1186; x_wconf 86' lang='lat' dir='ltr'><strong>re</strong></span> <span class='ocrx_word' id='word_1_71' title='bbox 430 1132 636 1201; x_wconf 91' lang='lat' dir='ltr'><strong>publica</strong></span> <span class='ocrx_word' id='word_1_72' title='bbox 665 1150 676 1184; x_wconf 93' lang='lat'>:</span> <span class='ocrx_word' id='word_1_73' title='bbox 703 1141 756 1186; x_wconf 91' lang='lat' dir='ltr'><strong>et</strong></span> <span class='ocrx_word' id='word_1_74' title='bbox 789 1131 916 1185; x_wconf 84' lang='lat' dir='ltr'><strong>facit</strong></span> <span class='ocrx_word' id='word_1_75' title='bbox 968 1132 1159 1184; x_wconf 85' lang='lat' dir='ltr'><strong>missas</strong></span> <span class='ocrx_word' id='word_1_76' title='bbox 1204 1129 1258 1181; x_wconf 91' lang='lat' dir='ltr'><strong>in</strong></span> <span class='ocrx_word' id='word_1_77' title='bbox 1300 1127 1535 1182; x_wconf 84' lang='lat' dir='ltr'><strong>oratorio</strong></span> <span class='ocrx_word' id='word_1_78' title='bbox 1556 1139 1673 1188; x_wconf 89' lang='lat' dir='ltr'><strong>suo,</strong></span> <span class='ocrx_word' id='word_1_79' title='bbox 1704 1125 1907 1178; x_wconf 92' lang='lat' dir='ltr'><strong>nullum</strong></span> 
     </span>
    </p>
   </div>
   <div class='ocr_carea' id='block_1_12' title="bbox 328 1215 1906 1287">
    <p class='ocr_par' dir='ltr' id='par_1_12' title="bbox 328 1215 1906 1287">
     <span class='ocr_line' id='line_1_12' title="bbox 328 1215 1906 1287; baseline -0.005 -13"><span class='ocrx_word' id='word_1_80' title='bbox 328 1221 533 1277; x_wconf 79' lang='lat' dir='ltr'><strong>habens</strong></span> <span class='ocrx_word' id='word_1_81' title='bbox 559 1221 659 1276; x_wconf 85' lang='lat' dir='ltr'><strong>nisi</strong></span> <span class='ocrx_word' id='word_1_82' title='bbox 706 1222 1009 1275; x_wconf 90' lang='lat' dir='ltr'><strong>ministrum</strong></span> <span class='ocrx_word' id='word_1_83' title='bbox 1041 1234 1194 1273; x_wconf 88' lang='lat' dir='ltr'><strong>suum</strong></span> <span class='ocrx_word' id='word_1_84' title='bbox 1226 1215 1366 1287; x_wconf 75' lang='lat'><strong>(82).</strong></span> <span class='ocrx_word' id='word_1_85' title='bbox 1400 1216 1530 1271; x_wconf 86' lang='lat' dir='ltr'><strong>Cum</strong></span> <span class='ocrx_word' id='word_1_86' title='bbox 1560 1229 1692 1285; x_wconf 86' lang='lat' dir='ltr'><strong>ergo</strong></span> <span class='ocrx_word' id='word_1_87' title='bbox 1723 1223 1906 1268; x_wconf 89' lang='lat' dir='ltr'><strong>saneta</strong></span> 
     </span>
    </p>
   </div>
   <div class='ocr_carea' id='block_1_13' title="bbox 332 1306 1910 1383">
    <p class='ocr_par' dir='ltr' id='par_1_13' title="bbox 332 1306 1910 1383">
     <span class='ocr_line' id='line_1_13' title="bbox 332 1306 1910 1383; baseline -0.005 -14"><span class='ocrx_word' id='word_1_88' title='bbox 332 1315 696 1370; x_wconf 80' lang='lat' dir='ltr'><strong>benedixisset</strong></span> <span class='ocrx_word' id='word_1_89' title='bbox 719 1313 1038 1383; x_wconf 90' lang='lat' dir='ltr'><strong>patriarcha,</strong></span> <span class='ocrx_word' id='word_1_90' title='bbox 1067 1321 1120 1366; x_wconf 89' lang='lat' dir='ltr'><strong>et</strong></span> <span class='ocrx_word' id='word_1_91' title='bbox 1150 1311 1442 1364; x_wconf 81' lang='lat' dir='ltr'><strong>orationem</strong></span> <span class='ocrx_word' id='word_1_92' title='bbox 1476 1308 1804 1362; x_wconf 84' lang='lat' dir='ltr'><strong>Dominieam</strong></span> <span class='ocrx_word' id='word_1_93' title='bbox 1829 1306 1910 1361; x_wconf 90' lang='lat' dir='ltr'><strong>in-</strong></span> 
     </span>
    </p>
   </div>
   <div class='ocr_carea' id='block_1_14' title="bbox 325 1400 1910 1472">
    <p class='ocr_par' dir='ltr' id='par_1_14' title="bbox 325 1400 1910 1472">
     <span class='ocr_line' id='line_1_14' title="bbox 325 1400 1910 1472; baseline -0.006 -12"><span class='ocrx_word' id='word_1_94' title='bbox 325 1407 596 1469; x_wconf 68' lang='lat' dir='ltr'><strong>clinasset,</strong></span> <span class='ocrx_word' id='word_1_95' title='bbox 626 1413 904 1472; x_wconf 71' lang='lat' dir='ltr'><strong>emperunt</strong></span> <span class='ocrx_word' id='word_1_96' title='bbox 931 1405 1108 1458; x_wconf 81' lang='lat' dir='ltr'><strong>dicere</strong></span> <span class='ocrx_word' id='word_1_97' title='bbox 1130 1414 1236 1456; x_wconf 86' lang='lat' dir='ltr'><strong>tres</strong></span> <span class='ocrx_word' id='word_1_98' title='bbox 1271 1412 1473 1455; x_wconf 88' lang='lat' dir='ltr'><strong>tantum</strong></span> <span class='ocrx_word' id='word_1_99' title='bbox 1503 1401 1596 1466; x_wconf 82' lang='lat' dir='ltr'><strong>illi,</strong></span> <span class='ocrx_word' id='word_1_100' title='bbox 1633 1400 1791 1453; x_wconf 89' lang='lat' dir='ltr'><strong>Pater</strong></span> <span class='ocrx_word' id='word_1_101' title='bbox 1816 1413 1910 1452; x_wconf 89' lang='lat' dir='ltr'><strong>no-</strong></span> 
     </span>
    </p>
   </div>
   <div class='ocr_carea' id='block_1_15' title="bbox 328 1489 1905 1562">
    <p class='ocr_par' dir='ltr' id='par_1_15' title="bbox 328 1489 1905 1562">
     <span class='ocr_line' id='line_1_15' title="bbox 328 1489 1905 1562; baseline -0.004 -14"><span class='ocrx_word' id='word_1_102' title='bbox 328 1506 459 1548; x_wconf 85' lang='lat' dir='ltr'><strong>ster.</strong></span> <span class='ocrx_word' id='word_1_103' title='bbox 490 1494 558 1549; x_wconf 89' lang='lat' dir='ltr'><strong>Et</strong></span> <span class='ocrx_word' id='word_1_104' title='bbox 584 1509 703 1550; x_wconf 88' lang='lat' dir='ltr'><strong>cum</strong></span> <span class='ocrx_word' id='word_1_105' title='bbox 735 1493 1072 1562; x_wconf 86' lang='lat' dir='ltr'><strong>pervenisset</strong></span> <span class='ocrx_word' id='word_1_106' title='bbox 1101 1492 1164 1544; x_wconf 89' lang='lat' dir='ltr'><strong>ad</strong></span> <span class='ocrx_word' id='word_1_107' title='bbox 1197 1505 1520 1554; x_wconf 91' lang='lat' dir='ltr'><strong>sermonem,</strong></span> <span class='ocrx_word' id='word_1_108' title='bbox 1552 1504 1658 1558; x_wconf 91' lang='lat' dir='ltr'><strong>quo</strong></span> <span class='ocrx_word' id='word_1_109' title='bbox 1687 1489 1905 1549; x_wconf 87' lang='lat' dir='ltr'><strong>dicitur,</strong></span> 
     </span>
    </p>
   </div>
   <div class='ocr_carea' id='block_1_16' title="bbox 330 1576 1911 1644">
    <p class='ocr_par' dir='ltr' id='par_1_16' title="bbox 330 1576 1911 1644">
     <span class='ocr_line' id='line_1_16' title="bbox 330 1576 1911 1644; baseline -0.007 -3"><span class='ocrx_word' id='word_1_110' title='bbox 330 1586 548 1641; x_wconf 83' lang='lat' dir='ltr'><strong>Dimitte</strong></span> <span class='ocrx_word' id='word_1_111' title='bbox 579 1585 733 1640; x_wconf 87' lang='lat' dir='ltr'><strong>nobis</strong></span> <span class='ocrx_word' id='word_1_112' title='bbox 759 1585 932 1638; x_wconf 91' lang='lat' dir='ltr'><strong>debita</strong></span> <span class='ocrx_word' id='word_1_113' title='bbox 962 1591 1162 1644; x_wconf 88' lang='lat' dir='ltr'><strong>nostra,</strong></span> <span class='ocrx_word' id='word_1_114' title='bbox 1191 1585 1327 1635; x_wconf 84' lang='lat' dir='ltr'><strong>sicut</strong></span> <span class='ocrx_word' id='word_1_115' title='bbox 1363 1588 1416 1633; x_wconf 90' lang='lat' dir='ltr'><strong>et</strong></span> <span class='ocrx_word' id='word_1_116' title='bbox 1445 1594 1541 1633; x_wconf 86' lang='lat' dir='ltr'><strong>nos</strong></span> <span class='ocrx_word' id='word_1_117' title='bbox 1591 1576 1911 1631; x_wconf 55' lang='lat' dir='ltr'><strong>dimittimus</strong></span> 
     </span>
    </p>
   </div>
   <div class='ocr_carea' id='block_1_17' title="bbox 327 1669 1914 1739">
    <p class='ocr_par' dir='ltr' id='par_1_17' title="bbox 327 1669 1914 1739">
     <span class='ocr_line' id='line_1_17' title="bbox 327 1669 1914 1739; baseline -0.004 -11"><span class='ocrx_word' id='word_1_118' title='bbox 327 1675 660 1731; x_wconf 86' lang='lat' dir='ltr'><strong>debitoribus</strong></span> <span class='ocrx_word' id='word_1_119' title='bbox 684 1676 902 1738; x_wconf 83' lang='lat' dir='ltr'><strong>nostris,</strong></span> <span class='ocrx_word' id='word_1_120' title='bbox 935 1673 1105 1728; x_wconf 86' lang='lat' dir='ltr'><strong>innuit</strong></span> <span class='ocrx_word' id='word_1_121' title='bbox 1153 1672 1451 1726; x_wconf 85' lang='lat' dir='ltr'><strong>domestico</strong></span> <span class='ocrx_word' id='word_1_122' title='bbox 1506 1669 1827 1739; x_wconf 84' lang='lat' dir='ltr'><strong>patriarcha,</strong></span> <span class='ocrx_word' id='word_1_123' title='bbox 1856 1677 1914 1723; x_wconf 89' lang='lat' dir='ltr'><strong>ut</strong></span> 
     </span>
    </p>
   </div>
   <div class='ocr_carea' id='block_1_18' title="bbox 329 1761 1911 1835">
    <p class='ocr_par' dir='ltr' id='par_1_18' title="bbox 329 1761 1911 1835">
     <span class='ocr_line' id='line_1_18' title="bbox 329 1761 1911 1835; baseline -0.007 -11"><span class='ocrx_word' id='word_1_124' title='bbox 329 1778 549 1824; x_wconf 87' lang='lat' dir='ltr'><strong>taceret.</strong></span> <span class='ocrx_word' id='word_1_125' title='bbox 576 1768 734 1822; x_wconf 88' lang='lat' dir='ltr'><strong>Siluit</strong></span> <span class='ocrx_word' id='word_1_126' title='bbox 776 1783 906 1835; x_wconf 82' lang='lat' dir='ltr'><strong>ergo</strong></span> <span class='ocrx_word' id='word_1_127' title='bbox 927 1777 980 1820; x_wconf 90' lang='lat' dir='ltr'><strong>et</strong></span> <span class='ocrx_word' id='word_1_128' title='bbox 1021 1764 1347 1834; x_wconf 86' lang='lat' dir='ltr'><strong>patriarcha,</strong></span> <span class='ocrx_word' id='word_1_129' title='bbox 1375 1770 1430 1817; x_wconf 92' lang='lat' dir='ltr'><strong>et</strong></span> <span class='ocrx_word' id='word_1_130' title='bbox 1458 1762 1715 1816; x_wconf 89' lang='lat' dir='ltr'><strong>remansit</strong></span> <span class='ocrx_word' id='word_1_131' title='bbox 1767 1761 1911 1829; x_wconf 90' lang='lat' dir='ltr'><strong>prin-</strong></span> 
     </span>
    </p>
   </div>
   <div class='ocr_carea' id='block_1_19' title="bbox 2017 584 3589 662">
    <p class='ocr_par' dir='ltr' id='par_1_19' title="bbox 2017 584 3589 662">
     <span class='ocr_line' id='line_1_19' title="bbox 2017 584 3589 662; baseline 0.003 -28"><span class='ocrx_word' id='word_1_132' title='bbox 2017 595 2133 635; x_wconf 90' lang='lat' dir='ltr'><strong>rum</strong></span> <span class='ocrx_word' id='word_1_133' title='bbox 2220 584 2542 656; x_wconf 77' lang='lat' dir='ltr'><strong>vivificavit,</strong></span> <span class='ocrx_word' id='word_1_134' title='bbox 2601 597 2655 644; x_wconf 91' lang='lat' dir='ltr'><strong>et</strong></span> <span class='ocrx_word' id='word_1_135' title='bbox 2717 591 2940 662; x_wconf 87' lang='lat' dir='ltr'><strong>preprio</strong></span> <span class='ocrx_word' id='word_1_136' title='bbox 3015 585 3274 656; x_wconf 82' lang='lat' dir='ltr'><strong>sanguine</strong></span> <span class='ocrx_word' id='word_1_137' title='bbox 3300 585 3589 640; x_wconf 85' lang='lat' dir='ltr'><strong>redemita</strong></span> 
     </span>
    </p>
   </div>
   <div class='ocr_carea' id='block_1_20' title="bbox 2015 675 3588 744">
    <p class='ocr_par' dir='ltr' id='par_1_20' title="bbox 2015 675 3588 744">
     <span class='ocr_line' id='line_1_20' title="bbox 2015 675 3588 744; baseline 0.003 -17"><span class='ocrx_word' id='word_1_138' title='bbox 2015 685 2207 741; x_wconf 91' lang='lat' dir='ltr'><strong>morte,</strong></span> <span class='ocrx_word' id='word_1_139' title='bbox 2239 682 2294 729; x_wconf 89' lang='lat' dir='ltr'><strong>et</strong></span> <span class='ocrx_word' id='word_1_140' title='bbox 2322 691 2534 730; x_wconf 90' lang='lat' dir='ltr'><strong>omnem</strong></span> <span class='ocrx_word' id='word_1_141' title='bbox 2595 685 2792 730; x_wconf 88' lang='lat' dir='ltr'><strong>terram</strong></span> <span class='ocrx_word' id='word_1_142' title='bbox 2819 686 2877 730; x_wconf 84' lang='lat' dir='ltr'><strong>et</strong></span> <span class='ocrx_word' id='word_1_143' title='bbox 2907 677 3078 744; x_wconf 91' lang='lat' dir='ltr'><strong>ipsum</strong></span> <span class='ocrx_word' id='word_1_144' title='bbox 3109 678 3301 731; x_wconf 78' lang='lat' dir='ltr'><strong>ccelum</strong></span> <span class='ocrx_word' id='word_1_145' title='bbox 3331 676 3384 730; x_wconf 90' lang='lat' dir='ltr'><strong>in</strong></span> <span class='ocrx_word' id='word_1_146' title='bbox 3414 675 3588 731; x_wconf 86' lang='lat' dir='ltr'><strong>obse-</strong></span> 
     </span>
    </p>
   </div>
   <div class='ocr_carea' id='block_1_21' title="bbox 2013 767 3594 836">
    <p class='ocr_par' dir='ltr' id='par_1_21' title="bbox 2013 767 3594 836">
     <span class='ocr_line' id='line_1_21' title="bbox 2013 767 3594 836; baseline 0.001 -17"><span class='ocrx_word' id='word_1_147' title='bbox 2013 767 2194 834; x_wconf 84' lang='lat' dir='ltr'><strong>quium</strong></span> <span class='ocrx_word' id='word_1_148' title='bbox 2236 767 2507 822; x_wconf 87' lang='lat' dir='ltr'><strong>hominum</strong></span> <span class='ocrx_word' id='word_1_149' title='bbox 2561 767 2816 835; x_wconf 81' lang='lat' dir='ltr'><strong>subdidit,</strong></span> <span class='ocrx_word' id='word_1_150' title='bbox 2840 769 2932 823; x_wconf 91' lang='lat' dir='ltr'><strong>sed</strong></span> <span class='ocrx_word' id='word_1_151' title='bbox 2956 777 3010 822; x_wconf 90' lang='lat' dir='ltr'><strong>et</strong></span> <span class='ocrx_word' id='word_1_152' title='bbox 3037 783 3174 822; x_wconf 90' lang='lat' dir='ltr'><strong>nunc</strong></span> <span class='ocrx_word' id='word_1_153' title='bbox 3213 767 3443 836; x_wconf 84' lang='lat' dir='ltr'><strong>qualiter</strong></span> <span class='ocrx_word' id='word_1_154' title='bbox 3471 781 3594 836; x_wconf 90' lang='lat' dir='ltr'><strong>pec-</strong></span> 
     </span>
    </p>
   </div>
   <div class='ocr_carea' id='block_1_22' title="bbox 2013 858 3584 929">
    <p class='ocr_par' dir='ltr' id='par_1_22' title="bbox 2013 858 3584 929">
     <span class='ocr_line' id='line_1_22' title="bbox 2013 858 3584 929; baseline 0.002 -20"><span class='ocrx_word' id='word_1_155' title='bbox 2013 867 2195 912; x_wconf 82' lang='lat' dir='ltr'><strong>cantes</strong></span> <span class='ocrx_word' id='word_1_156' title='bbox 2213 874 2316 913; x_wconf 92' lang='lat' dir='ltr'><strong>non</strong></span> <span class='ocrx_word' id='word_1_157' title='bbox 2336 858 2576 927; x_wconf 86' lang='lat' dir='ltr'><strong>dissipat,</strong></span> <span class='ocrx_word' id='word_1_158' title='bbox 2595 859 2686 914; x_wconf 91' lang='lat' dir='ltr'><strong>sed</strong></span> <span class='ocrx_word' id='word_1_159' title='bbox 2718 858 3090 929; x_wconf 82' lang='lat' dir='ltr'><strong>longanimiter</strong></span> <span class='ocrx_word' id='word_1_160' title='bbox 3118 858 3285 928; x_wconf 84' lang='lat' dir='ltr'><strong>magis</strong></span> <span class='ocrx_word' id='word_1_161' title='bbox 3312 868 3584 927; x_wconf 80' lang='lat' dir='ltr'><strong>exspectat</strong></span> 
     </span>
    </p>
   </div>
   <div class='ocr_carea' id='block_1_23' title="bbox 2013 947 3581 1018">
    <p class='ocr_par' dir='ltr' id='par_1_23' title="bbox 2013 947 3581 1018">
     <span class='ocr_line' id='line_1_23' title="bbox 2013 947 3581 1018; baseline 0.004 -20"><span class='ocrx_word' id='word_1_162' title='bbox 2013 947 2300 1002; x_wconf 85' lang='lat' dir='ltr'><strong>immobilis</strong></span> <span class='ocrx_word' id='word_1_163' title='bbox 2323 948 2411 1003; x_wconf 90' lang='lat' dir='ltr'><strong>illa</strong></span> <span class='ocrx_word' id='word_1_164' title='bbox 2440 959 2648 1015; x_wconf 75' lang='lat' dir='ltr'><strong>natura,</strong></span> <span class='ocrx_word' id='word_1_165' title='bbox 2672 958 2727 1004; x_wconf 91' lang='lat' dir='ltr'><strong>et</strong></span> <span class='ocrx_word' id='word_1_166' title='bbox 2754 950 2961 1018; x_wconf 86' lang='lat' dir='ltr'><strong>patiens</strong></span> <span class='ocrx_word' id='word_1_167' title='bbox 2989 951 3076 1006; x_wconf 90' lang='lat' dir='ltr'><strong>ille</strong></span> <span class='ocrx_word' id='word_1_168' title='bbox 3113 949 3321 1014; x_wconf 86' lang='lat' dir='ltr'><strong>oculus,</strong></span> <span class='ocrx_word' id='word_1_169' title='bbox 3346 958 3399 1004; x_wconf 90' lang='lat' dir='ltr'><strong>et</strong></span> <span class='ocrx_word' id='word_1_170' title='bbox 3427 948 3581 1004; x_wconf 87' lang='lat' dir='ltr'><strong>nobis</strong></span> 
     </span>
    </p>
   </div>
   <div class='ocr_carea' id='block_1_24' title="bbox 2015 1039 3592 1114">
    <p class='ocr_par' dir='ltr' id='par_1_24' title="bbox 2015 1039 3592 1114">
     <span class='ocr_line' id='line_1_24' title="bbox 2015 1039 3592 1114; baseline 0.003 -24"><span class='ocrx_word' id='word_1_171' title='bbox 2015 1039 2324 1110; x_wconf 87' lang='lat' dir='ltr'><strong>plerumque</strong></span> <span class='ocrx_word' id='word_1_172' title='bbox 2353 1041 2843 1110; x_wconf 87' lang='lat' dir='ltr'><strong>hlasphemantihus</strong></span> <span class='ocrx_word' id='word_1_173' title='bbox 2862 1043 2975 1114; x_wconf 90' lang='lat' dir='ltr'><strong>ipse</strong></span> <span class='ocrx_word' id='word_1_174' title='bbox 2996 1044 3303 1098; x_wconf 89' lang='lat' dir='ltr'><strong>consolatur</strong></span> <span class='ocrx_word' id='word_1_175' title='bbox 3331 1053 3386 1098; x_wconf 90' lang='lat' dir='ltr'><strong>et</strong></span> <span class='ocrx_word' id='word_1_176' title='bbox 3437 1042 3592 1096; x_wconf 88' lang='lat' dir='ltr'><strong>blan-</strong></span> 
     </span>
    </p>
   </div>
   <div class='ocr_carea' id='block_1_25' title="bbox 2013 1128 3592 1203">
    <p class='ocr_par' dir='ltr' id='par_1_25' title="bbox 2013 1128 3592 1203">
     <span class='ocr_line' id='line_1_25' title="bbox 2013 1128 3592 1203; baseline 0.004 -24"><span class='ocrx_word' id='word_1_177' title='bbox 2013 1128 2155 1182; x_wconf 84' lang='lat' dir='ltr'><strong>ditur</strong></span> <span class='ocrx_word' id='word_1_178' title='bbox 2182 1145 2274 1197; x_wconf 88' lang='lat' dir='ltr'><strong>per</strong></span> <span class='ocrx_word' id='word_1_179' title='bbox 2303 1132 2695 1186; x_wconf 88' lang='lat' dir='ltr'><strong>miserationem</strong></span> <span class='ocrx_word' id='word_1_180' title='bbox 2728 1134 3195 1199; x_wconf 81' lang='lat' dir='ltr'><strong>Suam,desursum</strong></span> <span class='ocrx_word' id='word_1_181' title='bbox 3225 1134 3429 1203; x_wconf 88' lang='lat' dir='ltr'><strong>pluvias</strong></span> <span class='ocrx_word' id='word_1_182' title='bbox 3462 1149 3592 1202; x_wconf 85' lang='lat' dir='ltr'><strong>pro-</strong></span> 
     </span>
    </p>
   </div>
   <div class='ocr_carea' id='block_1_26' title="bbox 2015 1221 3592 1294">
    <p class='ocr_par' dir='ltr' id='par_1_26' title="bbox 2015 1221 3592 1294">
     <span class='ocr_line' id='line_1_26' title="bbox 2015 1221 3592 1294; baseline 0.003 -23"><span class='ocrx_word' id='word_1_183' title='bbox 2015 1226 2132 1286; x_wconf 89' lang='lat' dir='ltr'><strong>pter</strong></span> <span class='ocrx_word' id='word_1_184' title='bbox 2160 1221 2322 1273; x_wconf 68' lang='lat' dir='ltr'><strong>vitam</strong></span> <span class='ocrx_word' id='word_1_185' title='bbox 2380 1231 2614 1276; x_wconf 89' lang='lat' dir='ltr'><strong>nostram</strong></span> <span class='ocrx_word' id='word_1_186' title='bbox 2647 1223 2905 1290; x_wconf 89' lang='lat' dir='ltr'><strong>tribuens,</strong></span> <span class='ocrx_word' id='word_1_187' title='bbox 2934 1234 3161 1294; x_wconf 89' lang='lat' dir='ltr'><strong>quantos</strong></span> <span class='ocrx_word' id='word_1_188' title='bbox 3208 1225 3376 1278; x_wconf 90' lang='lat' dir='ltr'><strong>malos</strong></span> <span class='ocrx_word' id='word_1_189' title='bbox 3405 1237 3592 1293; x_wconf 77' lang='lat' dir='ltr'><strong>opera-</strong></span> 
     </span>
    </p>
   </div>
   <div class='ocr_carea' id='block_1_27' title="bbox 2013 1310 3592 1384">
    <p class='ocr_par' dir='ltr' id='par_1_27' title="bbox 2013 1310 3592 1384">
     <span class='ocr_line' id='line_1_27' title="bbox 2013 1310 3592 1384; baseline 0.001 -21"><span class='ocrx_word' id='word_1_190' title='bbox 2013 1310 2143 1373; x_wconf 83' lang='lat' dir='ltr'><strong>rios,</strong></span> <span class='ocrx_word' id='word_1_191' title='bbox 2178 1321 2457 1381; x_wconf 78' lang='lat' dir='ltr'><strong>pergentes</strong></span> <span class='ocrx_word' id='word_1_192' title='bbox 2481 1323 2536 1366; x_wconf 93' lang='lat' dir='ltr'><strong>ut</strong></span> <span class='ocrx_word' id='word_1_193' title='bbox 2564 1315 2809 1368; x_wconf 89' lang='lat' dir='ltr'><strong>occidant</strong></span> <span class='ocrx_word' id='word_1_194' title='bbox 2833 1326 2919 1368; x_wconf 90' lang='lat' dir='ltr'><strong>aut</strong></span> <span class='ocrx_word' id='word_1_195' title='bbox 2951 1315 3210 1380; x_wconf 90' lang='lat' dir='ltr'><strong>furentur,</strong></span> <span class='ocrx_word' id='word_1_196' title='bbox 3241 1315 3372 1384; x_wconf 80' lang='lat' dir='ltr'><strong>tegit</strong></span> <span class='ocrx_word' id='word_1_197' title='bbox 3408 1322 3462 1367; x_wconf 89' lang='lat' dir='ltr'><strong>et</strong></span> <span class='ocrx_word' id='word_1_198' title='bbox 3489 1329 3592 1366; x_wconf 88' lang='lat' dir='ltr'><strong>non</strong></span> 
     </span>
    </p>
   </div>
   <div class='ocr_carea' id='block_1_28' title="bbox 2015 1401 3591 1472">
    <p class='ocr_par' dir='ltr' id='par_1_28' title="bbox 2015 1401 3591 1472">
     <span class='ocr_line' id='line_1_28' title="bbox 2015 1401 3591 1472; baseline 0 -18"><span class='ocrx_word' id='word_1_199' title='bbox 2015 1401 2198 1466; x_wconf 88' lang='lat' dir='ltr'><strong>tradit,</strong></span> <span class='ocrx_word' id='word_1_200' title='bbox 2228 1415 2295 1456; x_wconf 89' lang='lat' dir='ltr'><strong>ne</strong></span> <span class='ocrx_word' id='word_1_201' title='bbox 2323 1403 2602 1470; x_wconf 88' lang='lat' dir='ltr'><strong>capiantur</strong></span> <span class='ocrx_word' id='word_1_202' title='bbox 2625 1412 2678 1457; x_wconf 90' lang='lat' dir='ltr'><strong>et</strong></span> <span class='ocrx_word' id='word_1_203' title='bbox 2706 1414 2987 1471; x_wconf 70' lang='lat' dir='ltr'><strong>puniantur</strong></span> <span class='ocrx_word' id='word_1_204' title='bbox 3003 1405 3028 1457; x_wconf 82' lang='lat'><strong>?</strong></span> <span class='ocrx_word' id='word_1_205' title='bbox 3056 1413 3282 1472; x_wconf 84' lang='lat' dir='ltr'><strong>quamos</strong></span> <span class='ocrx_word' id='word_1_206' title='bbox 3304 1404 3591 1458; x_wconf 81' lang='lat' dir='ltr'><strong>existentes</strong></span> 
     </span>
    </p>
   </div>
   <div class='ocr_carea' id='block_1_29' title="bbox 2016 1495 3594 1567">
    <p class='ocr_par' dir='ltr' id='par_1_29' title="bbox 2016 1495 3594 1567">
     <span class='ocr_line' id='line_1_29' title="bbox 2016 1495 3594 1567; baseline 0.001 -19"><span class='ocrx_word' id='word_1_207' title='bbox 2016 1495 2069 1548; x_wconf 92' lang='lat' dir='ltr'><strong>in</strong></span> <span class='ocrx_word' id='word_1_208' title='bbox 2091 1495 2314 1549; x_wconf 81' lang='lat' dir='ltr'><strong>navibus</strong></span> <span class='ocrx_word' id='word_1_209' title='bbox 2345 1495 2396 1549; x_wconf 92' lang='lat' dir='ltr'><strong>in</strong></span> <span class='ocrx_word' id='word_1_210' title='bbox 2423 1497 2628 1566; x_wconf 84' lang='lat' dir='ltr'><strong>pelago,</strong></span> <span class='ocrx_word' id='word_1_211' title='bbox 2665 1506 2719 1551; x_wconf 93' lang='lat' dir='ltr'><strong>ut</strong></span> <span class='ocrx_word' id='word_1_212' title='bbox 2746 1499 3049 1567; x_wconf 66' lang='lat' dir='ltr'><strong>praedantur</strong></span> <span class='ocrx_word' id='word_1_213' title='bbox 3069 1500 3346 1554; x_wconf 88' lang='lat' dir='ltr'><strong>obviantes</strong></span> <span class='ocrx_word' id='word_1_214' title='bbox 3372 1501 3471 1554; x_wconf 86' lang='lat' dir='ltr'><strong>sibi</strong></span> <span class='ocrx_word' id='word_1_215' title='bbox 3501 1515 3594 1551; x_wconf 89' lang='lat' dir='ltr'><strong>na-</strong></span> 
     </span>
    </p>
   </div>
   <div class='ocr_carea' id='block_1_30' title="bbox 2014 1587 3594 1659">
    <p class='ocr_par' dir='ltr' id='par_1_30' title="bbox 2014 1587 3594 1659">
     <span class='ocr_line' id='line_1_30' title="bbox 2014 1587 3594 1659; baseline 0.003 -22"><span class='ocrx_word' id='word_1_216' title='bbox 2014 1601 2130 1652; x_wconf 85' lang='lat' dir='ltr'><strong>ves,</strong></span> <span class='ocrx_word' id='word_1_217' title='bbox 2173 1596 2226 1640; x_wconf 91' lang='lat' dir='ltr'><strong>et</strong></span> <span class='ocrx_word' id='word_1_218' title='bbox 2272 1587 2518 1641; x_wconf 91' lang='lat' dir='ltr'><strong>occidant</strong></span> <span class='ocrx_word' id='word_1_219' title='bbox 2555 1590 2642 1658; x_wconf 91' lang='lat' dir='ltr'><strong>qui</strong></span> <span class='ocrx_word' id='word_1_220' title='bbox 2695 1588 2747 1643; x_wconf 93' lang='lat' dir='ltr'><strong>in</strong></span> <span class='ocrx_word' id='word_1_221' title='bbox 2787 1589 2866 1642; x_wconf 89' lang='lat' dir='ltr'><strong>eis</strong></span> <span class='ocrx_word' id='word_1_222' title='bbox 2924 1598 3069 1654; x_wconf 88' lang='lat' dir='ltr'><strong>sunt,</strong></span> <span class='ocrx_word' id='word_1_223' title='bbox 3104 1605 3207 1644; x_wconf 89' lang='lat' dir='ltr'><strong>non</strong></span> <span class='ocrx_word' id='word_1_224' title='bbox 3256 1590 3513 1659; x_wconf 77' lang='lat' dir='ltr'><strong>permittit</strong></span> <span class='ocrx_word' id='word_1_225' title='bbox 3543 1589 3594 1642; x_wconf 91' lang='lat' dir='ltr'><strong>in</strong></span> 
     </span>
    </p>
   </div>
   <div class='ocr_carea' id='block_1_31' title="bbox 2016 1677 3600 1748">
    <p class='ocr_par' dir='ltr' id='par_1_31' title="bbox 2016 1677 3600 1748">
     <span class='ocr_line' id='line_1_31' title="bbox 2016 1677 3600 1748; baseline 0 -19"><span class='ocrx_word' id='word_1_226' title='bbox 2016 1677 2331 1745; x_wconf 80' lang='lat' dir='ltr'><strong>profundum</strong></span> <span class='ocrx_word' id='word_1_227' title='bbox 2364 1677 2623 1746; x_wconf 84' lang='lat' dir='ltr'><strong>demergi,</strong></span> <span class='ocrx_word' id='word_1_228' title='bbox 2656 1678 2746 1731; x_wconf 89' lang='lat' dir='ltr'><strong>sed</strong></span> <span class='ocrx_word' id='word_1_229' title='bbox 2792 1678 3019 1748; x_wconf 88' lang='lat' dir='ltr'><strong>imperat</strong></span> <span class='ocrx_word' id='word_1_230' title='bbox 3052 1679 3181 1732; x_wconf 89' lang='lat' dir='ltr'><strong>mari</strong></span> <span class='ocrx_word' id='word_1_231' title='bbox 3209 1694 3275 1732; x_wconf 91' lang='lat' dir='ltr'><strong>ne</strong></span> <span class='ocrx_word' id='word_1_232' title='bbox 3316 1678 3600 1732; x_wconf 77' lang='lat' dir='ltr'><strong>absorbcat</strong></span> 
     </span>
    </p>
   </div>
   <div class='ocr_carea' id='block_1_32' title="bbox 2015 1769 3600 1838">
    <p class='ocr_par' dir='ltr' id='par_1_32' title="bbox 2015 1769 3600 1838">
     <span class='ocr_line' id='line_1_32' title="bbox 2015 1769 3600 1838; baseline 0 -18"><span class='ocrx_word' id='word_1_233' title='bbox 2015 1780 2148 1832; x_wconf 85' lang='lat' dir='ltr'><strong>eos,</strong></span> <span class='ocrx_word' id='word_1_234' title='bbox 2205 1778 2522 1836; x_wconf 79' lang='lat' dir='ltr'><strong>exspectans</strong></span> <span class='ocrx_word' id='word_1_235' title='bbox 2586 1769 2990 1823; x_wconf 77' lang='lat' dir='ltr'><strong>Conversionem</strong></span> <span class='ocrx_word' id='word_1_236' title='bbox 3058 1769 3275 1824; x_wconf 74' lang='lat' dir='ltr'><strong>malitia:</strong></span> <span class='ocrx_word' id='word_1_237' title='bbox 3322 1769 3600 1838; x_wconf 88' lang='lat' dir='ltr'><strong>ipsorum?</strong></span> 
     </span>
    </p>
   </div>
   <div class='ocr_carea' id='block_1_33' title="bbox 326 1853 3602 1929">
    <p class='ocr_par' dir='ltr' id='par_1_33' title="bbox 326 1853 3602 1929">
     <span class='ocr_line' id='line_1_33' title="bbox 326 1853 3602 1929; baseline -0.002 -13"><span class='ocrx_word' id='word_1_238' title='bbox 326 1874 454 1928; x_wconf 79' lang='lat' dir='ltr'><strong>oeps</strong></span> <span class='ocrx_word' id='word_1_239' title='bbox 497 1861 664 1925; x_wconf 90' lang='lat' dir='ltr'><strong>solus,</strong></span> <span class='ocrx_word' id='word_1_240' title='bbox 695 1858 880 1912; x_wconf 88' lang='lat' dir='ltr'><strong>dicens</strong></span> <span class='ocrx_word' id='word_1_241' title='bbox 909 1871 1117 1910; x_wconf 86' lang='lat' dir='ltr'><strong>versum</strong></span> <span class='ocrx_word' id='word_1_242' title='bbox 1153 1871 1168 1908; x_wconf 88' lang='lat'><strong>:</strong></span> <span class='ocrx_word' id='word_1_243' title='bbox 1199 1854 1412 1909; x_wconf 90' lang='lat' dir='ltr'><strong>Dimitte</strong></span> <span class='ocrx_word' id='word_1_244' title='bbox 1459 1853 1808 1919; x_wconf 87' lang='lat' dir='ltr'><strong>nobis,sicut</strong></span> <span class='ocrx_word' id='word_1_245' title='bbox 1856 1861 1910 1908; x_wconf 87' lang='lat' dir='ltr'><strong>et</strong></span> <span class='ocrx_word' id='word_1_246' title='bbox 1942 1861 1988 1919; x_wconf 84' lang='grc' dir='ltr'><strong>Β</strong></span> <span class='ocrx_word' id='word_1_247' title='bbox 2021 1855 2204 1924; x_wconf 89' lang='lat' dir='ltr'><strong>quanti</strong></span> <span class='ocrx_word' id='word_1_248' title='bbox 2255 1855 2497 1926; x_wconf 88' lang='lat' dir='ltr'><strong>pejerant</strong></span> <span class='ocrx_word' id='word_1_249' title='bbox 2561 1871 2756 1926; x_wconf 91' lang='lat' dir='ltr'><strong>corpus</strong></span> <span class='ocrx_word' id='word_1_250' title='bbox 2822 1855 2937 1929; x_wconf 79' lang='lat'><strong>(8&#39;5)</strong></span> <span class='ocrx_word' id='word_1_251' title='bbox 2987 1867 3042 1912; x_wconf 87' lang='lat' dir='ltr'><strong>et</strong></span> <span class='ocrx_word' id='word_1_252' title='bbox 3104 1857 3415 1928; x_wconf 86' lang='lat' dir='ltr'><strong>sanguinem</strong></span> <span class='ocrx_word' id='word_1_253' title='bbox 3484 1858 3602 1928; x_wconf 85' lang='lat' dir='ltr'><strong>ejus</strong></span> 
     </span>
    </p>
   </div>
   <div class='ocr_carea' id='block_1_34' title="bbox 327 1945 1907 2014">
    <p class='ocr_par' dir='ltr' id='par_1_34' title="bbox 327 1945 1907 2014">
     <span class='ocr_line' id='line_1_34' title="bbox 327 1945 1907 2014; baseline -0.006 -5"><span class='ocrx_word' id='word_1_254' title='bbox 327 1968 427 2008; x_wconf 89' lang='lat' dir='ltr'><strong>nos</strong></span> <span class='ocrx_word' id='word_1_255' title='bbox 454 1953 788 2007; x_wconf 86' lang='lat' dir='ltr'><strong>dimittimus.</strong></span> <span class='ocrx_word' id='word_1_256' title='bbox 821 1950 886 2004; x_wconf 85' lang='lat' dir='ltr'><strong>Et</strong></span> <span class='ocrx_word' id='word_1_257' title='bbox 911 1949 1092 2003; x_wconf 87' lang='lat' dir='ltr'><strong>statim</strong></span> <span class='ocrx_word' id='word_1_258' title='bbox 1121 1961 1412 2002; x_wconf 85' lang='lat' dir='ltr'><strong>conversus</strong></span> <span class='ocrx_word' id='word_1_259' title='bbox 1434 1955 1671 2014; x_wconf 89' lang='lat' dir='ltr'><strong>sanctus,</strong></span> <span class='ocrx_word' id='word_1_260' title='bbox 1705 1945 1836 2000; x_wconf 88' lang='lat' dir='ltr'><strong>dicit</strong></span> <span class='ocrx_word' id='word_1_261' title='bbox 1856 1945 1907 1999; x_wconf 89' lang='lat' dir='ltr'><strong>ei</strong></span> 
     </span>
    </p>
   </div>
   <div class='ocr_carea' id='block_1_35' title="bbox 328 2036 1907 2109">
    <p class='ocr_par' dir='ltr' id='par_1_35' title="bbox 328 2036 1907 2109">
     <span class='ocr_line' id='line_1_35' title="bbox 328 2036 1907 2109; baseline -0.004 -11"><span class='ocrx_word' id='word_1_262' title='bbox 328 2051 606 2098; x_wconf 79' lang='lat' dir='ltr'><strong>mansueta</strong></span> <span class='ocrx_word' id='word_1_263' title='bbox 630 2057 764 2096; x_wconf 86' lang='lat' dir='ltr'><strong>voce</strong></span> <span class='ocrx_word' id='word_1_264' title='bbox 787 2059 801 2095; x_wconf 90' lang='lat'>:</span> <span class='ocrx_word' id='word_1_265' title='bbox 829 2040 958 2094; x_wconf 81' lang='lat' dir='ltr'><strong>Vide</strong></span> <span class='ocrx_word' id='word_1_266' title='bbox 979 2039 1031 2093; x_wconf 90' lang='lat' dir='ltr'><strong>in</strong></span> <span class='ocrx_word' id='word_1_267' title='bbox 1053 2039 1194 2109; x_wconf 91' lang='lat' dir='ltr'><strong>qttali</strong></span> <span class='ocrx_word' id='word_1_268' title='bbox 1221 2039 1444 2094; x_wconf 73' lang='lat' dir='ltr'><strong>terribili</strong></span> <span class='ocrx_word' id='word_1_269' title='bbox 1471 2038 1598 2091; x_wconf 88' lang='lat' dir='ltr'><strong>hora</strong></span> <span class='ocrx_word' id='word_1_270' title='bbox 1653 2037 1779 2107; x_wconf 93' lang='lat' dir='ltr'><strong>quid</strong></span> <span class='ocrx_word' id='word_1_271' title='bbox 1828 2036 1907 2092; x_wconf 89' lang='lat' dir='ltr'><strong>di-</strong></span> 
     </span>
    </p>
   </div>
   <div class='ocr_carea' id='block_1_36' title="bbox 326 2127 1912 2200">
    <p class='ocr_par' dir='ltr' id='par_1_36' title="bbox 326 2127 1912 2200">
     <span class='ocr_line' id='line_1_36' title="bbox 326 2127 1912 2200; baseline -0.006 -10"><span class='ocrx_word' id='word_1_272' title='bbox 326 2148 419 2190; x_wconf 87' lang='lat' dir='ltr'><strong>cas</strong></span> <span class='ocrx_word' id='word_1_273' title='bbox 448 2134 598 2189; x_wconf 88' lang='lat' dir='ltr'><strong>Deo:</strong></span> <span class='ocrx_word' id='word_1_274' title='bbox 627 2133 885 2200; x_wconf 83' lang='lat' dir='ltr'><strong>Quoniam</strong></span> <span class='ocrx_word' id='word_1_275' title='bbox 937 2131 1073 2186; x_wconf 87' lang='lat' dir='ltr'><strong>sicut</strong></span> <span class='ocrx_word' id='word_1_276' title='bbox 1129 2145 1228 2198; x_wconf 88' lang='lat' dir='ltr'><strong>ego</strong></span> <span class='ocrx_word' id='word_1_277' title='bbox 1276 2129 1506 2194; x_wconf 90' lang='lat' dir='ltr'><strong>dimitto,</strong></span> <span class='ocrx_word' id='word_1_278' title='bbox 1540 2129 1612 2182; x_wconf 91' lang='lat' dir='ltr'><strong>ita</strong></span> <span class='ocrx_word' id='word_1_279' title='bbox 1643 2135 1698 2182; x_wconf 90' lang='lat' dir='ltr'><strong>et</strong></span> <span class='ocrx_word' id='word_1_280' title='bbox 1745 2136 1800 2182; x_wconf 93' lang='lat' dir='ltr'><strong>tu</strong></span> <span class='ocrx_word' id='word_1_281' title='bbox 1831 2127 1912 2182; x_wconf 88' lang='lat' dir='ltr'><strong>di-</strong></span> 
     </span>
    </p>
   </div>
   <div class='ocr_carea' id='block_1_37' title="bbox 327 2218 1910 2294">
    <p class='ocr_par' dir='ltr' id='par_1_37' title="bbox 327 2218 1910 2294">
     <span class='ocr_line' id='line_1_37' title="bbox 327 2218 1910 2294; baseline -0.004 -14"><span class='ocrx_word' id='word_1_282' title='bbox 327 2230 481 2280; x_wconf 85' lang='lat' dir='ltr'><strong>mitte</strong></span> <span class='ocrx_word' id='word_1_283' title='bbox 527 2225 676 2280; x_wconf 89' lang='lat' dir='ltr'><strong>mihi.</strong></span> <span class='ocrx_word' id='word_1_284' title='bbox 706 2224 980 2294; x_wconf 84' lang='lat' dir='ltr'><strong>Tanquam</strong></span> <span class='ocrx_word' id='word_1_285' title='bbox 1035 2223 1101 2278; x_wconf 93' lang='lat' dir='ltr'><strong>ab</strong></span> <span class='ocrx_word' id='word_1_286' title='bbox 1153 2223 1277 2291; x_wconf 88' lang='lat' dir='ltr'><strong>igne</strong></span> <span class='ocrx_word' id='word_1_287' title='bbox 1302 2221 1483 2276; x_wconf 90' lang='lat' dir='ltr'><strong>statim</strong></span> <span class='ocrx_word' id='word_1_288' title='bbox 1514 2221 1808 2276; x_wconf 91' lang='lat' dir='ltr'><strong>crueiatum</strong></span> <span class='ocrx_word' id='word_1_289' title='bbox 1831 2218 1910 2274; x_wconf 86' lang='lat' dir='ltr'><strong>fe-</strong></span> 
     </span>
    </p>
   </div>
   <div class='ocr_carea' id='block_1_38' title="bbox 327 2310 1911 2383">
    <p class='ocr_par' dir='ltr' id='par_1_38' title="bbox 327 2310 1911 2383">
     <span class='ocr_line' id='line_1_38' title="bbox 327 2310 1911 2383; baseline -0.003 -13"><span class='ocrx_word' id='word_1_290' title='bbox 327 2331 453 2370; x_wconf 85' lang='lat' dir='ltr'><strong>rens</strong></span> <span class='ocrx_word' id='word_1_291' title='bbox 482 2315 765 2383; x_wconf 68' lang='lat' dir='ltr'><strong>praadietus</strong></span> <span class='ocrx_word' id='word_1_292' title='bbox 813 2313 1080 2383; x_wconf 83' lang='lat' dir='ltr'><strong>princeps,</strong></span> <span class='ocrx_word' id='word_1_293' title='bbox 1103 2314 1292 2368; x_wconf 86' lang='lat' dir='ltr'><strong>cecidit</strong></span> <span class='ocrx_word' id='word_1_294' title='bbox 1314 2315 1368 2367; x_wconf 93' lang='lat' dir='ltr'><strong>in</strong></span> <span class='ocrx_word' id='word_1_295' title='bbox 1416 2313 1603 2368; x_wconf 80' lang='lat' dir='ltr'><strong>faciem</strong></span> <span class='ocrx_word' id='word_1_296' title='bbox 1633 2313 1699 2367; x_wconf 87' lang='lat' dir='ltr'><strong>ad</strong></span> <span class='ocrx_word' id='word_1_297' title='bbox 1748 2310 1911 2380; x_wconf 77' lang='lat' dir='ltr'><strong>pedes</strong></span> 
     </span>
    </p>
   </div>
   <div class='ocr_carea' id='block_1_39' title="bbox 327 2402 1910 2473">
    <p class='ocr_par' dir='ltr' id='par_1_39' title="bbox 327 2402 1910 2473">
     <span class='ocr_line' id='line_1_39' title="bbox 327 2402 1910 2473; baseline 0 -15"><span class='ocrx_word' id='word_1_298' title='bbox 327 2407 520 2472; x_wconf 85' lang='lat' dir='ltr'><strong>sancti,</strong></span> <span class='ocrx_word' id='word_1_299' title='bbox 566 2405 750 2459; x_wconf 88' lang='lat' dir='ltr'><strong>dicens</strong></span> <span class='ocrx_word' id='word_1_300' title='bbox 785 2403 1167 2471; x_wconf 70' lang='lat' dir='ltr'><strong>:Quaacunque</strong></span> <span class='ocrx_word' id='word_1_301' title='bbox 1196 2403 1443 2473; x_wconf 90' lang='lat' dir='ltr'><strong>jusseris,</strong></span> <span class='ocrx_word' id='word_1_302' title='bbox 1477 2403 1716 2467; x_wconf 86' lang='lat' dir='ltr'><strong>domine,</strong></span> <span class='ocrx_word' id='word_1_303' title='bbox 1749 2402 1910 2458; x_wconf 81' lang='lat' dir='ltr'><strong>faciet</strong></span> 
     </span>
    </p>
   </div>
   <div class='ocr_carea' id='block_1_40' title="bbox 328 2493 1904 2551">
    <p class='ocr_par' dir='ltr' id='par_1_40' title="bbox 328 2493 1904 2551">
     <span class='ocr_line' id='line_1_40' title="bbox 328 2493 1904 2551; baseline -0.001 -2"><span class='ocrx_word' id='word_1_304' title='bbox 328 2511 515 2550; x_wconf 83' lang='lat' dir='ltr'><strong>servus</strong></span> <span class='ocrx_word' id='word_1_305' title='bbox 546 2505 686 2549; x_wconf 89' lang='lat' dir='ltr'><strong>tuus.</strong></span> <span class='ocrx_word' id='word_1_306' title='bbox 718 2495 782 2548; x_wconf 86' lang='lat' dir='ltr'><strong>Et</strong></span> <span class='ocrx_word' id='word_1_307' title='bbox 811 2493 1184 2550; x_wconf 85' lang='lat' dir='ltr'><strong>reconciliatus</strong></span> <span class='ocrx_word' id='word_1_308' title='bbox 1204 2503 1287 2549; x_wconf 90' lang='lat' dir='ltr'><strong>est</strong></span> <span class='ocrx_word' id='word_1_309' title='bbox 1313 2493 1531 2551; x_wconf 85' lang='lat' dir='ltr'><strong>inimico</strong></span> <span class='ocrx_word' id='word_1_310' title='bbox 1561 2507 1659 2549; x_wconf 82' lang='lat' dir='ltr'><strong>suo</strong></span> <span class='ocrx_word' id='word_1_311' title='bbox 1683 2508 1748 2548; x_wconf 81' lang='lat' dir='ltr'><strong>ex</strong></span> <span class='ocrx_word' id='word_1_312' title='bbox 1779 2503 1904 2548; x_wconf 87' lang='lat' dir='ltr'><strong>tunc</strong></span> 
     </span>
    </p>
   </div>
   <div class='ocr_carea' id='block_1_41' title="bbox 328 2584 900 2640">
    <p class='ocr_par' dir='ltr' id='par_1_41' title="bbox 328 2584 900 2640">
     <span class='ocr_line' id='line_1_41' title="bbox 328 2584 900 2640; baseline 0 -1"><span class='ocrx_word' id='word_1_313' title='bbox 328 2601 452 2640; x_wconf 87' lang='lat' dir='ltr'><strong>cum</strong></span> <span class='ocrx_word' id='word_1_314' title='bbox 484 2586 630 2640; x_wconf 91' lang='lat' dir='ltr'><strong>omni</strong></span> <span class='ocrx_word' id='word_1_315' title='bbox 655 2584 900 2639; x_wconf 84' lang='lat' dir='ltr'><strong>veritate.</strong></span> 
     </span>
    </p>
   </div>
   <div class='ocr_carea' id='block_1_42' title="bbox 397 2695 1904 2768">
    <p class='ocr_par' dir='ltr' id='par_1_42' title="bbox 397 2695 1904 2768">
     <span class='ocr_line' id='line_1_42' title="bbox 397 2695 1904 2768; baseline 0.001 -18"><span class='ocrx_word' id='word_1_316' title='bbox 397 2695 525 2751; x_wconf 69' lang='lat' dir='ltr'><strong>Car.</strong></span> <span class='ocrx_word' id='word_1_317' title='bbox 543 2696 1155 2766; x_wconf 56' lang='lat' dir='ltr'><strong>XXXIX—Superbum</strong></span> <span class='ocrx_word' id='word_1_318' title='bbox 1186 2705 1358 2751; x_wconf 89' lang='lat' dir='ltr'><strong>autem</strong></span> <span class='ocrx_word' id='word_1_319' title='bbox 1384 2696 1424 2752; x_wconf 90' lang='lat' dir='ltr'><strong>si</strong></span> <span class='ocrx_word' id='word_1_320' title='bbox 1441 2697 1651 2751; x_wconf 82' lang='lat' dir='ltr'><strong>videbat</strong></span> <span class='ocrx_word' id='word_1_321' title='bbox 1673 2696 1904 2768; x_wconf 90' lang='lat' dir='ltr'><strong>aliquem</strong></span> 
     </span>
    </p>
   </div>
   <div class='ocr_carea' id='block_1_43' title="bbox 328 2788 1908 2861">
    <p class='ocr_par' dir='ltr' id='par_1_43' title="bbox 328 2788 1908 2861">
     <span class='ocr_line' id='line_1_43' title="bbox 328 2788 1908 2861; baseline 0.001 -17"><span class='ocrx_word' id='word_1_322' title='bbox 328 2790 541 2856; x_wconf 86' lang='lat' dir='ltr'><strong>beatus,</strong></span> <span class='ocrx_word' id='word_1_323' title='bbox 574 2791 714 2843; x_wconf 90' lang='lat' dir='ltr'><strong>hunc</strong></span> <span class='ocrx_word' id='word_1_324' title='bbox 738 2791 947 2860; x_wconf 84' lang='lat' dir='ltr'><strong>quidem</strong></span> <span class='ocrx_word' id='word_1_325' title='bbox 981 2806 1085 2845; x_wconf 91' lang='lat' dir='ltr'><strong>non</strong></span> <span class='ocrx_word' id='word_1_326' title='bbox 1114 2795 1367 2861; x_wconf 72' lang='lat' dir='ltr'><strong>arguebat</strong></span> <span class='ocrx_word' id='word_1_327' title='bbox 1399 2791 1450 2845; x_wconf 92' lang='lat' dir='ltr'><strong>in</strong></span> <span class='ocrx_word' id='word_1_328' title='bbox 1483 2788 1619 2845; x_wconf 88' lang='lat' dir='ltr'><strong>facie</strong></span> <span class='ocrx_word' id='word_1_329' title='bbox 1652 2808 1664 2843; x_wconf 89' lang='lat'><strong>:</strong></span> <span class='ocrx_word' id='word_1_330' title='bbox 1695 2791 1908 2861; x_wconf 86' lang='lat' dir='ltr'><strong>quando</strong></span> 
     </span>
    </p>
   </div>
   <div class='ocr_carea' id='block_1_44' title="bbox 327 2880 1909 2946">
    <p class='ocr_par' dir='ltr' id='par_1_44' title="bbox 327 2880 1909 2946">
     <span class='ocr_line' id='line_1_44' title="bbox 327 2880 1909 2946; baseline 0.001 -13"><span class='ocrx_word' id='word_1_331' title='bbox 327 2891 505 2933; x_wconf 73' lang='lat' dir='ltr'><strong>autem</strong></span> <span class='ocrx_word' id='word_1_332' title='bbox 532 2894 652 2933; x_wconf 92' lang='lat' dir='ltr'><strong>eum</strong></span> <span class='ocrx_word' id='word_1_333' title='bbox 678 2881 727 2932; x_wconf 92' lang='lat' dir='ltr'><strong>in</strong></span> <span class='ocrx_word' id='word_1_334' title='bbox 760 2888 965 2934; x_wconf 85' lang='lat' dir='ltr'><strong>secreto</strong></span> <span class='ocrx_word' id='word_1_335' title='bbox 997 2895 1094 2935; x_wconf 91' lang='lat' dir='ltr'><strong>suo</strong></span> <span class='ocrx_word' id='word_1_336' title='bbox 1127 2881 1404 2935; x_wconf 86' lang='lat' dir='ltr'><strong>sedentem</strong></span> <span class='ocrx_word' id='word_1_337' title='bbox 1445 2881 1678 2946; x_wconf 80' lang='lat' dir='ltr'><strong>videbat,</strong></span> <span class='ocrx_word' id='word_1_338' title='bbox 1712 2880 1909 2936; x_wconf 77' lang='lat' dir='ltr'><strong>affere-</strong></span> 
     </span>
    </p>
   </div>
   <div class='ocr_carea' id='block_1_45' title="bbox 322 2969 1907 3046">
    <p class='ocr_par' dir='ltr' id='par_1_45' title="bbox 322 2969 1907 3046">
     <span class='ocr_line' id='line_1_45' title="bbox 322 2969 1907 3046; baseline 0.002 -23"><span class='ocrx_word' id='word_1_339' title='bbox 322 2969 422 3023; x_wconf 89' lang='lat' dir='ltr'><strong>bat</strong></span> <span class='ocrx_word' id='word_1_340' title='bbox 450 2970 516 3025; x_wconf 88' lang='lat' dir='ltr'><strong>de</strong></span> <span class='ocrx_word' id='word_1_341' title='bbox 539 2969 838 3024; x_wconf 87' lang='lat' dir='ltr'><strong>humilitate</strong></span> <span class='ocrx_word' id='word_1_342' title='bbox 866 2986 1164 3036; x_wconf 85' lang='lat' dir='ltr'><strong>sermones,</strong></span> <span class='ocrx_word' id='word_1_343' title='bbox 1189 2980 1247 3024; x_wconf 91' lang='lat' dir='ltr'><strong>ut</strong></span> <span class='ocrx_word' id='word_1_344' title='bbox 1271 2987 1361 3041; x_wconf 89' lang='lat' dir='ltr'><strong>per</strong></span> <span class='ocrx_word' id='word_1_345' title='bbox 1407 2973 1509 3026; x_wconf 89' lang='lat' dir='ltr'><strong>tale</strong></span> <span class='ocrx_word' id='word_1_346' title='bbox 1537 2972 1907 3046; x_wconf 74' lang='lat' dir='ltr'><strong>magisterium</strong></span> 
     </span>
    </p>
   </div>
   <div class='ocr_carea' id='block_1_46' title="bbox 322 3060 1907 3132">
    <p class='ocr_par' dir='ltr' id='par_1_46' title="bbox 322 3060 1907 3132">
     <span class='ocr_line' id='line_1_46' title="bbox 322 3060 1907 3132; baseline 0.003 -18"><span class='ocrx_word' id='word_1_347' title='bbox 322 3060 534 3114; x_wconf 89' lang='lat' dir='ltr'><strong>sensim</strong></span> <span class='ocrx_word' id='word_1_348' title='bbox 592 3069 900 3129; x_wconf 81' lang='lat' dir='ltr'><strong>percuteret</strong></span> <span class='ocrx_word' id='word_1_349' title='bbox 928 3062 1242 3130; x_wconf 85' lang='lat' dir='ltr'><strong>superbum,</strong></span> <span class='ocrx_word' id='word_1_350' title='bbox 1270 3072 1320 3116; x_wconf 92' lang='lat' dir='ltr'><strong>et</strong></span> <span class='ocrx_word' id='word_1_351' title='bbox 1351 3061 1649 3117; x_wconf 82' lang='lat' dir='ltr'><strong>modestum</strong></span> <span class='ocrx_word' id='word_1_352' title='bbox 1689 3063 1907 3132; x_wconf 89' lang='lat' dir='ltr'><strong>faceret,</strong></span> 
     </span>
    </p>
   </div>
   <div class='ocr_carea' id='block_1_47' title="bbox 323 3151 1910 3221">
    <p class='ocr_par' dir='ltr' id='par_1_47' title="bbox 323 3151 1910 3221">
     <span class='ocr_line' id='line_1_47' title="bbox 323 3151 1910 3221; baseline 0.003 -16"><span class='ocrx_word' id='word_1_353' title='bbox 323 3153 516 3206; x_wconf 89' lang='lat' dir='ltr'><strong>dicens</strong></span> <span class='ocrx_word' id='word_1_354' title='bbox 545 3151 615 3205; x_wconf 92' lang='lat' dir='ltr'><strong>ita</strong></span> <span class='ocrx_word' id='word_1_355' title='bbox 642 3169 658 3207; x_wconf 87' lang='lat'><strong>:</strong></span> <span class='ocrx_word' id='word_1_356' title='bbox 689 3152 868 3218; x_wconf 89' lang='lat' dir='ltr'><strong>Miror,</strong></span> <span class='ocrx_word' id='word_1_357' title='bbox 902 3153 1249 3220; x_wconf 86' lang='lat' dir='ltr'><strong>dumiuimei,</strong></span> <span class='ocrx_word' id='word_1_358' title='bbox 1280 3153 1548 3221; x_wconf 91' lang='lat' dir='ltr'><strong>quomodo</strong></span> <span class='ocrx_word' id='word_1_359' title='bbox 1579 3169 1684 3209; x_wconf 91' lang='lat' dir='ltr'><strong>non</strong></span> <span class='ocrx_word' id='word_1_360' title='bbox 1733 3169 1910 3210; x_wconf 91' lang='lat' dir='ltr'><strong>recor-</strong></span> 
     </span>
    </p>
   </div>
   <div class='ocr_carea' id='block_1_48' title="bbox 2017 1950 3598 2020">
    <p class='ocr_par' dir='ltr' id='par_1_48' title="bbox 2017 1950 3598 2020">
     <span class='ocr_line' id='line_1_48' title="bbox 2017 1950 3598 2020; baseline 0 -19"><span class='ocrx_word' id='word_1_361' title='bbox 2017 1955 2456 2014; x_wconf 84' lang='lat' dir='ltr'><strong>sacrosanctum,</strong></span> <span class='ocrx_word' id='word_1_362' title='bbox 2505 1958 2561 2004; x_wconf 91' lang='lat' dir='ltr'><strong>et</strong></span> <span class='ocrx_word' id='word_1_363' title='bbox 2634 1950 2830 2018; x_wconf 88' lang='lat' dir='ltr'><strong>patitur</strong></span> <span class='ocrx_word' id='word_1_364' title='bbox 2890 1960 2943 2004; x_wconf 90' lang='lat' dir='ltr'><strong>et</strong></span> <span class='ocrx_word' id='word_1_365' title='bbox 3008 1951 3384 2020; x_wconf 82' lang='lat' dir='ltr'><strong>longanimiter</strong></span> <span class='ocrx_word' id='word_1_366' title='bbox 3449 1950 3598 2020; x_wconf 86' lang='lat' dir='ltr'><strong>ag&#39;t,</strong></span> 
     </span>
    </p>
   </div>
   <div class='ocr_carea' id='block_1_49' title="bbox 2016 2039 3598 2112">
    <p class='ocr_par' dir='ltr' id='par_1_49' title="bbox 2016 2039 3598 2112">
     <span class='ocr_line' id='line_1_49' title="bbox 2016 2039 3598 2112; baseline 0.002 -20"><span class='ocrx_word' id='word_1_367' title='bbox 2016 2053 2119 2092; x_wconf 94' lang='lat' dir='ltr'><strong>non</strong></span> <span class='ocrx_word' id='word_1_368' title='bbox 2175 2039 2402 2094; x_wconf 84' lang='lat' dir='ltr'><strong>reddens</strong></span> <span class='ocrx_word' id='word_1_369' title='bbox 2456 2042 2534 2095; x_wconf 90' lang='lat' dir='ltr'><strong>eis</strong></span> <span class='ocrx_word' id='word_1_370' title='bbox 2564 2039 2653 2094; x_wconf 92' lang='lat' dir='ltr'><strong>hic</strong></span> <span class='ocrx_word' id='word_1_371' title='bbox 2695 2039 2892 2110; x_wconf 86' lang='lat' dir='ltr'><strong>aliquid</strong></span> <span class='ocrx_word' id='word_1_372' title='bbox 2936 2040 3189 2100; x_wconf 65' lang='lat' dir='ltr'><strong>difficile?</strong></span> <span class='ocrx_word' id='word_1_373' title='bbox 3251 2049 3478 2112; x_wconf 90' lang='lat' dir='ltr'><strong>quantos</strong></span> <span class='ocrx_word' id='word_1_374' title='bbox 3547 2043 3598 2095; x_wconf 91' lang='lat' dir='ltr'><strong>in</strong></span> 
     </span>
    </p>
   </div>
   <div class='ocr_carea' id='block_1_50' title="bbox 2014 2128 3598 2195">
    <p class='ocr_par' dir='ltr' id='par_1_50' title="bbox 2014 2128 3598 2195">
     <span class='ocr_line' id='line_1_50' title="bbox 2014 2128 3598 2195; baseline 0.006 -13"><span class='ocrx_word' id='word_1_375' title='bbox 2014 2128 2206 2184; x_wconf 89' lang='lat' dir='ltr'><strong>itinere</strong></span> <span class='ocrx_word' id='word_1_376' title='bbox 2253 2131 2653 2195; x_wconf 67' lang='lat' dir='ltr'><strong>latrocinantes,</strong></span> <span class='ocrx_word' id='word_1_377' title='bbox 2682 2145 2787 2184; x_wconf 89' lang='lat' dir='ltr'><strong>non</strong></span> <span class='ocrx_word' id='word_1_378' title='bbox 2819 2131 2980 2185; x_wconf 90' lang='lat' dir='ltr'><strong>tradit</strong></span> <span class='ocrx_word' id='word_1_379' title='bbox 3035 2133 3086 2186; x_wconf 85' lang='lat' dir='ltr'><strong>in</strong></span> <span class='ocrx_word' id='word_1_380' title='bbox 3143 2133 3318 2186; x_wconf 87' lang='lat' dir='ltr'><strong>cibum</strong></span> <span class='ocrx_word' id='word_1_381' title='bbox 3377 2131 3598 2191; x_wconf 74' lang='lat' dir='ltr'><strong>obviae.-</strong></span> 
     </span>
    </p>
   </div>
   <div class='ocr_carea' id='block_1_51' title="bbox 2014 2220 3596 2291">
    <p class='ocr_par' dir='ltr' id='par_1_51' title="bbox 2014 2220 3596 2291">
     <span class='ocr_line' id='line_1_51' title="bbox 2014 2220 3596 2291; baseline 0.001 -17"><span class='ocrx_word' id='word_1_382' title='bbox 2014 2221 2159 2275; x_wconf 91' lang='lat' dir='ltr'><strong>tihus</strong></span> <span class='ocrx_word' id='word_1_383' title='bbox 2229 2221 2330 2276; x_wconf 88' lang='lat' dir='ltr'><strong>sibi</strong></span> <span class='ocrx_word' id='word_1_384' title='bbox 2388 2220 2612 2275; x_wconf 80' lang='lat' dir='ltr'><strong>beStiis?</strong></span> <span class='ocrx_word' id='word_1_385' title='bbox 2677 2235 2906 2291; x_wconf 90' lang='lat' dir='ltr'><strong>quantos</strong></span> <span class='ocrx_word' id='word_1_386' title='bbox 2981 2232 3171 2279; x_wconf 91' lang='lat' dir='ltr'><strong>euntes</strong></span> <span class='ocrx_word' id='word_1_387' title='bbox 3243 2222 3298 2277; x_wconf 86' lang='lat' dir='ltr'><strong>in</strong></span> <span class='ocrx_word' id='word_1_388' title='bbox 3363 2237 3596 2278; x_wconf 87' lang='lat' dir='ltr'><strong>concava</strong></span> 
     </span>
    </p>
   </div>
   <div class='ocr_carea' id='block_1_52' title="bbox 2016 2314 3591 2386">
    <p class='ocr_par' dir='ltr' id='par_1_52' title="bbox 2016 2314 3591 2386">
     <span class='ocr_line' id='line_1_52' title="bbox 2016 2314 3591 2386; baseline -0.001 -17"><span class='ocrx_word' id='word_1_389' title='bbox 2016 2325 2301 2380; x_wconf 89' lang='lat' dir='ltr'><strong>terrarum,</strong></span> <span class='ocrx_word' id='word_1_390' title='bbox 2326 2323 2379 2368; x_wconf 92' lang='lat' dir='ltr'><strong>et</strong></span> <span class='ocrx_word' id='word_1_391' title='bbox 2401 2315 2651 2368; x_wconf 89' lang='lat' dir='ltr'><strong>itinerum</strong></span> <span class='ocrx_word' id='word_1_392' title='bbox 2676 2314 2971 2370; x_wconf 85' lang='lat' dir='ltr'><strong>seditiones</strong></span> <span class='ocrx_word' id='word_1_393' title='bbox 2994 2321 3310 2385; x_wconf 87' lang='lat' dir='ltr'><strong>operantes,</strong></span> <span class='ocrx_word' id='word_1_394' title='bbox 3341 2315 3591 2386; x_wconf 82' lang='lat' dir='ltr'><strong>protegit,</strong></span> 
     </span>
    </p>
   </div>
   <div class='ocr_carea' id='block_1_53' title="bbox 2014 2405 3592 2472">
    <p class='ocr_par' dir='ltr' id='par_1_53' title="bbox 2014 2405 3592 2472">
     <span class='ocr_line' id='line_1_53' title="bbox 2014 2405 3592 2472; baseline -0.001 -12"><span class='ocrx_word' id='word_1_395' title='bbox 2014 2415 2072 2460; x_wconf 89' lang='lat' dir='ltr'><strong>ut</strong></span> <span class='ocrx_word' id='word_1_396' title='bbox 2103 2419 2208 2459; x_wconf 88' lang='lat' dir='ltr'><strong>non</strong></span> <span class='ocrx_word' id='word_1_397' title='bbox 2247 2413 2636 2461; x_wconf 87' lang='lat' dir='ltr'><strong>consumantur</strong></span> <span class='ocrx_word' id='word_1_398' title='bbox 2681 2421 2713 2460; x_wconf 91' lang='lat' dir='ltr'><strong>a</strong></span> <span class='ocrx_word' id='word_1_399' title='bbox 2755 2405 3177 2462; x_wconf 88' lang='lat' dir='ltr'><strong>custodientibus</strong></span> <span class='ocrx_word' id='word_1_400' title='bbox 3234 2406 3477 2472; x_wconf 90' lang='lat' dir='ltr'><strong>canibus,</strong></span> <span class='ocrx_word' id='word_1_401' title='bbox 3508 2405 3592 2461; x_wconf 84' lang='lat' dir='ltr'><strong>vel</strong></span> 
     </span>
    </p>
   </div>
   <div class='ocr_carea' id='block_1_54' title="bbox 2013 2495 3592 2552">
    <p class='ocr_par' dir='ltr' id='par_1_54' title="bbox 2013 2495 3592 2552">
     <span class='ocr_line' id='line_1_54' title="bbox 2013 2495 3592 2552; baseline 0 -2"><span class='ocrx_word' id='word_1_402' title='bbox 2013 2500 2173 2550; x_wconf 84' lang='lat' dir='ltr'><strong>etiam</strong></span> <span class='ocrx_word' id='word_1_403' title='bbox 2198 2495 2542 2551; x_wconf 77' lang='lat' dir='ltr'><strong>hominibus?</strong></span> <span class='ocrx_word' id='word_1_404' title='bbox 2565 2496 2631 2550; x_wconf 89' lang='lat' dir='ltr'><strong>Et</strong></span> <span class='ocrx_word' id='word_1_405' title='bbox 2655 2511 2741 2552; x_wconf 89' lang='lat' dir='ltr'><strong>me</strong></span> <span class='ocrx_word' id='word_1_406' title='bbox 2756 2497 3022 2552; x_wconf 86' lang='lat' dir='ltr'><strong>interdum</strong></span> <span class='ocrx_word' id='word_1_407' title='bbox 3055 2508 3145 2551; x_wconf 90' lang='lat' dir='ltr'><strong>aut</strong></span> <span class='ocrx_word' id='word_1_408' title='bbox 3166 2511 3287 2552; x_wconf 89' lang='lat' dir='ltr'><strong>cum</strong></span> <span class='ocrx_word' id='word_1_409' title='bbox 3311 2498 3592 2552; x_wconf 85' lang='lat' dir='ltr'><strong>meretrice</strong></span> 
     </span>
    </p>
   </div>
   <div class='ocr_carea' id='block_1_55' title="bbox 2014 2587 3596 2668">
    <p class='ocr_par' dir='ltr' id='par_1_55' title="bbox 2014 2587 3596 2668">
     <span class='ocr_line' id='line_1_55' title="bbox 2014 2587 3596 2668; baseline 0.003 -26"><span class='ocrx_word' id='word_1_410' title='bbox 2014 2587 2375 2657; x_wconf 86' lang='lat' dir='ltr'><strong>recumbente,</strong></span> <span class='ocrx_word' id='word_1_411' title='bbox 2399 2599 2488 2643; x_wconf 88' lang='lat' dir='ltr'><strong>aut</strong></span> <span class='ocrx_word' id='word_1_412' title='bbox 2515 2603 2635 2643; x_wconf 89' lang='lat' dir='ltr'><strong>cum</strong></span> <span class='ocrx_word' id='word_1_413' title='bbox 2692 2588 2774 2644; x_wconf 90' lang='lat' dir='ltr'><strong>his</strong></span> <span class='ocrx_word' id='word_1_414' title='bbox 2804 2590 2895 2660; x_wconf 91' lang='lat' dir='ltr'><strong>qui</strong></span> <span class='ocrx_word' id='word_1_415' title='bbox 2937 2605 2996 2645; x_wconf 92' lang='lat' dir='ltr'><strong>se</strong></span> <span class='ocrx_word' id='word_1_416' title='bbox 3027 2591 3329 2660; x_wconf 73' lang='lat' dir='ltr'><strong>inebriant,</strong></span> <span class='ocrx_word' id='word_1_417' title='bbox 3354 2601 3444 2668; x_wconf 81' lang='lat' dir='ltr'><strong>aut</strong></span> <span class='ocrx_word' id='word_1_418' title='bbox 3474 2606 3596 2646; x_wconf 89' lang='lat' dir='ltr'><strong>cum</strong></span> 
     </span>
    </p>
   </div>
   <div class='ocr_carea' id='block_1_56' title="bbox 2014 2681 3596 2754">
    <p class='ocr_par' dir='ltr' id='par_1_56' title="bbox 2014 2681 3596 2754">
     <span class='ocr_line' id='line_1_56' title="bbox 2014 2681 3596 2754; baseline 0.001 -18"><span class='ocrx_word' id='word_1_419' title='bbox 2014 2683 2188 2750; x_wconf 88' lang='lat' dir='ltr'><strong>turpia</strong></span> <span class='ocrx_word' id='word_1_420' title='bbox 2231 2681 2569 2751; x_wconf 87' lang='lat' dir='ltr'><strong>loquentibus</strong></span> <span class='ocrx_word' id='word_1_421' title='bbox 2590 2692 2969 2748; x_wconf 88' lang='lat' dir='ltr'><strong>conversante,</strong></span> <span class='ocrx_word' id='word_1_422' title='bbox 2997 2693 3090 2738; x_wconf 84' lang='lat' dir='ltr'><strong>aut</strong></span> <span class='ocrx_word' id='word_1_423' title='bbox 3129 2693 3325 2740; x_wconf 66' lang='lat' dir='ltr'><strong>caetero</strong></span> <span class='ocrx_word' id='word_1_424' title='bbox 3355 2684 3596 2754; x_wconf 79' lang='lat' dir='ltr'><strong>quolibet</strong></span> 
     </span>
    </p>
   </div>
   <div class='ocr_carea' id='block_1_57' title="bbox 2013 2773 3584 2846">
    <p class='ocr_par' dir='ltr' id='par_1_57' title="bbox 2013 2773 3584 2846">
     <span class='ocr_line' id='line_1_57' title="bbox 2013 2773 3584 2846; baseline 0.003 -18"><span class='ocrx_word' id='word_1_425' title='bbox 2013 2775 2192 2829; x_wconf 65' lang='lat' dir='ltr'><strong>saaculi</strong></span> <span class='ocrx_word' id='word_1_426' title='bbox 2221 2773 2376 2843; x_wconf 88' lang='lat' dir='ltr'><strong>hujus</strong></span> <span class='ocrx_word' id='word_1_427' title='bbox 2406 2774 2676 2845; x_wconf 89' lang='lat' dir='ltr'><strong>implicato</strong></span> <span class='ocrx_word' id='word_1_428' title='bbox 2703 2785 2941 2846; x_wconf 89' lang='lat' dir='ltr'><strong>peccato,</strong></span> <span class='ocrx_word' id='word_1_429' title='bbox 2972 2779 3088 2846; x_wconf 87' lang='lat' dir='ltr'><strong>apis</strong></span> <span class='ocrx_word' id='word_1_430' title='bbox 3115 2778 3330 2846; x_wconf 86' lang='lat' dir='ltr'><strong>quidem</strong></span> <span class='ocrx_word' id='word_1_431' title='bbox 3353 2779 3584 2833; x_wconf 83' lang='lat' dir='ltr'><strong>circum-</strong></span> 
     </span>
    </p>
   </div>
   <div class='ocr_carea' id='block_1_58' title="bbox 2014 2867 3588 2940">
    <p class='ocr_par' dir='ltr' id='par_1_58' title="bbox 2014 2867 3588 2940">
     <span class='ocr_line' id='line_1_58' title="bbox 2014 2867 3588 2940; baseline 0.003 -20"><span class='ocrx_word' id='word_1_432' title='bbox 2014 2867 2204 2933; x_wconf 83' lang='lat' dir='ltr'><strong>fertur,</strong></span> <span class='ocrx_word' id='word_1_433' title='bbox 2234 2875 2288 2921; x_wconf 90' lang='lat' dir='ltr'><strong>et</strong></span> <span class='ocrx_word' id='word_1_434' title='bbox 2318 2868 2483 2921; x_wconf 85' lang='lat' dir='ltr'><strong>valles</strong></span> <span class='ocrx_word' id='word_1_435' title='bbox 2510 2877 2562 2921; x_wconf 92' lang='lat' dir='ltr'><strong>et</strong></span> <span class='ocrx_word' id='word_1_436' title='bbox 2593 2868 2772 2923; x_wconf 78' lang='lat' dir='ltr'><strong>alveos</strong></span> <span class='ocrx_word' id='word_1_437' title='bbox 2801 2869 3010 2934; x_wconf 88' lang='lat' dir='ltr'><strong>circuit,</strong></span> <span class='ocrx_word' id='word_1_438' title='bbox 3043 2884 3288 2940; x_wconf 71' lang='lat' dir='ltr'><strong>quaerens</strong></span> <span class='ocrx_word' id='word_1_439' title='bbox 3330 2871 3588 2938; x_wconf 76' lang='lat' dir='ltr'><strong>Colligere</strong></span> 
     </span>
    </p>
   </div>
   <div class='ocr_carea' id='block_1_59' title="bbox 2015 2957 3596 3033">
    <p class='ocr_par' dir='ltr' id='par_1_59' title="bbox 2015 2957 3596 3033">
     <span class='ocr_line' id='line_1_59' title="bbox 2015 2957 3596 3033; baseline 0.003 -20"><span class='ocrx_word' id='word_1_440' title='bbox 2015 2959 2267 3025; x_wconf 72' lang='lat' dir='ltr'><strong>fructum,</strong></span> <span class='ocrx_word' id='word_1_441' title='bbox 2293 2970 2347 3013; x_wconf 92' lang='lat' dir='ltr'><strong>ut</strong></span> <span class='ocrx_word' id='word_1_442' title='bbox 2375 2961 2534 3014; x_wconf 88' lang='lat' dir='ltr'><strong>dulce</strong></span> <span class='ocrx_word' id='word_1_443' title='bbox 2585 2957 2758 3014; x_wconf 86' lang='lat' dir='ltr'><strong>faciat.</strong></span> <span class='ocrx_word' id='word_1_444' title='bbox 2793 2961 2922 3014; x_wconf 90' lang='lat' dir='ltr'><strong>mihi</strong></span> <span class='ocrx_word' id='word_1_445' title='bbox 2972 2970 3174 3031; x_wconf 86' lang='lat' dir='ltr'><strong>guttur,</strong></span> <span class='ocrx_word' id='word_1_446' title='bbox 3204 2967 3345 3033; x_wconf 88' lang='lat' dir='ltr'><strong>quod</strong></span> <span class='ocrx_word' id='word_1_447' title='bbox 3375 2962 3514 3020; x_wconf 69' lang='lat' dir='ltr'><strong>[teda</strong></span> <span class='ocrx_word' id='word_1_448' title='bbox 3540 2970 3596 3018; x_wconf 76' lang='lat' dir='ltr'><strong>et</strong></span> 
     </span>
    </p>
   </div>
   <div class='ocr_carea' id='block_1_60' title="bbox 2014 3051 3596 3126">
    <p class='ocr_par' dir='ltr' id='par_1_60' title="bbox 2014 3051 3596 3126">
     <span class='ocr_line' id='line_1_60' title="bbox 2014 3051 3596 3126; baseline 0.005 -21"><span class='ocrx_word' id='word_1_449' title='bbox 2014 3051 2195 3120; x_wconf 91' lang='lat' dir='ltr'><strong>iniqua</strong></span> <span class='ocrx_word' id='word_1_450' title='bbox 2245 3053 2586 3118; x_wconf 87' lang='lat' dir='ltr'><strong>pronuntiat;</strong></span> <span class='ocrx_word' id='word_1_451' title='bbox 2619 3067 2722 3108; x_wconf 85' lang='lat' dir='ltr'><strong>uva</strong></span> <span class='ocrx_word' id='word_1_452' title='bbox 2765 3063 2944 3109; x_wconf 89' lang='lat' dir='ltr'><strong>autem</strong></span> <span class='ocrx_word' id='word_1_453' title='bbox 2978 3054 3195 3110; x_wconf 80' lang='lat' dir='ltr'><strong>festinat</strong></span> <span class='ocrx_word' id='word_1_454' title='bbox 3221 3071 3316 3126; x_wconf 90' lang='lat' dir='ltr'><strong>per</strong></span> <span class='ocrx_word' id='word_1_455' title='bbox 3359 3057 3596 3113; x_wconf 87' lang='lat' dir='ltr'><strong>calorem</strong></span> 
     </span>
    </p>
   </div>
   <div class='ocr_carea' id='block_1_61' title="bbox 2018 3141 3596 3220">
    <p class='ocr_par' dir='ltr' id='par_1_61' title="bbox 2018 3141 3596 3220">
     <span class='ocr_line' id='line_1_61' title="bbox 2018 3141 3596 3220; baseline 0.007 -25"><span class='ocrx_word' id='word_1_456' title='bbox 2018 3141 2293 3210; x_wconf 80' lang='lat' dir='ltr'><strong>maturari,</strong></span> <span class='ocrx_word' id='word_1_457' title='bbox 2324 3151 2382 3198; x_wconf 90' lang='lat' dir='ltr'><strong>ut</strong></span> <span class='ocrx_word' id='word_1_458' title='bbox 2427 3143 2632 3213; x_wconf 87' lang='lat' dir='ltr'><strong>repleat</strong></span> <span class='ocrx_word' id='word_1_459' title='bbox 2657 3159 2719 3200; x_wconf 92' lang='lat' dir='ltr'><strong>os</strong></span> <span class='ocrx_word' id='word_1_460' title='bbox 2749 3153 2803 3200; x_wconf 90' lang='lat' dir='ltr'><strong>et</strong></span> <span class='ocrx_word' id='word_1_461' title='bbox 2845 3146 3080 3201; x_wconf 75' lang='lat' dir='ltr'><strong>lmtilicet</strong></span> <span class='ocrx_word' id='word_1_462' title='bbox 3107 3163 3220 3214; x_wconf 93' lang='lat' dir='ltr'><strong>eor,</strong></span> <span class='ocrx_word' id='word_1_463' title='bbox 3251 3149 3394 3220; x_wconf 90' lang='lat' dir='ltr'><strong>quod</strong></span> <span class='ocrx_word' id='word_1_464' title='bbox 3430 3149 3596 3206; x_wconf 86' lang='lat' dir='ltr'><strong>faeto-</strong></span> 
     </span>
    </p>
   </div>
   <div class='ocr_carea' id='block_1_62' title="bbox 325 3225 1914 3317">
    <p class='ocr_par' dir='ltr' id='par_1_62' title="bbox 325 3245 1913 3317">
     <span class='ocr_line' id='line_1_62' title="bbox 325 3245 1913 3317; baseline 0.003 -19"><span class='ocrx_word' id='word_1_465' title='bbox 325 3245 485 3299; x_wconf 86' lang='lat' dir='ltr'><strong>datur</strong></span> <span class='ocrx_word' id='word_1_466' title='bbox 515 3246 708 3300; x_wconf 88' lang='lat' dir='ltr'><strong>misera</strong></span> <span class='ocrx_word' id='word_1_467' title='bbox 737 3246 910 3300; x_wconf 90' lang='lat' dir='ltr'><strong>anima</strong></span> <span class='ocrx_word' id='word_1_468' title='bbox 934 3261 1052 3300; x_wconf 92' lang='lat' dir='ltr'><strong>mea</strong></span> <span class='ocrx_word' id='word_1_469' title='bbox 1077 3246 1389 3301; x_wconf 89' lang='lat' dir='ltr'><strong>humilitatis</strong></span> <span class='ocrx_word' id='word_1_470' title='bbox 1417 3262 1535 3317; x_wconf 64' lang='lat' dir='ltr'><strong>quae</strong></span> <span class='ocrx_word' id='word_1_471' title='bbox 1567 3247 1913 3302; x_wconf 89' lang='lat' dir='ltr'><strong>demonstra-</strong></span> 
     </span>
    </p>
   </div>
   <div class='ocr_carea' id='block_1_63' title="bbox 2020 3225 3597 3317">
    <p class='ocr_par' dir='ltr' id='par_1_63' title="bbox 2020 3235 3597 3305">
     <span class='ocr_line' id='line_1_63' title="bbox 2020 3235 3597 3305; baseline 0.004 -14"><span class='ocrx_word' id='word_1_472' title='bbox 2020 3250 2135 3291; x_wconf 91' lang='lat' dir='ltr'><strong>rem</strong></span> <span class='ocrx_word' id='word_1_473' title='bbox 2199 3250 2354 3290; x_wconf 87' lang='lat' dir='ltr'><strong>suum</strong></span> <span class='ocrx_word' id='word_1_474' title='bbox 2405 3235 2818 3305; x_wconf 74' lang='lat' dir='ltr'><strong>prtevaricatum</strong></span> <span class='ocrx_word' id='word_1_475' title='bbox 2863 3248 2962 3292; x_wconf 90' lang='lat' dir='ltr'><strong>est.</strong></span> <span class='ocrx_word' id='word_1_476' title='bbox 3015 3237 3204 3294; x_wconf 85' lang='lat' dir='ltr'><strong>Flores</strong></span> <span class='ocrx_word' id='word_1_477' title='bbox 3256 3240 3484 3296; x_wconf 73' lang='lat' dir='ltr'><strong>invicem</strong></span> <span class='ocrx_word' id='word_1_478' title='bbox 3539 3258 3597 3298; x_wconf 89' lang='lat' dir='ltr'><strong>se</strong></span> 
     </span>
    </p>
   </div>
   <div class='ocr_carea' id='block_1_64' title="bbox 325 3336 1916 3408">
    <p class='ocr_par' dir='ltr' id='par_1_64' title="bbox 325 3336 1916 3408">
     <span class='ocr_line' id='line_1_64' title="bbox 325 3336 1916 3408; baseline 0.002 -20"><span class='ocrx_word' id='word_1_479' title='bbox 325 3336 408 3391; x_wconf 59' lang='lat' dir='ltr'><strong>sit</strong></span> <span class='ocrx_word' id='word_1_480' title='bbox 435 3337 588 3393; x_wconf 90' lang='lat' dir='ltr'><strong>nobis</strong></span> <span class='ocrx_word' id='word_1_481' title='bbox 617 3353 781 3407; x_wconf 88' lang='lat' dir='ltr'><strong>super</strong></span> <span class='ocrx_word' id='word_1_482' title='bbox 803 3346 1000 3392; x_wconf 85' lang='lat' dir='ltr'><strong>terram</strong></span> <span class='ocrx_word' id='word_1_483' title='bbox 1035 3353 1294 3408; x_wconf 84' lang='lat' dir='ltr'><strong>apparere</strong></span> <span class='ocrx_word' id='word_1_484' title='bbox 1342 3338 1537 3393; x_wconf 87' lang='lat' dir='ltr'><strong>Filium</strong></span> <span class='ocrx_word' id='word_1_485' title='bbox 1563 3338 1680 3404; x_wconf 86' lang='lat' dir='ltr'><strong>Dei,</strong></span> <span class='ocrx_word' id='word_1_486' title='bbox 1706 3339 1798 3394; x_wconf 88' lang='lat' dir='ltr'><strong>sed</strong></span> <span class='ocrx_word' id='word_1_487' title='bbox 1833 3337 1916 3392; x_wconf 91' lang='lat' dir='ltr'><strong>in-</strong></span> 
     </span>
    </p>
   </div>
   <div class='ocr_carea' id='block_1_65' title="bbox 325 3428 1917 3499">
    <p class='ocr_par' dir='ltr' id='par_1_65' title="bbox 325 3428 1917 3499">
     <span class='ocr_line' id='line_1_65' title="bbox 325 3428 1917 3499; baseline -0.001 -15"><span class='ocrx_word' id='word_1_488' title='bbox 325 3440 576 3484; x_wconf 87' lang='lat' dir='ltr'><strong>tumesco</strong></span> <span class='ocrx_word' id='word_1_489' title='bbox 626 3437 680 3483; x_wconf 87' lang='lat' dir='ltr'><strong>et</strong></span> <span class='ocrx_word' id='word_1_490' title='bbox 731 3430 961 3486; x_wconf 82' lang='lat' dir='ltr'><strong>extollor</strong></span> <span class='ocrx_word' id='word_1_491' title='bbox 1007 3444 1168 3499; x_wconf 86' lang='lat' dir='ltr'><strong>super</strong></span> <span class='ocrx_word' id='word_1_492' title='bbox 1199 3429 1416 3484; x_wconf 80' lang='lat' dir='ltr'><strong>fratrem</strong></span> <span class='ocrx_word' id='word_1_493' title='bbox 1462 3444 1660 3493; x_wconf 90' lang='lat' dir='ltr'><strong>meum,</strong></span> <span class='ocrx_word' id='word_1_494' title='bbox 1693 3429 1738 3483; x_wconf 93' lang='lat' dir='ltr'><strong>si</strong></span> <span class='ocrx_word' id='word_1_495' title='bbox 1767 3428 1917 3484; x_wconf 87' lang='lat' dir='ltr'><strong>fuero</strong></span> 
     </span>
    </p>
   </div>
   <div class='ocr_carea' id='block_1_66' title="bbox 327 3519 1912 3590">
    <p class='ocr_par' dir='ltr' id='par_1_66' title="bbox 327 3519 1912 3590">
     <span class='ocr_line' id='line_1_66' title="bbox 327 3519 1912 3590; baseline -0.003 -14"><span class='ocrx_word' id='word_1_496' title='bbox 327 3519 602 3576; x_wconf 88' lang='lat' dir='ltr'><strong>modicum</strong></span> <span class='ocrx_word' id='word_1_497' title='bbox 635 3528 725 3574; x_wconf 91' lang='lat' dir='ltr'><strong>aut</strong></span> <span class='ocrx_word' id='word_1_498' title='bbox 749 3520 1020 3589; x_wconf 90' lang='lat' dir='ltr'><strong>pulchrior</strong></span> <span class='ocrx_word' id='word_1_499' title='bbox 1052 3519 1451 3586; x_wconf 89' lang='lat' dir='ltr'><strong>eo,autditior,</strong></span> <span class='ocrx_word' id='word_1_500' title='bbox 1487 3527 1579 3572; x_wconf 91' lang='lat' dir='ltr'><strong>aut</strong></span> <span class='ocrx_word' id='word_1_501' title='bbox 1600 3519 1912 3590; x_wconf 80' lang='lat' dir='ltr'><strong>gloriosior,</strong></span> 
     </span>
    </p>
   </div>
   <div class='ocr_carea' id='block_1_67' title="bbox 326 3611 1914 3683">
    <p class='ocr_par' dir='ltr' id='par_1_67' title="bbox 326 3611 1914 3683">
     <span class='ocr_line' id='line_1_67' title="bbox 326 3611 1914 3683; baseline -0.001 -15"><span class='ocrx_word' id='word_1_502' title='bbox 326 3620 429 3668; x_wconf 81' lang='lat' dir='ltr'><strong>aut</strong></span> <span class='ocrx_word' id='word_1_503' title='bbox 456 3611 807 3683; x_wconf 84' lang='lat' dir='ltr'><strong>principatum</strong></span> <span class='ocrx_word' id='word_1_504' title='bbox 832 3612 989 3668; x_wconf 77' lang='lat' dir='ltr'><strong>officii</strong></span> <span class='ocrx_word' id='word_1_505' title='bbox 1018 3612 1385 3680; x_wconf 88' lang='lat' dir='ltr'><strong>cujuscunque</strong></span> <span class='ocrx_word' id='word_1_506' title='bbox 1407 3611 1667 3675; x_wconf 86' lang='lat' dir='ltr'><strong>habuero,</strong></span> <span class='ocrx_word' id='word_1_507' title='bbox 1703 3627 1806 3666; x_wconf 89' lang='lat' dir='ltr'><strong>non</strong></span> <span class='ocrx_word' id='word_1_508' title='bbox 1831 3613 1914 3666; x_wconf 89' lang='lat' dir='ltr'><strong>in-</strong></span> 
     </span>
    </p>
   </div>
   <div class='ocr_carea' id='block_1_68' title="bbox 328 3703 1917 3774">
    <p class='ocr_par' dir='ltr' id='par_1_68' title="bbox 328 3703 1917 3774">
     <span class='ocr_line' id='line_1_68' title="bbox 328 3703 1917 3774; baseline -0.001 -14"><span class='ocrx_word' id='word_1_509' title='bbox 328 3705 582 3774; x_wconf 87' lang='lat' dir='ltr'><strong>telligens</strong></span> <span class='ocrx_word' id='word_1_510' title='bbox 631 3706 863 3760; x_wconf 85' lang='lat' dir='ltr'><strong>divinam</strong></span> <span class='ocrx_word' id='word_1_511' title='bbox 910 3719 1117 3770; x_wconf 87' lang='lat' dir='ltr'><strong>vocem,</strong></span> <span class='ocrx_word' id='word_1_512' title='bbox 1144 3719 1260 3773; x_wconf 66' lang='lat' dir='ltr'><strong>quae</strong></span> <span class='ocrx_word' id='word_1_513' title='bbox 1309 3703 1476 3759; x_wconf 89' lang='lat' dir='ltr'><strong>dicit:</strong></span> <span class='ocrx_word' id='word_1_514' title='bbox 1512 3703 1708 3760; x_wconf 90' lang='lat' dir='ltr'><strong>Discite</strong></span> <span class='ocrx_word' id='word_1_515' title='bbox 1755 3718 1785 3757; x_wconf 89' lang='lat' dir='ltr'><strong>a</strong></span> <span class='ocrx_word' id='word_1_516' title='bbox 1833 3718 1917 3759; x_wconf 87' lang='lat' dir='ltr'><strong>me</strong></span> 
     </span>
    </p>
   </div>
   <div class='ocr_carea' id='block_1_69' title="bbox 326 3795 1917 3866">
    <p class='ocr_par' dir='ltr' id='par_1_69' title="bbox 326 3795 1917 3866">
     <span class='ocr_line' id='line_1_69' title="bbox 326 3795 1917 3866; baseline -0.001 -18"><span class='ocrx_word' id='word_1_517' title='bbox 326 3797 457 3866; x_wconf 83' lang='lat' dir='ltr'><strong>quia</strong></span> <span class='ocrx_word' id='word_1_518' title='bbox 477 3797 616 3850; x_wconf 91' lang='lat' dir='ltr'><strong>mitis</strong></span> <span class='ocrx_word' id='word_1_519' title='bbox 639 3810 756 3850; x_wconf 87' lang='lat' dir='ltr'><strong>sum</strong></span> <span class='ocrx_word' id='word_1_520' title='bbox 787 3805 839 3851; x_wconf 90' lang='lat' dir='ltr'><strong>et</strong></span> <span class='ocrx_word' id='word_1_521' title='bbox 865 3795 1078 3850; x_wconf 91' lang='lat' dir='ltr'><strong>humilis</strong></span> <span class='ocrx_word' id='word_1_522' title='bbox 1090 3795 1273 3861; x_wconf 92' lang='lat' dir='ltr'><strong>corde,</strong></span> <span class='ocrx_word' id='word_1_523' title='bbox 1293 3803 1349 3851; x_wconf 90' lang='lat' dir='ltr'><strong>et</strong></span> <span class='ocrx_word' id='word_1_524' title='bbox 1369 3796 1650 3849; x_wconf 84' lang='lat' dir='ltr'><strong>invenietis</strong></span> <span class='ocrx_word' id='word_1_525' title='bbox 1676 3795 1917 3864; x_wconf 84' lang='lat' dir='ltr'><strong>requiem</strong></span> 
     </span>
    </p>
   </div>
   <div class='ocr_carea' id='block_1_70' title="bbox 327 3885 1920 3960">
    <p class='ocr_par' dir='ltr' id='par_1_70' title="bbox 327 3885 1920 3960">
     <span class='ocr_line' id='line_1_70' title="bbox 327 3885 1920 3960; baseline -0.001 -17"><span class='ocrx_word' id='word_1_526' title='bbox 327 3891 616 3944; x_wconf 83' lang='lat' dir='ltr'><strong>animabus</strong></span> <span class='ocrx_word' id='word_1_527' title='bbox 643 3891 834 3945; x_wconf 68' lang='lat' dir='ltr'><strong>vestris</strong></span> <span class='ocrx_word' id='word_1_528' title='bbox 866 3888 1082 3960; x_wconf 80' lang='lat' dir='ltr'><strong>(Matth.</strong></span> <span class='ocrx_word' id='word_1_529' title='bbox 1106 3885 1212 3956; x_wconf 80' lang='lat' dir='ltr'><strong>xt);</strong></span> <span class='ocrx_word' id='word_1_530' title='bbox 1237 3903 1410 3958; x_wconf 89' lang='lat' dir='ltr'><strong>neque</strong></span> <span class='ocrx_word' id='word_1_531' title='bbox 1431 3900 1735 3943; x_wconf 91' lang='lat' dir='ltr'><strong>sanctorum</strong></span> <span class='ocrx_word' id='word_1_532' title='bbox 1760 3902 1920 3942; x_wconf 79' lang='lat' dir='ltr'><strong>voces</strong></span> 
     </span>
    </p>
   </div>
   <div class='ocr_carea' id='block_1_71' title="bbox 328 3975 1921 4049">
    <p class='ocr_par' dir='ltr' id='par_1_71' title="bbox 328 3975 1921 4049">
     <span class='ocr_line' id='line_1_71' title="bbox 328 3975 1921 4049; baseline -0.002 -15"><span class='ocrx_word' id='word_1_533' title='bbox 328 3979 597 4049; x_wconf 85' lang='lat' dir='ltr'><strong>cogitans,</strong></span> <span class='ocrx_word' id='word_1_534' title='bbox 622 3979 871 4048; x_wconf 87' lang='lat' dir='ltr'><strong>quoniam</strong></span> <span class='ocrx_word' id='word_1_535' title='bbox 927 3978 1141 4049; x_wconf 88' lang='lat' dir='ltr'><strong>quidam</strong></span> <span class='ocrx_word' id='word_1_536' title='bbox 1171 3987 1367 4033; x_wconf 89' lang='lat' dir='ltr'><strong>terram</strong></span> <span class='ocrx_word' id='word_1_537' title='bbox 1410 3975 1564 4047; x_wconf 84' lang='lat' dir='ltr'><strong>(Gen.</strong></span> <span class='ocrx_word' id='word_1_538' title='bbox 1600 3976 1779 4044; x_wconf 82' lang='lat' dir='ltr'><strong>xvut),</strong></span> <span class='ocrx_word' id='word_1_539' title='bbox 1803 3977 1921 4047; x_wconf 89' lang='lat' dir='ltr'><strong>qui-</strong></span> 
     </span>
    </p>
   </div>
   <div class='ocr_carea' id='block_1_72' title="bbox 330 4068 1918 4140">
    <p class='ocr_par' dir='ltr' id='par_1_72' title="bbox 330 4068 1918 4140">
     <span class='ocr_line' id='line_1_72' title="bbox 330 4068 1918 4140; baseline -0.001 -16"><span class='ocrx_word' id='word_1_540' title='bbox 330 4072 462 4124; x_wconf 82' lang='lat' dir='ltr'><strong>dam</strong></span> <span class='ocrx_word' id='word_1_541' title='bbox 515 4070 746 4125; x_wconf 89' lang='lat' dir='ltr'><strong>cinerem</strong></span> <span class='ocrx_word' id='word_1_542' title='bbox 777 4111 792 4136; x_wconf 96' lang='lat'><strong>,</strong></span> <span class='ocrx_word' id='word_1_543' title='bbox 827 4071 1040 4140; x_wconf 91' lang='lat' dir='ltr'><strong>quidam</strong></span> <span class='ocrx_word' id='word_1_544' title='bbox 1097 4085 1333 4124; x_wconf 85' lang='lat' dir='ltr'><strong>vermem</strong></span> <span class='ocrx_word' id='word_1_545' title='bbox 1387 4078 1441 4124; x_wconf 88' lang='lat' dir='ltr'><strong>et</strong></span> <span class='ocrx_word' id='word_1_546' title='bbox 1492 4085 1596 4123; x_wconf 93' lang='lat' dir='ltr'><strong>non</strong></span> <span class='ocrx_word' id='word_1_547' title='bbox 1651 4068 1918 4122; x_wconf 88' lang='lat' dir='ltr'><strong>hominem</strong></span> 
     </span>
    </p>
   </div>
   <div class='ocr_carea' id='block_1_73' title="bbox 331 4158 1922 4230">
    <p class='ocr_par' dir='ltr' id='par_1_73' title="bbox 331 4158 1922 4230">
     <span class='ocr_line' id='line_1_73' title="bbox 331 4158 1922 4230; baseline 0.003 -17"><span class='ocrx_word' id='word_1_548' title='bbox 331 4158 509 4230; x_wconf 69' lang='lat' dir='ltr'><strong>(Prol.</strong></span> <span class='ocrx_word' id='word_1_549' title='bbox 560 4160 951 4230; x_wconf 79' lang='lat' dir='ltr'><strong>nt),quidam</strong></span> <span class='ocrx_word' id='word_1_550' title='bbox 1012 4169 1103 4215; x_wconf 91' lang='lat' dir='ltr'><strong>aut</strong></span> <span class='ocrx_word' id='word_1_551' title='bbox 1149 4161 1500 4229; x_wconf 89' lang='lat' dir='ltr'><strong>impeditioris</strong></span> <span class='ocrx_word' id='word_1_552' title='bbox 1565 4169 1620 4216; x_wconf 92' lang='lat' dir='ltr'><strong>et</strong></span> <span class='ocrx_word' id='word_1_553' title='bbox 1677 4160 1922 4217; x_wconf 87' lang='lat' dir='ltr'><strong>tardioris</strong></span> 
     </span>
    </p>
   </div>
   <div class='ocr_carea' id='block_1_74' title="bbox 330 4249 1921 4322">
    <p class='ocr_par' dir='ltr' id='par_1_74' title="bbox 330 4249 1921 4322">
     <span class='ocr_line' id='line_1_74' title="bbox 330 4249 1921 4322; baseline -0.001 -15"><span class='ocrx_word' id='word_1_554' title='bbox 330 4251 526 4320; x_wconf 74' lang='lat' dir='ltr'><strong>linguae</strong></span> <span class='ocrx_word' id='word_1_555' title='bbox 578 4249 776 4322; x_wconf 74' lang='lat' dir='ltr'><strong>(Exod.</strong></span> <span class='ocrx_word' id='word_1_556' title='bbox 830 4251 902 4322; x_wconf 90' lang='lat' dir='ltr'><strong>tv)</strong></span> <span class='ocrx_word' id='word_1_557' title='bbox 952 4267 1011 4307; x_wconf 90' lang='lat' dir='ltr'><strong>se</strong></span> <span class='ocrx_word' id='word_1_558' title='bbox 1062 4252 1446 4306; x_wconf 85' lang='lat' dir='ltr'><strong>nominabant:</strong></span> <span class='ocrx_word' id='word_1_559' title='bbox 1479 4261 1534 4307; x_wconf 89' lang='lat' dir='ltr'><strong>et</strong></span> <span class='ocrx_word' id='word_1_560' title='bbox 1582 4254 1702 4322; x_wconf 90' lang='lat' dir='ltr'><strong>quia</strong></span> <span class='ocrx_word' id='word_1_561' title='bbox 1735 4253 1921 4320; x_wconf 87' lang='lat' dir='ltr'><strong>lsaias,</strong></span> 
     </span>
    </p>
   </div>
   <div class='ocr_carea' id='block_1_75' title="bbox 330 4345 1924 4415">
    <p class='ocr_par' dir='ltr' id='par_1_75' title="bbox 330 4345 1924 4415">
     <span class='ocr_line' id='line_1_75' title="bbox 330 4345 1924 4415; baseline 0 -16"><span class='ocrx_word' id='word_1_562' title='bbox 330 4345 553 4415; x_wconf 85' lang='lat' dir='ltr'><strong>quando</strong></span> <span class='ocrx_word' id='word_1_563' title='bbox 590 4346 753 4399; x_wconf 91' lang='lat' dir='ltr'><strong>Deum</strong></span> <span class='ocrx_word' id='word_1_564' title='bbox 777 4345 959 4399; x_wconf 83' lang='lat' dir='ltr'><strong>videre</strong></span> <span class='ocrx_word' id='word_1_565' title='bbox 985 4346 1198 4413; x_wconf 90' lang='lat' dir='ltr'><strong>meruit,</strong></span> <span class='ocrx_word' id='word_1_566' title='bbox 1217 4355 1270 4399; x_wconf 92' lang='lat' dir='ltr'><strong>ut</strong></span> <span class='ocrx_word' id='word_1_567' title='bbox 1298 4347 1440 4414; x_wconf 90' lang='lat' dir='ltr'><strong>capit</strong></span> <span class='ocrx_word' id='word_1_568' title='bbox 1469 4345 1651 4411; x_wconf 93' lang='lat' dir='ltr'><strong>homo,</strong></span> <span class='ocrx_word' id='word_1_569' title='bbox 1679 4354 1805 4400; x_wconf 91' lang='lat' dir='ltr'><strong>tunc</strong></span> <span class='ocrx_word' id='word_1_570' title='bbox 1825 4345 1924 4400; x_wconf 90' lang='lat' dir='ltr'><strong>im-</strong></span> 
     </span>
    </p>
   </div>
   <div class='ocr_carea' id='block_1_76' title="bbox 331 4434 1924 4507">
    <p class='ocr_par' dir='ltr' id='par_1_76' title="bbox 331 4434 1924 4507">
     <span class='ocr_line' id='line_1_76' title="bbox 331 4434 1924 4507; baseline -0.001 -15"><span class='ocrx_word' id='word_1_571' title='bbox 331 4436 536 4492; x_wconf 84' lang='lat' dir='ltr'><strong>munda</strong></span> <span class='ocrx_word' id='word_1_572' title='bbox 565 4436 698 4490; x_wconf 88' lang='lat' dir='ltr'><strong>labia</strong></span> <span class='ocrx_word' id='word_1_573' title='bbox 750 4451 809 4492; x_wconf 85' lang='lat' dir='ltr'><strong>se</strong></span> <span class='ocrx_word' id='word_1_574' title='bbox 838 4436 1034 4492; x_wconf 90' lang='lat' dir='ltr'><strong>habere</strong></span> <span class='ocrx_word' id='word_1_575' title='bbox 1080 4436 1443 4506; x_wconf 87' lang='lat' dir='ltr'><strong>pronuntiavit</strong></span> <span class='ocrx_word' id='word_1_576' title='bbox 1487 4435 1625 4506; x_wconf 72' lang='lat' dir='ltr'><strong>(Ira.</strong></span> <span class='ocrx_word' id='word_1_577' title='bbox 1655 4434 1756 4507; x_wconf 80' lang='lat' dir='ltr'><strong>v1).</strong></span> <span class='ocrx_word' id='word_1_578' title='bbox 1784 4437 1924 4504; x_wconf 86' lang='lat' dir='ltr'><strong>Quid</strong></span> 
     </span>
    </p>
   </div>
   <div class='ocr_carea' id='block_1_77' title="bbox 275 4526 1925 4595">
    <p class='ocr_par' dir='ltr' id='par_1_77' title="bbox 275 4526 1925 4595">
     <span class='ocr_line' id='line_1_77' title="bbox 275 4526 1925 4595; baseline 0.001 -13"><span class='ocrx_word' id='word_1_579' title='bbox 275 4544 282 4549; x_wconf 89' lang='grc'>·</span> <span class='ocrx_word' id='word_1_580' title='bbox 331 4526 480 4582; x_wconf 88' lang='lat' dir='ltr'><strong>enim</strong></span> <span class='ocrx_word' id='word_1_581' title='bbox 511 4537 565 4582; x_wconf 89' lang='lat' dir='ltr'><strong>et</strong></span> <span class='ocrx_word' id='word_1_582' title='bbox 594 4542 708 4580; x_wconf 81' lang='lat' dir='ltr'><strong>sum</strong></span> <span class='ocrx_word' id='word_1_583' title='bbox 740 4527 993 4581; x_wconf 84' lang='lat' dir='ltr'><strong>humilis?</strong></span> <span class='ocrx_word' id='word_1_584' title='bbox 1012 4527 1199 4583; x_wconf 89' lang='lat' dir='ltr'><strong>Nonne</strong></span> <span class='ocrx_word' id='word_1_585' title='bbox 1217 4528 1282 4583; x_wconf 91' lang='lat' dir='ltr'><strong>de</strong></span> <span class='ocrx_word' id='word_1_586' title='bbox 1309 4528 1420 4582; x_wconf 92' lang='lat' dir='ltr'><strong>luto</strong></span> <span class='ocrx_word' id='word_1_587' title='bbox 1441 4527 1594 4582; x_wconf 84' lang='lat' dir='ltr'><strong>fictus</strong></span> <span class='ocrx_word' id='word_1_588' title='bbox 1615 4542 1755 4595; x_wconf 90' lang='lat' dir='ltr'><strong>sum,</strong></span> <span class='ocrx_word' id='word_1_589' title='bbox 1783 4529 1925 4584; x_wconf 88' lang='lat' dir='ltr'><strong>unde</strong></span> 
     </span>
    </p>
   </div>
   <div class='ocr_carea' id='block_1_78' title="bbox 2019 3329 3602 3400">
    <p class='ocr_par' dir='ltr' id='par_1_78' title="bbox 2019 3329 3602 3400">
     <span class='ocr_line' id='line_1_78' title="bbox 2019 3329 3602 3400; baseline 0.005 -20"><span class='ocrx_word' id='word_1_590' title='bbox 2019 3336 2419 3396; x_wconf 68' lang='lat' dir='ltr'><strong>praeoccupant,</strong></span> <span class='ocrx_word' id='word_1_591' title='bbox 2446 3337 2504 3382; x_wconf 90' lang='lat' dir='ltr'><strong>ut</strong></span> <span class='ocrx_word' id='word_1_592' title='bbox 2553 3329 2817 3384; x_wconf 84' lang='lat' dir='ltr'><strong>delectent</strong></span> <span class='ocrx_word' id='word_1_593' title='bbox 2867 3331 3078 3396; x_wconf 84' lang='lat' dir='ltr'><strong>oculos,</strong></span> <span class='ocrx_word' id='word_1_594' title='bbox 3105 3333 3195 3400; x_wconf 86' lang='lat' dir='ltr'><strong>qui</strong></span> <span class='ocrx_word' id='word_1_595' title='bbox 3226 3330 3602 3389; x_wconf 84' lang='lat' dir='ltr'><strong>fornicationi-</strong></span> 
     </span>
    </p>
   </div>
   <div class='ocr_carea' id='block_1_79' title="bbox 2021 3417 3598 3482">
    <p class='ocr_par' dir='ltr' id='par_1_79' title="bbox 2021 3417 3598 3482">
     <span class='ocr_line' id='line_1_79' title="bbox 2021 3417 3598 3482; baseline 0.009 -13"><span class='ocrx_word' id='word_1_596' title='bbox 2021 3417 2121 3471; x_wconf 89' lang='lat' dir='ltr'><strong>bus</strong></span> <span class='ocrx_word' id='word_1_597' title='bbox 2148 3426 2203 3472; x_wconf 89' lang='lat' dir='ltr'><strong>et</strong></span> <span class='ocrx_word' id='word_1_598' title='bbox 2226 3418 2413 3473; x_wconf 90' lang='lat' dir='ltr'><strong>alienis</strong></span> <span class='ocrx_word' id='word_1_599' title='bbox 2454 3419 2765 3474; x_wconf 83' lang='lat' dir='ltr'><strong>mulieribus</strong></span> <span class='ocrx_word' id='word_1_600' title='bbox 2798 3419 2863 3474; x_wconf 87' lang='lat' dir='ltr'><strong>ad</strong></span> <span class='ocrx_word' id='word_1_601' title='bbox 2884 3425 3151 3479; x_wconf 87' lang='lat' dir='ltr'><strong>luxuriam</strong></span> <span class='ocrx_word' id='word_1_602' title='bbox 3166 3425 3418 3482; x_wconf 84' lang='lat' dir='ltr'><strong>innuunt.</strong></span> <span class='ocrx_word' id='word_1_603' title='bbox 3442 3426 3598 3482; x_wconf 87' lang='lat' dir='ltr'><strong>Ficus</strong></span> 
     </span>
    </p>
   </div>
   <div class='ocr_carea' id='block_1_80' title="bbox 2022 3509 3598 3584">
    <p class='ocr_par' dir='ltr' id='par_1_80' title="bbox 2022 3509 3598 3584">
     <span class='ocr_line' id='line_1_80' title="bbox 2022 3509 3598 3584; baseline 0.006 -21"><span class='ocrx_word' id='word_1_604' title='bbox 2022 3509 2261 3564; x_wconf 89' lang='lat' dir='ltr'><strong>turbatur</strong></span> <span class='ocrx_word' id='word_1_605' title='bbox 2283 3510 2423 3580; x_wconf 65' lang='lat'><strong>(84),</strong></span> <span class='ocrx_word' id='word_1_606' title='bbox 2451 3519 2715 3581; x_wconf 81' lang='lat' dir='ltr'><strong>quatenus</strong></span> <span class='ocrx_word' id='word_1_607' title='bbox 2747 3515 3041 3581; x_wconf 87' lang='lat' dir='ltr'><strong>perveniat,</strong></span> <span class='ocrx_word' id='word_1_608' title='bbox 3067 3527 3124 3568; x_wconf 92' lang='lat' dir='ltr'><strong>ut</strong></span> <span class='ocrx_word' id='word_1_609' title='bbox 3153 3517 3356 3584; x_wconf 87' lang='lat' dir='ltr'><strong>repleat</strong></span> <span class='ocrx_word' id='word_1_610' title='bbox 3386 3533 3598 3572; x_wconf 85' lang='lat' dir='ltr'><strong>manum</strong></span> 
     </span>
    </p>
   </div>
   <div class='ocr_carea' id='block_1_81' title="bbox 2021 3600 3602 3674">
    <p class='ocr_par' dir='ltr' id='par_1_81' title="bbox 2021 3600 3602 3674">
     <span class='ocr_line' id='line_1_81' title="bbox 2021 3600 3602 3674; baseline 0.006 -20"><span class='ocrx_word' id='word_1_611' title='bbox 2021 3616 2116 3669; x_wconf 92' lang='lat' dir='ltr'><strong>per</strong></span> <span class='ocrx_word' id='word_1_612' title='bbox 2139 3600 2580 3670; x_wconf 85' lang='lat' dir='ltr'><strong>magnitudinem,</strong></span> <span class='ocrx_word' id='word_1_613' title='bbox 2603 3610 2660 3657; x_wconf 89' lang='lat' dir='ltr'><strong>et</strong></span> <span class='ocrx_word' id='word_1_614' title='bbox 2689 3619 2750 3660; x_wconf 84' lang='lat' dir='ltr'><strong>os</strong></span> <span class='ocrx_word' id='word_1_615' title='bbox 2781 3617 2876 3670; x_wconf 86' lang='lat' dir='ltr'><strong>per</strong></span> <span class='ocrx_word' id='word_1_616' title='bbox 2906 3603 3260 3668; x_wconf 88' lang='lat' dir='ltr'><strong>dulcedinem,</strong></span> <span class='ocrx_word' id='word_1_617' title='bbox 3290 3607 3428 3674; x_wconf 85' lang='lat' dir='ltr'><strong>quod</strong></span> <span class='ocrx_word' id='word_1_618' title='bbox 3455 3617 3602 3664; x_wconf 88' lang='lat' dir='ltr'><strong>tenet</strong></span> 
     </span>
    </p>
   </div>
   <div class='ocr_carea' id='block_1_82' title="bbox 2021 3692 3603 3770">
    <p class='ocr_par' dir='ltr' id='par_1_82' title="bbox 2021 3692 3603 3770">
     <span class='ocr_line' id='line_1_82' title="bbox 2021 3692 3603 3770; baseline 0.006 -23"><span class='ocrx_word' id='word_1_619' title='bbox 2021 3701 2077 3747; x_wconf 90' lang='lat' dir='ltr'><strong>et</strong></span> <span class='ocrx_word' id='word_1_620' title='bbox 2134 3692 2303 3746; x_wconf 90' lang='lat' dir='ltr'><strong>basiat</strong></span> <span class='ocrx_word' id='word_1_621' title='bbox 2348 3693 2575 3748; x_wconf 88' lang='lat' dir='ltr'><strong>alienam</strong></span> <span class='ocrx_word' id='word_1_622' title='bbox 2638 3695 2943 3750; x_wconf 81' lang='lat' dir='ltr'><strong>mulierem.</strong></span> <span class='ocrx_word' id='word_1_623' title='bbox 2993 3696 3143 3751; x_wconf 88' lang='lat' dir='ltr'><strong>Talia</strong></span> <span class='ocrx_word' id='word_1_624' title='bbox 3189 3713 3358 3768; x_wconf 76' lang='lat' dir='ltr'><strong>ergo,</strong></span> <span class='ocrx_word' id='word_1_625' title='bbox 3409 3700 3603 3770; x_wconf 86' lang='lat' dir='ltr'><strong>inquit,</strong></span> 
     </span>
    </p>
   </div>
   <div class='ocr_carea' id='block_1_83' title="bbox 2021 3785 3603 3861">
    <p class='ocr_par' dir='ltr' id='par_1_83' title="bbox 2021 3785 3603 3861">
     <span class='ocr_line' id='line_1_83' title="bbox 2021 3785 3603 3861; baseline 0.006 -20"><span class='ocrx_word' id='word_1_626' title='bbox 2021 3800 2182 3855; x_wconf 90' lang='lat' dir='ltr'><strong>opera</strong></span> <span class='ocrx_word' id='word_1_627' title='bbox 2203 3785 2398 3840; x_wconf 88' lang='lat' dir='ltr'><strong>fratres</strong></span> <span class='ocrx_word' id='word_1_628' title='bbox 2425 3795 2664 3856; x_wconf 84' lang='lat' dir='ltr'><strong>agentes,</strong></span> <span class='ocrx_word' id='word_1_629' title='bbox 2692 3796 2745 3843; x_wconf 90' lang='lat' dir='ltr'><strong>et</strong></span> <span class='ocrx_word' id='word_1_630' title='bbox 2778 3789 2911 3843; x_wconf 84' lang='lat' dir='ltr'><strong>tales</strong></span> <span class='ocrx_word' id='word_1_631' title='bbox 2943 3788 3322 3846; x_wconf 88' lang='lat' dir='ltr'><strong>retributiones</strong></span> <span class='ocrx_word' id='word_1_632' title='bbox 3341 3794 3603 3861; x_wconf 73' lang='lat' dir='ltr'><strong>recipien-</strong></span> 
     </span>
    </p>
   </div>
   <div class='ocr_carea' id='block_1_84' title="bbox 2025 3877 3604 3954">
    <p class='ocr_par' dir='ltr' id='par_1_84' title="bbox 2025 3877 3604 3954">
     <span class='ocr_line' id='line_1_84' title="bbox 2025 3877 3604 3954; baseline 0.005 -23"><span class='ocrx_word' id='word_1_633' title='bbox 2025 3886 2104 3932; x_wconf 91' lang='lat' dir='ltr'><strong>tes</strong></span> <span class='ocrx_word' id='word_1_634' title='bbox 2130 3891 2157 3930; x_wconf 90' lang='lat' dir='ltr'><strong>a</strong></span> <span class='ocrx_word' id='word_1_635' title='bbox 2187 3877 2415 3948; x_wconf 87' lang='lat' dir='ltr'><strong>benigno</strong></span> <span class='ocrx_word' id='word_1_636' title='bbox 2443 3877 2552 3934; x_wconf 91' lang='lat' dir='ltr'><strong>Deo</strong></span> <span class='ocrx_word' id='word_1_637' title='bbox 2572 3917 2588 3944; x_wconf 85' lang='lat'><strong>,</strong></span> <span class='ocrx_word' id='word_1_638' title='bbox 2620 3880 2831 3948; x_wconf 89' lang='lat' dir='ltr'><strong>qualem</strong></span> <span class='ocrx_word' id='word_1_639' title='bbox 2864 3881 3220 3938; x_wconf 82' lang='lat' dir='ltr'><strong>debueramus</strong></span> <span class='ocrx_word' id='word_1_640' title='bbox 3251 3885 3448 3940; x_wconf 87' lang='lat' dir='ltr'><strong>habere</strong></span> <span class='ocrx_word' id='word_1_641' title='bbox 3478 3900 3604 3954; x_wconf 83' lang='lat' dir='ltr'><strong>pru-</strong></span> 
     </span>
    </p>
   </div>
   <div class='ocr_carea' id='block_1_85' title="bbox 2023 3968 3606 4039">
    <p class='ocr_par' dir='ltr' id='par_1_85' title="bbox 2023 3968 3606 4039">
     <span class='ocr_line' id='line_1_85' title="bbox 2023 3968 3606 4039; baseline 0.004 -14"><span class='ocrx_word' id='word_1_642' title='bbox 2023 3968 2702 4039; x_wconf 88' lang='lat' dir='ltr'><strong>dentiam,considerantes</strong></span> <span class='ocrx_word' id='word_1_643' title='bbox 2749 3974 3089 4030; x_wconf 86' lang='lat' dir='ltr'><strong>novissimam</strong></span> <span class='ocrx_word' id='word_1_644' title='bbox 3121 3987 3356 4031; x_wconf 90' lang='lat' dir='ltr'><strong>nostram</strong></span> <span class='ocrx_word' id='word_1_645' title='bbox 3394 3985 3450 4032; x_wconf 91' lang='lat' dir='ltr'><strong>et</strong></span> <span class='ocrx_word' id='word_1_646' title='bbox 3479 3979 3606 4033; x_wconf 84' lang='lat' dir='ltr'><strong>hor-</strong></span> 
     </span>
    </p>
   </div>
   <div class='ocr_carea' id='block_1_86' title="bbox 2023 4064 3606 4128">
    <p class='ocr_par' dir='ltr' id='par_1_86' title="bbox 2023 4064 3606 4128">
     <span class='ocr_line' id='line_1_86' title="bbox 2023 4064 3606 4128; baseline 0.006 -10"><span class='ocrx_word' id='word_1_647' title='bbox 2023 4065 2245 4119; x_wconf 89' lang='lat' dir='ltr'><strong>rendam</strong></span> <span class='ocrx_word' id='word_1_648' title='bbox 2269 4064 2490 4120; x_wconf 83' lang='lat' dir='ltr'><strong>horam?</strong></span> <span class='ocrx_word' id='word_1_649' title='bbox 2511 4066 2730 4121; x_wconf 81' lang='lat' dir='ltr'><strong>Multum</strong></span> <span class='ocrx_word' id='word_1_650' title='bbox 2761 4069 2901 4122; x_wconf 89' lang='lat' dir='ltr'><strong>enim</strong></span> <span class='ocrx_word' id='word_1_651' title='bbox 2931 4069 2998 4123; x_wconf 93' lang='lat' dir='ltr'><strong>de</strong></span> <span class='ocrx_word' id='word_1_652' title='bbox 3025 4073 3279 4127; x_wconf 82' lang='lat' dir='ltr'><strong>memoria</strong></span> <span class='ocrx_word' id='word_1_653' title='bbox 3312 4072 3501 4127; x_wconf 90' lang='lat' dir='ltr'><strong>mortis</strong></span> <span class='ocrx_word' id='word_1_654' title='bbox 3550 4084 3606 4128; x_wconf 89' lang='lat' dir='ltr'><strong>et</strong></span> 
     </span>
    </p>
   </div>
   <div class='ocr_carea' id='block_1_87' title="bbox 2027 4157 3606 4231">
    <p class='ocr_par' dir='ltr' id='par_1_87' title="bbox 2027 4157 3606 4231">
     <span class='ocr_line' id='line_1_87' title="bbox 2027 4157 3606 4231; baseline 0.004 -18"><span class='ocrx_word' id='word_1_655' title='bbox 2027 4159 2174 4213; x_wconf 80' lang='lat' dir='ltr'><strong>exitu</strong></span> <span class='ocrx_word' id='word_1_656' title='bbox 2231 4159 2421 4213; x_wconf 77' lang='lat' dir='ltr'><strong>anima:</strong></span> <span class='ocrx_word' id='word_1_657' title='bbox 2475 4157 2779 4226; x_wconf 58' lang='lat' dir='ltr'><strong>disi-.utahat</strong></span> <span class='ocrx_word' id='word_1_658' title='bbox 2817 4175 3032 4228; x_wconf 87' lang='lat' dir='ltr'><strong>semper</strong></span> <span class='ocrx_word' id='word_1_659' title='bbox 3077 4163 3166 4217; x_wconf 92' lang='lat' dir='ltr'><strong>ille</strong></span> <span class='ocrx_word' id='word_1_660' title='bbox 3211 4163 3418 4231; x_wconf 90' lang='lat' dir='ltr'><strong>beatus,</strong></span> <span class='ocrx_word' id='word_1_661' title='bbox 3446 4167 3518 4219; x_wconf 91' lang='lat' dir='ltr'><strong>ita</strong></span> <span class='ocrx_word' id='word_1_662' title='bbox 3551 4176 3606 4220; x_wconf 90' lang='lat' dir='ltr'><strong>ut</strong></span> 
     </span>
    </p>
   </div>
   <div class='ocr_carea' id='block_1_88' title="bbox 2029 4249 3607 4324">
    <p class='ocr_par' dir='ltr' id='par_1_88' title="bbox 2029 4249 3607 4324">
     <span class='ocr_line' id='line_1_88' title="bbox 2029 4249 3607 4324; baseline 0.004 -21"><span class='ocrx_word' id='word_1_663' title='bbox 2029 4249 2338 4320; x_wconf 86' lang='lat' dir='ltr'><strong>frequenter</strong></span> <span class='ocrx_word' id='word_1_664' title='bbox 2367 4251 2580 4320; x_wconf 90' lang='lat' dir='ltr'><strong>quidam</strong></span> <span class='ocrx_word' id='word_1_665' title='bbox 2605 4251 2671 4305; x_wconf 91' lang='lat' dir='ltr'><strong>ad</strong></span> <span class='ocrx_word' id='word_1_666' title='bbox 2702 4267 2821 4306; x_wconf 88' lang='lat' dir='ltr'><strong>eum</strong></span> <span class='ocrx_word' id='word_1_667' title='bbox 2851 4253 3086 4324; x_wconf 89' lang='lat' dir='ltr'><strong>superbo</strong></span> <span class='ocrx_word' id='word_1_668' title='bbox 3129 4255 3406 4313; x_wconf 86' lang='lat' dir='ltr'><strong>schemate</strong></span> <span class='ocrx_word' id='word_1_669' title='bbox 3441 4257 3607 4311; x_wconf 87' lang='lat' dir='ltr'><strong>inua-</strong></span> 
     </span>
    </p>
   </div>
   <div class='ocr_carea' id='block_1_89' title="bbox 2029 4343 3612 4414">
    <p class='ocr_par' dir='ltr' id='par_1_89' title="bbox 2029 4343 3612 4414">
     <span class='ocr_line' id='line_1_89' title="bbox 2029 4343 3612 4414; baseline 0.004 -17"><span class='ocrx_word' id='word_1_670' title='bbox 2029 4352 2146 4398; x_wconf 90' lang='lat' dir='ltr'><strong>rent</strong></span> <span class='ocrx_word' id='word_1_671' title='bbox 2166 4354 2219 4398; x_wconf 88' lang='lat' dir='ltr'><strong>et</strong></span> <span class='ocrx_word' id='word_1_672' title='bbox 2241 4343 2435 4398; x_wconf 87' lang='lat' dir='ltr'><strong>ridenti</strong></span> <span class='ocrx_word' id='word_1_673' title='bbox 2467 4345 2641 4410; x_wconf 86' lang='lat' dir='ltr'><strong>vultu,</strong></span> <span class='ocrx_word' id='word_1_674' title='bbox 2669 4357 2722 4399; x_wconf 88' lang='lat' dir='ltr'><strong>et</strong></span> <span class='ocrx_word' id='word_1_675' title='bbox 2764 4345 3160 4403; x_wconf 89' lang='lat' dir='ltr'><strong>inconsiderato</strong></span> <span class='ocrx_word' id='word_1_676' title='bbox 3184 4349 3371 4414; x_wconf 89' lang='lat' dir='ltr'><strong>oculo;</strong></span> <span class='ocrx_word' id='word_1_677' title='bbox 3418 4358 3475 4404; x_wconf 90' lang='lat' dir='ltr'><strong>et</strong></span> <span class='ocrx_word' id='word_1_678' title='bbox 3503 4352 3612 4406; x_wconf 75' lang='lat' dir='ltr'><strong>exi-</strong></span> 
     </span>
    </p>
   </div>
   <div class='ocr_carea' id='block_1_90' title="bbox 2030 4435 3703 4513">
    <p class='ocr_par' dir='ltr' id='par_1_90' title="bbox 2030 4435 3703 4513">
     <span class='ocr_line' id='line_1_90' title="bbox 2030 4435 3703 4513; baseline 0.004 -24"><span class='ocrx_word' id='word_1_679' title='bbox 2030 4443 2150 4489; x_wconf 88' lang='lat' dir='ltr'><strong>rent</strong></span> <span class='ocrx_word' id='word_1_680' title='bbox 2181 4435 2367 4490; x_wconf 89' lang='lat' dir='ltr'><strong>humili</strong></span> <span class='ocrx_word' id='word_1_681' title='bbox 2396 4451 2566 4502; x_wconf 89' lang='lat' dir='ltr'><strong>more,</strong></span> <span class='ocrx_word' id='word_1_682' title='bbox 2593 4448 2646 4492; x_wconf 88' lang='lat' dir='ltr'><strong>et</strong></span> <span class='ocrx_word' id='word_1_683' title='bbox 2674 4449 2988 4506; x_wconf 80' lang='lat' dir='ltr'><strong>compuncta</strong></span> <span class='ocrx_word' id='word_1_684' title='bbox 3021 4438 3246 4506; x_wconf 86' lang='lat' dir='ltr'><strong>faeie,et</strong></span> <span class='ocrx_word' id='word_1_685' title='bbox 3270 4441 3611 4513; x_wconf 81' lang='lat' dir='ltr'><strong>lacrymanti-</strong></span> <span class='ocrx_word' id='word_1_686' title='bbox 3701 4466 3703 4468; x_wconf 88' lang='grc'>·</span> 
     </span>
    </p>
   </div>
   <div class='ocr_carea' id='block_1_91' title="bbox 2031 4527 3612 4604">
    <p class='ocr_par' dir='ltr' id='par_1_91' title="bbox 2031 4527 3612 4604">
     <span class='ocr_line' id='line_1_91' title="bbox 2031 4527 3612 4604; baseline 0.008 -24"><span class='ocrx_word' id='word_1_687' title='bbox 2031 4527 2129 4582; x_wconf 87' lang='lat' dir='ltr'><strong>bus</strong></span> <span class='ocrx_word' id='word_1_688' title='bbox 2147 4528 2338 4582; x_wconf 87' lang='lat' dir='ltr'><strong>oculis.</strong></span> <span class='ocrx_word' id='word_1_689' title='bbox 2365 4527 2588 4597; x_wconf 85' lang='lat' dir='ltr'><strong>Propter</strong></span> <span class='ocrx_word' id='word_1_690' title='bbox 2609 4529 2748 4597; x_wconf 89' lang='lat' dir='ltr'><strong>quod</strong></span> <span class='ocrx_word' id='word_1_691' title='bbox 2777 4539 2830 4585; x_wconf 90' lang='lat' dir='ltr'><strong>et</strong></span> <span class='ocrx_word' id='word_1_692' title='bbox 2859 4530 3070 4586; x_wconf 85' lang='lat' dir='ltr'><strong>dicebat</strong></span> <span class='ocrx_word' id='word_1_693' title='bbox 3101 4532 3268 4598; x_wconf 91' lang='lat' dir='ltr'><strong>:Quia</strong></span> <span class='ocrx_word' id='word_1_694' title='bbox 3293 4535 3376 4604; x_wconf 90' lang='lat' dir='ltr'><strong>(ut</strong></span> <span class='ocrx_word' id='word_1_695' title='bbox 3402 4536 3612 4592; x_wconf 51' lang='lat' dir='ltr'><strong>aestimo</strong></span> 
     </span>
    </p>
   </div>
   <div class='ocr_carea' id='block_1_92' title="bbox 337 4608 3609 4688">
    <p class='ocr_par' dir='ltr' id='par_1_92' title="bbox 337 4608 3609 4688">
     <span class='ocr_line' id='line_1_92' title="bbox 337 4608 3609 4688; baseline 0.002 -13"><span class='ocrx_word' id='word_1_696' title='bbox 337 4627 472 4675; x_wconf 84' lang='lat' dir='ltr'><strong>sunt</strong></span> <span class='ocrx_word' id='word_1_697' title='bbox 513 4631 566 4676; x_wconf 90' lang='lat' dir='ltr'><strong>et</strong></span> <span class='ocrx_word' id='word_1_698' title='bbox 615 4618 846 4675; x_wconf 74' lang='lat' dir='ltr'><strong>lateres?</strong></span> <span class='ocrx_word' id='word_1_699' title='bbox 877 4619 1064 4675; x_wconf 84' lang='lat' dir='ltr'><strong>Nonne</strong></span> <span class='ocrx_word' id='word_1_700' title='bbox 1113 4635 1329 4675; x_wconf 87' lang='lat' dir='ltr'><strong>omnem</strong></span> <span class='ocrx_word' id='word_1_701' title='bbox 1371 4634 1528 4688; x_wconf 89' lang='lat' dir='ltr'><strong>quam</strong></span> <span class='ocrx_word' id='word_1_702' title='bbox 1561 4631 1688 4688; x_wconf 91' lang='lat' dir='ltr'><strong>puto</strong></span> <span class='ocrx_word' id='word_1_703' title='bbox 1720 4620 1919 4676; x_wconf 89' lang='lat' dir='ltr'><strong>habere</strong></span> <span class='ocrx_word' id='word_1_704' title='bbox 1957 4608 2001 4664; x_wconf 83' lang='lat' dir='ltr'><strong>D</strong></span> <span class='ocrx_word' id='word_1_705' title='bbox 2030 4631 2128 4685; x_wconf 79' lang='lat' dir='ltr'><strong>ego</strong></span> <span class='ocrx_word' id='word_1_706' title='bbox 2168 4617 2406 4686; x_wconf 91' lang='lat' dir='ltr'><strong>humilis)</strong></span> <span class='ocrx_word' id='word_1_707' title='bbox 2437 4618 2636 4674; x_wconf 75' lang='lat' dir='ltr'><strong>sufﬁcit</strong></span> <span class='ocrx_word' id='word_1_708' title='bbox 2665 4619 2731 4674; x_wconf 89' lang='lat' dir='ltr'><strong>ad</strong></span> <span class='ocrx_word' id='word_1_709' title='bbox 2781 4620 3007 4674; x_wconf 90' lang='lat' dir='ltr'><strong>salutem</strong></span> <span class='ocrx_word' id='word_1_710' title='bbox 3039 4622 3251 4677; x_wconf 90' lang='lat' dir='ltr'><strong>assidue</strong></span> <span class='ocrx_word' id='word_1_711' title='bbox 3290 4631 3340 4677; x_wconf 91' lang='lat' dir='ltr'><strong>et</strong></span> <span class='ocrx_word' id='word_1_712' title='bbox 3362 4624 3609 4680; x_wconf 83' lang='lat' dir='ltr'><strong>dolenter</strong></span> 
     </span>
    </p>
   </div>
   <div class='ocr_carea' id='block_1_93' title="bbox 333 4708 1917 4781">
    <p class='ocr_par' dir='ltr' id='par_1_93' title="bbox 333 4708 1917 4781">
     <span class='ocr_line' id='line_1_93' title="bbox 333 4708 1917 4781; baseline 0.001 -18"><span class='ocrx_word' id='word_1_713' title='bbox 333 4709 587 4779; x_wconf 78' lang='lat' dir='ltr'><strong>gleriatn,</strong></span> <span class='ocrx_word' id='word_1_714' title='bbox 613 4719 668 4764; x_wconf 93' lang='lat' dir='ltr'><strong>ut</strong></span> <span class='ocrx_word' id='word_1_715' title='bbox 691 4711 789 4764; x_wconf 85' lang='lat' dir='ltr'><strong>flos</strong></span> <span class='ocrx_word' id='word_1_716' title='bbox 815 4708 1394 4778; x_wconf 70' lang='lat' dir='ltr'><strong>fmnimarcescitUsa.</strong></span> <span class='ocrx_word' id='word_1_717' title='bbox 1428 4709 1552 4780; x_wconf 74' lang='lat' dir='ltr'><strong>XL)?</strong></span> <span class='ocrx_word' id='word_1_718' title='bbox 1586 4710 1678 4763; x_wconf 89' lang='lat' dir='ltr'><strong>llis</strong></span> <span class='ocrx_word' id='word_1_719' title='bbox 1712 4726 1838 4781; x_wconf 83' lang='lat' dir='ltr'><strong>ergo</strong></span> <span class='ocrx_word' id='word_1_720' title='bbox 1867 4720 1917 4764; x_wconf 89' lang='lat' dir='ltr'><strong>et</strong></span> 
     </span>
    </p>
   </div>
   <div class='ocr_carea' id='block_1_94' title="bbox 339 4800 1916 4871">
    <p class='ocr_par' dir='ltr' id='par_1_94' title="bbox 339 4800 1916 4871">
     <span class='ocr_line' id='line_1_94' title="bbox 339 4800 1916 4871; baseline 0.001 -16"><span class='ocrx_word' id='word_1_721' title='bbox 339 4800 670 4871; x_wconf 75' lang='lat' dir='ltr'><strong>huiusmodi,</strong></span> <span class='ocrx_word' id='word_1_722' title='bbox 696 4810 749 4855; x_wconf 92' lang='lat' dir='ltr'><strong>et</strong></span> <span class='ocrx_word' id='word_1_723' title='bbox 792 4800 915 4855; x_wconf 89' lang='lat' dir='ltr'><strong>aliis</strong></span> <span class='ocrx_word' id='word_1_724' title='bbox 957 4800 1194 4870; x_wconf 88' lang='lat' dir='ltr'><strong>pluribus</strong></span> <span class='ocrx_word' id='word_1_725' title='bbox 1241 4802 1415 4856; x_wconf 85' lang='lat' dir='ltr'><strong>verbis</strong></span> <span class='ocrx_word' id='word_1_726' title='bbox 1464 4801 1916 4870; x_wconf 88' lang='lat' dir='ltr'><strong>sapientissimus,</strong></span> 
     </span>
    </p>
   </div>
   <div class='ocr_carea' id='block_1_95' title="bbox 335 4888 1924 4961">
    <p class='ocr_par' dir='ltr' id='par_1_95' title="bbox 335 4888 1924 4961">
     <span class='ocr_line' id='line_1_95' title="bbox 335 4888 1924 4961; baseline 0 -17"><span class='ocrx_word' id='word_1_727' title='bbox 335 4892 494 4961; x_wconf 79' lang='lat' dir='ltr'><strong>quasi</strong></span> <span class='ocrx_word' id='word_1_728' title='bbox 519 4891 584 4944; x_wconf 91' lang='lat' dir='ltr'><strong>de</strong></span> <span class='ocrx_word' id='word_1_729' title='bbox 609 4905 667 4944; x_wconf 87' lang='lat' dir='ltr'><strong>se</strong></span> <span class='ocrx_word' id='word_1_730' title='bbox 689 4889 894 4955; x_wconf 87' lang='lat' dir='ltr'><strong>dicens,</strong></span> <span class='ocrx_word' id='word_1_731' title='bbox 919 4905 1040 4944; x_wconf 86' lang='lat' dir='ltr'><strong>eum</strong></span> <span class='ocrx_word' id='word_1_732' title='bbox 1069 4889 1155 4958; x_wconf 91' lang='lat' dir='ltr'><strong>qui</strong></span> <span class='ocrx_word' id='word_1_733' title='bbox 1186 4888 1494 4959; x_wconf 86' lang='lat' dir='ltr'><strong>languorem</strong></span> <span class='ocrx_word' id='word_1_734' title='bbox 1524 4890 1814 4945; x_wconf 86' lang='lat' dir='ltr'><strong>inﬂationis</strong></span> <span class='ocrx_word' id='word_1_735' title='bbox 1871 4901 1924 4945; x_wconf 91' lang='lat' dir='ltr'><strong>et</strong></span> 
     </span>
    </p>
   </div>
   <div class='ocr_carea' id='block_1_96' title="bbox 337 4981 1920 5052">
    <p class='ocr_par' dir='ltr' id='par_1_96' title="bbox 337 4981 1920 5052">
     <span class='ocr_line' id='line_1_96' title="bbox 337 4981 1920 5052; baseline -0.001 -14"><span class='ocrx_word' id='word_1_736' title='bbox 337 4982 605 5049; x_wconf 69' lang='lat' dir='ltr'><strong>Superbiae</strong></span> <span class='ocrx_word' id='word_1_737' title='bbox 630 4981 858 5036; x_wconf 88' lang='lat' dir='ltr'><strong>habebat</strong></span> <span class='ocrx_word' id='word_1_738' title='bbox 879 4981 1119 5037; x_wconf 89' lang='lat' dir='ltr'><strong>cauterio</strong></span> <span class='ocrx_word' id='word_1_739' title='bbox 1145 4982 1489 5048; x_wconf 83' lang='lat' dir='ltr'><strong>comburens,</strong></span> <span class='ocrx_word' id='word_1_740' title='bbox 1522 4983 1773 5050; x_wconf 86' lang='lat' dir='ltr'><strong>proderat</strong></span> <span class='ocrx_word' id='word_1_741' title='bbox 1803 4983 1920 5052; x_wconf 88' lang='lat' dir='ltr'><strong>ejus</strong></span> 
     </span>
    </p>
   </div>
   <div class='ocr_carea' id='block_1_97' title="bbox 340 5071 1922 5142">
    <p class='ocr_par' dir='ltr' id='par_1_97' title="bbox 340 5071 1922 5142">
     <span class='ocr_line' id='line_1_97' title="bbox 340 5071 1922 5142; baseline 0.001 -17"><span class='ocrx_word' id='word_1_742' title='bbox 340 5075 556 5128; x_wconf 72' lang='lat' dir='ltr'><strong>animm.</strong></span> <span class='ocrx_word' id='word_1_743' title='bbox 584 5072 914 5142; x_wconf 86' lang='lat' dir='ltr'><strong>lntelligebat</strong></span> <span class='ocrx_word' id='word_1_744' title='bbox 944 5073 1084 5128; x_wconf 89' lang='lat' dir='ltr'><strong>enim</strong></span> <span class='ocrx_word' id='word_1_745' title='bbox 1134 5071 1178 5125; x_wconf 90' lang='lat' dir='ltr'><strong>is</strong></span> <span class='ocrx_word' id='word_1_746' title='bbox 1209 5073 1295 5142; x_wconf 89' lang='lat' dir='ltr'><strong>qui</strong></span> <span class='ocrx_word' id='word_1_747' title='bbox 1320 5072 1471 5128; x_wconf 92' lang='lat' dir='ltr'><strong>ulcus</strong></span> <span class='ocrx_word' id='word_1_748' title='bbox 1501 5073 1733 5128; x_wconf 86' lang='lat' dir='ltr'><strong>habebat</strong></span> <span class='ocrx_word' id='word_1_749' title='bbox 1781 5074 1922 5142; x_wconf 92' lang='lat' dir='ltr'><strong>quod</strong></span> 
     </span>
    </p>
   </div>
   <div class='ocr_carea' id='block_1_98' title="bbox 342 5163 1275 5233">
    <p class='ocr_par' dir='ltr' id='par_1_98' title="bbox 342 5163 1275 5233">
     <span class='ocr_line' id='line_1_98' title="bbox 342 5163 1275 5233; baseline -0.001 -15"><span class='ocrx_word' id='word_1_750' title='bbox 342 5166 410 5219; x_wconf 84' lang='lat' dir='ltr'><strong>de</strong></span> <span class='ocrx_word' id='word_1_751' title='bbox 430 5179 494 5218; x_wconf 90' lang='lat' dir='ltr'><strong>eo</strong></span> <span class='ocrx_word' id='word_1_752' title='bbox 525 5163 826 5233; x_wconf 88' lang='lat' dir='ltr'><strong>patriarcha</strong></span> <span class='ocrx_word' id='word_1_753' title='bbox 851 5163 963 5218; x_wconf 65' lang='lat' dir='ltr'><strong>haec</strong></span> <span class='ocrx_word' id='word_1_754' title='bbox 989 5165 1275 5218; x_wconf 90' lang='lat' dir='ltr'><strong>intimaret.</strong></span> 
     </span>
    </p>
   </div>
   <div class='ocr_carea' id='block_1_99' title="bbox 412 5251 1921 5323">
    <p class='ocr_par' dir='ltr' id='par_1_99' title="bbox 412 5251 1921 5323">
     <span class='ocr_line' id='line_1_99' title="bbox 412 5251 1921 5323; baseline 0.001 -15"><span class='ocrx_word' id='word_1_755' title='bbox 412 5252 544 5308; x_wconf 58' lang='lat' dir='ltr'><strong>(ur.</strong></span> <span class='ocrx_word' id='word_1_756' title='bbox 573 5252 686 5307; x_wconf 77' lang='lat' dir='ltr'><strong>XL.</strong></span> <span class='ocrx_word' id='word_1_757' title='bbox 713 5283 782 5292; x_wconf 89' lang='lat'>—</span> <span class='ocrx_word' id='word_1_758' title='bbox 809 5253 874 5308; x_wconf 83' lang='lat' dir='ltr'><strong>Et</strong></span> <span class='ocrx_word' id='word_1_759' title='bbox 907 5255 1008 5308; x_wconf 89' lang='lat' dir='ltr'><strong>hoc</strong></span> <span class='ocrx_word' id='word_1_760' title='bbox 1034 5251 1345 5323; x_wconf 89' lang='lat' dir='ltr'><strong>frequenter</strong></span> <span class='ocrx_word' id='word_1_761' title='bbox 1377 5254 1467 5310; x_wconf 92' lang='lat' dir='ltr'><strong>ille</strong></span> <span class='ocrx_word' id='word_1_762' title='bbox 1491 5270 1521 5310; x_wconf 92' lang='lat' dir='ltr'><strong>a</strong></span> <span class='ocrx_word' id='word_1_763' title='bbox 1548 5255 1661 5312; x_wconf 85' lang='lat' dir='ltr'><strong>Deo</strong></span> <span class='ocrx_word' id='word_1_764' title='bbox 1685 5256 1921 5312; x_wconf 84' lang='lat' dir='ltr'><strong>honora-</strong></span> 
     </span>
    </p>
   </div>
   <div class='ocr_carea' id='block_1_100' title="bbox 345 5345 1922 5417">
    <p class='ocr_par' dir='ltr' id='par_1_100' title="bbox 345 5345 1922 5417">
     <span class='ocr_line' id='line_1_100' title="bbox 345 5345 1922 5417; baseline 0.002 -17"><span class='ocrx_word' id='word_1_765' title='bbox 345 5356 452 5408; x_wconf 83' lang='lat' dir='ltr'><strong>tus,</strong></span> <span class='ocrx_word' id='word_1_766' title='bbox 476 5345 731 5400; x_wconf 73' lang='lat' dir='ltr'><strong>afferebat</strong></span> <span class='ocrx_word' id='word_1_767' title='bbox 756 5345 810 5400; x_wconf 89' lang='lat' dir='ltr'><strong>in</strong></span> <span class='ocrx_word' id='word_1_768' title='bbox 835 5345 1088 5408; x_wconf 87' lang='lat' dir='ltr'><strong>medium,</strong></span> <span class='ocrx_word' id='word_1_769' title='bbox 1111 5345 1174 5398; x_wconf 93' lang='lat' dir='ltr'><strong>ad</strong></span> <span class='ocrx_word' id='word_1_770' title='bbox 1199 5345 1511 5400; x_wconf 88' lang='lat' dir='ltr'><strong>humilitatis</strong></span> <span class='ocrx_word' id='word_1_771' title='bbox 1527 5359 1922 5417; x_wconf 78' lang='lat' dir='ltr'><strong>argumentum,</strong></span> 
     </span>
    </p>
   </div>
   <div class='ocr_carea' id='block_1_101' title="bbox 343 5435 1921 5508">
    <p class='ocr_par' dir='ltr' id='par_1_101' title="bbox 343 5435 1921 5508">
     <span class='ocr_line' id='line_1_101' title="bbox 343 5435 1921 5508; baseline 0.003 -18"><span class='ocrx_word' id='word_1_772' title='bbox 343 5438 569 5490; x_wconf 89' lang='lat' dir='ltr'><strong>dicens:</strong></span> <span class='ocrx_word' id='word_1_773' title='bbox 600 5436 754 5504; x_wconf 83' lang='lat' dir='ltr'><strong>Quod</strong></span> <span class='ocrx_word' id='word_1_774' title='bbox 811 5435 854 5490; x_wconf 82' lang='lat' dir='ltr'><strong>si</strong></span> <span class='ocrx_word' id='word_1_775' title='bbox 907 5436 1404 5491; x_wconf 72' lang='lat' dir='ltr'><strong>eottsiderassemus</strong></span> <span class='ocrx_word' id='word_1_776' title='bbox 1437 5449 1490 5492; x_wconf 92' lang='lat' dir='ltr'><strong>et</strong></span> <span class='ocrx_word' id='word_1_777' title='bbox 1536 5443 1921 5508; x_wconf 82' lang='lat' dir='ltr'><strong>cogitassemus</strong></span> 
     </span>
    </p>
   </div>
   <div class='ocr_carea' id='block_1_102' title="bbox 347 5527 1925 5596">
    <p class='ocr_par' dir='ltr' id='par_1_102' title="bbox 347 5527 1925 5596">
     <span class='ocr_line' id='line_1_102' title="bbox 347 5527 1925 5596; baseline 0.004 -14"><span class='ocrx_word' id='word_1_778' title='bbox 347 5529 442 5582; x_wconf 92' lang='lat' dir='ltr'><strong>Dei</strong></span> <span class='ocrx_word' id='word_1_779' title='bbox 463 5543 584 5596; x_wconf 85' lang='lat' dir='ltr'><strong>erga</strong></span> <span class='ocrx_word' id='word_1_780' title='bbox 611 5543 706 5583; x_wconf 91' lang='lat' dir='ltr'><strong>nos</strong></span> <span class='ocrx_word' id='word_1_781' title='bbox 731 5527 1152 5584; x_wconf 88' lang='lat' dir='ltr'><strong>misericordiam</strong></span> <span class='ocrx_word' id='word_1_782' title='bbox 1177 5537 1230 5582; x_wconf 92' lang='lat' dir='ltr'><strong>et</strong></span> <span class='ocrx_word' id='word_1_783' title='bbox 1253 5529 1566 5594; x_wconf 87' lang='lat' dir='ltr'><strong>bonitatem,</strong></span> <span class='ocrx_word' id='word_1_784' title='bbox 1592 5545 1690 5586; x_wconf 87' lang='lat' dir='ltr'><strong>nec</strong></span> <span class='ocrx_word' id='word_1_785' title='bbox 1723 5533 1776 5586; x_wconf 91' lang='lat' dir='ltr'><strong>in</strong></span> <span class='ocrx_word' id='word_1_786' title='bbox 1813 5547 1925 5588; x_wconf 73' lang='lat' dir='ltr'><strong>cte-</strong></span> 
     </span>
    </p>
   </div>
   <div class='ocr_carea' id='block_1_103' title="bbox 339 5607 1926 5691">
    <p class='ocr_par' dir='ltr' id='par_1_103' title="bbox 339 5607 1926 5691">
     <span class='ocr_line' id='line_1_103' title="bbox 339 5607 1926 5691; baseline 0.004 -19"><span class='ocrx_word' id='word_1_787' title='bbox 339 5618 427 5672; x_wconf 86' lang='lat' dir='ltr'><strong>los</strong></span> <span class='ocrx_word' id='word_1_788' title='bbox 455 5607 858 5672; x_wconf 84' lang='lat' dir='ltr'><strong>sublevarcmus</strong></span> <span class='ocrx_word' id='word_1_789' title='bbox 910 5619 1092 5674; x_wconf 90' lang='lat' dir='ltr'><strong>oculos</strong></span> <span class='ocrx_word' id='word_1_790' title='bbox 1115 5629 1354 5688; x_wconf 90' lang='lat' dir='ltr'><strong>nostros,</strong></span> <span class='ocrx_word' id='word_1_791' title='bbox 1387 5621 1478 5674; x_wconf 83' lang='lat' dir='ltr'><strong>sed</strong></span> <span class='ocrx_word' id='word_1_792' title='bbox 1502 5635 1717 5691; x_wconf 90' lang='lat' dir='ltr'><strong>semper</strong></span> <span class='ocrx_word' id='word_1_793' title='bbox 1745 5622 1794 5677; x_wconf 95' lang='lat' dir='ltr'><strong>in</strong></span> <span class='ocrx_word' id='word_1_794' title='bbox 1825 5624 1926 5678; x_wconf 89' lang='lat' dir='ltr'><strong>hu-</strong></span> 
     </span>
    </p>
   </div>
   <div class='ocr_carea' id='block_1_104' title="bbox 339 5709 1923 5784">
    <p class='ocr_par' dir='ltr' id='par_1_104' title="bbox 339 5709 1923 5784">
     <span class='ocr_line' id='line_1_104' title="bbox 339 5709 1923 5784; baseline 0.003 -18"><span class='ocrx_word' id='word_1_795' title='bbox 339 5709 454 5766; x_wconf 86' lang='lat' dir='ltr'><strong>mili</strong></span> <span class='ocrx_word' id='word_1_796' title='bbox 483 5709 667 5766; x_wconf 85' lang='lat' dir='ltr'><strong>habitu</strong></span> <span class='ocrx_word' id='word_1_797' title='bbox 697 5725 756 5765; x_wconf 90' lang='lat' dir='ltr'><strong>ac</strong></span> <span class='ocrx_word' id='word_1_798' title='bbox 776 5710 1051 5781; x_wconf 87' lang='lat' dir='ltr'><strong>prudentia</strong></span> <span class='ocrx_word' id='word_1_799' title='bbox 1081 5712 1417 5781; x_wconf 79' lang='lat' dir='ltr'><strong>degeremus.</strong></span> <span class='ocrx_word' id='word_1_800' title='bbox 1444 5713 1509 5769; x_wconf 87' lang='lat' dir='ltr'><strong>Ut</strong></span> <span class='ocrx_word' id='word_1_801' title='bbox 1531 5717 1675 5770; x_wconf 86' lang='lat' dir='ltr'><strong>enim</strong></span> <span class='ocrx_word' id='word_1_802' title='bbox 1701 5726 1923 5784; x_wconf 66' lang='lat' dir='ltr'><strong>praetcr-</strong></span> 
     </span>
    </p>
   </div>
   <div class='ocr_carea' id='block_1_105' title="bbox 339 5800 1925 5875">
    <p class='ocr_par' dir='ltr' id='par_1_105' title="bbox 339 5800 1925 5875">
     <span class='ocr_line' id='line_1_105' title="bbox 339 5800 1925 5875; baseline 0.004 -16"><span class='ocrx_word' id='word_1_803' title='bbox 339 5815 488 5868; x_wconf 77' lang='lat' dir='ltr'><strong>ca&#39;n,</strong></span> <span class='ocrx_word' id='word_1_804' title='bbox 532 5800 764 5870; x_wconf 85' lang='lat' dir='ltr'><strong>qualiter</strong></span> <span class='ocrx_word' id='word_1_805' title='bbox 813 5816 919 5858; x_wconf 88' lang='lat' dir='ltr'><strong>nou</strong></span> <span class='ocrx_word' id='word_1_806' title='bbox 969 5804 1262 5859; x_wconf 82' lang='lat' dir='ltr'><strong>existentes</strong></span> <span class='ocrx_word' id='word_1_807' title='bbox 1303 5816 1357 5862; x_wconf 90' lang='lat' dir='ltr'><strong>ut</strong></span> <span class='ocrx_word' id='word_1_808' title='bbox 1401 5822 1644 5864; x_wconf 72' lang='lat' dir='ltr'><strong>essemus</strong></span> <span class='ocrx_word' id='word_1_809' title='bbox 1675 5810 1925 5875; x_wconf 79' lang='lat' dir='ltr'><strong>produxit</strong></span> 
     </span>
    </p>
   </div>
   <div class='ocr_carea' id='block_1_106' title="bbox 2029 4708 3664 4782">
    <p class='ocr_par' dir='ltr' id='par_1_106' title="bbox 2029 4708 3664 4782">
     <span class='ocr_line' id='line_1_106' title="bbox 2029 4708 3664 4782; baseline 0.004 -20"><span class='ocrx_word' id='word_1_810' title='bbox 2029 4708 2285 4778; x_wconf 87' lang='lat' dir='ltr'><strong>cogitare,</strong></span> <span class='ocrx_word' id='word_1_811' title='bbox 2305 4717 2358 4762; x_wconf 91' lang='lat' dir='ltr'><strong>et</strong></span> <span class='ocrx_word' id='word_1_812' title='bbox 2382 4708 2797 4765; x_wconf 83' lang='lat' dir='ltr'><strong>sollicitudinem</strong></span> <span class='ocrx_word' id='word_1_813' title='bbox 2822 4709 3020 4766; x_wconf 88' lang='lat' dir='ltr'><strong>habere</strong></span> <span class='ocrx_word' id='word_1_814' title='bbox 3045 4711 3114 4766; x_wconf 82' lang='lat' dir='ltr'><strong>de</strong></span> <span class='ocrx_word' id='word_1_815' title='bbox 3139 4721 3328 4776; x_wconf 81' lang='lat' dir='ltr'><strong>morte,</strong></span> <span class='ocrx_word' id='word_1_816' title='bbox 3354 4716 3607 4782; x_wconf 86' lang='lat' dir='ltr'><strong>quoniam</strong></span> <span class='ocrx_word' id='word_1_817' title='bbox 3657 4771 3664 4778; x_wconf 80' lang='grc' dir='ltr'><strong> </strong></span> 
     </span>
    </p>
   </div>
   <div class='ocr_carea' id='block_1_107' title="bbox 2031 4800 3614 4873">
    <p class='ocr_par' dir='ltr' id='par_1_107' title="bbox 2031 4800 3614 4873">
     <span class='ocr_line' id='line_1_107' title="bbox 2031 4800 3614 4873; baseline 0.003 -18"><span class='ocrx_word' id='word_1_818' title='bbox 2031 4818 2189 4855; x_wconf 77' lang='lat' dir='ltr'><strong>nemo</strong></span> <span class='ocrx_word' id='word_1_819' title='bbox 2228 4800 2382 4855; x_wconf 80' lang='lat' dir='ltr'><strong>nobis</strong></span> <span class='ocrx_word' id='word_1_820' title='bbox 2413 4803 2474 4854; x_wconf 88' lang='lat' dir='ltr'><strong>in.</strong></span> <span class='ocrx_word' id='word_1_821' title='bbox 2514 4801 2600 4856; x_wconf 90' lang='lat' dir='ltr'><strong>illa</strong></span> <span class='ocrx_word' id='word_1_822' title='bbox 2632 4802 2759 4856; x_wconf 75' lang='lat' dir='ltr'><strong>hora</strong></span> <span class='ocrx_word' id='word_1_823' title='bbox 2793 4803 3168 4873; x_wconf 83' lang='lat' dir='ltr'><strong>compatietnr,</strong></span> <span class='ocrx_word' id='word_1_824' title='bbox 3186 4815 3277 4858; x_wconf 90' lang='lat' dir='ltr'><strong>aut</strong></span> <span class='ocrx_word' id='word_1_825' title='bbox 3329 4809 3614 4862; x_wconf 87' lang='lat' dir='ltr'><strong>comitabi-</strong></span> 
     </span>
    </p>
   </div>
   <div class='ocr_carea' id='block_1_108' title="bbox 2031 4893 3609 4966">
    <p class='ocr_par' dir='ltr' id='par_1_108' title="bbox 2031 4893 3609 4966">
     <span class='ocr_line' id='line_1_108' title="bbox 2031 4893 3609 4966; baseline 0.004 -20"><span class='ocrx_word' id='word_1_826' title='bbox 2031 4901 2117 4946; x_wconf 91' lang='lat' dir='ltr'><strong>tur</strong></span> <span class='ocrx_word' id='word_1_827' title='bbox 2143 4908 2207 4948; x_wconf 75' lang='lat' dir='ltr'><strong>ex</strong></span> <span class='ocrx_word' id='word_1_828' title='bbox 2229 4894 2332 4946; x_wconf 90' lang='lat' dir='ltr'><strong>vita</strong></span> <span class='ocrx_word' id='word_1_829' title='bbox 2363 4893 2487 4957; x_wconf 85' lang='lat' dir='ltr'><strong>ista,</strong></span> <span class='ocrx_word' id='word_1_830' title='bbox 2515 4893 2614 4947; x_wconf 86' lang='lat' dir='ltr'><strong>nisi</strong></span> <span class='ocrx_word' id='word_1_831' title='bbox 2642 4907 2805 4962; x_wconf 83' lang='lat' dir='ltr'><strong>opera</strong></span> <span class='ocrx_word' id='word_1_832' title='bbox 2835 4894 2976 4949; x_wconf 83' lang='lat' dir='ltr'><strong>bona</strong></span> <span class='ocrx_word' id='word_1_833' title='bbox 3001 4905 3202 4950; x_wconf 82' lang='lat' dir='ltr'><strong>nostra.</strong></span> <span class='ocrx_word' id='word_1_834' title='bbox 3239 4895 3304 4950; x_wconf 86' lang='lat' dir='ltr'><strong>Et</strong></span> <span class='ocrx_word' id='word_1_835' title='bbox 3341 4901 3609 4966; x_wconf 79' lang='lat' dir='ltr'><strong>quomodo</strong></span> 
     </span>
    </p>
   </div>
   <div class='ocr_carea' id='block_1_109' title="bbox 2032 4984 3609 5054">
    <p class='ocr_par' dir='ltr' id='par_1_109' title="bbox 2032 4984 3609 5054">
     <span class='ocr_line' id='line_1_109' title="bbox 2032 4984 3609 5054; baseline 0.004 -17"><span class='ocrx_word' id='word_1_836' title='bbox 2032 4984 2236 5053; x_wconf 87' lang='lat' dir='ltr'><strong>angelis</strong></span> <span class='ocrx_word' id='word_1_837' title='bbox 2268 4984 2600 5038; x_wconf 83' lang='lat' dir='ltr'><strong>venientibus</strong></span> <span class='ocrx_word' id='word_1_838' title='bbox 2628 4994 2681 5038; x_wconf 89' lang='lat' dir='ltr'><strong>et</strong></span> <span class='ocrx_word' id='word_1_839' title='bbox 2734 4986 3146 5054; x_wconf 78' lang='lat' dir='ltr'><strong>properantibus</strong></span> <span class='ocrx_word' id='word_1_840' title='bbox 3193 4988 3436 5044; x_wconf 80' lang='lat' dir='ltr'><strong>turbatur</strong></span> <span class='ocrx_word' id='word_1_841' title='bbox 3482 4997 3609 5044; x_wconf 83' lang='lat' dir='ltr'><strong>tunc</strong></span> 
     </span>
    </p>
   </div>
   <div class='ocr_carea' id='block_1_110' title="bbox 2033 5074 3610 5148">
    <p class='ocr_par' dir='ltr' id='par_1_110' title="bbox 2033 5074 3610 5148">
     <span class='ocr_line' id='line_1_110' title="bbox 2033 5074 3610 5148; baseline 0.004 -19"><span class='ocrx_word' id='word_1_842' title='bbox 2033 5075 2232 5140; x_wconf 86' lang='lat' dir='ltr'><strong>anima,</strong></span> <span class='ocrx_word' id='word_1_843' title='bbox 2259 5075 2304 5128; x_wconf 93' lang='lat' dir='ltr'><strong>si</strong></span> <span class='ocrx_word' id='word_1_844' title='bbox 2337 5074 2548 5128; x_wconf 86' lang='lat' dir='ltr'><strong>inventa</strong></span> <span class='ocrx_word' id='word_1_845' title='bbox 2601 5089 2708 5128; x_wconf 91' lang='lat' dir='ltr'><strong>non</strong></span> <span class='ocrx_word' id='word_1_846' title='bbox 2755 5074 2920 5130; x_wconf 87' lang='lat' dir='ltr'><strong>fuerit</strong></span> <span class='ocrx_word' id='word_1_847' title='bbox 2958 5077 3288 5145; x_wconf 56' lang='lat' dir='ltr'><strong>pra‘parata?</strong></span> <span class='ocrx_word' id='word_1_848' title='bbox 3339 5080 3610 5148; x_wconf 85' lang='lat' dir='ltr'><strong>quomodo</strong></span> 
     </span>
    </p>
   </div>
   <div class='ocr_carea' id='block_1_111' title="bbox 2031 5165 3606 5236">
    <p class='ocr_par' dir='ltr' id='par_1_111' title="bbox 2031 5165 3606 5236">
     <span class='ocr_line' id='line_1_111' title="bbox 2031 5165 3606 5236; baseline 0.004 -14"><span class='ocrx_word' id='word_1_849' title='bbox 2031 5178 2181 5234; x_wconf 81' lang='lat' dir='ltr'><strong>rogat</strong></span> <span class='ocrx_word' id='word_1_850' title='bbox 2198 5175 2252 5221; x_wconf 89' lang='lat' dir='ltr'><strong>ut</strong></span> <span class='ocrx_word' id='word_1_851' title='bbox 2267 5166 2491 5220; x_wconf 86' lang='lat' dir='ltr'><strong>addatur</strong></span> <span class='ocrx_word' id='word_1_852' title='bbox 2511 5166 2611 5220; x_wconf 90' lang='lat' dir='ltr'><strong>sibi</strong></span> <span class='ocrx_word' id='word_1_853' title='bbox 2637 5166 2904 5222; x_wconf 89' lang='lat' dir='ltr'><strong>modicum</strong></span> <span class='ocrx_word' id='word_1_854' title='bbox 2935 5176 3146 5236; x_wconf 85' lang='lat' dir='ltr'><strong>tempus</strong></span> <span class='ocrx_word' id='word_1_855' title='bbox 3160 5169 3298 5232; x_wconf 61' lang='lat' dir='ltr'><strong>vita,</strong></span> <span class='ocrx_word' id='word_1_856' title='bbox 3318 5178 3373 5224; x_wconf 88' lang='lat' dir='ltr'><strong>et</strong></span> <span class='ocrx_word' id='word_1_857' title='bbox 3387 5165 3565 5228; x_wconf 83' lang='lat' dir='ltr'><strong>audiet</strong></span> <span class='ocrx_word' id='word_1_858' title='bbox 3589 5181 3606 5228; x_wconf 84' lang='lat'><strong>:</strong></span> 
     </span>
    </p>
   </div>
   <div class='ocr_carea' id='block_1_112' title="bbox 2029 5258 3610 5330">
    <p class='ocr_par' dir='ltr' id='par_1_112' title="bbox 2029 5258 3610 5330">
     <span class='ocr_line' id='line_1_112' title="bbox 2029 5258 3610 5330; baseline 0.004 -18"><span class='ocrx_word' id='word_1_859' title='bbox 2029 5258 2164 5324; x_wconf 93' lang='lat' dir='ltr'><strong>Quid</strong></span> <span class='ocrx_word' id='word_1_860' title='bbox 2219 5261 2409 5315; x_wconf 80' lang='lat' dir='ltr'><strong>enim?</strong></span> <span class='ocrx_word' id='word_1_861' title='bbox 2456 5261 2686 5330; x_wconf 89' lang='lat' dir='ltr'><strong>Tempus</strong></span> <span class='ocrx_word' id='word_1_862' title='bbox 2732 5259 2876 5330; x_wconf 88' lang='lat' dir='ltr'><strong>quod</strong></span> <span class='ocrx_word' id='word_1_863' title='bbox 2927 5262 3143 5325; x_wconf 81' lang='lat' dir='ltr'><strong>vixisti,</strong></span> <span class='ocrx_word' id='word_1_864' title='bbox 3177 5262 3314 5318; x_wconf 91' lang='lat' dir='ltr'><strong>bene</strong></span> <span class='ocrx_word' id='word_1_865' title='bbox 3359 5279 3610 5320; x_wconf 58' lang='lat' dir='ltr'><strong>consume-</strong></span> 
     </span>
    </p>
   </div>
   <div class='ocr_carea' id='block_1_113' title="bbox 2030 5351 3611 5426">
    <p class='ocr_par' dir='ltr' id='par_1_113' title="bbox 2030 5351 3611 5426">
     <span class='ocr_line' id='line_1_113' title="bbox 2030 5351 3611 5426; baseline 0.006 -23"><span class='ocrx_word' id='word_1_866' title='bbox 2030 5351 2220 5419; x_wconf 67' lang='lat' dir='ltr'><strong>psisti‘l</strong></span> <span class='ocrx_word' id='word_1_867' title='bbox 2271 5352 2335 5406; x_wconf 87' lang='lat' dir='ltr'><strong>Et</strong></span> <span class='ocrx_word' id='word_1_868' title='bbox 2364 5352 2554 5408; x_wconf 88' lang='lat' dir='ltr'><strong>iterum</strong></span> <span class='ocrx_word' id='word_1_869' title='bbox 2603 5351 2814 5407; x_wconf 88' lang='lat' dir='ltr'><strong>dicebat</strong></span> <span class='ocrx_word' id='word_1_870' title='bbox 2861 5364 3108 5422; x_wconf 84' lang='lat' dir='ltr'><strong>tanquam</strong></span> <span class='ocrx_word' id='word_1_871' title='bbox 3163 5353 3231 5408; x_wconf 89' lang='lat' dir='ltr'><strong>de</strong></span> <span class='ocrx_word' id='word_1_872' title='bbox 3277 5356 3611 5426; x_wconf 86' lang='lat' dir='ltr'><strong>semetipso:</strong></span> 
     </span>
    </p>
   </div>
   <div class='ocr_carea' id='block_1_114' title="bbox 2029 5441 3610 5514">
    <p class='ocr_par' dir='ltr' id='par_1_114' title="bbox 2029 5441 3610 5514">
     <span class='ocr_line' id='line_1_114' title="bbox 2029 5441 3610 5514; baseline 0.006 -21"><span class='ocrx_word' id='word_1_873' title='bbox 2029 5441 2326 5508; x_wconf 88' lang='lat' dir='ltr'><strong>Quomodo,</strong></span> <span class='ocrx_word' id='word_1_874' title='bbox 2360 5443 2574 5497; x_wconf 89' lang='lat' dir='ltr'><strong>humilis</strong></span> <span class='ocrx_word' id='word_1_875' title='bbox 2602 5442 2865 5510; x_wconf 77' lang='lat' dir='ltr'><strong>Joannes,</strong></span> <span class='ocrx_word' id='word_1_876' title='bbox 2893 5445 3118 5500; x_wconf 84' lang='lat' dir='ltr'><strong>transire</strong></span> <span class='ocrx_word' id='word_1_877' title='bbox 3167 5452 3367 5514; x_wconf 87' lang='lat' dir='ltr'><strong>poteris</strong></span> <span class='ocrx_word' id='word_1_878' title='bbox 3412 5449 3610 5503; x_wconf 78' lang='lat' dir='ltr'><strong>bestias</strong></span> 
     </span>
    </p>
   </div>
   <div class='ocr_carea' id='block_1_115' title="bbox 2027 5533 3604 5605">
    <p class='ocr_par' dir='ltr' id='par_1_115' title="bbox 2027 5533 3604 5605">
     <span class='ocr_line' id='line_1_115' title="bbox 2027 5533 3604 5605; baseline 0.004 -19"><span class='ocrx_word' id='word_1_879' title='bbox 2027 5533 2325 5588; x_wconf 87' lang='lat' dir='ltr'><strong>aruudineti</strong></span> <span class='ocrx_word' id='word_1_880' title='bbox 2362 5533 2542 5604; x_wconf 77' lang='lat' dir='ltr'><strong>(Psal.</strong></span> <span class='ocrx_word' id='word_1_881' title='bbox 2568 5535 2751 5605; x_wconf 81' lang='lat' dir='ltr'><strong>vatt),</strong></span> <span class='ocrx_word' id='word_1_882' title='bbox 2779 5538 3004 5605; x_wconf 69' lang='lat' dir='ltr'><strong>quiando</strong></span> <span class='ocrx_word' id='word_1_883' title='bbox 3022 5538 3311 5593; x_wconf 83' lang='lat' dir='ltr'><strong>obviabunt</strong></span> <span class='ocrx_word' id='word_1_884' title='bbox 3355 5541 3447 5594; x_wconf 88' lang='lat' dir='ltr'><strong>tibi</strong></span> <span class='ocrx_word' id='word_1_885' title='bbox 3475 5556 3604 5594; x_wconf 83' lang='lat' dir='ltr'><strong>exa-</strong></span> 
     </span>
    </p>
   </div>
   <div class='ocr_carea' id='block_1_116' title="bbox 2027 5624 3605 5691">
    <p class='ocr_par' dir='ltr' id='par_1_116' title="bbox 2027 5624 3605 5691">
     <span class='ocr_line' id='line_1_116' title="bbox 2027 5624 3605 5691; baseline 0.003 -11"><span class='ocrx_word' id='word_1_886' title='bbox 2027 5624 2242 5680; x_wconf 82' lang='lat' dir='ltr'><strong>ctores?</strong></span> <span class='ocrx_word' id='word_1_887' title='bbox 2277 5624 2365 5678; x_wconf 70' lang='lat' dir='ltr'><strong>Va:</strong></span> <span class='ocrx_word' id='word_1_888' title='bbox 2389 5626 2564 5691; x_wconf 88' lang='lat' dir='ltr'><strong>qualis</strong></span> <span class='ocrx_word' id='word_1_889' title='bbox 2594 5625 2754 5680; x_wconf 87' lang='lat' dir='ltr'><strong>timor</strong></span> <span class='ocrx_word' id='word_1_890' title='bbox 2780 5635 2835 5681; x_wconf 90' lang='lat' dir='ltr'><strong>et</strong></span> <span class='ocrx_word' id='word_1_891' title='bbox 2863 5635 3062 5682; x_wconf 85' lang='lat' dir='ltr'><strong>tremor</strong></span> <span class='ocrx_word' id='word_1_892' title='bbox 3117 5628 3326 5684; x_wconf 88' lang='lat' dir='ltr'><strong>obtinet</strong></span> <span class='ocrx_word' id='word_1_893' title='bbox 3371 5631 3605 5685; x_wconf 87' lang='lat' dir='ltr'><strong>animam</strong></span> 
     </span>
    </p>
   </div>
   <div class='ocr_carea' id='block_1_117' title="bbox 2030 5716 3610 5790">
    <p class='ocr_par' dir='ltr' id='par_1_117' title="bbox 2030 5716 3610 5790">
     <span class='ocr_line' id='line_1_117' title="bbox 2030 5716 3610 5790; baseline 0.003 -19"><span class='ocrx_word' id='word_1_894' title='bbox 2030 5725 2155 5771; x_wconf 82' lang='lat' dir='ltr'><strong>tunc</strong></span> <span class='ocrx_word' id='word_1_895' title='bbox 2207 5716 2467 5771; x_wconf 90' lang='lat' dir='ltr'><strong>rationem</strong></span> <span class='ocrx_word' id='word_1_896' title='bbox 2500 5727 2807 5786; x_wconf 89' lang='lat' dir='ltr'><strong>ponentem,</strong></span> <span class='ocrx_word' id='word_1_897' title='bbox 2837 5719 2998 5772; x_wconf 84' lang='lat' dir='ltr'><strong>tantis</strong></span> <span class='ocrx_word' id='word_1_898' title='bbox 3046 5721 3460 5790; x_wconf 66' lang='lat' dir='ltr'><strong>emptisitoribus</strong></span> <span class='ocrx_word' id='word_1_899' title='bbox 3499 5733 3610 5777; x_wconf 77' lang='lat' dir='ltr'><strong>tam</strong></span> 
     </span>
    </p>
   </div>
   <div class='ocr_carea' id='block_1_118' title="bbox 2029 5808 3604 5869">
    <p class='ocr_par' dir='ltr' id='par_1_118' title="bbox 2029 5808 3604 5869">
     <span class='ocr_line' id='line_1_118' title="bbox 2029 5808 3604 5869; baseline 0.001 -4"><span class='ocrx_word' id='word_1_900' title='bbox 2029 5808 2225 5865; x_wconf 84' lang='lat' dir='ltr'><strong>amaris</strong></span> <span class='ocrx_word' id='word_1_901' title='bbox 2255 5821 2307 5865; x_wconf 88' lang='lat' dir='ltr'><strong>et</strong></span> <span class='ocrx_word' id='word_1_902' title='bbox 2334 5808 2882 5866; x_wconf 82' lang='lat' dir='ltr'><strong>itnmiserieordibus?</strong></span> <span class='ocrx_word' id='word_1_903' title='bbox 2925 5811 3128 5869; x_wconf 85' lang='lat' dir='ltr'><strong>Etenim</strong></span> <span class='ocrx_word' id='word_1_904' title='bbox 3183 5822 3396 5869; x_wconf 82' lang='lat' dir='ltr'><strong>sanctus</strong></span> <span class='ocrx_word' id='word_1_905' title='bbox 3425 5813 3604 5869; x_wconf 78' lang='lat' dir='ltr'><strong>istoin</strong></span> 
     </span>
    </p>
   </div>
  </div>
