3976 6438
350 408 483 465 1831

1412 391 1690 452 LEONTII
1733 387 2194 446 NEAPOLITANI
2252 385 2559 442 EPISCOPI

3490 381 3516 433 l
3528 379 3635 435 052

375 507 628 565 memoria
651 518 860 577 semper
899 505 1162 562 retinebat
1188 502 1327 574 quod
1354 510 1540 555 sancto
1592 499 1817 565 Simoni,
1849 497 1940 567 qui
1966 500 2014 558 Α
2044 496 2247 564 seopio.
2291 492 2467 549 Semel
2496 505 2627 560 ergo
2652 499 2704 546 et
2748 491 2829 546 bis
2871 490 2995 547 fecit
3042 490 3145 544 hoc
3182 489 3359 558 ipsum
3394 489 3619 543 scirem

379 605 433 654 in
464 600 722 655 columnis
750 599 896 654 stetit
935 597 1077 669 (85).
1102 612 1195 665 per
1225 594 1603 650 rcvelntionem
1635 591 1830 647 factum
1858 600 1939 646 est

382 697 565 744 notum
599 705 613 741 :
644 688 773 755 Quia
806 686 884 761 (ut
910 687 1004 757 ait)
1054 694 1281 740 exeunte
1307 684 1482 738 anima
1511 697 1545 737 e
1573 696 1816 749 corpore,
1840 682 1940 733 ob-

380 779 525 834 viant
552 778 598 833 ei
628 792 746 833 cum
774 778 1072 832 ascenderit
1098 791 1127 829 a
1158 786 1296 830 terra
1325 775 1376 827 in
1406 774 1621 837 omium,
1648 772 1799 826 chori
1829 771 1941 824 da:-

380 872 619 936 mon’um,
633 869 822 940 singuli
836 871 887 923 in
907 868 1118 937 proprio
1133 867 1337 922 ordine.
1358 865 1547 919 Obviat
1568 864 1615 917 ei
1629 864 1820 917 chorus
1835 862 1945 917 dae—

383 963 682 1014 moniorum
710 958 993 1027 superbiae,
1027 957 1307 1026 investigat
1334 971 1475 1021 eam,
1497 956 1542 1009 si
1573 955 1762 1009 habeat
1779 967 1944 1022 opera

382 1065 589 1104 eorum.
604 1049 995 1105 Obviatchorus
1006 1048 1279 1117 spirituum
1293 1046 1661 1101 detractionis:
1683 1045 1945 1113 aspiciunt

382 1142 428 1196 si
458 1142 665 1211 quando
711 1141 952 1196 oblocuta
983 1142 1070 1204 sit,
1101 1150 1154 1194 et
1200 1139 1568 1209 pmnitentiam
1620 1153 1721 1191 non
1756 1135 1940 1204 egerit.

386 1233 612 1289 Obviant
674 1233 863 1288 iterum
914 1233 1158 1300 superius
1213 1232 1481 1285 dmmones
1527 1226 1937 1282 fornicationis:

385 1332 686 1377 scrutantur
708 1324 749 1375 si
773 1327 1150 1391 recognoscant
1207 1322 1258 1374 in
1282 1337 1341 1374 ea
1375 1321 1672 1385 voluptates
1702 1331 1843 1370 suas.
1880 1315 1945 1369 Et

382 1411 591 1481 quando
611 1427 641 1465 a
668 1420 806 1468 terra
833 1426 1000 1479 usque
1039 1411 1105 1465 ad
1131 1410 1323 1466 cmlum
1355 1409 1547 1462 misera
1596 1407 1770 1460 anima
1800 1406 1945 1472 posi-

383 1511 498 1554 tura
528 1501 783 1555 rationem
818 1500 1137 1567 pervenerit,
1180 1512 1418 1552 seorsum
1449 1497 1513 1550 ab
1540 1511 1602 1549 ea
1651 1494 1819 1549 sancti
1848 1509 1945 1547 an-

381 1590 484 1659 geli
508 1589 740 1657 stabunt,
772 1597 828 1644 et
874 1605 976 1645 non
1028 1588 1353 1658 adjuvabunt
1398 1601 1515 1640 eam
1542 1585 1644 1639 nisi
1685 1586 1948 1640 bonitate:

383 1693 511 1733 sum.
545 1679 670 1733 llaec
717 1680 1058 1736 constderans
1106 1678 1191 1733 hic
1238 1678 1446 1743 nobilis,
1505 1677 1815 1745 perterritus
1853 1690 1948 1744 pro

387 1766 477 1821 tali
509 1766 638 1820 hora
667 1775 721 1822 et
749 1767 1004 1821 sollicitus
1025 1766 1190 1821 factus
1219 1774 1321 1829 est,
1351 1766 1528 1821 ferens
1556 1765 1609 1819 in
1633 1766 1947 1819 memoriam

2042 584 2130 640 ille
2158 585 2366 640 beatus.
2399 582 2640 637 Erudlvit
2665 590 2720 637 et
2759 583 2812 635 in
2852 582 2954 636 hoc
2986 581 3193 650 plebem
3219 581 3501 649 magnifice
3519 619 3536 644 ,
3564 588 3623 632 et

2040 677 2381 741 emendavit;
2410 676 2664 731 timebant
2687 676 2862 743 enim,
2889 691 2959 730 ne
2984 676 3179 729 iterum
3202 674 3434 743 idipsum
3458 672 3621 728 sche-

2046 786 2130 824 ma
2157 770 2357 824 faeeret
2387 770 2465 823 eis
2494 769 2584 822 ille
2613 783 2826 837 semper
2852 768 3249 823 memorandus.

2112 860 2241 914 Car.
2285 858 2441 913 XLII.
2470 887 2544 903 —-
2573 859 2741 929 Loqui
2782 870 2959 914 autem
3005 860 3059 912 in
3108 872 3345 914 sacrario
3396 858 3621 913 omnino

2045 963 2152 1003 non
2206 950 2582 1017 permittebat,
2624 950 2717 1003 sed
2770 950 2822 1003 in
2863 958 3155 1019 conspectu
3195 950 3433 1004 omnium
3476 947 3629 1002 foras

2045 1040 2286 1095 mittebat
2311 1055 2432 1095 eum
2455 1080 2472 1106 ,
2501 1042 2723 1095 dicens:
2760 1041 2822 1097 Si
2852 1040 3064 1110 quidem
3106 1052 3163 1095 ut
3201 1055 3385 1097 orares
3424 1041 3625 1095 veniSti

2046 1132 2180 1195 huc,
2205 1131 2257 1185 in
2287 1131 2387 1185 hoc
2413 1143 2644 1186 mentem
2668 1141 2812 1185 tuam
2838 1140 2893 1186 et
2912 1145 2974 1185 os
3003 1140 3147 1186 tuum
3173 1146 3363 1187 vacare
3387 1142 3586 1197 exopta
3610 1148 3625 1196 ;

2043 1222 2092 1276 si
2134 1236 2263 1275 vero
2303 1230 2520 1289 propter
2561 1222 2921 1286 locutionem,
2962 1223 3216 1289 scriptum
3254 1231 3378 1275 est:
3422 1221 3631 1276 Domus

2046 1310 2140 1365 Dei
2185 1311 2377 1365 domus
2416 1311 2674 1365 orationis
2715 1312 2992 1365 vocabitur
3035 1310 3272 1383 (Matth.
3300 1326 3388 1365 xu
3414 1318 3434 1382 )
3464 1328 3480 1377 ;
3514 1312 3633 1366 noli

2046 1417 2176 1472 ergo
2207 1401 2385 1457 facere
2412 1415 2532 1455 eam
2561 1403 2868 1468 speluncam
2900 1403 3187 1455 latronum.

2116 1494 2246 1545 Cap.
2280 1490 2460 1546 XLIII.
2491 1520 2559 1531 -—-
2589 1490 2700 1545 Hoc
2738 1501 2913 1546 autem
2954 1500 3067 1546 erat
3109 1490 3475 1545 admirabilius
3501 1505 3635 1545 san-

2047 1581 2269 1637 ctissimi
2302 1580 2459 1649 hujus
2483 1582 2832 1651 patriarchas,
2862 1583 3110 1651 quoniam
3138 1597 3237 1637 nec
3259 1584 3636 1637 monachicam

2047 1674 2208 1726 vitam
2249 1672 2487 1738 ducens,
2520 1688 2696 1741 neque
2725 1676 2776 1726 in
2803 1676 2950 1727 clero
2986 1682 3221 1727 moratus
3262 1675 3314 1727 in
3349 1675 3579 1727 ecclesia
3610 1712 3626 1737 ,

2048 1764 2143 1819 sed
2172 1774 2229 1819 et
2256 1762 2469 1819 feminae
2510 1765 2745 1833 legitime
2785 1766 2984 1821 dudum
3029 1767 3345 1833 coniunctus
3376 1765 3523 1837 (86),
3558 1767 3635 1819 ita

383 1866 434 1911 et
454 1858 623 1912 sancti
648 1857 928 1912 Hilarionis
948 1858 1215 1926 eloquium
1242 1856 1390 1925 (Vita
1419 1856 1726 1922 Hilarionis,
1743 1870 1795 1909 c.
1812 1855 1906 1923 58)
1932 1874 1948 1923 ;
1979 1848 2023 1908 Β
2055 1855 2222 1908 tenuit
2248 1854 2484 1924 vigorem
2508 1856 2752 1910 ecclesia:
2777 1857 2843 1909 ab
2867 1857 2982 1925 ipso
3006 1858 3163 1911 initio
3188 1872 3295 1925 quo
3323 1857 3635 1926 patriarcha

386 1946 510 2023 quia
535 1961 654 2000 cum
682 1961 712 2001 e
736 1946 843 2000 vita
871 1961 1180 2015 egressurus
1201 1954 1363 2010 esset,
1386 1944 1688 2000 formidavit
1736 1954 1790 2001 et
1813 1945 1949 2001 dixit.

387 2032 577 2089 anima:
598 2049 707 2091 sua
735 2050 752 2093 :
785 2036 1058 2105 Octoginta
1088 2051 1279 2100 annos,
1305 2052 1335 2088 ο
1359 2036 1579 2090 humilis
1626 2036 1825 2101 anima,
1857 2037 1951 2089 lia-

385 2121 482 2178 bes
512 2125 752 2179 serviens
783 2124 1017 2192 Christo,
1048 2136 1102 2180 et
1132 2124 1282 2180 times
1301 2126 1479 2181 exire?
1505 2125 1623 2186 Exi,
1647 2123 1766 2194 quia
1787 2124 1948 2179 mise-

388 2211 557 2267 ricors
589 2221 686 2267 est.
713 2214 777 2269 Et
799 2214 1007 2268 dicebat
1050 2214 1149 2267 sibi
1181 2215 1514 2283 patriarcha:
1542 2215 1595 2269 Si
1624 2215 1669 2268 is
1695 2216 1781 2282 qui
1804 2225 1940 2269 octo-

385 2302 529 2371 ginta
558 2319 726 2359 annos
754 2306 974 2360 servivit
1021 2306 1253 2374 Christo,
1280 2316 1331 2361 et
1378 2317 1616 2367 mortuos
1651 2306 1953 2372 suscitavit,

386 2394 611 2464 etsigna
642 2394 780 2457 fecit,
810 2395 983 2449 timuit
1009 2411 1239 2449 amaram
1259 2395 1402 2449 illam
1433 2396 1637 2460 horam,
1671 2395 1798 2467 quid
1854 2395 1949 2448 ha-

388 2483 482 2538 bes
507 2492 582 2549 tu,
608 2484 820 2539 humilis
848 2485 1102 2551 Joannes,
1134 2487 1313 2541 dicere
1364 2496 1457 2542 aut
1498 2487 1673 2547 facere
1694 2529 1708 2555 ,
1739 2487 1955 2555 quando

388 2572 720 2628 obviaverint
749 2574 800 2628 in
832 2574 1017 2629 faciem
1042 2584 1183 2628 tuam
1224 2575 1470 2630 crudeles
1500 2575 1576 2629 illi
1607 2584 1659 2628 et
1715 2577 1953 2630 immise-

391 2668 627 2728 ricordes
646 2677 920 2723 exactores
943 2679 996 2724 et
1021 2669 1390 2737 inquisitores?
1413 2670 1492 2723 Ad
1514 2678 1740 2737 quantos
1757 2670 1956 2735 poteris

392 2758 654 2814 rationem
684 2759 927 2828 reddere,
946 2760 1010 2813 ad
1032 2775 1123 2816 eos
1145 2761 1230 2829 qui
1260 2759 1548 2829 exquirunt
1570 2761 1633 2813 de
1655 2758 1953 2823 mendacio,

390 2848 459 2903 ad
485 2863 577 2903 eos
594 2850 681 2919 qui
699 2849 765 2904 de
788 2850 1134 2914 detractione,
1154 2851 1216 2904 ad
1239 2866 1330 2905 cos
1345 2850 1431 2918 qui
1456 2849 1521 2905 de
1541 2850 1870 2915 crudelitate,
1889 2851 1953 2903 ad

391 2951 486 2993 eos
514 2939 601 3007 qui
631 2938 697 2993 de
723 2938 967 3006 avaritia,
998 2940 1061 2993 ad
1098 2955 1192 2996 eos
1213 2942 1301 3009 qui
1330 2942 1394 2995 de
1422 2942 1675 2995 memoria
1714 2941 1860 3006 mali,
1886 2940 1954 2994 ad

387 3043 484 3083 eos
516 3030 604 3098 qui
657 3031 725 3086 de
752 3032 897 3098 odio,
926 3032 992 3087 ad
1024 3048 1117 3086 eos
1152 3033 1239 3101 qui
1270 3032 1551 3100 exquirunt
1582 3032 1647 3087 de
1689 3032 1956 3103 petjurio?

389 3119 458 3177 Et
517 3121 851 3177 dementatus
890 3124 1099 3177 dicebat
1149 3140 1161 3175 :
1205 3123 1343 3177 Deus
1376 3163 1391 3190 ,
1442 3132 1497 3179 tu
1558 3137 1649 3178 eos
1714 3123 1949 3190 increja,

2057 1953 2406 1999 consecratus
2438 1954 2556 2011 est,
2585 1946 2716 2001 etin
2747 1946 2907 2002 talem
2948 1948 3326 2003 sublimitatem
3367 1948 3637 2003 exaltatus

2052 2044 2135 2089 est
2151 2073 2167 2098 ,
2198 2043 2258 2088 ut
2283 2035 2478 2091 multos
2505 2037 2844 2092 eremitarum
2870 2049 2924 2093 et
2950 2037 3003 2090 in
3027 2048 3170 2093 arcta
3194 2040 3297 2093 vita
3322 2039 3634 2109 degentium

2051 2137 2349 2194 superaret.

2123 2215 2254 2269 Car.
2290 2215 2471 2271 XLIV.
2502 2245 2572 2258 —
2602 2216 2796 2273 Volens
2824 2226 3000 2273 autem
3032 2232 3131 2275 nec
3157 2218 3315 2288 hujus
3343 2220 3469 2273 boni
3507 2234 3635 2273 esse

2055 2304 2343 2373 inexpers,
2397 2306 2654 2360 videlicet
2694 2306 3018 2363 monachicae
3045 2310 3167 2363 vitae
3198 2311 3634 2364 connumeratio-

2056 2396 2173 2462 nis,
2220 2397 2401 2451 studet
2443 2411 2556 2451 rem
2606 2398 2807 2453 talem:
2862 2413 3190 2469 congregans
3238 2400 3374 2455 duos
3412 2400 3633 2453 ordines

2056 2498 2358 2542 sanctorum
2387 2488 2801 2554 monachorum,
2831 2490 3014 2544 statuit
3045 2491 3096 2543 in
3120 2491 3199 2545 eis
3238 2476 3451 2543 omnem
3489 2490 3633 2542 utili-

2056 2588 2217 2633 tatem
2246 2580 2401 2633 tribui
2429 2579 2496 2633 de
2528 2579 2667 2633 villis
2694 2580 2803 2634 suis
2835 2579 2890 2633 in
2932 2580 3148 2636 civitate
3171 2595 3265 2634 sua
3292 2598 3306 2631 :
3336 2591 3390 2635 et
3434 2580 3635 2633 faciens

2056 2671 2136 2725 eis
2163 2671 2383 2725 cellulas
2426 2671 2477 2723 in
2510 2670 2715 2725 duobus
2743 2671 2990 2726 oratoriis
3022 2671 3260 2726 Dominae
3286 2681 3483 2725 nostra:
3509 2684 3633 2722 san-

2056 2772 2157 2816 clm
2210 2760 2303 2815 Dei
2349 2760 2654 2829 genitricis,
2698 2769 2753 2815 et
2789 2761 2958 2816 sancti
2999 2761 3250 2825 Joannis,
3289 2775 3407 2829 quae
3448 2760 3568 2828 ipse
3605 2774 3635 2813 τι

2056 2853 2411 2907 fundamentis
2458 2854 2844 2917 aediﬁcarent,
2875 2853 3060 2906 dicens
3101 2852 3482 2905 amantissimis
3526 2851 3635 2905 Deo

2057 2943 2335 2998 monachis
2365 2944 2437 2996 ita
2464 2959 2476 2994 :
2507 2942 2616 3012 Ego
2645 2952 2763 3012 post
2794 2941 2961 2996 Deum
2991 2942 3271 2997 utilitatem
3299 2943 3633 3009 corporalem

2055 3043 2290 3087 vestram
2330 3033 2660 3101 procurabo,
2703 3047 2799 3087 vos
2837 3041 3011 3086 autem
3054 3032 3344 3101 spirituaiis
3386 3031 3637 3085 habetote

2060 3137 2191 3176 meae
2234 3136 2414 3175 curam
2453 3122 2663 3177 salutis.
2710 3121 3025 3189 Vespertina
3065 3130 3121 3176 et
3161 3131 3417 3176 nocturna
3458 3121 3637 3191 vigilia

390 3223 513 3264 nam
574 3211 746 3265 omnis
785 3208 1037 3267 fortitudo
1096 3213 1368 3267 hominum
1426 3213 1506 3267 eis
1546 3213 1795 3267 resistere
1851 3230 1953 3267 non
1983 3198 2026 3259 C
2060 3210 2342 3279 mihiapud
2362 3210 2525 3264 Deum
2549 3213 2868 3278 imputetur:
2899 3210 3152 3278 quidquid
3183 3224 3309 3264 vero
3341 3209 3396 3263 in
3427 3209 3636 3265 cellulis

390 3300 549 3355 valet.
605 3300 719 3369 Tu,
781 3302 1042 3371 Domine,
1087 3305 1154 3359 da
1216 3304 1369 3359 nobis
1429 3303 1676 3359 ductores
1747 3316 1959 3360 sanctos

390 3391 628 3460 angelos,
671 3392 758 3460 qui
811 3394 1109 3450 custodiant
1172 3396 1542 3465 etgubernent
1598 3411 1732 3463 nos;
1793 3398 1955 3451 multa

391 3483 531 3539 enim
597 3493 679 3537 est
733 3497 913 3540 eontra
978 3502 1074 3543 nos
1124 3504 1307 3543 eorum
1348 3490 1573 3555 insania,
1615 3490 1810 3543 multus
1850 3498 1958 3544 tre-

395 3589 531 3640 mor,
560 3574 757 3631 multus
807 3576 982 3642 timor,
1018 3579 1236 3632 multum
1271 3579 1560 3647 periculum
1611 3578 1783 3648 pelagi
1818 3581 1958 3633 aeris

397 3663 578 3735 hujus,
606 3665 661 3720 Si
683 3667 825 3722 enim
848 3667 914 3721 de
935 3669 1147 3727 civitate
1174 3684 1225 3723 tn
1259 3670 1526 3725 civitatem
1568 3686 1730 3743 super
1760 3682 1955 3726 terram

392 3754 746 3822 ambulantes,
765 3758 1111 3825 deprecamur
1127 3773 1218 3812 eos
1240 3759 1328 3829 qui
1353 3760 1506 3814 nobis
1530 3762 1778 3817 ductores
1807 3774 1956 3832 sunt,

392 3860 461 3902 ne
488 3847 543 3902 in
565 3847 855 3916 praecipitia
879 3848 1136 3903 cedamus
1161 3888 1177 3914 ,
1207 3858 1298 3903 aut
1325 3850 1375 3903 in
1422 3851 1709 3920 agrestium
1762 3852 1958 3908 bestia-

390 3954 508 3993 rum
532 3938 671 4007 ioca,
700 3950 793 3994 aut
826 3940 877 3994 in
909 3940 1123 3995 fiumina
1157 3940 1380 4007 inﬁnita,
1412 3952 1505 3996 aut
1534 3943 1585 3997 in
1612 3942 1959 4001 inaccessibi-

374 4031 457 4093 les
509 4038 565 4085 et
614 4031 796 4087 invios
828 4040 1068 4097 montes,
1113 4038 1210 4085 aut
1236 4046 1294 4085 in
1330 4037 1611 4084 latronum
1641 4044 1839 4083 manus
1868 4036 1967 4083 aut

375 4123 433 4178 in
486 4138 735 4179 eremum
791 4122 1412 4194 incomprehensibilem
1476 4129 1571 4176 aut
1620 4120 1966 4191 inaquosam,

391 4215 445 4260 et
474 4222 770 4273 pereamus.
793 4210 927 4274 Quot
953 4210 1267 4265 ductoribus
1294 4210 1519 4267 fortibus
1548 4219 1601 4266 et
1629 4212 1824 4267 divinis
1863 4227 1956 4267 cu-

389 4298 628 4352 stodibus
678 4315 812 4365 opus
837 4302 1109 4367 habemus,
1143 4312 1422 4372 pergentes
1478 4304 1632 4374 longa
1663 4305 1746 4359 via
1777 4304 1875 4361 hac
1903 4316 1957 4363 et

389 4396 611 4453 aeterna,
640 4390 909 4456 videlicet,
938 4406 1056 4460 qua:
1080 4406 1145 4447 ex
1175 4407 1399 4461 corpore
1424 4406 1508 4449 est
1523 4397 1782 4465 egressio,
1808 4406 1862 4452 et
1888 4396 1954 4450 ad

390 4476 585 4531 caelum
639 4479 919 4535 ascensio?
952 4482 1041 4536 ila:
1066 4490 1191 4536 sunt
1228 4485 1487 4553 sapientia
1520 4487 1689 4553 plenae
1718 4487 1858 4543 beati
1887 4489 1950 4542 ad

389 4581 448 4621 se
471 4574 524 4622 et
550 4567 616 4623 ad
653 4583 841 4625 omnes
887 4570 1175 4638 doctrinae;
1218 4573 1300 4628 hae
1330 4582 1452 4628 sunt
1477 4576 1591 4644 ejus
1634 4578 1953 4646 quotidiana:
1986 4554 2033 4615 θ

390 4673 534 4717 cura:
554 4668 715 4724 atque
746 4662 1135 4723 meditationes.

457 4748 584 4805 Car.
627 4749 759 4811 XLI.
792 4781 864 4803 -.-
888 4753 1101 4808 Multam
1131 4763 1304 4808 autem
1335 4764 1388 4809 et
1414 4756 1480 4812 dc
1508 4767 1689 4812 sancta
1730 4759 1959 4813 statione

389 4856 572 4897 curam
599 4842 861 4911 habebat,
881 4854 938 4900 et
961 4845 1371 4903 sollicitudinem
1400 4849 1814 4904 demonstrabat.
1841 4850 1959 4906 Una

393 4932 535 4992 enim
566 4932 777 4989 dierum
803 4937 989 4991 volens
1018 4937 1214 4991 multos
1236 4952 1481 4994 resecare
1499 4979 1514 5005 ,
1539 4948 1595 4992 ut
1619 4954 1720 4993 non
1744 4942 1959 5007 egrede-

388 5032 576 5081 rentur
603 5035 725 5094 post
750 5025 1065 5085 solutionem
1105 5028 1275 5083 sancti
1317 5029 1583 5097 Evangelii
1612 5030 1679 5083 de
1705 5030 1954 5093 ecclesia,

387 5122 445 5170 et
481 5116 670 5173 otiosis
709 5117 1047 5175 sermonibus
1088 5134 1185 5187 pro
1227 5120 1469 5173 oratione
1505 5126 1783 5183 vacarent,
1828 5119 1954 5188 quid

385 5206 546 5267 fecit?
574 5205 807 5276 Reliquit
831 5223 990 5273 mox,
1039 5218 1316 5277 postquam
1348 5210 1539 5262 lectum
1588 5219 1672 5263 est
1716 5219 1955 5261 sanctum

385 5299 766 5369 Evangelium,
796 5299 1119 5366 ecclesiam;
1152 5309 1206 5356 et
1233 5301 1347 5369 ipse
1375 5302 1536 5362 exiit,
1570 5309 1624 5354 et
1660 5300 1800 5354 sedit
1838 5314 1956 5354 cum

387 5390 562 5448 turba.
590 5390 845 5447 Omnibus
876 5407 1002 5448 vero
1026 5391 1459 5460 obstupentibus,
1485 5389 1616 5444 dixit
1638 5389 1704 5443 ad
1730 5404 1825 5444 eos
1842 5392 1954 5457 jus-

390 5486 514 5534 tus:
554 5479 764 5546 Filioli,
794 5481 881 5536 ubi
911 5496 1072 5548 oves,
1119 5482 1229 5536 illic
1269 5488 1325 5537 ct
1365 5491 1562 5548 pastor.
1610 5482 1717 5533 Aut
1762 5479 1956 5534 intrate

394 5568 568 5637 intro,
598 5581 655 5625 et
684 5573 1042 5641 ingrediantur
1067 5588 1081 5637 ;
1112 5582 1202 5627 aut
1229 5582 1441 5627 manete
1469 5571 1585 5634 hic,
1617 5579 1670 5624 et
1713 5570 1798 5623 hic
1839 5585 1954 5623 ma-

391 5661 552 5717 nebo.
587 5661 697 5731 Ego
724 5671 938 5730 propter
977 5678 1071 5719 vos
1109 5664 1378 5719 descendo
1416 5664 1468 5716 in
1506 5669 1742 5715 sanctam
1786 5660 1952 5713 eccle-

395 5750 563 5815 ἱὶὶιωι
595 5764 716 5809 nam
759 5762 995 5819 poteram
1031 5756 1203 5808 facere
1238 5753 1483 5809 mihimet
1520 5751 1710 5809 missas
1752 5751 1803 5806 in
1844 5752 1954 5818 cpi-

2064 3306 2255 3358 vestris
2281 3301 2441 3357 ofﬁcii
2471 3301 2721 3368 feceritis,
2755 3318 2850 3372 pro
2881 3303 3071 3358 vestris
3098 3303 3166 3356 sit
3192 3302 3491 3357 animabus.
3523 3303 3638 3357 Iloc

2064 3406 2241 3450 autem
2272 3394 2427 3461 fecit,
2460 3396 2644 3450 volens
2673 3395 3008 3449 sollicitiores
3049 3394 3265 3450 efﬁcere
3304 3393 3402 3449 Dei
3438 3396 3638 3450 amicos

2063 3487 2379 3541 monachos.
2404 3486 2557 3543 Unde
2581 3498 2632 3541 et
2661 3487 2953 3555 permansit
2980 3486 3091 3541 Deo
3124 3487 3244 3541 talis
3271 3494 3415 3555 grata
3444 3488 3637 3541 consti-

2063 3579 2191 3632 tutio
2219 3578 2462 3632 ordinum
2491 3594 2505 3644 ;
2532 3587 2584 3632 et
2608 3578 2672 3631 ad
2700 3578 3095 3632 similitudinem
3121 3578 3432 3633 monasterii
3458 3594 3522 3633 ex
3555 3579 3636 3633 his

2061 3670 2254 3724 civitas
2294 3683 2428 3738 pene
2457 3670 2618 3734 vivit,
2670 3670 2723 3724 in
2750 3668 2976 3726 diversis
3006 3670 3137 3727 locis
3164 3669 3447 3741 pervigiles
3475 3670 3631 3743 hym-

2060 3760 2247 3815 nodias
2274 3761 2385 3815 Deo
2413 3760 2672 3815 referens.

2131 3850 2261 3905 Car.
2301 3849 2462 3905 XLV.
2494 3880 2562 3891 —
2592 3850 2657 3903 Et
2687 3850 2788 3905 hoc
2813 3849 3001 3905 beatus
3029 3851 3130 3905 iste
3154 3851 3230 3905 ita
3256 3866 3445 3907 omnes
3474 3850 3632 3906 doce-

2061 3941 2183 4007 bat,
2212 3950 2265 3996 et
2294 3941 2693 3995 contestabatur
2735 3940 2916 3996 dicens
2948 3958 2963 3996 :
2992 3939 3304 3996 Nullatenus
3344 3941 3627 4011 aliquando

2061 4036 2433 4091 haereticorum
2459 4036 2845 4090 communionis
2863 4074 2878 4100 ,
2910 4036 3014 4090 imo
3039 4034 3486 4105 coinquinationis
3511 4048 3631 4101 par-

2059 4125 2383 4195 ticipemini,
2409 4126 2570 4180 etiam
2601 4126 2647 4179 si
2699 4125 2843 4179 omni
2871 4127 2976 4179 vita
3005 4136 3180 4179 veStra
3209 4139 3277 4180 ex
3314 4124 3488 4193 aliqua
3528 4124 3626 4178 im—

2058 4218 2301 4288 pulsione
2352 4218 2437 4271 vel
2494 4217 2817 4273 necessitate
2868 4216 3295 4272 communionem
3349 4214 3628 4269 catholicae

2061 4309 2323 4365 Ecclesia:
2368 4323 2473 4363 non
2517 4308 2878 4375 invenientes,
2929 4309 3044 4363 siue
3086 4309 3459 4364 communione
3506 4322 3628 4377 per-

2060 4401 2386 4459 manseritis.
2421 4399 2478 4456 Si
2510 4400 2650 4457 enim
2672 4442 2688 4469 ,
2719 4400 2831 4467 ait,
2868 4415 3088 4454 uxorem
3131 4400 3461 4467 corporalem
3502 4398 3632 4465 legi-

2062 4494 2188 4548 time
2212 4491 2569 4561 possidentes,
2595 4490 2650 4545 in
2679 4491 2893 4561 regione
2916 4491 3090 4558 aliqua
3117 4489 3397 4559 longinqua
3429 4486 3629 4554 absque

2057 4583 2157 4638 ista
2186 4591 2425 4650 tempore
2451 4580 2618 4635 multo
2641 4588 2944 4643 morantes,
2971 4577 3271 4649 relinquere
3294 4577 3433 4631 hanc
3460 4585 3516 4630 et
3540 4574 3625 4629 alii

2055 4674 2326 4743 copulari,
2366 4687 2396 4727 a
2435 4670 2544 4727 Deo
2575 4680 2629 4727 et
2658 4671 2863 4740 legibus
2893 4669 3254 4740 prohibemur,
3283 4666 3329 4721 si
3361 4681 3490 4721 vero
3530 4665 3629 4719 hoc

2055 4764 2322 4834 egerimus
2345 4801 2360 4827 ,
2409 4761 2661 4831 punimur
2691 4778 2705 4825 ;
2744 4758 3009 4830 quomodo
3050 4767 3237 4827 putas,
3278 4755 3389 4810 Deo
3421 4770 3517 4825 per
3547 4769 3629 4827 re;

2059 4864 2196 4910 ctam
2241 4853 2396 4908 fidem
2437 4861 2491 4908 et
2525 4851 2839 4906 catholicam
2886 4850 3175 4905 Ecciesiam
3224 4847 3538 4916 conjuncti,
3571 4856 3629 4899 ut

2060 4946 2133 4999 ait
2164 4943 2485 5012 Apostolus:
2519 4943 2709 5012 Aptavi
2736 4955 2832 4996 vos
2858 4941 2951 4995 uni
2976 4941 3089 4994 viro
3130 4938 3392 5009 virginem
3430 4947 3630 4991 castam

2060 5034 2314 5091 exhibere
2342 5030 2556 5086 Christo
2587 5032 2654 5103 (ll
2676 5031 2794 5085 Cor.
2818 5030 2901 5102 ιι)
2922 5073 2937 5099 ,
2969 5030 3014 5084 si
3041 5029 3395 5083 orthodoxam
3422 5037 3476 5081 et
3510 5040 3632 5080 san-

2063 5133 2167 5177 tam
2199 5122 2353 5175 fidem
2392 5114 2819 5175 adulteraveritis
2861 5136 2956 5190 per
3000 5119 3427 5173 communionem
3461 5117 3636 5172 haere-

2061 5215 2307 5279 ticorum,
2336 5227 2442 5265 non
2470 5210 2522 5265 in
2554 5213 2727 5266 futuro
2757 5210 2954 5264 saeculo
2984 5209 3254 5273 tormenti,
3280 5208 3421 5276 quod
3442 5222 3632 5276 exspe-

2061 5310 2170 5356 ctat
2216 5301 2530 5367 haereticos,
2567 5304 2768 5356 erimus
2808 5300 2930 5354 facti
2958 5300 3279 5369 participes?
3308 5298 3629 5355 Communia

2063 5395 2204 5449 enim
2228 5438 2240 5461 ,
2271 5394 2373 5458 ait,
2406 5394 2526 5447 ideo
2556 5392 2771 5459 dicitur,
2807 5407 2872 5447 eo
2901 5391 3041 5461 quod
3067 5406 3402 5446 communem
3434 5387 3626 5454 faciat,

2061 5495 2111 5540 et
2158 5485 2333 5539 firmet
2376 5482 2858 5538 communicantcm
2909 5481 3096 5550 quibus
3136 5481 3513 5536 communicat.
3554 5480 3633 5535 Ne

2062 5575 2238 5644 igitur,
2271 5588 2483 5642 quasso,
2526 5574 2629 5639 ait,
2668 5588 2699 5628 ο
2741 5571 2869 5641 filii,
2911 5573 3213 5642 hujusmodi
3253 5574 3504 5629 oratoriis
3542 5589 3633 5641 ap-

2062 5666 2285 5734 plicetis.

2134 5754 2261 5808 Car.
2306 5752 2486 5809 XLVI.
2530 5784 2599 5795 -
2638 5750 2770 5808 Cum
2809 5755 3056 5811 omnibus
3093 5754 3246 5810 bonis
3285 5754 3395 5810 suis
3433 5764 3485 5811 et
3532 5752 3632 5811 hoc
