3976 6408
345 377 478 434 Ηῖῖξδ

1286 375 1444 430 VITA
1488 373 1730 431 SANCTI
1769 371 2041 428 JOANNIS
2081 370 2656 428 ELEEMOSYNARII.

3431 382 3569 437 1633

337 498 524 550 beatus
560 491 646 546 hic
685 471 1021 558 possidebat,
1062 486 1200 557 quad
1241 488 1260 558 (
1289 497 1346 541 ιιι
1384 488 1582 543 dictam
1625 499 1707 544 est
1736 489 1755 558 )
1797 504 1900 542 non
1930 488 1980 548 Α
2006 497 2126 541 sunt
2153 503 2299 554 eam,
2329 487 2761 543 abrenuntiautes
2791 489 3021 556 mundo,
3055 503 3175 545 cum
3202 503 3262 545 ea
3290 503 3572 565 pergentes

339 586 724 642 condemnaret
755 583 1050 650 proximum
1072 621 1086 646 ,
1119 595 1215 635 nec
1245 580 1662 634 condemnantes
1704 581 1906 647 recipe-

342 677 441 730 ret.
479 674 664 728 Dieam
697 686 825 728 vero
852 683 905 726 et
934 671 1050 741 ejus
1085 670 1377 724 doctrinam
1419 670 1486 724 de
1522 670 1626 725 hoc
1661 671 1910 727 omnibus

341 771 678 840 proficuam:
739 767 957 820 Juvenis
1013 765 1225 832 quidam
1280 765 1492 830 rapiens
1546 763 1859 818 monacham
1892 804 1906 828 ,

340 861 468 929 fugit
521 856 1064 924 Constantinopolim.
1109 851 1220 907 Hoc
1239 853 1450 911 discens
1489 852 1696 922 justus,
1743 851 1909 906 tristis

340 951 509 1006 factus
547 951 628 1005 est
668 963 836 1016 usque
872 947 937 999 ad
984 954 1225 999 mortem.
1264 944 1528 1014 Tempore
1569 957 1696 997 vero
1734 941 1910 1009 aliquo

343 1049 640 1105 transacto,
670 1037 994 1092 consedente
1024 1053 1088 1093 eo
1118 1053 1218 1092 una
1263 1035 1465 1092 dierum
1508 1035 1560 1089 in
1609 1027 1908 1088 honorabili

343 1131 694 1190 cimiliarchio
735 1148 852 1187 cum
892 1129 1205 1200 quibusdam
1245 1129 1487 1192 clericis,
1519 1136 1574 1181 et
1610 1140 1908 1180 sermonem

340 1233 535 1288 anima:
565 1233 745 1286 utilem
778 1239 1023 1285 movente
1043 1271 1056 1292 ,
1088 1229 1231 1284 venit
1261 1228 1314 1281 in
1345 1228 1575 1281 medium
1616 1235 1670 1280 et
1710 1237 1911 1278 memo-

344 1326 425 1380 ria
453 1328 661 1393 juvenis
691 1323 777 1393 qui
806 1321 1048 1375 ancillam
1079 1320 1171 1375 Dei
1219 1328 1498 1389 rapuerat,
1541 1328 1594 1372 et
1635 1323 1911 1386 coeperunt

344 1416 434 1481 qui
474 1422 660 1468 sancto
698 1411 1044 1466 considebant
1078 1410 1529 1464 anatltcmatizare
1571 1409 1725 1462 tatem
1763 1409 1911 1476 juve-

344 1507 465 1561 ner'n
490 1547 505 1571 ,
553 1513 800 1572 tanquam
847 1502 934 1571 qui
976 1501 1106 1555 duas
1158 1503 1361 1556 animas
1396 1489 1728 1570 perdiderat,
1759 1515 1909 1553 suam

341 1596 590 1651 videlicet
627 1601 680 1648 ct
707 1593 1148 1648 sanctimonialis.
1176 1579 1512 1659 Compescuit
1536 1605 1660 1655 ergo
1688 1599 1739 1642 et
1769 1603 1914 1644 rese-

346 1689 487 1742 cavit
516 1702 609 1740 eos
637 1686 852 1750 beatus,
886 1684 1066 1738 dicens
1094 1701 1107 1739 :
1138 1682 1214 1737 Ne
1244 1682 1320 1737 sic
1341 1723 1355 1749 ,
1389 1681 1479 1735 lilii
1502 1721 1515 1745 ,
1548 1696 1614 1736 ne
1643 1681 1718 1734 sic
1744 1697 1758 1746 ;
1790 1693 1909 1732 nam

341 1777 626 1833 ostendam
674 1775 826 1829 vobis
873 1780 993 1842 quia
1041 1784 1094 1828 et
1143 1789 1238 1827 vos
1285 1773 1391 1827 duo
1443 1781 1655 1840 peccata
1684 1771 1907 1825 .facitis:

2014 578 2065 632 in
2098 580 2476 632 monasterium
2516 579 2648 648 ejus.
2691 577 2891 634 Servus
2928 581 3068 635 enim
3109 579 3205 635 Dei
3249 583 3574 654 monachus,

2010 670 2096 738 qui
2129 672 2427 725 totonderat
2476 686 2630 739 eam,
2672 681 2950 740 postquam
2990 661 3249 728 satisfecit
3289 675 3569 742 omnibus,

2011 763 2223 817 tradidit
2249 764 2357 818 Deo
2385 762 2625 832 spiritum
2657 765 2711 818 in
2743 779 2888 833 pace.
2922 747 3076 831 Ideo,
3108 764 3300 834 inquit,
3335 766 3455 822 dico
3481 783 3577 822 vo-

2009 854 2126 919 bis,
2171 854 2300 921 filii,
2346 869 2413 909 ne
2454 855 2750 923 praecipites
2792 855 2859 909 ad
2899 856 3304 910 condemnanda
3343 865 3395 911 et
3436 856 3578 924 judi-

2010 943 2175 996 canda
2204 945 2319 998 sitis
2348 945 2541 998 aliena.
2577 936 2840 999 Multoties
2866 947 3008 1000 enim
3041 956 3314 1015 peccatum
3343 943 3575 1002 fornica-

2014 1033 2176 1088 tionis
2204 1035 2465 1102 vidimus,
2505 1035 2872 1104 pcenitentiam
2904 1051 3028 1092 vero
3067 1036 3218 1106 ejus,
3259 1051 3417 1104 quam
3459 1037 3579 1092 fecit

2012 1127 2218 1180 occulte
2238 1167 2252 1190 ,
2288 1141 2392 1181 non
2424 1128 2748 1197 aspeximus.
2779 1129 2847 1183 Et
2873 1137 2956 1184 est
2985 1131 3108 1200 quia
3147 1131 3344 1186 furtum
3384 1131 3578 1186 facien-

2013 1225 2116 1270 tem
2159 1217 2439 1286 quemdam
2477 1219 2737 1284 vidimus,
2773 1221 2998 1288 suspiria
3047 1236 3174 1276 vero
3221 1232 3276 1277 et
3315 1223 3578 1293 lacrymas

2012 1322 2143 1376 quas
2173 1309 2422 1376 produxit
2453 1309 2562 1364 Deo
2590 1312 2876 1366 nescimus.
2920 1311 2983 1366 Et
3026 1329 3124 1368 nos
3163 1314 3377 1384 quidem
3417 1315 3580 1370 habe-

2012 1413 2130 1450 mus
2159 1413 2281 1451 eum
2313 1399 2525 1467 qualem
2557 1398 2786 1454 vidimus
2815 1387 2964 1455 illum
2990 1445 3005 1469 ,
3046 1402 3216 1458 furem
3239 1444 3253 1468 ,
3295 1414 3380 1458 aut
3419 1405 3582 1460 forni-

2011 1495 2246 1543 catorem
2267 1529 2282 1553 ,
2317 1499 2408 1543 aut
2437 1489 2705 1559 perjurum
2730 1493 2900 1562 ;apud
2927 1493 3092 1547 Deum
3119 1509 3244 1549 vero
3264 1506 3472 1568 recepta
3497 1505 3581 1551 est

2011 1581 2215 1634 occulta
2243 1581 2357 1650 ejus
2383 1573 2650 1637 confessio
2676 1594 2731 1638 et
2758 1583 3069 1653 pmnitentia
3094 1626 3108 1650 ,
3151 1596 3206 1640 et
3244 1597 3326 1642 est
3365 1588 3431 1640 ab
3467 1587 3585 1655 ipso

2014 1674 2303 1745 pretiosus.
2331 1673 2530 1729 Omnes
2552 1675 2714 1746 igitur
2740 1675 3140 1731 admirabantur
3169 1693 3327 1748 super
3348 1680 3586 1734 doctrina

2012 1766 2260 1821 industrii
2289 1767 2520 1835 pastoris
2549 1767 2703 1846 hujus
2729 1776 2888 1837 atque
2917 1769 3172 1837 magistri.

333 1883 543 1932 unum,
603 1868 728 1936 quia
784 1864 1218 1933 transgredimini
1272 1863 1575 1917 mandatum
1631 1862 1900 1916 dicentis:
1940 1851 1985 1916 B
2082 1856 2209 1911 Car.
2251 1857 2457 1912 XLVII.
2504 1886 2574 1898 --
2617 1857 2832 1911 Duobus
2868 1858 3078 1912 clericis
3119 1860 3474 1914 calceamenta
3508 1859 3583 1912 Ia-

329 1960 512 2014 Noiite
534 1959 792 2026 judicare,
819 1965 874 2010 ut
900 1972 1004 2010 non
1031 1955 1339 2024 judicemini
1363 1944 1574 2024 (Matth.
1599 1956 1689 2021 vn)
1717 1969 1730 2019 ;
1757 1953 1908 2007 dein-

327 2051 405 2105 de
427 2093 441 2116 ,
473 2049 595 2118 quia
627 2047 842 2101 nescitis
872 2047 1070 2100 certius
1101 2046 1145 2100 si
1177 2060 1341 2113 usque
1374 2044 1530 2099 hodie
1573 2051 1826 2113 peccent,
1857 2050 1911 2098 et

330 2157 442 2195 non
473 2139 782 2207 poeniteant.

404 2213 532 2300 Legi
583 2230 731 2300 enini
769 2231 926 2281 vitam
973 2225 1147 2281 Patris
1195 2226 1392 2296 aliquid
1441 2225 1541 2280 tale
1586 2225 1907 2280 habentem:

331 2323 458 2392 quia
488 2295 576 2375 vin'
613 2295 828 2375 civitate
869 2320 1097 2388 quadam
1143 2319 1249 2372 duo
1287 2295 1532 2371 monachi
1574 2315 1818 2372 abierunt
1859 2313 1910 2370 in

334 2412 715 2466 ministerium.
750 2411 813 2464 Et
842 2425 960 2462 cum
994 2407 1246 2462 transiret
1275 2423 1412 2461 unus
1445 2423 1536 2474 rer
1567 2408 1768 2468 locum,
1803 2407 1912 2460 cla-

334 2501 516 2555 mabat
541 2500 585 2552 ei
619 2514 720 2553 una
751 2499 1056 2564 fornicaria,
1091 2491 1307 2551 dicens:
1341 2498 1494 2552 Salva
1518 2513 1621 2562 me,
1652 2495 1826 2559 Pater,
1854 2502 1910 2549 ut

332 2585 586 2646 Christus
626 2591 983 2645 meretricem.
1027 2585 1120 2643 Ille
1154 2604 1282 2643 vero
1325 2583 1594 2640 hominum
1639 2586 1908 2640 confusio—

337 2698 464 2736 nem
533 2682 757 2736 omnino
811 2698 919 2738 non
994 2694 1234 2750 curans,
1355 2670 1488 2734 dixit
1531 2680 1624 2732 ei:
1677 2679 1910 2746 Sequere

333 2787 446 2826 me.
480 2759 540 2826 Et
568 2778 752 2824 tenens
797 2784 914 2824 eam
957 2785 1052 2835 per
1092 2786 1303 2822 manum
1347 2770 1460 2838 ejus
1484 2809 1498 2835 ,
1536 2770 1664 2823 exiit
1703 2770 1911 2838 publice

333 2860 406 2915 de
435 2860 686 2925 civitate,
728 2859 976 2914 omnibus
1016 2843 1414 2926 aspicientibus.
1462 2859 1620 2912 Facta
1663 2869 1742 2913 est
1782 2872 1910 2928 ergo

335 2952 474 3006 fama
522 2953 641 3020 quia
683 2951 846 3006 abbas
892 2952 1097 3019 accepit
1140 2952 1418 3004 mulierem
1465 2950 1712 3004 domnam
1774 2948 1908 3003 Por-

336 3046 584 3114 phyriam
617 3043 730 3114 (ita
760 3043 901 3097 enim
942 3043 1230 3098 vocabatur
1270 3043 1518 3110 mulier).
1565 3042 1911 3111 Pergentibus

336 3135 474 3205 ergo
504 3134 611 3198 eis,
642 3135 698 3187 ut
724 3134 961 3187 mitteret
991 3147 1107 3186 eam
1149 3131 1202 3185 in
1247 3133 1630 3185 monasterium
1653 3172 1668 3194 ,
1712 3131 1911 3185 invenit

2013 1936 2308 2012 cientibus,
2359 1956 2414 2002 et
2452 1948 2604 2018 juxta
2652 1962 2710 2001 se
2751 1947 3148 2016 laborantibus,
3195 1964 3332 2003 unus
3370 1950 3581 2018 quidem

2015 2037 2244 2092 habebat
2272 2038 2410 2092 Iilios
2443 2038 2663 2103 multos,
2688 2047 2740 2093 et
2770 2053 2986 2092 uxorem
3005 2077 3020 2106 ,
3049 2047 3103 2094 et
3133 2049 3363 2108 patrem,
3395 2050 3450 2094 et
3475 2055 3584 2093 ma-

2014 2141 2147 2187 trem
2179 2149 2192 2185 :
2224 2133 2448 2186 vacabat
2481 2146 2607 2186 vero
2635 2131 2877 2187 ecclesia
2912 2131 3032 2186 sine
3071 2131 3493 2197 intermissione,
3533 2142 3583 2188 et

2013 2239 2198 2280 omnes
2248 2233 2368 2294 post
2410 2224 2572 2278 Deum
2618 2224 2792 2278 alebat
2835 2224 2902 2279 de
2944 2233 3058 2279 arte
3106 2239 3219 2278 sua.
3267 2224 3414 2278 Alter
3458 2237 3583 2278 vero

2013 2317 2252 2385 quamvis
2279 2315 2483 2370 doctior
2507 2323 2650 2370 esset
2678 2314 2802 2379 illo,
2831 2329 2896 2368 eo
2926 2314 3064 2382 quod
3104 2328 3206 2367 non
3249 2324 3584 2380 permaneret

2014 2409 2064 2462 iu
2101 2409 2358 2471 ecclesia,
2402 2408 2496 2462 sed
2533 2407 2690 2462 etiam
2733 2407 3023 2486 Dominicis
3061 2405 3250 2460 diebus
3281 2406 3580 2467 laboraret,

2015 2514 2112 2554 nec
2141 2500 2374 2568 seipsum
2405 2507 2607 2553 tantum
2638 2498 2842 2551 nutrire
2871 2496 3107 2552 valebat.
3150 2495 3422 2549 luvidebat
3457 2509 3584 2564 ergo

2015 2591 2114 2644 iste
2143 2591 2316 2644 vicino
2343 2604 2459 2644 suo.
2495 2589 2558 2643 Et
2589 2605 2690 2643 una
2725 2590 2838 2642 vice
2866 2604 2971 2642 non
3002 2587 3264 2642 suiferens
3290 2587 3580 2651 invidiam,

2012 2683 2140 2736 dicit
2169 2683 2218 2738 ei
2251 2697 2371 2736 cum
2407 2681 2480 2736 ira
2508 2697 2523 2735 :
2559 2681 2709 2736 Unde
2741 2690 2795 2734 tu
2825 2682 2901 2734 sic
2930 2681 3082 2734 dives
3122 2677 3293 2732 factus
3333 2677 3433 2732 es?
3473 2677 3584 2746 Ego

2011 2787 2139 2827 vero
2168 2787 2364 2827 vacans
2395 2772 2514 2841 plus
2544 2771 2644 2825 arti
2677 2785 2810 2825 meae
2840 2785 2995 2840 quam
3024 2780 3078 2822 tu
3101 2810 3114 2834 ,
3141 2768 3193 2822 in
3220 2777 3583 2838 paupertatem

2012 2863 2219 2917 deveni.
2258 2863 2391 2916 Dicit
2420 2877 2545 2918 vero
2575 2863 2658 2926 ei,
2691 2863 2877 2915 volens
2921 2859 3094 2914 facere
3133 2873 3255 2913 eum
3283 2872 3470 2912 vacare
3499 2871 3584 2912 ee-

2013 2955 2229 3007 clesim:
2266 2953 2485 3006 Invenio
2521 2953 2744 3021 pretium
2780 2953 2828 3004 in
2861 2961 3037 3016 terra,
3081 2958 3137 3004 et
3173 2951 3294 3004 inde
3334 2951 3582 3018 paulatim

2013 3044 2164 3099 dives
2195 3044 2365 3099 factus
2395 3059 2511 3098 sum
2537 3061 2550 3109 ;
2582 3043 2674 3096 sed
2699 3043 2744 3097 si
2766 3044 2876 3106 vis,
2896 3057 3106 3110 semper
3130 3055 3261 3095 voco
3287 3049 3365 3108 te,
3391 3052 3444 3095 et
3465 3041 3584 3095 veni

2014 3149 2221 3190 mecum
2243 3152 2258 3201 ;
2281 3145 2334 3188 et
2360 3135 2612 3205 quidquid
2637 3134 3023 3200 invenerimus,
3045 3133 3585 3201 accipiesdimidium.

336 3223 536 3280 mulier
566 3225 617 3276 in
647 3239 748 3277 una
773 3222 997 3277 ecclesia
1028 3237 1249 3290 puerum
1281 3220 1332 3274 in
1367 3233 1562 3275 terram
1595 3221 1910 3290 projectum,
1942 3219 1988 3283 C
2015 3225 2150 3280 Cum
2177 3239 2304 3293 ergo
2329 3225 2695 3294 acquiesceret
2726 3225 2842 3289 ille,
2875 3231 2929 3277 et
2962 3231 3276 3293 sequeretur
3309 3239 3428 3278 eum
3458 3238 3588 3278 eun.

333 3325 387 3372 et
425 3313 641 3369 sustulit
667 3317 785 3367 eum
820 3321 875 3366 ut
905 3305 1128 3365 nutriret
1160 3311 1330 3364 illum.
1364 3308 1543 3379 Itaque
1575 3319 1692 3378 post
1717 3324 1913 3364 annum

339 3403 556 3472 quidam
585 3405 846 3456 venerunt
878 3401 930 3453 in
961 3400 1182 3468 patriam
1203 3441 1216 3465 ,
1251 3400 1337 3453 ubi
1367 3410 1481 3454 erat
1510 3399 1676 3454 abbas
1704 3409 1754 3454 et
1785 3397 1914 3454 Por-

339 3492 569 3562 phyria,
619 3507 738 3560 qua:
786 3491 958 3545 fuerat
1005 3491 1072 3544 de
1115 3483 1524 3555 meretricibus;
1568 3500 1622 3543 et
1671 3490 1914 3544 videntes

333 3597 462 3638 eam
494 3582 688 3637 habere
714 3583 990 3651 puerulum
1010 3621 1024 3645 ,
1055 3580 1236 3634 dicunt
1262 3581 1310 3634 ei
1340 3597 1353 3632 :
1403 3580 1677 3635 Veraciter
1715 3580 1912 3636 bonum

337 3674 521 3727 abbati
555 3672 751 3742 pullum
782 3673 1030 3741 genuisti.
1060 3658 1299 3725 Nomium
1327 3670 1466 3726 enim
1494 3670 1734 3724 sanctum
1762 3673 1914 3726 sche-

335 3779 434 3820 ma
460 3772 758 3834 aeceperat.
793 3765 991 3818 Euutes
1019 3767 1145 3833 ergo
1175 3765 1374 3834 Tyrum
1410 3763 1496 3834 qui
1527 3763 1769 3818 viderant
1797 3779 1911 3818 eam

331 3856 509 3928 (inde
556 3856 696 3910 enim
742 3854 904 3909 abbas
953 3856 1142 3909 tulerat
1183 3855 1403 3923 illam),
1461 3851 1906 3922 diﬂamaverttnt,

329 3948 462 4017 quia
509 3949 692 4014 genuit
736 3947 801 4000 de
845 3946 1035 4000 abbate
1081 3947 1402 4015 i‘orphyria,
1452 3954 1504 4000 et
1542 3958 1641 3998 nos
1682 3945 1909 4000 vidimus

331 4035 621 4104 puerulum
650 4033 821 4089 oculis
851 4033 1045 4091 nostris
1075 4031 1394 4090 similantem
1423 4035 1491 4090 ei.
1524 4019 1747 4101 Quando
1778 4051 1906 4104 ergo

333 4127 587 4196 cognovit
612 4143 673 4180 ex
709 4127 819 4180 D‘eo
862 4127 1026 4181 abbas
1067 4112 1267 4181 obitum
1312 4127 1503 4192 Suum;
1548 4119 1678 4181 dicit
1725 4143 1913 4182 nonnae

335 4218 601 4288 Peiagite,
633 4217 707 4272 sic
736 4216 878 4270 enim
909 4219 1130 4271 mutavit
1161 4232 1353 4270 nomen
1382 4219 1527 4284 ejus,
1561 4217 1771 4287 quando
1803 4228 1912 4272 tra-

335 4311 479 4364 didit
507 4308 555 4361 ei
591 4309 832 4362 Sanctum
866 4307 1080 4362 schema
1113 4324 1126 4361 :
1160 4305 1354 4362 Eamus
1395 4307 1591 4379 Tyrum
1613 4350 1627 4374 ,
1672 4310 1789 4379 quia
1814 4311 1910 4363 1ιειέ

259 4447 270 4462 ,
340 4401 446 4455 beo
476 4399 590 4454 illic
614 4409 926 4467 responsum
954 4440 969 4464 ,
1000 4408 1052 4452 et
1081 4398 1200 4451 volo
1229 4389 1287 4450 ut
1316 4381 1500 4452 venias
1542 4397 1772 4455 mecum.
1817 4394 1910 4452 Illa

337 4507 472 4546 vero
501 4507 602 4544 non
634 4493 814 4544 vale-ns
841 4474 1206 4546 contradicere
1234 4491 1319 4556 ei,
1351 4493 1530 4545 secuta
1560 4495 1640 4544 est
1666 4506 1786 4545 eum
1816 4509 1828 4544 :
1861 4491 1913 4544 et
1957 4559 1978 4562 qq

2019 3327 2124 3374 tem
2164 3317 2229 3372 ad
2273 3319 2594 3382 ecclesiam,
2639 3318 2753 3371 sine
2791 3317 3190 3371 intermissione
3233 3317 3503 3372 benedixit
3537 3318 3586 3372 ei

2016 3411 2182 3475 Deus,
2217 3418 2270 3465 et
2297 3393 2515 3464 divitem
2550 3409 2680 3464 fecit
2707 3425 2852 3466 eum.
2885 3409 3034 3463 Tunc
3065 3410 3198 3464 dixit
3225 3409 3274 3464 ei
3305 3410 3390 3464 ille
3420 3409 3587 3465 bonus

2013 3499 2382 3554 consiliarius:
2419 3500 2640 3566 Vidisti,
2676 3499 2860 3566 frater,
2893 3515 3054 3554 unum
3088 3499 3423 3555 mendacium
3469 3515 3587 3567 pro-

2015 3600 2134 3659 pter
2164 3591 2330 3646 Deum
2367 3590 2480 3660 (88)
2504 3633 2517 3657 ,
2547 3601 2798 3660 quantum
2829 3591 3022 3660 profuit
3048 3591 3240 3646 animze
3268 3602 3366 3646 tuae
3389 3601 3442 3646 et
3463 3592 3586 3646 sub-

2013 3681 2223 3735 stantiae
2257 3682 2398 3734 tuae?
2424 3681 2627 3743 Crede,
2659 3681 2788 3735 nihil
2833 3681 3165 3735 inveniebam
3209 3681 3495 3748 aliquando
3533 3683 3585 3736 in

2015 3784 2188 3840 terra,
2216 3780 2274 3828 ut
2299 3774 2572 3828 aestimasti
2603 3774 2766 3843 gratia
2795 3775 2949 3842 pretii
2975 3791 2989 3838 ;
3029 3773 3121 3828 sed
3162 3774 3414 3842 quoniam
3451 3773 3586 3830 dixit

2017 3863 2270 3918 Dominus
2299 3882 2309 3917 :
2348 3864 2578 3931 Qumrite
2607 3865 2834 3934 primum
2862 3879 3081 3934 regnum
3119 3865 3208 3920 Dei
3243 3875 3296 3920 et
3323 3865 3582 3934 justitiam

2015 3954 2130 4024 ejus
2149 3997 2163 4021 ,
2210 3965 2266 4010 et
2307 3954 2422 4008 baac
2450 3953 2626 4008 omnia
2653 3953 2970 4022 adjicientur
3001 3953 3152 4010 vobis
3181 3957 3196 4024 (
3225 3954 3412 4008 Matth.
3446 3971 3497 4009 vt
3521 3954 3539 4025 )
3566 3973 3581 4021 ε

2016 4047 2218 4103 idcirco
2266 4046 2603 4101 occasionem
2651 4045 2785 4112 feci,
2818 4052 3021 4099 tantum
3053 4055 3114 4100 ut
3153 4045 3462 4100 seducerem
3494 4056 3584 4111 te;

2015 4150 2072 4196 et
2120 4155 2248 4196 ecce
2287 4155 2391 4194 non
2431 4141 2547 4194 sine
2585 4153 2744 4192 causa
2782 4138 3049 4204 laboravi,
3084 4138 3178 4193 sed
3223 4138 3505 4201 invenisti,
3536 4152 3586 4193 et

2017 4233 2453 4300 super-invenisti.
2502 4233 2611 4286 lloc
2661 4231 2821 4302 igitur
2865 4230 3078 4286 discens
3116 4241 3328 4286 sanctus
3365 4231 3587 4300 patriar-

2015 4327 2150 4397 cha,
2186 4325 2311 4380 feeit
2351 4325 2496 4379 illum
2543 4325 2739 4379 bonum
2780 4322 3144 4379 consiliarium
3188 4322 3584 4393 presbyterum,

2017 4424 2282 4482 tamquam
2315 4415 2530 4483 dignum
2558 4431 2573 4479 ;
2601 4422 2717 4469 erat
2743 4413 2886 4468 enim
2918 4413 3100 4468 lector.

2086 4504 2216 4560 CAP.
2247 4504 2473 4581 XLVIII.
2503 4534 2570 4546 —-
2606 4505 2670 4557 Et
2696 4503 2906 4573 quidem
2940 4502 3194 4557 hactenus
3230 4509 3355 4554 ante
3382 4514 3585 4555 memo-

337 4583 603 4636 venerunt
633 4583 825 4646 ambo,
871 4580 1126 4662 habentes
1168 4591 1221 4636 et
1261 4577 1534 4652 puerulum
1573 4594 1775 4652 septem
1815 4597 1910 4637 an-

2020 4605 2164 4651 ratus
2217 4597 2310 4651 Dei
2351 4577 2526 4650 cultor
2577 4595 2827 4661 Mennas,
2874 4594 2963 4664 qui
3011 4591 3184 4647 fuerat
3226 4591 3586 4645 vicedominus

337 4681 533 4728 nurum
576 4674 911 4728 existentem.
956 4672 1085 4727 Cum
1132 4675 1257 4743 ergo
1302 4684 1607 4744 azgrotasset
1643 4674 1804 4728 abbas
1855 4674 1906 4728 in

337 4765 496 4819 infiri'i
522 4765 647 4818 itate
672 4764 735 4817 ad
766 4766 988 4817 mortem
1009 4802 1026 4830 ,
1053 4766 1402 4819 ascenderunt
1447 4764 1512 4819 ad
1553 4763 1907 4819 visitatidnem’

336 4856 458 4923 ejus
483 4855 548 4908 de
574 4854 785 4909 civitate
817 4870 981 4924 usque
1009 4856 1075 4909 ad
1112 4857 1322 4909 centum
1370 4855 1594 4924 animus.
1643 4857 1701 4910 Et
1740 4841 1906 4912 dicit:

338 4935 539 4999 Afferte
582 4949 795 5013 prunas.
829 4945 1006 5014 Itaque
1035 4961 1150 4999 cum
1184 4947 1411 5000 venisset
1445 4931 1764 5002 tituribulum
1795 4947 1906 5018 (8?)

340 5039 556 5107 plenum
599 5039 818 5106 prunis,
855 5039 972 5091 tulit
1008 5047 1059 5091 et
1094 5034 1365 5092 evacuavit
1405 5055 1494 5092 eas
1536 5039 1585 5093 in
1628 5040 1909 5093 vestimen-

340 5133 452 5182 tum
480 5133 650 5194 suum,
683 5130 736 5182 et
763 5129 895 5182 dixit
920 5147 932 5182 :
961 5128 1190 5192 Credite,
1220 5129 1428 5196 fratres,
1458 5131 1576 5196 quia
1607 5124 1741 5184 sicut
1774 5130 1911 5184 Deus

344 5221 536 5273 rubum
589 5221 868 5275 custodivit
911 5223 1296 5274 incutubustum
1339 5222 1404 5275 ab
1445 5221 1594 5291 igne,
1637 5225 1772 5276 sicut
1816 5237 1910 5275 nec

344 5308 576 5364 tunicam
621 5311 757 5366 hanc
801 5329 970 5366 meatu
1019 5298 1366 5366 incenderunt
1414 5329 1597 5381 pruna:
1645 5313 1790 5377 istm,
1839 5297 1906 5367 ita

340 5403 449 5457 nec
497 5407 594 5472 ego
643 5404 830 5471 agnovi
885 5398 1154 5472 peceatum
1197 5403 1466 5468 mulieris,
1505 5418 1570 5458 ex
1610 5419 1714 5472 quo
1755 5412 1898 5459 natus

337 5491 482 5546 sum.
516 5494 578 5549 Et
607 5510 791 5549 omnes
820 5496 995 5550 m'irati
1030 5507 1186 5563 sunt,
1234 5491 1500 5567 quomOdo
1540 5513 1643 5551 non
1685 5499 1906 5552 ardebat

338 5585 724 5642 vestimentum.
745 5585 811 5640 ab
839 5589 996 5654 igne;
1040 5598 1092 5642 et
1129 5583 1558 5656 glorificaverunt
1601 5571 1764 5642 Deum
1811 5588 1904 5641 ba-

340 5667 556 5729 bentem
583 5677 818 5733 occultos
848 5691 1053 5733 servos.
1087 5679 1162 5733 Ex
1195 5679 1474 5736 oecasione
1503 5693 1676 5736 autem
1710 5697 1902 5736 nonnae

339 5762 567 5838 Pelagia:
599 5767 860 5839 quondam
889 5769 1216 5838 meretricis,
1245 5770 1358 5826 alite
1386 5769 1680 5828 fornicaria:
1706 5781 1901 5827 secutae

2014 4689 2366 4744 sanctissima:
2406 4688 2647 4744 ecclesia:
2689 4685 3175 4742 Alexandrinorum
3221 4697 3426 4750 magna
3453 4682 3583 4734 civi-

2013 4780 2166 4841 tatis,
2213 4778 2482 4833 enarravit
2520 4777 2694 4832 nobis.
2727 4775 3010 4846 Sequentia
3041 4784 3218 4828 autem
3250 4773 3423 4828 vilitas
3467 4787 3584 4828 mea

2015 4871 2256 4940 depinxit
2284 4887 2298 4936 ;
2328 4870 2572 4939 quaedam
2603 4884 2731 4924 vero
2759 4884 2787 4922 a
2818 4867 3129 4938 quibusdam
3159 4907 3174 4932 ,
3205 4865 3398 4935 quibus
3428 4864 3585 4931 digne

2011 4941 2339 5018 credendum
2361 4970 2463 5030 est,
2488 4958 2685 5014 audivi.
2712 4958 3017 5014 Dicentibus
3041 4973 3168 5025 ergo
3194 4957 3347 5011 nobis
3373 4957 3423 5011 in
3451 4972 3586 5024 pra:-

2013 5055 2174 5112 dictis
2202 5057 2254 5110 in
2285 5055 2514 5124 quodam
2544 5055 2776 5123 capitulo
2805 5053 2826 5125 (
2860 5071 2999 5125 sup.,
3022 5069 3069 5108 ε.
3096 5053 3154 5108 II
3178 5053 3219 5121 ),
3251 5053 3392 5120 quod
3420 5051 3584 5107 multa

2013 5144 2279 5210 spirituali
2329 5143 2617 5199 dilectione
2659 5143 2960 5210 patriarcha
3005 5151 3059 5196 et
3105 5143 3288 5196 Niceta
3333 5143 3583 5209 patricius

2011 5234 2076 5289 ad
2122 5236 2346 5296 invicem
2387 5234 2618 5303 colligati
2657 5242 2870 5302 essent,
2909 5233 3126 5303 dignum
3170 5232 3422 5287 indicium
3467 5233 3589 5288 talis

2010 5325 2353 5380 cxhihitionis
2384 5339 2618 5394 praesens
2642 5325 2822 5381 existit
2848 5324 3156 5394 capitulum.

2080 5413 2324 5485 Quando,
2342 5415 2678 5486 permittente
2702 5415 2812 5471 Deo
2835 5413 2973 5487 (89),
2994 5430 3090 5486 pro
3113 5414 3344 5485 peccatis
3365 5413 3583 5476 nostris.

2010 5504 2245 5560 futurum
2272 5517 2389 5562 erat
2418 5515 2477 5562 ut
2505 5508 2804 5563 traderetur
2827 5508 3154 5564 Alexandria
3181 5508 3295 5563 sine
3320 5507 3430 5562 Deo
3455 5505 3582 5561 Peri-

2010 5597 2115 5662 sis,
2148 5595 2497 5652 reminiscens
2529 5609 2706 5665 pastor
2729 5599 2996 5654 dicentis:
3025 5600 3157 5653 Cum
3191 5598 3454 5667 persecuti
3483 5610 3579 5652 vos

2007 5688 2203 5742 fuerint
2231 5688 2282 5740 in
2315 5689 2531 5743 civitate
2561 5691 2659 5744 ista
2682 5731 2697 5755 ,
2733 5689 2897 5760 fugite
2925 5690 2976 5745 in
3005 5692 3160 5744 aliam
3205 5691 3223 5742 (
3252 5689 3440 5744 Matth.
3471 5706 3501 5744 ιι
3526 5687 3580 5758 ),

2009 5775 2188 5845 fugam
2237 5778 2467 5849 arripuit
2514 5778 2566 5833 in
2616 5781 2884 5851 propriam
2936 5780 3205 5851 patriam,
3250 5779 3490 5836 videlicet
3529 5780 3582 5834 in
