3976 6440
385 340 525 394 1655

1451 336 1728 394 LEONTII
1770 335 2236 392 ΝΕΑΡΟΙΛΤᾹΝΙ
2280 335 2586 390 EPISCOPI

3527 338 3546 388 Ι
3558 336 3668 389 libb

389 455 656 524 Cyprum,
707 453 758 506 in
807 452 1073 507 civitatem
1121 465 1296 505 suam.
1345 448 1498 506 Unde
1545 450 1824 502 occasione
1871 462 1960 500 ac-
1993 446 2376 514 Aglorilicabo
2405 447 2460 516 (1
2489 449 2611 518 Reg.
2647 449 2725 516 ιι).
2774 449 2912 504 Vere
2959 451 3101 506 enim
3143 453 3424 522 magnifice
3451 452 3658 522 gloriﬁ-

391 555 546 613 cepta
571 587 584 611 ,
621 543 873 614 pra-fatus
904 543 1080 596 Niceta
1113 543 1366 608 patricius
1396 539 1531 592 dixit
1571 539 1634 590 ad
1680 547 1917 591 sanctum
1950 555 1961 588 :

389 635 658 694 Obsecro,
691 635 735 687 si
780 633 954 686 inveni
998 631 1220 701 gratiam
1269 638 1391 683 ante
1431 640 1509 691 te,
1559 641 1626 682 ne
1665 627 1966 698 dedignaris

393 725 604 795 fatigari
654 738 822 793 usque
872 722 936 776 ad
1003 721 1201 792 regiam
1269 720 1566 782 civitatem,
1607 727 1660 772 et
1698 717 1832 772 bene
1879 731 1964 770 ac-

393 825 578 883 ceptas
607 828 792 883 preces
835 822 953 867 tuas
993 812 1193 866 donare
1237 809 1493 878 piissimis
1534 809 1961 877 imperatoribus.

391 907 484 960 lile
567 917 700 959 vero
773 907 956 962 multae
1029 904 1156 961 ﬁdei
1227 902 1329 958 viri
1419 903 1794 966 consentiens,
1839 899 1966 954 obe-

399 997 554 1051 diens
585 997 648 1050 ad
680 998 782 1050 hoc
811 995 980 1050 factus
1011 1005 1090 1049 est
1131 995 1240 1048 Deo
1279 1003 1327 1048 et
1369 993 1626 1056 voluntati
1665 995 1812 1061 ejus,
1849 1001 1902 1045 et
1936 1006 1965 1045 a

2071 541 2209 594 cavit
2237 551 2477 595 sanctum
2510 541 2670 610 hunc,
2703 543 2790 611 qui
2834 544 2886 597 in
2919 543 3030 598 suis
3057 558 3267 613 semper
3303 545 3458 598 bonis
3489 546 3657 614 glori-

2071 628 2255 684 ﬁcatus
2291 641 2374 685 est
2413 631 2688 686 Dominus.
2727 632 2840 687 Non
2893 635 3034 688 enim
3080 633 3257 689 ferens
3296 634 3492 687 nobilis
3539 633 3652 697 hic,

2071 722 2346 790 temporali
2370 721 2473 774 vita
2501 737 2593 776 sua
2623 724 3004 790 conquiescere
3025 734 3206 778 sancta
3230 733 3284 778 et
3305 725 3464 793 digna
3496 725 3656 778 laude

2068 812 2227 877 bona,
2254 812 2378 880 quid
2409 813 2557 880 egit?
2599 813 2967 878 Xenodochia,
3013 815 3434 881 gerontocomia,
3493 825 3658 883 atque

2070 903 2388 956 monasteria
2419 917 2448 956 a
2478 901 2834 956 fundamentis
2864 903 3158 969 aedilicans,
3190 915 3241 958 et
3274 905 3476 958 choros
3523 919 3657 956 san-

2068 1001 2271 1045 ctorum
2326 995 2707 1046 monachorum
2770 1002 3042 1056 statuens,
3099 995 3469 1048 incessabilem
3511 1008 3661 1047 vera:

392 1101 452 1141 se
484 1087 662 1141 datum
691 1088 946 1140 honorem
973 1094 1222 1153 quantum
1249 1093 1362 1138 erat
1387 1085 1526 1139 circa
1553 1084 1761 1138 beatum
1789 1093 1969 1136 osten-
2063 1082 2281 1151 iustitiae
2311 1084 2621 1136 memoriam
2653 1082 2910 1149 possidet,
2943 1099 3036 1154 per,
3058 1099 3116 1138 ea
3158 1099 3278 1153 quae
3307 1084 3661 1139 celebrantur

392 1178 520 1233 dere
552 1181 780 1233 volente.
818 1179 1055 1247 Fatigata
1087 1177 1249 1247 igitur
1277 1178 1396 1230 navi
1441 1175 1804 1244 multipliciter
1844 1192 1874 1229 a
1915 1176 1965 1228 vi

397 1278 675 1323 ventorum
701 1311 714 1336 ,
751 1270 803 1323 in
835 1283 936 1338 qua
967 1280 1181 1322 sanctus
1208 1283 1326 1322 cum
1372 1269 1594 1336 patricio
1633 1276 1780 1331 erat,
1820 1277 1873 1321 et
1913 1267 1964 1321 in

401 1359 721 1426 profundum
754 1359 1010 1414 mittenda
1039 1399 1052 1423 ,
1084 1359 1230 1412 videt
1269 1373 1412 1428 sche
1441 1367 1767 1412 memoratus
1793 1359 1968 1427 patri-

397 1449 544 1513 eius,
576 1459 628 1503 et
655 1449 941 1517 optimates
970 1448 1061 1516 qui
1103 1463 1224 1501 cum
1255 1462 1320 1502 eo
1347 1459 1536 1516 erant,
1565 1463 1669 1502 una
1701 1459 1881 1513 nocte,
1914 1447 1965 1502 in

393 1555 500 1613 qua
529 1550 819 1611 tempestas
855 1541 989 1594 facta
1019 1549 1133 1605 est,
1169 1540 1516 1606 patria‘rcham
1557 1540 1717 1594 modo
1755 1540 1964 1610 quidem

391 1649 510 1687 cum
557 1632 877 1703 pauperibus
931 1646 1028 1701 per
1073 1633 1248 1684 navim
1294 1630 1488 1700 ubique
1535 1631 1966 1684 circumcurren-

391 1731 528 1789 tem,
563 1722 724 1777 modo
751 1730 927 1776 autem
955 1724 1144 1776 iterum
1179 1736 1298 1776 cum
1342 1722 1422 1777 eis
1451 1737 1638 1776 manus
1680 1721 1735 1775 in
1773 1721 1964 1776 ctelum

2069 1173 2121 1225 in
2145 1173 2224 1227 eis
2253 1172 2389 1226 bona
2411 1187 2594 1242 opera.
2628 1172 2776 1240 Quod
2809 1174 2949 1228 enim
2976 1174 3043 1228 de
3075 1174 3155 1228 bis
3183 1175 3271 1244 qui
3297 1176 3434 1229 mala
3463 1183 3657 1242 agunt,

2068 1272 2119 1316 et
2142 1276 2480 1317 successores
2508 1263 2841 1332 propriorum
2880 1264 3137 1318 tnalorum
3184 1273 3304 1333 post
3334 1274 3564 1318 mortem
3601 1263 3660 1318 in

2075 1355 2182 1406 vita
2215 1351 2314 1406 hac
2341 1353 2668 1421 relinquunt,
2703 1355 2775 1406 ait
2821 1352 3048 1407 Domino
3093 1354 3279 1422 plenus
3313 1354 3607 1424 Apostrilus
3642 1371 3656 1406 :

2069 1441 2331 1508 Quoniam
2354 1443 2702 1510 quorumdam
2759 1454 2977 1512 peccata
3036 1444 3314 1498 manifesta
3343 1452 3488 1508 sunt,
3519 1460 3660 1513 prae-

2069 1537 2308 1591 cedentia
2337 1536 2400 1590 ad
2419 1536 2708 1605 judicium;
2743 1536 2996 1604 quosdam
3028 1547 3202 1590 autem
3228 1547 3283 1591 et
3312 1539 3661 1606 subsequun-

2070 1638 2174 1682 tur.
2197 1629 2305 1683 Hoc
2324 1639 2538 1684 econtra
2562 1625 2676 1699 (95)
2698 1628 2764 1682 de
2787 1633 2884 1683 hoc
2901 1631 3053 1682 beato
3074 1629 3354 1684 dicendum
3373 1641 3456 1685 est
3479 1648 3493 1683 :
3518 1630 3662 1696 Quo-

2070 1720 2211 1772 niam
2234 1719 2579 1790 quorumdam
2595 1721 2812 1788 justitim
2829 1722 3124 1776 manifestae
3145 1732 3269 1776 sunt
3288 1723 3661 1791 pra‘cedetttes

392 1813 808 1878 cxtendentem,
839 1819 893 1866 et
933 1811 999 1866 ab
1040 1811 1148 1866 aito
1189 1811 1506 1880 adjutorium
1546 1811 1958 1865 abstrahentem.
1996 1814 2039 1872 Β
2068 1807 2118 1861 in
2164 1822 2386 1878 regnum
2434 1811 2688 1865 caelorum
2718 1809 2772 1883 (Ι
2795 1811 2954 1876 Tim.,
2987 1813 3061 1882 ν),
3087 1813 3344 1882 quosdam
3392 1825 3575 1867 autem
3609 1823 3662 1870 et

391 1902 629 1970 Cumque
659 1903 712 1956 in
741 1895 986 1956 Rhodum
1019 1900 1132 1970 (90)
1177 1902 1547 1970 pervenissent
1582 1901 1964 1969 ascendentes,

392 1991 537 2044 videt
561 1991 967 2061 expergefactus
997 2004 1026 2042 a
1063 1989 1172 2044 Deo
1204 1999 1422 2044 vocatus
1453 1989 1539 2044 hic
1565 1989 1848 2061 quemdam
1878 2007 1968 2045 eu-

397 2083 628 2136 nuchum
657 2091 1025 2135 coruscantem
1053 2080 1223 2134 forma
1242 2121 1255 2146 ,
1286 2090 1339 2136 et
1378 2095 1596 2136 aureum
1625 2091 1892 2150 sceptrum
1915 2083 1965 2134 in

398 2171 582 2225 dextra
608 2180 897 2236 tenentem,
920 2171 1258 2225 assistentem
1277 2172 1376 2225 sibi
1400 2181 1452 2226 et
1477 2171 1739 2227 dicentem
1768 2189 1780 2224 :
1809 2171 1964 2239 Veni,

395 2263 524 2331 jube
552 2263 697 2333 (9i),
725 2262 839 2317 Rex
872 2262 1204 2332 regnantium
1233 2264 1425 2330 quaerit
1455 2272 1526 2318 te.
1555 2263 1688 2316 Nihil
1712 2279 1839 2332 ergo
1863 2273 1972 2318 sta-

394 2355 489 2407 tim
522 2353 822 2422 negligens,
853 2351 1077 2406 advocat
1117 2351 1393 2422 patricium
1436 2353 1669 2408 Nicetam
1692 2395 1707 2421 ,
1751 2365 1805 2409 et
1841 2356 1967 2410 dicit

391 2444 442 2498 ei
471 2457 595 2497 cum
626 2443 809 2497 multis
840 2442 1087 2512 lacrymis
1112 2460 1127 2499 :
1161 2443 1238 2497 'l’u
1266 2444 1477 2513 quidem
1500 2489 1514 2510 ,
1557 2460 1590 2499 ο
1619 2446 1832 2501 domine
1855 2487 1871 2513 ,
1901 2448 1964 2501 ad

390 2543 664 2588 terrenum
713 2533 1086 2602 imperatorem
1119 2548 1205 2587 me
1232 2535 1470 2598 VOCﬂSli;
1503 2534 1595 2588 sed
1626 2537 1959 2604 praeveniens

391 2622 661 2690 cmlestis,
691 2632 815 2676 ante
848 2624 1061 2676 vocavit
1092 2624 1440 2691 exiguitatem
1471 2640 1662 2678 meam.
1697 2626 1762 2679 Et
1789 2627 1968 2682 retulit

389 2715 440 2770 ei
479 2714 740 2782 eunuchi,
786 2715 891 2768 imo
930 2716 1102 2784 angeli
1147 2717 1408 2770 visionem
1432 2757 1446 2780 ,
1491 2732 1612 2786 qua:
1651 2728 1968 2786 apparuerat

390 2808 520 2864 sibi.
563 2809 788 2864 Gavisus
825 2824 952 2879 ergo
995 2820 1050 2863 et
1077 2811 1241 2864 tristis
1274 2810 1443 2864 factus
1473 2813 1610 2867 idem
1646 2815 1967 2883 gloriosissi-

395 2915 519 2956 mus
551 2903 647 2967 vir,
679 2901 940 2970 impedire
971 2910 1210 2956 sanctum
1243 2917 1348 2956 non
1383 2905 1571 2972 potuit.
1616 2906 1842 2962 Abunde
1873 2908 1968 2977 igi-

392 3005 479 3047 tur
517 2995 718 3048 sanctis
759 2994 874 3061 ejus
916 2994 1147 3062 repletus
1188 2995 1552 3064 orationibus,
1595 3007 1648 3053 et
1683 2999 1965 3067 imperato-

392 3085 542 3138 ribus
571 3085 666 3139 has
695 3084 945 3140 deferens
969 3128 985 3153 ,
1019 3100 1140 3139 cum
1170 3087 1336 3141 multo
1365 3087 1570 3143 honore
1602 3090 1778 3145 redire
1821 3092 1868 3146 ei
1912 3094 1962 3147 in

391 3171 620 3244 Cyprum
647 3173 823 3240 jussit.

460 3264 589 3317 Cu.
629 3262 812 3317 XLIX.
856 3293 926 3303 —
967 3264 1288 3319 Adveniente
1328 3281 1456 3335 ergo
1483 3280 1550 3320 eo
1595 3267 1646 3321 in
1693 3267 1962 3338 propriam

392 3357 679 3420 civitatem,
711 3373 829 3427 quae
859 3357 1178 3412 Amathunta
1202 3360 1316 3430 (9'2)
1345 3361 1654 3427 vocabatur,
1679 3371 1961 3419 testamen-

391 3462 504 3505 tum
533 3451 800 3521 pr0prium
843 3450 1078 3506 scribere
1118 3451 1224 3504 cito
1254 3451 1509 3506 ministris
1540 3453 1648 3506 suis
1692 3454 1962 3522 praecepit.

393 3541 657 3597 Velociter
683 3557 808 3595 vero
836 3551 889 3595 ct
919 3541 1032 3595 sine
1070 3541 1322 3595 dilatione
1353 3541 1590 3596 chartam
1621 3551 1674 3597 et
1704 3543 1964 3598 calamum

391 3635 858 3701 praesentantibus,
905 3634 1158 3701 prmcepit
1203 3647 1412 3685 sacrum
1458 3632 1580 3685 illud
1629 3647 1688 3686 os
1729 3631 1966 3686 Scribere

391 3725 509 3780 sic':
548 3742 568 3776 ι
604 3723 834 3779 Joannes
862 3739 1067 3788 servus,
1109 3734 1325 3792 propter
1351 3737 1469 3777 eam
1501 3737 1628 3776 vero
1669 3737 1790 3790 quae
1846 3737 1970 3790 sup-

392 3815 560 3884 posita
584 3823 666 3869 est
685 3815 814 3868 mihi
843 3814 1126 3868 sacerdotii
1148 3814 1478 3884 dignitatem,
1509 3812 1599 3866 Dei
1621 3814 1786 3882 gratia
1809 3813 1962 3866 liber.

392 3903 607 3960 Gratias
633 3918 750 3973 ago,
788 3904 945 3972 Deus,
972 3904 1087 3968 tibi,
1118 3902 1366 3971 quoniam
1396 3902 1663 3956 exaudisti
1696 3903 1964 3956 miseriam

394 4011 588 4060 meam,
645 4005 914 4064 rogantem
974 3995 1264 4050 bonitatem
1323 4005 1492 4061 tuam,
1541 4009 1607 4049 ne
1639 3995 1968 4049 inveniretur

393 4087 641 4142 morienti
673 4088 802 4141 mihi
858 4088 956 4141 nisi
991 4103 1124 4141 unus
1179 4087 1457 4141 tremissis.
1491 4086 1796 4142 lnveniente
1825 4088 1966 4163 enim

394 4191 481 4231 me
531 4177 584 4231 in
637 4177 935 4232 honorabili
989 4178 1260 4246 episeopio
1311 4178 1664 4233 sanctissima:
1715 4178 1968 4232 Ecclesiae

394 4268 883 4322 Alexandrinorum
915 4282 1119 4336 magnae
1149 4268 1398 4332 civitatis,
1429 4283 1586 4338 quam
1637 4283 1730 4336 per
1783 4267 1970 4322 indul-

395 4357 627 4423 gentiam
663 4357 754 4411 Dei
785 4359 1016 4426 suscepi,
1049 4359 1258 4427 quando
1290 4359 1343 4411 in
1373 4373 1432 4412 ea
1464 4369 1806 4412 consecratus
1850 4373 1965 4412 sum

393 4449 697 4518 episcopus,
730 4447 941 4502 circiter
968 4450 1234 4516 octoginta
1263 4451 1566 4503 centenaria
1596 4452 1734 4516 auri,
1765 4460 1819 4506 et
1848 4466 1965 4520 qure

2070 1900 2481 1971 Subsequuntur,
2507 1905 2571 1958 de
2593 1904 2780 1973 quibus
2805 1921 2940 1959 unus
2967 1916 3021 1958 et
3050 1905 3149 1960 iste
3170 1907 3399 1960 exstitit.
3429 1906 3500 1958 Et
3520 1922 3661 1976 quo-

2069 1995 2208 2047 niam
2243 2009 2345 2048 non
2375 1995 2572 2061 tabula,
2599 2011 2770 2065 neque
2800 1997 2863 2049 ad
2891 1996 3116 2066 gratiam
3147 2006 3246 2062 est,
3281 1997 3418 2064 quod
3451 1998 3659 2053 dictum

2067 2094 2296 2152 constat,
2357 2087 2720 2142 testimonium
2774 2089 2927 2142 nobis
2977 2088 3251 2157 perhibeat
3303 2089 3462 2157 plane
3510 2091 3658 2158 quod

2067 2191 2189 2229 mox
2221 2176 2275 2230 in
2312 2177 2545 2245 pretiosa
2599 2178 2716 2246 ejus
2744 2177 3065 2233 dormitione
3094 2186 3302 2247 gestum
3334 2189 3415 2232 est
3468 2177 3658 2246 prodi-

2066 2265 2233 2335 gium.
2268 2265 2532 2322 Tradente
2563 2269 2704 2322 enim
2742 2283 2807 2323 eo
2840 2278 2894 2323 et
2932 2269 3339 2322 commendante
3381 2268 3658 2338 propriam

2068 2357 2301 2410 animam
2326 2357 2377 2410 in
2400 2371 2560 2412 manu
2582 2357 2814 2424 Domini,
2841 2367 2899 2412 ut
2923 2359 2995 2412 ait
3021 2358 3213 2414 alicubi
3239 2373 3388 2411 sacra
3419 2360 3656 2413 Littera:

2067 2445 2336 2502 Just«r'unt
2381 2447 2571 2503 animae
2613 2448 2677 2502 'in
2711 2463 2870 2502 manu
2915 2449 3008 2502 Dei
3067 2458 3193 2503 sunt
3234 2448 3392 2520 (Sap.
3446 2451 3556 2519 ιιι),
3604 2460 3658 2504 et

2069 2535 2205 2592 hanc
2233 2537 2283 2592 ei
2315 2547 2371 2591 ut
2394 2539 2713 2593 sacriﬁcium
2745 2538 3072 2594 immolatum
3106 2539 3381 2605 oﬂ‘erente,
3414 2556 3534 2594 cum
3567 2557 3656 2595 re-

2071 2628 2413 2682 condendum
2444 2639 2586 2684 esset
2613 2630 2926 2685 honorabile
2952 2631 3068 2700 ejus
3089 2645 3286 2698 corpus
3336 2631 3654 2703 honoriﬁce,

2067 2729 2119 2773 et
2147 2733 2265 2773 cum
2290 2735 2525 2790 congruo
2556 2723 2924 2777 sacerdotibus
2957 2724 3058 2776 ritu
3109 2723 3164 2778 in
3209 2725 3436 2793 quodam
3470 2737 3654 2780 orato-

2067 2810 2152 2864 rio
2190 2811 2358 2864 sancti
2413 2813 2791 2867 miraculorum
2847 2814 3063 2869 factoris
3107 2814 3540 2887 Tychoniswil,
3596 2816 3656 2870 [it

2066 2899 2330 2969 quoddam
2361 2903 2464 2955 tale
2498 2903 2703 2971 signum
2732 2903 3048 2972 gloriosum.

2138 2993 2263 3046 CAP.
2305 2990 2366 3044 L.
2410 3021 2478 3031 --
2515 2992 2766 3048 Jacebant
2796 2995 2845 3047 in
2867 2995 3096 3063 quodam
3126 2995 3348 3062 tumulo,
3376 2998 3466 3052 ubi
3492 2997 3654 3068 etju-

2068 3094 2180 3137 stus
2211 3083 2296 3137 hic
2323 3087 2658 3153 reponendus
2689 3095 2822 3151 erat,
2854 3087 3077 3141 duorum
3128 3089 3394 3157 quon-iam
3430 3089 3654 3156 episco-

1990 3177 2035 3236 C
2071 3189 2282 3243 porum,
2310 3176 2398 3245 qui
2440 3187 2563 3231 ante
2605 3177 2950 3243 dormierant,
2998 3188 3181 3231 sancta
3231 3179 3494 3232 veraciter
3523 3193 3650 3232 cor-

2068 3281 2198 3336 pora
2229 3278 2532 3322 sanctorum
2560 3285 2575 3321 :
2604 3284 2720 3337 quae
2750 3278 2804 3322 et
2850 3271 2902 3323 in
2933 3278 3120 3323 natura
3152 3269 3383 3324 exanimi
3429 3271 3646 3326 interitu

2066 3359 2332 3428 degentia,
2367 3369 2615 3428 tanquam
2671 3361 2715 3414 si
2764 3363 2880 3414 viva
2929 3376 3116 3415 revera
3157 3370 3357 3425 essent,
3391 3363 3654 3430 mqualcm

2067 3459 2250 3504 sancto
2275 3449 2532 3515 honorem
2569 3451 2885 3504 tribuerunt.
2920 3447 3051 3505 Cum
3100 3451 3240 3505 enim
3273 3451 3408 3505 beati
3453 3467 3654 3521 corpus

2067 3541 2206 3596 inter
2232 3542 2364 3596 duos
2385 3541 2500 3596 illos
2522 3543 2946 3610 componendum
2972 3550 3136 3608 esset,
3162 3542 3488 3597 honorantes
3514 3559 3656 3597 sum-

2070 3652 2212 3689 mum
2249 3645 2516 3702 pastorem
2562 3647 2825 3714 pastores,
2874 3643 2927 3690 et
2955 3636 3171 3688 multam
3219 3635 3344 3705 ejus
3398 3634 3650 3689 fiduciam

2069 3727 2206 3794 apud
2241 3729 2402 3781 Deum
2430 3738 2764 3794 reverentes,
2796 3728 2952 3783 simul
2976 3739 3028 3783 et
3069 3730 3347 3792 mirantes.
3393 3729 3491 3784 Dei
3536 3729 3654 3800 jus-

2069 3821 2218 3874 sione
2238 3830 2484 3888 tanquam
2508 3819 2610 3872 vivi
2626 3833 2849 3888 corpora
2869 3833 2962 3872 sua
2977 3827 3287 3887 separantes
3303 3818 3440 3890 (95),
3469 3821 3520 3872 in
3542 3835 3653 3874 me-

2071 3908 2158 3961 dio
2188 3922 2396 3962 sacrum
2445 3905 2587 3962 hunc
2629 3917 3000 3977 susceperunt,
3053 3909 3307 3962 honorem
3359 3918 3413 3975 et
3462 3909 3561 3978 ipsi
3603 3911 3653 3963 ei

2071 4002 2428 4069 praeceptione
2455 3999 2548 4053 Dei
2573 4000 2710 4053 sicut
2742 4014 2770 4053 a
2814 4000 2924 4054 Deo
2954 4000 3214 4053 honorato
3243 4000 3558 4066 oﬁ’erentes,
3602 4010 3654 4054 et

2071 4091 2316 4144 omnibus
2353 4092 2529 4144 statim
2561 4089 2904 4145 ostendentes
2954 4107 3071 4156 qua:
3113 4105 3143 4144 a
3197 4091 3306 4144 Deo
3355 4091 3406 4145 ei
3456 4091 3654 4144 donata

2071 4195 2152 4237 est
2177 4184 2402 4251 gloriam
2429 4192 2586 4252 atque
2627 4183 3028 4237 sublimitatem.
3059 4181 3211 4250 Quod
3258 4183 3559 4235 maximum
3601 4193 3653 4236 et

2071 4275 2515 4346 gloriosissimum
2547 4274 2880 4340 miraculum,
2913 4288 3015 4326 nou
3048 4288 3202 4344 unus,
3237 4288 3406 4341 neque
3437 4273 3656 4339 decem,

2073 4382 2246 4435 neque
2287 4376 2498 4421 centum
2541 4366 2810 4431 viderunt,
2838 4365 2929 4418 sed
2957 4365 3131 4418 omnis
3171 4365 3323 4418 turba
3369 4379 3492 4432 qua:
3523 4379 3656 4418 con-

2073 4458 2219 4512 venit
2247 4456 2315 4511 ad
2347 4456 2628 4523 pretiosam
2654 4456 2770 4524 ejus
2801 4455 3147 4524 sepulturam.

393 4540 725 4594 intraverunt
774 4539 900 4592 mihi
954 4539 1022 4592 ab
1050 4538 1234 4592 amicis
1261 4539 1480 4603 Christi,
1522 4555 1653 4608 pene
1684 4556 1959 4600 numerum
1993 4526 2041 4584 Ῐ)
2138 4544 2266 4598 CAP.
2320 4535 2408 4592 Ll.
2441 4541 2690 4598 -—Aliud
2749 4550 2934 4596 autem
2990 4543 3109 4613 ejus
3184 4544 3650 4614 gloriosius,un

396 4632 626 4686 hominis
657 4632 1072 4697 transcendunt;
1104 4633 1152 4685 in
1181 4635 1406 4700 scipsam
1433 4644 1661 4687 mentem
1685 4633 1960 4702 colligens,

393 4729 452 4777 et
476 4736 806 4791 cognoscens
846 4723 957 4776 haec
984 4724 1162 4776 omnia
1185 4723 1532 4777 dominatoris
1559 4724 1794 4777 omnium
1822 4739 1960 4789 esse,

395 4814 640 4868 festinavi
669 4829 730 4870 ea
762 4830 879 4883 quae
911 4815 1000 4868 Dei
1044 4823 1195 4868 erant
1227 4815 1333 4867 Deo
1365 4813 1511 4868 dare.
1565 4815 1712 4868 Unde
1741 4822 1794 4868 et
1826 4813 1966 4882 quod

398 4909 654 4962 remansit
679 4907 806 4959 mihi
835 4906 937 4961 hoc
966 4907 1225 4974 tremisse,
1263 4906 1353 4959 Dei
1384 4915 1438 4959 et
1470 4907 1568 4958 hoc
1599 4905 1857 4973 existens,
1879 4905 1965 4972 ju-

396 4999 497 5053 beo
526 4997 641 5052 dari
671 4997 752 5051 his
781 5000 869 5067 qui
901 5007 1024 5052 sunt
1055 4997 1167 5051 Dei.
1205 5014 1224 5047 ι
1255 4997 1297 5050 0
1324 4998 1554 5065 gloriosa
1594 5011 1678 5050 res
1704 4998 1716 5048 !
1747 5010 1780 5050 ο
1809 4997 1968 5050 devo-

396 5091 594 5145 tionem
622 5091 788 5145 sancti
822 5093 835 5143 !
869 5091 982 5144 Non
1014 5087 1258 5154 attendit,
1315 5088 1452 5142 sicut
1473 5085 1774 5152 debuisset,
1821 5087 1965 5152 suis;

402 5182 542 5252 quod
574 5183 774 5237 faciunt
801 5182 951 5236 multi
983 5181 1071 5250 qui
1107 5180 1160 5234 in
1189 5180 1386 5234 divitiis
1412 5189 1554 5244 sunt,
1587 5179 1675 5248 qtti
1708 5178 1800 5232 Dei
1828 5177 1967 5230 dona

397 5283 488 5327 aut
517 5288 581 5326 ex
613 5272 868 5341 injustitia
907 5271 1162 5336 collecta,
1198 5278 1444 5336 tanquam
1486 5269 1717 5337 propria,
1758 5275 1810 5321 et
1856 5276 1970 5318 tan-

395 5378 555 5433 quam
585 5363 630 5418 si
657 5379 716 5418 ea
745 5376 923 5416 secum
957 5362 1092 5416 ferre
1121 5368 1359 5429 possunt,
1379 5358 1754 5426 thesaurizant,
1779 5366 1831 5411 et
1861 5371 1968 5408 non

402 5456 546 5524 larg'e
567 5454 748 5523 egenis
774 5454 1040 5520 prebeat;
1071 5451 1164 5507 sed
1195 5451 1280 5504 illa
1310 5450 1581 5520 quaerebat
1613 5462 1732 5517 qua:
1757 5461 1970 5512 semper

403 5556 639 5613 manent,
660 5559 708 5602 et
733 5546 1014 5612 aliquando
1036 5561 1140 5600 non
1163 5545 1490 5599 minuuntur.
1512 5543 1664 5599 Unde
1685 5545 1801 5597 sine
1821 5557 1970 5594 men-

400 5637 553 5691 dacio
583 5639 1086 5709 repromissiouibus
1113 5653 1216 5693 non
1249 5647 1327 5693 est
1356 5638 1646 5702 fraudatus,
1676 5651 1791 5706 qua:
1823 5648 1967 5689 asse-

407 5735 608 5795 verant,
641 5743 704 5782 ex
727 5742 951 5798 persona
976 5729 1088 5796 Dei,
1121 5729 1366 5798 quoniam
1399 5729 1484 5798 qui
1515 5728 1810 5799 gloriﬁcent
1859 5741 1968 5793 me,

2072 4633 2282 4703 quidem
2314 4632 2487 4686 adhuc
2508 4634 2690 4687 vivens
2723 4633 2774 4686 in
2799 4649 2957 4687 carne
2986 4633 3142 4699 erepit
3178 4636 3491 4687 miraculum
3517 4677 3533 4699 ,
3559 4637 3653 4688 sed

2023 4749 2032 4758 -
2073 4732 2351 4793 postquam
2385 4725 2629 4792 migravit
2659 4725 2723 4777 ad
2750 4725 2937 4790 Deum,
2964 4725 3270 4790 complevit,
3296 4740 3475 4778 sermo
3503 4741 3643 4779 com-

2073 4829 2367 4869 memorare
2394 4814 2636 4868 tentabit.
2661 4815 2847 4869 Mulier
2889 4815 3126 4884 quardam
3157 4816 3224 4868 de
3267 4831 3327 4868 ea
3374 4831 3493 4884 qua:
3523 4831 3654 4869 sane

2071 4916 2212 4958 ctum
2244 4905 2460 4973 protulit
2505 4906 2720 4959 cititate
2769 4905 3024 4968 existens,
3076 4921 3195 4960 eum
3238 4905 3480 4962 audiSset
3530 4922 3652 4960 eum

2073 4999 2284 5052 venisse
2314 5012 2344 5050 a
2375 4996 2561 5052 Rhodo
2595 4995 2733 5066 (96),
2783 5005 2837 5051 et
2874 4997 3115 5066 angelum
3157 4998 3205 5052 ei
3259 4998 3454 5053 ibidem
3491 5015 3652 5067 appa-

2073 5089 2264 5151 ruisse,
2317 5096 2372 5142 et
2424 5087 2752 5141 vocationem
2785 5090 2848 5141 ad
2900 5103 3235 5142 communem
3271 5089 3554 5144 Dominum
3601 5093 3652 5146 ei

2076 5178 2437 5243 denuntiasse,
2477 5193 2762 5246 peccamen
2815 5179 3188 5248 gravissimum
3221 5181 3269 5232 in
3301 5195 3362 5234 se
3378 5196 3657 5251 recogno-

2076 5284 2250 5333 scens,
2278 5270 2419 5339 quod
2467 5284 2564 5324 nec
2587 5269 2797 5324 auditus
2844 5270 3116 5325 hominum
3147 5285 3301 5339 posse
3341 5272 3543 5325 intrare
3568 5267 3655 5323 af-

2077 5363 2343 5429 ﬁrmabat,
2387 5362 2543 5416 [idem
2585 5362 2942 5431 inambiguam
2991 5377 3236 5427 sumens,
3288 5362 3353 5416 ad
3399 5373 3646 5418 sanctum

2076 5454 2272 5508 cursim
2296 5453 2574 5522 pervenit;
2599 5461 2653 5506 et
2674 5452 2836 5520 pedes
2858 5451 2971 5522 ejus
2999 5451 3483 5520 comprehendens,
3523 5463 3647 5502 cum

2077 5542 2326 5611 lacrymis
2355 5542 2534 5596 multis
2563 5542 2846 5606 clamabat,
2877 5552 2929 5595 et
2959 5541 3144 5594 dicens
3175 5551 3384 5595 secreto
3412 5549 3597 5592 sancto
3623 5551 3645 5598 ;

2081 5635 2379 5700 Peccatum,
2411 5649 2444 5688 o
2473 5643 2551 5688 ter
2581 5634 2756 5700 beate,
2781 5634 2951 5689 habeo
2976 5635 3192 5698 misera,
3221 5632 3362 5702 quod
3390 5631 3456 5685 ad
3486 5645 3649 5686 aures

2080 5725 2350 5782 hominum
2403 5725 2584 5782 venire
2636 5740 2740 5779 non
2798 5732 2991 5794 potest,
3043 5733 3094 5778 et
3122 5723 3232 5780 scio
3273 5720 3436 5794 quod,
3467 5720 3513 5777 si
3548 5722 3648 5788 vis,
