3976 6406
259 363 388 421 ιίὶὃἹ

1212 373 1366 426 νιτΑ
1413 371 1652 427 SANCTl
1693 367 1969 423 JUANMS
2009 366 2580 423 ELEEMDSYNARII.

3351 365 3367 416 f
3381 366 3482 419 63ίῖ

249 500 399 563 potes
427 488 476 544 id
504 486 635 542 mihi
667 485 971 552 indulgere;
1014 482 1146 536 dixit
1174 485 1314 538 enim
1344 484 1490 536 vobis
1523 483 1772 536 Dominus
1804 500 1815 534 :
1850 483 1897 541 Α
1927 486 2016 528 aut
2047 487 2225 543 p0tum
2256 477 2472 530 omnino
2521 492 2623 531 non
2665 487 2902 546 gustatis,
2937 481 3088 534 tertia
3143 490 3318 544 nocte,
3362 484 3486 536 dum

251 580 508 650 Quoniam
539 591 867 647 quaecunque
911 575 1177 629 solveritis
1215 590 1374 644 super
1405 584 1618 635 teriam,
1663 581 1820 627 erunt

251 671 443 733 soluta,
475 676 530 723 et
557 669 607 720 in
640 666 824 730 cmlis;
881 675 933 719 tt
979 680 1307 732 quascunque
1348 664 1634 732 ligaveritis
1664 679 1821 730 super

253 770 471 821 terram,
502 769 664 812 erunt
716 758 870 826 ligata
920 766 973 808 et
1016 756 1066 808 in
1110 756 1256 808 cwlis
1303 755 1514 824 (Matth.
1559 753 1822 820 xvnt);ct

246 865 470 920 quorum
504 848 817 903 remiseritis
841 855 1079 914 peccata,
1111 848 1448 898 remittuntur
1471 846 1582 911 eis;
1615 854 1668 898 et
1690 859 1821 910 quo-

248 955 367 998 rum
400 939 751 1001 retinueritis,
785 945 988 990 retenta
1019 946 1142 990 sunt
1169 936 1349 998 (Joan.
1381 935 1495 1002 xx).
1518 936 1639 988 llaec
1662 932 1825 989 verba

247 1030 470 1084 audiens
500 1045 528 1081 a
562 1029 784 1082 muliere
817 1035 1049 1090 sanctus,
1083 1037 1135 1078 et
1189 1029 1400 1090 timens,
1435 1026 1478 1078 si
1513 1025 1817 1093 petitionem

247 1118 363 1189 ejus
383 1117 659 1184 refutaret,
683 1117 875 1170 noxius
898 1119 1013 1183 ejus
1029 1118 1274 1171 tormenti
1301 1117 1469 1183 fieret,
1491 1117 1613 1169 dum
1642 1125 1821 1186 posset

233 1205 518 1264 'liberaria
549 1209 757 1276 proprio
782 1216 996 1277 peccato
1050 1221 1144 1274 per
1176 1207 1332 1260 fidem
1386 1223 1540 1275 quam
1593 1208 1820 1262 habebat

247 1302 300 1356 in
324 1318 468 1363 etun,
504 1301 630 1355 dicit
657 1301 722 1355 ad
750 1315 865 1353 eam
906 1300 1178 1355 humiliter
1209 1319 1220 1354 :
1249 1301 1304 1356 Si
1335 1303 1516 1369 utique
1557 1301 1752 1368 credis,
1786 1316 1819 1355 ο

251 1393 463 1455 mulier,
491 1390 621 1456 Deo,
645 1391 784 1460 quod
810 1407 902 1460 per
929 1391 1292 1445 infelicitatem
1317 1407 1488 1444 meam
1519 1394 1819 1460 ignoscatur

245 1481 340 1535 tibi
362 1483 563 1535 crimen
585 1480 721 1547 quod
749 1481 905 1544 dicis,
928 1481 1184 1535 conﬁtere
1208 1482 1335 1535 mihi
1359 1481 1480 1537 hoc.
1501 1483 1630 1548 Quae
1652 1482 1812 1536 dixit:

241 1572 359 1626 Non
389 1586 624 1640 possum,
655 1571 889 1636 domine,
923 1572 1101 1626 dicere
1144 1572 1219 1634 id,
1272 1588 1442 1640 neque
1473 1571 1614 1626 enim
1649 1582 1820 1640 potest

239 1663 456 1716 auditus
487 1662 763 1716 hominum
792 1671 1000 1728 portare
1028 1661 1178 1716 illud.
1210 1662 1345 1716 Dicit
1369 1663 1433 1715 ad
1479 1678 1594 1716 eam
1625 1662 1815 1717 iterum

239 1764 500 1808 sanctus:
536 1753 600 1804 Et
653 1753 698 1805 si
733 1752 1024 1818 erubescis,
1083 1752 1214 1808 vade
1263 1761 1318 1807 et
1363 1754 1536 1809 scribe
1588 1754 1736 1819 illud,
1769 1755 1812 1808 si

1923 581 2108 621 rursus
2137 583 2256 620 cum
2307 569 2554 637 lacrymis
2581 569 2796 624 eosdem
2843 571 3004 625 duros
3033 586 3095 624 ac
3143 571 3326 627 ﬁdeles
3375 587 3488 626 sei-

1921 671 2106 710 mones
2135 659 2442 712 beatissimo
2463 659 2682 722 diceret,
2705 674 2830 714 ecce
2849 661 3009 730 egred
3035 669 3119 714 tur
3145 662 3237 715 Dei
3264 661 3490 716 famulus

1921 749 1988 803 de
2020 750 2224 802 tumulo
2254 763 2374 814 suo,
2403 751 2649 804 oculatim
2684 766 2947 819 apparens
2985 767 3104 805 cum
3135 752 3338 807 duobus
3380 758 3485 822 epi-

1919 844 2116 907 scopis,
2145 841 2232 908 qui
2259 855 2379 894 cum
2401 856 2464 895 eo
2486 843 2753 911 iacebant,
2779 859 2886 898 uno
2910 843 3056 910 hinc,
3087 857 3140 898 ct
3167 847 3338 899 altero
3367 847 3487 900 hinc

1919 929 2266 998 aspitantibus
2295 931 2435 1002 (99),
2464 941 2518 987 et
2546 935 2674 988 dicit
2703 937 2768 989 ad
2810 952 2927 990 eam
2954 955 2966 988 :
3002 953 3275 1006 usquequo
3304 940 3492 991 mulier

1921 1021 2018 1076 hos
2045 1022 2134 1090 qui
2152 1022 2236 1076 hic
2251 1033 2706 1090 suntcommoves,
2724 1038 2776 1080 et
2794 1045 2894 1081 non
2921 1029 3140 1082 dimittis
3157 1045 3247 1084 eos
3264 1030 3493 1097 quiesco-

1919 1127 1978 1166 re
2005 1111 2027 1165 ἲ
2059 1111 2366 1167 lnfuderunt
2393 1116 2530 1167 enim
2564 1117 2726 1168 stolas
2749 1129 2955 1171 nostras
2983 1119 3229 1190 Iasiynim
3259 1131 3381 1173 tum.
3429 1121 3493 1174 Et

1925 1201 2038 1262 htec
2068 1202 2278 1267 dicens,
2308 1202 2399 1256 dat
2426 1205 2474 1257 ei
2505 1207 2772 1272 proprium
2799 1208 3066 1275 pittacium
3099 1210 3372 1272 bullatum,
3403 1211 3488 1262 di-

1917 1307 2083 1348 cens:
2117 1293 2360 1362 Suscipe,
2389 1300 2720 1364 recognoscis
2751 1299 2894 1352 hoc?
2926 1303 3090 1368 solve,
3115 1303 3309 1370 aspice.
3348 1305 3410 1356 Et
3436 1305 3486 1354 in

1918 1386 2146 1452 sit-ipsam
2171 1401 2236 1439 ex
2262 1385 2462 1440 visione
2494 1390 2734 1452 veniens,
2776 1392 2826 1443 vi
2849 1392 2905 1444 lit
2939 1394 3124 1446 iterum
3151 1405 3360 1446 sanctos
3407 1394 3487 1446 in-

1917 1476 2224 1544 gredientes
2253 1479 2302 1528 in
2353 1479 2622 1544 proprium
2675 1480 2884 1545 locum;
2929 1491 2982 1535 et
3010 1485 3242 1547 solvens,
3286 1484 3485 1540 invenit

1917 1565 2124 1622 litteras
2152 1582 2274 1621 suas
2298 1567 2519 1632 deletas,
2553 1579 2605 1622 et
2633 1573 3073 1638 snbscriptionem
3103 1574 3203 1627 sub
3243 1575 3343 1636 eis,
3393 1576 3484 1629 ha—

1918 1657 2128 1711 bentem
2154 1657 2228 1712 sic
2256 1675 2269 1708 :
2313 1657 2533 1726 Pmpter
2549 1657 2801 1712 Joannem
2827 1677 3022 1713 servum
3055 1679 3237 1727 meum,
3269 1663 3487 1716 deletum

1916 1757 1988 1801 est
2021 1758 2280 1814 patratum
2308 1758 2468 1800 tuum.
2499 1749 2627 1814 Quis
2671 1751 2915 1818 loquetur
2965 1755 3227 1821 potentias
3257 1754 3483 1821 Domini,

242 1845 382 1898 nosti
429 1845 652 1908 litteras,
701 1853 756 1899 et
801 1843 878 1898 fcl'
929 1844 1078 1898 mihi.
1113 1843 1202 1897 Illa
1258 1845 1447 1900 iterum
1498 1849 1763 1914 respondit
1798 1865 1810 1898 :
1849 1833 1890 1892 Β
1918 1855 1950 1893 0
1974 1839 2127 1894 amici
2158 1849 2210 1894 et
2242 1839 2470 1894 fratres?
2522 1843 2616 1905 Qui
2649 1843 2717 1896 ita
2749 1844 3050 1897 misericors
3081 1853 3360 1898 etamator
3391 1847 3485 1899 ho-

241 1933 406 1998 Vcre,
437 1934 670 1999 domine,
706 1950 808 1987 non
844 1949 1079 2002 possum.
1112 1935 1437 2000 Exspectans
1475 1951 1603 2004 ergo
1641 1937 1802 1990 modi-

242 2039 364 2078 cum
389 2023 513 2094 quid
545 2037 744 2088 tacens,
775 2025 904 2077 dixit
935 2026 980 2076 ei
1009 2044 1020 2077 :
1052 2024 1162 2077 Non
1197 2033 1340 2091 potes
1363 2027 1594 2080 scribere
1622 2037 1675 2080 et
1700 2028 1814 2081 bul-

152 2179 162 2187 _
241 2117 374 2179 lare,
399 2126 450 2170 et
472 2117 664 2170 afferre
695 2116 824 2169 mihi
855 2117 876 2166 ?
911 2115 1058 2170 Tunc
1085 2115 1212 2168 dixit
1241 2117 1327 2171 ei:
1363 2117 1603 2180 Possum,
1639 2118 1812 2169 domi-

239 2223 328 2273 ne,
367 2208 468 2260 hoc
499 2207 656 2272 facio,
701 2222 892 2275 rogans
936 2207 1298 2262 honorabilem
1352 2219 1406 2263 et
1454 2209 1812 2276 coangelicam

236 2299 470 2350 animam
505 2307 648 2350 tuam
689 2313 756 2351 ne
807 2299 1065 2361 solvatur,
1121 2313 1290 2366 neque
1334 2299 1442 2352 ullo
1473 2300 1630 2352 modo
1671 2299 1814 2352 iuve-

240 2385 421 2440 niatur
441 2401 470 2440 a
513 2387 743 2455 quolibet
773 2387 1042 2454 pittacium
1080 2389 1189 2458 (97)
1225 2387 1322 2440 hoc
1350 2388 1651 2455 aliquando.
1681 2389 1804 2443 Ver-

238 2476 366 2532 bum
399 2476 554 2545 igitur
587 2478 852 2546 aecipiens
883 2493 912 2531 a
951 2479 1059 2532 Deo
1105 2479 1427 2534 honorabilis
1451 2481 1590 2549 quod
1641 2479 1816 2534 nullus

238 2566 404 2620 homo
452 2565 684 2621 solveret
733 2576 824 2621 aut
882 2570 1083 2637 legeret
1131 2569 1248 2638 ejus
1280 2569 1578 2638 pittacium,
1631 2569 1816 2625 abiens

237 2657 456 2726 sciipsit
481 2659 692 2728 propria
717 2674 872 2713 manu
914 2673 1208 2728 peccatum,
1241 2671 1294 2715 et
1339 2661 1543 2714 bullans
1593 2663 1818 2730 portavit

241 2751 424 2805 beato.
449 2751 756 2820 Suscipiens
786 2767 913 2821 ergo
940 2761 1154 2806 sanctus
1186 2754 1479 2822 pittacium,
1517 2763 1634 2818 post
1663 2753 1817 2821 quin-

238 2857 346 2912 que
373 2843 488 2896 dies
515 2842 580 2895 ad
617 2843 892 2896 Dominum
943 2845 1210 2911 profectus
1243 2853 1343 2908 est,
1376 2843 1576 2898 nemini
1620 2843 1815 2912 aliquid

237 2933 304 2988 de
337 2934 656 3002 huiusmodi
703 2935 918 3001 pittacio
959 2946 1047 2988 ait
1075 2937 1387 3004 disponens,
1420 2944 1511 2988 aut
1553 2935 1814 2988 iudieans.

238 3025 430 3079 Mulier
460 3026 640 3094 itaque
674 3025 911 3089 fortuitu,
959 3026 1066 3080 imo
1106 3027 1503 3094 dispensatione
1551 3027 1663 3088 Dei,
1711 3040 1814 3078 mn

239 3117 478 3168 existens
532 3115 583 3168 in
617 3116 828 3169 civitate
856 3116 943 3169 die
971 3115 1022 3168 in
1048 3131 1148 3185 qua
1177 3116 1468 3170 transla'us
1490 3123 1570 3169 est
1592 3117 1641 3168 in
1686 3129 1814 3182 pace

239 3211 305 3264 de
335 3208 532 3262 szecnlo
561 3207 663 3262 isto
702 3208 765 3261 ad
793 3208 933 3262 aliud
965 3207 1283 3276 patriarcha,
1315 3209 1527 3263 volente
1557 3216 1606 3262 et
1636 3207 1686 3260 in
1721 3208 1820 3260 hoc

239 3299 609 3354 demonstrare
659 3299 768 3352 Deo
814 3308 1061 3367 quantam
1112 3297 1248 3366 apud
1279 3313 1422 3362 eum,
1456 3308 1639 3365 utpote
1692 3312 1818 3366 pro-

239 3393 394 3460 prius
423 3391 666 3454 famulus,
714 3390 955 3443 fiduciim
993 3376 1316 3457 possidebat.
1357 3389 1460 3442 Sed
1505 3397 1625 3457 post
1661 3403 1818 3441 unam

241 3484 387 3536 diem
424 3479 807 3535 reconditionis
846 3480 1059 3548 pretiosi
1103 3481 1220 3548 ejus
1273 3480 1459 3546 lipsani
1502 3478 1617 3550 (98)
1661 3479 1818 3531 adve-

238 3572 416 3632 niens,
449 3586 568 3623 cum
599 3571 833 3624 audisset
853 3569 1224 3622 dormitionem
1263 3568 1398 3635 ejus,
1423 3581 1608 3621 amens
1636 3574 1690 3620 et
1717 3567 1819 3619 de-

239 3659 442 3728 sipiens
473 3658 852 3727 propemodum
894 3658 1028 3710 facta
1069 3665 1168 3722 est,
1202 3656 1513 3710 existimans
1545 3655 1816 3724 pittacium

239 3752 381 3820 quod
404 3749 646 3815 dederat,
669 3749 721 3803 in
749 3750 1020 3817 episc0pio
1050 3750 1312 3814 relictum,
1345 3747 1593 3803 omnibus
1622 3749 1819 3800 faceret

238 3842 451 3912 culpam
482 3841 597 3911 ejus
628 3841 980 3894 manifestam.
1011 3839 1130 3894 Cito
1152 3855 1278 3909 ergo
1307 3839 1567 3899 resiliens,
1596 3847 1649 3893 et
1679 3837 1814 3905 prio-

243 3946 356 3985 rem
392 3929 548 3983 fidem
577 3943 727 3982 suam
770 3928 1166 3982 indubitabilem
1212 3942 1371 3995 super
1403 3927 1636 3982 animam
1672 3940 1819 3981 resu-

240 4034 617 4086 mens,arcam
649 4035 675 4071 a
711 4018 818 4072 Deo
861 4017 1101 4072 honorati
1145 4018 1525 4088 apprehendit;
1567 4029 1640 4083 et,
1682 4018 1818 4070 sicut

241 4111 439 4167 viventi
465 4111 512 4166 ei
558 4113 843 4171 veraciter,
881 4112 952 4164 ita
1007 4111 1213 4164 turbata
1246 4111 1557 4179 perhibebat
1591 4127 1604 4162 :
1651 4108 1817 4162 Homo

239 4202 362 4266 Dei,
396 4201 488 4255 tibi
514 4200 616 4254 hoc
654 4208 927 4268 peccatum
965 4215 1070 4254 non
1104 4202 1247 4270 potui
1273 4214 1548 4266 enarrare,
1582 4214 1646 4254 eo
1674 4198 1815 4267 quiod

239 4306 405 4361 supra
435 4291 648 4344 modum
681 4291 939 4345 existeret
965 4305 1148 4359 grave,
1180 4299 1232 4345 et
1255 4305 1379 4346 ecce
1410 4305 1550 4345 nunc
1572 4291 1817 4344 omnibus

239 4381 438 4436 factum
466 4392 546 4435 est
574 4381 790 4435 forsitan
821 4380 1153 4435 manifestum
1198 4390 1250 4436 et
1274 4381 1539 4448 cognitum
1570 4399 1584 4447 ;
1617 4381 1814 4434 utinam

239 4489 348 4529 non
382 4472 477 4527 tibi
504 4487 614 4527 rem
646 4487 818 4526 meam
846 4471 1288 4527 manifestassem.
1323 4471 1474 4526 Heu!
1511 4475 1612 4526 heu
1645 4473 1770 4525 mihi
1798 4473 1810 4525 l

1915 1933 2138 1994 mitium,
2170 1933 2365 1986 faciens
2394 1933 2719 1987 voluntatem
2753 1936 3045 1988 timentium
3089 1951 3168 1999 se,
3199 1946 3249 1990 et
3286 1937 3486 2003 glorifi-

1915 2039 2042 2078 cans
2063 2024 2418 2092 glorificantes
2445 2039 2524 2084 se.
2548 2034 2603 2079 et
2635 2041 2726 2092 per
2747 2027 3126 2080 miraculorum
3144 2031 3482 2096 operationcs

1915 2117 2258 2183 magnificans
2279 2117 2407 2170 eos?
2434 2117 2545 2169 Non
2573 2127 2746 2170 autem
2778 2117 2830 2170 in
2846 2117 2947 2171 hoc
2975 2117 3481 2187 Ioeosolum,iuquo

1916 2208 2144 2274 pretiosa
2173 2207 2425 2260 dormitio
2463 2206 2579 2275 ejus
2613 2207 2747 2260 facta
2771 2214 2886 2268 est,
2915 2207 3078 2276 gratia
3106 2223 3263 2276 quam
3304 2206 3484 2262 habuit

1915 2300 2052 2366 apud
2073 2299 2254 2358 Deum,
2273 2296 2604 2350 manifestata
2619 2307 2718 2361 est,
2737 2297 2827 2348 sed
2845 2298 3035 2366 ubique
3049 2298 3254 2368 longius
3269 2300 3480 2354 claruit.

1985 2387 2112 2441 CAP.
2155 2387 2261 2441 ιιι.
2295 2416 2363 2426 -
2387 2388 2578 2440 Eadem
2611 2391 2749 2440 enim
2782 2390 2865 2441 die
2896 2388 2946 2441 in
2984 2403 3083 2456 qua
3115 2390 3177 2440 ad
3230 2390 3390 2442 Deum
3417 2406 3481 2444 ex

1918 2480 2016 2534 hac
2043 2483 2148 2533 vita
2179 2479 2367 2533 beatus
2399 2479 2495 2533 iste
2523 2479 2791 2548 profectus
2820 2491 2920 2544 est,
2952 2481 3162 2548 quidam
3181 2495 3362 2533 eorum
3393 2481 3482 2549 qui

1916 2566 2205 2635 angelicam
2237 2567 2397 2622 vitam
2470 2573 2524 2620 ct
2615 2563 2834 2622 schema
2927 2561 3306 2622 monachicum
3386 2569 3483 2620 ha-

1917 2657 2062 2721 bent,
2097 2658 2176 2711 vir
2208 2656 2532 2710 admirabilis
2579 2666 2632 2710 et
2663 2657 2972 2719 industrius,
2997 2657 3224 2710 Sabinus
3247 2659 3481 2725 nomine,

1918 2747 2257 2802 Alexandri-.2
2287 2746 2552 2811 habitans,
2593 2746 2723 2798 vidit
2754 2747 2904 2814 quasi
2945 2747 2995 2799 in
3026 2760 3246 2799 excessu
3291 2747 3482 2799 mentis

1917 2836 2104 2900 factus,
2135 2837 2387 2890 divinitus
2419 2835 2730 2888 honoratum
2761 2834 3015 2889 Joannem
3040 2835 3105 2887 de
3137 2836 3347 2904 proprio
3368 2837 3485 2905 epi~

1916 2929 2098 2997 scopio
2125 2929 2479 2997 egredientem
2500 2943 2617 2980 cum
2641 2929 2782 2981 clero
2809 2927 2950 2980 omni
2974 2943 3124 2981 cerea
3168 2936 3486 2996 portantem,

1915 3029 1969 3072 et
1990 3019 2054 3070 ad
2097 3018 2469 3086 imperatorem
2500 3026 2734 3078 euntem,
2770 3026 3015 3086 tanquam
3068 3020 3314 3070 eunucho
3353 3035 3484 3086 quo-

1918 3109 2038 3162 dam
2073 3110 2150 3180 (ut
2183 3108 2296 3177 ipse
2324 3109 2532 3161 diccbat
2578 3107 2826 3175 Sabinus)
2857 3107 3180 3162 cubiculario
3225 3109 3364 3162 hunc
3395 3124 3486 3160 vo-

1921 3211 2094 3265 cante,
2127 3209 2402 3269 postquam
2431 3201 2644 3268 ianuam
2680 3199 2931 3267 episcopii
2971 3201 3121 3265 exiit,
3154 3203 3292 3269 quod
3322 3201 3487 3268 signi-

1925 3292 2043 3345 ﬁcat
2073 3293 2268 3359 pr0prii
2296 3291 2532 3360 corporis
2560 3291 2968 3358 separationem,
3001 3301 3054 3345 et
3075 3308 3230 3344 unam
3258 3293 3486 3359 puellam

1923 3391 1979 3436 ut
2007 3383 2198 3448 solem,
2230 3382 2609 3449 suscipientem
2640 3396 2783 3445 eum,
2816 3389 2869 3433 et
2919 3397 3074 3434 manu
3121 3389 3408 3444 tenentem,
3437 3392 3487 3434 et

1920 3487 2079 3541 super
2109 3482 2268 3540 caput
2292 3486 2544 3525 cornuam
2577 3487 2640 3525 ex
2667 3472 2799 3524 olea:
2831 3472 2990 3524 ramis
3015 3471 3487 3524 circumamictam.

1921 3564 2038 3618 Mox
2065 3577 2193 3632 ergo
2223 3563 2434 3630 agnovit
2471 3571 2687 3616 sanctus
2730 3561 2956 3615 Sabinus
2987 3561 3355 3630 migrationem
3399 3576 3489 3630 pa.

1922 3655 2166 3709 triarchze
2200 3655 2265 3707 ad
2307 3655 2583 3708 Dominum
2613 3653 2722 3721 ipsa
2755 3653 2880 3706 hora
2915 3653 3076 3706 fuisse
3109 3654 3317 3707 factam.
3351 3655 3489 3719 Qua-

1921 3755 2133 3815 propter
2161 3744 2476 3799 adnotantes
2525 3745 2737 3814 quidem
2794 3761 3030 3800 mensem
3067 3755 3119 3799 et
3167 3747 3330 3812 diem,
3377 3756 3488 3801 erat

1919 3840 2060 3891 enim
2089 3837 2335 3902 celebris,
2362 3837 2607 3892 videlicet
2627 3839 2793 3892 sancti
2819 3838 3065 3908 martyris
3087 3839 3290 3892 Mennae
3315 3837 3488 3908 (IOO),

1919 3927 2234 3995 quibusdam
2261 3927 2589 3980 venientibus
2620 3928 2686 3981 de
2723 3926 2896 3996 Cypro
2951 3935 3352 3996 percunctantes
3381 3928 3489 3996 qui-

1921 4017 2042 4072 dam
2073 4017 2164 4086 qui
2195 4016 2502 4071 habitabant
2529 4017 2863 4071 Alexandria:
2890 4017 2954 4070 de
2982 4017 3293 4086 migratione
3322 4017 3488 4071 sancti

1921 4107 2254 4176 patriarchae,
2299 4117 2624 4175 agnoverunt
2672 4122 2848 4161 veram
2895 4105 3054 4160 fuisse
3099 4106 3372 4166 visioaem,
3421 4119 3489 4158 eo

1919 4199 2058 4267 quod
2088 4199 2273 4253 eadem
2305 4199 2432 4252 hora
2464 4200 2614 4252 fieret
2645 4199 2697 4251 in
2725 4213 2823 4266 qua
2854 4199 2985 4252 obiit
3010 4199 3214 4262 beatus,
3243 4207 3299 4252 et
3322 4198 3490 4249 maxi—

1921 4304 2007 4343 me
2035 4289 2103 4344 de
2126 4289 2372 4357 exemplo
2403 4287 2590 4356 puellae
2622 4303 2742 4357 quae
2768 4303 2924 4340 manu
2951 4289 3158 4341 tenebat
3198 4302 3341 4340 eum.
3375 4288 3490 4342 Ac-

1919 4389 2135 4449 ceperat
2163 4382 2305 4436 enim
2341 4381 2782 4449 repromiSsiones
2814 4381 2878 4432 ab
2905 4395 2967 4434 ea
3000 4389 3233 4442 sanctus,
3267 4377 3404 4432 sicut
3436 4378 3486 4431 in

1919 4470 2344 4538 praecedentibus
2392 4471 2568 4526 verbis
2623 4470 2751 4524 Vita}
2795 4470 3027 4524 diximus
3075 4469 3254 4538 (Sup.,
3297 4483 3342 4521 c.
3387 4468 3487 4537 7):

239 4571 436 4632 putans
466 4561 790 4616 confusionis
838 4561 1228 4616 absolutionem
1280 4561 1538 4629 invenire,
1572 4561 1813 4615 confusio
1844 4543 1894 4601 D
1919 4560 2050 4626 Quia
2080 4561 2123 4612 si
2155 4574 2240 4613 me
2269 4560 2507 4628 possides
2536 4560 2785 4624 amicam,
2825 4573 2924 4626 ego
2949 4567 2998 4612 te
3025 4569 3146 4613 ante
3195 4557 3488 4626 imperato—

240 4650 491 4706 omnibus
517 4650 649 4705 facta
677 4666 826 4714 sum;
853 4665 947 4719 pro
973 4651 1181 4706 medela
1205 4651 1582 4722 blaSphemiam
1612 4653 1810 4722 recepi.

239 4741 381 4807 Quid
405 4741 532 4794 mihi
559 4741 623 4794 ad
658 4749 709 4795 te
753 4756 885 4809 opus
909 4748 1022 4792 erat
1049 4750 1314 4796 secretum
1341 4741 1533 4794 animae
1570 4757 1702 4797 mea:
1724 4757 1816 4812 pa-

240 4829 473 4884 tefacere
494 4831 516 4881 ‘l
541 4829 737 4883 Tamen
768 4846 872 4883 non
901 4829 1140 4883 deficiam
1170 4844 1341 4899 neque
1362 4829 1620 4894 diffizlam,
1643 4846 1814 4896 neque

237 4924 531 4978 removebo
555 4937 580 4973 a
614 4923 813 4975 tumulo
841 4921 1119 4991 lacrymas.
1151 4935 1318 4988 usque
1345 4925 1468 4975 dum
1497 4919 1814 4976 satisfactio-

239 5026 363 5065 nem
390 5012 456 5066 de
498 5013 752 5079 petitione
792 5026 905 5064 mea
936 5025 1211 5078 accepero.
1263 5010 1443 5079 Neque
1485 5011 1628 5065 enim
1675 5026 1814 5065 mor-

237 5111 364 5157 tuus
391 5116 470 5166 es,
521 5112 703 5156 sancte
751 5101 867 5168 Dei,
911 5101 1007 5154 scd
1037 5101 1188 5154 vivis.
1233 5100 1497 5169 Scriptum
1544 5112 1628 5156 est
1673 5101 1812 5156 enim

235 5193 360 5261 quia
382 5191 515 5262 justi
545 5193 594 5244 in
627 5198 938 5260 perpetuum
968 5190 1145 5244 vivent
1193 5191 1350 5262 (Sap.
1382 5191 1456 5262 v).
1511 5193 1813 5262 lterumque

235 5283 426 5338 eadem
458 5281 614 5336 verba
646 5295 945 5348 assumens,
973 5281 1218 5335 diccbat:
1269 5281 1430 5348 thil,
1487 5282 1646 5336 homo
1694 5283 1808 5350 Dei,

235 5380 365 5439 peto
386 5386 423 5424 a
447 5379 518 5435 te,
550 5371 649 5424 nisi
679 5379 736 5423 ut
786 5379 990 5427 certum
1023 5370 1191 5426 facias
1219 5385 1312 5424 cor
1348 5386 1523 5425 meum
1557 5372 1808 5441 quidnam

231 5462 304 5515 de
327 5461 451 5516 dato
483 5463 573 5516 tibi
606 5460 824 5530 pittacia
850 5462 1044 5514 factum
1087 5463 1198 5517 sit?
1236 5463 1373 5518 Deus
1403 5479 1530 5534 ergo
1555 5465 1646 5532 qui
1679 5464 1812 5517 dixit

234 5552 524 5622 aliquando
553 5553 618 5606 ad
652 5551 1004 5606 Chananazam
1033 5569 1046 5604 :
1081 5553 1237 5608 Fides
1263 5564 1346 5608 tua
1378 5565 1428 5609 te
1458 5557 1654 5609 salvam
1684 5555 1812 5610 fecit

231 5641 457 5702 (Matth.
489 5645 607 5712 xv),
636 5643 749 5712 ipse
773 5651 828 5697 et
871 5642 1008 5697 hanc
1033 5653 1233 5698 certam
1274 5645 1419 5700 fecit.
1449 5646 1638 5701 Tribus
1667 5645 1811 5700 enim

233 5734 426 5794 diebus
453 5747 799 5806 perseverans
824 5732 890 5788 ad
939 5733 1238 5803 sepulcrum
1292 5736 1484 5804 sancti,
1533 5745 1585 5792 et
1632 5737 1808 5792 cibum

1917 4665 2028 4704 rem
2054 4649 2410 4716 introducam,
2442 4650 2582 4718 quod
2614 4659 2666 4703 et
2696 4664 2876 4703 revera
2917 4648 3059 4702 fecit.

1986 4743 2112 4796 Car.
2155 4741 2286 4795 Llll.
2308 4771 2378 4780 —
2397 4741 2512 4795 Non
2541 4751 2714 4796 autem
2737 4756 2798 4794 ex
2824 4742 2922 4794 hoc
2955 4749 3154 4794 tantum
3184 4755 3371 4795 omnes
3396 4755 3488 4794 sa-

1917 4832 2269 4886 tisfactionem
2297 4840 2636 4899 acceperunt,
2663 4831 2802 4901 quod
2831 4833 3170 4901 eleemosyna
3200 4841 3254 4888 et
3281 4835 3489 4888 miseri-

1915 4922 2094 4976 cordia
2125 4935 2280 4988 quam
2329 4922 2508 4975 habuit
2539 4920 2680 4974 circa
2706 4934 2942 4991 egentes,
2983 4938 3102 4976 eum
3132 4924 3182 4977 in
3227 4926 3484 4980 etelorum

1916 5029 2134 5083 regnum
2157 5014 2514 5078 deduxerunt;
2542 5013 2636 5066 sed
2660 5014 2778 5082 quia
2801 5014 2935 5069 alius
2955 5030 3138 5070 eorum
3169 5017 3253 5083 qui
3282 5017 3489 5072 habita-

1919 5106 2005 5159 bat
2030 5105 2296 5160 civitatem
2328 5105 2725 5169 Alexandriam,
2760 5105 2953 5160 timens
2985 5107 3169 5172 Deum,
3201 5107 3329 5161 vidit
3374 5111 3484 5176 ipsa

1915 5205 2070 5247 nocte
2110 5195 2163 5248 in
2189 5209 2290 5263 qua
2315 5203 2368 5249 et
2396 5203 2606 5248 sanctus
2637 5194 2889 5263 Sabinus,
2917 5211 3101 5251 omnes
3132 5211 3386 5267 pauperes
3429 5208 3485 5254 et

1915 5285 2182 5352 orphanos
2202 5292 2358 5354 atque
2381 5284 2586 5351 viduas,
2630 5286 2760 5339 olea:
2800 5300 2976 5338 ramos
3001 5284 3314 5354 hajulantes,
3346 5297 3399 5341 et
3428 5289 3482 5342 in

1917 5377 2231 5444 patriarchae
2255 5376 2509 5445 obsequio
2537 5385 2747 5442 euntes,
2784 5387 2838 5430 et
2864 5376 2929 5431 ad
2951 5378 3232 5432 ecclesiam
3263 5393 3487 5448 pergen-

1910 5475 2010 5520 tes.
2044 5467 2156 5520 Non
2186 5467 2357 5520 solum
2384 5467 2510 5532 duo,
2542 5477 2630 5520 aut
2655 5467 2862 5530 decem,
2909 5477 2999 5521 aut
3029 5479 3238 5522 centum
3269 5470 3482 5524 satisfa-

1908 5559 2110 5612 ctioues
2136 5569 2278 5624 sunt,
2311 5573 2405 5626 per
2447 5575 2577 5628 quas
2602 5559 2799 5613 scimus
2829 5551 2972 5612 elare
2999 5560 3244 5628 quoniam
3268 5569 3486 5616 sancto-

1907 5664 2025 5702 rum
2055 5663 2330 5702 numerum
2370 5650 2566 5703 meruit
2604 5651 2962 5708 memorabilis
2989 5651 3109 5717 hic;
3139 5651 3232 5707 sed
3257 5665 3384 5707 ecce
3430 5659 3489 5709 ct

1908 5738 2042 5806 alia,
2076 5751 2206 5807 quas
2233 5737 2564 5808 subsequens
2594 5739 2762 5794 forma
2791 5741 3041 5797 ostendit.
