3976 6400
214 337 347 425 Ῑίξῦθ

221 527 1265 562 W

541 544 1272 557 -——.——-———-—-—--—m

1384 344 1555 404 VITA
1612 346 1671 404 S.
1720 344 2099 408 SYMEONB
2144 348 2337 409 SALl.

3332 352 3469 415 16το

1165 702 1805 820 EJUSDEM
1925 707 2508 824 LEONTII

1278 943 1642 990 NIAPOLEOS
1686 944 2034 995 CIPROBUM
2091 946 2377 995 EPISCOPI

681 1099 967 1193 VITA
1036 1100 1132 1189 s.
1210 1099 1823 1193 SYMEONIS
1890 1066 2145 1193 ΒΑΜ
2223 1104 3076 1205 CONFESSORIS.

207 1294 315 1366 (Et
346 1295 523 1353 codice
557 1293 844 1362 Vaticano,
879 1292 1089 1364 signato
1119 1308 1266 1349 num.
1303 1292 1430 1359 8l9,
1474 1293 1677 1349 collata
1703 1308 1823 1349 cum
1852 1309 1937 1363 ea,
1990 1312 2110 1366 qua:
2149 1308 2229 1357 est
2286 1302 2429 1371 apud
2486 1303 2729 1375 Surium,
2787 1317 2825 1363 t.
2882 1309 2975 1377 lll,
3034 1327 3089 1383 p.
3134 1313 3188 1369 l.
3241 1313 3470 1372 Ediderc

1185 1389 1482 1459 Bonnam,
1514 1391 1636 1446 Act.
1661 1388 1873 1459 Sanct.,
1895 1389 2037 1450 Julii
2061 1402 2104 1450 t.
2129 1393 2173 1462 l,
2206 1410 2262 1468 p.
2298 1398 2457 1467 l56.)

1435 1701 1808 1759 PROLOGUS
1839 1704 2215 1765 AUCTORIS.

260 1942 330 1990 α’.
366 1934 430 1989 Oi
464 1933 522 1987 τὸ
544 1929 921 1987 διδασκαλικὸν
970 1930 1109 2001 πρὸς
1140 1930 1402 2003 ἀλλήλους
1444 1931 1768 1997 σπεύδοντες

1940 1935 1991 1990 1.
2035 1936 2135 2003 Qui
2205 1937 2443 1996 docendi
2502 1943 2830 1999 auctoritate
2869 1945 3014 2016 apud
3075 1947 3213 2005 alios
3274 1951 3460 2012 valere

196 2024 553 2099 μεταδιώκειν
580 2024 821 2095 ἀξίωμα,
842 2021 1154 2094 ὀφείλουσιν
1179 2023 1245 2077 ὲκ
1280 2022 1375 2078 τοῦ
1410 2024 1620 2079 ἑαυτῶν
1654 2023 1769 2095 βίου

190 2118 287 2187 τὴν
309 2115 402 2171 ὲτέ
411 2134 520 2187 ρων
541 2115 890 2171 διδασκαλίαν
916 2114 1311 2182 ὑποδεικνύειν,
1335 2116 1477 2171 κατὰ
1503 2118 1600 2189 τὴν
1622 2118 1772 2173 θείαν

192 2208 378 2281 φωνὴν
416 2207 515 2280 τὴν
569 2207 872 2275 λέγουσανο
916 2226 936 2260 ι
993 2206 1181 2272 Οὕτως
1218 2207 1491 2278 λαμψάτω
1546 2209 1605 2263 τὸ
1655 2209 1773 2280 φῶς

191 2302 344 2372 ὑμῶν
395 2301 707 2372 ἔμπροσθεν
744 2301 854 2354 τῶν
888 2300 1215 2373 ἀνθρώπων,
1252 2302 1404 2366 ὅπως
1438 2302 1588 2356 ῐδωσι
1621 2302 1774 2375 ὑμῶν

187 2393 255 2451 τὰ
288 2393 431 2448 καλὰ
454 2394 611 2464 ἔργα,
642 2394 738 2451 καὶ
770 2393 1068 2461 δοξάσωσιν
1093 2394 1183 2449 τὸν
1220 2394 1440 2466 Πατέρα
1469 2394 1645 2465 ὑμῶν,
1680 2395 1774 2449 τὸν

188 2487 247 2542 ὃν
272 2490 388 2550 τοῖς
439 2488 709 2554 οὐρανοῖς.
764 2505 784 2538 ι
818 2487 1035 2558 Μήπως
1097 2487 1318 2558 ἑτέρους
1373 2486 1646 2542 νουθετεῖν
1680 2489 1775 2544 καὶ

191 2576 559 2647 καταρτίζειν,
605 2576 703 2632 καὶ
746 2577 961 2648 ὁδηγεῖν
989 2576 1334 2642 σπεύδοντες,
1372 2578 1504 2649 πρὶν
1547 2578 1776 2644 ἑαυτοὺς

187 2665 498 2743 διδάξωσιν,
531 2668 627 2723 καὶ
662 2667 1048 2739 ὲκκαθάρωσιν
1075 2669 1160 2722 διὰ
1180 2669 1284 2740 τῆς
1315 2668 1423 2722 τῶν
1445 2669 1604 2724 θείων
1626 2670 1777 2724 ὲντοο

193 2762 299 2817 λῶν
322 2760 614 2831 ἐργασίας,
665 2760 903 2815 λάθωσιν
955 2760 1060 2832 πρὸ
1104 2761 1311 2816 τούτων
1340 2763 1539 2817 οἰκεῖον
1579 2762 1773 2832 νεκρὸν

188 2852 451 2918 κλαῦσαι,
497 2852 628 2924 περὶ
677 2852 769 2906 τὸν
796 2851 892 2909 τοῦ
957 2854 1148 2922 ἑτέρου
1204 2854 1617 2924 ἀσχοληθέντες,
1675 2854 1773 2910 καὶ

192 2944 461 3016 πληρωθῇ
491 2943 580 2997 ἐπ’
622 2944 803 3007 αὐτοῖς
829 2942 892 3003 τὸ
912 2942 1164 3013 ἀψευδὲς,
1202 2944 1294 2996 καὶ
1336 2943 1575 3015 ἁρμόζον
1595 2942 1778 3008 αὐτοῖς

192 3035 394 3105 λόγιον.
423 3037 484 3089 τὸ
506 3034 741 3103 φάσκον
779 3052 801 3091 ι
839 3029 1025 3097 Ὅστις
1056 3034 1132 3104 μὴ
1175 3035 1378 3106 ποιήσῃ
1420 3037 1516 3089 καὶ
1567 3034 1778 3109 διδάξῃ.

188 3122 346 3191 οὗτος
378 3126 665 3197 ἐλάχιστος
689 3125 1020 3197 κληθήσεται
1069 3126 1128 3179 ἐν
1152 3127 1219 3197 τῇ
1269 3124 1518 3197 βασιλείᾳ
1550 3126 1658 3179 τῶν
1682 3127 1772 3180 οὑ-

193 3218 399 3291 ρανῶν.
440 3237 459 3277 υ
494 3217 605 3277 Καὶ
634 3217 794 3275 πάλιν
815 3233 831 3250 ο
872 3236 892 3270 ι
946 3217 1270 3287 Ὑποκριτα,
1306 3216 1533 3277 ἔκϐαλλε
1563 3217 1779 3287 πρῶτον

138 3358 147 3359 κ
316 3310 478 3370 δοκὸν
495 3311 561 3366 ἐκ
588 3309 682 3369 τοῦ
712 3309 992 3381 ὀφθαλμοῦ
1020 3283 1137 3375 aeu,
1160 3311 1255 3364 καὶ
1282 3310 1404 3364 τότε
1433 3283 1777 3381 ὲμὸλέᾦειςρ
1814 3283 1858 3340 Β

191 3405 288 3460 καὶ
318 3405 391 3458 τὰ
414 3404 560 3474 ἑξῆς.
594 3402 684 3456 Διὸ
717 3404 811 3461 καὶ
848 3404 877 3455 ὁ
901 3403 1010 3456 τῶν
1035 3402 1296 3473 Πράξεων
1326 3402 1436 3456 τῶν
1472 3402 1784 3457 ἀποστόλων

193 3494 364 3565 σοφὸς
396 3495 743 3565 συγγραφεὺς
772 3492 901 3563 περὶ⁸
946 3490 1042 3545 τοῦ
1092 3491 1333 3561 μεγάλου
1386 3492 1482 3546 καὶ
1524 3491 1783 3562 ἀληθινοῦ

192 3584 355 3656 ⁴Ιιμῶν
381 3583 516 3638 Θεοῦ
549 3583 644 3637 καὶ
670 3582 993 3641 διδασκάλου
1027 3581 1201 3646 οὕτως
1228 3583 1391 3655 φησίν
1411 3601 1425 3615 ·
1450 3576 1552 3637 Ὧν
1580 3583 1785 3655 ἤρξατο

191 3676 223 3729 ὁ
258 3675 476 3746 Ἰησοῦς
500 3678 674 3737 ποιεῖν
708 3691 767 3729 τε
804 3675 900 3729 καὶ
951 3674 1246 3737 διδάσκειν.
1277 3692 1296 3728 t
1332 3673 1504 3732 Τοῦτο
1545 3675 1655 3747 γὰρ
1688 3674 1787 3729 καὶ

194 3766 416 3831 Παῦλος
445 3766 507 3826 τὸ
535 3766 679 3836 μέγα
712 3764 905 3832 σκεῦος
934 3766 1033 3836 τῆς
1063 3766 1419 3838 Ἐκκλησίας,
1448 3767 1783 3839 ἐπιπλῆττον

190 3860 306 3923 τοῖς
344 3857 665 3929 Ῥωμαίοις,
688 3858 928 3931 ἔγραφεν
948 3858 1121 3933 οὕτως
1147 3858 1322 3928 λέγων
1349 3877 1361 3890 ο
1399 3878 1418 3917 ς
1464 3856 1598 3915 Εἶτα
1645 3863 1674 3914 ὁ
1701 3860 1785 3915 δι·-

192 3951 418 4005 δὰσκων
449 3950 658 4023 ἕτερον,
684 3951 910 4006 σεαυτὸν
944 3953 1005 4005 οὐ
1035 3951 1342 4020 διδάσκειςς
1375 3970 1394 4005 ι
1422 3952 1518 4007 καὶ
1544 3954 1615 4008 τὰ
1637 3951 1784 4023 ἑξῆς.

207 4044 366 4098 Ἐπεὶ
396 4039 489 4099 οῦν
515 4044 575 4109 ἐξ
603 4044 804 4101 οἰκείου
841 4043 958 4115 βίου
991 4044 1368 4110 διδασκαλίας,
1403 4045 1498 4101 καὶ
1528 4046 1640 4117 ’τῆς
1663 4044 1783 4101 κατ’

193 4135 407 4207 ἀρετὴν
440 4136 703 4207 ἐργασίας
724 4138 910 4191 εἰκόνα
933 4137 1028 4197 καὶ
1066 4136 1238 4192 τύπον
1270 4137 1558 4208 προθεῖναι
1584 4137 1786 4193 ἀδυνα-

191 4226 426 4297 τοῦμεν,
451 4225 520 4279 τὰ
542 4225 690 4296 πάθη
720 4225 819 4295 τῆς
848 4224 1124 4296 ἁμαρτίας
1154 4228 1212 4280 ὲν
1253 4227 1466 4290 ἑαυτοῖς
1507 4224 1784 4298 πανταχοῦ

190 4318 617 4388 περιφέροντες,
652 4316 785 4388 φέρε
822 4317 924 4375 κᾶν
972 4319 1036 4370 ὲκ
1095 4317 1194 4388 τῆς
1245 4317 1448 4387 ἑτέρων
1499 4318 1786 4390 ἐργασίας,

191 4408 289 4461 καὶ
310 4405 428 4461 τῶν
448 4406 629 4469 ἄλλοις
654 4404 998 4477 πονηθέντων
1034 4405 1276 4478 ἱδρώτων
1299 4407 1506 4479 τροφὴν
1534 4408 1663 4479 ὑμῖν
1687 4410 1787 4480 σή-

193 4517 373 4570 μερον
409 4497 486 4570 μὴ
522 4497 927 4570 ἀπολλυμένην,
979 4499 1096 4563 ἀλλ’
1144 4499 1447 4572 ὁδηγοῦσαν
1473 4503 1610 4573 πρὸς
1639 4502 1787 4573 ζωὴν

186 4591 419 4649 αἰώνιον
444 4589 545 4654 τὰς
582 4590 858 4662 ἡμετέρας
881 4589 1082 4662 ψυχὰς,
1120 4592 1566 4663 ἀνακαλύψομεν.

1877 2026 2136 2097 student,
2189 2045 2221 2086 e
2286 2032 2508 2103 propria
2566 2050 2665 2091 sua
2732 2037 2846 2092 vita
2899 2038 3105 2095 debent
3171 2045 3469 2103 ostendere

1876 2118 2203 2191 doctrinam,
2233 2138 2396 2195 quam
2427 2127 2564 2184 alios
2616 2129 2869 2197 doceant,
2896 2131 3052 2202 juxta
3080 2131 3279 2191 divinae
3315 2140 3469 2197 vocis

1877 2213 2160 2269 oraculum
2190 2232 2209 2271 :
2245 2237 2266 2271 ι
2304 2218 2396 2277 Sic
2436 2219 2619 2277 luceat
2656 2223 2748 2277 lux
2790 2232 2971 2280 vestra
3006 2242 3190 2285 coram
3224 2232 3469 2289 homini-

1878 2303 2002 2371 bus,
2046 2315 2108 2362 ut
2157 2307 2380 2366 videant
2417 2326 2581 2382 opera
2610 2322 2795 2370 vestra
2846 2315 3014 2384 bona,
3055 2329 3111 2375 et
3161 2322 3470 2393 gloriﬁcent

1878 2394 2094 2453 Patrem
2127 2410 2392 2468 vestrum,
2420 2402 2514 2472 qui
2548 2403 2601 2458 in
2628 2405 2781 2460 caelis
2820 2416 2905 2461 est
2932 2407 2972 2464 ί.
3017 2427 3035 2459 ι
3076 2408 3304 2468 Nedum
3331 2414 3469 2471 alios

1879 2488 2032 2556 prius
2062 2504 2307 2559 monere,
2359 2491 2651 2561 instruere,
2697 2504 2754 2551 et
2805 2496 2863 2552 in
2909 2499 3054 2554 viam
3093 2500 3299 2558 ducere
3345 2510 3467 2559 stu-

1878 2577 2031 2645 dent,
2063 2595 2225 2650 quam
2256 2582 2356 2653 ipsi
2390 2599 2448 2640 se
2474 2584 2784 2652 docuerint,
2809 2598 2865 2643 et
2896 2594 3327 2662 expurgaverint
3368 2608 3469 2665 per

1877 2668 2191 2729 divinorum
2217 2674 2594 2731 mandatorum
2637 2678 3103 2746 observationem,
3149 2694 3277 2740 ante
3314 2686 3460 2742 oblio

1878 2761 2160 2820 viscantur
2194 2767 2475 2835 proprium
2502 2777 2778 2825 mortuum
2806 2770 2959 2838 ﬁere,
2992 2789 3155 2844 quam
3187 2777 3256 2833 de
3287 2778 3469 2834 alieno

1881 2854 2152 2925 laborent,
2187 2864 2245 2913 et
2270 2858 2326 2913 in
2359 2858 2464 2915 illis
2495 2860 2807 2931 impleatur,
2855 2879 3046 2922 verum
3083 2868 3211 2935 hoc,
3246 2878 3303 2925 et
3334 2870 3470 2942 ipsis

1882 2960 2184 3018 congruum
2211 2948 2512 3019 eloquium,
2538 2953 2684 3023 quod
2719 2953 2851 3010 dicit
2884 2974 2898 3011 :
2927 2976 2946 3009 ι
2975 2957 3079 3024 Qui
3115 2975 3225 3014 non
3276 2960 3469 3018 fecerit

1881 3041 1936 3090 et
1964 3036 2231 3104 docuerit,
2269 3039 2357 3094 bic
2388 3040 2646 3096 minimus
2674 3045 2958 3099 vocabitur
2996 3046 3053 3100 in
3098 3064 3268 3121 regno
3304 3051 3472 3107 ctelo-

1882 3144 2006 3184 rum
2032 3129 2074 3183 ’.
2114 3148 2133 3182 ι
2155 3130 2225 3186 Et
2256 3131 2489 3200 iterum;
2524 3152 2544 3186 ι
2572 3135 2883 3206 Hypocrita,
2915 3138 3054 3209 ejice
3084 3141 3322 3211 primum
3357 3150 3471 3198 tra-

1882 3218 2007 3277 bem
2050 3233 2118 3275 ex
2143 3221 2304 3277 oculo
2343 3231 2458 3289 tuo,
2498 3233 2555 3279 et
2595 3233 2727 3282 tunc
2770 3226 3029 3298 inspicies
3058 3231 3104 3296 3,
3139 3249 3159 3282 ι
3192 3241 3300 3287 etc.
3345 3232 3473 3289 ideo

1889 3311 2106 3381 sapiens
2151 3327 2372 3383 quoque
2423 3316 2657 3372 Actutum
2710 3321 3080 3390 apostolorum
3132 3324 3373 3393 scriptor
3405 3325 3475 3379 de

1888 3417 2088 3473 magno
2114 3419 2180 3460 ac
2201 3420 2396 3462 veraee
2440 3408 2554 3464 Deo
2581 3419 2772 3467 nostro
2799 3421 2857 3467 et
2897 3414 3158 3485 magistro
3187 3416 3268 3471 sic
3294 3417 3476 3487 loqui-

1887 3502 2016 3551 tur:
2040 3515 2078 3548 ⁴ι
2113 3496 2246 3562 Quae
2284 3498 2453 3569 coepit
2480 3499 2640 3557 Jesus
2684 3501 2871 3559 facere
2905 3515 2960 3560 et
2988 3507 3188 3563 docere
3214 3508 3257 3561 ⁸.
3298 3528 3317 3560 ι
3351 3508 3469 3565 Hoc

1887 3586 2036 3643 enim
2082 3596 2138 3643 et
2175 3586 2396 3656 Paulus,
2437 3605 2696 3664 magnum
2744 3593 3005 3653 Ecclesiae
3031 3612 3149 3664 vas,
3193 3599 3472 3656 Romanos

1888 3677 2200 3750 increpans,
2243 3683 2484 3753 scripsit,
2545 3685 2627 3742 sic
2668 3686 2904 3743 dicens:
2940 3708 2960 3740 ι
2996 3689 3113 3755 Tu,
3162 3692 3255 3760 qui
3302 3693 3471 3747 alium

1886 3767 2072 3835 doces,
2103 3777 2157 3825 te
2191 3771 2371 3842 ipsum
2408 3789 2518 3829 non
2559 3775 2765 3831 doces?
2797 3795 2816 3828 ι
2853 3786 2960 3836 etc.
2982 3778 3251 3845 Quoniam
3282 3796 3414 3852 ergo
3441 3797 3475 3837 ε

1886 3859 1997 3916 vita
2025 3870 2232 3930 nostra,
2258 3863 2522 3920 doctrinae
2549 3874 2604 3921 et
2634 3868 2992 3937 operationis,
3010 3885 3134 3940 quae
3160 3873 3468 3927 secundum

1886 3951 2147 4008 virtutem
2192 3963 2297 4023 est,
2337 3955 2628 4028 imaginem
2669 3967 2725 4012 et
2759 3958 2986 4030 ﬁguram
3026 3974 3334 4032 proponere
3359 3974 3471 4017 non

1886 4058 2199 4114 possumus,
2224 4046 2430 4115 peccati
2463 4046 2783 4111 aﬂectiones
2812 4049 3017 4119 ubique
3066 4050 3121 4104 in
3166 4050 3327 4107 nobis
3362 4051 3474 4106 cir-

1884 4134 2287 4204 cumferentes;
2322 4153 2443 4209 age,
2477 4139 2564 4194 vel
2590 4155 2652 4193 ex
2680 4139 2911 4194 aliorum
2942 4142 3285 4211 operatione,
3326 4150 3382 4197 et
3405 4156 3471 4197 ex

1886 4228 2203 4291 sudoribus,
2227 4229 2319 4300 qui
2353 4231 2423 4285 ab
2460 4231 2584 4293 aliis
2631 4232 2892 4291 exantlati
2936 4241 3083 4300 sunt,
3119 4234 3466 4301 alimentum,

1886 4320 2033 4390 quod
2069 4322 2225 4377 vobis
2270 4322 2431 4378 hodie
2474 4338 2583 4378 non
2634 4332 2844 4394 pereat,
2886 4325 2982 4380 sed
3013 4326 3225 4383 animas
3255 4336 3479 4384 nostras

1887 4412 2123 4468 adducat
2150 4412 2206 4466 in
2230 4411 2394 4468 vitam
2424 4423 2711 4482 aeternam,
2733 4416 3118 4472 rcvelabimus.

264 4679 336 4754 β’.
374 4646 573 4752 "Apte;
892 4646 1177 4753 ’ttbndapav
1214 4646 1507 4757 ctﬁpié’et"
1537 4646 1694 4755 λόγος
1724 4685 1782 4741 δὲ

1957 4683 2014 4739 2.
2052 4681 2186 4737 Nam
2215 4682 2372 4753 panis
2397 4678 2619 4755 quidem
2667 4684 2960 4741 conﬁrmat
3002 4700 3223 4756 corpus,
3253 4686 3477 4743 divinus

187 4773 335 4829 θεοῦ
378 4774 477 4845 τὴν
521 4772 701 4846 ψυχὴν
729 4774 868 4845 πρὸς
906 4774 1108 4846 ἀρετὴν
1159 4775 1466 4847 σπουδαίως
1497 4777 1781 4849 διεγείρει,

188 4868 290 4929 καὶ,
325 4865 570 4939 μάλιστα
615 4865 724 4921 τῶν
771 4866 1159 4937 ρᾳθυμοτέρων
1215 4867 1349 4938 περὶ
1395 4867 1496 4939 τὴν
1522 4869 1788 4939 ἐργασίαν

189 4958 307 5015 τῶν
368 4958 530 5019 θείων
583 4956 1060 5028 παραγγελμάτων
1116 4957 1336 5030 ἀμελῶς
1388 4958 1784 5030 διακειμένων

190 5054 313 5116 τοῖς
359 5049 457 5120 μὲν
487 5049 596 5121 γὰρ
626 5048 935 5113 σπουδαίοις
976 5049 1072 5111 καὶ
1104 5052 1172 5121 τῇ
1212 5050 1423 5122 διανοίᾳ
1466 5052 1605 5123 πρὸς
1654 5052 1787 5108 Θεὸν
1821 5078 1842 5113 ,ι

192 5142 607 5214 ἀνακειμένοις,
637 5140 798 5213 ἱκανὴ
822 5144 917 5201 καὶ
945 5143 979 5212 ἡ
1027 5142 1334 5215 συνείδησις
1370 5144 1509 5215 πρὸς
1531 5144 1790 5213 διδασκαα
1833 5154 1837 5157 ’

189 5237 325 5300 λίας
353 5234 632 5298 ὑπόθεσιν,
654 5233 834 5294 πάντα
853 5235 923 5297 τὰ
959 5234 1142 5304 ἀγαθὰ
1176 5234 1643 5305 ωμόουλεύουσα,
1694 5238 1788 5292 καὶ

191 5328 429 5391 πάντων
454 5325 564 5387 τῶν
588 5325 842 5399 πονηρῶν
863 5327 1303 5400 ἀποστρέφουσα.
1330 5328 1456 5393 Τοῖς
1475 5329 1534 5382 δὲ
1560 5328 1643 5384 ἐτι
1661 5329 1788 5391 τού-

188 5436 317 5479 των
350 5418 756 5490 ταπεινοτέροις
795 5418 952 5490 χρεία
980 5421 1130 5473 ἐστὶν
1156 5419 1255 5491 τῆς
1289 5418 1385 5474 τοῦ
1419 5421 1666 5491 γραπτοῦ
1699 5423 1787 5476 νό-

192 5527 312 5585 μου
351 5509 726 5582 παραγγελίας
755 5510 850 5564 καὶ
873 5511 1203 5576 ὑποθέσεως.
1229 5511 1292 5565 Ei
1322 5511 1381 5566 δέ
1401 5529 1485 5575 τις
1517 5512 1609 5566 τὸν
1634 5513 1786 5587 πρῶ-

188 5618 297 5658 τον
338 5603 433 5657 καὶ
459 5602 550 5657 τὸν
577 5600 830 5674 δεύτερον
849 5603 1051 5674 τρόπον
1077 5603 1176 5675 τῆς
1211 5603 1346 5674 πρὸς
1366 5604 1577 5676 ἀρετὴν
1591 5606 1786 5678 φερού-

1888 4784 2072 4831 autem
2107 4791 2289 4831 sermo
2320 4776 2557 4830 animam
2592 4776 2796 4831 excitat
2816 4776 2883 4831 ad
2916 4776 3194 4845 virtutem,
3236 4779 3477 4835 maxime

1888 4883 2102 4932 eorum,
2157 4868 2252 4938 qui
2308 4867 2733 4939 negligentiores
2768 4878 2918 4943 sunt,
2963 4877 3021 4923 et
3066 4868 3121 4922 in
3162 4869 3474 4924 divinat-mu

1889 4963 2270 5018 mandatorum
2330 4961 2737 5015 exsecutionem
2804 4962 3047 5031 segniter
3122 4961 3473 5017 incumbunt.

1888 5055 2023 5110 Nam
2050 5053 2399 5126 diligentibus
2426 5062 2482 5108 et
2510 5052 2838 5124 cogitatione
2894 5053 3011 5108 Deo
3046 5053 3473 5118 inhaerentibus,

1885 5147 2087 5204 sullicit
2116 5145 2469 5211 conscientia,
2505 5144 2572 5200 ad
2613 5145 2877 5199 doctrinae
2916 5144 3330 5201 fundamentum
3378 5144 3470 5215 ja-

1884 5238 2161 5301 ciendum,
2207 5252 2329 5307 quae
2359 5235 2540 5291 omnia
2571 5235 2713 5290 bona
2754 5234 3032 5301 conciliat,
3081 5242 3137 5288 et
3154 5229 3365 5289 ‘avertit
3394 5235 3467 5290 ab

1884 5331 2141 5387 omnibus
2170 5330 2346 5385 malis.
2402 5328 2510 5384 Sed
2556 5328 2655 5394 illi,
2704 5327 2796 5398 qui
2860 5326 3012 5381 hisce
3050 5325 3273 5381 viliores
3312 5333 3466 5388 sunt,

1885 5424 2134 5494 indigent
2162 5423 2296 5494 legis
2340 5421 2554 5491 scriptae
2597 5419 2987 5485 declaratione,
3020 5427 3075 5474 et
3116 5426 3463 5488 argumento.

1890 5515 1948 5575 Si
1971 5530 2101 5572 vero
2129 5514 2326 5587 aliquis
2353 5512 2589 5584 primum
2619 5520 2673 5568 et
2718 5510 3022 5567 secundum
3066 5507 3291 5564 modum
3337 5506 3460 5567 vim.

1891 5622 2012 5677 quae
2033 5605 2183 5662 ducit
2209 5606 2275 5660 ad
2302 5605 2579 5672 virtutem,
2622 5601 2917 5674 rcpnlerit,
2952 5615 3179 5658 necesse
3201 5608 3282 5659 est
3317 5601 3466 5655 hunc

279 5779 303 5809 ³
333 5776 530 5836 Matth.
571 5795 633 5849 ν,Γ
678 5780 766 5836 16.
845 5782 867 5813 ³
903 5778 1146 5838 ibid.l9.
1220 5781 1243 5815 ³
1280 5782 1470 5838 Matth.
1501 5798 1599 5849 vn,
1632 5782 1685 5837 '5.
1729 5783 1749 5815 ‘
1789 5784 1906 5838 Act.
1939 5801 1975 5852 ι,
2004 5783 2050 5837 l.
