3976 6414
490 378 619 443 1671

1520 372 1830 435 LEONTII
1872 367 2384 432 NEAPOLITANI
2416 366 2752 428 EPISCOPI

3640 359 3779 427 1672

484 506 553 544 ex
582 487 763 544 studio
811 485 977 543 etiam
1009 485 1240 541 aliorum
1271 493 1328 540 et
1367 499 1678 561 cura,.quae
1707 498 1804 554 per
1828 482 2077 538 auditum

2201 496 2286 548 της
2329 478 2451 535 όδοῢ
2498 477 2901 550 διακρούσεται,
2940 473 3155 547 ἀνάγκη
3201 473 3395 530 τοῦτον
3443 471 3549 527 κᾶν
3580 475 3650 527 ὲκ
3677 473 3781 541 τῆς

486 591 544 637 et
570 579 939 635 narrationem
974 577 1042 633 ad
1083 577 1261 649 ipsum
1291 575 1598 641 devenerit,
1642 576 1829 632 divino
1861 573 2079 630 deside-

488 673 570 728 rio
604 671 850 737 excitari,
903 685 1156 725 somnum
1197 669 1393 724 animae
1435 684 1468 723 a
1510 682 1569 731 se
1624 667 1743 738 ipso
1784 673 2077 731 excutere,

488 775 717 837 angusta
749 765 983 834 tritaque
1010 765 1094 819 via
1141 763 1417 829 incedere,
1448 761 1705 819 et‘vitam
1734 759 2081 816 aeternam'in

489 868 768 929 posterum
801 856 1093 926 auspicari.
1141 854 1362 911 Etenim
1408 868 1580 924 penes
1630 868 1732 908 nos
1771 860 1876 917 est,
1915 860 1971 907 et
2024 850 2082 905 in

489 959 677 1006 nostra
752 949 991 1019 positum
1057 956 1352 1019 potestate,
1416 944 1693 1001 desiderio
1749 943 2080 1006 futurorum,

489 1041 802 1111 praesentia,
861 1050 1119 1109 tanquam
1171 1037 1641 1117 pertranseuntia',
1690 1044 2082 1100 contemnere;

489 1143 587 1189 aut
637 1128 831 1188 contra
896 1131 1176 1187 desiderio
1229 1139 1287 1185 et
1339 1128 1643 1200 cupiditate
1695 1128 2082 1198 praesentium,

489 1226 657 1281 bonis
711 1240 993 1296 nunquam
1053 1223 1415 1278 terminandis
1457 1222 1730 1278 frustrari.
1783 1220 1848 1275 Et
1892 1236 2085 1276 verum

488 1334 611 1375 esse
645 1318 720 1383 id,
763 1318 909 1388 quod
938 1317 1145 1373 dictum
1200 1324 1307 1379 est,
1353 1315 1697 1370 convincunt
1731 1327 1834 1368 nos
1864 1313 2085 1382 quidem

491 1424 685 1464 omnes
713 1408 986 1474 homines,
1018 1406 1110 1476 qui
1133 1421 1164 1461 a
1190 1406 1392 1462 saeculo
1420 1414 1571 1470 sunt,
1607 1404 1699 1475 qui
1735 1404 1847 1459 Deo
1870 1404 2090 1474 placere

491 1502 846 1565 studuerunt,
890 1499 1109 1555 tametsi
1161 1497 1409 1566 ejusdem
1465 1496 1755 1552 nobiscum
1801 1502 2088 1551 consortes

496 1603 685 1649 essent
704 1600 915 1648 naturae
939 1608 953 1659 ;
986 1590 1223 1646 maxime
1244 1604 1375 1645 vero
1401 1589 1495 1659 qui
1518 1589 1572 1643 in
1597 1596 1758 1643 aetate
1780 1595 1968 1642 nostra
1988 1585 2086 1657 (I),

492 1685 785 1739 luminaria
818 1688 1210 1753 apparuerunt.
1248 1679 1494 1746 Quorum
1540 1692 1682 1732 unus
1729 1677 1821 1731 hic
1865 1675 2089 1746 sapien-

494 1778 739 1833 tissimus
766 1776 1001 1847 Symeon
1027 1772 1237 1827 exstitit
1272 1772 1370 1842 (Ξ),
1395 1771 1693 1826 multorum
1742 1784 1856 1839 prre
1903 1767 2091 1822 multis

494 1867 886 1925 venerabilior.
936 1865 1014 1919 Eo
1042 1865 1191 1933 quod
1229 1862 1298 1916 ad
1342 1871 1554 1917 tantum
1598 1860 1853 1932 puritatis
1890 1863 1957 1915 et‘
1981 1859 2086 1913 im-

495 1959 874 2031 passibilitatis
907 1955 1183 2027 fastigium
1228 1953 1571 2019 conscendit,
1603 1960 1665 2007 ut
1699 1966 1800 2022 per
1835 1965 1922 2015 ea,
1966 1964 2088 2020 quae

500 2053 560 2108 in
597 2051 684 2106 via
716 2049 937 2106 virtutis
958 2048 1218 2105 videntur
1242 2046 1442 2101 all'erre
1472 2044 1771 2116 piaculum,
1800 2043 2085 2107 damnum,

496 2160 564 2200 ac
592 2142 1046 2213 impedimentum
1083 2140 1211 2205 illis,
1264 2141 1358 2209 qui
1386 2137 1570 2208 pravis
1615 2135 2003 2192 affectionibus
2035 2142 2092 2189 et

498 2235 648 2291 carni
712 2232 1052 2288 astrictiores
1113 2238 1265 2295 sunt,
1307 2244 1407 2299 per
1460 2243 1544 2294 ea,
1578 2228 1826 2298 inquam,
1868 2224 2094 2297 purissi-

497 2340 622 2379 mus
649 2324 722 2378 illi
755 2323 1000 2389 Simeon,
1067 2321 1211 2376 sicut
1231 2308 1555 2391 'margarita,
1588 2319 1871 2389 impollute
1904 2326 2091 2372 transv

500 2418 645 2476 ierit.
693 2417 912 2487 Loquor
956 2432 1089 2473 sane
1129 2416 1199 2472 de
1243 2414 1676 2470 commoratione
1714 2413 1836 2484 ejus
1867 2412 1921 2467 in
1955 2410 2091 2467 civi-

500 2521 633 2574 tate,
682 2511 975 2565 mulierum
1022 2508 1407 2574 conversione,
1456 2517 1512 2563 et
1555 2507 1765 2577 reliqua
1810 2506 1937 2562 vitae
1969 2506 2093 2575 ejus

501 2598 694 2653 fraude
760 2598 1027 2654 festinans
1055 2612 1180 2652 vere
1201 2597 1515 2660 ostendere,
1537 2595 2014 2662 desidiosioribus,
2039 2604 2096 2651 ct

503 2690 879 2760 impotentiam
927 2688 1282 2744 causantibus
1346 2688 1414 2743 ad
1466 2689 1634 2743 vitam
1700 2702 1825 2742 cum
1891 2687 2096 2741 virtute

505 2782 940 2850 transigendam,
978 2781 1211 2849 praeberi
1243 2797 1274 2833 a
1304 2780 1418 2835 Deo
1447 2781 1609 2844 vires,
1644 2780 1862 2836 sincere
1887 2793 1952 2834 ex
1983 2785 2095 2834 tota

504 2873 687 2927 anima
732 2872 833 2943 ipsi
883 2870 1364 2938 ministrantibus,
1438 2883 1631 2926 contra
1695 2870 1920 2941 spiritus
1983 2885 2096 2924 ma-

506 2967 664 3023 liti-a2.

579 3149 633 3204 5.
676 3131 827 3219 Rogo
853 3155 1038 3202 autem
1071 3161 1288 3210 omnes,
1334 3145 1439 3216 qui
1468 3145 1537 3202 de
1577 3144 1837 3217 angelicae.
1869 3158 2102 3201 conver-

508 3238 742 3296 sationis
765 3239 905 3308 ejus,
934 3254 1055 3308 quae
1086 3254 1201 3309 pne
1239 3238 1495 3293 manibus
1522 3247 1627 3304 est,
1651 3236 1970 3292 narratione
2001 3251 2101 3291 au-

508 3328 669 3385 diunt
699 3329 786 3383 vel
830 3328 1040 3399 legunt,
1064 3337 1129 3382 ut
1166 3343 1292 3382 cum
1325 3327 1522 3382 timore
1567 3325 1784 3381 Domini
1821 3326 2106 3381 attendant

511 3414 600 3488 iis,
631 3435 754 3491 quae
775 3420 1061 3484 dicuntur,
1093 3428 1150 3475 et
1169 3433 1384 3486 verace,
1412 3432 1535 3489 quae
1557 3418 1897 3473 Christianos
1922 3418 2101 3483 decet,

507 3521 677 3582 atque
710 3512 1042 3568 inconcussa
1088 3510 1215 3567 (ide.
1258 3509 1527 3567 Novimus
1557 3510 1703 3565 enim
1746 3507 2015 3574 futurum,
2047 3517 2107 3564 ut

516 3604 607 3669 iis,
629 3603 721 3672 qui
748 3603 988 3657 amentia
1022 3609 1079 3657 et
1106 3610 1430 3672 contemptu
1455 3600 1731 3665 laborant,
1759 3599 2104 3655 incredibilia

512 3694 796 3748 videamur
827 3693 1034 3759 dicere,
1064 3701 1121 3748 et
1143 3693 1261 3748 risu
1301 3693 1483 3764 digna.
1514 3691 1572 3747 Si
1602 3706 1737 3747 vero
1778 3691 2109 3746 audiverunt

514 3784 792 3841 dicentem
824 3801 838 3836 :
883 3802 902 3835 ι
943 3783 1048 3849 Qui
1084 3783 1202 3839 vult
1237 3784 1457 3854 sapiens
1501 3798 1626 3838 esse
1667 3782 1724 3836 in
1752 3782 1858 3837 hoc
1883 3781 2105 3847 sazculo,

511 3876 716 3932 stultus
764 3875 878 3940 fiat,
932 3883 995 3930 ut
1034 3876 1108 3930 sit
1154 3875 1375 3944 sapiens
1406 3876 1449 3928 ".
1492 3892 1512 3927 ι
1541 3873 1606 3928 Et
1649 3873 1885 3928 iterum:
1924 3891 1945 3925 ι
1997 3870 2108 3927 Nos

513 3968 666 4025 stulti
743 3976 970 4037 propter
1022 3965 1305 4021 Christum
1336 3966 1382 4020 ³.
1435 3985 1453 4017 ι
1506 3964 1574 4020 Et
1632 3965 1881 4019 iterum:
1916 3983 1935 4016 ι
1969 3962 2108 4030 Quia

513 4060 662 4131 quod
696 4059 922 4114 stultum
957 4068 1043 4112 est
1076 4057 1527 4128 Dei,_sapientius
1549 4066 1634 4112 est
1669 4056 1985 4113 hominibus
2012 4056 2056 4123 °;
2083 4075 2103 4108 ι

515 4166 628 4206 non
658 4152 823 4205 rebus
844 4149 913 4204 ab
941 4149 1037 4204 illo
1061 4164 1192 4204 vero
1226 4149 1403 4220 pugile
1445 4149 1641 4219 gestis,
1686 4159 1944 4219 tanquam
1971 4149 2107 4204 ridi-

516 4243 672 4303 culis.
697 4241 1022 4307 attendant;
1048 4240 1144 4295 sed
1176 4240 1359 4310 potius
1381 4248 1436 4295 et
1463 4241 1584 4310 plus
1624 4241 1910 4304 mirentur,
1946 4254 2110 4311 quam

516 4349 635 4399 eos,
671 4334 764 4403 qui
810 4334 866 4387 in
910 4341 1234 4388 caaterarum
1282 4332 1547 4387 virtutum
1594 4332 1869 4386 curriculo
1908 4333 2109 4388 versati

2180 573 2288 626 τῶν
2318 573 2494 628 ἄλλων
2547 570 2782 635 σπουδῆς
2840 569 2938 623 καὶ
2990 568 3273 638 φροντίδος
3299 609 3315 634 ,
3378 566 3483 633 τῆς
3528 583 3590 619 τε
3653 562 3779 619 κατ’

2181 665 2493 737 ὀφθαλμοὺς
2546 660 2734 727 αὐτοῦ,
2766 661 2867 731 τῆς
2924 678 2984 714 τε
3010 659 3077 714 δι’
3106 658 3280 728 ἀκοῆς
3335 657 3434 711 καὶ
3464 655 3782 727 διηγήσεως

2183 756 2323 827 πρὸς
2343 755 2506 810 αὐτὸν
2534 751 2911 822 καταντώσης,
2940 750 3092 822 πόθῳ
3118 748 3246 819 θείῳ
3276 745 3659 818 διεγερθῆναι,
3688 742 3784 798 καὶ

2182 848 2276 902 τὸν
2308 848 2402 916 τῆς
2424 846 2606 916 ψυχῆς
2645 843 2818 898 ὖπνον
2844 843 2902 909 ἐξ
2950 840 3146 895 ἑαυτοῦ
3188 834 3650 903 ἀποτινάξασθαι,
3684 831 3785 886 καὶ

2160 935 2283 1006 τὴν
2310 932 2504 1004 στενὴν
2526 950 2645 987 καί
2667 930 3042 1002 τεθλιμμένην
3088 928 3303 983 ὁδεῦσαι
3335 926 3479 990 ὁδὸν,
3532 925 3633 978 καὶ
3680 916 3787 994 τῆς

2184 1026 2406 1080 αἰωνίου
2431 1026 2616 1079 λοιπὸν
2636 1022 2991 1096 ἀπάρξασθαι
3022 1020 3188 1090 ζωῆς.
3229 1019 3342 1073 Καὶ
3375 1018 3487 1089 γὰρ
3517 1016 3609 1086 ἐφ’
3650 1016 3784 1086 ἡμῖν

2188 1119 2359 1180 ἐστιν,
2391 1116 2480 1169 καὶ
2509 1117 2565 1171 ὲν
2597 1117 2665 1189 τῇ
2696 1114 2947 1186 ἡμετέρᾳ
2971 1110 3192 1182 ἐξουσίᾳ
3231 1112 3411 1164 κεῖται
3437 1149 3454 1173 ,
3493 1105 3579 1176 τῷ
3635 1103 3785 1175 πόθῳ

2187 1212 2296 1264 τῶν
2352 1209 2675 1279 μελλόντων,
2726 1207 2837 1260 τῶν
2894 1205 3178 1275 παρόντων
3214 1203 3290 1264 ὡς
3344 1198 3786 1272 παρερχομένων

2189 1301 2625 1374 καταφρονῆσαι,
2646 1300 2680 1372 ἢ
2717 1299 2883 1354 πάλιν
2909 1297 3059 1364 πόθῳ
3084 1297 3181 1350 καὶ
3213 1293 3489 1364 ἐπιθυμίᾳ
3508 1284 3628 1344 τῶν
3653 1308 3789 1362 παρ-

2189 1399 2382 1462 όντων,
2408 1395 2518 1449 τῶν
2547 1393 2870 1465 ἁπερὰντων
2908 1388 3130 1458 ἀγαθῶν
3181 1387 3483 1456 ἀποτυχεῖν
3505 1399 3518 1412 ”
3577 1383 3680 1437 καὶ
3705 1383 3786 1435 ὅτι

2190 1491 2388 1563 ἀληθὲς
2408 1490 2469 1545 τὸ
2497 1489 2829 1560 λεγόμενον,
2862 1485 3179 1555 ἐλέγχουσιν
3205 1482 3387 1552 ἡμᾶς,
3428 1478 3645 1539 πάντες
3691 1475 3788 1546 μὲν

2191 1586 2239 1639 οί
2270 1584 2362 1638 ἀπ’
2393 1583 2587 1646 αἰῶνος
2617 1580 2918 1652 ἄνθρωποι,
2946 1580 2994 1631 οί
3033 1576 3111 1648 τῷ
3148 1574 3271 1644 Θεῷ
3312 1572 3792 1643 εὐαρεστήσαντες

2192 1678 2290 1747 τῆς
2313 1673 2592 1747 ἡμετέρας
2620 1672 2716 1726 καὶ
2747 1671 2902 1725 αὐτοὶ
2948 1668 3165 1740 φύσεως
3210 1665 3581 1736 ὑπάρχοντες,
3631 1657 3789 1730 μάλι-

2197 1787 2294 1823 στα
2315 1769 2440 1822 δὲοὶ
2466 1768 2523 1821 έν
2560 1769 2626 1837 τῇ
2650 1765 2899 1837 ἡμετέρᾳ
2933 1762 3095 1833 γενεᾷ
3126 1761 3415 1830 φωστῆρες
3436 1753 3785 1823 ἀναδειχθέν-

2191 1879 2312 1928 τες⁶
2344 1844 2437 1917 ὤν’
2450 1855 2530 1925 εἷς
2554 1860 2651 1914 καὶ
2669 1851 2828 1922 οὗτος
2855 1859 2883 1911 6
2916 1856 3198 1925 πάνσοφος
3236 1850 3471 1922 Συμεὼν
3514 1847 3795 1913 καθέστη-

2194 1973 2309 2020 κεν,
2344 1955 2437 2008 καὶ
2473 1950 2609 2006 πολὸ
2639 1967 2705 2019 γε
2755 1949 2865 2003 τῶν
2913 1946 3126 2002 πολλῶν
3169 1941 3630 2014 αἰδεσιμώτερος,
3659 1938 3791 1993 διότι

2192 2049 2275 2110 εἰς
2314 2044 2570 2098 τοσοῦτον
2623 2041 3018 2112 καθαρότητος,
3078 2037 3175 2091 καὶ
3204 2033 3479 2098 ἀπαθείας
3526 2031 3671 2101 ὕψος
3703 2030 3791 2083 ἀν-

2192 2140 2451 2211 έδραμεν,
2487 2136 2629 2190 ὥστε
2658 2134 2747 2189 διὰ
2787 2133 2896 2187 τῶν
2944 2130 3251 2186 δοκούντων
3283 2130 3400 2191 τοῖς
3440 2123 3791 2197 ὲμπαθεστέ·

2195 2248 2312 2303 ροις
2356 2230 2450 2283 καὶ
2480 2226 2954 2296 σαρκωδεστέροις
3011 2221 3287 2292 μολυσμὸν
3314 2219 3411 2273 καὶ
3460 2217 3679 2288 βλάϐην

2194 2302 2450 2385 ἐμπόδιον
2478 2313 2574 2366 τοῦ
2603 2312 2737 2385 πρὸς
2765 2310 2967 2383 ἀρετὴν
3001 2310 3119 2381 βίου
3157 2309 3224 2362 αὖ
3236 2310 3344 2371 τοῖς
3371 2308 3655 2378 ὲμποιείν,
3707 2302 3789 2357 διὰ

2194 2405 2401 2460 τούτων
2434 2400 2591 2469 οὗτος
2624 2407 2653 2458 6
2706 2401 3097 2476 καθαρώτατος
3119 2440 3134 2466 ,
3187 2399 3377 2470 ὥσπερ
3432 2394 3791 2468 μαργαρίτης

2194 2498 2281 2552 διὰ
2309 2497 2575 2569 βορσόρου
2606 2496 2922 2568 ἀμολύντως
2961 2492 3238 2548 διώδευσε.
3266 2493 3433 2560 Λέγω
3478 2487 3575 2543 διὰ
3598 2487 3702 2557 τῆς
3733 2487 3788 2539 ἐν

2196 2591 2351 2644 πόλει
2370 2588 2677 2660 διατριϐῆς,
2706 2592 2804 2643 καὶ
2840 2588 2939 2658 τῆς
2965 2586 3074 2640 τῶν
3108 2584 3386 2654 γυναικῶν
3414 2579 3790 2650 ἀναστροφῆς,

2199 2681 2412 2752 καὶτῆς
2439 2679 2629 2751 λοιπῆς
2657 2681 2773 2752 βίου
2807 2680 3048 2749 ἀπάτης,
3084 2678 3258 2752 δεῖξαι
3297 2677 3551 2735 σπεύσας
3576 2674 3795 2741 ἀληθῶς

2195 2775 2309 2838 τοῖς
2341 2749 2737 2843 ῤ’ᾳθυμοτέροις
2793 2770 2890 2824 καὶ
2936 2749 3436 2841 προφασίζομένοις
3483 2763 3798 2835 ἀδυναμίαν

2201 2865 2334 2938 πρὸς
2374 2864 2469 2918 τὸν
2501 2862 2620 2918 κατ’
2656 2862 2860 2934 ἀρετὴν
2886 2861 3020 2933 βίον,
3064 2864 3163 2932 τὴν
3198 2862 3261 2912 ὲκ
3293 2858 3436 2912 Θεοῦ
3472 2855 3798 2928 παρεχομέ-

2201 2973 2300 3028 νην
2336 2955 2564 3027 δύναμιν
2594 2956 2708 3017 τοῖς
2763 2952 3005 3025 γνησίως
3029 2952 3095 3005 ἐκ
3142 2950 3326 3022 ψυχῆς
3368 2949 3598 3019 ἁπάσης
3650 2944 3799 3016 αὐτῷ

2125 3074 2171 3136 C
2201 3047 2613 3119 λειτουργοῦσιν
2641 3086 2656 3112 ,
2685 3046 2824 3098 κατὰ
2849 3042 2958 3097 τῶν
2984 3041 3311 3113 πνευμάτων
3338 3040 3441 3110 τῆς
3473 3038 3771 3110 πονηρίας.

2273 3147 2341 3209 γ’.
2383 3137 2530 3192 Αἱτῶ
2562 3137 2619 3190 δὲ
2640 3135 2871 3199 πάντας,
2920 3134 3049 3197 τοὺς
3098 3132 3200 3203 τῆς
3252 3130 3638 3202 προκειμένης
3670 3129 3802 3200 ἡμῖν

2202 3227 2335 3301 περὶ
2386 3229 2488 3300 τῆς
2537 3227 2839 3299 ἀγγελικῆς
2893 3223 3064 3280 αὐτοῦ
3138 3223 3419 3286 πολιτείας
3487 3222 3803 3294 διηγήσεως

2202 3320 2589 3392 ἀκροωμένους
2628 3319 2661 3391 ἢ
2689 3320 3137 3389 ἐντυγχάνοντας,
3172 3316 3313 3388 μετά
3354 3315 3532 3386 φόὸου
3560 3316 3665 3371 τοῦ
3695 3319 3805 3371 Kc.

2208 3414 2324 3486 ρίου
2348 3415 2461 3475 τοῖς
2489 3411 2802 3483 λεγομένας
2837 3410 3151 3483 προσέχειν,
3181 3410 3276 3464 καὶ
3320 3409 3425 3480 τῆς
3474 3409 3797 3480 πρεποῦσης

2205 3502 2468 3573 ἀληθινῆς
2500 3502 2848 3572 Χριστιανοῖς
2881 3500 3117 3564 πίστεως
3144 3500 3540 3555 ἁδιαστὰκτου.
3567 3500 3801 3569 Οἴδαμεν

2205 3599 2316 3668 γὰρ
2341 3591 2424 3649 ὃτι
2443 3597 2556 3659 τοῖς
2584 3595 3005 3667 ἀφρονεστέροις
3024 3595 3119 3648 καὶ
3151 3597 3607 3666 καταφροντγταῖς
3625 3635 3645 3662 ,
3678 3594 3798 3648 ἄπι-

2209 3705 2307 3743 στα
2331 3687 2557 3759 δόξομεν
2577 3689 2671 3741 καὶ
2690 3687 2889 3757 λέγειν,
2914 3688 3009 3740 καὶ
3038 3687 3266 3756 γελοίων
3291 3685 3438 3751 ἄξια.
3468 3688 3537 3740 Et
3566 3686 3627 3741 δὲ
3651 3687 3801 3757 ἤκου-

2210 3798 2309 3835 σαν
2336 3780 2431 3834 τοῦ
2489 3779 2767 3844 εἰπόντος·
2829 3799 2846 3832 ι
2907 3780 2964 3834 ’0
3021 3780 3190 3834 θέλων
3245 3780 3411 3849 σοφὸς
3450 3776 3601 3834 εἶναι
3644 3778 3801 3849 ἐντῷ

2209 3873 2367 3928 αἰῶνι
2403 3872 2599 3944 τούτῳ,
2634 3872 2817 3945 μωρὸς
2846 3871 3119 3942 γενέσθω,
3161 3871 3249 3925 ἵνα
3292 3872 3528 3942 γένηται
3558 3871 3746 3941 σοφός.
3775 3889 3794 3924 ι

2210 3967 2323 4020 Καί
2353 3966 2516 4021 πάλιν
2540 3981 2555 3995 ·
2592 3984 2614 4019 ι
2660 3966 2854 4036 Ἦμεϊς
2888 3965 3061 4036 μωροὶ
3089 3965 3176 4019 διὰ
3209 3965 3467 4035 Χριστόν.
3509 3984 3531 4018 ι
3567 3965 3685 4027 Καὶ
3706 3963 3804 4018 πά-

2211 4058 2297 4111 λιν
2316 4076 2329 4089 ·
2373 4077 2393 4109 ι
2437 4058 2560 4110 ’Ότι
2589 4056 2650 4110 τὸ
2678 4056 2861 4128 μωρὸν
2892 4054 2987 4110 τοῦ
3018 4053 3156 4110 Θεοῦ
3221 4052 3538 4125 σοφώτερον
3573 4053 3692 4107 τῶν
3717 4054 3804 4107 ἁν-

2213 4151 2446 4225 θρώπων
2476 4152 2645 4219 ἐστὶν,
2689 4151 2790 4204 οὐκ
2830 4151 2898 4204 ἂν
2935 4152 3047 4214 τοῖς
3075 4149 3181 4202 ὑπὸ
3231 4147 3425 4201 τούτου
3476 4146 3577 4201 τοῦ
3639 4146 3803 4210 ὄντως

2212 4242 2448 4314 ἀθλητοῦ
2495 4241 2943 4315 κατεργασθεῖσιν
2991 4242 3067 4306 ὡς
3132 4239 3363 4310 γελοίοις
3418 4242 3738 4312 προσεῖχον.
3779 4257 3797 4289 ι

2224 4335 2366 4389 Ἀλλ’
2388 4335 2421 4407 ἢ
2453 4335 2653 4407 μᾶλλον
2686 4334 2782 4388 καὶ
2811 4332 2972 4386 πλέον
2993 4333 3102 4386 τῶν
3126 4333 3226 4396 τὰς
3250 4332 3445 4394 λοιπὰς
3471 4329 3579 4400 τῆς
3605 4330 3805 4401 ἀρετῆς

521 4436 673 4481 sunt.
707 4424 820 4480 Nec
874 4425 1156 4479 enimvero
1202 4424 1382 4479 adhuc
1422 4424 1814 4479 inexercitatus
1842 4424 2098 4480 exsistens

2214 4426 2490 4490 πολιτείας
2524 4424 2891 4497 μετελθόντων
2945 4423 3274 4494 ἐθαύμαζον.
3347 4422 3491 4476 Οὐδὲ
3523 4424 3639 4492 γὰρ
3671 4420 3805 4490 dri-

517 4526 577 4572 et
605 4518 840 4588 praefecti
866 4517 1101 4586 indigus,
1135 4516 1187 4570 in
1218 4517 1484 4571 mundum
1510 4516 1690 4583 venit;
1730 4514 1826 4570 sed
1848 4517 2110 4585 quemad-

522 4607 745 4661 modum
803 4607 857 4659 in
911 4604 1125 4659 bellicis
1173 4604 1458 4658 ordinibus
1510 4603 1625 4657 ﬁeri
1671 4603 1940 4669 videmus,
1980 4603 2108 4659 dum

523 4696 817 4750 universus
855 4695 1131 4750 exercitus
1156 4694 1321 4749 simul
1350 4694 1535 4761 stetit;
1567 4694 1693 4750 alibi
1731 4694 1985 4765 propriae,
2012 4710 2109 4749 seu

525 4790 707 4860 potius
734 4787 824 4843 Dei
865 4787 1074 4852 virtuti,
1094 4795 1151 4841 et
1170 4786 1378 4841 bellicis
1406 4787 1741 4857 armis,.quaa
1767 4787 1824 4841 in
1855 4796 2114 4858 promptu

525 4887 675 4942 sunt,
705 4885 761 4931 et
790 4876 1022 4933 diversae
1069 4876 1125 4931 in
1155 4876 1370 4932 bellicis
1399 4878 1585 4942 rebus,
1623 4892 1688 4931 ac
1725 4877 2005 4932 diuturnae
2022 4893 2118 4932 ex-

523 4968 807 5039 perientiae
843 4968 1150 5031 conﬁdunt,
1179 4968 1233 5023 hi
1263 4967 1347 5022 vel
1384 4968 1484 5023 soli
1524 4967 1592 5022 ad
1638 4967 1912 5037 singulare
1936 4976 2118 5023 certa-

525 5072 650 5113 men
681 5073 713 5113 e
736 5058 1089 5113 multitudine
1113 5069 1303 5113 contra
1334 5058 1678 5114 adversarios
1712 5059 1992 5116 exsiliunt.
2026 5056 2119 5114 Sic

524 5158 581 5204 et
601 5149 690 5204 ille
718 5149 865 5217 fecit,
896 5149 1116 5220 quando
1141 5150 1281 5205 belle
1317 5159 1374 5205 et
1407 5149 1648 5219 legitime
1679 5150 1970 5220 pulchrum
1994 5165 2113 5206 cer-

523 5246 707 5297 tamen
747 5243 1011 5308 certavit;
1060 5240 1282 5311 quando
1331 5240 1537 5296 virtute
1581 5240 1808 5310 spiritus
1853 5250 2112 5311 tanquam

482 5333 753 5392 othorace
782 5334 1031 5389 indutum
1069 5349 1129 5390 se
1168 5332 1341 5399 vidit;
1372 5332 1592 5403 quando
1627 5334 1884 5391 virtutem
1906 5334 1975 5389 ab
1998 5333 2116 5405 ipso

525 5423 739 5494 accepit
792 5425 1038 5480 calcandi
1092 5440 1256 5495 supra
1309 5433 1595 5494 serpentes
1646 5434 1702 5481 et
1747 5425 2106 5495 scorpiones;

2219 4535 2453 4590 μναστος
2485 4518 2565 4570 ἔτι
2598 4516 2693 4582 ὢν,
2726 4508 2824 4570 τοῦ
2855 4518 3273 4579 ἐπιστατοῦντος
3294 4514 3557 4585 δεόμενος
3593 4513 3692 4566 ἐπὶ
3712 4513 3806 4565 τὸν

2217 4609 2420 4678 κόσμον
2452 4605 2760 4678 ἐχώρησεν*
2798 4600 2914 4658 ἀλλ’
2957 4604 3152 4675 ὥσπερ
3195 4604 3294 4658 ἐπὶ
3337 4594 3448 4656 τῶν
3488 4601 3808 4673 πολεμικῶν

2219 4700 2573 4771 παρατάξεων
2605 4697 2820 4768 ὁρῶμεν
2843 4697 3149 4766 γινόμενον,
3181 4694 3260 4748 ὅτ’
3296 4694 3363 4748 ἂν
3404 4695 3557 4758 ἄπας
3582 4694 3615 4747 6
3641 4711 3810 4766 στραι-

2217 4790 2308 4852 τὲς
2341 4786 2685 4858 ὁμοθυμαδὸν
2711 4785 2965 4856 ἕστηκεν,
2998 4784 3198 4848 οἵτινες
3227 4788 3292 4856 τῇ
3331 4784 3429 4838 τοῦ
3466 4784 3611 4838 Θεοῦ
3645 4785 3810 4838 δυνά-

2218 4894 2331 4950 μει,
2385 4879 2481 4933 καί
2538 4880 2652 4940 τοῖς
2707 4877 3077 4947 ἐπικειμένοις
3149 4878 3334 4940 αὒτιῑς
3391 4877 3811 4949 στρατιωτικοῖς

2213 4971 2419 5035 ὅπλοις,
2467 4970 2563 5024 καὶ
2612 4971 2679 5041 τῇ
2709 4969 2954 5040 διαφόρῳ
3000 4969 3275 5041 πολεμικῇ
3327 4971 3426 5023 καὶ
3462 4971 3809 5042 πολυχρονίῳ

2213 5060 2478 5133 ἐμπειρίᾳ
2507 5060 2973 5132 καταθαρῤοὖσιν,
3022 5054 3171 5114 οὗτοι
3193 5061 3289 5114 καὶ
3321 5060 3484 5130 μόνοι
3529 5064 3615 5125 εἰς
3656 5078 3811 5132 μονο-

2224 5153 2425 5226 μαχίαν
2456 5155 2519 5206 ὲκ
2555 5151 2648 5206 τοῦ
2674 5152 2909 5223 πλήθους
2937 5152 3080 5206 κατά
3112 5153 3222 5207 τῶν
3271 5154 3593 5208 ἀντιπάλων
3634 5158 3806 5225 ἑκπη-

2221 5244 2415 5299 δῶσιν·
2460 5242 2602 5296 οὕτω
2633 5244 2726 5296 καὶ
2761 5243 2923 5306 αὐτὸς
2954 5245 3116 5309 ποιεῖ,
3143 5243 3222 5297 ὅτ’
3265 5244 3334 5298 ἂν
3374 5245 3562 5310 καλῶς
3601 5248 3699 5300 καὶ
3725 5261 3815 5299 νο-

2229 5335 2412 5407 μίμως
2435 5336 2526 5389 τὸν
2555 5335 2716 5388 καλὸν
2747 5334 2937 5404 ἀγῶνα
2957 5335 3316 5391 ὲπύκτευσεν.
3366 5336 3489 5391 ⁹Οτ“
3518 5339 3591 5392 ἂν
3619 5341 3692 5410 τῇ
3717 5336 3812 5391 τοῦ

2218 5426 2530 5496 πνεύματος
2564 5423 2793 5494 δυνάμει
2827 5424 3018 5478 ἑαυτὸν
3044 5424 3532 5499 τεθωρακισμένον
3563 5428 3703 5494 ῑδεν,
3734 5425 3814 5481 δτ*

597 5550 623 5581 ⁸
650 5556 808 5611 Rom.
843 5570 905 5621 ιι,
938 5556 1030 5610 2!.
1102 5556 1126 5588 ⁸
1155 5556 1178 5611 Ι
1211 5554 1340 5614 Cor.
1371 5571 1454 5625 tu,
1488 5555 1578 5612 18.
1652 5555 1718 5610 "l
1753 5554 1882 5611 Cor.
1926 5573 1999 5623 Iv,
2037 5557 2098 5612 10

2201 5556 2265 5610 ⁸1
2303 5557 2430 5613 Cor.
2466 5576 2503 5624 ι,
2528 5559 2618 5614 25.
2697 5559 2718 5590 ’
2749 5559 2906 5614 Cant.
2935 5575 3006 5626 Iv,
3048 5558 3102 5614 7.

2093 5648 2324 5710 NOTAE.

598 5738 681 5812 (ξ)
718 5737 982 5812 Leontius
1015 5740 1199 5812 itaque
1220 5750 1413 5812 san_cto
1434 5740 1693 5812 Symeoni
1723 5756 1960 5812 coaevus.

605 5806 680 5868 (ὲ)
724 5806 804 5857 Ab
838 5802 1065 5876 Evagrio
1097 5802 1187 5863 lib.
1217 5826 1267 5864 IV
1295 5810 1432 5863 Eccl.
1474 5802 1612 5865 Hist.
1643 5826 1762 5879 cap.
1796 5809 1898 5875 '53;
1925 5820 1978 5865 et
2011 5810 2106 5864 Ni-

2210 5745 2454 5828 cephoro
2476 5745 2573 5801 lib.
2601 5762 2709 5828 μνη
2743 5745 2889 5828 Εςρί.
2925 5748 3106 5804 Hister
3176 5748 3439 5808 scribitur
3490 5753 3811 5828 Συμιώνηςο

2215 5825 2271 5871 et
2302 5817 2494 5872 Latine
2518 5818 2766 5874 redditur
2789 5817 3094 5890 Symeonrs.
