3976 6422
300 334 441 402 1673

1574 295 1749 396 vrrA
1782 338 1842 397 s.
1884 336 2285 399 SYMEONIS.

3431 342 3570 408 1674

301 453 370 506 ἁν
405 448 506 521 τὴν
533 445 764 518 δύναμιν
799 448 920 501 κατ’
955 446 1159 515 αὑτοῦ,
1211 450 1304 503 καὶ
1335 448 1429 503 τοῦ
1467 453 1657 503 πατεῖν
1694 451 1880 505 ἐπάνω

1991 451 2203 522 quando
2233 450 2416 507 carnis
2446 448 2936 507 inﬂammationem
2967 467 3092 508 rore
3113 452 3355 525 Spiritus
3390 461 3571 515 sancti

287 544 484 608 δφεων,
515 537 609 591 καὶ
630 539 933 608 σκορπίων,
958 539 1200 609 εἴληφεν,
1224 539 1302 593 ὅτ’
1325 539 1391 594 ἂν
1413 540 1512 611 τὴν
1533 541 1634 612 τῆς
1659 543 1864 611 σαρκὸς

289 629 561 700 πύρωσιν,
601 632 666 699 τῇ
703 629 796 682 τοῦ
830 626 987 698 ἁγίου
1037 629 1356 701 Πνεῦματος
1406 632 1582 703 δρόσῳ
1622 632 1880 685 κατέσϐε-

291 738 405 786 σεν,
430 720 509 774 ὅτ’
547 720 613 775 ἂν
644 722 864 792 ἁπάσης
897 722 1001 791 τῆς
1028 722 1124 775 τοῦ
1157 721 1274 792 βίου
1310 722 1475 776 αὑτοῦ
1515 724 1726 793 τρυφῆς
1785 725 1879 777 καὶ

284 813 464 884 δόξης,
498 811 574 875 ὡς
593 811 863 883 ἀράχνης,
893 813 1265 872 κατέπτυσεν.

262 903 272 955 i
354 904 417 959 δ’.
453 906 563 957 Καὶ
590 904 644 957 τί
668 903 748 956 δεῖ
796 905 961 957 πλέον
995 904 1211 973 λέγειν;
1254 906 1332 958 ὅτ’
1378 904 1445 958 ἂν
1475 905 1573 977 τὴν
1603 905 1880 960 ἀπάθειαν

288 997 364 1059 ὡς
395 996 613 1067 ἱμάτιον
642 995 845 1049 ἔσωθεν
886 997 979 1049 καί
1027 996 1225 1061 ἔξωθεν
1265 998 1357 1052 διὰ
1374 999 1879 1071 ταπεινοφροσύνης

289 1088 427 1159 πρὸς
483 1087 678 1140 ἑαυτὸν
726 1088 1103 1152 ἐπεσπάσατο,
1144 1088 1240 1142 καὶ
1284 1090 1385 1160 τῆς
1434 1091 1710 1155 υἱοθεσίας
1750 1109 1881 1146 κατ-

284 1177 520 1250 ηξιώθη,
546 1179 690 1232 κατὰ
721 1180 821 1250 τὴν
866 1179 1072 1249 φωνὴν,
1122 1179 1220 1250 τὴν
1270 1182 1328 1234 ὲν
1359 1181 1438 1250 τῷ
1471 1182 1717 1253 ’ᾼσματι
1768 1181 1880 1235 τῶν

294 1268 580 1338 ᾀσμάτων,
607 1269 737 1339 περ)⁸
762 1270 863 1337 τῆς
887 1267 1136 1338 καθαρᾶς
1160 1270 1255 1322 καὶ
1288 1269 1533 1335 ἀπαθοῦς
1580 1271 1757 1342 ψυχῆς
1799 1272 1875 1324 εί-

287 1358 534 1429 ρημένην
559 1374 573 1389 ·
613 1376 632 1409 ι
670 1359 794 1411 ’Ότι
832 1348 1151 1429 ὃλη’καλὴ,
1196 1361 1364 1430 φησὶν
1400 1362 1429 1413 ὁ
1478 1361 1714 1430 Χριστὸς
1743 1359 1881 1430 πρὸς

288 1450 385 1521 τὴν
409 1449 612 1521 ψυχὴν,
652 1450 749 1521 ὅλη
782 1449 922 1521 καλὴ
953 1452 986 1521 ή
1030 1450 1262 1520 πλησίον
1306 1469 1433 1521 μου,
1471 1454 1567 1505 καὶ
1598 1451 1790 1522 μῶμος
1821 1452 1880 1504 ἐν

282 1543 422 1613 αὐτῇ
451 1543 552 1595 οὐκ
597 1543 766 1595 ἔστιν.
803 1561 821 1593 ι
878 1543 1014 1596 Τότε
1050 1544 1144 1596 καὶ
1191 1543 1357 1606 αὐτὸς
1390 1543 1485 1596 ἐπὶ
1513 1544 1606 1595 τὸν
1632 1543 1841 1611 κόσμον
1863 1583 1878 1606 ,

281 1634 475 1706 ὥσπερ
501 1636 580 1697 εἰς
612 1634 972 1705 μονομαχίαν,
998 1636 1063 1688 ἐκ
1092 1635 1191 1703 τῆς
1226 1636 1439 1705 ὲρήμου
1474 1635 1620 1688 κατὰ
1641 1637 1738 1688 τοῦ
1761 1634 1881 1687 δια-

282 1726 444 1780 ϐόλου
497 1725 783 1790 θεόλεκτος
845 1725 1209 1797 ἐξεπήδησενο
1260 1727 1321 1779 οὐ
1362 1726 1573 1780 δίκαιον
1602 1726 1711 1796 γὰρ
1746 1724 1882 1797 ᾤετο

1980 542 2277 606 exstinxit;
2335 542 2556 612 quando
2585 542 2874 598 universas
2906 543 3051 599 vitae-
3074 544 3240 615 hujus
3273 547 3498 604 delicias
3518 560 3572 604 et

1980 631 2232 702 gloriam,
2257 628 2405 687 sicut
2425 647 2708 701 araneam,
2738 635 3090 704 contempsit.

2051 901 2103 954 4.
2147 902 2215 958 Ει
2242 904 2373 973 quid
2413 905 2595 960 verbis
2619 922 2761 978 opus
2797 907 2916 962 est?
2950 908 3172 977 quando
3199 907 3575 979 itnpatibilita-

1986 1002 2112 1059 tem,
2148 1001 2406 1064 tanquam
2454 998 2846 1053 vestimentum
2880 1000 3022 1054 intra
3051 1008 3109 1054 et
3143 1009 3296 1055 extra
3331 1015 3433 1071 per
3472 1002 3575 1055 hu-

1983 1084 2272 1141 utilitatem
2294 1088 2362 1143 ad
2394 1103 2454 1144 se
2486 1090 2735 1156 attraxit,
2762 1100 2819 1146 et
2842 1091 2939 1145 ﬁlii
2976 1093 3221 1162 adoptivi
3252 1094 3575 1166 dignitatem

1987 1180 2073 1226 est
2100 1183 2448 1242 consecutus,
2474 1172 2627 1245 juxta
2653 1194 2868 1244 vocem,
2900 1194 3023 1249 quae
3062 1180 3117 1234 in
3149 1180 3375 1236 Cantica
3396 1182 3577 1237 canti-

1984 1276 2195 1328 corum,
2242 1265 2310 1318 de
2358 1281 2492 1335 pura
2554 1278 2610 1323 ct
2655 1269 2922 1338 passionis
2966 1281 3191 1340 experte
3235 1273 3440 1341 anima,
3492 1285 3578 1329 est

1984 1348 2166 1404 dicta:
2209 1369 2227 1401 ι
2258 1350 2396 1417 Quia
2442 1362 2557 1407 tota
2605 1355 2857 1424 pulchra,
2905 1351 3038 1412 dicit
3079 1358 3330 1415 Christus
3359 1360 3427 1415 ad
3456 1362 3577 1415 ani-

1985 1455 2151 1508 mam,
2186 1452 2298 1497 tota
2331 1444 2581 1514 pulchra,
2608 1462 2728 1517 qua:
2756 1448 2888 1501 mihi
2915 1449 3221 1520 propinqua
3248 1462 3350 1517 est,
3389 1463 3447 1508 et
3465 1469 3581 1508 ma-

1985 1532 2107 1584 cula
2136 1548 2248 1586 non
2276 1542 2361 1589 est
2398 1534 2453 1588 in
2496 1550 2559 1590 ea
2588 1537 2630 1590 θ.
2664 1555 2683 1587 ι
2725 1536 2883 1592 Tunc
2924 1538 3012 1593 ille
3053 1525 3410 1596 in'ntundum
3459 1553 3580 1598 tan-

1985 1638 2147 1693 quam
2181 1624 2237 1677 in
2276 1625 2553 1695 singulare
2598 1637 2880 1682 certamen
2930 1645 2997 1684 ex
3043 1632 3342 1687 solitudine
3387 1645 3579 1692 contra

1985 1715 2264 1770 diabolum
2295 1732 2325 1770 a
2358 1715 2471 1772 Deo
2514 1717 2723 1773 electus
2751 1720 2978 1776 exsiliit.
3007 1720 3128 1778 Non
3172 1727 3317 1781 enim
3352 1731 3584 1798 putabat

260 1806 378 1871 σὺν
404 1816 545 1871 οὕτω
581 1818 733 1889 παρὰ
760 1817 897 1871 Θεοῦ
932 1817 1237 1888 τιμηθέντα
1284 1819 1379 1871 καὶ
1425 1817 1709 1888 ὑψωθέντα
1731 1860 1746 1883 ,
1785 1819 1880 1888 τῆς

1991 1821 2206 1875 aequum
2233 1822 2373 1869 esse,
2414 1816 2493 1874 ut,
2518 1810 2608 1879 qui
2642 1810 2714 1864 ita
2743 1825 2774 1864 a
2811 1810 2921 1866 Deo
2944 1812 3246 1872 honoratus
3273 1826 3328 1872 et
3369 1822 3583 1876 exalta-

286 1910 402 1964 τῶν
433 1910 724 1981 ὁμοφύλων
765 1910 1182 1981 καταφρονῆσαι
1213 1910 1527 1979 σωτηρίας,
1564 1909 1701 1963 ἀλλὰ
1747 1928 1883 1981 μνη-

285 2001 565 2073 μονεύσας
590 2000 683 2056 τοῦ
715 2003 982 2067 εἰπόντος·
1007 2022 1026 2055 ι
1050 2002 1389 2072 Ἀγαπήσεις
1414 2001 1505 2054 τὸν
1530 2000 1762 2070 πλησίον
1786 2018 1881 2054 σου

281 2093 361 2154 ὡς
392 2092 610 2155 ἑαυτὸν,
639 2110 657 2143 ι
687 2092 746 2156 ὃς
781 2092 876 2146 καὶ
910 2091 1129 2163 μορφὴν
1161 2091 1354 2146 δούλου
1374 2090 1698 2146 ἐνδύσασθαι
1718 2092 1883 2160 ἀτρέ-

283 2202 461 2247 πτως,
489 2182 579 2236 διὰ
607 2182 707 2255 τὴν
732 2183 828 2238 τοῦ
860 2184 1049 2237 δούλου
1086 2183 1384 2254 σωτηρίαν,
1416 2184 1517 2236 οὐκ
1545 2182 1879 2253 ἀπηξίωσεν,

284 2277 540 2345 μιμεῖται
571 2276 667 2328 καὶ
703 2275 868 2339 αὐτὸς
916 2275 1008 2327 τὸν
1059 2275 1338 2343 Δεσπότην
1393 2275 1485 2328 τὸν
1531 2274 1882 2345 οίκεῖον,τὴν

280 2365 499 2420 οἰκείαν
529 2365 749 2437 ἀληθῶς
769 2366 950 2438 ψυχὴν
980 2368 1077 2420 καὶ
1108 2366 1269 2437 σῶμα
1308 2366 1444 2433 θεὶς,
1480 2366 1568 2419 ἵνα
1602 2372 1757 2430 τινάς
1783 2367 1882 2420 σώ-

282 2473 393 2513 σει.
432 2456 755 2525 Ἀναγκαῖον
776 2456 870 2509 καὶ
904 2456 1013 2528 πρὸ
1039 2457 1259 2510 πάντων
1285 2456 1376 2508 τὸν
1401 2456 1605 2526 τρόπον
1643 2456 1746 2525 τῆς
1802 2457 1881 2518 εἰς

278 2549 376 2601 τὸν
403 2548 610 2619 κόσμον
640 2549 703 2601 ὲκ
728 2550 828 2619 τῆς
861 2549 1070 2620 ἐρήμου
1124 2546 1290 2601 αὐτοῦ
1323 2548 1588 2611 ἐλεύσεως
1637 2547 1767 2617 ὑμῖν
1806 2547 1883 2600 δι-

280 2638 600 2709 ηγήσασθαι
618 2657 631 2670 '
681 2634 783 2692 εἷθ’
805 2638 977 2703 οὕτως
1007 2640 1076 2693 τὰ
1101 2636 1380 2709 παράδοξα
1403 2638 1569 2690 αὑτοῦ
1602 2639 1699 2691 καὶ
1726 2637 1883 2701 ,ἀξιο-

279 2727 582 2799 θαύμαστα
608 2729 933 2800 πράγματα.

1985 1905 2072 1951 tns
2098 1906 2265 1961 esset,
2295 1899 2524 1966 proximi
2558 1902 2860 1973 negligeret
2907 1905 3177 1971 salutem;
3218 1909 3318 1964 sed
3367 1927 3581 1967 memor

1985 1986 2131 2042 illius
2159 1988 2250 2057 qui
2283 1989 2419 2044 dixit
2464 2009 2479 2043 :
2529 2010 2549 2043 ‹
2588 1991 2790 2064 Diliges
2828 1995 3138 2064 proximum
3171 2006 3327 2055 tuum
3355 2003 3499 2059 sicut
3528 2014 3583 2060 te

1985 2070 2165 2148 ipsum
2198 2080 2271 2147 ¹⁰;
2306 2099 2324 2131 ι
2377 2083 2469 2151 qui
2507 2091 2563 2138 et
2594 2084 2825 2140 formam
2867 2088 3009 2142 servi
3061 2089 3291 2147 induere
3326 2093 3582 2150 immuta-

1985 2170 2188 2235 biliter,
2218 2182 2442 2242 propter
2477 2175 2621 2230 servi
2658 2175 2914 2244 salutem,
2949 2194 3059 2235 non
3092 2192 3178 2237 est
3209 2183 3578 2255 dedignatus;

1993 2258 2110 2328 ipse
2135 2260 2300 2318 etiam
2333 2260 2579 2318 imitatur
2597 2264 2891 2323 Dominum
2924 2284 3109 2336 suum,
3141 2274 3419 2345 prapriam
3449 2292 3582 2334 vere

1990 2351 2228 2406 animam
2275 2363 2331 2408 et
2375 2369 2576 2425 corpus
2616 2372 2862 2427 ponens,
2905 2371 2966 2416 ut
3017 2362 3246 2421 haberet
3288 2382 3428 2437 quos
3473 2373 3584 2425 sal—

1992 2456 2164 2500 varet.
2185 2442 2568 2501 Necessarium
2597 2464 2730 2505 vero
2758 2460 2862 2517 est,
2899 2463 3026 2510 ante
3053 2457 3235 2512 omnia
3268 2460 3427 2514 vobis
3453 2476 3584 2515 nar-

1992 2552 2113 2591 rare
2144 2553 2253 2607 quo
2283 2546 2444 2609 pacto
2477 2554 2509 2594 e
2555 2542 2853 2599 solitudine
2877 2546 2932 2599 in
2954 2548 3237 2616 publicum
3267 2553 3533 2621 prodierit
3560 2572 3573 2607 :

1993 2638 2181 2697 postea
2207 2629 2274 2684 de
2303 2631 2468 2686 rebus
2503 2633 2572 2687 ab
2596 2633 2716 2704 ipso
2754 2638 2944 2706 gestis,
2995 2656 3117 2710 qua:
3146 2643 3461 2712 opinionem
3490 2661 3585 2701 su-

1992 2729 2206 2788 perant,
2238 2731 2293 2775 et
2331 2722 2697 2780 admiratione
2725 2726 2902 2799 digna:
2936 2742 3086 2798 sunt,
3128 2732 3418 2790 habiturus
3455 2749 3519 2791 su
3544 2749 3579 2790 λ

1989 2827 2319 2869 sermonem.

1648 2948 1878 3006 CAPUT
1918 2948 2210 3010 PRIMUM.

840 3085 1111 3156 Symeom's
1149 3096 1196 3141 et
1221 3086 1444 3141 Joannis
1473 3087 1830 3157 peregrinatio
1860 3089 1933 3142 ad
1967 3089 2081 3143 loca
2114 3106 2328 3157 sancta,
2359 3097 2564 3150 occasio
2596 3097 2829 3152 melioris
2858 3100 2997 3155 vitw.

353 3207 421 3256 ε’.
467 3201 557 3254 Ἐν
604 3200 717 3265 τοῖς
766 3199 979 3270 χρόνοις
1028 3199 1128 3270 τῆς
1157 3198 1434 3270 βασιλείας
1459 3198 1553 3253 τοῦ
1584 3200 1643 3252 ἐν
1696 3199 1876 3264 ἁγίοις

2052 3207 2106 3259 5.
2145 3205 2266 3272 Quo
2291 3216 2539 3278 tempore
2574 3209 2839 3280 regnabat
2866 3221 3092 3266 sanctus
3126 3214 3202 3286 (5)
3233 3214 3582 3274 Justinianus

285 3293 680 3351 Ἰουστινιανοῦ
740 3293 837 3346 τοῦ
894 3291 1200 3364 βασιλέως,

272 3384 675 3457 φιλοχρίστων,
713 3382 808 3435 καὶ
847 3384 975 3446 τοὺς
1011 3383 1203 3452 ἁγίους
1248 3382 1344 3435 τοῦ
1391 3382 1629 3454 Χριστοῦ
1680 3381 1880 3446 τόπους

270 3477 760 3553 προθυμουμένων
794 3477 1143 3546 προσκυνεῖν,
1195 3475 1325 3537 τοὺς
1356 3475 1415 3527 ὲν
1445 3476 1513 3543 τῇ
1547 3474 1680 3544 ἁγίᾳ
1723 3473 1879 3527 πόλει

270 3570 432 3625 κατὰ
468 3566 779 3638 συνήθειαν,
813 3568 871 3619 ἐν
895 3569 960 3636 τῇ
985 3564 1193 3634 ὑψώσει
1246 3565 1342 3618 τοῦ
1392 3565 1579 3633 τιμίου
1614 3565 1708 3617 καὶ
1739 3564 1877 3628 ζωο-

269 3659 446 3715 ποιοῦ
486 3658 724 3730 σταυροῦ
758 3655 1153 3728 (γινώσκουσιν
1175 3654 1232 3709 δὲ
1256 3655 1459 3713 πάντες
1486 3656 1535 3707 οἰ
1565 3655 1745 3708 ἐκεῖσε
1776 3670 1882 3706 πα·

272 3751 621 3825 ραγενέσθαι
650 3750 904 3813 εἰωθότες
932 3750 991 3802 ὲν
1013 3749 1190 3822 ταύτῃ
1214 3750 1281 3820 τῇ
1317 3749 1451 3818 ἁγίᾳ
1482 3748 1578 3800 καὶ
1605 3749 1882 3817 πανυμνή-

265 3868 359 3920 τῳ
392 3849 576 3918 ἑορτῇ,
609 3846 693 3899 ὅτι
731 3844 917 3916 σχεδὸν
941 3844 1007 3897 ὲκ
1034 3844 1217 3913 πάσης
1245 3842 1345 3912 τῆς
1383 3842 1713 3912 οἰκουμένης
1754 3857 1880 3893 συν-

265 3940 541 4011 τρέχουσι
565 3936 674 3990 τῶν
712 3935 859 3989 λαῶν
889 3936 957 3989 τὰ
1011 3935 1348 4005 φιλόσταυρα
1396 3935 1489 3986 καὶ
1531 3932 1879 4004 Χριστοιρόρα

266 4028 495 4102 πλήθη)
519 4045 532 4059 ·
571 4031 628 4082 έν
652 4030 718 4099 τῇ
753 4028 890 4097 αὐτῇ
931 4026 1165 4097 ἁοιδίμῳ
1202 4027 1363 4096 ἑορτῇ
1423 4026 1622 4094 συνέϐη
1656 4066 1670 4090 ,
1727 4024 1880 4086 τινὰς

267 4125 382 4177 δύο
403 4121 727 4193 νεωτέρους,
769 4121 878 4179 ἀπὸ
918 4119 1116 4189 Συρίας
1170 4119 1350 4182 ὄντας,
1382 4121 1664 4188 συντυχεῖν
1714 4116 1880 4190 ἀλλή-

269 4216 399 4277 λοις
424 4212 549 4267 κατ’
580 4212 904 4281 οἰκονομίαν
940 4208 1103 4262 Θεοῦ.
1133 4210 1347 4277 Ὀνομα
1379 4207 1458 4276 τῷ
1493 4209 1572 4260 ἑνὶ
1602 4207 1878 4276 Ἰωάννης,

270 4308 383 4361 καὶ
441 4306 612 4374 ὄνομα
647 4302 725 4373 τῷ
782 4301 954 4374 ἑτέρῳ
1003 4300 1249 4371 Συμεών.
1323 4300 1409 4365 Ὦς
1465 4296 1558 4353 οὖν
1598 4299 1880 4370 διέτριψαν

266 4398 471 4451 ἐκεῖσε
500 4395 713 4467 ἡμέρας
744 4391 956 4461 ὀλίγας,
988 4391 1084 4446 καὶ
1122 4394 1222 4461 τῆς
1261 4392 1425 4459 ἁγίας
1464 4391 1558 4444 τοῦ
1588 4390 1725 4444 Θεοῦ
1757 4390 1880 4462 ἐορ-

265 4490 388 4559 τῆς
415 4486 819 4557 τελειωθείσης,
862 4483 1125 4554 ἀνεχώρει
1170 4483 1355 4536 λοιπὸν
1400 4482 1632 4546 ἕκαστος
1667 4484 1748 4545 εἰς
1779 4483 1879 4552 τὴν

1254 3290 1712 3362 παραγινομένων
1768 3291 1877 3345 τῶν

1988 3293 2306 3365 imperator,
2347 3296 2697 3353 Christicolis
2754 3302 3252 3371 convenientibus,
3285 3314 3341 3361 et
3394 3318 3581 3364 sancta

1988 3381 2191 3438 Christi
2260 3385 2380 3441 loca
2431 3386 2661 3440 adorare
2735 3385 3219 3454 desiderantibus,
3280 3407 3403 3460 quae
3452 3406 3584 3450 sunt

1987 3471 2045 3526 in
2087 3482 2275 3528 sancta
2317 3475 2558 3538 civitate,
2617 3475 2926 3530 secundum
2984 3481 3480 3548 consuetudinem,
3524 3486 3578 3539 in

1986 3560 2317 3616 exaltatione
2374 3562 2631 3632 pretiosae
2678 3578 2744 3619 ac
2792 3564 3023 3627 viviﬁcae
3080 3569 3159 3639 (ί)
3189 3570 3369 3625 crucis
3417 3574 3583 3643 (nos-

1987 3661 2121 3707 cunt
2147 3661 2328 3708 autem
2355 3669 2548 3711 omnes
2580 3656 2674 3725 qui
2703 3659 3001 3714 convenire
3034 3660 3107 3715 ibi
3145 3662 3324 3717 solent
3374 3664 3430 3720 in
3474 3667 3580 3723 hoc

1988 3751 2181 3799 sancto
2211 3753 2268 3799 et
2302 3745 2667 3801 celeberrimo
2697 3747 2864 3814 festo,
2894 3750 3039 3819 quod
3073 3750 3188 3807 fere
3226 3768 3292 3808 ex
3320 3756 3581 3825 universo

1991 3848 2259 3891 terrarum
2285 3838 2420 3899 orbe
2449 3848 2789 3895 concurrant
2830 3842 3161 3911 populorum
3209 3847 3404 3912 turbae,
3447 3852 3577 3919 qui-

1989 3928 2092 3983 bus
2116 3943 2248 3983 crux
2297 3938 2352 3984 et
2390 3928 2646 3985 Christus
2683 3931 2741 3986 in
2781 3933 3062 3988 amoribus
3107 3936 3245 4004 est);
3278 3937 3333 3992 in
3381 3943 3576 3996 eodem

1991 4018 2095 4075 hoc
2123 4019 2322 4074 celebri
2354 4020 2494 4076 festo
2532 4022 2764 4094 contigit
2802 4024 2946 4080 duos
2980 4027 3249 4095 quosdam
3298 4028 3577 4099 juniores,

1989 4126 2019 4165 e
2051 4110 2205 4182 Syria
2250 4113 2325 4181 (5)
2385 4112 2671 4181 oriundos,
2719 4115 2828 4171 sibi
2876 4125 3070 4172 mutuo
3118 4133 3429 4185 occurrere,
3469 4123 3580 4177 Deo

1989 4205 2070 4258 sic
2098 4205 2446 4275 disponente.
2480 4204 2689 4262 Nomen
2724 4208 2819 4262 uni
2843 4218 2963 4264 erat
2992 4211 3252 4274 Joannes,
3281 4222 3337 4267 et
3371 4229 3574 4270 nomen

1988 4297 2147 4351 alteri
2188 4298 2445 4368 Symeon.
2486 4295 2847 4367 Consumptis
2903 4298 3106 4355 ibidem
3148 4304 3336 4371 paucis
3357 4305 3577 4369 diebus,

1989 4399 2045 4444 et
2073 4398 2266 4444 sancto
2294 4389 2390 4444 Dei
2422 4388 2561 4444 festo
2596 4387 2772 4453 (inito,
2821 4392 3051 4446 recessit
3091 4392 3356 4465 deinceps
3403 4413 3578 4453 unus-

1989 4483 2221 4552 quisque
2263 4482 2328 4536 ad
2387 4481 2665 4551 propriam
2719 4482 3090 4539 civitatem.A
3142 4502 3251 4555 quo
3308 4496 3575 4558 tempore,

270 4581 431 4635 ἰδίαν
462 4578 621 4631 πόλιν
647 4594 663 4608 ο
734 4577 857 4630 ἐπεὶ
880 4618 896 4641 ,
929 4576 1050 4628 κατ’
1081 4574 1333 4627 εὐδοκίαν
1379 4572 1475 4627 τοῦ
1502 4572 1880 4643 φιλανθρώπου

1991 4577 2142 4647 juxta
2191 4572 2411 4643 benigni
2461 4572 2554 4625 Dei
2604 4573 3033 4644 beneplacitum,
3068 4576 3179 4632 duo
3226 4579 3280 4633 hi
3329 4580 3581 4650 juniores

266 4671 450 4739 θεοῦ,
481 4670 639 4741 ἔσχον
669 4670 720 4722 οἰ
747 4667 842 4721 δύο
870 4662 1014 4720 οὗτοι
1045 4665 1305 4736 νεώτεροι
1331 4665 1430 4737 τὴν
1456 4666 1745 4736 συντυχίαν
1791 4665 1880 4718 καὶ

1991 4662 2814 4736 cmperunt'agerefamiliariter
2835 4676 2891 4721 et
2911 4667 3142 4737 diligere
3180 4670 3325 4725 inter
3363 4688 3445 4739 se,
3465 4690 3579 4727 non

261 4767 388 4836 τὴν
411 4765 632 4834 ἀγάπην
664 4762 781 4832 μετ’
814 4759 1084 4829 ἀλλήλων,
1117 4759 1220 4812 οὐκ
1250 4756 1333 4811 ἔτι
1372 4757 1758 4828 ἐχωρίσθησαν
1788 4757 1883 4810 ἀπ’

356 4941 384 4974 ⁹
423 4939 581 4994 Cant.
622 4955 695 5004 tv,
728 4939 780 4993 7.
855 4936 897 4967 ¹⁰
936 4934 1124 4988 Matth.
1170 4950 1278 4997 xix,
1312 4934 1394 4987 i9.

1984 4754 2218 4823 amplius
2243 4769 2272 4806 a
2304 4768 2363 4806 se
2395 4760 2588 4806 mutuo
2617 4756 2855 4822 separati
2889 4766 3037 4811 sunt.
3082 4758 3231 4826 Ideo,
3268 4761 3399 4816 dum
3430 4764 3581 4819 redi-

1825 5048 2057 5106 NOTAE.

358 5152 446 5224 (3)
485 5152 653 5208 Multo
687 5149 850 5225 l_a_li_us
880 5147 1009 5225 olim
1043 5144 1237 5225 sancti
1283 5159 1487 5225 nom'cn
1527 5160 1688 5214 quam
1728 5145 1891 5225 hodie
1994 5142 2227 5225 solebat,
2259 5139 2604 5225 nonnsolurn
2649 5141 2703 5222 in
2755 5140 3009 5225 contigua
3062 5147 3283 5225 Pascha
3330 5149 3440 5217 die,
3485 5155 3581 5209 sed

260 5211 503 5298 patuit,
533 5231 671 5298 teste
698 5218 921 5298 V_else_ro
954 5219 1007 5270 in
1036 5215 1248 5296 (ιρειιιη-
1294 5215 1361 5298 εις
1400 5211 1665 5298 confers.
1686 5224 1890 5298 sensit-ie.
1993 5215 2158 5298 οιὶθει]
2190 5214 2260 5298 in.
2283 5211 2461 5298 medii?
2485 5211 2821 5298 ἱείιξηίίὲῐυιη
2855 5211 3218 5298 ὴέιθάρξηςπάεν
3265 5235 3393 5298 qua
3421 5211 3582 5280 ίιυυίε

262 5285 439 5351 Afra:
460 5285 752 5362 {episcopi
777 5291 938 5362 vulgo
964 5287 1158 5362 sancti,
1188 5285 1540 5362 sanctissimi,
1585 5286 1887 5339 beatissimi

260 5354 621 5424 dicebant-ur
655 5399 671 5415 .
694 5354 714 5415 ξ
736 5400 750 5414 .
776 5354 990 5428 Reliqui
1021 5358 1186 5411 etiam
1228 5354 1550 5428 Christiani,
1582 5366 1729 5428 certe
1759 5371 1887 5423 pro-

261 5439 437 5493 batas
465 5436 609 5497 vitae,
644 5431 839 5495 sancti,
867 5425 1183 5500 quanquam
1213 5425 1885 5500 adhucAmortalesLCQn-

259 5504 572 5564 stantinus
597 5494 936 5564 orationem,
983 5494 1145 5567 quam
1174 5497 1243 5551 ad
1283 5495 1650 5567 Christianam
1694 5494 1885 5567 Eccle-

261 5577 435 5633 siam
466 5573 709 5643 scripsit,
730 5572 815 5643 _ad
850 5565 1162 5643 sanctorum
1188 5575 1392 5643 coetum
1440 5565 1756 5643 inscripsit”:
1798 5566 1883 5643 μα

259 5636 596 5716 Slengclius
624 5636 1108 5716 in‘Commentm-io
1146 5638 1215 5692 ad
1253 5638 1421 5692 Vitam
1456 5636 1594 5690 beati
1625 5636 1887 5690 Il’illtclnti

237 5706 714 5788 Ἠίτξῐιιιθίεηείξς
907 5780 921 5788 .
1015 5778 1048 5788 η
1258 5785 1266 5788 Α
1431 5775 1450 5788 .
1541 5774 1553 5788 .

355 5783 447 5856 (4)
485 5775 711 5840 Ostendi
758 5780 961 5850 populo
1009 5778 1182 5841 Crux,
1217 5785 1274 5832 et
1321 5775 1556 5847 proferri
1605 5776 1885 5833 adoranda

578 5877 847 5937 PATKUL.
891 5874 1008 5935 Gn.
1054 5870 1257 5931 XCIII.

1992 5294 2077 5338 est
2108 5281 2552 5352 Quadragesimae
2587 5281 2768 5343 tertia,
2804 5295 2969 5352 prout
3007 5281 3212 5343 dicitur
3242 5281 3310 5345 ad
3340 5292 3486 5346 diem
3520 5310 3582 5349 ιιι

1993 5351 2351 5429 Maii.__ldcni
2390 5351 2557 5429 [iebat
2600 5360 2657 5429 et
2683 5351 2823 5429 cum;
2845 5355 3019 5410 multo
3064 5360 3273 5429 majore
3304 5377 3582 5419 concursu

1985 5423 2290 5494 populi,in
2326 5422 2464 5494 festo
2484 5420 2856 5494 Exaltationis
2893 5436 3099 5483 sanctae
3131 5420 3322 5487 Cruci:
3369 5433 3436 5487 14
3479 5435 3582 5489 Se-

1994 5492 2282 5572 ptembris,
2313 5492 2387 5545 uti
2414 5492 2691 5562 colligitur
2718 5492 2903 5573 e‘Vita
2923 5494 2982 5551 S.
3003 5498 3201 5573 Mariae
3220 5501 3579 5573 Egyptiacm,

1995 5563 2057 5619 ea
2078 5563 2372 5641 occasione
2391 5578 2706 5641 conversae,
2740 5564 2808 5618 de
2833 5580 2943 5641 qua
2980 5568 3071 5641 die
3090 5576 3128 5623 η
3157 5563 3380 5641 ΑρῐὶῘίἓξ

2067 5634 2145 5702 (5)
2185 5632 2301 5687 Orti
2326 5633 2530 5688 Edessa
2559 5631 2968 5711 Mesopotamia
2994 5639 3148 5711 urbe,
3169 5631 3290 5711 qua:
3313 5660 3343 5696 a
3362 5643 3581 5699 Justino

1994 5705 2327 5782 imperatore
2372 5712 2724 5782 restaurata,
2761 5704 3382 5782 Justinopqlisquoque
3433 5717 3581 5769 dicta

1996 5773 2117 5842 fuit,
2149 5782 2373 5829 auctore
2401 5773 2632 5842 Evagrio
2671 5774 2835 5831 lib.tv
2864 5773 3009 5832 Eccl.
3036 5773 3258 5846 llisto'r.,
3293 5773 3416 5854 cap.
3453 5786 3509 5841 8.

3143 5872 3219 5932 53
