3976 6416
420 370 576 435 16ῖῆ

1485 357 1791 424 LEONTII
1835 360 2345 422 NEAPOLITANI
2378 361 2723 422 EPISCOPI

3574 368 3698 434 1676

432 488 565 533 rent
591 475 660 531 ad
691 473 933 545 propria,
990 471 1278 525 redierunt
1326 468 1488 523 simul
1542 483 1666 523 cum
1716 468 1832 522 suis
1860 467 2026 521 etiam

2160 468 2401 538 ελλήλων.
2458 470 2657 541 Διόπερ
2687 462 2780 522 καὶ
2817 470 2911 524 ἐπὶ
2941 469 3000 523 τὸ
3040 469 3305 526 ἀναλῦσαι
3352 474 3431 538 εἰς
3459 477 3527 530 τὰ
3578 479 3697 544 [δια.

416 567 777 639 parentibus.
808 564 946 619 Nam
992 562 1233 618 Joannes
1276 569 1486 631 patrem
1513 560 1734 629 quidem
1769 557 2023 621 habebat,

438 678 548 717 non
574 668 753 714 autem
784 666 1016 712 matrem
1043 672 1058 722 ;
1088 664 1140 708 et
1158 661 1282 709 erat
1308 653 1537 722 junctus
1569 649 1725 704 uxori
1750 658 1867 703 tum
1892 656 2031 703 tem-

440 754 612 824 poris.
660 752 789 806 Erat
833 749 982 803 enim
1020 745 1176 817 quasi
1222 759 1491 799 annorum
1541 740 1733 810 viginti
1768 739 2026 793 duorum.

440 847 680 917 Symeou
710 857 838 897 vero
864 849 1075 911 patrem
1103 836 1324 907 quidem
1348 850 1460 890 non
1491 833 1701 896 habuit,
1733 832 1829 887 sed
1857 831 2028 885 solam

442 945 671 992 matrem
705 948 893 998 anum,
925 929 1083 1000 quasi
1109 943 1379 983 annorum
1410 926 1688 997 octoginta
1713 943 1728 989 ;
1752 924 2030 979 neminem

441 1046 575 1085 vero
605 1029 771 1082 alium
824 1025 1050 1079 omnino
1106 1021 1331 1076 habuit.~
1382 1018 1591 1075 Omnes
1635 1018 1827 1091 itaque
1873 1026 2034 1071 erant

434 1122 606 1176 cunius
645 1118 957 1181 comitatus,
995 1124 1052 1169 et
1074 1121 1365 1185 postquam
1391 1110 1805 1167 descendebant
1833 1110 1888 1164 in
1913 1109 2029 1164 val-

342 1218 350 1225 ‘
440 1215 548 1267 lem
581 1208 843 1266 Hiericho
872 1207 973 1279 (6),
1006 1215 1062 1261 et
1085 1206 1416 1259 transierant
1447 1202 1748 1267 civitatem,
1781 1210 2033 1256 contem-

445 1306 624 1373 piatur
640 1300 888 1356 Joannes
924 1295 1279 1357 monasteria,
1315 1307 1438 1363 quae
1465 1292 1651 1362 jacent
1677 1289 2033 1344 circumcirca

442 1394 761 1454 Jordancm,
797 1399 852 1444 et
885 1387 1019 1442 dicit
1049 1385 1269 1457 Syriaco
1292 1381 1549 1454 Symeoni
1580 1397 1592 1433 :
1625 1379 1773 1435 Nosti
1803 1378 2027 1449 quinam

438 1486 694 1541 habitent
741 1483 797 1536 in
864 1480 972 1535 illis
1020 1476 1276 1547 hospitiis
1326 1489 1394 1529 ex
1451 1472 1684 1527 adverso
1751 1468 2035 1525 nostrum?

448 1577 588 1631 Dicit
610 1574 660 1628 ei
695 1573 787 1628 ille
821 1589 835 1628 :
883 1568 1159 1636 Quinam?
1200 1565 1445 1621 Joannes
1474 1570 1660 1618 autem
1709 1561 1842 1616 dicit
1872 1578 1886 1614 :
1923 1560 2036 1615 An-

447 1669 549 1740 geli
615 1667 732 1722 Dei.
795 1662 939 1719 Dicit
989 1660 1040 1717 ei
1088 1660 1348 1732 Symeou,
1396 1654 1567 1712 veluti
1629 1654 1907 1708 miratus:
1951 1652 2035 1706 An

413 1802 421 1809 .
450 1759 782 1817 licetvidere
809 1753 996 1827 ipsos?
1031 1751 1173 1807 Dicit
1194 1749 1374 1805 ‘ei.ille
1410 1766 1425 1803 :
1459 1746 1518 1802 Si
1551 1746 1746 1800 ﬁamus
1783 1753 1845 1799 ut
1868 1742 2036 1811 aliqui

2130 561 2472 633 ὁμοθυμαδὸν
2500 562 2749 616 ὥδευσαν
2797 564 2938 633 μετὰ
2976 566 3068 619 καὶ
3108 566 3219 619 τῶν
3258 566 3459 636 γονέων
3512 572 3699 629 αὖτῶν.

2132 648 2291 723 Εἶχεν
2323 653 2552 724 μὲνγὰρ
2583 656 2611 708 6
2647 654 2906 725 Ἰωάννης
2936 657 3155 729 πατέρα
3186 657 3287 727 μὲν
3325 659 3579 728 γέροντα,
3607 683 3704 736 μη-

2130 746 2264 816 τέρα
2282 745 2341 798 δὲ
2375 744 2435 798 ού
2456 762 2469 776 ·
2507 742 2576 819 ἦν
2605 746 2662 800 δὲ
2692 749 2789 801 καὶ
2808 747 3075 818 ’ζευχθεὶς
3110 751 3333 817 γυναικὶ
3364 755 3425 806 ἐν
3454 753 3599 823 αὐτῷ
3636 758 3706 828 τῷ

2132 834 2329 904 χρόνῳ.
2363 829 2473 887 Ἦν
2499 837 2607 907 γὰρ
2634 836 2711 901 ὠς
2745 836 2884 890 ἐτῶν
2913 836 3017 908 κβ’.
3057 837 3117 892 '0
3141 839 3199 894 δὲ
3228 841 3461 913 Συμεὼν
3508 846 3708 916 πατέρι

2136 926 2234 995 μὲν
2263 926 2365 980 οὐκ
2394 921 2566 997 εἶχεν,
2603 927 2820 999 μητέρα
2853 928 2911 981 δέ
2935 930 3109 1000 μόνην
3138 930 3316 1002 γραῦν
3362 933 3444 998 ὡς
3475 936 3611 988 ἐτῶν
3638 947 3709 1005 π’,

2132 1014 2322 1068 οὐδένα
2350 1015 2408 1068 δὲ
2432 1015 2592 1069 ἄλλον
2614 1017 2677 1069 τὸ
2717 1017 2938 1071 σύνολον
2992 1014 3158 1089 εἶχεν.
3210 1020 3417 1086 Πάντες
3457 1021 3554 1077 οὗν
3584 1021 3711 1097 ἦσαν

2137 1106 2238 1175 μία
2288 1107 2527 1174 συνοδια,
2574 1108 2671 1163 καὶ
2693 1108 2770 1174 ὡς
2814 1109 3135 1180 κατέϐησαν
3166 1111 3230 1165 τὸ
3273 1111 3596 1188 κατὼφορον
3624 1120 3715 1187 τῆς

2148 1198 2378 1269 Ἱεριχὼ,
2409 1200 2503 1252 καὶ
2524 1200 2808 1270 ἐπέρασαν
2835 1201 2935 1272 τὴν
2968 1201 3145 1264 πόλιν,
3204 1201 3403 1274 θεωρεῖ
3446 1189 3523 1257 τά
3561 1225 3714 1275 μονα-

2087 1324 2096 1332 ·
2138 1290 2336 1360 στήρια
2368 1289 2441 1343 τὰ
2462 1290 2623 1360 πέριξ
2646 1290 2741 1345 τοῦ
2763 1291 3034 1362 Ἰορδάνου
3064 1296 3092 1347 6
3138 1294 3421 1364 Ἰωάννης,
3451 1298 3549 1351 καὶ
3580 1298 3716 1367 λέγει

2136 1382 2360 1451 Συριστὶ
2415 1381 2494 1452 τῷ
2544 1382 2809 1454 Συμεών·
2845 1382 3008 1448 Οἶδας
3046 1386 3192 1450 τινες
3253 1388 3513 1458 μένουσιν
3551 1394 3627 1454 εἰς
3656 1395 3719 1446 τὰ

2134 1472 2354 1526 όσπὶτια
2379 1472 2553 1527 ταῦτα
2585 1475 2848 1529 ἀπέναντι
2873 1476 3072 1547 sua»;
3112 1478 3275 1546 Λέγει
3307 1480 3461 1551 αὐτῷ
3491 1482 3719 1547 ἐκεῖνος’

2136 1566 2323 1631 Τίνες;
2356 1567 2416 1620 ’0
2432 1566 2490 1620 δὲ
2506 1568 2763 1639 Ἰωάννης
2793 1570 2978 1639 φησιν·
3004 1570 3260 1640 Ἀγγελοι
3278 1573 3370 1626 τοῦ
3391 1574 3551 1630 Θεοῦ.
3572 1579 3721 1645 Λέγει

2136 1658 2285 1728 αύτῷ
2322 1660 2350 1711 ό
2380 1657 2609 1728 Συμεὼν
2635 1658 2713 1723 ὡς
2740 1660 3062 1732 θαυμάσας·
3116 1664 3412 1736 Δυνάμεθα
3455 1666 3565 1738 ἄρα
3607 1668 3722 1722 ἰδεῖν

2138 1748 2372 1816 αύτούς;
2405 1750 2568 1819 Λέγει
2587 1751 2738 1822 αύτῷ
2756 1753 2986 1817 ἐκεῖνος’
3017 1754 3144 1808 Ἐάν
3170 1757 3467 1827 γενώμεθα
3491 1759 3566 1822 ὦς
3591 1777 3721 1823 τινες

415 1869 511 1906 .rx
544 1851 697 1922 ipsis,
752 1848 897 1902 licet.
944 1843 1224 1899 Sedebant
1274 1837 1602 1917 itaqueth
1647 1835 1703 1891 hi
1758 1836 1816 1890 in
1861 1834 2038 1905 equis,

2160 1841 2204 1908 ιξ
2229 1840 2427 1908 αὐτῶν,
2448 1842 2554 1896 ναί.
2581 1843 2937 1908 Ἐκαθέξοντο
2963 1846 3057 1901 οὖν
3088 1847 3183 1901 καὶ
3202 1849 3252 1901 oi
3280 1848 3375 1902 δύο
3402 1851 3487 1914 εἰς
3516 1850 3721 1916 ἵππους·

449 1952 607 1998 erant
636 1941 840 2012 quippe
869 1950 1134 2008 perquam
1166 1933 1367 1989 divites
1386 1945 1579 1986 eorum
1607 1936 1885 1999 parentes.
1907 1925 2044 1981 Cum

2160 1927 2289 2003 ἦσαν
2326 1932 2438 2003 γὰρ
2464 1931 2687 2004 εὔποροι
2715 1935 2919 2005 σφόδρα
2948 1936 2996 1990 οἱ
3018 1937 3224 1991 τούτων
3253 1941 3462 2008 γονεῖς.
3528 1941 3725 1994 Karst-

448 2047 579 2104 ergo
609 2028 793 2084 statim
831 2023 1251 2081 descendissent
1288 2035 1354 2075 ex
1395 2018 1579 2089 equis,
1627 2014 1901 2071 dederunt
1947 2028 2045 2069 eos

2160 2023 2333 2087 δόντες
2365 2021 2461 2077 οὖν
2484 2024 2688 2087 εὐθέως
2722 2025 2830 2079 ἀπὸ
2861 2027 2971 2079 τῶν
3024 2028 3230 2092 ἵππων,
3280 2030 3503 2084 ἔδωκαν
3544 2034 3726 2097 αὐτοὺς

420 2125 627 2180 servis
678 2120 814 2187 suis,
849 2118 1139 2174 dicentes:
1180 2113 1480 2169 Praecedite
1514 2125 1618 2166 nos
1652 2128 1665 2164 ε
1716 2107 2048 2163 simulabant

2160 2116 2261 2179 τοῖς
2316 2114 2526 2180 δούλοις
2586 2115 2789 2180 αὐτῶν,
2855 2117 3137 2183 εἰπόντες’
3197 2120 3516 2192 Προλάὶὴτε
3571 2126 3725 2195 ἡμᾶς.

452 2217 603 2273 enim
636 2214 692 2269 in
724 2213 846 2269 loco
893 2208 1108 2265 sedere.
1133 2207 1276 2263 Casu
1331 2213 1516 2260 autem
1560 2202 1770 2258 inventi
1808 2212 1935 2255 sunt
1989 2200 2045 2254 in

430 2309 560 2375 vvia,
592 2321 717 2378 quae
742 2302 927 2361 deviat
972 2300 1073 2374 (7),
1123 2306 1180 2356 et
1202 2313 1325 2370 quae
1354 2296 1507 2353 ducit
1541 2294 1608 2351 ad
1651 2303 1902 2351 sanctum
1926 2294 2049 2351 Jor-

418 2430 435 2441 ι
453 2402 653 2457 danem
684 2398 785 2472 (8).

519 2496 579 2550 ti.
618 2494 781 2551 Stetit
819 2492 983 2565 igitur
1026 2499 1281 2560 uterque.
1308 2496 1363 2543 et
1402 2485 1535 2542 dicit
1580 2481 1846 2557 Joannes,
1878 2481 2051 2552 digito

456 2586 756 2643 ostendens
803 2581 1062 2657 Symeoni
1096 2597 1111 2635 :
1141 2580 1222 2634 En
1253 2578 1341 2633 via
1374 2592 1495 2648 qua:
1527 2574 1679 2631 ducit
1704 2573 1770 2629 ad
1801 2581 2051 2628 sanctum

456 2678 790 2736 Jardanem:
856 2681 915 2728 et
978 2685 1109 2727 ecce
1152 2669 1238 2725 via
1288 2683 1412 2738 quae
1465 2664 1622 2722 ducit
1667 2663 1736 2720 ad
1795 2672 2052 2727 mortem,

460 2769 757 2826 ostendens
791 2765 843 2822 ei
873 2763 1014 2819 viam
1060 2760 1357 2834 publicam,
1398 2775 1497 2829 per
1541 2773 1706 2829 quam
1759 2770 2056 2827 praecesse-

462 2871 588 2918 rant
625 2866 880 2933 parentes
932 2870 1147 2911 eorum.
1193 2852 1441 2924 Agedum
1473 2850 1681 2920 itaque,
1715 2863 1958 2913 oremus,
2001 2857 2058 2903 et

460 2965 672 3010 stemus
710 2950 1097 3021 unusquisque
1158 2953 1410 3000 nostrum
1463 2943 1517 2997 in
1573 2957 1682 2996 una
1715 2956 1781 2997 ex
1835 2940 1965 3008 illis,
2002 2948 2059 2996 et

462 3047 777 3107 sortiantur,
818 3051 873 3098 et
899 3042 1064 3103 hanc,
1109 3054 1233 3110 qua:
1271 3045 1421 3092 sorte
1458 3034 1738 3107 obtigerit,
1782 3033 1927 3088 viam
1969 3033 2057 3087 in-

464 3139 796 3212 grediamur.
830 3133 1102 3191 lnclina’to
1140 3131 1311 3202 igitur
1359 3143 1527 3195 genu,
1565 3135 1621 3182 et
1664 3126 1827 3183 editis
1873 3125 2057 3196 suspi-

2148 2202 2630 2277 Προσεποιήσαντο
2656 2207 2767 2279 γὰρ
2811 2206 2949 2279 πρὸς
2986 2209 3153 2262 τόπον
3195 2210 3553 2275 καθέζεσθαι.
3586 2214 3729 2266 Κατὰ

2152 2297 2459 2368 συγκυρίαν
2481 2296 2537 2351 δὲ
2569 2296 2873 2370 εὑρέθησαν
2902 2300 3088 2354 ἐπάνω
3120 2301 3220 2373 τῆς
3258 2303 3729 2374 napus-zman

2152 2404 2254 2460 σης
2283 2388 2425 2456 όδοῦ,
2460 2390 2557 2444 καὶ
2589 2390 2975 2463 άποτρερούσης
3009 2395 3090 2457 εἰς
3126 2393 3217 2446 τὸν
3261 2393 3423 2464 ἅγιον
3444 2395 3729 2466 Ἰορδάνην,

2225 2477 2299 2543 ς’.
2331 2478 2670 2552 Ἐστάθησαν
2713 2476 2808 2535 οὖν
2832 2481 3161 2556 ἀμφότεροι,
3197 2483 3294 2536 καὶ
3323 2482 3483 2551 λέγει
3508 2486 3539 2535 6
3559 2483 3731 2537 Ἰωάν-

2152 2586 2271 2641 νης,
2302 2569 2674 2625 ὑποδεικνύων
2723 2570 2802 2643 τῷ
2848 2571 3099 2644 δακτύλῳ
3132 2572 3211 2643 τῷ
3234 2573 3471 2643 Συμεών
3497 2591 3511 2605 ·
3550 2574 3674 2629 Ἰδοὺ
3702 2576 3731 2645 ἡ

2153 2662 2270 2727 ὁδὸς
2314 2665 2349 2734 ἡ
2385 2663 2677 2733 ἀπάγουσα
2716 2664 2799 2729 εἰς
2831 2665 2930 2732 τὴν
2965 2665 3086 2718 ὁδὸν
3115 2665 3210 2718 τοῦ
3259 2667 3424 2735 ἁγίου
3459 2666 3731 2737 Ἰορδάνου,

2156 2757 2252 2811 καὶ
2282 2757 2392 2811 ἰδοὺ
2421 2758 2454 2829 ἡ
2483 2756 2602 2822 ὁδὸς
2632 2758 2666 2830 ἠ
2694 2758 2986 2827 ἀπάγουσα
3022 2759 3104 2823 εις
3144 2759 3236 2813 τὸν
3281 2759 3545 2827 θάνατον,
3571 2761 3735 2827 δείξας

2156 2849 2306 2920 αύτῷ
2334 2851 2433 2920 τὴν
2461 2849 2583 2904 ὁδὸν
2611 2850 2713 2920 τὴν
2736 2850 3027 2922 δημοσίαν,
3055 2850 3124 2905 δι’
3147 2845 3215 2923 ἧς
3244 2853 3557 2924 προέλαϐον
3583 2855 3631 2907 οἱ
3655 2870 3737 2921 γο-

2155 2944 2268 3005 νεῖς
2292 2940 2498 2998 αὐτῶν.
2518 2940 2688 3013 Δεῦρο
2702 2938 2819 3009 οὖν,
2842 2941 3158 3016 εὐξώμεθα,
3174 2945 3271 2999 καὶ
3302 2945 3600 3015 σταθῶμεν
3623 2944 3739 2997 ἐκα-

2160 3050 2283 3096 στος
2320 3035 2353 3105 ἡ
2364 3032 2481 3104 μῶν
2511 3035 2592 3098 εἰς
2625 3034 2753 3105 μίαν
2782 3034 2840 3102 ἐξ
2872 3035 3074 3101 αὐτῶν,
3107 3038 3203 3091 καὶ
3249 3037 3536 3109 λάχωμεν,
3577 3037 3667 3092 καὶ
3694 3036 3744 3091 ετ

2159 3141 2266 3179 τινι
2289 3125 2465 3197 λάχει,
2487 3125 2707 3197 ἐκείνην
2735 3125 2832 3197 τὴν
2859 3126 2981 3181 ὁδὸν
3020 3119 3413 3200 πορευώμεθα.
3457 3129 3739 3193 Κλίναντες

465 3233 586 3298 riis,
616 3230 876 3286 dixerunt
910 3224 996 3279 :0
1027 3223 1191 3287 Deus,
1243 3237 1276 3276 ο
1331 3219 1499 3285 Deus,
1542 3233 1576 3275 ο
1637 3218 1802 3284 Deus,
1843 3217 1936 3288 qui
1972 3216 2055 3272 vis

2160 3219 2252 3273 οὖν
2278 3218 2430 3288 γόνυ,
2466 3219 2563 3273 καὶ
2593 3219 2954 3284 στενάξαντες
2983 3202 3137 3274 εἷπον
3155 3235 3170 3252 ·
3207 3221 3266 3274 '0
3297 3221 3460 3286 Θεὸς,
3485 3224 3516 3277 6
3537 3222 3682 3286 Θεὸς,
3708 3226 3740 3287 ,ό

448 3324 788 3381 universum
837 3318 1103 3374 mundum
1159 3313 1408 3381 salvare;
1459 3322 1517 3367 tu
1559 3312 1679 3383 ipse
1718 3311 2059 3367 voluntatem

470 3428 618 3473 tuam
644 3413 935 3469 manifesta
961 3408 1155 3466 servis.
1173 3407 1300 3463 tuis.
1329 3405 1397 3460 Et
1418 3404 1551 3460 dum
1581 3402 1688 3474 ipsi
1729 3412 1932 3457 sortem
1959 3401 2060 3457 du~

466 3516 681 3574 cerent,
710 3505 850 3562 forte
878 3503 1009 3557 vicit
1030 3501 1222 3557 decem
1261 3497 1500 3570 Symeou
1529 3511 1560 3550 a
1597 3493 1829 3551 Joanne.
1872 3493 2064 3548 Stabat

468 3611 653 3659 autem
687 3601 747 3655 in
792 3599 900 3665 via,
957 3612 1080 3668 quae
1128 3595 1279 3652 ducit
1320 3593 1395 3647 ad
1443 3600 1696 3647 sanetum
1743 3589 2060 3646 Jordanem.

464 3693 858 3751 J‘uncbilares
885 3690 1038 3756 facti,
1086 3686 1334 3744 omnium
1369 3699 1594 3740 suarum
1625 3682 1943 3738 facultatum
1963 3722 1978 3746 ,
2008 3689 2065 3736 et

469 3793 782 3858 parentum,
827 3792 1085 3853 tauquam
1115 3779 1161 3833 si
1195 3786 1380 3833 essent
1412 3790 1662 3839 somnus,
1700 3773 1879 3837 obliti,
1910 3787 2064 3827 com-

456 3878 615 3951 plexi
657 3878 796 3932 alter
820 3876 1059 3929 alterum
1105 3868 1449 3938 osculatique
1480 3875 1630 3922 sunt.
1666 3866 1836 3919 Erant
1877 3871 2062 3918 autem

455 3975 674 4032 alitteris
699 3971 902 4028 Graecis
926 3968 1175 4040 apprime
1212 3964 1476 4029 instituti,
1499 3972 1554 4017 et
1576 3960 1752 4016 multa
1776 3959 2063 4030 prudentia

473 4064 674 4121 ornati.
704 4061 832 4117 llaec
873 4074 1007 4116 vero
1048 4057 1235 4113 omnia
1276 4055 1481 4111 virtute
1519 4060 1791 4124 praestans
1828 4049 2064 4122 Symeou

472 4154 751 4212 enarravit
788 4152 949 4209 alicui
987 4151 1044 4205 in
1076 4150 1212 4205 urbe
1242 4147 1442 4203 Emesa
1481 4145 1556 4217 (9)
1592 4144 1709 4216 (ubi
1739 4153 1802 4200 et
1835 4143 2065 4198 stultum

470 4265 533 4306 se
563 4244 863 4317 simulavit)
927 4243 1163 4298 diacono
1210 4247 1418 4296 sancta:
1473 4236 1757 4293 catholicae
1811 4235 2070 4291 Ecclesiae

473 4343 721 4415 ejusdem
778 4339 1172 4393 Emesenorum
1224 4334 1495 4399 civitatis,
1563 4331 1678 4386 viro
1727 4329 1964 4385 mirabili
2011 4336 2069 4383 et

477 4436 680 4491 virtute
702 4429 1043 4500 conspicuo,
1074 4427 1168 4498 qui
1203 4427 1368 4482 etiam
1401 4441 1469 4479 ex
1510 4423 1693 4480 divina
1728 4422 1919 4495 gratia,
1962 4436 2068 4492 qua

2160 3310 2314 3375 Θεὸς,
2340 3310 2510 3364 θέλων
2534 3308 2656 3364 ὅλον
2684 3309 2777 3364 τὸν
2801 3311 3008 3382 κόσμον
3036 3311 3232 3377 σῶσαι,
3266 3312 3437 3376 αὐτὸς
3457 3313 3522 3367 τὸ
3547 3313 3743 3384 θέλημά

2162 3420 2259 3457 σου
2297 3402 2615 3473 φανέρωσον
2643 3405 2757 3467 τοῖς
2780 3402 2992 3468 δούλοις
3040 3398 3169 3459 σου.ο
3195 3405 3307 3459 Καὶ
3336 3405 3619 3476 λαχόντων
3655 3392 3743 3459 26-

2160 3495 2291 3560 τῶν,
2325 3496 2516 3566 ἔλαχεν
2540 3496 2650 3550 ἀπὸ
2680 3495 2776 3549 τοῦ
2802 3495 3055 3551 Ἰωάννου
3085 3498 3218 3552 δέκα
3240 3500 3269 3552 6
3289 3498 3548 3569 Συμεών.
3579 3499 3743 3551 Ἵστα-

2162 3605 2224 3641 το
2260 3589 2318 3643 δὲ
2358 3591 2437 3652 εἰς
2492 3588 2595 3660 τὴν
2621 3589 2740 3643 ὁδὸν
2796 3589 2896 3661 τὴν
2924 3589 3317 3661 ἀποφέρουσαν
3352 3591 3440 3654 εἰς
3484 3590 3579 3645 τὸν
3604 3591 3743 3659 ἅγιον

2177 3682 2469 3754 Ἰορδάνην.
2498 3682 2633 3736 Τότε
2671 3684 2994 3755 περιχαρεῖς
3019 3682 3327 3754 γενόμενοι,
3356 3683 3623 3739 ἁπάντων
3648 3685 3743 3735 τῶν

2166 3771 2526 3849 ὑπαρχόντων
2555 3773 2762 3837 αὐτοῖς,
2796 3774 2892 3827 καὶ
2924 3773 3033 3827 τῶν
3061 3774 3268 3843 γονέων
3300 3774 3378 3839 ὡς
3399 3773 3542 3847 ὄναρ
3573 3775 3745 3828 Emta-

2166 3863 2406 3934 θόμενοι,
2444 3866 2822 3936 κρατήσαντες
2874 3865 3251 3936 κατεφίλησαν
3298 3866 3557 3930 ἑαυτούς.
3580 3862 3745 3919 Ἦσαν

2124 3960 2128 3965 ‘
2165 3953 2223 4007 δὲ
2253 3955 2345 4007 καὶ
2378 3954 2447 4008 τὲ
2471 3954 2780 4026 γράμματα
2807 3954 2875 4008 τὰ
2905 3954 3199 4025 Ἑλληνικὰ
3248 3958 3329 4021 εἰς
3375 3957 3555 4030 ἄκρον
3588 3958 3746 4026 ἐκμα-

2168 4044 2371 4109 θόντες,
2396 4048 2492 4099 καὶ
2522 4047 2786 4118 φρονήσει
2813 4046 2985 4119 πολλῇ
3022 4047 3457 4118 κεκοσμημένοι.
3485 4046 3665 4101 Ταῦτα
3696 4048 3745 4100 δὲ

2169 4138 2348 4191 πάντα
2387 4135 2695 4207 ἐξηγήσατο
2717 4138 2746 4189 6
2768 4138 3024 4209 ἐνάρετος
3060 4137 3287 4208 Συμεών
3309 4156 3418 4193 τινι
3448 4141 3510 4193 ἐν
3537 4138 3745 4209 Ἐμέσῃ,

2167 4227 2295 4282 ἔνθα
2332 4229 2429 4282 καὶ
2478 4228 2574 4283 τὸν
2624 4229 2786 4283 σαλὸν
2836 4232 3318 4301 προσεποιήσατο,
3372 4231 3614 4301 διακόνῳ
3657 4231 3748 4297 τῆς

2167 4320 2333 4387 ἁγίας
2362 4319 2657 4392 καθολικῆς
2690 4320 3025 4392 Ἐκκλησίας
3072 4321 3175 4391 τῆς
3226 4322 3401 4393 αὐτῆς
3451 4320 3748 4393 Ἐμεσινῶν

2170 4414 2400 4480 πόλεως,
2453 4413 2607 4486 ἀνδρὶ
2656 4412 2978 4487 θαυμαστῷ,
3035 4416 3131 4468 καὶ
3182 4416 3454 4487 ἐναρέτῳ,
3486 4415 3551 4478 ὃς
3579 4414 3670 4467 καὶ
3694 4415 3750 4465 ἐκ

478 4526 720 4600 pollebat
808 4522 1112 4587 intellexit,
1170 4518 1551 4591 operationem
1614 4514 1945 4588 Symconis,
2008 4514 2055 4568 in

2170 4506 2271 4577 τῆς
2301 4504 2614 4578 προσούσης
2647 4506 2796 4577 αὐτῷ
2827 4506 2982 4570 θείας
3023 4506 3270 4578 χάριτος,
3317 4507 3511 4577 ἐνόησε
3543 4503 3640 4576 τὴν
3668 4505 3751 4573 ἐρ-

479 4632 644 4689 quem
678 4615 823 4671 idem
851 4617 957 4668 istc
999 4614 1194 4669 beatus
1231 4609 1468 4682 Symeou
1501 4607 1835 4679 stupendum
1867 4614 2066 4663 contu-

480 4711 543 4765 lit
574 4707 918 4773 miraculum,
950 4706 1110 4778 cujus
1136 4702 1383 4760 miraculi
1431 4701 1699 4758 faciemus
1720 4698 2066 4755 mentionem

2172 4597 2372 4671 γασίαν
2389 4598 2486 4651 τοῦ
2514 4598 2791 4670 γέροντος,
2814 4599 2892 4663 εἰς
2908 4599 2968 4653 ὃν
2995 4599 3091 4653 καὶ
3112 4598 3299 4670 θαῦμα
3320 4599 3556 4669 φοϐερὸν
3582 4597 3754 4665 ἐποίη-

2178 4708 2271 4745 σεν
2300 4684 2453 4755 οὗτος
2486 4691 2514 4742 6
2548 4692 2817 4763 μακάριος
2848 4691 3106 4764 Συμεὼν,
3155 4687 3365 4756 οὗτινος
3400 4690 3678 4762 θαύματος
3702 4691 3753 4744 ἐν

2014 4869 2242 4926 NOTAE.

556 5037 801 5112 t6)_l_.irbs
833 5036 1107 5112 quondam
1141 5031 1429 5112 notissima
1461 5031 1782 5112 Palmm-iure,
1819 5028 1920 5083 150
1953 5038 2067 5112 sta-

484 5099 588 5167 diis
616 5099 1233 5177 Idistans'Jerosolymis
1261 5103 1335 5177 in
1363 5114 1594 5177 _orlum,
1623 5101 1929 5177 _Jo_rdancm
1971 5099 2070 5153 ﬂu-

482 5184 632 5237 vium
664 5191 857 5234 versus
889 5177 979 5244 60,
1012 5169 1153 5232 tcs'te
1195 5172 1569 5228 Adrichomio.
1608 5173 1653 5225 Α
1684 5169 1852 5244 Josue
1879 5184 2071 5225 eversa

486 5254 613 5313 t'uit,
677 5241 1034 5305 restauratori
1091 5247 1211 5316 ejus
1266 5241 2072 5316 imprecante_diras;_nunc

484 5310 618 5377 vero
639 5320 694 5375 in
716 5318 954 5374 viculum
978 5310 1197 5373 redacta
1223 5321 1327 5378 est,
1348 5310 1601 5383 jacetque
1627 5311 1681 5366 in
1707 5310 1928 5381 planitie
1951 5325 2073 5380 per-

490 5394 692 5461 ampla,
736 5389 1024 5461 tuentibus
1088 5387 1143 5440 in
1194 5382 1396 5461 theatri
1438 5382 1671 5461 formam
1719 5382 2080 5446 circumdata,

488 5454 811 5516 anuenita-te
850 5467 905 5513 et
935 5458 1240 5528 palmarum
1269 5455 1446 5508 fructu
1473 5454 1724 5528 insignis.

562 5530 640 5598 (7)
684 5522 991 5589 Deviarefa
1026 5528 1112 5580 via
1141 5523 1450 5598 deﬂectere,
1482 5522 1944 5598 Grafeo-Barbare
1975 5537 2081 5598 πα-

493 5590 908 5670 ραστρατεύειν,
936 5598 1017 5651 vel
1050 5594 1525 5670 παραστρατέζειν
1555 5593 1852 5670 ab_ltaiie_o
1890 5599 1945 5645 et
1977 5590 2079 5644 Lac

492 5662 889 5733 tium-Stratie,
943 5676 999 5721 et
1036 5662 1244 5721 Strata.
1284 5662 1434 5718 iVide
1486 5663 1771 5734 (Tangium.
1806 5662 2083 5734 Interprcs

492 5732 638 5805 apud
675 5735 894 5788 Slll'llllll
937 5736 1224 5805 derivavit
1249 5750 1279 5787 a
1317 5747 1449 5785 voco
1502 5732 1752 5802 στρατός,
1795 5732 2073 5790 exercitus,

497 5803 659 5876 atque
693 5806 796 5857 hue
834 5820 998 5857 sensu
1023 5803 1295 5857 reddidit:
1327 5804 1558 5869 Contigit
1588 5812 1765 5854 autem
1787 5812 1845 5853 ut
1880 5803 2079 5853 iuveni-

2178 5036 2359 5081 rentur
2393 5027 2449 5079 in
2485 5028 2591 5091 via,
2626 5044 2741 5098 qua:
2763 5029 2992 5084 declinat
3021 5048 3054 5085 a
3089 5030 3177 5086 via
3210 5031 3454 5092 militari.
3492 5046 3605 5084 non
3639 5029 3755 5084 satis

2178 5106 2326 5170 apte,
2359 5106 2421 5170 ut
2447 5098 2580 5170 mihi
2611 5100 2834 5170 quidem
2870 5100 3110 5156 videtur.

2360 5168 2590 5250 Flavius
2618 5168 2921 5250 Danastium
2942 5170 3480 5250 celeberrinius,_qui
3505 5171 3681 5250 oritur
3709 5170 3755 5221 iu

2179 5240 2428 5320 Galilaea,
2460 5238 2515 5291 in
2543 5238 2718 5320 limi-te
2751 5240 3129 5320 Cgleﬁyrim,
3162 5238 3755 5320 ex_dt_lobus_fontibus,

2178 5310 2274 5364 Jar
2303 5318 2359 5363 et
2389 5310 2508 5361 Dan
2537 5310 2718 5372 dictis,
2748 5311 2815 5364 ad
2837 5310 3048 5368 radices
3075 5312 3277 5368 montis
3302 5312 3522 5368 Libani.

2255 5379 2332 5451 (9)
2375 5376 2519 5461 qrbs
2567 5380 2754 5461 §yri:e,
2799 5382 3178 5461 aliis__lt"_messa
3220 5395 3273 5438 et
3325 5384 3561 5461 fimissa,
3590 5380 3760 5461 "vulgo

2183 5448 2366 5537 ἔξωρα.
2400 5448 2512 5504 Nos
2562 5448 2806 5537 Emesan}
2848 5452 3159 5537 scribimus.
3197 5454 3436 5537 _modunt
3495 5448 3759 5532 scribendi

2181 5521 2432 5602 graecum
2464 5590 2475 5602 .
2510 5521 2705 5602 secuti.
2740 5522 3227 5602 .Archiepiseopali
3265 5524 3437 5602 “sedc
3481 5522 3755 5577 claruisse.

2181 5591 2508 5672 Christianis
2547 5592 2600 5643 in
2637 5591 2788 5672 Syria
2824 5591 3006 5647 rerum
3047 5591 3428 5672 patientibus;
3445 5609 3509 5672 at;
3540 5602 3761 5672 quatuor

2182 5661 2591 5731 episcoruatilrus
2638 5660 2958 5731 imperasse,
3005 5660 3195 5718 auctor
3258 5675 3343 5718 est
3386 5660 3603 5731 Tyrius.
3656 5660 3759 5715 Sila

2184 5723 2268 5810 est
2293 5731 2358 5783 ad
2378 5723 2646 5810 Orontem
2673 5723 3398 5810 fluviumit'ttet'Arcthusam
3431 5723 3505 5789 ad
3548 5740 3751 5804 septen-

2189 5803 2444 5866 trionem,
2473 5810 2528 5853 et
2557 5802 2874 5856 Laodiceam
2906 5804 2973 5859 ad
3004 5805 3310 5859 meridiem.
