3976 6454
329 392 464 458 1677

1592 386 1769 445 VITA
1794 384 1854 443 S.
1888 379 2283 442 SYMEONIS.
2356 416 2365 423 -

3433 367 3567 432 1678

322 505 403 576 τῷ
426 503 543 572 ἰδίῳ
565 500 711 571 τόπῳ
747 498 1212 571 μνημονεύσομεν.
1245 488 1413 557 Οὗτος
1437 489 1529 548 οὖν
1557 493 1585 544 ὁ
1608 491 1894 563 εἰρημένος

2023 502 2099 541 uo
2137 487 2255 541 loco
2298 483 2430 556 (10).
2468 483 2611 538 Idem
2644 482 2826 553 itaque
2863 481 3175 550 praedictus,
3212 478 3307 532 Dei
3358 493 3568 571 amans.

322 572 577 666 θεοφιλὴς
603 594 877 662 Ἰωάννης,
913 594 941 644 6
968 590 1220 659 ἐνάρετος
1254 588 1523 648 διάκονος,
1572 583 1731 646 αὐτὸς
1760 583 1894 666 ἡμῖν

2023 589 2053 632 ει
2074 577 2273 630 virtute
2321 575 2519 645 insigni
2564 574 2801 628 Joannes
2844 572 3142 637 diaconus,
3175 584 3396 625 omnem
3430 586 3574 639 pene

323 686 414 738 τὸν
430 659 661 738 *ᾶπαντα
691 659 1011 751 βίοννσχεδὺν
1036 678 1133 732 τοῦ
1154 679 1431 746 πανσόφου
1455 676 1772 745 διηγήσατο,
1802 662 1894 725 τὸν

2023 669 2169 721 'itam
2227 665 2621 736 sapientissimi
2699 664 2990 735 Symeonis
3052 662 3210 717 nobis
3283 659 3572 729 exposuit;

326 775 531 845 Κύριον
556 772 994 844 προϐαλλόμενος
1021 769 1130 822 τῶν
1153 768 1461 837 λεγομένων
1511 766 1783 835 μάρτυρα,
1818 761 1895 823 ὼς

321 869 405 919 ὅτι
428 865 579 919 οὐδὲν
605 865 749 918 κατὰ
772 863 1094 934 προσθήκην
1134 857 1413 929 ἐπέγραψε
1448 856 1528 925 τῷ
1574 852 1893 924 διηγήματι,

324 952 463 1005 ἀλλὰ
489 951 689 1022 μᾶλλον
737 951 832 1003 καί
860 950 928 1001 τὰ
970 948 1201 1001 πλεῖστα
1229 948 1292 998 ὲκ
1337 943 1432 997 τοῦ
1464 943 1659 1013 χρόνου
1700 941 1897 995 ἐπελά-

208 1048 219 1055 “
325 1043 470 1096 θετο.

397 1135 463 1197 ζ’.
496 1134 927 1202 Κατερχομένων
963 1131 1057 1186 οὖν
1081 1131 1281 1193 αὐτῶν,
1312 1130 1479 1199 φημὶ,
1527 1126 1623 1197 τὴν
1655 1126 1773 1179 ὁδὸν
1800 1126 1899 1195 τὴν

323 1221 540 1291 ἀληθῶς
564 1223 645 1285 εἰς
673 1222 772 1290 τὴν
812 1220 958 1291 ζωὴν
1014 1222 1213 1284 αὐτοὺς
1256 1220 1625 1290 δδηγήσασαν,
1673 1214 1741 1290 ἦν
1775 1217 1901 1268 ἰδεῖν

323 1314 524 1376 αὐτοὺς
552 1313 995 1381 ἀγαλλιωμένους
1023 1313 1117 1366 καὶ
1143 1312 1455 1383 τρέχοντας,
1480 1309 1556 1373 ὡς
1579 1310 1786 1381 Πέτρον
1808 1308 1905 1361 καὶ

338 1402 591 1474 Ἰωάννην
617 1405 708 1456 ἐπὶ
745 1406 836 1456 τὸν
877 1403 1139 1468 ζωοποιὸν
1188 1402 1283 1455 τοῦ
1327 1402 1534 1472 Κυρίου
1587 1401 1778 1469 τάφον,
1809 1398 1905 1451 καὶ

327 1495 677 1566 ἀλλήλουςτῇ
710 1493 989 1565 προθυμία
1041 1488 1403 1562 διεγείροντας
1430 1532 1445 1555 ,
1478 1490 1572 1543 καὶ
1626 1488 1904 1559 προθυμο-

327 1585 638 1647 ποιοῦντας.
683 1583 741 1637 ’0
783 1584 882 1652 μὲν
914 1584 1022 1651 γὰρ
1050 1581 1305 1649 Ἰωάννης
1339 1577 1608 1646 ἐφοϐεῖτο,
1644 1576 1842 1644 μήπως
1869 1576 1903 1642 ἡ

331 1674 642 1744 συμπάθεια
668 1677 768 1742 τῆς
813 1673 1019 1742 μητρὸς
1072 1670 1320 1740 άνακόψῃ
1346 1668 1436 1721 τὸν
1471 1666 1717 1737 Συμεών.
1767 1665 1824 1719 '0
1852 1665 1909 1717 δὲ

328 1765 493 1818 πάλιν
522 1764 784 1827 ἑδίσταζε,
809 1763 885 1833 μὴ
905 1765 938 1832 ἡ
961 1761 1306 1832 προοπάθεια
1319 1760 1416 1829 τῆς
1434 1758 1703 1829 νεογάμου
1720 1773 1909 1826 γυναι-

2006 762 2171 814 Deum
2226 768 2457 816 testatus
2510 759 2578 812 de
2643 757 2711 812 iis
2763 771 2885 826 quae
2954 754 3200 818 dicebat,
3256 761 3578 819 tantumque

2003 854 2211 917 abesse,
2271 860 2333 906 ut
2379 850 2584 920 aliquid
2625 848 2873 903 addendo
2918 844 3242 909 narrationi,
3290 843 3578 898 veritatem

2003 943 2246 1012 eiusdem
2290 944 2736 1004 contaminasset,
2789 937 2924 1009 quin
2976 938 3158 1007 potius
3202 937 3373 990 multa
3424 934 3581 1004 lapsu

2006 1033 2269 1102 temporis
2300 1039 2444 1086 esset
2472 1030 2691 1086 oblitus.
2766 1034 2779 1049 '

2079 1127 2130 1178 7.
2176 1126 2309 1178 Dum
2344 1124 2526 1192 itaque
2560 1124 2643 1192 (ut
2674 1118 2942 1189 dicebam)
2976 1117 3116 1174 viam
3147 1114 3581 1186 ingrederentur,

1957 1218 1967 1226 '
2008 1233 2129 1287 quae
2158 1230 2285 1269 vere
2310 1214 2547 1268 ducebat
2591 1228 2686 1268 eos
2737 1212 2805 1266 ad
2851 1210 3039 1273 vitam,
3073 1208 3258 1263 videre
3290 1206 3438 1275 ipsos
3465 1211 3586 1258 erat

2009 1309 2345 1363 exsultantes
2390 1315 2448 1361 et
2498 1312 2783 1360 currentes
2813 1301 2947 1371 (non
2992 1314 3150 1354 secus
3186 1313 3251 1351 ac
3275 1296 3491 1351 Petrum
3528 1303 3588 1349 et

2010 1401 2275 1456 Joannem
2306 1399 2372 1453 ad
2397 1390 2673 1453 vivitieum
2701 1394 2911 1449 Domini
2942 1392 3367 1462 sepulcrum),et
3391 1397 3587 1443 mutuo

2011 1493 2147 1547 alter
2166 1491 2395 1545 alterum
2423 1485 2695 1543 desiderio
2716 1493 2771 1540 et
2793 1483 3072 1539 alacritate
3096 1481 3424 1536 excitabant.
3450 1478 3589 1532 Nam

2012 1584 2251 1639 Joannes
2297 1580 2578 1635 metuebat
2624 1593 2697 1632 ne
2741 1576 2968 1631 affectus
3019 1574 3209 1629 matris
3257 1574 3590 1644 Symeonem

2016 1672 2338 1728 retardaret.
2409 1671 2508 1725 llic
2583 1682 2801 1722 rursum
2852 1665 3092 1720 haerebat
3138 1663 3357 1724 dubius,
3406 1676 3592 1717 annon

2014 1765 2309 1837 propensio
2337 1777 2494 1818 novae
2537 1770 2743 1830 nuptae,
2785 1759 2929 1813 sicut
2968 1754 3381 1828 magnesJapis,
3412 1754 3481 1809 ad
3530 1768 3595 1808 se

330 1853 448 1917 κὸς,
470 1852 658 1924 ὥσπερ
685 1851 959 1922 μαγνῆτις
1007 1847 1175 1913 λίθος,
1203 1848 1341 1917 πρὸς
1375 1845 1571 1915 ἑαυτὴν
1605 1841 1909 1913 ἐπιστρέψῃ

2023 1855 2373 1911 convertisset
2398 1853 2687 1907 Joannem.
2716 1847 2785 1904 Et
2824 1848 2878 1902 in
2917 1853 3196 1917 posterum
3244 1859 3308 1898 ex
3338 1844 3429 1898 illo
3456 1852 3595 1898 tem-

329 1943 424 1996 τὸν
450 1942 728 2013 Ἰωάννην.
752 1941 862 1995 Καὶ
902 1938 1089 1994 λοιπδν
1120 1940 1184 1991 ὲκ
1212 1936 1403 1991 τούτου
1432 1935 1622 2005 ἕτερος
1655 1932 1791 2004 πρὸς
1817 1932 1909 1983 τὸν

329 2034 523 2105 ἕτερον
545 2031 946 2102 νουθετητικοῖς
988 2031 1085 2085 καὶ
1129 2028 1561 2098 παρακλητικοῖς
1613 2025 1910 2094 ἐκέχρηντο

331 2124 513 2194 λόγοις
533 2141 548 2157 ο
580 2124 674 2179 καὶ
709 2123 739 2177 ὁ
768 2123 866 2195 μὲν
900 2122 1107 2191 ἐλεγενο
1142 2120 1322 2190 Μηδὲν
1345 2118 1689 2191 ρᾳθυμήσῃς,
1716 2114 1912 2183 άδελφὲ

333 2213 580 2286 Συμεών.
620 2213 942 2283 Ἐλπίζομεν
978 2212 1088 2285 γὰρ
1112 2211 1192 2272 είς
1217 2210 1308 2262 τὸν
1332 2209 1490 2275 Θεὸν,
1517 2208 1601 2260 ὅτι
1632 2209 1699 2280 τῇ
1741 2223 1912 2279 σημεο

334 2305 458 2372 ρινῇ
485 2301 670 2372 ἡμέρᾳ
697 2301 1134 2373 ἀνεγεννήθημεν
1155 2316 1167 2329 ’
1200 2298 1255 2354 τί
1284 2300 1394 2371 γάρ
1424 2301 1575 2370 ἡμᾶς
1609 2301 1679 2352 τὰ
1707 2300 1909 2369 μάταια

333 2394 521 2446 ἐκεῖνα
553 2392 647 2446 τοῦ
687 2392 802 2462 βίου
841 2394 1165 2464 πράγματα,
1191 2392 1289 2446 καὶ
1314 2396 1342 2446 6
1361 2392 1591 2455 πλοῦτος
1629 2392 1910 2460 ὠφελῆσαι

336 2487 397 2537 ὲν
426 2485 611 2557 ἡμέρᾳ
639 2486 873 2555 κρίσεως
925 2485 1176 2538 ἐδύναντο
1201 2525 1217 2549 ,
1257 2485 1395 2539 ἀλλὰ
1436 2484 1633 2555 μᾶλλον
1660 2483 1756 2537 καὶ
1788 2482 1912 2552 βλά-

337 2573 441 2643 ψαι
466 2592 482 2642 ;
518 2575 639 2628 οὐδὲ
667 2577 701 2646 ἡ
731 2577 917 2647 νεότης
939 2578 1124 2643 πάλιν,
1155 2577 1254 2631 καὶ
1277 2577 1338 2631 τὸ
1364 2575 1583 2643 κάλλος,
1606 2574 1669 2629 τὸ
1694 2573 1916 2646 προκεί-

341 2683 506 2736 μενον
542 2667 621 2737 τῷ
656 2667 865 2737 σώματι
889 2668 1068 2738 ἡμῶν,
1102 2670 1181 2733 είς
1203 2669 1358 2732 τέλος
1391 2670 1706 2740 ἀμάραντον
1724 2666 1916 2737 διαμέ-

339 2775 446 2812 νει.
488 2757 629 2810 Ἀλλ’
655 2758 688 2829 ἢ
728 2759 832 2812 ὑπὸ
860 2759 953 2812 τοῦ
986 2762 1189 2830 γήρους
1215 2759 1293 2831 τῷ
1321 2760 1521 2832 καιρῷ,
1552 2758 1586 2831 ἢ
1616 2758 1722 2813 ύπδ
1753 2757 1919 2810 θανά-

336 2866 439 2903 του
484 2849 582 2902 τοῢ
629 2850 963 2921 προσκαίρου
1013 2852 1341 2905 ἀπόλλυταιο
1370 2851 1464 2916 καὶ
1495 2851 1572 2913 ὡς
1620 2847 1792 2902 ταῦτα
1824 2847 1947 2919 καὶ,

336 2940 527 3013 πολλῷ
578 2941 802 2995 πλείονα
850 2942 1036 3010 ἔλεγεν
1066 2942 1203 3013 πρὸς
1259 2941 1524 3012 Συμεῶνα
1566 2943 1595 2994 6
1644 2940 1917 3008 Ἰωάννης,

337 3032 507 3086 πάλιν
536 3032 937 3100 ἀντεφθέγγετο
965 3034 1194 3097 ἐκεῖνος,
1230 3035 1327 3085 καὶ
1355 3034 1423 3087 τά
1455 3034 1617 3103 ὃμοια
1651 3030 1920 3085 ἐδυσώπει

2013 1962 2177 2019 pore,
2198 1944 2505 2000 monitoriis
2533 1953 2588 1997 et
2614 1939 3000 1997 consolatoriis
3033 1938 3176 1992 inter
3205 1950 3264 1991 se
3295 1935 3596 1991 utebantur

2013 2038 2375 2093 sermonibus.
2412 2034 2477 2089 Et
2505 2034 2594 2089 hic
2642 2032 2865 2103 quidem
2901 2030 3078 2086 dixit:
3114 2028 3442 2097 Neutiquam
3474 2035 3595 2081 tor-

2013 2146 2163 2201 peas,
2190 2127 2357 2183 frater
2385 2126 2655 2197 Symeon;
2687 2137 2975 2194 speramus
2999 2120 3145 2175 enim
3181 2121 3237 2175 in
3259 2119 3451 2186 Deum,
3488 2118 3595 2173 ho-

2015 2221 2203 2277 dierna
2234 2217 2323 2273 die
2358 2230 2461 2271 nos
2490 2230 2612 2270 esse
2658 2221 3032 2286 regeneratus.
3067 2212 3206 2279 Quid
3247 2211 3396 2266 enim
3433 2210 3596 2265 nobis

2016 2314 2197 2368 stultae.
2250 2311 2353 2365 illae
2415 2307 2540 2364 vita:
2594 2323 2683 2363 res
2721 2315 2778 2362 et
2833 2305 3036 2361 divitiae
3104 2305 3362 2375 prodesse
3411 2303 3467 2358 in
3507 2301 3597 2358 die

2014 2402 2207 2474 iudicii
2229 2401 2474 2472 possint;
2498 2400 2608 2454 imo
2634 2398 2821 2469 potius
2844 2398 2975 2468 quid
3000 2396 3210 2467 possint
3238 2395 3342 2451 nisi
3373 2395 3601 2450 nocere?

2019 2493 2130 2549 Nec
2188 2507 2406 2548 rursum
2453 2491 2867 2562 juventus,nec
2895 2488 3268 2559 pulchritudo,
3317 2487 3596 2543 inhaerens

2018 2592 2204 2639 nostro
2234 2581 2471 2652 corpori,
2506 2579 2975 2635 immareescibilis
3012 2587 3297 2648 permanet
3337 2593 3510 2646 usque
3539 2576 3598 2630 in

2020 2675 2213 2743 ﬁnem;
2245 2674 2342 2730 sed
2362 2673 2448 2730 vel
2476 2679 2723 2743 tempore
2744 2686 2840 2742 per
2869 2678 3208 2724 senectutem
3239 2669 3324 2723 vel
3364 2679 3599 2723 mortem

2023 2765 2462 2836 intempestivam
2484 2762 2644 2833 perit.
2681 2761 2747 2815 Et
2792 2749 3080 2823 du'mhaec
3123 2768 3178 2813 et
3226 2758 3397 2812 multo
3444 2757 3601 2827 plura

2023 2856 2249 2911 dixisset
2274 2856 2341 2910 ad
2372 2853 2698 2925 Symeonem
2728 2851 2997 2916 Joannes;
3026 2849 3224 2903 iterum
3255 2849 3344 2903 hic
3371 2864 3602 2918 respon-

2025 2947 2124 3012 dit,
2152 2956 2207 3002 et
2244 2946 2441 3001 similia
2471 2944 2785 3006 verebatur,
2816 2951 2872 2997 et
2899 2943 3115 2999 dicebat
3157 2960 3171 2997 :
3212 2944 3320 3013 Ego
3353 2943 3597 3013 quidem.

2023 3038 2262 3093 Joannes
2290 3036 2475 3098 frater,
2498 3049 2679 3104 neque
2712 3042 2945 3104 patrem,
2974 3049 3153 3103 neque
3176 3033 3392 3095 fratres,
3423 3048 3602 3102 neque

339 3124 444 3176 atat
469 3121 680 3190 ἔλεγεν·
719 3121 861 3190 Ἐγὼ
893 3123 1012 3192 μὲν,
1037 3122 1233 3191 ἁδελφὲ
1262 3122 1506 3195 Ἰωάννη,
1539 3120 1665 3175 οὔτε
1711 3122 1918 3193 πατέρα

2024 3139 2239 3179 sorores
2270 3123 2465 3189 habeo,
2511 3131 2708 3193 praeter
2758 3122 3020 3177 humilem
3062 3138 3228 3177 anum
3266 3122 3434 3191 illam,
3481 3142 3604 3196 qua:

337 3211 473 3266 οὔτε
521 3211 806 3281 ἀδελφοὺς,
859 3210 985 3265 οὔτε
1018 3212 1252 3280 ἀδελφάς
1304 3213 1604 3283 κέκτημαι,
1635 3212 1684 3264 εί
1725 3210 1800 3283 μὴ
1823 3212 1923 3280 τὴν

338 3302 611 3374 ταπεινὴν
652 3301 849 3373 γραίαν
891 3302 1130 3374 ἐκείνην,
1174 3303 1274 3374 τὴν
1322 3302 1424 3373 ἐμὲ
1473 3304 1831 3374 γεννήσασαν·
1861 3301 1921 3354 οὐ

339 3390 603 3447 τοσοῦτον
630 3392 687 3445 δὲ
732 3392 894 3473 πόνον
944 3390 1237 3463 ὀργίζομαι
1266 3394 1396 3463 περὶ
1421 3391 1637 3456 ἑαυτοῦ,
1671 3392 1794 3446 ὅσον
1829 3408 1921 3445 σου

340 3482 450 3553 τὴν
485 3482 717 3551 καρδίαν
751 3481 1045 3552 φοϐοῦμαι,
1072 3483 1273 3552 μήπως
1303 3483 1365 3536 τὸ
1391 3485 1616 3554 κράσμα
1654 3482 1923 3556 [βράσμα]

296 3567 301 3572 ’
340 3573 453 3641 τῆς
496 3573 766 3643 νεογάμου
805 3575 1062 3641 γυναικὸς
1117 3575 1411 3648 ἀποσπάσῃ
1471 3593 1531 3629 σε
1563 3580 1628 3629 ἐκ
1670 3577 1770 3646 τῆς
1801 3576 1923 3629 (οδοῦ

339 3659 556 3732 ταύτης
584 3662 683 3731 τῆς
706 3660 935 3732 ἀγαθῆς.
988 3662 1075 3726 Ὡς
1101 3660 1198 3717 οὖν
1229 3662 1401 3717 ταῦτα
1426 3666 1522 3718 καὶ
1554 3664 1777 3719 πλείονα
1797 3663 1922 3717 τού-

338 3769 460 3807 των
503 3751 640 3822 πρὸς
671 3750 937 3823 ἀλλήλους
983 3752 1529 3823 ἀντεφιλολογοῦντο,
1583 3755 1925 3809 καταντῶσιν

338 3844 434 3905 εἰς
464 3843 824 3913 μοναστήριον
842 3842 902 3895 τὸ
931 3843 1270 3915 καλούμενον
1290 3844 1384 3898 τοῦ
1418 3844 1563 3900 ά665ι
1592 3845 1923 3918 Γερασίμου.

336 3930 531 3988 Ἦσαν
555 3934 665 4006 γάρ
699 3935 793 3989 καὶ
827 3935 986 3990 τοῦτο
1010 3936 1333 4007 εὐξάμενοι·
1371 3936 1453 3991 δτι
1499 3937 1670 4009 Κύριε
1701 3940 1729 3992 6
1771 3938 1923 4006 Θεὸς,

335 4026 412 4079 ὲν
438 4026 535 4097 οῐῳ
559 4026 805 4091 κελεύεις
825 4028 974 4099 ἡμᾶς
995 4028 1374 4095 ἀποτάξασθαι
1419 4029 1766 4100 μοναστηρίῳ
1788 4068 1804 4092 ,
1837 4028 1928 4082 sii-
1968 4064 1971 4065 ν

337 4133 544 4190 ροιμεν
588 4119 691 4190 τὴν
741 4119 910 4192 θύραν
941 4120 1199 4191 ἀνοικτήν
1217 4137 1231 4151 ·
1255 4121 1392 4191 ὅπερ
1418 4119 1513 4173 καὶ
1544 4121 1787 4189 γέγονεν.
1819 4117 1929 4175 Ἦν

333 4203 445 4264 οὖν
466 4211 526 4263 ἐν
554 4210 733 4280 τούτῳ
756 4209 833 4280 τῷ
856 4210 1202 4282 μοναστηρίῳ
1224 4212 1363 4281 ἀνὴρ
1387 4210 1688 4283 θαυμάσιος
1706 4212 1929 4284 ὀνόματι

337 4298 557 4363 Νίκων,
604 4298 892 4369 ἄνθρωπος
951 4300 1169 4371 άληθῶς
1205 4301 1347 4354 κατὰ
1383 4300 1482 4371 τὴν
1530 4302 1925 4373 προσηγορίαν,

337 4390 447 4444 καὶ
479 4391 579 4461 τὴν
607 4389 886 4444 πολιτείαν
936 4390 1300 4460 κτησάμενος.
1338 4392 1522 4446 Νικῶν
1565 4392 1676 4465 γὰρ
1711 4393 1927 4465 ὑπῆρχε

2025 3227 2113 3265 me
2141 3210 2346 3282 genuit.
2374 3208 2485 3265 Nec
2511 3210 2579 3265 de
2618 3210 2720 3266 hac
2758 3225 2816 3266 re
2852 3209 3044 3267 laboro
3072 3221 3307 3278 tantum,
3334 3223 3603 3282 quantum

2026 3301 2191 3356 timeo
2219 3315 2291 3355 ne
2311 3315 2406 3358 cor
2438 3309 2590 3357 tuum
2619 3316 2774 3357 novre
2810 3310 2991 3371 nupta:
3020 3300 3353 3356 desiderium
3389 3302 3606 3357 abstra-

2027 3393 2122 3449 hat
2142 3410 2171 3448 a
2192 3395 2332 3450 bona
2358 3395 2462 3449 hac
2488 3394 2596 3449 via.
2626 3393 2749 3448 Haec
2771 3393 2939 3463 igitur
2967 3401 3129 3461 atque
3164 3392 3248 3447 his
3277 3392 3429 3462 plura
3462 3393 3607 3448 inter

2027 3501 2087 3540 se
2115 3486 2288 3540 amice
2315 3478 2680 3549 conferentes,
2721 3485 3052 3554 perveniunt
3086 3484 3151 3538 ad
3183 3486 3605 3547 monasterium.

2026 3575 2171 3644 quod
2216 3583 2443 3629 vocatur
2504 3574 2716 3629 abbatis
2764 3572 3055 3630 Gerasimi.
3110 3572 3244 3628 Nam
3296 3575 3401 3629 hoc
3440 3577 3607 3632 etiam

2026 3674 2318 3718 oraverant
2352 3682 2363 3717 :
2406 3663 2632 3719 Domine
2672 3663 2832 3728 Deus,
2876 3664 2931 3717 in
2958 3679 3069 3734 quo
3094 3664 3256 3734 jubes
3290 3680 3391 3720 nos
3416 3682 3608 3722 mona-

2027 3757 2195 3810 sterio
2216 3756 2492 3819 collocari,
2527 3756 2871 3810 inveniamus
2897 3756 3120 3826 januam
3149 3765 3429 3826 apertam;
3460 3760 3608 3829 quod

2026 3857 2083 3902 et
2111 3844 2313 3901 factum
2347 3846 2465 3901 fuit.
2503 3844 2632 3902 Erat
2676 3848 2862 3917 itaque
2910 3850 2965 3902 in
3013 3848 3117 3904 hoc
3157 3851 3488 3907 monasterio
3525 3854 3609 3907 vir

2027 3938 2311 4004 mirabilis,
2346 3939 2571 3995 nomine
2617 3938 2810 4006 Nicon,
2846 3939 3015 3997 homo
3067 3941 3157 3996 cui
3205 3958 3338 3998 vere
3364 3959 3610 4016 congrua

2028 4029 2435 4100 cognominatio
2480 4029 2591 4102 (ll)
2639 4031 3041 4087 conversationi
3086 4041 3205 4089 erat
3235 4033 3425 4090 indita.
3471 4035 3609 4091 Nam

2028 4120 2285 4176 vincebat
2316 4135 2536 4177 omnem
2568 4122 2893 4178 diabolicatn
2930 4123 3220 4194 legionem,
3248 4126 3526 4182 miraculis
3551 4137 3612 4183 et

2029 4213 2199 4286 signis
2223 4214 2539 4285 eﬂ'ulgebat,
2571 4224 2628 4270 et
2655 4215 2957 4285 prophetiae
2979 4216 3243 4286 dignitate
3281 4227 3399 4271 erat
3439 4234 3470 4273 a
3500 4218 3611 4275 Deo

2030 4305 2351 4370 honoratus,
2377 4304 2469 4372 qui
2497 4304 2659 4359 etiam
2705 4305 2894 4359 beatos
2921 4306 3087 4362 hosce
3125 4306 3291 4363 all‘ore
3321 4310 3611 4378 pnenovit.

2030 4394 2339 4451 Dixitenim
2365 4397 2567 4452 vidisse
2595 4413 2654 4451 se
2685 4397 2741 4451 in
2772 4399 2983 4454 somnis
3007 4399 3094 4453 illa
3112 4400 3222 4465 die,
3241 4416 3345 4471 qua
3370 4402 3611 4458 advene-

338 4484 535 4536 πᾶσαν
562 4482 883 4553 δαιμονικὴν
916 4483 1246 4554 παράταξιν,
1280 4483 1524 4554 θαύμασι
1553 4485 1649 4538 κοιλ⁵
1680 4486 1918 4555 σημείοις

2033 4498 2187 4554 runt,
2217 4489 2476 4558 aliquem,
2504 4491 2593 4559 qui
2622 4490 2839 4545 dicebat
2872 4491 2974 4561 ipsi
3007 4509 3022 4546 :
3059 4492 3232 4564 Surge
3262 4504 3316 4548 et
3353 4495 3501 4564 aperi
3524 4495 3612 4566 ja-

336 4573 753 4643 καταλάμπων,
778 4574 873 4627 καὶ
896 4576 1235 4645 προφητείας
1261 4574 1528 4644 ἀξιώματι
1552 4576 1657 4629 ὑπὸ
1676 4576 1812 4630 Θεοῦ
1833 4595 1925 4630 τε-

333 4663 673 4732 τιμημένος
694 4663 752 4726 ὃς
776 4666 870 4717 καὶ
891 4668 1143 4735 προέγνω
1161 4666 1260 4737 τὴν
1280 4667 1485 4720 τούτων
1511 4667 1620 4719 τῶν
1642 4670 1927 4739 μακαρίων

2030 4594 2195 4633 nnam
2223 4580 2484 4645 mandrae,
2516 4594 2576 4637 ut
2603 4581 2976 4654 ingrediantur
2998 4597 3127 4640 oves
3160 4600 3330 4651 mete;
3356 4585 3502 4656 quod
3555 4596 3614 4640 et

2033 4670 2186 4727 fecit.
2680 4668 2683 4673 ’

336 4754 676 4823 παρουσίαν·
708 4757 842 4826 φησὶ
869 4756 978 4825 γὰρ
1007 4758 1312 4828 ἑωρακέναι
1341 4760 1503 4813 αὐτὸν
1531 4760 1673 4813 κατὰ
1696 4762 1822 4825 τοὺς
1861 4761 2061 4828 ὕπνους
2093 4768 2161 4836 τῇ
2194 4765 2402 4837 ἡμέρᾳ,
2435 4769 2491 4819 ὲν
2595 4768 2983 4839 παρεγένοντο,
3017 4770 3137 4824 τινὰ
3165 4771 3396 4841 λέγοντα
3424 4773 3605 4845 αὐτῷ·

350 4846 599 4898 Ἀνάστα
628 4848 720 4899 καὶ
746 4847 955 4912 ἄνοιξον
983 4849 1082 4919 τὴν
1116 4849 1288 4920 θύραν
1316 4851 1414 4920 τῆς
1452 4852 1689 4922 ποίμνης
1728 4852 1818 4906 ἵνα
1848 4854 2135 4909 εἰσέλθωσι
2158 4857 2226 4911 τὰ
2256 4857 2507 4927 πρόϐατά
2532 4876 2633 4929 μου
2658 4875 2673 4888 '
2718 4861 2857 4932 ὅπερ
2896 4865 2992 4915 καὶ
3020 4864 3299 4935 ἐποίησεν.

419 4993 500 5057 η’.
545 4987 632 5050 Ὠς
653 4983 745 5042 οὖν
780 4981 1412 5058 παραγενόμενοι-εὗρον
1431 4990 1530 5061 τὴν
1569 4990 1742 5062 θύραν
1766 4994 1929 5066 ἀνεῳ-

331 5093 375 5144 γ
385 5074 585 5144 μένην,
618 5075 817 5129 καὶτὸν
838 5076 1013 5129 άὸσᾶν
1042 5075 1425 5146 καθεζόμενον,
1451 5080 1547 5135 καὶ
1563 5084 1929 5152 περιμένοντα

331 5166 551 5230 αὐτούς
570 5184 584 5197 ·
603 5163 757 5222 εἶπεν
772 5170 799 5220 6
816 5167 1071 5239 Ἰωάννης
1093 5169 1169 5238 τῷ
1194 5170 1416 5240 Συμεών
1431 5186 1445 5201 ⁸
1474 5172 1654 5225 Καλὸν
1676 5178 1925 5243 σημεῖον,

330 5256 571 5325 ἀδελφὲ,
609 5258 721 5311 ἰδοὺ
759 5261 794 5329 ἡ
829 5258 970 5328 θύρα
1007 5261 1256 5330 ἀνοικτὴ,
1302 5262 1396 5315 καὶ
1423 5263 1452 5313 6
1482 5263 1760 5334 ὀστιάριος
1791 5265 1926 5318 καθ-

331 5353 556 5421 ήμενος
577 5365 592 5380 ο
633 5352 709 5412 ὡς
733 5346 827 5404 οὖν
855 5350 1215 5422 ἐπλησίασαν,
1246 5352 1396 5421 λέγει
1425 5356 1610 5420 αὐτοῖς
1632 5359 1661 5410 6
1696 5357 1930 5427 ἡγούμε-

327 5453 471 5501 νοςο
503 5438 698 5502 Καλῶς
727 5434 891 5510 ἦλθον
926 5439 996 5494 τὰ
1041 5441 1293 5512 πρόδατα
1335 5442 1428 5496 τοῦ
1473 5444 1730 5515 Χριστοῦ.
1763 5445 1923 5509 Λέγει

2105 4997 2159 5050 8.
2181 4997 2470 5068 Postquam
2493 5016 2622 5071 ergo
2648 5003 3020 5071 advenissent,
3038 5007 3372 5063 invenerunt
3384 5009 3608 5081 ianuam

2034 5097 2298 5156 apertam,
2327 5101 2383 5144 et
2410 5092 2661 5146 abbatem
2696 5095 3000 5159 sedentem,
3042 5107 3097 5153 et
3134 5099 3280 5168 ipsos
3316 5112 3613 5170 expectan—

2036 5187 2166 5233 tem.
2234 5179 2375 5236 Dixit
2434 5180 2674 5238 Joannes
2734 5184 2991 5254 Symeoui
3038 5206 3052 5242 :
3107 5189 3317 5244 Bonum
3369 5191 3608 5263 signum,

2034 5270 2222 5335 frater,
2245 5286 2375 5327 ecce
2397 5273 2563 5342 ianua
2591 5285 2806 5345 aperta,
2829 5288 2882 5332 et
2920 5279 3175 5334 ostiarius
3217 5281 3434 5340 sedens.
3469 5284 3610 5342 Dum

2036 5359 2199 5430 igitur
2221 5365 2774 5434 appropinquassent,
2794 5369 2928 5423 dicit
2950 5369 3083 5440 ipsis
3105 5370 3607 5448 hegumenust'lﬂ);

2038 5454 2186 5505 Bene
2206 5465 2484 5509 venerunt
2507 5470 2638 5509 oves
2661 5456 2887 5512 Christi.
2926 5458 3065 5515 Dicit
3095 5462 3277 5518 statim
3309 5462 3560 5535 Symcoul
3592 5486 3607 5523 :

1852 5574 2084 5637 NOTAE.

424 5658 539 5729 (10)
578 5661 770 5731 Capite
801 5664 1032 5733 septimo
1053 5666 1317 5725 invenies.

418 5732 537 5792 (Η)
579 5733 619 5782 A
651 5734 818 5787 Verbo
858 5738 1029 5787 νικάω
1052 5774 1068 5792 .
1120 5738 1270 5791 vinco
1294 5778 1309 5792 .

418 5735 539 5871 8ἑέ

593 5799 944 5872 ἸΙγούμενος,
963 5805 1151 5869 abbas,
1182 5799 1515 5864 monasterio
1539 5799 1863 5871 praefectus;
1922 5846 1927 5849 τ

579 5733 823 5822 {iuvet-ho
858 5738 1068 5822 vrsae):
1112 5738 1270 5822 uinco
1294 5778 1309 5801 ,
1366 5738 1527 5822 cujus
1576 5742 1924 5822 participium
1964 5756 2050 5801 est
2072 5751 2496 5822 vexc'twminrens,
2521 5763 2613 5812 aut
2648 5757 2833 5814 victor.
