3976 6416
463 363 648 441 ’1679

1432 341 1437 345 ’
1523 382 1833 443 LEONTII
1874 384 2381 445 NEAPOLITANI
2424 384 2767 469 EPISCOPI

3600 370 3720 453 meo

508 494 652 546 [lene
688 490 904 554 venisti,
939 489 1058 543 Sale
1087 505 1099 554 ;
1142 504 1273 545 vere
1302 490 1491 573 decem
1531 490 1642 562 (15)
1676 501 1765 546 tua
1791 492 1858 546 ab
1888 494 2058 546 abluti

2186 490 2506 573 oﬁv‘eEaOéw;
2532 494 2611 565 τῷ
2644 494 2868 563 Συμεών
2887 509 2901 525 ο
2930 492 3124 557 Καλῶς
3149 489 3330 565 ἦλθες,
3355 497 3505 563 Σαλὲ,
3532 500 3723 569 άληθῶς

503 589 732 643 Joanne.
783 585 978 641 Decem
1015 585 1160 640 enim
1210 593 1261 640 te
1311 571 1554 640 manent.
1623 586 1845 641 DiCebat
1900 597 2058 641 auten

2183 571 2313 639 δέκα
2341 602 2399 638 σε
2431 585 2538 639 ἀπὸ
2564 584 2657 638 τοῦ
2690 585 2834 638 ἀϐδᾶ
2863 585 3139 640 Ἰωάννου.
3163 579 3245 638 Τὰ
3271 586 3376 656 γὰρ
3404 587 3530 641 δέκα
3564 607 3615 641 σε
3641 610 3722 644 πε-

506 688 728 748 proptcr
768 676 1160 747 perfectionem
1211 677 1335 731 vita:
1380 692 1503 731 cum
1561 674 1761 732 virtute
1799 678 2077 749 degendae.

2184 696 2237 748 ρι
2245 677 2518 747 μένουσιν.
2537 677 2763 747 Ἔλεγεν
2778 677 2833 730 δὲ
2855 676 2942 730 διὰ
2966 677 3065 746 τὴν
3089 678 3400 749 τελειότητα
3418 680 3535 733 κατ’
3549 683 3721 755 ἀρετὴν

489 768 794 837 “Postquam
827 768 1009 838 itaque
1050 768 1168 821 illos
1217 769 1524 837 excepisset
1587 758 1843 837 tanquam
1886 785 1915 822 a
1972 767 2058 823 Ορι

2183 767 2321 836 βίου.
2346 767 2647 836 Δεξάμενος
2667 765 2762 820 οὖν
2784 766 2983 830 αὐτοὺς
3006 767 3083 830 ὡς
3103 767 3497 836 θεοπέμπτους.
3521 773 3724 829 ἀνέπαυ-

496 842 717 927 missos,
748 861 1027 931 quiescere
1076 859 1223 915 fecit.
1267 858 1333 913 Et
1365 859 1452 914 die
1483 870 1700 929 postera
1731 861 1897 930 cmpit
1947 860 2058 929 ipsi:

2181 874 2263 912 σε.
2297 858 2407 911 Καὶ
2430 840 2495 929 τῇ
2513 857 2639 928 ἑξῆς
2662 858 2864 928 ἤρξατο
2887 858 3073 921 αὐτοῖς
3101 857 3305 926 λέγειν,
3330 861 3435 929 πρὸ
3462 862 3550 914 τοῦ
3571 867 3721 918 εἰπεῖν

487 954 703 1016 εάίοοινθ,
734 952 1052 1022 priusquam
1097 951 1149 1006 ei
1189 952 1566 1031 loquerentur,
1620 952 1811 1021 utique
1860 952 1918 1006 in
1977 952 2077 1005 Do-

491 1045 674 1098 mino:
702 1046 867 1110 Bona,
892 1045 1031 1097 bona
1053 1052 1111 1098 et
1135 1043 1295 1113 digna
1327 1051 1507 1097 vestra
1532 1043 1587 1096 in
1622 1042 1792 1097 Deum
1829 1043 2071 1099 dilectio.

498 1137 552 1190 Si
585 1136 746 1190 modo
782 1149 889 1190 non
926 1134 1254 1204 permittatis
1295 1148 1414 1187 eam
1465 1134 1737 1206 exstingui
1778 1135 1845 1189 ab
1874 1137 2073 1189 advena

494 1228 640 1284 sario
670 1227 862 1283 salutis
911 1208 1127 1281 vestrm.
1169 1225 1353 1280 Bonus
1400 1241 1595 1281 cursus
1640 1234 1857 1291 vester;
1884 1241 2072 1280 verum

494 1337 564 1374 ne
593 1318 812 1375 deﬁcite
857 1327 1164 1378 currentes,
1209 1318 1386 1372 donec
1439 1316 1798 1372 coronemini.
1860 1316 2070 1371 Bonum

450 1414 451 1417 “
492 1412 835 1483 propositum
873 1418 1156 1476 vestrum;
1195 1424 1383 1467 verum
1429 1423 1500 1463 ne
1530 1408 1841 1473 dormitate,
1875 1417 1935 1462 ut
1959 1424 2067 1462 non

493 1512 734 1574 tepescat
780 1502 941 1574 ignis,
976 1501 1068 1571 qui
1119 1502 1282 1556 corda
1330 1508 1510 1555 vestra
1566 1500 1730 1554 hodie
1775 1499 2064 1554 comburit.

493 1597 637 1652 Bene
676 1596 762 1649 illa
810 1610 932 1665 quae
979 1601 1222 1658 manent,
1263 1592 1639 1662 praposuistis
1680 1582 1748 1645 iis
1798 1606 1919 1660 qua:
1970 1606 2066 1659 pe-

480 1696 673 1743 reunt.
719 1686 850 1739 Boni
884 1684 1105 1755 quidem
1151 1684 1317 1738 vestri
1355 1683 1658 1738 secundum
1707 1697 1926 1737 carnem
1968 1697 2065 1752 pa-

448 1768 455 1777 ’
489 1784 694 1841 rentes,
730 1784 784 1830 et
822 1774 1026 1829 bonum
1059 1773 1164 1827 illis
1209 1775 1419 1828 servire
1453 1792 1467 1826 :
1515 1782 1571 1828 at
1615 1774 1733 1828 sine
1779 1788 2065 1844 compara-

446 1864 451 1867 Α
490 1868 635 1923 tione
666 1867 859 1921 unctius
890 1876 971 1920 est
993 1850 1144 1919 Ῥοιτί
1193 1864 1397 1920 caalesti
1443 1864 1737 1935 placuisse.
1784 1864 1917 1920 Boni
1954 1865 2065 1920 fra-

444 1944 598 2018 ἰιι-οε
636 1944 918 2030 corpore:
977 1968 1033 2012 at
1078 1956 1276 2027 fratres
1322 1957 1522 2027 spiritu
1580 1957 2063 2012 conducibiliores.

485 2055 620 2110 Boni
683 2052 841 2107 amici
890 2061 1115 2122 propter
1168 2049 1470 2113 Christum,
1531 2065 1670 2119 quos
1734 2048 1954 2105 habetis
2010 2049 2065 2105 in

485 2145 690 2200 mundo
728 2162 742 2198 :
779 2158 968 2199 verum
1010 2142 1205 2196 melius
1253 2149 1477 2195 sanctos
1515 2141 1717 2195 habere
1761 2141 1969 2196 amicos
2010 2150 2065 2196 et

471 2236 750 2308 benignos
776 2233 920 2304 apud
960 2230 1270 2287 Dominum.
1318 2229 1451 2284 Βοιιί
1498 2229 1758 2300 praesides
1802 2245 1938 2300 quos
1969 2230 2066 2287 ha-

480 2324 624 2381 betis
663 2325 716 2378 in
761 2321 1090 2391 necessitate
1135 2330 1323 2374 contra
1364 2334 1461 2374 eos
1512 2319 1604 2390 qui
1652 2319 1859 2374 habent
1907 2329 2064 2391 pote-

479 2428 677 2474 statem
721 2435 734 2471 :
772 2431 959 2471 verum
997 2430 1107 2468 non
1138 2422 1267 2469 sunt
1314 2412 1471 2479 tanti,
1508 2413 1698 2484 quanti
1742 2423 1827 2469 est
1861 2414 2064 2469 habere

477 2517 702 2567 sanctos
746 2507 968 2580 angelos
1008 2524 1107 2578 pro
1161 2505 1323 2561 nobis
1374 2505 1763 2576 supplicantes.
1822 2504 1973 2560 Bona
2008 2514 2064 2561 et

476 2601 764 2657 laudabilis
810 2598 964 2655 diviti
1005 2598 1319 2653 distributio
1364 2596 1746 2669 pecuniarum,
1791 2606 1847 2653 et
1884 2598 2063 2668 pietas

471 2693 530 2746 in
564 2705 832 2763 pauperes
867 2698 923 2744 et
977 2688 1375 2744 beneﬁcentia:
1410 2689 1507 2743 sed
1557 2689 1877 2758 neutiquam
1918 2686 2061 2743 Deus

468 2789 587 2836 tam
625 2780 819 2851 quaerit
866 2779 1025 2834 aliam
1071 2794 1103 2833 a
1132 2778 1295 2833 nobis
1337 2778 1694 2844 oblationem,
1727 2793 1891 2849 quam
1937 2779 2061 2833 ani-

472 2888 687 2928 marqu
736 2877 1065 2927 nostrarum.
1106 2869 1292 2924 Dulcis
1332 2869 1553 2940 quidem
1609 2870 1735 2924 vitae
1787 2870 2059 2924 bonorum

474 2964 702 3019 fruitio:
752 2976 943 3018 verum
994 2960 1198 3031 aequari
1249 2964 1360 3015 non
1413 2969 1596 3030 potest
1638 2959 1850 3016 deliciis
1896 2975 2059 3030 para-

471 3054 596 3110 disi.
617 3053 879 3109 Jucundae
896 3052 1115 3122 quidem
1143 3050 1365 3116 divitize,
1381 3059 1436 3104 et
1461 3050 1850 3123 desiderabiles
1871 3051 2058 3105 multis

469 3143 823 3204 hominibus;
854 3156 1046 3196 verum
1078 3155 1191 3194 non
1217 3149 1346 3194 sunt
1371 3140 1608 3210 aequales
1643 3140 1729 3205 iis,
1759 3155 1895 3211 quas
1922 3156 2057 3195 ocu-

456 3234 560 3291 ‘lus
585 3250 693 3290 non
736 3234 892 3298 vidit,
937 3246 1040 3288 nec
1069 3231 1221 3286 auris
1249 3232 1479 3299 audivit,
1528 3246 1629 3287 nec
1666 3233 1724 3288 in
1755 3247 1852 3288 cor
1876 3233 2055 3288 Inomi-

470 3328 560 3383 nis
585 3327 955 3382 ascenderunt
988 3325 1053 3379 ".
1151 3396 1155 3399 _
1280 3360 1283 3365 ι
1774 3311 1779 3315 ’

538 3417 595 3473 9.
640 3416 988 3473 Delectabilis
1051 3414 1402 3486 pulchritudo
1444 3406 1748 3486 iuventutis
1800 3433 1813 3470 :
1863 3430 2053 3471 vermn

470 3507 613 3564 nihil
663 3509 842 3564 simile
900 3518 985 3565 est
1056 3507 1453 3577 pulchritudini
1504 3506 1749 3572 Christi,
1819 3507 2056 3563 caelestis

448 3598 678 3668 ‘sponsi.
703 3597 846 3653 Dicit
885 3600 1033 3655 enim
1071 3596 1235 3653 David
1275 3615 1288 3650 :
1321 3616 1341 3650 ι
1378 3597 1671 3668 Speciosus
1721 3597 1894 3654 forma
1943 3614 2056 3669 pra:

468 3689 596 3746 (iiiis
628 3689 911 3744 hominum
929 3691 994 3745 ¹².
1026 3706 1043 3740 ι
1084 3688 1336 3760 Magnum
1370 3689 1604 3743 militare
1636 3696 1856 3744 terreno
1890 3689 2001 3762 regi
2038 3707 2050 3743 :

467 3796 663 3836 verum
697 3780 820 3836 talis
853 3779 1041 3835 militia
1070 3780 1135 3835 ad
1170 3789 1384 3850 tempus
1413 3788 1517 3846 est,
1555 3787 1610 3834 et
1635 3781 1957 3850 periculosa.

533 3870 700 3928 Misce
728 3881 787 3927 et
814 3871 1012 3927 talibus
1067 3869 1300 3928 monens
1346 3871 1465 3927 illos
1519 3879 1780 3937 sanctus,
1836 3889 2053 3928 cessare

453 3963 537 4019 ab
568 3963 938 4019 admonitione
970 3962 1225 4029 nolebat,
1257 3972 1514 4035 spectans
1546 3979 1615 4020 ex
1647 3964 1824 4018 oculis
1858 3980 2050 4019 eorum

468 4054 647 4111 fontes
677 4055 1033 4127 lacrymarum
1060 4055 1366 4112 ellluentes.
1398 4058 1475 4113 Ac
1503 4057 1672 4112 veluti
1708 4056 1754 4112 si
1803 4057 2051 4112 divinum

466 4158 777 4199 sermonem
811 4142 1009 4216 [prius]
1044 4159 1152 4199 non
1196 4144 1556 4210 audivissent,
1588 4147 1661 4201 ita
1692 4146 2052 4202 attendebant

450 4233 535 4285 iis
564 4247 686 4303 qua:
739 4231 905 4305 [tum]
943 4233 1284 4289 dicebantur.
1336 4233 1539 4290 lterum
1577 4252 1706 4308 ergo
1751 4253 2052 4293 conversus

458 4322 535 4377 ad
583 4320 932 4394 Symeonem,
967 4325 1145 4384 dicit:
1184 4325 1263 4380 Ne
1291 4335 1343 4380 te
1367 4323 1584 4394 alllicta,
1611 4343 1791 4399 neque
1815 4329 2049 4401 lacryma

449 4414 722 4470 'canitiem
771 4414 1007 4471 domina:
1053 4426 1158 4472 tua:
1204 4418 1419 4475 matris.
1474 4417 1607 4474 Nam
1666 4423 1838 4477 multo
1880 4424 2052 4495 magis

2178 947 2348 1019 αὐτῷ,
2373 945 2449 1011 ὡς
2473 946 2568 1000 ἐπὶ
2599 947 2806 1018 Κυρίου
2828 961 2843 977 ο
2876 947 3050 1019 Καλὴ,
3083 947 3246 1020 καλὴ,
3282 951 3377 1001 καὶ
3404 951 3524 1015 ἀξία
3548 955 3579 1024 ἡ
3608 953 3724 1025 πρὸς

2176 1035 2310 1088 Θεὸν
2328 1036 2515 1107 ἀγάπη
2541 1036 2716 1106 ὑμῶν,
2755 1036 2918 1105 μόνον
2952 1037 3048 1090 ἐὰν
3089 1036 3164 1109 μὴ
3195 1039 3302 1089 ὐπὸ
3353 1038 3445 1091 τοῦ
3477 1042 3722 1097 ἀντιδίκου

2176 1127 2277 1197 τῆς
2308 1132 2580 1198 σωτηρίας
2614 1129 2779 1201 ἡμῶν
2828 1128 3037 1199 ταύτην
3087 1128 3404 1202 χαυνώσητε
3434 1131 3721 1203 σϐεσθῆναι.

2176 1222 2355 1286 Καλὸς
2374 1223 2402 1275 6
2426 1221 2624 1295 δρόμος
2656 1224 2832 1293 ὑμῶν,
2863 1223 3000 1277 ἀλλὰ
3038 1224 3114 1295 μὴ
3156 1223 3426 1295 ὲνδώσητε
3464 1228 3724 1297 τρέχοντες

2173 1313 2331 1383 ἄχρις
2381 1309 2442 1366 οὐ
2496 1308 2901 1384 στεφανωθῆτε.
2956 1313 3114 1384 Καλὴ
3176 1315 3209 1383 ἡ
3262 1314 3519 1383 πρόθεσις
3568 1315 3722 1385 ὑμῶν,

2170 1406 2309 1460 ἀλλά
2360 1406 2435 1477 μὴ
2467 1406 2765 1477 νυστάξητε
2793 1446 2807 1469 ,
2846 1406 2934 1458 ἵνα
2976 1406 3052 1476 μὴ
3081 1404 3311 1475 χλιανθῇ
3354 1404 3415 1456 τὸ
3470 1410 3725 1474 περικαῖον

2173 1497 2325 1569 ὑμῶν
2356 1499 2454 1561 τὰς
2485 1497 2712 1568 καρδίας
2733 1500 2975 1567 σήμερον
3011 1496 3143 1566 πῦρ.
3181 1495 3381 1559 Καλῶς
3405 1496 3474 1548 τὰ
3521 1496 3725 1565 μένοντα

2170 1592 2575 1661 προετιμήσατε
2607 1588 2714 1643 τῶν
2740 1589 3152 1658 ἀπολλυμένων.
3199 1589 3375 1641 Καλοὶ
3408 1589 3506 1658 μὲν
3530 1590 3577 1641 oi
3605 1592 3725 1644 κατὰ

2171 1682 2352 1752 σάρκα
2386 1682 2539 1752 ὑμῶν
2569 1682 2769 1750 γονεῖς,
2805 1680 2900 1734 καὶ
2924 1680 3087 1734 καλὸν
3111 1680 3169 1733 τὸ
3198 1679 3414 1744 τούτοις
3443 1680 3721 1735 δουλεῦσαι·

2169 1773 2387 1828 κάλλιον
2416 1774 2471 1827 δὲ
2505 1772 2841 1835 ἀνεικάστως
2868 1773 2944 1844 τῷ
2990 1772 3303 1843 ἐπουρανίῳ
3346 1773 3526 1841 Πατρὶ
3553 1773 3725 1844 εὐαρε-

2169 1866 2363 1937 στῆσαι
2382 1882 2395 1895 ’
2419 1865 2574 1918 καλοὶ
2597 1866 2646 1918 oi
2680 1864 2903 1934 ἀδελφοὶ
2922 1865 2967 1916 οἱ
2999 1864 3325 1934 σωματικοὶ,
3364 1862 3483 1916 ἀλλ’
3509 1863 3558 1915 οί
3579 1881 3726 1917 πνευ-

2169 1959 2416 2031 ματικοὶ,
2448 1958 2884 2030 συμφορώτεροι.
2921 1957 3090 2012 Καλοὶ
3118 1958 3168 2010 οἱ
3201 1955 3368 2026 φίλοι,
3414 1956 3466 2008 οἱ
3503 1955 3588 2009 διὰ
3612 1957 3727 2027 Χρι-

2168 2054 2316 2119 στὸν,
2364 2053 2459 2119 οὓς
2514 2053 2665 2125 ἔχετε
2709 2053 2767 2106 ὲν
2819 2051 2896 2124 τῷ
2926 2050 3150 2122 κόσμῳο
3188 2049 3328 2102 ἀλλά
3376 2048 3590 2102 κάλλιον
3617 2049 3728 2112 τούς

2165 2147 2354 2217 ἁγίους
2377 2146 2521 2218 ἔχειν
2559 2146 2747 2216 φίλους
2805 2145 2897 2198 καὶ
2930 2145 3179 2215 εὐμενεῖς
3224 2143 3363 2213 πρὸς
3411 2142 3501 2196 τὸν
3547 2142 3728 2194 Δεσπό-

2166 2256 2286 2311 την.
2317 2239 2492 2293 Καλοὶ
2517 2240 2567 2291 οἱ
2601 2236 2925 2309 προστάται,
2948 2234 3044 2300 οὒς
3073 2234 3224 2306 ἔχετε
3261 2235 3320 2286 ἐν
3364 2234 3577 2301 ἀνάγκῃ
3609 2230 3728 2307 πρᾷς

2163 2334 2288 2396 τοὺς
2323 2333 2587 2393 δυνάστας
2608 2347 2620 2361 ·
2652 2330 2767 2383 ἀλλ’
2819 2330 2919 2382 οὐκ
2966 2330 3106 2382 εἰσὶν
3156 2326 3356 2390 οὕτως,
3388 2326 3466 2389 ὡς
3499 2324 3559 2377 τὸ
3602 2323 3728 2394 ἔχειν

2163 2398 2289 2487 τούς
2318 2422 2508 2492 ἁγίους
2533 2421 2797 2491 ἀγγέλους
2835 2421 2977 2492 ὑπὲρ
3009 2411 3166 2491 ἡμῶῦ
3194 2418 3542 2481 ἱκετεύοντας
3562 2435 3574 2446 ·
3605 2417 3727 2485 καλὴ

2164 2511 2260 2566 καὶ
2298 2510 2560 2582 ἐπαινετὴ
2584 2513 2617 2581 ἡ
2640 2510 2748 2565 τῶν
2776 2511 3078 2581 χρημάτων
3107 2508 3185 2580 τῷ
3212 2505 3541 2575 εὐποροῦντι
3587 2509 3729 2576 μετά-

2159 2603 2338 2669 δοσις,
2392 2602 2551 2674 καὶὴ
2592 2603 2673 2667 είς
2743 2604 2870 2664 τοὺς
2931 2601 3180 2671 πτωχοὺς
3232 2600 3490 2671 εὐσέϐεια
3535 2602 3621 2653 καὶ
3648 2599 3729 2650 εὐ-

2163 2696 2347 2751 ποιία·
2395 2696 2511 2749 ἀλλ’
2563 2694 2718 2749 οὐδὲν
2766 2694 2911 2748 οὕτω
2968 2694 3124 2764 ζητεῖ
3171 2695 3200 2746 6
3243 2692 3382 2756 Θεὸς
3413 2691 3546 2762 παρ’
3590 2689 3732 2760 ἡμῶν

2163 2789 2503 2864 προσφορὰν,
2562 2788 2639 2852 ὡς
2693 2787 2755 2840 τὺ
2794 2785 3161 2858 προσενέγκαι
3199 2783 3350 2855 αὐτῷ
3398 2783 3501 2846 τὰς
3542 2781 3730 2835 ἑαυτῶν

2159 2881 2358 2953 ψυχάς·
2379 2881 2608 2949 γλυκεῖα
2632 2880 2732 2950 μὲν
2761 2880 2794 2950 ἡ
2823 2878 2931 2932 τῶν
2960 2877 3054 2930 τοῦ
3079 2876 3194 2948 βίον
3221 2875 3409 2930 καλῶν
3426 2874 3728 2934 ἀπίδλιιυσις⁸

2160 2973 2277 3028 ἀλλ’
2321 2972 2422 3025 οὐκ
2475 2971 2624 3024 ἔστιν
2700 2971 2792 3040 ῖση
2838 2971 2938 3038 τῆς
2992 2969 3206 3040 τρυφῆς
3252 2966 3347 3021 τοῦ
3393 2965 3728 3038 παραδείσου.

2161 3063 2406 3135 Τερπνδς
2432 3063 2532 3134 μὲν
2556 3064 2585 3115 6
2613 3060 2840 3124 πλοῦτος
2873 3062 2969 3114 καλ⁵
3007 3059 3350 3129 ὲπιθυμητὸς
3383 3060 3500 3122 τοῖς
3537 3055 3731 3117 πολλοῖς

2086 3172 2128 3229 c
2161 3157 2270 3213 τῶν
2294 3155 2630 3228 ἀνθρώπων·
2662 3154 2779 3209 ἀλλ’
2808 3155 2908 3207 οὐκ
2947 3154 3097 3207 ἔστιν
3150 3152 3261 3216 ἶσος
3294 3144 3372 3205 ὧν
3407 3154 3438 3205 ὁ
3473 3148 3730 3232 ὀρθαλμὸς

2157 3252 2257 3305 οὐκ
2281 3244 2436 3314 εἶδεν,
2468 3248 2562 3301 καὶ
2587 3246 2680 3311 οὓς
2701 3247 2801 3300 οὐκ
2838 3246 3090 3317 ἤκουσεν,
3124 3244 3219 3298 καὶ
3242 3243 3338 3296 ἐπὶ
3377 3242 3607 3311 καρδίαν
3647 3240 3731 3294 ὀνο

2159 3338 2379 3409 θρώπου
2410 3340 2511 3391 οὐκ
2542 3336 2732 3409 ἀνέϐη.

2228 3431 2294 3487 θ’.
2329 3432 2576 3502 Τερπνὸν
2604 3431 2664 3483 τὸ
2685 3428 2883 3493 κάλλος
2904 3429 3004 3498 τῆς
3025 3427 3277 3499 νεότητος
3296 3441 3313 3458 θ
3343 3425 3465 3480 ἀλλ’
3494 3424 3638 3477 οὐδὲν
3657 3423 3724 3486 ὡς

2157 3524 2216 3577 τὸ
2231 3525 2323 3576 τοῦ
2340 3521 2661 3595 ἐπουρανίου
2679 3520 2915 3590 νυμφίου
2929 3518 3188 3589 Χριστοῦο
3211 3519 3379 3589 φησὶν
3391 3517 3509 3588 γὰρ
3522 3521 3549 3571 6
3562 3516 3728 3570 Azut5'

2162 3635 2180 3667 ι
2204 3617 2417 3686 Ὠραϊος
2459 3613 2646 3669 κάλλει
2686 3613 2836 3684 παρὰ
2878 3611 3003 3674 τοὺς
3042 3612 3190 3676 υἱοὺς
3240 3610 3350 3664 τῶν
3377 3609 3725 3681 ἀνθρώπων.»

2156 3709 2313 3776 Μέγα
2367 3707 2429 3760 τὸ
2476 3704 2868 3778 στρατεύεσθαι
2914 3704 2994 3775 τῷ
3042 3703 3272 3773 ὲπιγείῳ
3308 3702 3559 3774 βασιλεῖ’
3604 3701 3730 3764 ἀλλὰ

2156 3798 2494 3868 πρόσκαιρος
2517 3796 2797 3868 ἡτοιαύτη
2831 3795 3112 3868 στρατεία,
3143 3796 3239 3849 καὶ
3265 3794 3630 3859 ἐπικίνδυνος.

2228 3888 2453 3954 Τούτοις
2505 3889 2600 3942 καὶ
2650 3891 2761 3951 τοῖς
2820 3887 3084 3953 τοιούτοις
3132 3887 3403 3944 νουθετῶν
3462 3888 3658 3950 αὐτοὺς
3702 3887 3729 3938 6

2154 3983 2322 4047 ὅσιος,
2354 3972 2670 4036 παύσασθαι
2700 3979 2800 4050 τῆς
2847 3979 3132 4045 νουθεσίας
3161 3981 3265 4034 οὐκ
3297 3979 3577 4045 ἐϐούλετο,
3604 3979 3727 4033 θεω-

2157 4075 2266 4145 ρῶν
2291 4077 2353 4128 ἐκ
2376 4073 2483 4128 τῶν
2509 4073 2804 4143 ὀφθαλμῶν
2832 4072 3014 4127 αὐτῶν
3047 4075 3233 4142 πηγάς
3267 4072 3529 4146 δακρύων
3555 4074 3729 4142 621:0-

2157 4165 2354 4234 μένας·
2381 4163 2455 4226 ὡς
2487 4164 2654 4233 μήπω
2690 4160 2799 4231 γὰρ
2819 4161 3153 4225 ἀκούσαντες
3179 4158 3341 4227 λόγου
3369 4159 3545 4223 θείου,
3574 4157 3726 4217 ὅντως

2154 4255 2265 4314 τοῖς
2297 4251 2614 4320 λεγομένοις
2654 4252 2965 4321 προσεῖχον.
2990 4248 3161 4305 Πάλιν
3194 4248 3290 4304 οὖν
3316 4247 3730 4321 στραφεὶςπρὺς
3815 4251 3819 4254 ’

2153 4343 2246 4394 τὸν
2287 4340 2532 4410 Συμεὼν,
2588 4340 2769 4410 λέγει·
2802 4340 2895 4413 Μὴ
2934 4339 3119 4395 θλίὸου
3145 4382 3158 4404 ,
3205 4341 3340 4413 μηδὲ
3380 4340 3590 4413 δάκρυε
3642 4338 3731 4409 τὴν

2155 4433 2347 4488 πολιὰν
2368 4432 2468 4502 τῆς
2499 4431 2695 4503 κυρίας
2721 4449 2816 4486 σου
2844 4433 3052 4503 μητρός
3075 4449 3090 4463 ο
3124 4433 3347 4502 καὶγὰρ
3368 4432 3554 4502 ποῖα.λῷ
3582 4431 3733 4483 πλέον

450 4502 613 4558 “illam
656 4504 932 4560 consolari
990 4516 1169 4576 potest
1219 4508 1385 4575 Deus,
1444 4525 1543 4580 per
1601 4514 1898 4568 certamina
1957 4526 2045 4568 tua

2163 4523 2245 4576 τοῦ
2282 4523 2574 4594 προσὼπευ
2617 4540 2708 4576 σου
2741 4522 2965 4578 δύναται
3022 4523 3537 4594 παραμυθήσασθαι
3574 4520 3731 4589 αὐτὴν

448 4603 743 4663 exoratus,
778 4611 940 4666 quam
992 4604 1119 4653 tuus
1169 4610 1517 4668 conspectus.
1574 4603 1787 4657 Etenim
1819 4606 1866 4660 si
1908 4608 2049 4676 apud

466 4685 615 4740 illam
672 4702 844 4758 usque
877 4688 944 4743 ad
992 4701 1223 4745 mortem
1255 4692 1375 4761 ejus
1417 4708 1822 4763 perseverarcs,
1866 4696 1968 4751 inc:
1994 4713 2049 4749 r-

462 4787 583 4833 tom
607 4780 908 4840 enimvero.
939 4798 1007 4836 an
1060 4792 1117 4837 tu
1148 4790 1275 4838 ante
1316 4783 1463 4839 illam
1510 4800 1542 4839 e
1587 4787 1697 4841 vita
1732 4803 1841 4842 non
1893 4804 2053 4842 exce-

466 4869 645 4934 deres,
667 4870 965 4928 destitutus
994 4875 1322 4941 virtutibus;
1352 4885 1410 4932 et
1434 4880 1754 4947 excederes,
1792 4898 1897 4934 non
1955 4882 2050 4935 ba-

466 4959 602 5014 bens
629 4962 722 5032 qui
779 4970 835 5018 te
878 4979 908 5018 a
951 4963 1151 5021 futuris
1201 4969 1361 5023 matis
1406 4969 1576 5039 possit
1627 4971 1877 5025 liberare.
1926 4970 2045 5027 Non

466 5048 612 5106 enim
661 5051 886 5122 matris,
930 5069 1041 5109 non
1099 5058 1272 5127 patris
1328 5058 1585 5123 dilectio,
1646 5076 1754 5116 non
1814 5060 2046 5118 fratrum

469 5141 781 5207 turba,non
824 5144 1047 5210 divitiae,
1085 5161 1195 5201 non
1240 5146 1431 5218 gloria,
1460 5163 1571 5203 non
1602 5148 1887 5221 c0ujugale
1923 5152 2048 5206 vin-

466 5232 671 5299 culum,
708 5249 817 5288 non
859 5235 1092 5291 ﬁliorum
1122 5236 1375 5304 affectus,
1397 5239 1641 5310 judicem
1664 5241 1882 5311 placare
1920 5259 2049 5314 pos-

468 5330 631 5386 sunt;
677 5323 773 5377 scd
811 5323 920 5380 vita
956 5325 1142 5381 virtuti
1174 5341 1437 5393 consona,
1468 5336 1525 5383 et
1553 5330 1794 5400 suscepti
1820 5341 2046 5402 prOpter

364 5477 371 5483 '
470 5410 638 5469 Deum
665 5414 879 5471 labores
922 5432 986 5472 ac
1040 5418 1323 5473 molestiae.
1355 5417 1555 5475 lterum
1607 5436 1738 5493 ergo
1782 5424 1846 5478 ad
1878 5422 2059 5479 Joan-.

536 5591 579 5625 “
613 5592 787 5649 iCor.
818 5611 877 5659 ιι,
910 5596 963 5650 9.
988 5597 1031 5629 ι’
1066 5594 1264 5651 Psalm.
1303 5614 1452 5666 xuv,
1477 5600 1537 5655 3.

2148 4616 2175 4666 ό
2204 4614 2356 4677 Θεὸς,
2389 4613 2811 4683 δυσωπούμενος
2838 4614 2946 4667 ὐπὸ
2974 4613 3082 4668 τῶν
3119 4615 3227 4668 σῶν
3260 4613 3518 4682 ἀγώνων.
3546 4616 3608 4668 El
3631 4614 3731 4683 γὰρ

2151 4706 2243 4757 καὶ
2268 4704 2444 4774 ταύτῃ
2473 4702 2601 4776 ἄχρι
2620 4704 2721 4773 τῆς
2753 4704 3014 4773 τελευτῆς
3043 4704 3218 4773 αὐτῆς
3248 4703 3730 4776 προσεκαρτέρειςς

2149 4795 2282 4848 ἀλλὰ
2316 4793 2534 4865 ἄδηλον,
2573 4799 2621 4849 εἰ
2654 4797 2718 4849 σύ
2756 4796 2861 4867 πρὸ
2892 4796 3065 4865 αὐτῆς
3118 4796 3208 4849 τὸν
3249 4797 3366 4865 βίον
3409 4796 3729 4866 ύπεξέρχου,

2150 4885 2355 4956 ἔρημος
2379 4885 2488 4940 τῶν
2517 4885 2730 4957 ἀρετῶν
2759 4887 3045 4958 ὑπάρχων,
3071 4888 3166 4941 καὶ
3197 4888 3454 4958 ἀπήρχου
3496 4889 3574 4958 μὴ
3604 4888 3732 4957 ἔχων

2149 4978 2242 5029 τὸν
2268 4976 2572 5049 δυνάμενόν
2604 4995 2667 5031 σε
2703 4975 2815 5031 τῶν
2851 4978 3158 5048 μελλόντων
3205 4979 3393 5033 κακῶν
3447 4979 3731 5047 ῥύσασθαι.

2151 5066 2290 5119 Οὐδὲ
2323 5066 2432 5136 γὰρ
2465 5067 2699 5138 μητρὸς,
2750 5068 2813 5121 οὐ
2871 5069 3080 5141 πατρὸς
3110 5070 3326 5139 ἀγάπη,
3362 5070 3465 5124 οὐκ
3494 5069 3734 5138 ἀδελφῶν

2153 5156 2377 5228 πλῆθος,
2407 5159 2468 5211 οὐ
2506 5157 2759 5223 πλοῦτος,
2815 5158 2876 5212 οὐ
2908 5158 3071 5225 δόξα,
3102 5159 3165 5213 οὐ
3198 5148 3461 5229 γυναικδς
3518 5159 3732 5228 δεσμὸς.

2151 5250 2211 5301 οὐ
2249 5248 2455 5304 τέκνων
2476 5251 2742 5305 εὐπάθεια
2766 5251 2859 5306 τὸν
2885 5253 3082 5325 κριτὴν
3122 5252 3349 5307 δύναται
3389 5240 3731 5320 δυσωπῆσαι,

2152 5339 2267 5393 ἀλλ’
2298 5341 2332 5410 ἡ
2373 5342 2632 5410 ἐνάρετος
2680 5342 2953 5408 πολιτεία,
3003 5344 3099 5399 καὶ¹
3134 5345 3185 5396 οἱ
3231 5327 3379 5397 κατά
3423 5342 3561 5396 Θεὸν
3586 5342 3736 5394 πόνοι

2154 5432 2248 5484 καὶ
2271 5432 2526 5501 κάματοι.
2548 5435 2718 5488 Πάλιν
2738 5430 2838 5489 οὖν
2864 5436 3000 5505 πρὸς
3029 5437 3124 5489 τὸν
3148 5435 3406 5507 Ἰωάννην
3431 5436 3564 5505 ἔφη·
3586 5434 3735 5505 Min?-

1991 5669 2217 5729 NOTAE.

541 5772 656 5846 (15)
698 5774 830 5828 Dum
861 5778 962 5846 ipsi
981 5788 1184 5834 sortem
1210 5782 1492 5849 ducerent,
1516 5792 1664 5840 sorte
1689 5786 1817 5842 vicit
1844 5788 2033 5845 decem
2059 5789 2295 5861 Symeon
2325 5810 2354 5849 a
2387 5794 2626 5863 Joanne,
2661 5798 2742 5853 uti
2778 5796 2987 5855 dictum
3017 5815 3197 5871 supra.
