3976 6404
255 429 383 499 1681

1520 442 1694 504 VITA
1730 444 1791 503 S.
1819 440 2216 503 SYMEONIS.

3374 436 3513 501 1682

255 549 357 611 σοὶ,
390 548 600 610 τέκνον,
633 549 661 600 6
706 546 899 618 ἐχθρὸς
940 547 1062 622 ,τῶν
1090 548 1280 617 ψυχῶν
1331 550 1488 620 ήμῶν
1543 551 1820 624 ὑποϐάλῃ·

1941 566 2053 605 nem
2092 552 2229 606 dixit
2262 568 2274 603 :
2314 548 2497 619 Neque
2552 548 2669 610 tibi.
2715 547 2810 610 ﬁli,
2856 546 3166 601 animarum
3201 554 3508 604 nostrarum

254 638 349 702 Τίς
371 637 480 708 ἄρα
503 639 629 701 τοὺς
660 639 827 708 ἐμοὺς
880 641 1057 709 γονεῖς
1108 641 1543 713 γηροϐοσκήσει;
1594 644 1678 706 τίς
1729 642 1827 714 τὴν

254 729 391 797 ἐμὴν
425 727 656 799 σύμϐιον
682 729 1175 800 παραμυθήσεται;
1220 733 1305 796 τίς
1360 735 1429 787 τὰ
1480 735 1706 789 ἐκείνων
1735 735 1828 790 66.-

253 835 395 889 κρυα
422 817 800 885 utan-aliaat;
828 819 890 872 El
923 820 1021 889 μὲν
1041 822 1151 894 γὰρ
1176 823 1312 894 πρὸς
1341 822 1526 894 ἓτερον
1557 823 1689 876 Θεὸν
1706 824 1829 878 τού-

251 928 377 972 τους
406 910 852 979 έγκατελείψατε,
872 912 965 966 καὶ
996 913 1131 982 πρὸς
1159 914 1347 986 ἓτερον
1363 914 1634 970 δουλεύειν
1661 916 1831 987 ἀπήρ-

253 999 436 1069 χεσθε,
463 1000 642 1064 καλῶς
672 998 740 1055 ἂν
771 1002 1133 1073 ὲμεριμνᾶτε,
1184 1007 1231 1057 εἰ
1285 1004 1394 1074 ἄρα
1425 1005 1697 1076 φροντίζει
1730 1005 1829 1059 αὐο-

252 1090 360 1142 τῶν
387 1089 483 1142 καὶ
511 1089 940 1160 παραμυθεῖται,
968 1092 1003 1163 ἢ
1032 1092 1116 1147 ού.
1147 1094 1261 1147 Νῦν
1286 1095 1345 1147 δὲ
1378 1096 1517 1166 πρὸς
1550 1095 1738 1158 αὐτὸν,
1784 1087 1830 1164 ᾧ

252 1177 473 1242 τούτους
506 1178 929 1248 ὲγκατελείψατε
958 1181 1418 1252 προσδραμόντες,
1459 1183 1554 1235 καὶ
1603 1183 1829 1247 ἑαυτοὺς

253 1269 679 1358 ἀφιερώσαντες,
711 1272 934 1345 θαρρεῖν
966 1274 1093 1345 χρὴ,
1146 1274 1367 1328 κάκεῖνο
1398 1273 1455 1327 δὲ
1486 1274 1824 1358 λογίζεσθαι·

252 1361 335 1413 ὅτι
357 1360 407 1411 εἰ
433 1362 490 1413 ἐν
521 1356 602 1433 τῷ
631 1360 822 1432 κόσμῳ
845 1362 1023 1432 τούτῳ
1051 1361 1220 1415 ὄντων
1250 1362 1429 1432 ἡμῶν,
1461 1363 1557 1417 καὶ
1605 1363 1682 1434 τῷ
1703 1356 1710 1362 ’
1730 1363 1831 1433 βίῳ

254 1451 635 1517 δουλευόντων,
667 1454 886 1507 πάντων
920 1454 1182 1526 πρόνοιαν
1215 1456 1452 1509 ἐποιεῖτο
1493 1458 1527 1526 ή
1574 1455 1667 1509 τοῦ
1693 1455 1831 1509 Θεοῦ

256 1541 548 1612 ἀγαθότης,
598 1543 750 1613 πόσῳ
778 1560 843 1613 γε
902 1544 1103 1615 μᾶλλον
1155 1546 1217 1598 ού
1259 1547 1534 1617 φροντίσει
1582 1545 1677 1599 νῦν
1726 1548 1832 1600 τῶν

255 1631 539 1702 ἡμετέρων
567 1632 728 1687 οἴκων
757 1673 769 1694 ,
818 1635 906 1688 ὅτε
966 1634 1238 1688 δουλεύειν
1280 1635 1432 1706 αὐτῷ
1493 1638 1589 1689 καὶ
1636 1638 1832 1707 εὐαρε-

258 1723 403 1774 στεῖν
434 1722 583 1792 αύτῷ
610 1721 885 1792 όλοψύχως
910 1722 1266 1793 είσήλθομεν;

332 1831 350 1863 ι
382 1810 433 1864 ι’.
452 1813 663 1875 Τοίνυν,
688 1808 733 1866 ῶ
753 1814 938 1875 τέκνα,
965 1814 1395 1884 μνημονεύοντες
1420 1815 1512 1867 τοῦ
1535 1815 1738 1885 Κυρίου
1753 1813 1830 1867 εί-

259 1902 452 1965 πόντος
480 1902 613 1971 πρὸς
655 1902 746 1954 τὸν
782 1904 1036 1956 εἰπόντα·
1079 1902 1401 1975 Ἐπίτρεψόν
1431 1920 1544 1972 μοι,
1569 1903 1834 1976 ὑποστρέ-
1867 1888 1909 1947 Β

253 2005 353 2062 qia:
384 1991 622 2062 πρῶτον,
644 1994 738 2047 καὶ
760 1994 929 2063 θάψαι
958 1994 1051 2047 τὸν
1082 1997 1298 2065 πατέρα
1335 2011 1437 2063 μου
1458 2010 1472 2025 ο
1512 1992 1684 2063 Ἄφες
1705 1992 1832 2055 τοὺς

256 2085 489 2153 νεκροὺς
520 2083 689 2153 θάψαι
717 2086 841 2148 τοὺς
876 2084 1085 2138 ἑαυτῶν
1128 2087 1353 2155 νεκρούς
1380 2101 1393 2115 ·
1429 2084 1832 2156 ἀμεταστρύφῳ

257 2174 451 2244 γνώμῃ
471 2174 567 2227 καὶ
596 2173 993 2246 ἀμεταμελήτῳ
1024 2176 1223 2245 καρδίᾳ
1244 2175 1626 2244 καταδρᾶμετε
1658 2174 1833 2227 ὀπίσω

258 2264 445 2317 αὐτοῦ.
476 2265 547 2317 ΤΞ
596 2265 706 2335 γὰρ
753 2265 899 2337 ἄρας
939 2268 987 2318 εί
1027 2266 1119 2319 καὶ
1168 2269 1195 2319 ὁ
1246 2266 1489 2336 ἐπίγειος
1540 2260 1696 2329 οὗτος
1738 2266 1833 2320 καὶ

258 2355 497 2426 φθαρτὸς
529 2357 783 2427 βασιλεὺς
833 2357 1208 2441 προετρέψατο
1235 2358 1401 2428 ὑμᾶς,
1442 2357 1613 2423 ζῶσαι
1650 2357 1835 2428 βουλό-

261 2464 443 2519 μενος,
476 2451 556 2513 εἰς
599 2451 942 2523 πατρικίους,
977 2450 1012 2521 ἢ
1042 2450 1529 2522 κουὸικουλαρίους
1572 2450 1667 2504 τοῦ
1712 2452 1835 2505 ὲπι-

256 2539 407 2605 γείου
434 2540 600 2593 αὑτοῦ
655 2541 943 2606 παλατίου,
995 2540 1091 2594 τοῦ
1143 2542 1579 2613 παρερχομένου,
1640 2544 1734 2596 καὶ
1761 2543 1836 2605 ὡς

258 2631 419 2694 σκιᾶς
449 2631 545 2683 καὶ
569 2631 848 2694 ἐνυπνίου,
876 2631 1298 2703 ἀφανιζομένου,
1333 2633 1545 2710 ἄρχειν,
1595 2635 1658 2685 ού
1704 2650 1832 2685 κατ-

257 2723 596 2790 εφρονήσατε
633 2723 701 2775 ἂν
726 2723 983 2777 ἁπάντων
1014 2722 1123 2777 τῶν
1157 2723 1513 2795 ὑπαρχόντων
1557 2724 1708 2794 ὑμῖν,
1745 2724 1838 2777 καὶ

258 2810 564 2875 σπουδαίως
596 2812 692 2865 καὶ
713 2812 1123 2882 ἀνεμποδίστως
1149 2812 1283 2883 πρὸς
1305 2811 1465 2865 αὑτὸν
1483 2811 1836 2880 κατελαμϐά-

255 2918 401 2967 νετε,
428 2902 537 2957 τῶν
568 2904 700 2974 παρ’
734 2902 899 2957 αὐτοῦ
933 2905 1129 2974 τιμῶν,
1166 2910 1259 2958 καὶ
1301 2905 1401 2973 τῆς
1441 2906 1608 2958 αύτοῦ
1662 2904 1841 2974 ὅψεως

257 2993 349 3045 καὶ
386 2993 701 3064 παρρησίας
732 2993 1026 3049 ἀπολαύειν
1058 2993 1477 3065 ἐπιθυμοῦντες,
1524 2998 1617 3048 καὶ
1661 2998 1838 3051 πάντα

256 3086 445 3153 πόνον,
481 3087 576 3141 καὶ
606 3087 795 3151 κόπον,
835 3087 929 3139 καὶ
968 3086 1201 3140 θάνατον
1249 3084 1578 3156 προείλασθε
1629 3086 1838 3155 ὑπομέ-

252 3195 391 3243 νειν,
433 3177 596 3245 μόνον
653 3177 739 3230 ἵνα
766 3177 865 3247 τὴν
904 3174 1117 3247 ἡμέραν
1146 3175 1359 3246 ἐκείνην
1389 3175 1515 3227 ίδεῖν
1546 3176 1832 3247 ἁξιωθῆτε,

253 3261 369 3342 ινῇ
409 3267 595 3338 μέλλει
617 3269 646 3319 6
677 3265 927 3337 βασιλεὺς
950 3268 1042 3319 ἐπὶ
1076 3267 1255 3335 πάσης
1283 3268 1382 3336 τῆς
1419 3267 1724 3336 συγκλήτου
1754 3267 1839 3320 δέ-

252 3357 472 3427 χεσθαι,
523 3357 617 3410 καὶ
676 3357 1015 3428 στρατεύειν,
1075 3358 1171 3410 καὶ
1219 3357 1624 3427 φιλοτιμεῖσθαι
1657 3358 1833 3427 ύμᾶςς

254 3450 381 3504 Τῶν
401 3450 459 3503 δὲ
486 3451 779 3520 φησάντων
805 3448 975 3511 οὕτως
992 3446 1164 3519 ἔχειν,
1184 3443 1339 3507 εἶπεν
1363 3451 1391 3502 6
1416 3449 1587 3519 μέγας
1615 3450 1801 3503 Νίκων
1819 3464 1832 3479 ·

256 3540 449 3612 Πολλῷ
484 3539 682 3611 μᾶλλον
709 3536 824 3605 οὖν,
875 3540 1062 3603 τέκνα,
1118 3539 1257 3609 μετά
1304 3539 1550 3603 πλείονος
1570 3530 1836 3609 ¹ἃπουδῆς,

257 3632 354 3686 καὶ
399 3629 751 3696 κατανύξεως
801 3629 880 3702 τῷ
918 3630 1184 3701 ἀφθάρτῳ
1220 3632 1316 3685 καὶ
1370 3631 1575 3701 αἰωνίῳ
1628 3629 1840 3701 βασιλεῖ

256 3724 365 3777 τῶν
392 3723 790 3793 βασιλευόντων
812 3722 1168 3793 κατατρέχειν
1188 3722 1286 3775 κα)⁸
1314 3720 1685 3793 ἀκολουθεῖνῄ
1695 3726 1835 3794 μεῖς,

257 3817 307 3869 οι
337 3815 683 3884 εὐγνώμονες
710 3811 887 3865 δοῦλοι
912 3811 1203 3881 ὀφείλομεν
1222 3850 1238 3874 ,
1282 3811 1713 3882 μνημονεύοντες
1741 3813 1839 3880 τῆς

257 3906 505 3975 ἀγάπης,
531 3898 599 3975 ἧς
628 3901 933 3966 ἐνεδείξατο
985 3903 1064 3965 εἰς
1088 3902 1241 3971 ἡμᾶς
1279 3905 1308 3955 6
1344 3902 1499 3966 Θεὸς,
1555 3900 1699 3955 ὥστε
1748 3902 1841 3955 τὸν

260 3996 391 4050 Υίὸν
420 3993 588 4051 αὐτοῦ
642 3995 736 4049 τὸν
794 3993 1057 4065 μονογενῆ
1106 3994 1207 4046 ούκ
1253 3993 1510 4064 ἐφείσατο
1563 3993 1632 4048 δι’
1667 3995 1838 4065 ἡμᾶς,

220 4112 223 4115 -
258 4085 375 4140 ἀλλ’
413 4085 556 4151 ὑπὲρ
597 4084 757 4156 ἡμῶν
814 4085 1035 4137 πάντων
1069 4085 1387 4156 παρέδωκεν
1418 4085 1579 4140 αὐτόν
1606 4103 1631 4154 ;_
1674 4087 1839 4141 ’Ὥστε

259 4172 353 4231 οὖν
382 4179 434 4231 εί
464 4178 558 4230 καὶ
586 4178 655 4230 τὰ
684 4178 894 4231 ἑαυτῶν
918 4177 1125 4245 αἵματα
1160 4177 1302 4248 ὑπὲρ
1326 4177 1493 4231 αὐτοῦ
1520 4177 1838 4249 ὲξεχέαμεν,

260 4269 310 4321 οἱ
329 4267 410 4340 τῷ
434 4267 627 4338 αἵματι
650 4268 815 4322 αὐτοῦ
842 4270 944 4339 τῆς
978 4270 1187 4341 φθορᾶς
1230 4271 1327 4323 καὶ
1355 4269 1449 4322 τοῦ
1494 4268 1726 4323 θανάτου
1751 4269 1844 4322 λυ-

259 4358 584 4429 τρωθέντες,
615 4361 713 4413 καὶ⁸
759 4361 840 4424 είς
886 4362 1018 4415 υἱῶν
1056 4361 1297 4430 γνησίων
1319 4360 1843 4431 τάξινείσποιηοέν-

260 4466 374 4514 τες,
412 4450 534 4504 οὐδὲ
567 4449 741 4516 οὓτως
795 4451 1051 4516 ἀντάξιόν
1079 4470 1133 4505 τι
1163 4450 1625 4523 προσηνέγκαμεν
1656 4452 1837 4525 αὐτῷ’

1931 643 2106 699 hostis
2155 643 2410 712 subjiciat
2443 659 2454 694 :
2488 640 2750 706 Quisnam
2805 649 3093 709 parentum
3135 654 3386 695 meorum
3424 655 3512 696 se-

1931 738 2205 790 nectutem
2251 734 2477 804 pascet?
2504 730 2640 798 Quis
2676 731 2806 786 vitae
2835 739 3146 787 consortem
3200 730 3535 799 consolabi-_

1931 826 2056 881 tur?
2083 826 2219 892 Quis
2253 826 2470 879 illorum
2512 825 2775 895 Iacrymas
2805 822 3007 878 sistet?
3032 820 3166 891 Nam
3202 822 3249 878 si
3280 821 3401 878 illos
3431 822 3514 876 al-

1930 917 2105 972 terius
2162 916 2258 971 Dei
2310 931 2459 971 eura:
2512 914 2906 986 reliquissetis,
2958 921 3014 968 et
3086 912 3388 968 venissetis
3442 913 3511 968 ad

1929 1006 2276 1061 serviendum
2332 1004 2522 1069 alteri;
2572 1014 2721 1060 recte
2757 1003 2975 1059 solliciti
3025 1003 3240 1068 essetis,
3277 1017 3344 1057 an
3387 1003 3517 1071 quis

1930 1110 2120 1150 eorum
2173 1111 2358 1150 curam
2406 1104 2576 1167 gerat,
2631 1104 2688 1150 et
2732 1095 3070 1159 consoletur,
3128 1109 3335 1150 annon.
3390 1093 3523 1149 .lam.

1931 1202 2069 1242 vero
2097 1196 2387 1258 postquam
2437 1188 2753 1243 accurristis
2801 1187 2871 1242 ad
2916 1187 3066 1242 illum
3118 1186 3206 1241 cui
3254 1201 3349 1243 eos
3382 1186 3508 1242 reli-

1930 1272 2147 1342 quistis,
2174 1282 2233 1328 et
2250 1289 2346 1329 vos
2373 1275 2520 1344 ipsos
2545 1274 2933 1340 consecrastis,
2964 1283 3182 1345 oportet
3208 1274 3510 1339 conﬁdere,

1931 1374 2096 1433 atque
2149 1362 2281 1419 illud
2323 1364 2672 1420 considerare
2698 1377 2715 1418 :
2746 1366 2891 1435 quod
2937 1365 3018 1431 si,
3054 1365 3184 1421 dum
3233 1380 3425 1419 sumus
3457 1365 3511 1418 in

1932 1456 2039 1510 hoc
2094 1455 2320 1520 mundo,
2376 1465 2433 1510 et
2488 1456 2612 1511 vitae
2673 1457 2983 1521 servimus,
3043 1457 3286 1511 omnium
3345 1456 3515 1526 gessit

1933 1562 2122 1602 curam
2166 1546 2258 1600 Dei
2317 1547 2568 1612 bonitas;
2622 1556 2826 1617 quanto
2876 1549 3045 1618 magis
3102 1549 3319 1603 curabit
3365 1564 3514 1602 nunc

1933 1635 2124 1690 domos
2155 1643 2388 1701 nostras,
2434 1635 2673 1703 quando,
2715 1634 2972 1690 servituri
3004 1635 3128 1706 ipsi,
3162 1644 3217 1689 ct
3260 1635 3511 1704 placituri

1875 1740 1885 1747 ’
1933 1738 1997 1779 ex
2030 1731 2139 1777 tota
2172 1723 2351 1776 anima
2385 1720 2702 1776 exivimus?

2007 1819 2093 1872 10.
2153 1815 2344 1887 Igitur,
2392 1814 2505 1879 ﬁlii,
2562 1830 2831 1868 memores
2908 1812 3119 1867 Domini
3165 1811 3399 1866 dicentis
3449 1811 3515 1864 ad

1937 1925 2101 1973 eum,
2143 1906 2235 1978 qni
2295 1907 2476 1961 aiebat
2530 1925 2543 1958 :
2598 1926 2615 1957 ί
2654 1903 2917 1958 Permitte
2971 1903 3103 1957 mihi
3158 1901 3357 1957 reverti
3401 1901 3517 1971 pri-

1936 2015 2085 2055 mum
2130 2007 2186 2053 et
2222 1997 2450 2067 sepelire
2486 2006 2694 2067 patrem
2727 2009 2906 2048 meum
2936 2006 2950 2045 ε
2981 1992 3112 2046 Sine
3156 2001 3401 2046 mortuos
3432 2005 3516 2045 se-

1934 2090 2101 2160 pelire
2157 2099 2403 2143 mortuos
2457 2101 2586 2142 Suos
2632 2088 2693 2149 ¹³,
2739 2103 2756 2136 ι
2811 2092 3050 2139 mentem
3127 2082 3336 2136 induite
3395 2098 3516 2151 quae

1934 2181 2131 2238 mutari
2163 2180 2308 2234 haud
2337 2178 2525 2248 possit,
2559 2193 2662 2233 nec
2692 2192 2787 2231 vos
2821 2175 3084 2246 poeniteat
3113 2189 3339 2229 currere
3370 2189 3513 2243 pone

1935 2273 2134 2342 ipsum.
2164 2269 2306 2335 Quid
2345 2269 2537 2323 enim?
2575 2266 2632 2321 Si
2678 2267 2801 2336 quis
2832 2275 3086 2320 terrenus
3127 2279 3220 2318 rex
3264 2273 3322 2318 et
3351 2263 3529 2320 obno—.

1934 2364 2056 2417 xius
2083 2360 2442 2431 corruptioni,
2474 2360 2677 2414 acciret
2701 2374 2818 2422 vos,
2867 2373 3002 2412 zona
3040 2357 3272 2411 induere
3303 2356 3513 2418 volens,

1936 2448 1997 2507 ut
2057 2452 2112 2507 in
2175 2452 2527 2521 patriciorum
2617 2459 2672 2503 et
2734 2448 3197 2504 cubiculariorum
3267 2445 3516 2498 ordinem

1936 2544 2179 2612 ascripti,
2210 2553 2432 2597 terreno
2462 2542 2661 2612 palatio
2681 2541 2824 2610 eius,
2854 2539 3000 2609 quod
3035 2537 3298 2609 praeterit,
3321 2545 3378 2589 et
3407 2543 3521 2588 tan-

1935 2650 2098 2705 quam
2149 2634 2338 2689 umbra
2389 2643 2446 2688 et
2497 2633 2770 2688 somnium
2818 2630 3131 2693 evanescit,
3176 2626 3517 2698 praeessetis;

1936 2742 2120 2781 nonne
2140 2723 2566 2780 contemneretis
2598 2738 2789 2777 omnes
2830 2721 3119 2777 facultates
3167 2728 3399 2783 vestras,
3439 2716 3522 2770 di-

1937 2816 2273 2887 ligenterque
2317 2815 2437 2868 sine
2485 2812 2877 2883 impedimento
2929 2810 2997 2865 ad
3055 2809 3232 2878 ipsum
3291 2805 3522 2861 accede-

1939 2909 2086 2974 retis,
2148 2906 2472 2970 honoribus,
2530 2906 2621 2975 qui
2656 2905 2724 2959 ab
2783 2904 2904 2973 ipso
2946 2910 3093 2965 sunt,
3119 2913 3176 2955 et
3224 2904 3521 2967 conspectu

1937 3000 2079 3068 eius,
2113 3007 2169 3052 et
2188 2997 2552 3052 collocutione
2585 2995 2688 3049 l‘rui
2714 2990 3126 3049 desiderantes?
3153 3004 3340 3045 nonne
3366 2988 3524 3043 labo-

1938 3104 2052 3142 rem
2079 3102 2322 3150 omnem,
2350 3093 2408 3140 el.
2438 3084 2764 3149 molestiam,
2791 3092 2847 3137 et
2876 3090 3106 3136 mortem
3137 3076 3527 3149 praeeligeretis

1939 3179 2233 3241 sustinere,
2258 3178 2381 3232 ideo
2411 3177 2608 3238 solum,
2632 3184 2693 3231 ut
2717 3174 2867 3245 digiti
2894 3172 3089 3229 essetis
3122 3169 3344 3226 videndi
3377 3167 3524 3223 diem

1940 3273 2115 3335 illum,
2143 3285 2252 3341 quo
2281 3269 2526 3325 futurum
2557 3278 2724 3332 esset,
2750 3276 2811 3321 ut
2838 3281 2931 3321 rex
2962 3279 3089 3320 cum
3130 3262 3282 3318 omni
3302 3276 3404 3343 suo
3434 3275 3525 3315 se-

1939 3372 2074 3418 natu
2099 3376 2200 3417 vos
2222 3362 2507 3431 exciperet
2528 3367 2585 3414 et
2611 3356 2766 3430 [quo]
2798 3372 2897 3411 vos
2924 3353 3234 3410 militaretis
3265 3361 3321 3406 et
3347 3352 3527 3406 bono-

1940 3455 2092 3511 ribus
2126 3449 2521 3507 alliceremini'!
2567 3447 2705 3503 Cum
2747 3454 2931 3500 autem
2983 3442 3060 3497 illi
3116 3442 3365 3496 dicerent
3449 3440 3523 3493 ita

1939 3560 2093 3610 esse,
2137 3543 2273 3598 dixit
2316 3555 2551 3613 magnus
2598 3538 2768 3592 Nicon
2802 3554 2814 3590 :
2849 3536 3067 3601 Quanto
3116 3533 3300 3600 itaque
3329 3530 3526 3601 magis,

1940 3638 2058 3703 ﬁlii,
2095 3651 2219 3691 cum
2250 3635 2456 3704 majore
2481 3631 2762 3703 diligentia
2782 3638 2838 3685 et
2858 3620 3282 3696 compunetione
3307 3624 3375 3678 ad
3405 3639 3527 3677 cor-

1942 3728 2210 3798 ruptionis
2254 3733 2556 3795 erpertem,
2620 3730 2677 3775 et
2731 3718 3128 3789 sempiternum
3173 3713 3526 3786 regnantium

1939 3835 2122 3890 regem
2145 3830 2433 3872 accurrere
2466 3822 2521 3868 et
2541 3811 2695 3881 sequi
2726 3825 2846 3875 nos,
2883 3808 2927 3864 si
2959 3808 3213 3861 volumus
3234 3820 3355 3859 esse
3391 3806 3531 3874 grati

1940 3913 2109 3978 servi,
2144 3911 2434 3971 debemus,
2465 3908 2518 3961 in
2551 3903 2873 3961 memoriam
2910 3908 3230 3956 revocantes
3271 3898 3526 3954 dilectio-

1941 4020 2090 4070 nem,
2117 4017 2279 4074 quam
2303 4000 2544 4055 ostendit
2576 3998 2723 4052 Deus
2778 4010 2905 4066 erga
2953 4008 3078 4060 nos,
3122 4000 3191 4047 ιιι·
3236 3991 3371 4045 Filio
3425 4004 3528 4043 suo

1942 4094 2225 4165 unigenito
2265 4109 2378 4148 non
2426 4088 2740 4163 pepercerit
2794 4093 2982 4142 nostra
3041 4098 3227 4147 causa,
3280 4081 3378 4136 sed
3427 4097 3529 4151 pm

1941 4183 2103 4240 nobis
2153 4182 2411 4237 omnibus
2452 4177 2738 4235 tradiderit
2786 4176 2938 4230 illum
2969 4174 3054 4227 “1’
3084 4173 3272 4240 Itaque
3307 4171 3523 4225 tametsi

1942 4272 2261 4344 sanguinem
2292 4271 2523 4341 quisque
2555 4277 2801 4323 nostrum
2824 4280 2924 4336 pro
2946 4263 3067 4334 ipso
3096 4261 3529 4322 effunderemus,

1942 4364 2035 4435 qui
2076 4364 2197 4432 ejus
2243 4360 2511 4431 sanguine
2554 4357 2622 4413 ab
2668 4356 2896 4412 interitu
2927 4363 2983 4409 et
3024 4361 3199 4409 morte
3227 4366 3419 4406 sumus
3448 4365 3534 4403 re-

1943 4455 2173 4525 dempti,
2209 4462 2265 4509 et
2307 4453 2362 4506 in
2410 4450 2773 4521 genuinorum
2811 4446 3048 4501 ﬁliorum
3082 4444 3331 4499 ordinem
3358 4440 3532 4495 ascri-

261 4542 323 4593 ού
352 4540 463 4612 γάρ
496 4543 681 4613 ὅμοιόν
714 4545 863 4597 ἐστιν
886 4544 1187 4616 ἐκχυθῆναι
1230 4540 1367 4617 αἷμα
1401 4544 1711 4615 βασιλικὸν,
1748 4545 1835 4600 καὶ

1950 4545 2047 4616 pti.
2080 4543 2217 4597 nihil
2258 4543 2395 4597 adeo
2428 4547 2513 4595 sat
2541 4539 2765 4610 dignum
2799 4536 2901 4607 ipsi
2937 4535 3359 4590 reddiderimus.
3392 4532 3531 4584 Nam

262 4627 404 4702 αἷμα
427 4633 692 4700 δουλικὸν,
721 4635 965 4705 ἀδελφοί.

1952 4633 2271 4705 sanguinem
2294 4632 2436 4702 regis
2458 4630 2690 4685 effusum
2718 4643 2861 4691 esse,
2880 4627 3099 4690 fratres,
3125 4634 3182 4681 et
3209 4624 3543 4696 sanguinem,

1954 4728 2116 4794 servi,
2152 4726 2381 4781 nimium
2414 4731 2676 4794 quantum
2705 4720 2905 4775 diﬂ'ert.

1730 4860 1960 4919 CAPUT
2003 4864 2063 4919 ll.

1447 4970 1561 5025 Vita
1604 4975 1925 5042 monastica,
1974 4977 2356 5045 apparitionea.

339 5088 425 5137 ια’.
454 5083 638 5138 Ταῦτα
663 5084 924 5155 δὲπάντα
967 5084 1062 5139 καὶ
1105 5085 1275 5140 πλείω
1315 5086 1520 5141 τούτων
1562 5090 1849 5145 ὑπετίθετο

262 5174 783 5247 αύτοῖςὸθεοφόρος
826 5177 1095 5247 προγνοὺς
1142 5178 1240 5231 καὶ
1293 5178 1732 5252 πληροφορηθεὶς
1782 5185 1847 5236 ὲκ

263 5266 358 5320 τοῦ
388 5267 523 5320 Θεοῦ
551 5268 643 5321 τὸν
668 5267 1029 5339 προκείμενον
1050 5267 1233 5331 αὐτοῖς
1252 5267 1440 5337 ἀγῶνα
1485 5270 1579 5322 καὶ
1622 5270 1843 5341 δρόμον,

263 5356 412 5427 λέγω
437 5359 504 5430 δὴ
528 5360 619 5413 τὸν
646 5361 912 5431 ὲρημικὸν
936 5360 1034 5413 καὶ
1061 5360 1246 5414 ἄοικον
1279 5360 1558 5425 παντελῶς
1586 5364 1681 5417 καὶ
1712 5365 1845 5417 ἀνα-

182 5528 185 5531 Ι
264 5451 574 5519 χωρητικὸν
610 5449 744 5520 βίον.
770 5451 845 5503 υύ
885 5449 945 5504 τὸ
980 5450 1143 5520 τυχὸν
1166 5450 1274 5521 γὰρ
1299 5450 1565 5522 ὑπάρχειν
1599 5453 1846 5523 ὑπελάμ-

265 5541 431 5594 ϐανεν
460 5541 637 5608 τοῦτο,
687 5543 797 5597 οὐδ’
831 5542 908 5606 ὡς
938 5543 1128 5614 ἔτυχεν
1176 5546 1289 5608 τοῖς
1315 5544 1525 5607 πολλοῖς
1551 5547 1847 5617 κατορθού-

270 5649 436 5702 μενον
490 5637 583 5689 καὶ
623 5637 928 5707 ἀμέμπτως
959 5637 1380 5707 ἐπι-τελούμενον
1426 5638 1663 5709 μάλιστα
1698 5641 1842 5713 ὁρῶν

346 5816 387 5847 ³³
425 5794 615 5872 Matth.
663 5834 780 5885 vm,
811 5821 900 5881 9.1,
933 5819 1003 5872 2‘2
1077 5819 1119 5850 “
1154 5819 1312 5875 Joan.
1349 5835 1426 5886 ιιι,
1462 5820 1551 5877 16.

2028 5096 2121 5149 Η.
2167 5094 2294 5149 Haec
2339 5091 2542 5155 omnia,
2593 5099 2758 5160 atque
2811 5087 2962 5142 hisce
3010 5084 3162 5155 plura
3211 5079 3537 5150 suggerebat

1954 5185 2085 5254 ipsis
2119 5183 2203 5239 vir
2234 5182 2426 5247 deil‘er,
2457 5181 2720 5252 praescius
2762 5178 2951 5234 divino
3001 5173 3210 5230 monitu
3251 5179 3307 5224 et
3334 5169 3537 5223 certior

1953 5276 2131 5330 factus
2153 5275 2358 5330 instare
2385 5274 2489 5329 illis
2529 5279 2815 5327 certamen
2857 5281 2914 5324 et
2955 5280 3202 5325 cursum,
3237 5260 3561 5318 solitariam.

1953 5367 2223 5430 videlicet,
2255 5366 2418 5421 domo
2447 5365 2665 5434 penitus
2693 5369 2991 5425 carentem,
3020 5367 3073 5411 et
3093 5352 3560 5410 anachoreticam:

1956 5458 2142 5512 vitam.
2170 5456 2288 5510 Non
2323 5455 2468 5509 enim
2506 5454 2794 5523 reputabat
2824 5451 2929 5505 hoc
2960 5449 3084 5503 vitae
3115 5459 3287 5518 genus
3319 5445 3400 5498 lev
3427 5454 3530 5504 ter.

1957 5564 2059 5621 nec
2102 5545 2379 5602 communi
2422 5545 2713 5599 multorum
2758 5558 2909 5596 more
2943 5536 3380 5610 amplectendnm
3411 5548 3535 5589 esse

1953 5651 2008 5696 et
2058 5637 2486 5710 perﬁciendum;
2534 5635 2769 5691 maxime
2812 5633 3029 5704 quando
3073 5630 3289 5686 videbat
3336 5626 3556 5684 tenella.
