3976 6422
2078 319 2161 330 ru»-
2172 306 2335 338 -υκ

475 434 615 501 1683

1506 448 1820 511 LEONTII
1863 448 2395 514 ΝΕΑΡΟΙΛἸἈΝΙΔ
2419 455 2758 518 EPISCOPI

3602 438 3723 514 1684

467 561 724 616 corpora,
752 555 807 603 et
835 551 1180 611 vestimentis
1220 552 1483 613 'mollibus
1526 559 1737 625 induta,
1770 570 1826 616 et
1858 560 2024 630 juveu

2162 560 2392 632 σώματα
2422 565 2626 629 ἀπαλά,
2668 566 2763 619 καὶ
2792 561 3032 634 ἱματίοις
3064 559 3335 634 μαλακοῖς
3368 557 3716 632 ἠμφιεσμένα.

469 645 645 693 tutem
679 639 733 693 in
774 639 987 698 deliciis
1013 647 1332 717 enutritam,
1374 659 1430 704 et
1471 652 1621 706 omni
1654 653 1976 707 relaxationi
2006 667 2030 707 e

2164 657 2260 708 καὶ
2285 657 2516 728 νεότητα
2565 656 2676 711 ἀπὸ
2731 654 3011 727 τρυφηλοῦ
3070 654 3188 725 βίου
3231 648 3715 723 ἀνατεθραμμένην,

467 725 777 797 deceptioui
797 730 1114 789 obnoxiam.
1147 734 1305 792 Unde
1344 739 1565 808 sapiens
1594 742 1841 797 medicus
1866 752 1922 797 et
1946 757 2061 797 ma—

465 818 637 888 gister
669 820 854 877 divina
881 825 1128 891 notione,
1155 843 1278 898 quae
1310 830 1361 884 ei
1386 830 1583 895 inerat,
1617 842 1675 887 et
1695 834 2055 903 experientia,

462 909 871 997 illos‘exemplis
896 916 1209 986 hujusmodi
1235 931 1289 974 et
1309 923 1534 979 monitis
1567 926 1828 990 munitos,
1857 926 2055 982 iterum

462 999 655 1056 ambos
677 1005 968 1072 compellat
998 1025 1012 1058 :
1050 1008 1133 1063 An
1173 1011 1367 1081 capitis
1390 1015 1557 1069 vestri
1605 1030 1816 1071 comam
1841 1018 2056 1074 tonderi

462 1090 647 1154 vultis,
679 1108 743 1149 ac
782 1095 836 1149 in
872 1097 1013 1154 laico
1049 1099 1162 1172 (14)
1196 1100 1411 1169 habitu,
1445 1120 1555 1175 quo
1579 1106 1756 1163 induti
1785 1109 1920 1165 estis
1952 1109 2055 1165 bo-

461 1181 574 1248 die,
602 1184 1002 1259 aliquantisper
1035 1196 1434 1261 perseverare?
1458 1196 1625 1263 Quasi
1659 1214 1772 1254 uno
1796 1202 2049 1262 consilio.

461 1290 559 1330 seu
584 1279 767 1348 potius
794 1297 910 1336 uno
939 1283 1148 1353 Spiritu
1180 1296 1372 1342 sancto
1393 1290 1523 1355 acti,
1545 1292 1708 1347 ambo
1731 1293 2054 1349 acciderunt

456 1366 526 1420 ad
552 1368 720 1436 pedes
757 1370 1085 1442 hegumeni,
1145 1387 1401 1447 rogantes
1455 1380 1657 1450 ipsum,
1713 1394 1773 1438 ut
1829 1400 1954 1440 mox
1997 1397 2053 1441 et

456 1456 579 1514 sine
617 1464 1113 1530 procrastinatione
1161 1484 1258 1523 eos
1313 1471 1580 1527 tonderet.
1634 1472 1702 1527 Et
1759 1475 1895 1532 dixit
1951 1477 2051 1549 Sy-

455 1565 651 1616 meon,
694 1554 799 1610 nisi
846 1554 953 1612 hoc
1004 1557 1208 1616 faceret
1259 1563 1430 1618 multa
1486 1580 1612 1620 cum
1669 1565 2046 1634 festinatione,

453 1642 639 1699 statim
671 1645 819 1716 ipsos
844 1647 1186 1706 discessuros
1218 1653 1285 1708 ad
1307 1654 1455 1711 aliud
1477 1659 1890 1715 monasterium.
1910 1661 2046 1717 Nam

451 1736 682 1807 simplex
735 1750 855 1797 erat
890 1751 947 1798 et
993 1743 1299 1812 innocuus;
1337 1746 1580 1805 Joannes
1613 1760 1798 1807 autem
1840 1755 2049 1825 majore

447 1830 741 1899 sapientia,
781 1841 836 1886 et
864 1849 1049 1891 rerum
1082 1837 1278 1895 notitia
1324 1841 1642 1915 praestabat.
1684 1843 1798 1899 Nec
1835 1861 1990 1903 mora
2028 1865 2043 1903 :

449 1928 674 1977 sanctus
710 1921 881 1978 Nicon
908 1940 1355 1997 unumquemque
1386 1944 1577 1985 eorum
1627 1946 1877 1989 seorsum
1914 1951 2041 2009 pre-

447 2011 665 2082 hendit,
692 2017 998 2086 periculum
1030 2020 1222 2076 volens
1253 2019 1456 2087 facere,
1504 2039 1668 2094 quam
1699 2024 1906 2082 fervida
1951 2044 2040 2084 re-

446 2120 595 2169 rum,
644 2120 677 2161 e
717 2110 945 2164 materia
987 2121 1394 2180 concretarum,
1442 2116 1758 2172 secessione
1802 2118 1913 2191 (i5)
1971 2121 2038 2176 ad

444 2197 620 2253 Deum
671 2202 1021 2259 accederent.
1057 2205 1126 2260 Et
1159 2206 1406 2276 quaedam
1454 2207 1559 2278 ipsi
1597 2208 1758 2274 dixit,
1804 2220 2039 2268 conatus

442 2291 653 2348 moram
709 2294 956 2364 injicere,
1004 2312 1075 2352 ne
1123 2297 1211 2354 illa
1240 2299 1329 2355 die
1375 2300 1714 2368 tonderetur,
1757 2304 1851 2358 sed
1887 2305 2037 2362 nullo

440 2401 626 2460 opera:
650 2387 852 2455 fructu,
883 2406 1062 2462 neque
1090 2393 1355 2461 alterutro
1392 2411 1586 2451 eorum
1625 2400 2034 2456 consentiente.

441 2477 547 2538 lvit
574 2480 757 2551 itaque
783 2483 852 2539 ad
876 2484 1135 2551 alterum,
1170 2495 1226 2542 et
1246 2487 1383 2544 dixit
1414 2506 1429 2549 ξ
1466 2487 1610 2552 Ecce
1648 2492 1897 2563 persuasi
1922 2492 2036 2549 fra-

380 2578 383 2581 '
439 2569 514 2626 tri
544 2579 637 2630 tuo
660 2581 721 2633 ut
746 2573 939 2639 laicus,
969 2578 1146 2647 qualis
1167 2586 1272 2646 est,
1299 2592 1521 2638 maneat
1560 2582 1628 2641 ad
1655 2599 1827 2641 unum
1861 2599 2035 2663 usque

439 2678 673 2721 annum.
728 2664 924 2724 Statim
981 2670 1167 2741 itaque
1216 2673 1294 2729 illi
1345 2676 1630 2744 respondit
1680 2679 1747 2740 is,
1795 2678 1881 2740 c'ui
1928 2679 2035 2735 hoc

437 2757 655 2819 dixerat
685 2775 699 2811 :
736 2759 793 2816 Si
823 2761 940 2817 vult
971 2762 1060 2818 ille
1098 2779 1342 2831 manere,
1371 2776 1628 2833 maneat;
1660 2784 1808 2831 vere,
1849 2769 2030 2837 Pater,

439 2848 546 2906 hoc
570 2866 672 2922 ego
698 2852 813 2908 non'
842 2854 1107 2909 sustineo.
1137 2857 1316 2926 Atque
1341 2858 1447 2914 hoc
1467 2859 1605 2915 dixit
1631 2860 1734 2930 ipsi
1765 2860 2031 2932 Symeon,

435 2943 659 3010 quando
710 2958 960 2999 seorsum
1015 2961 1142 3002 cum
1201 2962 1269 3003 eo
1311 2948 1533 3005 locutus
1582 2949 1737 3006 fuit:
1788 2951 2028 3021 Festina,

433 3030 621 3101 Pater,
649 3051 748 3105 per
779 3037 1071 3092 Dominum
1107 3039 1276 3112 [oro],
1321 3042 1525 3097 etenim
1573 3043 1802 3100 multum
1846 3045 2034 3101 tremit

434 3138 621 3183 meum
651 3140 746 3180 cor
771 3135 999 3198 propter
1039 3127 1308 3184 Joannem
1353 3129 1603 3194 fratrem,
1635 3147 1729 3194 ne,
1770 3133 2029 3211 quoniam

2164 745 2259 798 καὶ
2296 748 2354 799 ἐν
2384 746 2565 800 ἀνέσει
2593 747 2742 821 πάσῃ
2772 747 2868 800 καὶ
2903 746 3093 819 ἀπάτῃ
3122 742 3551 811 συνειθισμένην.
3575 742 3718 795 Ὅθεν

2163 839 2191 889 6
2216 837 2378 908 σοφὸς
2405 840 2587 911 ίατρὺς
2623 840 2717 893 καὶ
2737 839 3054 899 διδάσκαλος
3093 840 3159 907 τῇ
3203 836 3400 905 ὲνούσῃ
3438 833 3577 903 αὐτῷ
3613 834 3717 904 θείᾳ

2159 930 2361 995 γνώσει
2385 929 2480 981 καὶ
2502 928 2692 1001 πείρᾳ,
2721 928 2947 994 τούτους
2976 932 3092 992 τοῖς
3119 926 3384 987 τοιούτοις
3413 924 3718 992 ὑποδείγμαο

2163 1035 2248 1072 σιν
2268 1020 2363 1073 καὶ
2391 1019 2856 1092 παραγγέλμασιν
2883 1018 3139 1083 ὁπλίσας,
3166 1017 3317 1085 λέγει
3361 1016 3519 1069 πάλιν
3557 1017 3717 1083 ἀμιξοσ⁸

2157 1110 2340 1180 τέροις
2364 1127 2379 1142 ο
2414 1110 2680 1165 Βούλεσθε
2708 1111 2811 1184 τὴν
2833 1112 3016 1181 κόμην
3036 1111 3136 1181 τῆς
3160 1108 3407 1179 κεφαλῆς
3432 1106 3581 1177 ὑμῶν
3602 1108 3718 1159 ἁποο

2158 1202 2472 1271 κείρασθαι,
2516 1201 2548 1272 ἢ
2592 1202 2731 1267 τέως
2780 1202 2980 1274 μικρὸν
3032 1202 3226 1274 χρόνον
3283 1198 3607 1269 ἐνδιατρίψαι
3652 1198 3718 1266 τῷ

2155 1292 2494 1363 ἐπικειμένῳ
2521 1293 2647 1363 ὑμῖν
2676 1294 2921 1364 σήμερον
2948 1291 3044 1345 τοῦ
3071 1290 3266 1346 λαῖκοῦ
3298 1291 3570 1360 σχήματι;
3597 1290 3717 1341 Ὠσ·
3818 1348 3825 1355 ι

2156 1400 2262 1453 περ
2290 1383 2345 1437 δὲ
2364 1386 2429 1438 ἐκ
2469 1386 2601 1453 μιᾶς
2630 1385 2900 1455 σκέψεως,
2934 1384 3134 1454 μᾶλλον
3160 1383 3217 1436 δὲ
3242 1381 3303 1447 ἐξ
3342 1382 3459 1446 ἐνὸς
3489 1379 3720 1450 Πνεῦμα-

2152 1491 2245 1538 τος
2273 1476 2454 1542 ἁγίου,
2505 1475 2707 1529 ἔπεσαν
2755 1476 3061 1547 ἀμφότεροι
3107 1473 3214 1528 ὑπὸ
3268 1473 3396 1537 τοὺς
3430 1471 3592 1535 πόδας
3632 1470 3713 1524 τοῦ

2152 1567 2483 1636 ἡγουμένου,
2518 1567 2800 1630 αἰτοῦντες
2819 1567 3004 1631 αὑτὸν,
3042 1567 3247 1629 εὐθέως
3289 1566 3387 1619 καὶ
3437 1562 3717 1632 ἀνυπερθέ-

2120 1676 2259 1731 ,τως
2282 1659 2578 1728 κουρεῦσαι
2608 1660 2808 1724 αὐτούς
2830 1678 2845 1690 ·
2871 1661 2967 1715 καὶ
2999 1659 3186 1728 ἔλεγεν
3225 1660 3255 1712 6
3296 1654 3542 1727 Συμεὼν,
3570 1656 3646 1708 ὅτι
3674 1657 3718 1706 εἰ

2152 1749 2229 1821 μὴ
2261 1749 2421 1805 τοῦτο
2467 1752 2683 1822 ποιήσει
2730 1751 2820 1806 διὰ
2865 1750 3065 1805 πολλοῦ
3108 1749 3205 1805 τοῦ
3249 1750 3473 1818 τάχους,
3536 1747 3718 1807 εὐθέως

2146 1839 2488 1911 ἀπέρχεσθαι
2518 1841 2722 1906 αὖτοὺς
2755 1844 2836 1906 είς
2869 1833 3056 1915 ἕτερον
3089 1842 3489 1912 μοναστήριονο
3530 1838 3715 1898 ἄκακος

2147 1931 2257 2003 γάρ
2287 1932 2382 1986 καὶ
2415 1932 2693 2004 ἀπόνηρος
2735 1934 3017 2005 ὑπῆρχεν·
3045 1934 3075 1987 6
3112 1932 3170 1987 δὲ
3206 1931 3466 1999 Ἰωάννης
3496 1926 3717 1997 σοφώτε-

2149 2042 2263 2097 ρος,
2319 2026 2416 2079 καὶ
2463 2025 2669 2094 γνῶσιν
2708 2025 2931 2079 πλείονα
2983 2020 3605 2094 κεκτημένος.⁹Ελα6εν
3636 2015 3717 2071 οὖν

2147 2117 2352 2182 εὐθέως
2383 2118 2481 2173 ἕνα
2501 2119 2731 2175 ἕκαστον
2756 2120 2937 2174 αὐτῶν
2962 2119 3087 2173 κατ’
3113 2118 3251 2172 ἰδίαν
3281 2118 3311 2170 6
3348 2117 3497 2177 ὅσιος
3530 2114 3716 2177 Νίκων,

2143 2209 2463 2281 δοκιμάσειν
2482 2211 2807 2282 βουλόμενος
2829 2209 3157 2281 ἀμφοτέρων
3174 2209 3272 2279 τὴν
3300 2206 3517 2277 θερμὴν
3534 2206 3719 2258 ἀποτα-

2142 2302 2268 2373 γὴν,
2300 2302 2402 2375 τὴν
2430 2302 2568 2374 πρὸς
2595 2303 2690 2357 τὸν
2725 2302 2881 2364 Θεὸν,
2907 2302 3006 2356 καὶ
3033 2299 3223 2369 ἔλεγεν
3251 2299 3404 2371 αὐτῷ
3432 2314 3574 2361 τινα,
3599 2297 3719 2348 ἀνα-

2142 2393 2366 2447 κόπτειν
2387 2395 2550 2448 αὐτὸν
2577 2393 2947 2466 πειρώμενος,
2989 2392 3088 2446 τοῦ
3129 2393 3205 2463 μὴ
3239 2391 3484 2461 καρῆναι
3513 2390 3568 2440 ἐν
3595 2388 3714 2456 αὐτῇ

2139 2489 2206 2557 τῇ
2243 2487 2453 2558 ἡμέρᾳ,
2503 2486 2613 2541 οὐδ’
2633 2485 2773 2550 ὅλως
2801 2486 2859 2539 δὲ
2888 2485 2950 2539 τὸ
2980 2485 3201 2540 σύνολον
3219 2502 3233 2515 ·
3265 2483 3390 2537 οὐδὲ
3428 2483 3613 2553 ἐτέρου
3635 2483 3719 2535 αὑ-

2137 2575 2248 2628 τῶν
2279 2576 2633 2646 συνθεμένου.
2665 2576 2908 2649 Ἥρχετο
2928 2575 3068 2646 πρὸς
3093 2574 3184 2627 τὸν
3214 2574 3443 2646 ἕτερον,
3477 2574 3569 2626 καὶ
3616 2572 3718 2624 ἐλε-

2138 2685 2236 2739 γεν
2261 2667 2414 2740 αὐτῷ
2435 2684 2449 2701 ³
2474 2666 2625 2721 ’Ἰδοὺ
2652 2667 2746 2721 τὸν
2769 2666 2998 2737 ἀδελφόν
3033 2684 3129 2720 σου
3155 2664 3352 2719 ἔπεισα
3389 2667 3572 2734 μεῖναι
3595 2665 3719 2725 τέως

2136 2758 2231 2815 ἕνα
2268 2757 2539 2820 ἐνιαυτὸν,
2578 2758 2656 2821 ὡς
2687 2756 2838 2811 ἔστιν
2865 2758 3075 2821 λαῖκός.
3101 2756 3321 2820 Εὐθέως
3356 2755 3458 2809 οὖν
3498 2752 3716 2833 ἀπεκρί-

2135 2866 2266 2903 νατο
2297 2848 2468 2922 αὐτῷ,
2495 2850 2630 2921 πρὸς
2656 2849 2714 2903 ὃν
2748 2849 2908 2904 τοῦτο
2935 2850 3121 2917 ἔλεγεν
3146 2865 3159 2878 ⁸
3203 2850 3332 2902 Ἐὰν
3355 2849 3508 2901 θέλει
3531 2848 3718 2910 ἐκεῖνος

2137 2926 2340 3011 ᾖεῖναι,
2386 2941 2568 3013 μείνῃ,
2629 2940 2824 3007 ὅντως,
2878 2943 3087 3012 Πάτερ,
3126 2941 3238 3010 ἐγὼ
3290 2940 3396 2994 οὐκ
3440 2939 3714 3009 ἀνέχομαι.

2134 3033 2433 3095 καὶτοῦτο
2454 3032 2510 3087 δὲ
2541 3029 2698 3088 εἶπεν
2721 3032 2872 3105 αὐτῷ
2908 3035 2937 3087 6
2971 3030 3225 3103 Συμεὼν,
3283 3032 3378 3085 ὅτε
3435 3030 3559 3084 κατ’
3593 3027 3719 3082 ίδίαν

2133 3123 2396 3193 ἐλάλησεν
2427 3122 2580 3197 αὐτῷ
2603 3140 2618 3155 ο
2675 3125 2941 3189 Σπεῦσον,
2986 3124 3196 3193 Πάτερ,
3240 3123 3331 3176 διὰ
3360 3121 3461 3176 τὸν
3500 3119 3715 3190 Κύριον·

434 3214 506 3270 ab
539 3229 688 3271 anno
726 3232 954 3280 uxorem
1000 3218 1157 3273 duxit
1194 3220 1536 3290 praedivitem
1593 3231 1650 3281 et
1707 3210 2027 3285 formosam.

2137 3213 2230 3267 mi.
2249 3214 2361 3285 γὰρ
2398 3212 2535 3267 πολύ
2576 3231 2678 3285 μου
2709 3214 2907 3286 τρέμει
2947 3217 2980 3285 ἡ
3018 3215 3219 3285 καρδία
3258 3213 3350 3267 ὂιά
3377 3212 3473 3266 τὸν
3504 3210 3718 3281 ἀδελφὺν

431 3315 638 3363 rursus‘
656 3308 900 3378 rapiatur
928 3310 1098 3381 ipsius
1122 3312 1419 3380 desiderio,
1447 3323 1500 3368 et
1529 3315 1598 3375 ab
1632 3330 1818 3373 amare
1844 3315 2035 3377 divino

433 3398 678 3461 deficiat.

507 3581 593 3638 12.
635 3580 878 3639 Joannes
911 3584 1110 3641 iterum
1135 3588 1368 3643 seorsim
1412 3590 1583 3646 multa
1616 3605 1741 3647 cum
1768 3606 1932 3663 prece
1971 3600 2029 3650 et

430 3674 687 3746 lacrymis
713 3675 927 3747 (utpote
945 3679 1040 3747 qui
1090 3693 1156 3734 ea
1200 3681 1374 3737 multo
1411 3682 1659 3738 vivacius
1691 3698 1803 3754 prae
1849 3684 2026 3740 oculis

429 3768 688 3834 habebat,
725 3784 887 3839 quam
911 3768 1083 3825 frater
1113 3769 1378 3842 Symeon)
1410 3773 1592 3829 eidem
1622 3775 1741 3830 viro
1765 3782 2026 3844 spectata:

426 3857 647 3915 virtutis
679 3858 812 3918 illud
835 3859 972 3916 dixit
1004 3877 1018 3914 :
1059 3859 1139 3916 Ne
1160 3863 1438 3932 permitte,
1487 3862 1670 3929 Pater,
1704 3874 1765 3920 ut
1795 3864 2021 3920 fratrem

424 3966 610 4005 meum
657 3952 906 4008 amittam
954 3963 1180 4023 propter
1225 3964 1298 4009 te.
1348 3953 1564 4011 Etenim
1615 3957 1731 4013 sola
1780 3956 1884 4026 ipsi
1937 3970 2024 4014 est

423 4053 623 4108 mater,
657 4044 752 4099 sed
795 4052 904 4099 tam
938 4045 1187 4115 impense
1213 4048 1471 4103 amabant
1519 4036 1662 4104 inter
1703 4064 1784 4114 se,
1816 4059 1877 4105 ut
1908 4066 2021 4105 non

419 4144 614 4203 posset
641 4135 779 4191 duas
818 4137 983 4193 horas
1013 4139 1133 4193 sine
1162 4139 1282 4208 ipsa
1332 4141 1636 4211 transigere
1663 4156 1678 4206 ;
1722 4141 1819 4196 sed
1847 4156 2021 4210 usque

424 4225 591 4280 hodie
619 4226 927 4281 dormirent
968 4227 1152 4291 simul,
1186 4239 1241 4284 et
1282 4239 1455 4285 mater
1484 4232 1623 4301 ejus,
1656 4238 1713 4286 et
1755 4232 1905 4301 ipse;
1930 4247 2023 4286 ne-

422 4331 532 4385 que
565 4325 732 4371 noctu
770 4319 1012 4387 separari
1046 4330 1294 4388 possent.
1346 4319 1405 4375 ld
1452 4321 1597 4391 quod
1646 4322 1881 4378 maxime
1932 4339 2019 4377 me

421 4408 539 4462 urit
561 4417 619 4463 et
646 4409 850 4474 exedit,
904 4410 1082 4464 donec
1111 4412 1288 4481 ipsum
1323 4420 1540 4467 tonsum
1562 4413 1776 4480 videro,
1808 4424 1868 4470 et
1896 4423 2019 4469 tan-

421 4500 547 4554 dem
573 4500 643 4555 de
668 4515 736 4554 eo
760 4516 869 4555 non
901 4501 1138 4571 amplius
1164 4502 1427 4559 laborem.
1462 4504 1652 4561 Audiit
1677 4506 1761 4561 vir
1786 4522 2018 4579 magnus

2147 3306 2424 3378 Ἰωάννην,
2455 3307 2539 3361 ὅτι
2579 3306 2674 3362 ἀπ’
2712 3308 2869 3374 ἔτους
2897 3308 3129 3379 ἐζεύχθη
3167 3307 3396 3377 γυναικὶ
3453 3307 3595 3361 πάνυ
3635 3304 3717 3356 εύ-

2133 3400 2287 3477 πὸρῳ
2323 3400 2418 3454 καὶ
2450 3400 2651 3473 ὡραία,
2690 3401 2765 3474 μὴ
2800 3401 2964 3457 πάλιν
2993 3403 3022 3457 6
3052 3402 3190 3475 πρὸς
3222 3402 3399 3470 αὐτὴν
3430 3399 3602 3463 πόθος
3631 3398 3718 3468 ἀρα

2130 3494 2298 3549 πάσει
2317 3495 2503 3562 αὑτὸν,
2537 3496 2635 3549 καὶ
2666 3495 2912 3566 ἐκλείψει
2945 3495 3012 3548 ἐκ
3030 3493 3125 3549 τοῦ
3156 3494 3295 3566 πρὸς
3322 3492 3466 3545 Θεὸν
3502 3491 3683 3545 πόθου.

2206 3586 2292 3655 ιβ’.
2323 3587 2495 3642 Πάλιν
2537 3587 2594 3641 δὲ
2650 3588 2680 3639 6
2732 3585 2991 3659 Ἰωάννης
3040 3585 3200 3639 τοῦτο
3232 3584 3378 3671 κατά
3424 3584 3602 3655 μόνας
3643 3579 3718 3655 τῷ

2126 3679 2278 3748 αύτῴ
2302 3680 2543 3751 ὲναρέτῳ
2572 3679 2728 3751 ἀνδρὶ
2749 3675 2906 3733 εἶπεν
2958 3678 3103 3749 μετά
3135 3677 3347 3748 πολλῆς
3376 3678 3599 3739 ἱκεσίας
3630 3674 3717 3727 καὶ

2125 3772 2376 3843 δακρύων
2400 3789 2414 3803 ·
2438 3772 2532 3825 καὶ
2573 3769 2684 3843 γάρ
2716 3765 2987 3837 ἐκέκτητο
3021 3769 3163 3824 αὑτά
3206 3768 3315 3840 πρὸ
3356 3767 3473 3853 τῶν
3519 3763 3717 3835 ὀφθαλ-

2130 3862 2248 3935 μῶν
2293 3861 2458 3917 αὐτοῦ
2516 3861 2761 3932 φυσικῶς
2795 3861 2968 3916 πλείω
3021 3856 3118 3921 τοῦ
3163 3857 3403 3929 ἀδελφοῦ
3458 3855 3714 3927 Συμεών·

2127 3955 2312 4026 Πάτερ
2352 3954 2430 4026 μὴ
2476 3953 2732 4010 ἀπολέσω
2771 3944 2864 4008 τὸν
2896 3952 3124 4023 ἀδελφόν
3193 3967 3297 4022 μου
3348 3950 3439 4004 διὰ
3484 3950 3581 4002 σοῦ
3629 3948 3716 4000 καὶ

2122 4046 2234 4119 γὰρ
2265 4047 2483 4118 μητέρα
2511 4046 2754 4117 κέκτητο
2785 4045 2969 4115 μόνον,
3003 4033 3098 4099 καὶ
3129 4042 3382 4105 τοιοῦτος
3423 4037 3501 4113 ἦν
3531 4044 3560 4095 6
3591 4042 3716 4092 ἑκα-

2121 4140 2281 4210 τέρου
2310 4137 2496 4203 πόθος,
2535 4136 2677 4191 ὥστε
2720 4137 2797 4208 μὴ
2848 4136 3114 4194 δύνασθαι
3136 4135 3300 4189 αὑτὸν
3348 4134 3583 4203 ποιῆσαι
3629 4130 3715 4184 δύο

2100 4229 2270 4299 ,ὧρας
2319 4227 2521 4294 ἔξωθεν
2569 4228 2763 4298 αὐτῆς,
2800 4227 2916 4282 ἀλλ’
2963 4227 3070 4292 ἕως
3110 4227 3356 4298 σήμερον
3412 4223 3716 4294 ἐκοιμῶντο

2121 4322 2451 4394 ἀμφότεροι,
2479 4319 2514 4390 ἦ
2534 4337 2595 4373 τε
2628 4322 2813 4392 μήτηρ
2829 4319 2994 4374 αὑτοῦ
3022 4318 3118 4373 καὶ
3138 4316 3326 4384 αὐτὸς,
3354 4318 3496 4388 μήτε
3527 4314 3716 4376 νυκτὸς

2119 4414 2453 4486 χωρίζεσθαι
2486 4414 2780 4483 δυνάμενοι
2802 4428 2815 4441 ⁸
2841 4414 2983 4482 ὅπερ
3017 4411 3261 4482 μάλιστα
3293 4409 3441 4467 καίει
3462 4409 3565 4464 καὶ
3582 4407 3716 4479 τρώ-

2119 4523 2208 4575 γει
2245 4523 2312 4577 με
2338 4507 2499 4579 ἄχρις
2528 4506 2596 4560 ἂν
2625 4504 2991 4575 κουρευθέντα
3020 4503 3184 4557 αὑτὸν
3214 4502 3337 4567 ἴδω,
3362 4503 3463 4554 καὶ
3494 4500 3713 4560 τελείως

421 4592 650 4649 alterius
686 4592 754 4646 de
787 4592 962 4652 altero
999 4608 1212 4658 curam,
1249 4604 1302 4649 et
1342 4592 1526 4651 certus
1555 4596 1700 4668 quod
1736 4612 1849 4654 non
1881 4614 2017 4655 con-

2137 4599 2562 4669 ὶπομεριμνήσω
2590 4598 2722 4668 περὶ
2745 4594 2934 4652 αὑτοῦ.
2962 4595 3075 4663 Τῆς
3104 4595 3238 4664 παρ’
3267 4593 3607 4664 ἀμφοτέρων
3627 4586 3715 4645 οὖν

314 4750 321 4755 θ
419 4683 615 4741 fundat
645 4683 807 4751 Deus,
832 4700 1014 4755 neque
1043 4686 1310 4756 despiciat
1338 4703 1452 4751 eos,
1477 4688 1570 4761 qui
1598 4704 1662 4743 ex
1698 4698 1814 4745 toto
1849 4691 2018 4749 corde
2049 4757 2052 4760 ,

417 4781 476 4830 et
499 4775 605 4831 tide
632 4791 738 4831 nou
770 4777 1057 4833 haesitante
1087 4779 1157 4833 ad
1180 4778 1358 4848 ipsum
1392 4780 1742 4851 confugiunt,
1775 4781 2016 4838 adducto

421 4867 631 4935 forfice,
664 4877 720 4922 et
748 4883 837 4932 eo,
876 4885 988 4940 quo
1027 4885 1124 4941 par
1158 4879 1262 4935 est,
1292 4872 1508 4937 ordine,
1547 4872 1706 4928 altari
1737 4874 2013 4944 superim-

418 4960 620 5031 posito,
662 4959 785 5015 illos
808 4962 1044 5016 totondit
1067 4961 1202 5033 (16),
1235 4973 1303 5029 et,
1317 4964 1498 5018 exutis
1519 4978 1711 5018 eorum
1745 4964 2012 5028 vestibus,

414 5049 599 5107 induit
622 5065 723 5108 eos
774 5053 895 5107 aliis
938 5052 1004 5107 ad
1043 5054 1581 5109 commiseratiouem
1625 5056 1869 5125 quidem,
1918 5059 2014 5112 sed

417 5142 581 5200 simul
626 5146 695 5200 ad
740 5145 1165 5206 sanctimoniam
1208 5147 1658 5209 accommodatis.
1700 5148 2012 5220 Compatic-

2124 4687 2266 4758 ὑπὲρ
2295 4687 2397 4758 τῆς
2426 4688 2506 4750 είς
2533 4686 2803 4757 ἀλλήλους
2831 4683 3115 4755 φροντίδος
3143 4683 3380 4753 ἤκουσεν
3423 4683 3453 4733 6
3507 4680 3712 4751 μέγας,

2125 4782 2218 4836 καὶ
2247 4778 2735 4853 πληροφορηθεὶς,
2762 4779 2837 4843 ὡς
2870 4779 2933 4831 ού
2965 4773 3323 4846 καταισχύνει
3353 4775 3382 4826 ό
3404 4773 3569 4838 Θεὸς,
3598 4772 3715 4825 0ύᾶ

2124 4872 2471 4944 -παραϐλέπει
2528 4873 2657 4934 τοὺς
2704 4870 2985 4940 ὁλοῴύχως
3044 4869 3140 4922 καὶ
3178 4867 3531 4929 ἀδιστάκτως
3569 4863 3717 4931 αὐτῷ

2122 4962 2604 5035 προσδραμόντας,
2628 4961 2855 5031 ἀγαγὼν
2882 4960 2947 5014 τὸ
2973 4960 3219 5029 ψαλίδιον
3242 4999 3257 5023 ,
3301 4958 3401 5011 καὶ
3439 4959 3588 5029 μετά
3621 4960 3718 5027 τῆς

2123 5052 2516 5126 προσηκούσης
2540 5053 2770 5119 τάξεως,
2800 5050 3062 5116 τεθεικὼς
3091 5054 3185 5106 ἐπὶ
3208 5050 3305 5103 τοῦ
3330 5050 3491 5119 ἀγίου
3530 5048 3719 5103 θυσια-

2122 5146 2371 5216 στηρίου,
2406 5145 2736 5217 ἐκούρευσεν
2773 5144 2996 5208 αὐτοὺς,
3037 5144 3130 5197 καὶ
3158 5141 3392 5201 ἐκδύσας
3426 5142 3501 5194 τά
3525 5142 3720 5210 ίμάτκι

1946 5261 2179 5321 NOTAE.

495 5351 606 5421 (ιι)
636 5350 833 5424 Laicus
862 5360 970 5419 est,
1021 5355 1113 5424 qui
1152 5354 1281 5411 vitae
1328 5355 1675 5410 institutione
1729 5371 1756 5408 a
1806 5356 2013 5424 popqu

420 5437 530 5496 non
555 5429 640 5476 est
680 5423 976 5496 discretus,
1002 5423 1156 5496 quasi
1186 5426 1460 5493 popularis
1502 5440 1601 5480 seu
1640 5423 1937 5490 saecularis,
1979 5441 2011 5481 a

418 5490 567 5555 λαὸς,
605 5493 859 5561 populus.
1018 5490 1038 5496 ⁷
1188 5490 1197 5493 ⁷
1256 5490 1266 5493 ’
1854 5567 1865 5578 _

422 5630 452 5636 _
493 5560 605 5636 (t5)
643 5561 885 5636 Observa
930 5579 1075 5636 circa
1130 5580 1320 5621 vocem
1372 5566 1644 5636 ἀπο-σαγή.
1682 5581 1747 5620 ex
1803 5566 2008 5621 ISIdOI'O

418 5630 692 5704 Pelusiota
741 5633 848 5704 lib.
897 5651 935 5692 ι.
984 5635 1147 5704 epist.
1201 5638 1226 5691 1
1283 5637 1350 5692 ad
1398 5630 1577 5691 Niluni
1611 5630 1950 5691 monachum
1991 5653 2006 5692 :

426 5719 446 5749 ι
490 5697 678 5776 Sancti
704 5702 826 5776 viri,
855 5697 1172 5776 monasticae
1212 5706 1570 5776 philosophia:
1621 5706 1897 5776 principes
1952 5716 2011 5761 et

308 5794 325 5803 ο
420 5767 788 5845 antesignani.
831 5786 897 5824 ex
945 5767 1303 5845 terutnnis'et
1342 5767 1761 5837 certaminibus,
1800 5767 2012 5845 'quibus

425 5833 702 5916 Perfuﬁqti
752 5848 906 5916 sunt,
950 5843 1214 5897 vocabula
1266 5859 1485 5916 quoque
1540 5847 1702 5898 rebus
1732 5833 2008 5916 congrua,

427 5904 689 5962 monendi
739 5908 912 5961 nostri
959 5917 1120 5979 atque
1172 5904 1459 5970 erudiendi
1512 5928 1676 5970 causa
1730 5904 2008 5986 imposne;

2117 5366 2249 5411 runt
2282 5377 2294 5411 :
2325 5373 2449 5414 eum
2479 5358 2766 5428 ἀποταγὴν
2794 5356 3162 5428 secessionem
3196 5368 3227 5409 a
3258 5353 3447 5428 rebus,
3486 5368 3562 5407 ex
3605 5368 3723 5428 ma:-

2119 5429 2255 5484 teria
2314 5430 2591 5485 concretis
2621 5467 2641 5492 ,
2674 5422 2753 5483 et
2800 5427 3084 5498 ὑποταγὴν
3159 5424 3597 5495 propensionem
3652 5422 3719 5477 ad

2115 5499 2481 5554 obediendum
2512 5498 2925 5554 nuncuparunt."
2964 5516 2983 5547 ι

2187 5569 2299 5637 (16)
2337 5568 2505 5640 Breve
2554 5578 2640 5640 est
2679 5563 3099 5640 illud\auctoris
3152 5565 3228 5640 _De
3264 5563 3406 5618 Eccl.
3440 5564 3720 5640 (rierarcfr.

2116 5634 2237 5709 cap.
2265 5640 2337 5694 ὃς
2383 5658 2401 5691 ι
2434 5638 2710 5716 sacerdos
2745 5634 3081 5716 monachum
3120 5634 3506 5716 sigq9_crucis
3527 5634 3715 5716 cpi-tsi-

2115 5704 2312 5789 gnaus,
2348 5710 2543 5789 tondet
2576 5708 2633 5789 in
2657 5707 3109 5789 nominel’atris,
3133 5704 3195 5760 et
3221 5705 3362 5786 Filii,
3386 5704 3720 5789 etSpiritus

2116 5778 2313 5905 ﬂaucti,
2361 5778 2732 5851 detractisque
2783 5778 3161 5843 vestimentis,
3215 5778 3368 5848 nigra
3428 5784 3590 5829 veste
3636 5778 3722 5828 in~

2157 5860 2258 5905 tut.
2302 5869 2320 5900 ι
