3976 6400
242 431 372 494 1685

1495 432 1668 492 VlTA
1713 433 1771 490 S.
1810 432 2206 496 SYMEONIS.

3357 431 3494 498 1686

239 541 438 604 αὑτῶν,
472 540 717 594 ἐνέδυσεν
760 540 978 606 αὐτοὺς,
1030 537 1228 608 οἰκτρὰ
1271 539 1390 608 μὲν,
1443 539 1589 609 ὅμως
1649 540 1802 606 ἅγια,

1930 549 2068 594 κλιυιε
2115 541 2249 610 ipsis
2281 539 2362 594 vir
2413 541 2634 611 sapiens
2675 552 2733 596 et
2772 538 3252 596 commiseratione
3299 544 3496 612 plenus

240 629 400 685 ἐλεῶν
428 629 627 691 αὐτοὺς
655 627 683 680 ό
722 629 883 698 σοφὸς
927 628 1020 681 καὶ
1059 627 1536 696 συμπαθέστατος,
1577 629 1665 681 διὰ
1717 629 1814 698 τὴν

240 722 332 775 τοῦ
373 721 623 790 σώματος
653 721 832 772 αὐτῶν
886 721 1238 789 ἁπαλότητα,
1297 722 1393 772 καὶ
1444 721 1814 773 ἁσυνείθιστον

242 811 640 866 κακοπάθειαν.
669 811 1100 880 Κουρευομένων
1122 811 1179 862 δὲ
1209 811 1409 874 αὐτῶν,
1445 813 1474 864 ὁ
1507 811 1606 880 μὲν
1637 813 1817 864 Ἰωαν-

240 921 336 974 νης
365 902 578 955 ἔκλαιεν
620 901 764 953 πάνυ
784 917 796 930 '
830 904 857 954 ό
879 902 933 954 δὲ
961 902 1186 970 Συμεὼν
1211 902 1429 954 ἔνευσεν
1459 903 1649 954 τοῦτον
1678 903 1817 954 παύ-

243 992 458 1054 σασθαι,
498 992 571 1060 μὴ
601 991 735 1045 νοῶν
767 991 905 1054 ὅλως
940 993 1001 1044 τὸ
1028 992 1118 1045 διὰ
1146 993 1198 1046 τί
1247 993 1462 1046 κλαίει·
1501 993 1674 1046 ἐδόκει
1709 995 1817 1063 γαρ

239 1083 322 1134 ὅτι
351 1083 457 1134 ἀπὸ
477 1083 658 1155 λύπης
688 1086 795 1136 τῶν
828 1085 1032 1152 γονέων
1075 1087 1262 1150 αὑτοῦ,
1318 1087 1410 1139 καὶ
1459 1087 1560 1155 τῆς
1597 1087 1818 1156 ἀγάπης

239 1171 341 1240 τῆς
369 1176 626 1238 γυναικὸς
663 1176 829 1228 αὑτοῦ
861 1176 1061 1230 κλαίει.
1098 1179 1251 1231 Μετὰ
1288 1174 1381 1231 οῦν
1426 1179 1488 1230 τὸ
1517 1179 1818 1249 κουρευθῆ-

241 1280 329 1314 ναι
355 1264 572 1332 αὐτοὺς,
612 1266 708 1318 καὶ
733 1267 829 1336 τὴν
857 1268 1019 1334 ἁγίαν
1060 1268 1280 1333 σύναξιν
1316 1269 1648 1326 ἐπιτελέσαι.
1687 1271 1817 1323 ἐκα-

243 1351 429 1415 θέζετο
485 1354 646 1408 πάλιν
695 1358 723 1409 ὁ
757 1357 1080 1426 ἡγούμενος,
1114 1359 1204 1412 διὰ
1255 1359 1438 1427 πάσης
1490 1359 1676 1427 σχεδὸν
1721 1361 1820 1426 τῆς

241 1443 457 1514 ἡμέρας
478 1446 748 1500 νουθετῶν
777 1449 997 1506 αὐτούς.
1035 1449 1191 1520 Ἱλδει
1217 1451 1326 1517 γὰρ
1353 1452 1434 1502 ὅτι
1462 1451 1524 1502 ού
1557 1451 1822 1520 πολυχρο-

243 1534 425 1586 νοῦσιν
459 1535 593 1604 πρὸς
621 1537 803 1603 αὐτὸν,
826 1537 923 1591 τοῦ
953 1539 1089 1592 Θεοῦ
1123 1541 1218 1592 καὶ
1250 1540 1407 1594 τοῦτο
1430 1543 1823 1612 οἰκονομήσαν-

240 1643 352 1689 τος.
390 1627 468 1697 Τῇ
495 1623 587 1681 οὖν
612 1629 876 1700 ἐπαύριον
910 1631 1187 1695 ἐϐούλετο,
1215 1632 1384 1702 οὔσης
1417 1634 1580 1700 ἁγίας
1607 1636 1818 1704 Κυρια-

203 1745 214 1754 -
242 1720 367 1786 κῆς,
393 1718 574 1772 δοῦναι
604 1721 790 1784 αὐτοῖς
812 1722 908 1775 καὶ
939 1722 998 1774 τὸ
1029 1723 1184 1790 ἅγιον
1211 1724 1418 1792 σχῆμα.
1455 1723 1541 1786 Ὠς
1565 1720 1658 1776 οὖν
1674 1742 1822 1786 τινες

239 1808 350 1861 τῶν
375 1809 621 1879 ἀδελφῶν
655 1811 844 1880 ἔλεγον
879 1813 1064 1876 αὐτοῖς
1085 1831 1098 1844 ·
1127 1815 1408 1884 Μακάριοί
1437 1815 1583 1876 ἐστε,
1617 1817 1698 1868 ὅτι
1727 1815 1822 1867 αῦ-

244 1913 360 1967 ριον
401 1873 790 1966 ἀναγεννᾶσθέ,
831 1904 924 1954 καὶ
959 1873 1176 1970 γίνεσθε
1200 1873 1432 1973 καθαροὶ
1457 1903 1529 1964 ὼς
1560 1873 1818 1973 ἐγεννήθο
1854 1873 1895 1929 Β
1923 1873 2180 1968 baptizati
2227 1915 2239 1950 :

239 2005 338 2052 ητε
381 1988 490 2042 ἀπὸ
524 1991 708 2060 πάσης
741 1993 1054 2060 ἁμαρτίας,
1095 1993 1172 2056 ὡς
1197 1993 1284 2046 ἵνα
1339 1994 1476 2062 αὖτῇ
1528 1998 1594 2062 τῇ
1638 1995 1822 2066 ἡμέρᾳ

240 2079 631 2150 ἐϐαπτίσθητε,
663 2082 1082 2153 ἐθαμϐήθησαν,
1114 2084 1208 2136 καὶ
1248 2083 1484 2153 ἔδραμον
1516 2084 1822 2154 ἀμφότεροι
1848 2077 1859 2086 ’

240 2172 375 2240 πρὸς
407 2171 499 2224 τὸν
530 2173 671 2226 θεῖον
707 2175 965 2239 Νίκωνα,
1005 2175 1102 2244 ὀψὲ
1132 2176 1210 2246 τῷ
1243 2175 1530 2245 Σαϐϐάτῳ,
1573 2176 1670 2228 καὶ
1708 2176 1820 2236 τοῖς

240 2264 401 2316 ποσὶν
443 2265 608 2318 αὐτοῦ
651 2267 1026 2334 προσέπιπτον
1081 2266 1334 2333 λέγοντες
1363 2282 1376 2295 ο
1415 2264 1665 2334 Δεόμεθά
1703 2281 1818 2327 σου,

240 2353 447 2424 Πάτερ,
479 2354 555 2425 μὴ
610 2355 880 2428 βαπτίσῃς
931 2357 1097 2426 ἡμᾶς’
1137 2357 1458 2426 Χριστιανοὶ
1494 2355 1605 2426 γάρ
1655 2357 1822 2425 ἐσμεν

240 2446 335 2496 καὶ
392 2444 738 2511 Χριστιανῶν
798 2447 1024 2514 γονέων.
1073 2447 1133 2499 '0
1172 2447 1231 2500 δὲ
1285 2447 1357 2517 μὴ
1408 2447 1572 2514 γνοὺς
1601 2447 1653 2498 τί
1683 2443 1823 2514 ἦσαν

240 2536 540 2605 ἀκηκοότες
571 2538 677 2590 ὑπὸ
713 2539 824 2590 τῶν
867 2539 961 2590 τοῦ
995 2540 1267 2592 κοινοϐίου
1309 2540 1588 2609 Πατέρων,
1637 2539 1822 2606 ἔλεγεν

239 2626 376 2694 πρὸς
407 2628 636 2689 αὐτούς’
663 2628 756 2691 Τίς
783 2629 914 2697 γὰρ,
933 2629 1119 2685 τέκνα.
1153 2629 1294 2682 θέλει
1335 2629 1598 2698 βαπτίσαι
1635 2631 1820 2699 ὑμᾶςς

238 2719 300 2768 Ol
335 2716 392 2768 δὲ
420 2713 594 2770 εἷπονο
625 2719 688 2771 Οί
717 2718 897 2788 κύριοι
929 2721 977 2772 oi
1007 2719 1268 2774 δεσπόται
1301 2716 1483 2789 ἡμῶν,
1511 2721 1570 2772 oi
1589 2719 1685 2772 τοῦ
1725 2737 1824 2789 μο-

240 2808 535 2878 ναστηρίου
568 2810 832 2880 Πατέρες,
851 2810 1101 2878 λέγουσιν
1128 2813 1278 2880 ἡμῖν,
1306 2812 1388 2864 ὃτι
1409 2809 1608 2881 Αῦριον
1633 2811 1827 2876 ἐξανα-

237 2896 596 2961 ϐαπτίςεσθε.
631 2899 765 2951 Τότε
798 2900 1030 2969 συνῆκεν
1062 2903 1090 2953 ό
1113 2901 1435 2972 ἡγούμενος,
1464 2903 1544 2955 ὅτι
1575 2903 1704 2972 περὶ
1731 2902 1824 2955 τοῦ

240 2987 396 3054 ἁγίου
439 2991 723 3058 σχήματος
775 2986 1167 3054 εἶποναύτοῖς,
1205 2993 1301 3044 καὶ
1352 2992 1504 3060 λέγει
1543 2994 1679 3062 πρὸς
1726 2994 1826 3045 αύ-

239 3079 364 3136 τούς
390 3095 407 3109 °
464 3079 659 3142 Καλῶς
688 3076 864 3144 εἷπον,
895 3076 939 3134 ὧ
980 3082 1168 3135 τέκναο
1204 3084 1296 3136 καὶ
1341 3084 1450 3153 γὰρ
1491 3084 1585 3136 τοῦ
1618 3083 1825 3153 Κυρίου

1917 643 2139 700 propter
2173 639 2417 685 teneram
2448 633 2695 701 corporis
2732 631 3205 694 constitutionem,
3240 641 3298 686 ct
3324 635 3499 688 mole-

1916 725 2102 785 stiani,
2132 723 2219 778 cui
2251 739 2358 776 non
2391 730 2766 777 assueverant.
2799 723 3088 790 Postquam
3121 722 3263 776 tonsi
3289 730 3496 784 essent,

1915 811 2155 867 Joannes
2184 815 2420 869 ubertim
2445 814 2614 868 ﬂevit.
2635 813 2741 868 Sed
2769 811 3004 883 Sytneon
3031 813 3294 866 innuehat
3322 823 3380 866 ut
3403 814 3498 867 dc-

1918 904 2155 968 sisteret,
2202 905 2428 957 omnino
2490 903 2716 972 ignarus
2762 919 2860 957 cur
2912 902 3086 956 ﬂeret.
3144 901 3516 956 Existimabak

1918 993 2063 1046 enim
2089 994 2264 1061 ipsum
2294 992 2424 1047 ﬂere
2465 1008 2575 1062 pra:
2604 993 2790 1046 dolore
2821 1007 2947 1062 erga
2974 1001 3230 1060 parentes
3265 1006 3415 1053 suos,
3445 1001 3506 1044 et

1917 1083 2206 1138 dilectione
2233 1084 2481 1155 conjugis
2510 1099 2643 1138 suae.
2681 1083 2928 1138 Tonsura
2969 1093 3025 1138 et
3047 1086 3230 1155 synaxi
3281 1084 3500 1138 absolu-

1921 1176 2010 1238 tis,
2049 1175 2230 1229 denuo
2263 1175 2512 1230 consedit
2570 1177 2932 1246 liegumenqs,
2986 1192 3086 1244 per
3138 1185 3316 1231 totam.
3359 1191 3500 1244 pene

1920 1265 2065 1318 diem
2094 1265 2238 1333 ipsos
2266 1266 2590 1320 admonens.
2619 1264 2842 1321 Sciebat
2880 1266 3028 1319 enim
3059 1281 3172 1320 eos.
3193 1281 3309 1319 non
3339 1265 3501 1336 longo

1921 1365 2166 1424 tempore
2211 1357 2353 1425 apud
2409 1371 2468 1410 se
2506 1345 2961 1420 commoraturos,
3009 1357 3114 1411 hoc
3158 1372 3377 1425 quoque
3428 1356 3500 1409 ita

1920 1445 2274 1514 dispensante
2305 1445 2434 1498 Deo.
2465 1443 2704 1499 Postera.
2721 1460 2849 1513 ergo
2878 1445 3142 1513 die,,quat
3162 1453 3280 1498 erat
3310 1454 3500 1497 sancta

1923 1537 2220 1603 Doininica,
2276 1538 2407 1591 dare
2464 1536 2593 1606 ipsis
2651 1536 2870 1590 volebat
2932 1548 3182 1590 sanetum
3231 1536 3499 1589 habitum.

1923 1629 2061 1690 Dum
2079 1628 2328 1682 nonnulli
2373 1627 2604 1682 fratrum
2651 1627 2786 1696 ipsis
2823 1626 3116 1680 dicebant:
3163 1626 3308 1680 Beati
3347 1625 3502 1690 estis,

1921 1722 2050 1790 quia
2075 1736 2196 1775 cras
2227 1719 2687 1790 regenerabimini
2715 1727 2772 1773 et
2802 1718 3201 1772 mundabimini
3243 1719 3312 1770 ab
3356 1716 3505 1770 omni

1923 1820 2167 1879 peccato,
2204 1819 2262 1862 ut
2291 1808 2537 1862 mundati
2577 1807 2758 1862 fuistis
2793 1807 2987 1861 eadem
3029 1807 3143 1870 die,
3185 1821 3290 1874 qua
3324 1805 3506 1860 fuistis

2295 1897 2498 1952 turbati
2561 1905 2792 1964 uterque
2843 1895 2913 1950 ad
2943 1895 3192 1949 divinum
3241 1893 3503 1948 Niconem

1923 1998 2310 2055 cucurrerunt,
2342 2004 2573 2058 vespere
2601 1987 2846 2053 Sahbati,
2877 1995 2931 2042 et
2953 1987 3181 2056 pedibus
3211 1987 3329 2055 ejus
3358 1985 3504 2038 acci-

1920 2081 2141 2144 derunt,
2171 2081 2428 2134 dicentes.
2449 2098 2474 2133 :_
2500 2079 2774 2150 Rogamus
2798 2089 2870 2142 te,
2900 2078 3081 2139 Pater,
3117 2094 3188 2131 ne
3207 2092 3306 2130 nos
3327 2077 3508 2145 bapti-

1921 2187 2045 2236 zes;
2097 2187 2223 2226 nam
2283 2170 2581 2224 Christiani
2631 2183 2841 2232 sumus,
2909 2176 2966 2222 ct
3020 2164 3348 2222 Christianis
3398 2165 3502 2217 orti

1920 2264 2260 2332 parentibus.
2289 2262 2382 2316 Ille
2413 2262 2633 2331 ignarus
2659 2261 2920 2330 quidnam
2960 2257 3301 2312 audivissent
3340 2271 3370 2308 e
3403 2255 3508 2309 Pa-

1923 2356 2098 2410 tribus
2123 2355 2382 2416 ccenobii,
2415 2355 2550 2408 dixit
2579 2354 2648 2408 ad
2678 2353 2826 2422 ipsos
2860 2371 2874 2406 :
2912 2351 3176 2416 Quisnam
3223 2347 3502 2416 baptizare

1925 2462 2020 2501 vos
2070 2447 2205 2510 vult,
2265 2445 2398 2498 ﬁlii?
2444 2444 2748 2498 Dixerunt:
2795 2441 3010 2496 Domini
3048 2456 3110 2494 ac
3142 2441 3260 2493 heri
3307 2438 3504 2501 nostri,

1923 2538 2242 2593 monasterii
2265 2535 2475 2602 Patres,
2505 2537 2694 2590 dicunt
2728 2535 2888 2590 nobis
2917 2552 2931 2588 :
2965 2534 3098 2588 Cras
3143 2531 3507 2601 rebaptizabi-

1923 2629 2077 2682 mini.
2111 2629 2267 2683 Tunc
2295 2628 2563 2682 intellexit
2611 2627 2954 2695 hegumenus
2988 2624 3136 2694 quod
3167 2623 3301 2692 ipsis
3331 2622 3506 2676 dixis-

1923 2732 2048 2777 sent
2093 2722 2162 2776 de
2207 2729 2400 2775 saneto
2457 2719 2670 2774 habitu.
2715 2720 2784 2774 Et
2821 2718 2960 2773 dixit
3009 2717 3077 2771 ad
3136 2716 3298 2771 illos:
3342 2713 3513 2767 Recte

1923 2813 2202 2876 dixerunt,
2248 2812 2379 2878 filii;
2425 2827 2546 2866 cras
2574 2813 2722 2867 enim
2776 2820 2966 2865 sancto
3024 2817 3080 2864 et
3123 2807 3372 2879 angelico
3399 2808 3511 2873 (l7)

1925 2903 2136 2970 habitu,
2161 2904 2206 2959 si
2249 2903 2358 2959 Deo
2389 2905 2566 2959 visum
2598 2903 2784 2965 fuerit,
2817 2903 3047 2957 induere
3091 2915 3189 2954 vos
3235 2900 3510 2954 volumus.

1926 2995 2027 3051 Ubi
2075 2996 2296 3051 innocui
2329 2997 2483 3066 pueri
2534 2995 2736 3051 Christi
2766 2995 3175 3056 intellexerunt,
3203 2991 3340 3045 nihil
3369 2991 3421 3044 in
3455 3005 3516 3042 se

1927 3087 2248 3148 desiderari,
2287 3099 2347 3142 ut
2381 3089 2746 3142 monasticum
2777 3086 3168 3141 vestimentum
3200 3083 3513 3140 induerent,

241 3167 614 3233 εὐδοκοῦντος,
649 3170 839 3240 αὔριον
880 3171 1109 3241 θέλομεν
1147 3172 1365 3226 ἐνδῦσαι
1402 3175 1548 3245 ὑμᾶς
1581 3174 1642 3226 τὸ
1669 3174 1824 3243 ἅγιον

1930 3179 2118 3234 dicunt
2143 3178 2327 3234 abbati
2368 3196 2381 3231 :
2417 3178 2525 3232 Sed
2546 3179 2691 3232 enim
2718 3191 2953 3246 quanam
2976 3176 3080 3230 alia
3102 3191 3161 3230 re
3181 3174 3515 3244 indigemus.

243 3261 334 3311 καὶ
360 3262 658 3328 ἀγγελικὸν
688 3266 894 3332 σκῆμα.
945 3263 1031 3327 Ὡς
1056 3267 1288 3333 ἐνόησαν
1329 3266 1380 3317 οἱ
1428 3265 1698 3334 ἁπόνηροι
1731 3267 1822 3318 τοῦ

242 3351 488 3420 Χριστοῦ
520 3353 728 3420 παῖδες,
778 3355 951 3424 μηδὲν
976 3355 1176 3418 αὐτοὺς
1218 3355 1489 3409 ἐλλείπειν
1527 3355 1620 3409 τοῦ
1670 3358 1823 3410 ἐνδύ-

1933 3269 2112 3333 Pater,
2149 3279 2208 3323 ut
2253 3270 2545 3324 induamur
2578 3269 2825 3338 angelico
2868 3268 2984 3334 illo,
3025 3282 3189 3337 quem
3221 3265 3379 3330 dicis,
3419 3262 3519 3315 ha-

1937 3361 2080 3414 bitu.

245 3460 421 3514 ματος
462 3445 556 3498 τοῦ
585 3446 904 3516 μοναχικοῦ,
951 3446 1207 3515 λέγουσιν
1252 3447 1334 3518 τῷ
1371 3446 1517 3518 ἀϐϐᾷ
1541 3463 1568 3491 ·-
1597 3447 1664 3500 Τί
1697 3448 1836 3516 γὰρ,
1879 3449 2080 3521 Πάτερ,
2123 3452 2252 3506 ἄλλο
2298 3453 2353 3505 τί
2405 3467 2535 3504 ποτε
2560 3450 2856 3522 χρῄζομεν,
2897 3450 2984 3502 ενα
3039 3448 3391 3520 ἐνδυσώμεθα
3460 3447 3522 3498 τὸ

243 3537 546 3604 ἀγγελικὺν
580 3539 778 3599 ἐκεῖνο,
804 3536 834 3589 ὃ
862 3537 1062 3603 λέγεις,
1095 3537 1315 3606 σχῆμα;

315 3655 407 3716 ιγ’.
443 3642 553 3700 Ἦν
573 3647 638 3700 δέ
664 3647 834 3717 μέγας
872 3641 1025 3711 οὗτος
1062 3650 1130 3717 τῇ
1179 3648 1525 3721 προλαϐούσῃ
1547 3649 1823 3719 ἐϐδομάδι,

244 3743 304 3793 ἐν
404 3741 504 3792 καὶ
532 3739 777 3809 ὑπῆρχεν
809 3739 902 3792 τοῦ
928 3739 1109 3809 τιμίου
1136 3742 1373 3812 σταυροῦ
1403 3743 1436 3812 ἠ
1470 3741 1702 3811 ὓψωσις,
1739 3742 1825 3794 δε-

243 3833 441 3895 δωκώς
469 3848 574 3884 τινι
608 3831 717 3883 τῶν
757 3831 1002 3899 ἀδελφῶν
1039 3832 1290 3902 νεωτέρῳ
1328 3835 1515 3903 σχῆμα
1547 3834 1607 3886 τὸ
1648 3833 1824 3900 ἅγιον,

246 3927 340 3978 καὶ
362 3926 467 3978 οὐκ
494 3920 561 3996 ἦν
588 3925 771 3994 ἀκμὴν
797 3917 1095 3994 πληρώσας
1127 3923 1226 3988 τὰς
1273 3925 1413 3978 ἐπτά
1443 3926 1679 3995 ἡμέρας,
1714 3926 1830 3979 ἀλλ’

245 4015 330 4070 ἔτι
360 4018 555 4088 ἐφόρει
586 4018 786 4079 πάντα,
815 4016 891 4079 ὼς
911 4016 1057 4068 ἐστιν
1081 4017 1114 4087 ἡ
1143 4017 1503 4081 κατάστασις,
1531 4015 1590 4068 ὃν
1614 4017 1833 4085 ἐπέτρε-

246 4113 352 4178 ψεν
401 4112 431 4162 ὁ
469 4109 642 4179 μέγας
698 4109 900 4171 εὐθέως
957 4110 1036 4170 είς
1089 4108 1250 4178 μέσον
1301 4107 1550 4177 ἀχθῆναι.
1607 4107 1698 4170 Ὠς
1727 4107 1820 4160 οῦν

247 4196 404 4271 ἦλθε,
429 4199 731 4270 θεωροῦσιν
759 4200 920 4252 αὑτὸν
937 4199 1258 4269 ἀμφότεροι,
1281 4201 1374 4251 καὶ
1403 4199 1606 4250 ἔπεσαν
1625 4198 1830 4261 εὐθέως

250 4292 332 4354 εἰς
358 4292 487 4352 τοὺς
514 4289 680 4352 πόδας
717 4288 811 4340 τοῦ
841 4287 1006 4351 ἀϐϐᾶ,
1043 4288 1138 4340 καὶ
1183 4284 1334 4339 εἷπον
1379 4287 1560 4359 αὐτῷ’
1588 4283 1831 4356 Δεόμεθά

251 4395 372 4441 σου,
398 4378 497 4428 ἐὰν
529 4375 704 4438 οὕτως
733 4377 881 4445 ἡμᾶς
915 4375 1130 4444 μέλλεις
1175 4375 1400 4440 ἐνδύειν,
1434 4378 1530 4429 καὶ
1574 4376 1832 4448 τοιαύτης

250 4471 421 4538 τιμῆς
455 4469 550 4520 καὶ
579 4468 737 4537 δόξης
767 4455 974 4531 ἀξιοῦν,
1018 4467 1114 4536 ἀφ’
1160 4468 1402 4536 ἐσπέρας
1453 4468 1702 4537 ποίησον,
1756 4469 1829 4537 μή

252 4577 370 4622 πως
399 4559 680 4628 ἄνθρωποι
707 4557 878 4619 ὄντες,
905 4556 995 4610 διὰ
1021 4557 1124 4624 τῆς
1160 4557 1356 4620 νυκτὸς
1397 4556 1580 4628 φθάσῃ
1607 4559 1743 4626 ἡμῖν
1772 4557 1833 4608 τὸ

250 4651 616 4721 ἀνθρώπινον,
651 4649 748 4702 καὶ
773 4648 1106 4716 ἀπέλθωμεν
1131 4649 1232 4718 τῆς
1267 4647 1524 4717 τοιαύτης
1555 4649 1714 4719 δόξης
1736 4647 1834 4702 καὶ

250 4744 451 4813 χαρᾶς,
487 4742 583 4794 καὶ
615 4739 710 4794 τοῦ
748 4737 992 4792 τοιούτου
1025 4738 1243 4807 ὀψικίου
1273 4742 1368 4792 καὶ
1403 4741 1670 4809 στεφάνου
1696 4741 1835 4792 ἀπο-

2007 3653 2092 3706 15.
2133 3650 2413 3705 Praeterita
2447 3659 2630 3703 autem
2677 3646 3040 3711 hebdomade,
3087 3661 3194 3716 qua
3238 3646 3521 3702 colebatur

1935 3741 2192 3797 exultatio
2215 3739 2466 3810 pretiosae
2507 3739 2710 3806 crucis,
2759 3738 2841 3793 vir
2887 3739 2991 3793 iste
3050 3753 3281 3809 magnus
3311 3739 3518 3809 juniori

1935 3834 2148 3886 cuidam
2175 3832 2402 3885 fratrum
2455 3839 2703 3885 sanctum
2736 3831 2960 3885 dederat
2994 3830 3263 3892 habitum,
3295 3838 3351 3882 et
3402 3839 3516 3882 tum

1937 3924 2197 3993 temporis
2223 3923 2454 3977 necdum
2487 3923 2803 3992 expleverat
2837 3932 3046 3991 septem
3078 3923 3218 3985 dies,
3243 3923 3334 3976 sed
3373 3924 3519 3975 fcre-

1938 4015 2030 4068 bat
2059 4014 2235 4069 adhuc
2282 4015 2486 4075 omnia,
2514 4029 2634 4082 qua:
2676 4014 2992 4067 constitutio
3033 4013 3302 4083 exigebat.
3341 4011 3518 4077 Quem

1934 4106 2016 4159 vir
2045 4121 2272 4174 magnus
2300 4104 2354 4157 in
2382 4105 2620 4158 medium
2654 4103 2874 4171 produci
2901 4103 3168 4172 permisit.
3247 4101 3348 4156 Ubi
3388 4119 3520 4169 ergo

1937 4199 2104 4261 venit,
2163 4197 2601 4265 coutemplantur
2641 4195 2792 4248 illum
2837 4195 3018 4258 ambo,
3083 4205 3138 4249 et
3199 4195 3521 4248 acciderunt

1936 4290 2081 4344 illico
2102 4289 2169 4342 ad
2202 4289 2367 4358 pedes
2410 4288 2641 4352 abbatis,
2681 4295 2736 4341 et
2783 4287 3042 4340 dixerunt
3090 4286 3237 4355 ipsi:
3283 4285 3521 4342 Oramus

1937 4390 2013 4444 te,
2047 4379 2093 4433 si
2121 4380 2306 4432 animo
2339 4378 2507 4432 fixum
2534 4377 2687 4431 sedet
2722 4377 2800 4430 sic
2823 4392 2924 4430 nos
2952 4377 3174 4441 vestire,
3196 4387 3268 4431 ‘et
3302 4378 3393 4432 tali
3423 4377 3524 4430 ho-

1939 4486 2074 4524 nore
2103 4480 2154 4524 et
2187 4469 2354 4540 gloria
2385 4470 2615 4538 dignari,
2647 4469 2715 4523 ab
2748 4470 2852 4523 hoc
2881 4485 3106 4539 vespere
3151 4469 3202 4523 id
3249 4469 3414 4540 agito,
3452 4486 3522 4522 ne

1939 4561 2098 4624 forte,
2149 4561 2406 4628 quoniam
2467 4560 2718 4614 homines
2767 4575 2987 4624 sumus,
3031 4560 3256 4614 humani
3317 4560 3522 4630 aliquid

1941 4665 2040 4720 per
2081 4658 2296 4703 noctem
2358 4649 2516 4703 nobis
2565 4650 2867 4720 contingat,
2925 4658 2981 4705 et
3034 4651 3383 4706 discedamus
3429 4653 3522 4706 tali

1941 4743 2110 4813 gloria
2139 4752 2194 4795 et
2232 4743 2448 4812 gaudio,
2492 4758 2712 4795 necnon
2761 4742 2856 4796 tali
2912 4743 3177 4812 obsequio
3223 4751 3279 4798 et
3321 4758 3522 4797 corona

250 4835 532 4902 τυχόντες.
553 4831 641 4894 Ὠς
675 4827 768 4884 οὖν
808 4830 1040 4898 ἢκουσεν
1067 4829 1248 4882 αὐτῶν
1288 4834 1317 4883 ὁ
1346 4829 1652 4900 ἡγούμενος
1687 4831 1826 4900 εἰρη-

1941 4834 2205 4887 frustrati.
2248 4834 2539 4902 Postquam
2574 4849 2704 4902 crgo
2750 4849 2844 4889 eos
2889 4834 3130 4888 audisset
3181 4836 3524 4905 hegumenus

254 4925 433 4978 κότων
457 4924 564 4976 τῶν
588 4919 848 4975 τοιούτου·
863 4921 1080 4989 ὀψικίου
1106 4921 1202 4974 καὶ
1225 4922 1493 4990 στεφάνου
1518 4921 1836 4990 ἀποτυγχά-

253 5033 392 5078 νειν,
419 5013 639 5082 ἐνόησεν
659 5012 927 5064 ὀπτασίαν
950 5011 1151 5073 αὐτοὺς
1177 5012 1258 5072 εἰς
1281 5011 1372 5063 τὸν
1388 5010 1451 5064 τὸ
1473 5010 1628 5079 ἅγιον
1651 5013 1838 5080 σχῆμα

257 5106 530 5177 φοροῦντα
563 5103 887 5174 ἑωρακέναι,
911 5102 1003 5155 καὶ
1027 5101 1361 5171 ἐπέστρεψεν
1394 5101 1650 5155 ὑπελθεῖν
1673 5102 1836 5154 αὑτὸν

258 5201 316 5251 ἐν
345 5197 424 5267 τῷ
461 5197 574 5264 ἰδίῳ
607 5197 776 5265 τόπῳ,
807 5196 940 5248 ὅπου
975 5190 1043 5264 ἦν
1082 5193 1139 5260 ἐξ
1167 5186 1230 5245 οῦ
1261 5193 1550 5246 ἐνεδύσατο
1579 5193 1639 5246 τὸ
1681 5193 1836 5262 ἆγιον

257 5291 470 5358 σγῆμα.
501 5288 704 5340 Τούτου
739 5283 831 5340 οῦν
861 5285 1210 5349 ἀπελθόντος,
1245 5284 1598 5354 ἐλυπήθησαν
1633 5285 1838 5354 σφόδρα

256 5382 309 5432 οἱ
339 5379 532 5441 παῖδες
561 5377 655 5431 τοῦ
693 5378 956 5447 Χριστοῦ,
983 5377 1079 5429 καὶ
1105 5376 1358 5444 λέγουσιν
1399 5375 1476 5445 τῷ
1515 5374 1834 5443 ἡγουμένῳ·

257 5471 361 5525 Διά
406 5471 498 5524 τὸν
543 5471 776 5540 Κύριον,
816 5469 1018 5539 Πάτερ,
1055 5468 1283 5533 ἀνάστα,
1328 5467 1550 5535 ποίησον
1590 5466 1737 5536 ἡμᾶς
1764 5466 1840 5528 ὡς

1942 4927 2143 4981 dixisse
2164 4927 2231 4981 de
2266 4927 2357 4980 tali
2389 4927 2636 4994 obsequii
2667 4936 2720 4980 et
2747 4942 2963 4982 corona:
2990 4929 3318 4997 privatione,
3350 4929 3517 4982 intel-

1945 5016 2075 5069 lexit
2106 5017 2308 5070 vidisse
2368 5032 2462 5070 eos
2497 5015 2896 5086 apparitionem
2930 5018 2984 5071 in
3035 5033 3122 5082 eo,
3168 5018 3260 5087 qui
3314 5017 3522 5072 ferebar

1945 5112 2191 5156 sanetum
2229 5103 2495 5166 habitum,
2547 5114 2602 5158 et
2651 5106 2898 5175 permisit
2947 5099 3071 5160 cium
3115 5107 3197 5160 ire
3228 5106 3296 5160 ad
3343 5107 3521 5162 locum

1943 5207 2124 5254 suum,
2164 5192 2252 5245 ubi
2297 5203 2432 5257 erat,
2463 5213 2490 5245 a
2537 5210 2646 5262 quo
2695 5203 2939 5263 tempore
2978 5195 3227 5249 induerat
3269 5205 3543 5251 sanctum.-

1945 5281 2210 5336 habitum.
2260 5283 2547 5352 Postquam
2599 5284 2688 5337 ille
2738 5285 2969 5348 abierat,
3018 5285 3173 5340 valde
3227 5286 3550 5347 doluerunt,
3592 5325 3597 5334 .

1944 5371 2146 5427 Christi
2176 5374 2346 5442 pueri,
2380 5384 2435 5427 et
2466 5374 2655 5427 dicunt
2688 5374 2996 5443 heguineno
3027 5392 3041 5428 :
3075 5375 3304 5446 Propter
3333 5376 3518 5434 Domi-

1947 5481 2096 5528 num,
2151 5466 2326 5529 Pater,
2384 5481 2632 5534 assurge.
2681 5475 2737 5518 et
2767 5466 2852 5520 lac
2889 5482 2986 5524 nos
3021 5467 3171 5531 tales,
3216 5467 3392 5537 qualis
3438 5479 3534 5523 cst.

1772 5643 1996 5701 NOTIE.

331 5747 445 5816 (l7)
488 5747 691 5814 Duplex
731 5743 872 5812 apud
923 5741 1139 5796 Gr.ecos
1176 5750 1257 5794 est
1300 5741 1629 5816 monasticus
1671 5743 1826 5816 habi-

259 5810 367 5876 tus,
400 5810 608 5884 parvus
640 5810 925 5876 nimirum,
977 5821 1029 5865 et
1079 5826 1324 5876 magnus,
1382 5810 1493 5864 sive
1539 5814 1828 5873 angelicns.

1935 5741 2101 5808 Cujus
2138 5752 2477 5814 apparatum,
2527 5753 2580 5796 et
2623 5761 2756 5814 qum
2783 5746 2888 5800 huc
2921 5756 3186 5810 spectant,
3230 5748 3327 5800 dat.
3352 5749 3513 5814 Guar,

1947 5830 2061 5884 pag.
2107 5815 2222 5872 ΗΚ),
2253 5823 2304 5866 Ct
2334 5811 2599 5872 llaberlus
2632 5811 3009 5869 Observatimm
3046 5815 3221 5874 tertia.
