3976 6412
433 445 568 510 1687

1457 450 1766 509 LEONTII
1811 446 2318 508 NEAPOLITANI
2360 445 2690 507 EPISCOPI

3566 441 3690 506 1683

428 556 550 612 illo;
596 571 760 609 nemo
813 557 957 609 enim
1018 557 1070 608 in
1127 564 1241 609 toto
1293 557 1624 609 monasterio
1701 565 1782 609 est
1829 556 2012 616 homo,

2142 557 2351 613 ικεῐνον,
2384 553 2464 604 ὃτι
2514 554 2592 614 εἰς
2619 552 2680 603 τὸ
2715 548 3080 620 μοναστήριὸν
3138 564 3232 600 σου
3257 547 3380 599 ὅλον
3420 547 3690 617 ἄνθρωπος

427 660 590 712 quem
626 661 734 698 non
767 657 985 699 anleeat
1023 646 1250 702 honore.
1299 645 1436 699 Dicit
1477 647 1559 699 eis
1603 647 1814 699 abbas:
1855 644 2013 710 Quali

431 735 681 789 honore?
710 735 868 790 Tunc
902 736 1198 790 dixerunt:
1236 735 1338 789 Per
1369 751 1515 796 eum,
1563 734 1739 797 Pater,
1781 736 1873 803 qui
1919 752 2020 790 nos

429 830 686 898 dignatur
716 827 822 882 hoc
853 827 1040 880 habitu
1073 835 1129 881 et
1161 830 1385 885 honore.
1426 827 1566 880 beati
1595 842 1785 881 sumus
1808 835 1861 880 et
1897 841 2018 887 nos,

433 918 477 972 si
510 932 540 970 a
575 916 666 970 ιΑΙί
705 917 1101 970 monachorum
1158 913 1528 978 multitudine,
1582 929 1772 968 cereos
1801 921 2022 984 gestan-

435 1009 591 1072 tium,
642 1006 911 1060 fuerimus
955 1007 1160 1076 stipati,
1211 1014 1267 1058 et
1311 1006 1469 1058 talem
1515 1021 1797 1067 coronam,
1841 1003 2022 1073 splen-

432 1099 557 1151 dide
591 1098 887 1160 lucentem,
920 1097 1317 1167 gestaverimus
1358 1096 1412 1148 in
1458 1105 1646 1150 nostro
1681 1095 1885 1164 capite.
1915 1092 2023 1146 Pu-

437 1190 620 1244 tabant
653 1189 800 1243 enim
831 1188 1200 1258 hegumenum
1239 1189 1402 1241 etiam
1425 1187 1626 1241 vidisse
1655 1202 1744 1251 ea,
1767 1200 1888 1254 quae
1921 1185 2021 1254 ipsi

436 1286 860 1345 conspexerant.
889 1277 1004 1331 Hoc
1031 1279 1270 1344 cognito,
1301 1292 1412 1330 non
1451 1277 1592 1331 dixit
1623 1277 1757 1345 ipsis
1785 1291 1844 1329 se
1885 1274 2023 1328 nihil

435 1367 657 1432 vidisse,
684 1369 778 1422 sed
809 1369 999 1431 tacuit,
1033 1379 1090 1422 et
1113 1368 1519 1437 simplicitatem
1557 1383 1808 1438 magnam
1835 1382 1899 1420 ac
1923 1383 2022 1435 pu-

441 1458 658 1512 ritatem
681 1459 982 1528 obstupuit,
1012 1460 1358 1527 potissimum
1391 1458 1702 1524 Symeonis.

511 1639 598 1692 H.
626 1638 738 1692 lloe
761 1647 941 1691 autem
978 1625 1367 1706 gratiosissime
1389 1636 1469 1689 eis
1493 1636 1628 1690 dixit
1647 1636 1746 1689 .vir
1767 1652 2021 1705 magnus:

438 1729 536 1783 Die
567 1729 809 1782 crastina
843 1743 941 1781 vos
981 1743 1200 1797 quoque
1245 1738 1436 1782 sancto
1478 1727 1668 1780 habitu
1710 1727 2023 1790 induemus,

439 1821 720 1886 aSpirante
770 1818 1008 1887 Spiritus
1063 1819 1235 1872 sancti
1301 1819 1492 1888 gratia.
1550 1817 1670 1883 Quo
1723 1828 2024 1886 assumpto,

2121 646 2178 695 ὲν
2202 646 2264 712 τῇ
2298 643 2522 714 τοιαύτῃ
2545 644 2676 710 τιμῇ
2715 641 2814 692 οὐκ
2849 639 3019 700 ἐστιν,
3065 638 3137 700 ὡς
3164 639 3393 700 ἐκεῖνος.
3425 638 3583 704 Λέγει
3603 640 3690 692 αὑ-

2121 735 2230 794 τοῖς
2255 733 2282 783 ὁ
2309 730 2481 791 άϐϐἄς
2497 746 2512 759 ·
2548 729 2684 798 Ποία
2708 731 2838 797 τιμῇ
2863 746 2878 792 ;
2903 728 3036 780 Τότε
3067 722 3238 779 εἷπον·
3271 726 3366 779 Μὰ
3385 726 3476 778 τὸν
3493 727 3696 792 ἀξιοῦν-

2121 841 2185 874 τα
2211 823 2377 891 ἡμᾶς,
2410 823 2613 890 Πάτερ,
2645 819 2738 871 τοῦ
2772 820 3052 888 σχήματος
3078 817 3243 870 αὐτοῦ
3266 819 3363 870 καὶ⁵
3383 817 3481 886 τῆς
3512 821 3691 887 τιμῆς,

2127 913 2394 981 μακάριοί
2424 913 2592 978 ἐσμεν
2637 910 2730 963 καὶ
2764 911 2948 978 ἡμεῖς,
2977 910 3071 960 ἐὰν
3118 907 3225 961 ὑπὸ
3259 907 3516 961 τοσούτου
3564 909 3694 980 πλή-

2123 1001 2250 1063 θους
2283 1000 2533 1069 μοναχῶν
2573 999 2710 1067 μετὰ
2743 997 2952 1068 κηρίων
2991 997 3384 1066 ὀψικευόμεθα,
3417 997 3510 1048 καὶ
3537 998 3700 1049 τοιοῦυ

2123 1109 2212 1144 τον
2269 1091 2533 1158 στέφανον
2567 1079 2820 1159 λαμπρὸν
2851 1089 3138 1157 λάμποντα
3166 1089 3260 1140 ἐπὶ
3288 1087 3388 1156 τῆς
3433 1087 3697 1156 ἡμετέρας

2125 1180 2372 1249 κεφαλῆς
2400 1180 2730 1250 φορέσομεν.
2759 1177 3046 1246 Ἐνόμιζον
3083 1171 3193 1248 γὰρ
3224 1178 3322 1231 καὶ
3347 1179 3441 1230 τὸν
3473 1180 3700 1248 ἡγούμε-

2126 1290 2214 1326 νον
2255 1271 2472 1340 βλέπειν
2498 1271 2567 1322 τά
2595 1269 2686 1322 ὑπ’
2711 1269 2894 1321 αὐτῶν
2912 1266 3190 1337 ὁρώμενα.
3215 1267 3314 1321 Διά
3340 1267 3500 1319 τοῦτο
3525 1269 3701 1335 γνοὺς,

2125 1364 2246 1417 οὐδὲ
2274 1359 2425 1417 εἶπεν
2459 1364 2668 1424 αὐτοῖς,
2703 1363 2785 1414 ὃτι
2823 1361 2987 1422 αὐτὸς
3013 1359 3164 1413 οὐδὲν
3194 1356 3356 1422 εἶδεν,
3400 1361 3516 1413 ἀλλ’
3555 1359 3704 1412 ἐσιώ-

2128 1471 2322 1522 πησεν,
2351 1455 2446 1506 καὶ
2481 1453 2805 1522 κατεπλάγη
2838 1450 2938 1521 τὴν
2984 1450 3183 1519 πολλὴν
3205 1451 3578 1520 άκεραιότητα
3616 1452 3704 1504 καὶ

2129 1547 2496 1614 καθαρότητα,
2534 1545 2771 1614 μάλιστα
2796 1544 2852 1596 δὲ
2883 1543 2976 1596 τοῦ
3010 1541 3260 1612 Συμεών.

2200 1637 2281 1690 ιδ’.
2315 1636 2486 1688 Τοῦτο
2511 1636 2568 1687 δὲ
2592 1636 2971 1705 χαριεστάτως
3000 1633 3187 1701 ἔλεγεν
3228 1633 3415 1695 αὐτοῖς
3455 1639 3484 1689 6
3522 1633 3706 1702 μέγας,

2129 1729 2209 1779 ὅτι
2241 1726 2440 1796 Αὔριον
2476 1725 2735 1793 ὲνδύομεν
2765 1726 2860 1776 καὶ
2915 1725 3056 1792 ὑμᾶς
3089 1724 3176 1777 διὰ
3225 1723 3329 1792 τῆς
3362 1725 3586 1792 χάριτος
3618 1724 3706 1776 τοῦ

2129 1819 2286 1884 ἁγίου
2340 1817 2675 1885 [Ινεύματος.
2732 1814 2888 1868 Μετὰ
2926 1811 3022 1867 οὖν
3079 1814 3140 1866 τὸ
3174 1814 3364 1865 λαΰείν
3414 1815 3614 1876 αὐτοὺς
3652 1815 3710 1866 τὸ

439 1916 604 1974 prout
639 1905 927 1958 aliirmavit
985 1907 1368 1959 sanctissimus
1413 1906 1702 1968 diaconus,
1760 1905 2029 1958 innocuus

2142 1909 2286 1975 Ξιγιον
2310 1908 2519 1976 σχῆμα,
2561 1908 2636 1968 ὼς
2661 1905 3034 1959 διεϐεὗαιοῦτο
3060 1908 3087 1958 6
3115 1905 3421 1968 ὁσιώτατος
3445 1906 3710 1972 διάκονος,

439 1996 676 2066 Symeon
707 1996 1064 2058 asseveravit,
1092 2005 1313 2049 mutuos
1343 2011 1402 2050 se
1437 1995 1642 2050 vidisse
1679 1996 1864 2051 vultus
1895 2005 2031 2049 tem-

442 2101 575 2156 pore
603 2086 803 2150 noctis,
842 2087 985 2140 sicut
1021 2086 1075 2138 in
1117 2086 1228 2151 die,
1263 2094 1321 2140 et
1361 2086 1569 2140 similes
1608 2085 1706 2148 illi,
1759 2084 1850 2153 qui
1904 2093 2030 2138 ante

444 2187 802 2248 apparuerat,
853 2179 1083 2232 alterum
1129 2179 1186 2232 in
1235 2178 1462 2232 alterius
1519 2177 1699 2245 capite
1748 2190 2026 2230 coronam.

443 2270 621 2327 Tanto
659 2281 860 2337 autem,
887 2267 1088 2336 aiebat,
1124 2280 1310 2324 nostra
1343 2285 1498 2325 mens
1527 2269 1720 2323 affecta
1749 2278 1866 2322 erat
1899 2282 2030 2336 gau-

442 2361 556 2422 dio,
589 2371 647 2416 ut
677 2377 779 2415 nec
799 2361 982 2416 cibum
1015 2377 1118 2416 nec
1142 2370 1329 2430 potum
1364 2369 1585 2432 gustare
1612 2361 1826 2415 liberet.
1855 2359 2030 2412 Exae-

447 2452 516 2506 tis
537 2453 720 2522 itaque
741 2453 809 2506 ab
830 2462 1111 2522 assumpto
1139 2461 1329 2508 sancto
1359 2453 1548 2506 habitu
1577 2452 1790 2508 duobus
1813 2451 2028 2513 diebus,

442 2543 886 2613 contemplantur
941 2544 1113 2606 illum,
1151 2543 1244 2612 qui
1291 2553 1416 2597 ante
1464 2552 1674 2613 septem
1738 2543 1856 2597 dies
1903 2556 2029 2595 eum

442 2645 834 2704 assumpserat,
884 2650 1043 2703 quem
1070 2635 1233 2688 etiam
1272 2645 1594 2688 coronatum
1627 2643 1683 2688 et
1714 2633 2030 2688 comitatum

443 2739 848 2799 conspexerant
887 2729 1122 2800 (ferebat
1169 2729 1258 2783 hic
1290 2729 1516 2782 mantile
1553 2737 1608 2782 et
1641 2726 2028 2792 ministrabat;

443 2822 542 2877 sed
582 2837 692 2875 non
733 2820 969 2890 amplius
1003 2820 1263 2888 deinceps
1295 2834 1552 2874 coronam
1605 2818 1767 2887 capiti
1809 2817 2033 2886 imposi-

447 2921 583 2975 tam,
612 2927 714 2966 nec
739 2927 955 2964 rursum
985 2911 1288 2965 monachos
1328 2926 1452 2964 cum
1499 2910 1675 2964 cereis
1706 2908 2033 2963 comitantes

449 2999 735 3064 habebat),
773 3006 828 3053 et
857 2999 1036 3053 mirati
1069 3003 1216 3053 sunt.
1256 2999 1760 3070 Dicitque.Symcon
1792 2997 2026 3052 Joanni:

443 3091 642 3154 Crede,
681 3090 870 3153 frater,
906 3090 1123 3144 tametsi
1165 3091 1330 3144 etiam
1357 3104 1459 3144 nos
1482 3098 1692 3158 septem
1722 3089 1888 3142 hosce
1917 3088 2032 3143 dies

444 3182 878 3251 impleverimus,
907 3196 1019 3235 non
1063 3181 1243 3235 adhuc
1269 3182 1596 3251 elegantiam
1646 3180 1790 3234 illam
1827 3189 1883 3234 et
1910 3195 2034 3249 gra-

446 3272 581 3326 tiam
614 3287 806 3326 sumus
847 3270 1104 3325 habituri.
1156 3271 1219 3324 Et
1261 3270 1393 3324 dicit
1432 3270 1670 3324 Joannes
1705 3287 1718 3322 :
1766 3269 1908 3334 Quid
1955 3267 2037 3321 vis

364 3365 374 3374 '
449 3369 514 3416 ut
542 3361 654 3425 fiat,
694 3359 900 3415 frater?
927 3360 1024 3414 Cui
1054 3359 1142 3412 ille
1175 3358 1369 3412 iterum
1399 3376 1412 3411 :
1449 3358 1511 3412 Si
1543 3375 1630 3412 me
1659 3358 1836 3422 audis,
1867 3366 1926 3412 ut
1951 3372 2040 3412 res

449 3451 742 3508 szeculares
765 3466 902 3520 quas
929 3451 1276 3520 reliquimus,
1311 3460 1366 3505 et
1394 3452 1579 3506 valere
1603 3451 1887 3520 jussimus,
1914 3466 2041 3520 per-

451 3545 591 3599 fecte
612 3552 725 3597 toto
750 3543 917 3597 animi
948 3542 1075 3598 nisu
1105 3544 1286 3597 valere
1321 3543 1634 3612 iubeamus.
1665 3543 1840 3596 Aliam
1882 3557 2041 3596 nam-

451 3652 558 3704 que
582 3636 747 3690 vitam
787 3644 842 3690 et
884 3651 970 3689 res
1002 3650 1172 3690 novas
1203 3636 1550 3704 contemplor
1585 3636 1637 3688 in
1676 3636 1781 3689 hoc
1824 3634 2034 3689 habitu.

451 3727 532 3784 Ex
589 3741 700 3796 quo
744 3726 892 3780 enim
943 3726 1136 3780 eodem
1181 3741 1283 3780 nos
1324 3725 1503 3780 induit
1548 3725 1646 3780 Dei
1680 3741 1892 3789 servus,
1941 3724 2039 3779 fla-

453 3827 613 3890 grant
636 3833 754 3872 mea
782 3819 1102 3888 praecordia,
1135 3818 1323 3872 nescio
1349 3819 1516 3883 unde,
1559 3827 1616 3873 et
1641 3819 1837 3887 quaerit
1859 3817 2041 3872 anima

456 3923 576 3963 mea
633 3923 745 3963 non
805 3909 991 3964 videre
1043 3924 1392 3979 quemquam,
1441 3924 1623 3977 neque
1668 3909 1890 3978 alloqui,
1939 3924 2043 3964 nec

455 4001 662 4055 audire.
720 4001 862 4056 Dicit
915 4001 964 4055 ei
1011 3998 1306 4056 Joannes:
1360 3999 1426 4055 Et
1473 4001 1603 4068 quid
1647 3983 2040 4067 comedemus,

456 4088 664 4144 frater?
709 4088 809 4144 Cui
841 4089 1074 4159 Symeon
1106 4088 1258 4161 :_An
1310 4088 1627 4155 comedunt,
1682 4089 1773 4157 qni
1825 4105 2044 4156 pascen-

457 4190 534 4234 tes
579 4181 688 4250 (l8)
725 4190 1008 4246 vocantur,
1037 4181 1106 4236 de
1150 4179 1350 4250 quibus
1397 4179 1515 4234 beri
1559 4180 1817 4234 dominus
1871 4178 2041 4234 Nicon

457 4285 766 4325 sermonem
803 4286 1020 4340 quoque
1055 4271 1122 4324 ad
1153 4284 1255 4324 nos
1287 4269 1519 4324 habuit?
1546 4269 1680 4324 Nam
1707 4271 1886 4325 forsan
1925 4271 2042 4341 ipse

457 4359 623 4413 etiam
652 4359 864 4424 volens,
912 4361 983 4413 ut'
1012 4376 1112 4414 nos
1161 4360 1477 4428 huiusmodi
1530 4359 1694 4414 vitam
1741 4360 2040 4430 amplecta-

456 4463 600 4513 mur,
633 4451 887 4518 exposuit
920 4449 1078 4503 nobis
1107 4465 1270 4518 quam
1312 4450 1436 4504 vitae
1475 4449 1743 4504 rationem
1792 4461 2038 4517 teneant,

2131 1997 2492 2068 διισχυρίζετο
2543 1999 2571 2050 6
2611 1997 2847 2067 ἀψευδὴς
2895 1997 3144 2066 Συμεὼν,
3182 1999 3264 2050 ὅτι
3310 1998 3393 2050 Τά
3449 1999 3712 2068 πρόσωπα

2125 2072 2377 2160 ’ἀλλήλων
2411 2090 2756 2159 ὲθεωροῦμεν
2807 2091 2874 2157 τῇ
2935 2087 3094 2141 νυκτὶ
3147 2089 3222 2150 ὡς
3279 2090 3336 2140 ὲν
3372 2090 3587 2158 ἡμέρᾳ,
3627 2092 3714 2142 καὶ

2131 2176 2336 2246 ὁμοίως
2365 2176 2458 2228 τοῦ
2490 2176 2756 2246 πρότερον
2787 2175 2878 2228 ὑπ’
2902 2175 3085 2229 αὐτῶν
3109 2175 3424 2239 θεαθέντος,
3456 2180 3715 2246 στέφανον

2132 2266 2225 2318 ἐπὶ
2256 2268 2355 2334 τῆς
2386 2266 2480 2318 τοῦ
2523 2266 2714 2331 ἑτέρου
2747 2264 2988 2335 κεφαλῆς
3024 2267 3052 2318 6
3101 2266 3308 2335 ἔτερος.
3365 2268 3454 2319 Ἐν
3498 2266 3714 2336 τοιαύτῃ

2132 2359 2188 2412 δὲ
2222 2361 2370 2430 χαρᾷ
2397 2355 2487 2429 ἦν,
2523 2358 2699 2427 φημὶ,
2735 2361 2767 2428 ἠ
2800 2358 2947 2428 ψυχὴ
2998 2359 3173 2428 ἡμῶν,
3205 2358 3346 2411 ὥστε
3381 2359 3523 2428 μηδὲ
3555 2359 3717 2412 θέλειν

2134 2449 2280 2517 ἡμᾶς
2331 2446 2571 2518 εὐχερῶς
2626 2449 2834 2518 τροφῆς
2894 2445 3337 2516 μεταλαμϐάνειν
3395 2446 3428 2516 ἢ
3490 2447 3710 2510 πόσεως.

2133 2539 2290 2592 Μετὰ
2320 2534 2414 2590 οὖν
2467 2537 2561 2590 δύο
2599 2538 2812 2608 ἡμέρας
2865 2535 2959 2589 τοῦ
3003 2536 3193 2588 λαϐεῖν
3228 2536 3426 2599 αὐτοὺς
3474 2539 3540 2588 τὸ
3571 2536 3719 2603 ἅγιον

2132 2627 2361 2699 ἔνδυμα,
2392 2627 2695 2699 θεωροῦσιν
2726 2627 2818 2680 τὸν
2843 2627 2950 2696 πρὸ
2984 2627 3128 2680 ἑπτὰ
3172 2628 3400 2697 ἡμερῶν
3436 2628 3604 2680 τοῦτο
3629 2629 3718 2681 λα-

2135 2720 2322 2784 ϐόντα,
2358 2720 2442 2782 είς
2500 2719 2562 2771 ὃν
2609 2719 2702 2771 τὸν
2753 2719 3017 2787 στέφανον
3068 2720 3164 2771 καὶ
3205 2720 3334 2780 τοὺς
3363 2718 3720 2786 ὀψικεύοντας

2133 2810 2452 2874 ἐθεάσαντο,
2489 2809 2586 2862 καὶ
2620 2807 2807 2876 ἐφόρει
2845 2807 3209 2876 σακκομάχιν,
3262 2808 3355 2859 καὶ
3405 2807 3587 2858 ἐποίει
3609 2807 3720 2858 δια-

2133 2903 2340 2965 κονίαν,
2374 2901 2472 2955 καὶ
2495 2900 2686 2954 λοιπὸν
2713 2900 2817 2953 οὐκ
2847 2897 2927 2951 ἔτι
2957 2897 3081 2951 οὔτε
3118 2899 3210 2951 τὸν
3261 2899 3534 2968 στέφανον
3581 2899 3723 2968 αὐτῷ

2136 2993 2536 3063 περικείμενον,
2556 2990 2680 3045 οὔτε
2704 2990 2865 3043 πάλιν
2885 2989 3011 3051 τοὺς
3038 2990 3175 3060 μετὰ
3202 2976 3411 3059 κηρίων
3428 2989 3717 3058 ὀψικεύονο

2133 3101 2233 3147 τας
2292 3082 2560 3152 μοναχοὺς
2617 3080 2908 3149 ἐκέκτητο,
2945 3080 3039 3132 καὶ
3069 3068 3411 3148 ὲθαῦμασαν.
3443 3081 3559 3132 Καὶ
3583 3080 3722 3146 λέγει

2133 3177 2162 3227 ὁ
2196 3173 2420 3244 Συμεὼν
2455 3173 2532 3243 τῷ
2561 3173 2819 3243 Ἰωάννῃο
2859 3172 3177 3234 Πίστευσον,
3211 3171 3440 3239 ἀδελφὲ,
3492 3173 3590 3224 ἐὰν
3625 3173 3713 3224 καὶ

2140 3267 2303 3336 ἡμεῖς
2338 3265 2719 3336 πληρώσωμεν
2751 3264 2851 3324 τὰς
2875 3261 3047 3326 αὑτὰς
3071 3262 3286 3334 ἡμέρας
3319 3264 3484 3327 ἑπτὰ,
3515 3265 3618 3316 οὐκ
3647 3263 3724 3315 ἔτι

2141 3356 2338 3426 ἕξομεν
2380 3355 2480 3422 τὴν
2513 3354 2852 3418 εὐπρέπειαν
2882 3353 3090 3421 ταύτην
3124 3355 3219 3406 καὶ
3266 3353 3366 3423 τὴν
3394 3354 3584 3423 χάριν.
3621 3355 3724 3405 Καὶ

2141 3444 2292 3511 λέγει
2327 3446 2354 3496 6
2378 3443 2654 3513 Ἰωάννηςο
2681 3443 2793 3495 Καὶ
2817 3443 2868 3494 τί
2897 3441 3074 3504 θέλεις
3103 3442 3194 3494 ἵνα
3213 3444 3465 3512 γένηται,
3494 3443 3724 3510 άδελφέ;

2142 3535 2307 3602 Λέγει
2341 3533 2489 3604 αὐτῷ
2528 3533 2693 3586 πάλιν
2720 3548 2733 3560 ·
2774 3532 2902 3586 Ἐὰν
2948 3532 3191 3603 ἀκούσῃς
3248 3551 3374 3604 μου,
3400 3533 3492 3586 ἵνα
3538 3534 3724 3605 ὥσπερ

2152 3624 2622 3693 ὲγκατελείψαμεν
2673 3624 2768 3675 καί⁵
2811 3624 3208 3694 ἀπεταξάμεθα
3263 3624 3372 3676 τῶν
3421 3624 3724 3694 κοσμικῶν.

2142 3715 2543 3786 ἀποταξὼμεθα
2567 3714 2792 3790 τελείως
2825 3714 2932 3768 ἀπὸ
2961 3715 3143 3785 πάσης
3174 3716 3365 3784 πνοῆς.
3395 3715 3596 3768 Ἀλλον
3623 3714 3724 3782 γὰρ

2145 3807 2260 3879 βίον
2292 3807 2388 3859 καὶ
2421 3807 2550 3873 ξένα
2576 3806 2880 3876 πράγματα
2913 3805 3104 3876 θεωρῶ
3127 3806 3186 3858 ὲν
3213 3805 3292 3875 τῷ
3323 3809 3570 3876 σχήματι
3609 3806 3726 3859 τού-

2143 3917 2239 3970 τῳ.
2270 3899 2388 3968 Ἀφ’
2415 3893 2478 3968 ἦς
2513 3899 2622 3968 γάρ
2672 3897 2803 3950 αὑτό
2839 3899 2866 3950 ὁ
2894 3895 3081 3961 δοῦλος
3128 3897 3226 3951 τοῦ
3287 3898 3424 3951 Θεοῦ
3481 3898 3729 3951 ἐνέδυσεν

2143 3994 2313 4064 ἡμᾶς,
2347 3989 2598 4044 καίονται
2624 3988 2693 4042 τά
2723 3989 2926 4043 ἕσωθέν
2959 4006 3085 4058 μου,
3116 3989 3216 4041 οὐκ
3262 3986 3380 4041 οἴδα
3413 3989 3606 4052 πάθεν,
3641 3988 3729 4040 καὶ

2143 4083 2300 4151 ζητεῖ
2333 4080 2534 4152 ἡψυχὴ
2579 4097 2681 4150 μου
2707 4080 2784 4149 μὴ
2815 4079 3095 4148 θεωρῆσαί
3127 4095 3272 4142 τινα,
3307 4081 3449 4148 μήτε
3471 4078 3727 4147 λαλῆσαι,

2142 4171 2441 4244 ἢάκοῦσαί
2479 4187 2644 4234 τινος.
2701 4171 2863 4238 Λέγει
2909 4169 3056 4238 αὐτῷ
3111 4172 3139 4222 6
3186 4170 3482 4238 Ἰωάννης’
3531 4169 3642 4221 Καὶ
3682 4166 3730 4218 τί

2142 4262 2454 4334 τρώγομεν,
2484 4261 2684 4329 ἀδελφέ
2707 4277 2722 4324 ;
2755 4260 2919 4328 Λέγει
2946 4259 3096 4328 αὐτῷ
3126 4261 3351 4329 Συμεών
3376 4277 3390 4288 ο
3433 4260 3502 4311 Εἰ
3519 4277 3574 4313 τι
3599 4257 3732 4328 τρὼο

2143 4371 2334 4422 γουσιν
2367 4355 2416 4406 οί
2442 4345 2736 4414 ἀκούοντες
2761 4350 3004 4415 βοσκοὶ,
3034 4368 3100 4402 πε
3112 4353 3164 4420 pi.
3185 4345 3261 4403 ὧν
3291 4353 3385 4403 καὶ
3421 4351 3553 4420 χθὲς
3583 4347 3731 4402 εἶπεν

2143 4447 2274 4515 ἡμῖν
2301 4446 2331 4497 ὁ
2363 4443 2548 4514 κύριος
2591 4442 2812 4506 Νίκων;
2856 4443 3008 4512 Τάχα
3054 4443 3163 4510 γάρ
3211 4444 3306 4495 καὶ
3336 4442 3505 4503 αὐτὸς
3544 4441 3728 4504 θέλων,

458 4542 732 4611 quomodo
795 4541 1070 4596 dormiant
1100 4543 1232 4613 (l9),
1275 4552 1330 4598 et
1386 4541 1648 4611 quidquid
1675 4542 1742 4596 ad
1768 4543 1888 4596 illos
1920 4559 2033 4612 per-

2146 4537 2235 4589 ἴνα
2258 4535 2499 4589 τοιοῦτον
2535 4533 2647 4604 βίον
2674 4533 2971 4604 διάξωμεν,
2995 4534 3296 4604 διηγήσατο
3334 4535 3474 4602 ἡμῖν
3505 4533 3572 4585 τὸ
3623 4531 3732 4593 πῶς

459 4631 618 4686 tinet.
648 4631 855 4686 Deinde
879 4632 1010 4686 dicit
1033 4631 1273 4688 Joannes
1299 4651 1312 4686 :
1343 4632 1410 4685 Et
1435 4633 1742 4700 quomodo?
1765 4631 1902 4698 Quia
1939 4649 2036 4687 ne-

459 4736 567 4790 que
599 4729 841 4787 cantum,
876 4738 1052 4792 neque
1073 4738 1263 4776 eorum
1296 4721 1606 4776 institutum
1634 4723 1908 4777 novimus.

534 4897 622 4954 15.
661 4895 818 4952 Tunc
846 4897 989 4953 Deus
1021 4897 1233 4967 aperuit
1273 4911 1364 4951 cor
1395 4894 1607 4952 abbatis
1649 4894 1760 4966 (ΞΟ)
1817 4892 2042 4965 Symeo-

2147 4627 2335 4692 ζῶσιν,
2367 4627 2464 4679 καὶ
2503 4627 2621 4690 πῶς
2655 4625 2984 4696 κοιμῶνται,
3041 4625 3135 4677 καὶ
3168 4624 3345 4677 πάντα
3375 4622 3446 4675 τὰ
3487 4623 3614 4675 κατ’
3641 4623 3734 4674 αὖ-

2144 4716 2292 4780 τοὺς.
2349 4714 2480 4769 Εἶτά
2525 4735 2688 4787 φησιν
2722 4719 2750 4770 ὁ
2783 4717 3037 4787 Ἰωάννης
3060 4733 3074 4748 ·
3107 4717 3216 4769 Καὶ
3247 4714 3397 4779 πῶς;
3435 4716 3566 4768 Ὀτι
3615 4710 3735 4768 οὔτε

2145 4808 2334 4878 φάλαι,
2367 4807 2492 4862 οὔτε
2518 4809 2618 4879 τὴν
2650 4809 2986 4863 κατάστασιν
3011 4807 3424 4880 παρελάϐομεν.

2221 4898 2304 4955 ιε’.
2333 4899 2375 4950 Τ
2379 4898 2469 4952 ότε
2501 4897 2736 4970 ἀνέῳξεν
2768 4901 2796 4952 ὁ
2823 4899 2956 4962 Θεὸς
3010 4901 3109 4967 τὴν
3157 4897 3386 4967 καρδίαν
3438 4895 3540 4950 τοῦ
3596 4894 3736 4949 άϐὁᾶ

1983 5051 2210 5109 ΝΟΤᾹΞ.

533 5145 646 5217 (178)
663 5144 742 5199 lta
768 5147 1021 5216 appellati
1045 5148 1296 5217 monachi
1323 5149 1544 5217 quidam
1569 5149 1866 5204 Palaestina:
1884 5149 2040 5217 βοτα-

461 5216 708 5340 νοὲάγοι,
735 5217 861 5298 quia
897 5226 1037 5271 teste
1058 5216 1288 5300 Evagrio
1316 5216 1413 5272 lib.
1433 5236 1448 5300 ι
1472 5219 1613 5273 Eccl.
1637 5219 1772 5272 Hist.
1799 5216 1915 5287 cap.
1937 5219 2000 5271 21
2023 5237 2036 5274 :

471 5303 491 5338 ι
575 5285 690 5339 lbos
737 5287 960 5340 quidem
1009 5288 1324 5340 hominibus
1365 5297 1597 5340 usrtatos
1650 5297 2036 5340 asoernantnr.

471 5303 491 5338 ι
527 5285 690 5340 Cibos
737 5287 979 5358 quidem,
1009 5285 1324 5341 hominibus
1365 5289 1597 5343 usitatos
1650 5285 2038 5358 aspernantur,

467 5365 668 5410 terram
702 5364 898 5427 autem
957 5357 1348 5426 depascuntur,
1401 5359 1545 5412 unde
1598 5366 1654 5412 et
1692 5357 2040 5427 pabulatores

464 5425 1004 5497 cognominatiisunt
1021 5425 1283 5497 {_tantunt
1325 5438 1634 5497 carpentes,
1670 5425 1935 5496 quantum
1975 5429 2041 5481 ad

464 5492 630 5566 vitam
692 5493 910 5548 sufﬁcit.
951 5515 968 5545 ι
1033 5493 1190 5566 Sive,
1253 5492 1437 5566 prout-
1474 5499 1639 5552 tradit
1689 5492 2043 5552 Sozomenus

462 5562 562 5618 lib.
599 5578 676 5628 vi,
709 5565 918 5630 ρον.ὅῦ
949 5580 961 5616 :
992 5585 1022 5636 ί(
1063 5561 1266 5635 Νεᾳυιέ
1288 5567 1564 5621 domicilia
1611 5567 1835 5632 habent,
1869 5582 2047 5636 neque

464 5646 686 5754 panem,
733 5649 910 5702 neque
953 5635 1240 5689 obsonium
1275 5637 1588 5701 comedunt,
1635 5652 1814 5705 neque
1857 5635 2048 5691 vinum

510 5701 683 5751 ibunt.
714 5703 771 5754 In
804 5705 1080 5754 montibus
1110 5717 1292 5754 autem
1320 5707 1596 5754 degentes-
1630 5722 1846 5754 semner
1879 5708 2046 5754 Deum

511 5701 683 5774 ibunt.
714 5703 771 5754 ιιι
804 5701 1080 5774 montibus
1110 5717 1292 5759 autem
1320 5707 1596 5774 degentes,
1630 5701 1846 5774 semper
1879 5708 2046 5760 Deum

387 5829 392 5834 ε
469 5767 780 5847 celebrant,
848 5772 1099 5847 precibus
1156 5782 1225 5847 et_
1258 5767 1473 5843 hymnis
1531 5767 1832 5847 secundum
1884 5776 2046 5847 ritum

473 5837 726 5890 Ecclesia:
747 5849 1019 5893 vacantes.
1037 5840 1264 5904 Quando
1283 5837 1412 5898 vero
1439 5843 1692 5898 vescendi
1716 5853 1930 5913 tempus
1954 5846 2048 5898 ad-

2146 5147 2318 5209 venit,
2349 5147 2721 5216 pabulantium
2753 5146 2806 5199 in
2834 5162 3062 5212 morem,
3082 5145 3309 5216 quilibet
3338 5143 3475 5199 falce
3494 5154 3734 5213 arrepta,

2147 5233 2245 5288 per
2273 5229 2516 5288 montem
2549 5225 2828 5288 vagantes,
2872 5216 3058 5271 herbis
3085 5222 3403 5286 pascuntur.
3431 5233 3450 5264 ι

2217 5287 2328 5357 (l9)
2366 5288 2440 5341 Ita
2483 5283 2819 5357 ecgraphum
2871 5283 3119 5339 nostrum
3146 5302 3184 5357 ;_
3213 5299 3324 5357 non
3369 5283 3678 5357 κομῶνται,
3707 5297 3734 5335 a

2147 5353 2362 5425 κομάω,
2385 5357 2528 5425 quod
2554 5353 2662 5410 est
2681 5372 2886 5409 comam
2911 5357 3105 5419 muria,
3144 5353 3307 5410 sicuti
3336 5355 3613 5423 expressit
3648 5353 3738 5406 ln-

2151 5437 2362 5494 terpres
2394 5427 2537 5494 apud
2569 5427 2812 5479 Surium.

2222 5495 2334 5565 (20)
2367 5496 2548 5550 Abbas
2586 5511 2696 5550 non
2732 5504 2941 5548 tantum
2977 5495 3323 5565 [tegumenum
3349 5534 3361 5554 .
3385 5509 3495 5565 seu
3539 5494 3737 5565 prefe-

2157 5563 2290 5620 ctum
2317 5563 2632 5618 'manasterii
2670 5565 3008 5633 designabat,
3039 5564 3132 5618 sed
3168 5565 3239 5617 ita
3263 5563 3738 5633 compellabantur

2157 5635 2411 5690 monachi
2429 5635 2625 5704 passim
2645 5630 2856 5704 omnes,
2885 5637 3188 5704 praascrtim
3221 5630 3732 5704 senio‘venerandi.

2157 5705 2212 5757 Id
2243 5705 2387 5774 quod
2418 5702 2584 5758 semel
2611 5705 2700 5758 hic
2740 5703 3010 5774 indicasse
3039 5703 3110 5757 sit
3135 5702 3267 5758 satis
3299 5702 3357 5756 in
3389 5710 3734 5757 antecessum

2155 5773 2316 5828 etiam
2341 5789 2439 5843 pro
2474 5773 2608 5830 locis
2634 5773 3013 5843 sequentibus.
