3976 6414
308 430 445 496 1689

1575 448 1753 509 VITA
1795 452 1856 511 S.
1882 452 2284 516 SYMEONIS.

3419 440 3554 525 i690

302 540 552 613 Συμεὼν,
583 545 678 597 καὶ
709 540 865 599 εἶπεν
884 564 896 578 ·
943 549 1000 603 '0
1047 550 1227 614 σώσας
1274 554 1402 616 τοὺς
1431 557 1541 618 πρὸ
1586 556 1683 609 τοῦ
1711 558 1873 611 Δαυῒδ

1983 563 2084 624 nis,
2107 565 2201 633 qui
2230 564 2369 618 dixit
2396 582 2411 619 :
2445 562 2548 630 Qui
2580 565 2820 622 servavit
2849 582 2965 630 eos.
3013 569 3106 637 qui
3141 578 3268 622 ante
3298 568 3554 625 Davidem

303 633 784 705 εὐαρεστήσαντας
825 639 993 710 αὐτῷ.
1056 642 1219 707 σώζει
1270 646 1365 698 καὶ¹
1408 648 1577 716 ήμᾶς.
1610 648 1673 701 Ei
1701 647 1756 701 δὲ
1782 649 1877 701 καὶ

304 723 445 790 ἄξιοι
475 726 783 798 γενώμεθα,
818 730 1061 786 διδάσκει
1095 734 1190 788 καὶ
1217 737 1389 805 ἡμᾶς,
1413 738 1489 800 ὡς
1508 739 1758 805 ἐδίδαξεν
1788 740 1878 793 τὸν

302 815 490 883 Δαυῖδ,
522 817 600 879 ὡς
629 814 699 889 ἣν
724 821 804 883 είς
830 822 901 893 τὰ
925 825 1173 893 πρόϐατα
1221 829 1301 891 είς
1358 845 1458 898 την
1516 829 1742 899 ἔρημον,
1801 833 1877 903 μή

304 906 537 979 θελήσῃς
569 910 841 981 ἀνακόψαι
868 913 966 984 τὴν
994 916 1311 987 προθυμίαν
1338 936 1464 988 μου,
1488 920 1879 990 ἅδελφὲ.Ἀλλὰ

302 999 513 1066 λοιπὸν,
540 1003 622 1055 ὃτι
655 1004 735 1066 είς
772 1005 930 1059 τοῦτο
961 1008 1022 1059 τὸ
1043 1010 1276 1078 πρᾶγμα
1318 1010 1602 1080 ἐδώκαμεν
1632 1013 1877 1079 ἑαυτοὺς,

307 1089 385 1159 μὴ
414 1091 769 1162 ἀφανίσωμεν
795 1096 949 1149 αὐτό.
980 1097 1112 1150 Τότε
1147 1101 1175 1150 6
1195 1099 1356 1169 κῦρις
1407 1100 1662 1169 Ἰωάννης
1701 1098 1878 1156 εἶπενο

317 1180 406 1243 Ὠς
436 1181 630 1248 θέλεις,
658 1188 978 1255 ποιήσομεν.
1005 1189 1199 1251 Πῶςδὲ
1228 1192 1321 1241 καὶ
1352 1190 1683 1262 ἐξερχόμεθα
1703 1209 1717 1253 ς
1741 1195 1881 1263 ὁτιή

303 1270 449 1339 θύρα
480 1272 722 1327 κλείεται
749 1278 815 1343 τῇ
845 1276 1029 1329 νυκτίο
1087 1277 1255 1347 Λέγει
1312 1279 1465 1349 αὺτῴ
1518 1281 1776 1350 Συμεών·
1825 1283 1882 1335 ὐ

300 1361 521 1427 ἀνοίξας
551 1365 685 1433 ἡμῖν
707 1367 772 1435 τῇ
808 1366 1016 1436 ἡμέρα,
1039 1370 1203 1433 αὐτὸς
1230 1370 1437 1438 ἀνοίγει
1466 1374 1560 1426 καὶ
1597 1377 1663 1443 τῇ
1700 1375 1877 1428 νυκτί.

312 1450 404 1513 Ὠς
426 1448 519 1504 οὖν
548 1455 786 1523 ἔστησαν
813 1458 910 1526 τὴν
928 1457 1142 1527 βουλὴν,
1173 1462 1334 1523 εὐθὺς
1351 1463 1455 1531 τῆς
1482 1467 1678 1528 νυκτὸς
1711 1483 1880 1518 κατα-

302 1540 612 1610 λαϐούσης,
650 1543 848 1614 θεωρεῖ
900 1548 929 1598 6
978 1547 1281 1617 ἡγούμενός
1330 1567 1455 1603 τινα
1503 1552 1626 1604 καθ’
1679 1552 1904 1616 ὖπνους’

299 1628 588 1695 ἀνοίγοντα
618 1630 718 1698 τὴν
741 1631 914 1702 θύραν
935 1635 1028 1688 τοῦ
1044 1633 1448 1708 ’μοναστηρίου,
1489 1644 1583 1693 καὶ
1611 1641 1837 1710 λέγοντα
1867 1660 1880 1674 ’

312 1715 591 1783 Ἐξέλθετε
611 1761 626 1786 ,
658 1721 908 1792 πρόϐατα
939 1727 1356 1797 ὲσφραγισμένα
1378 1731 1473 1783 τοῦ
1501 1733 1763 1801 Χριστοῦ,
1803 1736 1891 1797 εἰς⁵

298 1807 403 1875 τὴν
431 1809 630 1880 βοσκὴν
663 1812 836 1895 ὑμῶν.
884 1816 992 1868 Καὶ
1028 1817 1394 1883 διυπνισθεὶς,
1435 1821 1640 1885 εὐθέως
1683 1825 1883 1893 κατέρ-

1980 651 2309 720 placuerunt
2353 652 2487 716 Deo,
2531 668 2632 708 nos
2669 671 2888 726 quoque
2919 658 3196 721 servabit;
3239 668 3315 721 et,
3349 659 3394 713 si
3432 659 3556 729 qui-

1978 740 2103 794 dem
2140 740 2332 797 ﬁamus
2373 743 2550 813 digni,
2587 759 2690 800 nos
2723 746 2852 800 item
2893 746 3131 808 docebit,
3168 759 3328 817 prout
3374 748 3562 802 docuit

1981 833 2262 898 Davidem,
2300 835 2517 902 quando
2544 834 2599 888 in
2630 836 2927 892 solitudine
2954 839 3213 907 pascebat
3238 853 3391 893 oves.
3414 838 3556 902 Noli,

1981 924 2170 988 frater,
2194 925 2530 997 desiderium
2560 940 2742 982 meum
2767 928 3067 982 retardare.
3102 927 3258 994 Quod
3287 939 3559 998 superest,

1981 1030 2053 1069 ne
2083 1030 2219 1078 rem,
2266 1030 2375 1084 quo
2431 1016 2675 1073 animum
2725 1018 3056 1088 appulimus,
3098 1019 3389 1073 reddamus
3437 1020 3562 1073 irri-

1980 1115 2114 1160 tam.
2154 1106 2294 1160 Tum
2328 1107 2582 1163 dominus
2628 1107 2868 1165 Joannes
2912 1111 3090 1165 dixit:
3138 1109 3445 1177 Faciemus,
3482 1112 3563 1165 uti

1984 1198 2084 1251 vis.
2118 1200 2189 1253 At
2224 1200 2500 1268 quomodo
2532 1201 2844 1282 exibimus?
2895 1202 3029 1256 Nam
3076 1214 3240 1257 noctu
3292 1204 3566 1257 clauditur

1984 1289 2206 1343 ostium.
2245 1290 2380 1344 Dicit
2407 1291 2457 1345 ei
2489 1290 2726 1363 Symeon
2766 1309 2779 1345 :
2816 1291 2919 1358 Qui
2959 1294 3087 1348 illud
3136 1295 3296 1349 nobis
3349 1295 3567 1364 aperuit

1985 1379 2246 1444 interdiu,
2297 1381 2440 1435 idem
2477 1382 2566 1437 ille
2597 1395 2764 1438 noctu
2814 1385 3043 1453 aperiet.
3093 1385 3345 1440 Stabilito
3403 1386 3568 1456 igitur

1985 1470 2233 1532 consilio,
2268 1472 2473 1533 statim.
2503 1472 2593 1526 ubi
2622 1473 2843 1527 advenit
2873 1460 3000 1536 noxi,
3048 1475 3387 1544 hegumenus
3421 1474 3571 1528 videt

1987 1563 2223 1631 aliquem
2255 1564 2309 1616 in
2342 1565 2567 1629 somnis,
2611 1569 2947 1634 aperientem
2984 1566 3184 1620 ostium
3226 1566 3567 1631 monasterii,

1989 1662 2043 1707 et
2071 1653 2344 1707 dicentem
2374 1665 2388 1706 τ
2416 1653 2588 1718 Exite,
2615 1671 2745 1711 oves
2778 1656 3242 1727 Cbristisignatae,
3267 1657 3335 1710 ad
3372 1672 3571 1726 pascua

1988 1744 2263 1819 vestra..A
2297 1758 2488 1798 somno
2540 1745 2826 1812 excitatus,
2858 1746 3040 1802 statim
3072 1745 3138 1799 ad
3180 1745 3405 1813 januam
3448 1750 3574 1814 per-
3610 1792 3613 1795 Α

1989 1833 2158 1893 venit,
2191 1847 2353 1901 quam
2388 1834 2477 1887 ubi
2511 1834 2831 1889 invenisset
2874 1845 3141 1904 apertam,
3192 1844 3344 1890 ratus
3377 1836 3575 1891 exinde

300 1915 461 1966 χεται
481 1902 562 1963 είς
592 1902 684 1954 τὸν
710 1903 955 1971 πυλῶνα,
983 1908 1078 1981 καὶ
1102 1903 1263 1979 εὖρον
1290 1910 1455 1972 αὑτὸν
1489 1914 1759 1978 ἁνοικτδν,
1786 1916 1880 1968 καὶ

1988 1940 2258 1994 egressos,
2297 1925 2547 1979 consedit
2574 1937 2822 1990 mmstus,
2865 1941 3198 1997 gemensque
3241 1937 3299 1981 ct
3340 1928 3570 1981 dicens:

283 1991 530 2057 ,νομίσας
559 1993 641 2046 ὅτι
669 1994 890 2064 ἐξῆλθεν
924 1998 1155 2062 ἐκεῖθεν,
1174 1999 1465 2067 ἐκαθέζετο
1489 2006 1739 2072 στυγνὸς,
1759 2023 1879 2059 στε-

296 2076 481 2140 νάζων
507 2080 603 2131 καὶ
631 2080 806 2148 λέγων
828 2123 844 2147 ,
894 2085 975 2138 ὅτι
1009 2085 1125 2139 Οὐκ
1148 2087 1395 2160 ἠξιώθην
1424 2090 1537 2159 ἐγὼ
1563 2095 1592 2147 6
1621 2094 1880 2165 ἀμαρτω-

296 2167 392 2231 λδς
422 2168 605 2222 λαϐεῖν
653 2171 754 2242 τὴν
801 2175 969 2246 εὐχὴν
1017 2178 1128 2231 τῶν
1171 2182 1431 2252 Πατὲρων
1479 2202 1605 2253 μου.
1636 2185 1881 2257 Ἀληθῶς

293 2256 445 2315 οὗτοί
502 2280 601 2331 μου
645 2266 913 2336 Πατέρες,
962 2271 1055 2322 καὶ
1095 2271 1376 2337 δεσπόται,
1427 2279 1523 2331 καὶ
1571 2256 1878 2332 διδάσκαλοι

290 2352 619 2421 ἐτύγχανον,
641 2360 737 2411 καὶ
760 2357 852 2411 διὰ
874 2359 1035 2414 τοῦτο
1056 2363 1154 2431 τῆς
1175 2365 1308 2434 παρ’
1326 2367 1505 2421 αὐτῶν
1525 2368 1880 2440 παραθέσεως

290 2442 846 2513 ἡστόχησα.’Βα6αίι
904 2453 1023 2533 πῶς
1070 2453 1207 2508 λίθοι
1266 2458 1461 2528 τίμιοι,
1518 2459 1594 2524 ὥς
1652 2463 1880 2533 φησινή

290 2533 511 2606 Γραφὴ,
541 2537 828 2610 λεληθότες
857 2530 951 2596 ἐπὶ
981 2546 1085 2615 τῆς
1130 2548 1236 2618 γῆς
1271 2550 1572 2616 κυλίονται,
1619 2530 1726 2607 ύπδ
1756 2530 1882 2607 πολέ

291 2621 406 2676 λῶν
431 2626 531 2693 μὲν
560 2630 900 2699 φαινόμενοι,
933 2634 1039 2687 ὑπὸ
1069 2636 1272 2704 ὀλίγων
1301 2640 1359 2693 δὲ
1385 2641 1882 2713 καταλαμϐανόμε-

292 2726 383 2764 νοι
405 2713 420 2766 l
452 2713 541 2776 Ὠς
567 2716 741 2772 ταῦτα
766 2716 862 2773 οὖν
889 2724 969 2794 εἰς
1000 2725 1193 2781 ἑαυτὸν
1222 2728 1508 2798 ἀδημονῶν
1530 2731 1878 2800 διελογίζετο,

296 2801 413 2893 ἰδοὺ
434 2805 491 2893 οξ
513 2809 736 2876 νυμφίοι
758 2812 807 2865 οἱ
831 2813 1065 2884 καθαροὶ
1092 2816 1188 2870 τοῦ
1215 2819 1452 2888 Χριστοῦ
1474 2822 1758 2893 ἐρχόμενοι
1786 2826 1880 2878 ἐπὶ

288 2890 358 2984 τὸ
395 2892 650 2962 ἐξελθεῖν,
686 2893 761 2953 ὧν
793 2900 1107 2973 ἔμπροσθεν
1149 2907 1378 2979 ἐθεώρει
1419 2911 1450 2963 ό
1487 2890 1879 2984 καθαρώτατος

289 2983 601 3055 ἡγούμενος
638 2991 823 3046 Νίκων
872 2996 1027 3060 τινὰς
1060 2999 1352 3070 εὐνούχους
1383 2983 1873 3077 λαμπαδηφόρους,

288 3079 423 3151 τοὺς
448 3081 506 3135 δὲ
534 3084 792 3158 σκῆπτρα
826 3082 886 3142 ἐν
913 3094 979 3162 τῇ
1014 3095 1112 3164 μιᾷ
1134 3096 1282 3166 χειρὶ
1302 3097 1659 3167 κατέχοντας.

1986 2016 2105 2071 Non
2144 2031 2294 2072 eram
2334 2018 2534 2088 dignus
2585 2033 2687 2088 ego
2733 2029 3007 2087 peccator,
3054 2019 3270 2072 Patrum
3325 2031 3575 2093 meorum

1986 2123 2176 2177 preces
2204 2108 2474 2177 accipere.
2523 2109 2603 2163 llli
2633 2125 2764 2163 sane
2789 2116 2949 2164 erant
2979 2110 3169 2164 Patres
3208 2109 3337 2173 mei,
3375 2119 3430 2163 et
3475 2111 3574 2163 do—

1987 2202 2153 2266 mini,
2186 2216 2250 2256 ac
2281 2200 2526 2272 magistri
2559 2220 2571 2255 :
2601 2201 2726 2255 ideo
2768 2216 3017 2271 scopum,
3052 2216 3215 2270 quem
3270 2201 3372 2255 sibi
3430 2217 3574 2271 prae-

1988 2293 2245 2357 ﬁxerunt,
2280 2308 2391 2347 non
2420 2307 2541 2346 sum
2582 2301 2893 2346 assecutus.
2932 2291 3128 2359 Papae!
3156 2307 3320 2360 quam
3352 2293 3577 2361 pretiosi

1981 2384 2209 2453 lapides,
2264 2393 2322 2438 ut
2368 2384 2612 2453 loquitur
2652 2383 2935 2453 Scriptura
2998 2384 3064 2448 ¹⁸,
3120 2383 3353 2437 latentes
3412 2398 3577 2453 supra

1982 2485 2184 2529 tenam
2215 2476 2543 2540 volvuntur;
2580 2473 2673 2543 qui
2707 2480 2747 2527 a'
2786 2473 2976 2529 multis
3022 2473 3243 2542 quidem
3300 2473 3575 2533 videntur,

1980 2567 2077 2621 sed
2120 2582 2151 2620 a
2200 2568 2392 2635 paucis
2435 2565 2953 2636 apprehenduntur.
3008 2565 3145 2619 Dum
3192 2566 3309 2620 haec
3351 2574 3579 2619 mmstus

1979 2673 2167 2712 secum
2193 2659 2452 2728 agitabat,
2476 2673 2606 2712 cccc
2643 2658 2764 2728 puri
2797 2657 2984 2727 sponsi
3017 2655 3221 2711 Christi
3260 2657 3491 2711 veniunt
3520 2666 3582 2710 ut

1970 2745 2360 2817 egrediantur,
2404 2757 2533 2802 ante
2570 2762 2708 2817 quos
2735 2746 3218 2815 contemplabatur
3248 2746 3582 2814 purissimus

1989 2836 2329 2908 hegumenus
2380 2838 2551 2892 Nicon
2601 2839 2890 2893 eunuchos
2932 2838 3165 2906 aliquot,
3204 2852 3436 2906 quorum
3490 2836 3581 2890 alii

1983 2926 2235 2984 ferebant
2265 2929 2563 2999 lampades,
2589 2929 2680 2983 alii
2713 2937 2927 2999 sceptra
2952 2944 3117 2983 manu
3146 2928 3433 2982 tenebant.

1764 3240 1996 3300 CAPUT
2040 3245 2097 3303 ν.

1241 3353 1484 3410 Secessus
1522 3358 1578 3409 in
1610 3358 1984 3428 solitudinem,
2015 3361 2237 3418 Satame
2268 3366 2614 3419 machinatio.

370 3467 466 3526 ις’.
502 3462 593 3527 Ὠς
615 3459 709 3517 οὖν
743 3466 966 3529 τούτους
998 3466 1285 3534 ἐθεάσατο,
1331 3473 1639 3542 περιχαρὴς
1675 3474 1880 3545 σφόδρα

2058 3476 2146 3530 16.
2194 3477 2300 3532 Eos
2334 3478 2499 3547 igitur
2543 3478 2914 3546 conspicatus,
2953 3476 3124 3529 solide
3171 3475 3394 3544 gavisus
3447 3475 3577 3539 fuit;

292 3553 533 3621 ἐγένετο,
566 3555 703 3608 διότι
728 3558 827 3610 οὐκ
854 3559 1127 3630 ἀπέτυχεν
1146 3563 1246 3631 τῆς
1273 3564 1439 3616 αὑτοῦ
1466 3565 1761 3636 ἐπιθυμίας
1783 3582 1797 3598 °
1822 3568 1880 3620 ὃν

296 3643 632 3713 θεασάμενοι
668 3647 721 3698 οἱ
765 3648 1049 3721 μακάριοι,
1087 3650 1472 3721 ἠϐουλήθησαν
1513 3642 1879 3724 ὑποστρέψαι,

294 3738 379 3811 μὴ
407 3741 705 3810 νοήσαντες
750 3743 834 3794 ὅτι
887 3743 916 3795 6
958 3745 1263 3815 ἡγούμενός
1298 3746 1757 3818 ἐστιν.Ἔδραμεν
1789 3745 1881 3802 οὖν

274 3831 319 3882 -ό
345 3831 497 3891 ὅσιος
533 3831 722 3885 Νίκων
750 3833 845 3886 καὶ
885 3835 1330 3904 προσεκαλέσατο
1360 3838 1560 3903 αὐτοὺς
1591 3840 1730 3908 πρὸς
1756 3841 1882 3892 ἐαυ-

286 3922 411 3976 τόν.
452 3923 540 3983 Ὠς
581 3920 676 3978 οὖν
718 3924 964 3993 ἔγνωσαν
995 3928 1077 3981 ὅτι
1107 3929 1137 3980 6
1163 3930 1468 4000 ἡγούμενός
1511 3934 1681 3996 ἐστιν,
1712 3926 1883 4003 ’περι-

277 4016 484 4083 χαρεῖς
510 4016 605 4069 καὶ
631 4016 787 4069 αὐτοὶ
809 4018 1083 4085 ἐγένοντο,
1123 4018 1359 4090 μάλιστα
1385 4023 1764 4094 θεωρήσαντες
1788 4025 1880 4077 καὶ

284 4106 385 4159 τὸν
418 4107 641 4160 πυλῶνα
675 4111 922 4163 ἁνοικτόν
950 4127 966 4142 ·
998 4112 1231 4183 ἐνόησαν
1264 4114 1373 4185 γὰρ
1399 4114 1482 4167 ὅτι
1512 4116 1540 4168 6
1569 4114 1702 4180 Θεὸς
1729 4115 1880 4186 αὐτῷ

284 4198 457 4251 πάλιν
482 4200 577 4252 καὶ
605 4199 763 4253 τοῦτο
790 4202 1164 4272 ἀπεκάλυψεν.
1222 4204 1527 4274 Ἠθὲλησαν
1551 4202 1646 4260 οὖν
1697 4206 1879 4277 βαλεῖν

288 4287 605 4356 μετάνοιαν,
633 4291 732 4343 καὶ
752 4289 1082 4346 διεκώλυσεν
1113 4294 1312 4357 αὐτοὺς
1339 4294 1536 4363 λέγων,
1569 4295 1736 4366 μηδὲν
1769 4314 1880 4350 τοι-

283 4376 449 4430 οῦτον
476 4379 662 4443 αὐτοῖς
689 4379 890 4445 ἐξεῖναι
911 4385 1258 4455 ποιῆσαι,διὰ
1284 4385 1384 4455 τὴν
1407 4386 1575 4457 τιμὴν
1600 4386 1695 4441 τοῦ
1717 4405 1875 4459 περι-

280 4469 540 4532 τεθέντος
569 4471 752 4534 αὐτοῖς
793 4473 1090 4541 ἀγγελικοῦ
1131 4474 1431 4545 σχήματος
1477 4476 1745 4544 Λέγουσιν
1780 4475 1875 4532 οὖν

283 4561 441 4632 αὐτῷ
461 4561 682 4625 εὐθέως·
703 4565 1150 4637 [εὐχαριστοῦμεν
1172 4584 1275 4633 σοι,
1303 4570 1504 4640 Πάτερ,
1523 4570 1619 4623 καὶ
1634 4570 1686 4623 τί
1705 4587 1875 4641 προσ-

1985 3569 2113 3637 quia
2157 3584 2270 3622 non
2321 3578 2444 3622 erat
2479 3568 2776 3622 frustratus
2806 3582 2906 3621 suo
2936 3564 3233 3620 desiderio.
3280 3564 3579 3634 Postquam

1986 3656 2134 3710 hunc
2172 3655 2438 3709 vidissent
2471 3654 2636 3716 beati,
2683 3654 2980 3709 voluerunt
3015 3651 3218 3715 redire,
3261 3666 3373 3705 non
3423 3652 3577 3721 cogi-

1985 3753 2164 3799 tantes
2221 3745 2367 3813 quod
2413 3730 2778 3819 "ltegumenus
2833 3749 3001 3797 esset.
3070 3728 3328 3795 Cucurrit
3390 3740 3578 3809 itaque

1983 3844 2209 3890 sanctus
2238 3835 2433 3900 Nicon,
2460 3844 2514 3888 et
2554 3833 2839 3889 advocavit
2868 3847 2964 3888 eos
2986 3832 3052 3885 ad
3086 3846 3164 3886 se.
3198 3830 3301 3886 Ubi
3337 3830 3576 3900 primum

1983 3927 2067 3981 eis
2109 3927 2455 3996 begumenus
2508 3924 2774 3990 innotuit,
2814 3918 2928 3994 ipsi
2968 3908 3145 3977 ctiam
3206 3921 3362 3976 valde
3407 3920 3575 3992 gavisi

1984 4025 2134 4081 sunt,
2184 4017 2421 4072 maxime
2472 4006 2697 4087 quando
2742 4016 3003 4071 videbant
3041 4015 3242 4070 ostium
3295 4022 3572 4084 apertum.

1985 4101 2198 4157 Etenim
2255 4103 2428 4159 Deum
2476 4106 2583 4159 hoc
2626 4104 2704 4158 illi
2751 4121 2973 4160 rursum
3022 4103 3320 4166 revelassc,
3365 4103 3574 4173 cogita-

1984 4193 2133 4249 bant.
2166 4193 2396 4264 Jamque
2423 4196 2685 4251 volebant
2715 4196 3097 4266 paenitentiam
3128 4194 3340 4265 (ﬁl-‘2‘!)
3368 4193 3574 4258 facere,

1981 4293 2039 4338 at
2077 4285 2249 4339 vetuit
2296 4285 2400 4340 illis
2432 4284 2623 4341 dicens
2679 4285 2817 4339 nihil
2850 4286 2958 4340 tale
3011 4286 3094 4340 eis
3144 4284 3312 4339 licere
3348 4284 3572 4353 facere;

1983 4381 2207 4443 propter
2237 4375 2544 4445 angelicum
2573 4375 2843 4439 habitum,
2875 4390 2987 4445 quo
3027 4383 3187 4429 erant
3217 4374 3414 4430 induti.
3451 4374 3574 4429 Mox

1982 4462 2057 4516 illi
2092 4462 2284 4518 dicunt
2309 4480 2324 4516 :
2350 4456 2542 4520 Grates
2572 4465 2669 4520 tibi
2695 4467 2928 4537 agimus,
2954 4482 2987 4520 ο
3010 4465 3189 4529 Pater,
3222 4473 3277 4518 et
3306 4465 3573 4535 quidnam

1982 4553 2095 4607 Deo
2152 4568 2217 4608 ac
2285 4555 2602 4610 venerando
2659 4555 2825 4624 capiti
2871 4564 2964 4611 tuo
3021 4555 3196 4611 simus
3246 4556 3575 4625 repensuri,

282 4651 417 4717 ἁξαι
445 4651 524 4723 τῷ
552 4652 671 4723 Θεῷ
709 4654 807 4708 καὶ
834 4658 901 4727 τῇ
940 4659 1006 4728 σῇ
1030 4659 1190 4730 τιμίᾳ
1220 4659 1460 4730 κεφαλῇ,
1499 4661 1600 4715 οὐκ
1627 4661 1870 4732 οἴδαμεν.

1983 4646 2321 4714 ignoramus.
2354 4645 2491 4711 Quis
2525 4661 2629 4701 nos
2680 4646 2995 4716 hujusmodi
3025 4646 3186 4701 donis
3218 4646 3578 4701 cumulandos

281 4742 387 4806 Τίς
439 4745 590 4813 ἡμᾶς
649 4745 910 4801 τοιούτων
973 4749 1193 4818 δωρεῶν
1249 4751 1547 4823 ἀξιωθῆναι
1601 4753 1869 4824 ήλπιζενς

1983 4738 2303 4806 sperasset?
2331 4736 2520 4803 Qualis
2565 4753 2660 4792 rex
2707 4754 2809 4794 nos
2853 4738 2943 4793 tali
2978 4739 3251 4810 dignitate
3294 4739 3577 4793 honorare

283 4836 443 4894 ποίος
473 4832 731 4903 βασιλεὺς
759 4835 986 4906 τοιούτῳ
1011 4835 1285 4909 ἀξιώματι
1312 4841 1464 4910 ἡμᾶς
1484 4842 1714 4911 τιμῆσαι
1744 4840 1874 4909 ἠδύ-

1983 4831 2203 4900 posset?
2236 4828 2439 4894 Quales
2480 4830 2684 4885 terreni
2734 4831 2982 4885 thesauri
3029 4831 3167 4885 adeo
3197 4840 3428 4901 repente
3470 4846 3576 4886 nos

283 4940 458 4990 νατο;
497 4928 637 4978 ποῖοι
667 4926 901 4994 ἐπίγειοι
927 4926 1196 4998 θησαυροὶ
1229 4930 1405 4994 οὓτως
1425 4931 1877 5002 ἐξαίφνης-πλού-

1983 4919 2181 4976 divites
2211 4919 2543 4977 redderent?
2580 4919 2835 4986 Qualium
2876 4923 3219 4977 lavacrorum
3265 4937 3398 4976 usus
3435 4924 3577 4977 adeo

281 5013 454 5082 τῆσαι
515 5016 662 5087 ἡμᾶς
716 5018 970 5085 ὲποίουν;
1010 5020 1182 5073 ποίων
1241 5021 1489 5091 λουτρῶν
1552 5023 1874 5089 ἀπολούσεις

1983 5013 2219 5068 animam
2262 5022 2504 5071 nostram
2551 5014 2879 5069 mandaret?
2928 5014 3130 5081 Quales
3181 5020 3444 5084 parentes
3493 5014 3572 5068 ita

277 5105 457 5168 οὕτως
488 5108 646 5177 ήμῶν
677 5112 778 5180 τὴν
805 5110 983 5181 ψυχὴν
1004 5111 1363 5182 ὲκαθάριζον;
1400 5116 1545 5167 ποῖοι
1581 5118 1759 5181 γονεῖς
1784 5113 1875 5168 οὖ-

1983 5107 2204 5178 diligere
2236 5116 2460 5177 possent
2508 5122 2573 5161 ac
2612 5108 2868 5162 servare?
2899 5107 3089 5173 Qualia
3123 5105 3281 5160 xenia
3318 5104 3573 5173 donaque

272 5210 393 5258 τως
431 5197 719 5267 ἀγαπῆσαι
760 5200 854 5253 καὶ⁹
884 5200 1055 5256 σῶσαι
1079 5203 1362 5269 ὲδύναντο;
1394 5207 1522 5257 ποῖα
1552 5204 1702 5271 ξένια
1722 5204 1872 5276 δῶρα

1983 5198 2358 5254 remissionem
2403 5208 2752 5269 peccatorum
2803 5210 3118 5254 nostrorum
3174 5208 3282 5253 tam
3326 5196 3585 5252 breviter.

278 5285 386 5359 τὴν
416 5288 524 5340 τῶν
560 5290 843 5359 ἁμαρτιῶν
895 5293 1055 5363 ἡμῶν
1105 5295 1298 5363 ἄφεσιν
1351 5298 1633 5367 συντόμως
1693 5296 1871 5363 οὓτως

1983 5290 2137 5345 nobis
2169 5290 2400 5356 aﬂ‘erre,
2435 5292 2579 5345 sicut
2621 5300 2679 5346 tu
2724 5290 2880 5357 facis,
2915 5291 3230 5347 venerande
3279 5292 3438 5346 Pater
3469 5307 3571 5346 no-

276 5374 506 5447 ὲνὲγκαι
536 5381 668 5450 ἡμῖν
692 5380 894 5452 ἴσχυον,
917 5384 993 5448 ὡς
1029 5385 1117 5450 σὺ,
1148 5386 1302 5456 τίμιε
1332 5386 1493 5458 ήμῶν
1532 5388 1735 5460 Πάτερ,
1769 5387 1865 5442 καὶ

1983 5385 2123 5443 ster?
2152 5383 2234 5438 Tu
2277 5383 2681 5454 progenitorum
2717 5384 2963 5438 omnium
3003 5399 3068 5439 ac
3100 5394 3394 5454 parentum
3442 5380 3569 5439 loco

355 5506 403 5540 ³³
432 5508 660 5586 Z_acltar.
712 5530 788 5583 Ix,
824 5515 911 5570 16.

1813 5614 2057 5671 NOTAE.

353 5698 569 5770 (ει-29)
597 5698 868 5777 Interprcs
897 5704 1039 5772 apud
1067 5702 1288 5777 Surium
1322 5705 1447 5777 legit
1475 5706 1660 5777 καλεῖν
1690 5707 1858 5777 μετά-

1983 5721 2135 5777 ζιιίιτε
2166 5706 2400 5777 corporis
2432 5714 2480 5759 et
2513 5707 2707 5775 capitis
2745 5707 3137 5777 inclinationes,
3172 5704 3461 5762 monachis
3495 5723 3564 5767 ac

276 5783 454 5849 γριαν,
502 5780 557 5824 et
596 5771 774 5826 reddit
833 5771 1017 5849 vocare
1073 5771 1461 5849 paenitentiam.
1518 5776 1654 5849 Nota
1691 5771 1701 5777 ’
1734 5794 1858 5849 cum
1967 5771 2362 5849 paenitentibus
2396 5771 2644 5849 usitatas.
2683 5777 2747 5834 Et
2792 5776 3026 5832 fortasse
3055 5777 3157 5834 hoc
3188 5793 3356 5834 sensu
3394 5778 3564 5849 μετά-

274 5837 487 5911 Gangio
524 5856 711 5896 vocem
754 5842 1032 5912 μετάνοια,
1073 5837 1278 5916 praeter
1326 5846 1686 5913 pwuitentiam
1718 5848 1861 5903 desi—

1983 5864 2088 5901 ma
2120 5846 2208 5902 hic
2235 5845 2523 5919 accipitur.
2660 5865 2664 5868 ‘
