  <div class='ocr_page' id='page_1' title='image "/cluster/home/n/w/nwhite01/storage/ocr_20150623/93/coo.31924054869973/857.png"; bbox 0 0 3976 6416; ppageno 0'>
   <div class='ocr_carea' id='block_1_1' title="bbox 466 418 592 487">
    <p class='ocr_par' dir='ltr' id='par_1_1' title="bbox 466 418 592 487">
     <span class='ocr_line' id='line_1_1' title="bbox 466 418 592 487; baseline -0.024 -1"><span class='ocrx_word' id='word_1_1' title='bbox 466 418 592 487; x_wconf 78' lang='grc'><strong>1691</strong></span> 
     </span>
    </p>
   </div>
   <div class='ocr_carea' id='block_1_2' title="bbox 1480 422 2713 490">
    <p class='ocr_par' dir='ltr' id='par_1_2' title="bbox 1480 422 2713 490">
     <span class='ocr_line' id='line_1_2' title="bbox 1480 422 2713 490; baseline -0.003 -4"><span class='ocrx_word' id='word_1_2' title='bbox 1480 428 1793 490; x_wconf 84' lang='lat' dir='ltr'><strong>LEONTII</strong></span> <span class='ocrx_word' id='word_1_3' title='bbox 1828 424 2338 489; x_wconf 76' lang='lat' dir='ltr'><strong>NEAPOLITANI</strong></span> <span class='ocrx_word' id='word_1_4' title='bbox 2379 422 2713 483; x_wconf 81' lang='lat' dir='ltr'><strong>EPISCOPI</strong></span> 
     </span>
    </p>
   </div>
   <div class='ocr_carea' id='block_1_3' title="bbox 3574 417 3708 487">
    <p class='ocr_par' dir='ltr' id='par_1_3' title="bbox 3574 417 3708 487">
     <span class='ocr_line' id='line_1_3' title="bbox 3574 417 3708 487; baseline 0.045 -6"><span class='ocrx_word' id='word_1_5' title='bbox 3574 417 3708 487; x_wconf 67' lang='lat'><strong>1592</strong></span> 
     </span>
    </p>
   </div>
   <div class='ocr_carea' id='block_1_4' title="bbox 463 529 2051 608">
    <p class='ocr_par' dir='ltr' id='par_1_4' title="bbox 463 535 2051 608">
     <span class='ocr_line' id='line_1_4' title="bbox 463 535 2051 608; baseline 0.001 -18"><span class='ocrx_word' id='word_1_6' title='bbox 463 535 646 602; x_wconf 85' lang='lat' dir='ltr'><strong>nobis,</strong></span> <span class='ocrx_word' id='word_1_7' title='bbox 681 543 804 605; x_wconf 92' lang='lat' dir='ltr'><strong>post</strong></span> <span class='ocrx_word' id='word_1_8' title='bbox 833 535 1110 591; x_wconf 74' lang='lat' dir='ltr'><strong>Christum</strong></span> <span class='ocrx_word' id='word_1_9' title='bbox 1130 577 1146 603; x_wconf 90' lang='lat'><strong>,</strong></span> <span class='ocrx_word' id='word_1_10' title='bbox 1189 546 1344 608; x_wconf 85' lang='lat' dir='ltr'><strong>pater</strong></span> <span class='ocrx_word' id='word_1_11' title='bbox 1369 549 1424 595; x_wconf 91' lang='lat' dir='ltr'><strong>et</strong></span> <span class='ocrx_word' id='word_1_12' title='bbox 1452 549 1630 596; x_wconf 88' lang='lat' dir='ltr'><strong>mater</strong></span> <span class='ocrx_word' id='word_1_13' title='bbox 1653 559 1732 597; x_wconf 89' lang='lat' dir='ltr'><strong>es.</strong></span> <span class='ocrx_word' id='word_1_14' title='bbox 1769 541 1852 596; x_wconf 90' lang='lat' dir='ltr'><strong>Tu</strong></span> <span class='ocrx_word' id='word_1_15' title='bbox 1877 540 2051 596; x_wconf 87' lang='lat' dir='ltr'><strong>domi-</strong></span> 
     </span>
    </p>
   </div>
   <div class='ocr_carea' id='block_1_5' title="bbox 2157 529 3706 608">
    <p class='ocr_par' dir='ltr' id='par_1_5' title="bbox 2157 529 3706 604">
     <span class='ocr_line' id='line_1_5' title="bbox 2157 529 3706 604; baseline -0.002 -17"><span class='ocrx_word' id='word_1_16' title='bbox 2157 534 2276 589; x_wconf 76' lang='grc' dir='ltr'>ἀντὶ</span> <span class='ocrx_word' id='word_1_17' title='bbox 2309 535 2528 589; x_wconf 90' lang='grc' dir='ltr'>πάντων</span> <span class='ocrx_word' id='word_1_18' title='bbox 2556 536 2667 587; x_wconf 87' lang='grc' dir='ltr'><strong>τῶν</strong></span> <span class='ocrx_word' id='word_1_19' title='bbox 2705 532 2984 604; x_wconf 85' lang='grc' dir='ltr'>προγόνων</span> <span class='ocrx_word' id='word_1_20' title='bbox 3026 533 3062 603; x_wconf 85' lang='grc' dir='ltr'><strong>ή</strong></span> <span class='ocrx_word' id='word_1_21' title='bbox 3071 530 3187 602; x_wconf 87' lang='grc' dir='ltr'><strong>μῶν</strong></span> <span class='ocrx_word' id='word_1_22' title='bbox 3239 530 3336 583; x_wconf 72' lang='grc' dir='ltr'><strong>καὶ</strong></span> <span class='ocrx_word' id='word_1_23' title='bbox 3389 529 3583 597; x_wconf 76' lang='grc' dir='ltr'>γονέων</span> <span class='ocrx_word' id='word_1_24' title='bbox 3602 569 3618 592; x_wconf 89' lang='grc'><strong>,</strong></span> <span class='ocrx_word' id='word_1_25' title='bbox 3647 530 3706 584; x_wconf 73' lang='grc' dir='ltr'><strong>σὺ</strong></span> 
     </span>
    </p>
   </div>
   <div class='ocr_carea' id='block_1_6' title="bbox 464 622 2051 697">
    <p class='ocr_par' dir='ltr' id='par_1_6' title="bbox 464 625 2042 696">
     <span class='ocr_line' id='line_1_6' title="bbox 464 625 2042 696; baseline 0.004 -15"><span class='ocrx_word' id='word_1_26' title='bbox 464 642 589 691; x_wconf 92' lang='lat' dir='ltr'><strong>nus,</strong></span> <span class='ocrx_word' id='word_1_27' title='bbox 627 633 686 679; x_wconf 92' lang='lat' dir='ltr'><strong>tu</strong></span> <span class='ocrx_word' id='word_1_28' title='bbox 730 625 1049 691; x_wconf 92' lang='lat' dir='ltr'><strong>instructor,</strong></span> <span class='ocrx_word' id='word_1_29' title='bbox 1083 637 1144 682; x_wconf 93' lang='lat' dir='ltr'><strong>tu</strong></span> <span class='ocrx_word' id='word_1_30' title='bbox 1182 630 1564 695; x_wconf 89' lang='lat' dir='ltr'><strong>manuductor,</strong></span> <span class='ocrx_word' id='word_1_31' title='bbox 1595 641 1653 687; x_wconf 87' lang='grc' dir='ltr'><strong>ιιι</strong></span> <span class='ocrx_word' id='word_1_32' title='bbox 1689 633 1788 686; x_wconf 75' lang='lat' dir='ltr'><strong>via:</strong></span> <span class='ocrx_word' id='word_1_33' title='bbox 1828 633 1956 696; x_wconf 87' lang='lat' dir='ltr'><strong>dux,</strong></span> <span class='ocrx_word' id='word_1_34' title='bbox 1985 639 2042 687; x_wconf 91' lang='lat' dir='ltr'><strong>et</strong></span> 
     </span>
    </p>
   </div>
   <div class='ocr_carea' id='block_1_7' title="bbox 2157 622 3710 697">
    <p class='ocr_par' dir='ltr' id='par_1_7' title="bbox 2157 622 3710 697">
     <span class='ocr_line' id='line_1_7' title="bbox 2157 622 3710 697; baseline -0.002 -19"><span class='ocrx_word' id='word_1_35' title='bbox 2157 627 2175 697; x_wconf 58' lang='lat' dir='ltr'><strong>li</strong></span> <span class='ocrx_word' id='word_1_36' title='bbox 2183 626 2319 696; x_wconf 82' lang='grc' dir='ltr'>μῶν,</span> <span class='ocrx_word' id='word_1_37' title='bbox 2339 625 2481 696; x_wconf 83' lang='grc' dir='ltr'>μετὰ</span> <span class='ocrx_word' id='word_1_38' title='bbox 2500 625 2758 696; x_wconf 84' lang='grc' dir='ltr'>Χριστὸν,</span> <span class='ocrx_word' id='word_1_39' title='bbox 2773 623 2956 695; x_wconf 78' lang='grc' dir='ltr'>πατὴρ</span> <span class='ocrx_word' id='word_1_40' title='bbox 2981 624 3076 678; x_wconf 79' lang='grc' dir='ltr'><strong>καὶ</strong></span> <span class='ocrx_word' id='word_1_41' title='bbox 3109 624 3322 694; x_wconf 77' lang='grc' dir='ltr'>μήτηρς</span> <span class='ocrx_word' id='word_1_42' title='bbox 3339 622 3411 674; x_wconf 75' lang='grc' dir='ltr'><strong>Σὺ</strong></span> <span class='ocrx_word' id='word_1_43' title='bbox 3425 624 3710 693; x_wconf 78' lang='grc' dir='ltr'><strong>Δεσπότης,</strong></span> 
     </span>
    </p>
   </div>
   <div class='ocr_carea' id='block_1_8' title="bbox 461 717 2043 795">
    <p class='ocr_par' dir='ltr' id='par_1_8' title="bbox 461 717 2043 795">
     <span class='ocr_line' id='line_1_8' title="bbox 461 717 2043 795; baseline 0.006 -25"><span class='ocrx_word' id='word_1_44' title='bbox 461 717 565 771; x_wconf 87' lang='lat' dir='ltr'><strong>alia</strong></span> <span class='ocrx_word' id='word_1_45' title='bbox 591 732 951 788; x_wconf 59' lang='lat' dir='ltr'><strong>quascunque,</strong></span> <span class='ocrx_word' id='word_1_46' title='bbox 974 719 1177 789; x_wconf 87' lang='lat' dir='ltr'><strong>quibus</strong></span> <span class='ocrx_word' id='word_1_47' title='bbox 1200 722 1504 778; x_wconf 81' lang='lat' dir='ltr'><strong>referendis</strong></span> <span class='ocrx_word' id='word_1_48' title='bbox 1533 725 1717 795; x_wconf 79' lang='lat' dir='ltr'><strong>lingua</strong></span> <span class='ocrx_word' id='word_1_49' title='bbox 1749 741 1857 779; x_wconf 87' lang='lat' dir='ltr'><strong>non</strong></span> <span class='ocrx_word' id='word_1_50' title='bbox 1895 726 2043 780; x_wconf 84' lang='lat' dir='ltr'><strong>sulIi-</strong></span> 
     </span>
    </p>
   </div>
   <div class='ocr_carea' id='block_1_9' title="bbox 464 808 2045 886">
    <p class='ocr_par' dir='ltr' id='par_1_9' title="bbox 464 808 2045 886">
     <span class='ocr_line' id='line_1_9' title="bbox 464 808 2045 886; baseline 0.005 -24"><span class='ocrx_word' id='word_1_51' title='bbox 464 808 560 862; x_wconf 84' lang='lat' dir='ltr'><strong>cit.</strong></span> <span class='ocrx_word' id='word_1_52' title='bbox 588 808 694 865; x_wconf 89' lang='lat' dir='ltr'><strong>Per</strong></span> <span class='ocrx_word' id='word_1_53' title='bbox 741 819 794 864; x_wconf 91' lang='lat' dir='ltr'><strong>te</strong></span> <span class='ocrx_word' id='word_1_54' title='bbox 831 812 1285 880; x_wconf 75' lang='lat' dir='ltr'><strong>pretiosissimam</strong></span> <span class='ocrx_word' id='word_1_55' title='bbox 1335 816 1682 886; x_wconf 75' lang='lat' dir='ltr'><strong>margaritam</strong></span> <span class='ocrx_word' id='word_1_56' title='bbox 1727 816 1907 886; x_wconf 90' lang='lat' dir='ltr'><strong>adepti</strong></span> <span class='ocrx_word' id='word_1_57' title='bbox 1952 833 2045 872; x_wconf 87' lang='lat' dir='ltr'><strong>sn-</strong></span> 
     </span>
    </p>
   </div>
   <div class='ocr_carea' id='block_1_10' title="bbox 465 903 2044 977">
    <p class='ocr_par' dir='ltr' id='par_1_10' title="bbox 465 903 2044 977">
     <span class='ocr_line' id='line_1_10' title="bbox 465 903 2044 977; baseline 0.006 -23"><span class='ocrx_word' id='word_1_58' title='bbox 465 915 608 962; x_wconf 88' lang='lat' dir='ltr'><strong>mus,</strong></span> <span class='ocrx_word' id='word_1_59' title='bbox 660 910 718 956; x_wconf 93' lang='lat' dir='ltr'><strong>et</strong></span> <span class='ocrx_word' id='word_1_60' title='bbox 766 918 894 957; x_wconf 88' lang='lat' dir='ltr'><strong>vere</strong></span> <span class='ocrx_word' id='word_1_61' title='bbox 951 903 1295 972; x_wconf 84' lang='lat' dir='ltr'><strong>baptismatis</strong></span> <span class='ocrx_word' id='word_1_62' title='bbox 1339 905 1622 970; x_wconf 90' lang='lat' dir='ltr'><strong>virtutem,</strong></span> <span class='ocrx_word' id='word_1_63' title='bbox 1666 907 1825 977; x_wconf 83' lang='lat' dir='ltr'><strong>cujus</strong></span> <span class='ocrx_word' id='word_1_64' title='bbox 1868 910 2044 964; x_wconf 84' lang='lat' dir='ltr'><strong>sancti</strong></span> 
     </span>
    </p>
   </div>
   <div class='ocr_carea' id='block_1_11' title="bbox 464 993 2045 1068">
    <p class='ocr_par' dir='ltr' id='par_1_11' title="bbox 464 993 2045 1068">
     <span class='ocr_line' id='line_1_11' title="bbox 464 993 2045 1068; baseline 0.006 -22"><span class='ocrx_word' id='word_1_65' title='bbox 464 993 626 1048; x_wconf 90' lang='lat' dir='ltr'><strong>nobis</strong></span> <span class='ocrx_word' id='word_1_66' title='bbox 652 995 943 1064; x_wconf 62' lang='lat' dir='ltr'><strong>praanuntii</strong></span> <span class='ocrx_word' id='word_1_67' title='bbox 974 994 1164 1051; x_wconf 83' lang='lat' dir='ltr'><strong>Patres</strong></span> <span class='ocrx_word' id='word_1_68' title='bbox 1190 997 1362 1060; x_wconf 88' lang='lat' dir='ltr'><strong>fuere,</strong></span> <span class='ocrx_word' id='word_1_69' title='bbox 1390 999 1601 1068; x_wconf 80' lang='lat' dir='ltr'><strong>experti</strong></span> <span class='ocrx_word' id='word_1_70' title='bbox 1635 1014 1845 1054; x_wconf 90' lang='lat' dir='ltr'><strong>sumus.</strong></span> <span class='ocrx_word' id='word_1_71' title='bbox 1878 999 2045 1055; x_wconf 81' lang='lat' dir='ltr'><strong>Novi-</strong></span> 
     </span>
    </p>
   </div>
   <div class='ocr_carea' id='block_1_12' title="bbox 463 1090 2043 1155">
    <p class='ocr_par' dir='ltr' id='par_1_12' title="bbox 463 1090 2043 1155">
     <span class='ocr_line' id='line_1_12' title="bbox 463 1090 2043 1155; baseline 0.005 -18"><span class='ocrx_word' id='word_1_72' title='bbox 463 1100 589 1138; x_wconf 88' lang='lat' dir='ltr'><strong>mus</strong></span> <span class='ocrx_word' id='word_1_73' title='bbox 616 1101 743 1139; x_wconf 82' lang='lat' dir='ltr'><strong>vere</strong></span> <span class='ocrx_word' id='word_1_74' title='bbox 785 1097 1134 1155; x_wconf 89' lang='lat' dir='ltr'><strong>peccatorum</strong></span> <span class='ocrx_word' id='word_1_75' title='bbox 1162 1098 1478 1143; x_wconf 88' lang='lat' dir='ltr'><strong>nostrorum</strong></span> <span class='ocrx_word' id='word_1_76' title='bbox 1517 1090 1952 1145; x_wconf 81' lang='lat' dir='ltr'><strong>combustionctn</strong></span> <span class='ocrx_word' id='word_1_77' title='bbox 1978 1107 2043 1145; x_wconf 86' lang='lat' dir='ltr'><strong>ex</strong></span> 
     </span>
    </p>
   </div>
   <div class='ocr_carea' id='block_1_13' title="bbox 463 1172 2046 1243">
    <p class='ocr_par' dir='ltr' id='par_1_13' title="bbox 463 1172 2046 1243">
     <span class='ocr_line' id='line_1_13' title="bbox 463 1172 2046 1243; baseline 0.005 -18"><span class='ocrx_word' id='word_1_78' title='bbox 463 1172 611 1242; x_wconf 82' lang='lat' dir='ltr'><strong>igne,</strong></span> <span class='ocrx_word' id='word_1_79' title='bbox 639 1176 743 1243; x_wconf 87' lang='lat' dir='ltr'><strong>qui.</strong></span> <span class='ocrx_word' id='word_1_80' title='bbox 761 1175 924 1230; x_wconf 83' lang='lat' dir='ltr'><strong>corda</strong></span> <span class='ocrx_word' id='word_1_81' title='bbox 950 1186 1140 1231; x_wconf 88' lang='lat' dir='ltr'><strong>nostra</strong></span> <span class='ocrx_word' id='word_1_82' title='bbox 1178 1177 1488 1242; x_wconf 83' lang='lat' dir='ltr'><strong>comburit;</strong></span> <span class='ocrx_word' id='word_1_83' title='bbox 1516 1178 1604 1233; x_wconf 91' lang='lat' dir='ltr'><strong>cui</strong></span> <span class='ocrx_word' id='word_1_84' title='bbox 1640 1179 1921 1234; x_wconf 90' lang='lat' dir='ltr'><strong>tolerando</strong></span> <span class='ocrx_word' id='word_1_85' title='bbox 1941 1180 2046 1233; x_wconf 88' lang='lat' dir='ltr'><strong>im-</strong></span> 
     </span>
    </p>
   </div>
   <div class='ocr_carea' id='block_1_14' title="bbox 462 1262 1943 1335">
    <p class='ocr_par' dir='ltr' id='par_1_14' title="bbox 462 1262 1943 1335">
     <span class='ocr_line' id='line_1_14' title="bbox 462 1262 1943 1335; baseline 0.006 -21"><span class='ocrx_word' id='word_1_86' title='bbox 462 1276 624 1330; x_wconf 87' lang='lat' dir='ltr'><strong>pares</strong></span> <span class='ocrx_word' id='word_1_87' title='bbox 654 1277 865 1327; x_wconf 91' lang='lat' dir='ltr'><strong>sumus,</strong></span> <span class='ocrx_word' id='word_1_88' title='bbox 887 1266 1026 1320; x_wconf 89' lang='lat' dir='ltr'><strong>adeo</strong></span> <span class='ocrx_word' id='word_1_89' title='bbox 1056 1265 1358 1335; x_wconf 61' lang='lat' dir='ltr'><strong>praecordia</strong></span> <span class='ocrx_word' id='word_1_90' title='bbox 1384 1262 1576 1322; x_wconf 86' lang='lat' dir='ltr'><strong>nostra</strong></span> <span class='ocrx_word' id='word_1_91' title='bbox 1599 1266 1943 1323; x_wconf 74' lang='lat' dir='ltr'><strong>inﬂammat.—</strong></span> 
     </span>
    </p>
   </div>
   <div class='ocr_carea' id='block_1_15' title="bbox 537 1434 2050 1510">
    <p class='ocr_par' dir='ltr' id='par_1_15' title="bbox 537 1434 2050 1510">
     <span class='ocr_line' id='line_1_15' title="bbox 537 1434 2050 1510; baseline 0.007 -22"><span class='ocrx_word' id='word_1_92' title='bbox 537 1434 625 1488; x_wconf 82' lang='lat' dir='ltr'><strong>l7.</strong></span> <span class='ocrx_word' id='word_1_93' title='bbox 661 1435 1059 1494; x_wconf 88' lang='lat' dir='ltr'><strong>Beatitndinem</strong></span> <span class='ocrx_word' id='word_1_94' title='bbox 1088 1449 1268 1507; x_wconf 88' lang='lat' dir='ltr'><strong>tuam,</strong></span> <span class='ocrx_word' id='word_1_95' title='bbox 1311 1457 1345 1497; x_wconf 96' lang='lat' dir='ltr'><strong>o</strong></span> <span class='ocrx_word' id='word_1_96' title='bbox 1369 1441 1554 1509; x_wconf 86' lang='lat' dir='ltr'><strong>Pater,</strong></span> <span class='ocrx_word' id='word_1_97' title='bbox 1586 1443 1959 1510; x_wconf 85' lang='lat' dir='ltr'><strong>obsecramus,</strong></span> <span class='ocrx_word' id='word_1_98' title='bbox 1990 1454 2050 1499; x_wconf 92' lang='lat' dir='ltr'><strong>ut</strong></span> 
     </span>
    </p>
   </div>
   <div class='ocr_carea' id='block_1_16' title="bbox 463 1523 2045 1601">
    <p class='ocr_par' dir='ltr' id='par_1_16' title="bbox 463 1523 2045 1601">
     <span class='ocr_line' id='line_1_16' title="bbox 463 1523 2045 1601; baseline 0.009 -24"><span class='ocrx_word' id='word_1_99' title='bbox 463 1523 713 1595; x_wconf 86' lang='lat' dir='ltr'><strong>impense</strong></span> <span class='ocrx_word' id='word_1_100' title='bbox 741 1543 843 1597; x_wconf 91' lang='lat' dir='ltr'><strong>pro</strong></span> <span class='ocrx_word' id='word_1_101' title='bbox 871 1529 1030 1585; x_wconf 90' lang='lat' dir='ltr'><strong>nobis</strong></span> <span class='ocrx_word' id='word_1_102' title='bbox 1058 1546 1206 1597; x_wconf 89' lang='lat' dir='ltr'><strong>ores,</strong></span> <span class='ocrx_word' id='word_1_103' title='bbox 1236 1542 1290 1587; x_wconf 91' lang='lat' dir='ltr'><strong>et</strong></span> <span class='ocrx_word' id='word_1_104' title='bbox 1318 1547 1508 1587; x_wconf 91' lang='lat' dir='ltr'><strong>servos</strong></span> <span class='ocrx_word' id='word_1_105' title='bbox 1537 1542 1661 1589; x_wconf 90' lang='lat' dir='ltr'><strong>tuos</strong></span> <span class='ocrx_word' id='word_1_106' title='bbox 1690 1535 1842 1589; x_wconf 88' lang='lat' dir='ltr'><strong>abire</strong></span> <span class='ocrx_word' id='word_1_107' title='bbox 1874 1536 2045 1601; x_wconf 84' lang='lat' dir='ltr'><strong>sinas,</strong></span> 
     </span>
    </p>
   </div>
   <div class='ocr_carea' id='block_1_17' title="bbox 465 1615 2051 1686">
    <p class='ocr_par' dir='ltr' id='par_1_17' title="bbox 465 1615 2051 1686">
     <span class='ocr_line' id='line_1_17' title="bbox 465 1615 2051 1686; baseline 0.006 -19"><span class='ocrx_word' id='word_1_108' title='bbox 465 1622 525 1667; x_wconf 90' lang='lat' dir='ltr'><strong>ut</strong></span> <span class='ocrx_word' id='word_1_109' title='bbox 558 1615 775 1670; x_wconf 87' lang='lat' dir='ltr'><strong>sincere</strong></span> <span class='ocrx_word' id='word_1_110' title='bbox 803 1624 858 1671; x_wconf 89' lang='lat' dir='ltr'><strong>et</strong></span> <span class='ocrx_word' id='word_1_111' title='bbox 886 1618 1046 1673; x_wconf 80' lang='lat' dir='ltr'><strong>enixe</strong></span> <span class='ocrx_word' id='word_1_112' title='bbox 1074 1618 1186 1675; x_wconf 83' lang='lat' dir='ltr'><strong>Deo</strong></span> <span class='ocrx_word' id='word_1_113' title='bbox 1231 1620 1559 1686; x_wconf 72' lang='lat' dir='ltr'><strong>serviamus,</strong></span> <span class='ocrx_word' id='word_1_114' title='bbox 1600 1623 1690 1676; x_wconf 93' lang='lat' dir='ltr'><strong>cui</strong></span> <span class='ocrx_word' id='word_1_115' title='bbox 1714 1638 1814 1676; x_wconf 89' lang='lat' dir='ltr'><strong>nos</strong></span> <span class='ocrx_word' id='word_1_116' title='bbox 1856 1638 2051 1677; x_wconf 85' lang='lat' dir='ltr'><strong>conse-</strong></span> 
     </span>
    </p>
   </div>
   <div class='ocr_carea' id='block_1_18' title="bbox 464 1704 2050 1783">
    <p class='ocr_par' dir='ltr' id='par_1_18' title="bbox 464 1704 2050 1783">
     <span class='ocr_line' id='line_1_18' title="bbox 464 1704 2050 1783; baseline 0.008 -25"><span class='ocrx_word' id='word_1_117' title='bbox 464 1704 762 1762; x_wconf 87' lang='lat' dir='ltr'><strong>cravimus.</strong></span> <span class='ocrx_word' id='word_1_118' title='bbox 792 1706 923 1763; x_wconf 87' lang='lat' dir='ltr'><strong>Sine</strong></span> <span class='ocrx_word' id='word_1_119' title='bbox 953 1718 1005 1764; x_wconf 89' lang='lat' dir='ltr'><strong>te</strong></span> <span class='ocrx_word' id='word_1_120' title='bbox 1032 1711 1269 1777; x_wconf 85' lang='lat' dir='ltr'><strong>exorari,</strong></span> <span class='ocrx_word' id='word_1_121' title='bbox 1303 1719 1364 1766; x_wconf 88' lang='lat' dir='ltr'><strong>ut</strong></span> <span class='ocrx_word' id='word_1_122' title='bbox 1405 1728 1681 1783; x_wconf 90' lang='lat' dir='ltr'><strong>nunquam</strong></span> <span class='ocrx_word' id='word_1_123' title='bbox 1709 1714 2050 1770; x_wconf 82' lang='lat' dir='ltr'><strong>obliviscaris</strong></span> 
     </span>
    </p>
   </div>
   <div class='ocr_carea' id='block_1_19' title="bbox 468 1792 2049 1879">
    <p class='ocr_par' dir='ltr' id='par_1_19' title="bbox 468 1792 2049 1879">
     <span class='ocr_line' id='line_1_19' title="bbox 468 1792 2049 1879; baseline 0.009 -29"><span class='ocrx_word' id='word_1_124' title='bbox 468 1799 744 1855; x_wconf 89' lang='lat' dir='ltr'><strong>inutilium</strong></span> <span class='ocrx_word' id='word_1_125' title='bbox 792 1802 1033 1865; x_wconf 84' lang='lat' dir='ltr'><strong>ﬁliorum</strong></span> <span class='ocrx_word' id='word_1_126' title='bbox 1080 1814 1322 1871; x_wconf 91' lang='lat' dir='ltr'><strong>tuorum,</strong></span> <span class='ocrx_word' id='word_1_127' title='bbox 1359 1821 1427 1861; x_wconf 89' lang='lat' dir='ltr'><strong>eo</strong></span> <span class='ocrx_word' id='word_1_128' title='bbox 1471 1816 1739 1877; x_wconf 87' lang='lat' dir='ltr'><strong>tempore,</strong></span> <span class='ocrx_word' id='word_1_129' title='bbox 1786 1792 1896 1879; x_wconf 69' lang='lat' dir='ltr'><strong>quo</strong></span> <span class='ocrx_word' id='word_1_130' title='bbox 1929 1825 2049 1864; x_wconf 90' lang='lat' dir='ltr'><strong>ma-</strong></span> 
     </span>
    </p>
   </div>
   <div class='ocr_carea' id='block_1_20' title="bbox 465 1878 2123 1968">
    <p class='ocr_par' dir='ltr' id='par_1_20' title="bbox 465 1878 2123 1968">
     <span class='ocr_line' id='line_1_20' title="bbox 465 1878 2123 1968; baseline 0.009 -25"><span class='ocrx_word' id='word_1_131' title='bbox 465 1906 572 1944; x_wconf 91' lang='lat' dir='ltr'><strong>nus</strong></span> <span class='ocrx_word' id='word_1_132' title='bbox 608 1900 726 1946; x_wconf 90' lang='lat' dir='ltr'><strong>tuas</strong></span> <span class='ocrx_word' id='word_1_133' title='bbox 755 1894 1097 1949; x_wconf 89' lang='lat' dir='ltr'><strong>venerabiles</strong></span> <span class='ocrx_word' id='word_1_134' title='bbox 1117 1895 1391 1952; x_wconf 80' lang='lat' dir='ltr'><strong>extendis.</strong></span> <span class='ocrx_word' id='word_1_135' title='bbox 1410 1896 1544 1963; x_wconf 89' lang='lat' dir='ltr'><strong>ltno,</strong></span> <span class='ocrx_word' id='word_1_136' title='bbox 1570 1898 1699 1964; x_wconf 90' lang='lat' dir='ltr'><strong>imo,</strong></span> <span class='ocrx_word' id='word_1_137' title='bbox 1729 1901 1812 1953; x_wconf 92' lang='lat' dir='ltr'><strong>vir</strong></span> <span class='ocrx_word' id='word_1_138' title='bbox 1834 1911 2045 1968; x_wconf 88' lang='lat' dir='ltr'><strong>sancte,</strong></span> <span class='ocrx_word' id='word_1_139' title='bbox 2082 1878 2123 1933; x_wconf 74' lang='grc' dir='ltr'><strong><em>Β</em></strong></span> 
     </span>
    </p>
   </div>
   <div class='ocr_carea' id='block_1_21' title="bbox 465 1980 2051 2058">
    <p class='ocr_par' dir='ltr' id='par_1_21' title="bbox 465 1980 2051 2058">
     <span class='ocr_line' id='line_1_21' title="bbox 465 1980 2051 2058; baseline 0.006 -22"><span class='ocrx_word' id='word_1_140' title='bbox 465 1980 588 2036; x_wconf 83' lang='lat' dir='ltr'><strong>sine</strong></span> <span class='ocrx_word' id='word_1_141' title='bbox 627 1990 679 2037; x_wconf 91' lang='lat' dir='ltr'><strong>te</strong></span> <span class='ocrx_word' id='word_1_142' title='bbox 712 1984 924 2038; x_wconf 84' lang='lat' dir='ltr'><strong>exorari</strong></span> <span class='ocrx_word' id='word_1_143' title='bbox 950 1984 1019 2040; x_wconf 89' lang='lat' dir='ltr'><strong>ab</strong></span> <span class='ocrx_word' id='word_1_144' title='bbox 1048 1985 1371 2058; x_wconf 80' lang='lat' dir='ltr'><strong>alienigenis</strong></span> <span class='ocrx_word' id='word_1_145' title='bbox 1404 2006 1417 2041; x_wconf 93' lang='lat'>:</span> <span class='ocrx_word' id='word_1_146' title='bbox 1449 1989 1700 2045; x_wconf 87' lang='lat' dir='ltr'><strong>orbitatis</strong></span> <span class='ocrx_word' id='word_1_147' title='bbox 1737 2005 1935 2046; x_wconf 87' lang='lat' dir='ltr'><strong>eorum</strong></span> <span class='ocrx_word' id='word_1_148' title='bbox 1958 2008 2051 2046; x_wconf 88' lang='lat' dir='ltr'><strong>re-</strong></span> 
     </span>
    </p>
   </div>
   <div class='ocr_carea' id='block_1_22' title="bbox 466 2072 2046 2155">
    <p class='ocr_par' dir='ltr' id='par_1_22' title="bbox 466 2072 2046 2155">
     <span class='ocr_line' id='line_1_22' title="bbox 466 2072 2046 2155; baseline 0.009 -30"><span class='ocrx_word' id='word_1_149' title='bbox 466 2072 781 2129; x_wconf 86' lang='lat' dir='ltr'><strong>miniscere.</strong></span> <span class='ocrx_word' id='word_1_150' title='bbox 824 2076 1035 2131; x_wconf 89' lang='lat' dir='ltr'><strong>Deinde</strong></span> <span class='ocrx_word' id='word_1_151' title='bbox 1074 2093 1255 2148; x_wconf 76' lang='lat' dir='ltr'><strong>genua</strong></span> <span class='ocrx_word' id='word_1_152' title='bbox 1302 2081 1477 2135; x_wconf 91' lang='lat' dir='ltr'><strong>sancti</strong></span> <span class='ocrx_word' id='word_1_153' title='bbox 1506 2082 1746 2138; x_wconf 80' lang='lat' dir='ltr'><strong>hominis</strong></span> <span class='ocrx_word' id='word_1_154' title='bbox 1790 2085 2046 2155; x_wconf 82' lang='lat' dir='ltr'><strong>amplexi,</strong></span> 
     </span>
    </p>
   </div>
   <div class='ocr_carea' id='block_1_23' title="bbox 468 2165 2048 2234">
    <p class='ocr_par' dir='ltr' id='par_1_23' title="bbox 468 2165 2048 2234">
     <span class='ocr_line' id='line_1_23' title="bbox 468 2165 2048 2234; baseline 0.011 -19"><span class='ocrx_word' id='word_1_155' title='bbox 468 2177 686 2217; x_wconf 86' lang='lat' dir='ltr'><strong>rursum</strong></span> <span class='ocrx_word' id='word_1_156' title='bbox 734 2165 1038 2224; x_wconf 85' lang='lat' dir='ltr'><strong>dicebant:</strong></span> <span class='ocrx_word' id='word_1_157' title='bbox 1081 2167 1264 2234; x_wconf 82' lang='lat' dir='ltr'><strong>Pater,</strong></span> <span class='ocrx_word' id='word_1_158' title='bbox 1316 2179 1438 2225; x_wconf 89' lang='lat' dir='ltr'><strong>esto</strong></span> <span class='ocrx_word' id='word_1_159' title='bbox 1493 2188 1705 2228; x_wconf 89' lang='lat' dir='ltr'><strong>memor</strong></span> <span class='ocrx_word' id='word_1_160' title='bbox 1760 2176 2048 2232; x_wconf 86' lang='lat' dir='ltr'><strong>humilium</strong></span> 
     </span>
    </p>
   </div>
   <div class='ocr_carea' id='block_1_24' title="bbox 467 2257 2048 2329">
    <p class='ocr_par' dir='ltr' id='par_1_24' title="bbox 467 2257 2048 2329">
     <span class='ocr_line' id='line_1_24' title="bbox 467 2257 2048 2329; baseline 0.01 -22"><span class='ocrx_word' id='word_1_161' title='bbox 467 2264 686 2309; x_wconf 88' lang='lat' dir='ltr'><strong>tuarum</strong></span> <span class='ocrx_word' id='word_1_162' title='bbox 716 2257 921 2319; x_wconf 88' lang='lat' dir='ltr'><strong>ovium,</strong></span> <span class='ocrx_word' id='word_1_163' title='bbox 949 2276 1084 2329; x_wconf 88' lang='lat' dir='ltr'><strong>quas</strong></span> <span class='ocrx_word' id='word_1_164' title='bbox 1117 2259 1338 2317; x_wconf 85' lang='lat' dir='ltr'><strong>Christo</strong></span> <span class='ocrx_word' id='word_1_165' title='bbox 1373 2263 1690 2321; x_wconf 88' lang='lat' dir='ltr'><strong>holocausta</strong></span> <span class='ocrx_word' id='word_1_166' title='bbox 1735 2267 2048 2324; x_wconf 86' lang='lat' dir='ltr'><strong>immolasti.</strong></span> 
     </span>
    </p>
   </div>
   <div class='ocr_carea' id='block_1_25' title="bbox 467 2346 2052 2429">
    <p class='ocr_par' dir='ltr' id='par_1_25' title="bbox 467 2346 2052 2429">
     <span class='ocr_line' id='line_1_25' title="bbox 467 2346 2052 2429; baseline 0.011 -31"><span class='ocrx_word' id='word_1_167' title='bbox 467 2346 778 2403; x_wconf 79' lang='lat' dir='ltr'><strong>Recordare</strong></span> <span class='ocrx_word' id='word_1_168' title='bbox 829 2361 1180 2406; x_wconf 82' lang='lat' dir='ltr'><strong>externarum</strong></span> <span class='ocrx_word' id='word_1_169' title='bbox 1234 2354 1587 2424; x_wconf 87' lang='lat' dir='ltr'><strong>plantarum,</strong></span> <span class='ocrx_word' id='word_1_170' title='bbox 1637 2373 1777 2428; x_wconf 89' lang='lat' dir='ltr'><strong>quas</strong></span> <span class='ocrx_word' id='word_1_171' title='bbox 1818 2360 2052 2429; x_wconf 90' lang='lat' dir='ltr'><strong>pulchro</strong></span> 
     </span>
    </p>
   </div>
   <div class='ocr_carea' id='block_1_26' title="bbox 468 2439 2052 2508">
    <p class='ocr_par' dir='ltr' id='par_1_26' title="bbox 468 2439 2052 2508">
     <span class='ocr_line' id='line_1_26' title="bbox 468 2439 2052 2508; baseline 0.011 -18"><span class='ocrx_word' id='word_1_172' title='bbox 468 2439 708 2507; x_wconf 80' lang='lat' dir='ltr'><strong>paradisi</strong></span> <span class='ocrx_word' id='word_1_173' title='bbox 754 2442 912 2497; x_wconf 88' lang='lat' dir='ltr'><strong>horto</strong></span> <span class='ocrx_word' id='word_1_174' title='bbox 962 2444 1208 2500; x_wconf 86' lang='lat' dir='ltr'><strong>inserere</strong></span> <span class='ocrx_word' id='word_1_175' title='bbox 1263 2446 1541 2502; x_wconf 87' lang='lat' dir='ltr'><strong>studuisti.</strong></span> <span class='ocrx_word' id='word_1_176' title='bbox 1600 2448 1680 2505; x_wconf 82' lang='lat' dir='ltr'><strong>Ne</strong></span> <span class='ocrx_word' id='word_1_177' title='bbox 1728 2451 2052 2508; x_wconf 87' lang='lat' dir='ltr'><strong>obliviscere</strong></span> 
     </span>
    </p>
   </div>
   <div class='ocr_carea' id='block_1_27' title="bbox 467 2533 2052 2607">
    <p class='ocr_par' dir='ltr' id='par_1_27' title="bbox 467 2533 2052 2607">
     <span class='ocr_line' id='line_1_27' title="bbox 467 2533 2052 2607; baseline 0.008 -22"><span class='ocrx_word' id='word_1_178' title='bbox 467 2533 844 2600; x_wconf 81' lang='lat' dir='ltr'><strong>Operariorum</strong></span> <span class='ocrx_word' id='word_1_179' title='bbox 873 2535 1154 2603; x_wconf 89' lang='lat' dir='ltr'><strong>inertium,</strong></span> <span class='ocrx_word' id='word_1_180' title='bbox 1185 2553 1325 2607; x_wconf 89' lang='lat' dir='ltr'><strong>quos</strong></span> <span class='ocrx_word' id='word_1_181' title='bbox 1345 2540 1637 2595; x_wconf 88' lang='lat' dir='ltr'><strong>undecima</strong></span> <span class='ocrx_word' id='word_1_182' title='bbox 1666 2543 1889 2598; x_wconf 87' lang='lat' dir='ltr'><strong>circiter</strong></span> <span class='ocrx_word' id='word_1_183' title='bbox 1919 2544 2052 2599; x_wconf 90' lang='lat' dir='ltr'><strong>hora</strong></span> 
     </span>
    </p>
   </div>
   <div class='ocr_carea' id='block_1_28' title="bbox 466 2623 2054 2690">
    <p class='ocr_par' dir='ltr' id='par_1_28' title="bbox 466 2623 2054 2690">
     <span class='ocr_line' id='line_1_28' title="bbox 466 2623 2054 2690; baseline 0.009 -14"><span class='ocrx_word' id='word_1_184' title='bbox 466 2624 528 2676; x_wconf 88' lang='lat' dir='ltr'><strong>in</strong></span> <span class='ocrx_word' id='word_1_185' title='bbox 577 2623 734 2679; x_wconf 88' lang='lat' dir='ltr'><strong>vinea</strong></span> <span class='ocrx_word' id='word_1_186' title='bbox 792 2625 996 2682; x_wconf 85' lang='lat' dir='ltr'><strong>Christi</strong></span> <span class='ocrx_word' id='word_1_187' title='bbox 1052 2632 1309 2687; x_wconf 87' lang='lat' dir='ltr'><strong>mercede</strong></span> <span class='ocrx_word' id='word_1_188' title='bbox 1364 2633 1702 2689; x_wconf 85' lang='lat' dir='ltr'><strong>conduxisti.</strong></span> <span class='ocrx_word' id='word_1_189' title='bbox 1755 2635 2054 2690; x_wconf 81' lang='lat' dir='ltr'><strong>Mirabatur</strong></span> 
     </span>
    </p>
   </div>
   <div class='ocr_carea' id='block_1_29' title="bbox 465 2719 2055 2794">
    <p class='ocr_par' dir='ltr' id='par_1_29' title="bbox 465 2719 2055 2794">
     <span class='ocr_line' id='line_1_29' title="bbox 465 2719 2055 2794; baseline 0.01 -27"><span class='ocrx_word' id='word_1_190' title='bbox 465 2723 650 2769; x_wconf 86' lang='lat' dir='ltr'><strong>autem</strong></span> <span class='ocrx_word' id='word_1_191' title='bbox 711 2725 768 2772; x_wconf 91' lang='lat' dir='ltr'><strong>et</strong></span> <span class='ocrx_word' id='word_1_192' title='bbox 821 2719 1246 2791; x_wconf 87' lang='lat' dir='ltr'><strong>obstupescebat</strong></span> <span class='ocrx_word' id='word_1_193' title='bbox 1299 2740 1524 2794; x_wconf 70' lang='lat' dir='ltr'><strong>praeses,</strong></span> <span class='ocrx_word' id='word_1_194' title='bbox 1565 2726 1786 2794; x_wconf 83' lang='lat' dir='ltr'><strong>quando</strong></span> <span class='ocrx_word' id='word_1_195' title='bbox 1835 2727 2055 2783; x_wconf 72' lang='lat' dir='ltr'><strong>videbat</strong></span> 
     </span>
    </p>
   </div>
   <div class='ocr_carea' id='block_1_30' title="bbox 463 2805 2051 2882">
    <p class='ocr_par' dir='ltr' id='par_1_30' title="bbox 463 2805 2051 2882">
     <span class='ocr_line' id='line_1_30' title="bbox 463 2805 2051 2882; baseline 0.009 -24"><span class='ocrx_word' id='word_1_196' title='bbox 463 2816 586 2866; x_wconf 89' lang='lat' dir='ltr'><strong>eos,</strong></span> <span class='ocrx_word' id='word_1_197' title='bbox 617 2805 708 2873; x_wconf 88' lang='lat' dir='ltr'><strong>qui</strong></span> <span class='ocrx_word' id='word_1_198' title='bbox 730 2817 858 2862; x_wconf 88' lang='lat' dir='ltr'><strong>ante</strong></span> <span class='ocrx_word' id='word_1_199' title='bbox 891 2809 1121 2864; x_wconf 90' lang='lat' dir='ltr'><strong>biduum</strong></span> <span class='ocrx_word' id='word_1_200' title='bbox 1163 2811 1387 2869; x_wconf 84' lang='lat' dir='ltr'><strong>fuerant</strong></span> <span class='ocrx_word' id='word_1_201' title='bbox 1416 2816 1600 2871; x_wconf 78' lang='lat' dir='ltr'><strong>idiota:</strong></span> <span class='ocrx_word' id='word_1_202' title='bbox 1628 2833 1693 2872; x_wconf 87' lang='lat' dir='ltr'><strong>ac</strong></span> <span class='ocrx_word' id='word_1_203' title='bbox 1726 2819 1911 2882; x_wconf 89' lang='lat' dir='ltr'><strong>rudes,</strong></span> <span class='ocrx_word' id='word_1_204' title='bbox 1945 2829 2051 2873; x_wconf 84' lang='lat' dir='ltr'><strong>tam</strong></span> 
     </span>
    </p>
   </div>
   <div class='ocr_carea' id='block_1_31' title="bbox 465 2891 2055 2980">
    <p class='ocr_par' dir='ltr' id='par_1_31' title="bbox 465 2891 2055 2980">
     <span class='ocr_line' id='line_1_31' title="bbox 465 2891 2055 2980; baseline 0.011 -33"><span class='ocrx_word' id='word_1_205' title='bbox 465 2894 649 2949; x_wconf 90' lang='lat' dir='ltr'><strong>subito</strong></span> <span class='ocrx_word' id='word_1_206' title='bbox 674 2891 914 2954; x_wconf 83' lang='lat' dir='ltr'><strong>evasisse</strong></span> <span class='ocrx_word' id='word_1_207' title='bbox 945 2901 1242 2970; x_wconf 86' lang='lat' dir='ltr'><strong>sapientes,</strong></span> <span class='ocrx_word' id='word_1_208' title='bbox 1293 2919 1361 2959; x_wconf 78' lang='lat' dir='ltr'><strong>ex</strong></span> <span class='ocrx_word' id='word_1_209' title='bbox 1411 2921 1478 2961; x_wconf 92' lang='lat' dir='ltr'><strong>eo</strong></span> <span class='ocrx_word' id='word_1_210' title='bbox 1537 2909 1685 2977; x_wconf 90' lang='lat' dir='ltr'><strong>quod</strong></span> <span class='ocrx_word' id='word_1_211' title='bbox 1726 2911 2055 2980; x_wconf 89' lang='lat' dir='ltr'><strong>assumpsis-</strong></span> 
     </span>
    </p>
   </div>
   <div class='ocr_carea' id='block_1_32' title="bbox 466 2986 2055 3069">
    <p class='ocr_par' dir='ltr' id='par_1_32' title="bbox 466 2986 2055 3069">
     <span class='ocr_line' id='line_1_32' title="bbox 466 2986 2055 3069; baseline 0.011 -32"><span class='ocrx_word' id='word_1_212' title='bbox 466 2992 593 3038; x_wconf 88' lang='lat' dir='ltr'><strong>sent</strong></span> <span class='ocrx_word' id='word_1_213' title='bbox 626 2986 870 3042; x_wconf 90' lang='lat' dir='ltr'><strong>divinttm</strong></span> <span class='ocrx_word' id='word_1_214' title='bbox 904 2990 1172 3046; x_wconf 86' lang='lat' dir='ltr'><strong>habitum.</strong></span> <span class='ocrx_word' id='word_1_215' title='bbox 1207 2993 1344 3049; x_wconf 88' lang='lat' dir='ltr'><strong>Dum</strong></span> <span class='ocrx_word' id='word_1_216' title='bbox 1381 3011 1511 3066; x_wconf 77' lang='lat' dir='ltr'><strong>ergo</strong></span> <span class='ocrx_word' id='word_1_217' title='bbox 1537 3007 1767 3069; x_wconf 91' lang='lat' dir='ltr'><strong>uterque</strong></span> <span class='ocrx_word' id='word_1_218' title='bbox 1805 3001 1937 3056; x_wconf 85' lang='lat' dir='ltr'><strong>satis</strong></span> <span class='ocrx_word' id='word_1_219' title='bbox 1960 3002 2055 3055; x_wconf 92' lang='lat' dir='ltr'><strong>diu</strong></span> 
     </span>
    </p>
   </div>
   <div class='ocr_carea' id='block_1_33' title="bbox 465 3073 2057 3155">
    <p class='ocr_par' dir='ltr' id='par_1_33' title="bbox 465 3073 2057 3155">
     <span class='ocr_line' id='line_1_33' title="bbox 465 3073 2057 3155; baseline 0.013 -28"><span class='ocrx_word' id='word_1_220' title='bbox 465 3073 726 3139; x_wconf 85' lang='lat' dir='ltr'><strong>flevisset,</strong></span> <span class='ocrx_word' id='word_1_221' title='bbox 752 3094 895 3149; x_wconf 77' lang='lat' dir='ltr'><strong>genu</strong></span> <span class='ocrx_word' id='word_1_222' title='bbox 921 3081 1200 3137; x_wconf 88' lang='lat' dir='ltr'><strong>inclinavit</strong></span> <span class='ocrx_word' id='word_1_223' title='bbox 1227 3094 1450 3142; x_wconf 90' lang='lat' dir='ltr'><strong>sanctus</strong></span> <span class='ocrx_word' id='word_1_224' title='bbox 1481 3086 1677 3155; x_wconf 85' lang='lat' dir='ltr'><strong>Nicon,</strong></span> <span class='ocrx_word' id='word_1_225' title='bbox 1707 3099 1763 3144; x_wconf 92' lang='lat' dir='ltr'><strong>et</strong></span> <span class='ocrx_word' id='word_1_226' title='bbox 1793 3092 2057 3148; x_wconf 87' lang='lat' dir='ltr'><strong>collocato</strong></span> 
     </span>
    </p>
   </div>
   <div class='ocr_carea' id='block_1_34' title="bbox 2145 714 3712 789">
    <p class='ocr_par' dir='ltr' id='par_1_34' title="bbox 2145 714 3712 789">
     <span class='ocr_line' id='line_1_34' title="bbox 2145 714 3712 789; baseline -0.002 -18"><span class='ocrx_word' id='word_1_227' title='bbox 2145 719 2211 771; x_wconf 76' lang='grc' dir='ltr'><strong>σὺ</strong></span> <span class='ocrx_word' id='word_1_228' title='bbox 2245 716 2642 789; x_wconf 82' lang='grc' dir='ltr'>συγκροτητὴς,</span> <span class='ocrx_word' id='word_1_229' title='bbox 2683 717 2748 770; x_wconf 82' lang='grc' dir='ltr'><strong>σὺ</strong></span> <span class='ocrx_word' id='word_1_230' title='bbox 2771 715 3135 786; x_wconf 86' lang='grc' dir='ltr'>χειραγωγὸς,</span> <span class='ocrx_word' id='word_1_231' title='bbox 3169 715 3235 768; x_wconf 78' lang='grc' dir='ltr'><strong>σὺ</strong></span> <span class='ocrx_word' id='word_1_232' title='bbox 3256 715 3470 784; x_wconf 73' lang='grc' dir='ltr'>ὁδηγδς,</span> <span class='ocrx_word' id='word_1_233' title='bbox 3501 714 3599 766; x_wconf 66' lang='lat' dir='ltr'><strong>Ital.</strong></span> <span class='ocrx_word' id='word_1_234' title='bbox 3621 716 3712 768; x_wconf 80' lang='grc' dir='ltr'>ὅσα</span> 
     </span>
    </p>
   </div>
   <div class='ocr_carea' id='block_1_35' title="bbox 2143 802 3713 879">
    <p class='ocr_par' dir='ltr' id='par_1_35' title="bbox 2143 802 3713 879">
     <span class='ocr_line' id='line_1_35' title="bbox 2143 802 3713 879; baseline -0.004 -18"><span class='ocrx_word' id='word_1_235' title='bbox 2143 808 2369 879; x_wconf 82' lang='grc' dir='ltr'>γλῶσσα</span> <span class='ocrx_word' id='word_1_236' title='bbox 2406 809 2588 861; x_wconf 78' lang='grc' dir='ltr'>εἰπεῖν</span> <span class='ocrx_word' id='word_1_237' title='bbox 2608 808 2709 859; x_wconf 82' lang='grc' dir='ltr'><strong>οὐκ</strong></span> <span class='ocrx_word' id='word_1_238' title='bbox 2742 806 2939 874; x_wconf 76' lang='grc' dir='ltr'>ἰσχύει.</span> <span class='ocrx_word' id='word_1_239' title='bbox 2969 805 3068 857; x_wconf 83' lang='grc' dir='ltr'><strong>Διὰ</strong></span> <span class='ocrx_word' id='word_1_240' title='bbox 3100 803 3192 856; x_wconf 84' lang='grc' dir='ltr'>σοῦ</span> <span class='ocrx_word' id='word_1_241' title='bbox 3229 802 3325 855; x_wconf 77' lang='grc' dir='ltr'><strong>τὸν</strong></span> <span class='ocrx_word' id='word_1_242' title='bbox 3360 802 3713 870; x_wconf 69' lang='grc' dir='ltr'><strong>πολυτίμητον</strong></span> 
     </span>
    </p>
   </div>
   <div class='ocr_carea' id='block_1_36' title="bbox 2146 891 3716 969">
    <p class='ocr_par' dir='ltr' id='par_1_36' title="bbox 2146 891 3716 969">
     <span class='ocr_line' id='line_1_36' title="bbox 2146 891 3716 969; baseline -0.022 1"><span class='ocrx_word' id='word_1_243' title='bbox 2146 897 2501 969; x_wconf 77' lang='grc' dir='ltr'><strong>μαργαρίτην</strong></span> <span class='ocrx_word' id='word_1_244' title='bbox 2538 897 2917 969; x_wconf 87' lang='grc' dir='ltr'>ἐκτησάμεθα,</span> <span class='ocrx_word' id='word_1_245' title='bbox 2948 895 3229 964; x_wconf 76' lang='grc' dir='ltr'>ἐμάθομεν</span> <span class='ocrx_word' id='word_1_246' title='bbox 3256 891 3475 963; x_wconf 82' lang='grc' dir='ltr'>άληθῶς</span> <span class='ocrx_word' id='word_1_247' title='bbox 3509 892 3607 961; x_wconf 80' lang='grc' dir='ltr'>τὴν</span> <span class='ocrx_word' id='word_1_248' title='bbox 3630 892 3716 945; x_wconf 72' lang='grc' dir='ltr'>δύ-</span> 
     </span>
    </p>
   </div>
   <div class='ocr_carea' id='block_1_37' title="bbox 2145 981 3717 1060">
    <p class='ocr_par' dir='ltr' id='par_1_37' title="bbox 2145 981 3717 1060">
     <span class='ocr_line' id='line_1_37' title="bbox 2145 981 3717 1060; baseline -0.004 -17"><span class='ocrx_word' id='word_1_249' title='bbox 2145 1007 2309 1059; x_wconf 84' lang='grc' dir='ltr'>ναμιν</span> <span class='ocrx_word' id='word_1_250' title='bbox 2328 989 2423 1043; x_wconf 79' lang='grc' dir='ltr'>τοῦ</span> <span class='ocrx_word' id='word_1_251' title='bbox 2453 989 2849 1060; x_wconf 71' lang='grc' dir='ltr'><strong>βαπτίσματος,</strong></span> <span class='ocrx_word' id='word_1_252' title='bbox 2887 981 3059 1057; x_wconf 71' lang='grc' dir='ltr'>οὗπερ</span> <span class='ocrx_word' id='word_1_253' title='bbox 3084 988 3220 1056; x_wconf 77' lang='grc' dir='ltr'>ἡμῖν</span> <span class='ocrx_word' id='word_1_254' title='bbox 3244 986 3295 1039; x_wconf 81' lang='grc' dir='ltr'>οἱ</span> <span class='ocrx_word' id='word_1_255' title='bbox 3321 986 3461 1038; x_wconf 81' lang='grc' dir='ltr'>ὅσιοι</span> <span class='ocrx_word' id='word_1_256' title='bbox 3490 986 3717 1053; x_wconf 81' lang='grc' dir='ltr'>Πατέρες</span> 
     </span>
    </p>
   </div>
   <div class='ocr_carea' id='block_1_38' title="bbox 2145 1074 3719 1150">
    <p class='ocr_par' dir='ltr' id='par_1_38' title="bbox 2145 1074 3719 1150">
     <span class='ocr_line' id='line_1_38' title="bbox 2145 1074 3719 1150; baseline -0.004 -18"><span class='ocrx_word' id='word_1_257' title='bbox 2145 1082 2465 1150; x_wconf 79' lang='grc' dir='ltr'>προέλεγον.</span> <span class='ocrx_word' id='word_1_258' title='bbox 2494 1081 2785 1149; x_wconf 84' lang='grc' dir='ltr'>Ἔγνωμεν</span> <span class='ocrx_word' id='word_1_259' title='bbox 2807 1079 2976 1141; x_wconf 77' lang='grc' dir='ltr'>ὅντως</span> <span class='ocrx_word' id='word_1_260' title='bbox 2997 1077 3095 1147; x_wconf 84' lang='grc' dir='ltr'><strong>τὴν</strong></span> <span class='ocrx_word' id='word_1_261' title='bbox 3117 1077 3227 1129; x_wconf 91' lang='grc' dir='ltr'><strong>τῶν</strong></span> <span class='ocrx_word' id='word_1_262' title='bbox 3248 1074 3535 1146; x_wconf 78' lang='grc' dir='ltr'><strong>ἡμετέρων</strong></span> <span class='ocrx_word' id='word_1_263' title='bbox 3551 1077 3719 1144; x_wconf 83' lang='grc' dir='ltr'>ἀμαρ-</span> 
     </span>
    </p>
   </div>
   <div class='ocr_carea' id='block_1_39' title="bbox 2145 1165 3722 1239">
    <p class='ocr_par' dir='ltr' id='par_1_39' title="bbox 2145 1165 3722 1239">
     <span class='ocr_line' id='line_1_39' title="bbox 2145 1165 3722 1239; baseline -0.004 -16"><span class='ocrx_word' id='word_1_264' title='bbox 2145 1171 2276 1224; x_wconf 86' lang='grc' dir='ltr'>τιῶν</span> <span class='ocrx_word' id='word_1_265' title='bbox 2297 1171 2638 1225; x_wconf 87' lang='grc' dir='ltr'>κατάκαυσιν</span> <span class='ocrx_word' id='word_1_266' title='bbox 2667 1171 2734 1223; x_wconf 81' lang='grc' dir='ltr'><strong>ἐκ</strong></span> <span class='ocrx_word' id='word_1_267' title='bbox 2760 1169 2856 1221; x_wconf 85' lang='grc' dir='ltr'>τοῦ</span> <span class='ocrx_word' id='word_1_268' title='bbox 2878 1167 3259 1239; x_wconf 83' lang='grc' dir='ltr'>περικαίοντος</span> <span class='ocrx_word' id='word_1_269' title='bbox 3280 1166 3441 1235; x_wconf 86' lang='grc' dir='ltr'>ήμῶν</span> <span class='ocrx_word' id='word_1_270' title='bbox 3465 1165 3562 1227; x_wconf 77' lang='grc' dir='ltr'>τὰς</span> <span class='ocrx_word' id='word_1_271' title='bbox 3589 1181 3722 1233; x_wconf 85' lang='grc' dir='ltr'>καρ-</span> 
     </span>
    </p>
   </div>
   <div class='ocr_carea' id='block_1_40' title="bbox 2145 1256 3719 1334">
    <p class='ocr_par' dir='ltr' id='par_1_40' title="bbox 2145 1256 3719 1334">
     <span class='ocr_line' id='line_1_40' title="bbox 2145 1256 3719 1334; baseline -0.004 -20"><span class='ocrx_word' id='word_1_272' title='bbox 2145 1261 2264 1325; x_wconf 84' lang='grc' dir='ltr'><strong>δίας</strong></span> <span class='ocrx_word' id='word_1_273' title='bbox 2296 1262 2493 1333; x_wconf 87' lang='grc' dir='ltr'>πυρὸς,</span> <span class='ocrx_word' id='word_1_274' title='bbox 2522 1262 2663 1334; x_wconf 80' lang='grc' dir='ltr'>ὅπερ</span> <span class='ocrx_word' id='word_1_275' title='bbox 2702 1261 2898 1331; x_wconf 75' lang='grc' dir='ltr'>καὶμὴ</span> <span class='ocrx_word' id='word_1_276' title='bbox 2937 1261 3231 1329; x_wconf 80' lang='grc' dir='ltr'>φέροντες,</span> <span class='ocrx_word' id='word_1_277' title='bbox 3265 1256 3444 1320; x_wconf 74' lang='grc' dir='ltr'>οὕτως</span> <span class='ocrx_word' id='word_1_278' title='bbox 3473 1258 3541 1310; x_wconf 76' lang='grc' dir='ltr'><strong>τά</strong></span> <span class='ocrx_word' id='word_1_279' title='bbox 3575 1256 3719 1324; x_wconf 74' lang='grc' dir='ltr'>ἡμῶν</span> 
     </span>
    </p>
   </div>
   <div class='ocr_carea' id='block_1_41' title="bbox 2149 1350 3215 1422">
    <p class='ocr_par' dir='ltr' id='par_1_41' title="bbox 2149 1350 3215 1422">
     <span class='ocr_line' id='line_1_41' title="bbox 2149 1350 3215 1422; baseline 0.006 -20"><span class='ocrx_word' id='word_1_280' title='bbox 2149 1350 2298 1414; x_wconf 81' lang='grc' dir='ltr'>ἐντὸς</span> <span class='ocrx_word' id='word_1_281' title='bbox 2330 1352 2701 1422; x_wconf 76' lang='grc' dir='ltr'>περιφλέγων.</span> <span class='ocrx_word' id='word_1_282' title='bbox 3211 1415 3215 1419; x_wconf 24' lang='grc' dir='ltr'><strong><em>ν</em></strong></span> 
     </span>
    </p>
   </div>
   <div class='ocr_carea' id='block_1_42' title="bbox 2218 1438 3722 1513">
    <p class='ocr_par' dir='ltr' id='par_1_42' title="bbox 2218 1438 3722 1513">
     <span class='ocr_line' id='line_1_42' title="bbox 2218 1438 3722 1513; baseline -0.002 -20"><span class='ocrx_word' id='word_1_283' title='bbox 2218 1440 2307 1506; x_wconf 71' lang='grc' dir='ltr'>ιζ’.</span> <span class='ocrx_word' id='word_1_284' title='bbox 2343 1443 2615 1513; x_wconf 78' lang='grc' dir='ltr'>Αίτοῦμεν</span> <span class='ocrx_word' id='word_1_285' title='bbox 2662 1442 2828 1513; x_wconf 83' lang='grc' dir='ltr'>εὐχὴν</span> <span class='ocrx_word' id='word_1_286' title='bbox 2876 1441 3099 1511; x_wconf 81' lang='grc' dir='ltr'>ποιῆσαι</span> <span class='ocrx_word' id='word_1_287' title='bbox 3133 1439 3373 1504; x_wconf 82' lang='grc' dir='ltr'>ἐκτενῶς</span> <span class='ocrx_word' id='word_1_288' title='bbox 3422 1438 3525 1507; x_wconf 70' lang='grc' dir='ltr'><strong>τὴν</strong></span> <span class='ocrx_word' id='word_1_289' title='bbox 3553 1455 3722 1507; x_wconf 75' lang='grc' dir='ltr'>μακαο</span> 
     </span>
    </p>
   </div>
   <div class='ocr_carea' id='block_1_43' title="bbox 2150 1533 3727 1604">
    <p class='ocr_par' dir='ltr' id='par_1_43' title="bbox 2150 1533 3727 1604">
     <span class='ocr_line' id='line_1_43' title="bbox 2150 1533 3727 1604; baseline 0 -19"><span class='ocrx_word' id='word_1_290' title='bbox 2150 1533 2378 1604; x_wconf 88' lang='grc' dir='ltr'>ριότητά</span> <span class='ocrx_word' id='word_1_291' title='bbox 2399 1551 2517 1598; x_wconf 85' lang='grc' dir='ltr'>σου,</span> <span class='ocrx_word' id='word_1_292' title='bbox 2551 1535 2756 1604; x_wconf 82' lang='grc' dir='ltr'>Πάτερ,</span> <span class='ocrx_word' id='word_1_293' title='bbox 2784 1536 2878 1589; x_wconf 75' lang='grc' dir='ltr'>καὶ</span> <span class='ocrx_word' id='word_1_294' title='bbox 2900 1535 3169 1589; x_wconf 80' lang='grc' dir='ltr'>ἀπολῦσαι</span> <span class='ocrx_word' id='word_1_295' title='bbox 3195 1536 3326 1598; x_wconf 79' lang='grc' dir='ltr'>τοὺς</span> <span class='ocrx_word' id='word_1_296' title='bbox 3355 1535 3488 1597; x_wconf 72' lang='grc' dir='ltr'>σοὺς</span> <span class='ocrx_word' id='word_1_297' title='bbox 3514 1534 3727 1597; x_wconf 81' lang='grc' dir='ltr'>δούλους</span> 
     </span>
    </p>
   </div>
   <div class='ocr_carea' id='block_1_44' title="bbox 2150 1617 3722 1694">
    <p class='ocr_par' dir='ltr' id='par_1_44' title="bbox 2150 1617 3722 1694">
     <span class='ocr_line' id='line_1_44' title="bbox 2150 1617 3722 1694; baseline 0 -21"><span class='ocrx_word' id='word_1_298' title='bbox 2150 1623 2232 1685; x_wconf 86' lang='grc' dir='ltr'><strong>είς</strong></span> <span class='ocrx_word' id='word_1_299' title='bbox 2261 1622 2324 1675; x_wconf 88' lang='grc' dir='ltr'><strong>τὸ</strong></span> <span class='ocrx_word' id='word_1_300' title='bbox 2349 1622 2589 1693; x_wconf 76' lang='grc' dir='ltr'><strong>γνησίως</strong></span> <span class='ocrx_word' id='word_1_301' title='bbox 2613 1625 2711 1677; x_wconf 78' lang='grc' dir='ltr'><strong>καὶ</strong></span> <span class='ocrx_word' id='word_1_302' title='bbox 2745 1623 3029 1694; x_wconf 76' lang='grc' dir='ltr'>δλοψύχως</span> <span class='ocrx_word' id='word_1_303' title='bbox 3070 1622 3360 1677; x_wconf 85' lang='grc' dir='ltr'>δουλεῦσαι</span> <span class='ocrx_word' id='word_1_304' title='bbox 3500 1624 3722 1692; x_wconf 73' lang='grc' dir='ltr'>ἀφιερώ-</span> 
     </span>
    </p>
   </div>
   <div class='ocr_carea' id='block_1_45' title="bbox 2153 1712 3724 1785">
    <p class='ocr_par' dir='ltr' id='par_1_45' title="bbox 2153 1712 3724 1785">
     <span class='ocr_line' id='line_1_45' title="bbox 2153 1712 3724 1785; baseline -0.001 -20"><span class='ocrx_word' id='word_1_305' title='bbox 2153 1728 2327 1783; x_wconf 80' lang='grc' dir='ltr'>σαμεν</span> <span class='ocrx_word' id='word_1_306' title='bbox 2356 1714 2584 1778; x_wconf 77' lang='grc' dir='ltr'>ἑαυτοὺς</span> <span class='ocrx_word' id='word_1_307' title='bbox 2616 1714 2757 1785; x_wconf 83' lang='grc' dir='ltr'>Θεῷ,</span> <span class='ocrx_word' id='word_1_308' title='bbox 2786 1713 3213 1784; x_wconf 82' lang='grc' dir='ltr'><strong>δυσωπούμενος</strong></span> <span class='ocrx_word' id='word_1_309' title='bbox 3252 1713 3528 1785; x_wconf 81' lang='grc' dir='ltr'>μηδέποτε</span> <span class='ocrx_word' id='word_1_310' title='bbox 3562 1712 3724 1782; x_wconf 80' lang='grc' dir='ltr'>λήθην</span> 
     </span>
    </p>
   </div>
   <div class='ocr_carea' id='block_1_46' title="bbox 2152 1803 3726 1877">
    <p class='ocr_par' dir='ltr' id='par_1_46' title="bbox 2152 1803 3726 1877">
     <span class='ocr_line' id='line_1_46' title="bbox 2152 1803 3726 1877; baseline 0.001 -21"><span class='ocrx_word' id='word_1_311' title='bbox 2152 1803 2377 1873; x_wconf 81' lang='grc' dir='ltr'>ποιῆσαι</span> <span class='ocrx_word' id='word_1_312' title='bbox 2422 1806 2660 1875; x_wconf 84' lang='grc' dir='ltr'><strong>ἀχρείων</strong></span> <span class='ocrx_word' id='word_1_313' title='bbox 2717 1822 2814 1858; x_wconf 90' lang='grc' dir='ltr'><strong>σου</strong></span> <span class='ocrx_word' id='word_1_314' title='bbox 2870 1807 3099 1869; x_wconf 79' lang='grc' dir='ltr'>παίδων,</span> <span class='ocrx_word' id='word_1_315' title='bbox 3142 1807 3202 1859; x_wconf 86' lang='grc' dir='ltr'><strong>ἐν</strong></span> <span class='ocrx_word' id='word_1_316' title='bbox 3234 1806 3417 1877; x_wconf 82' lang='grc' dir='ltr'><strong>καιρῷ</strong></span> <span class='ocrx_word' id='word_1_317' title='bbox 3462 1805 3726 1867; x_wconf 82' lang='grc' dir='ltr'>ἐκτάσεως</span> 
     </span>
    </p>
   </div>
   <div class='ocr_carea' id='block_1_47' title="bbox 2150 1891 3728 1965">
    <p class='ocr_par' dir='ltr' id='par_1_47' title="bbox 2150 1891 3728 1965">
     <span class='ocr_line' id='line_1_47' title="bbox 2150 1891 3728 1965; baseline 0.001 -21"><span class='ocrx_word' id='word_1_318' title='bbox 2150 1892 2350 1963; x_wconf 67' lang='grc' dir='ltr'>χειρῶν</span> <span class='ocrx_word' id='word_1_319' title='bbox 2384 1909 2479 1946; x_wconf 91' lang='grc' dir='ltr'><strong>σου</strong></span> <span class='ocrx_word' id='word_1_320' title='bbox 2502 1894 2722 1963; x_wconf 78' lang='grc' dir='ltr'>τιμίων.</span> <span class='ocrx_word' id='word_1_321' title='bbox 2747 1891 2876 1958; x_wconf 81' lang='grc' dir='ltr'>Ναὶ,</span> <span class='ocrx_word' id='word_1_322' title='bbox 2907 1895 3018 1956; x_wconf 78' lang='grc' dir='ltr'>ναὶ,</span> <span class='ocrx_word' id='word_1_323' title='bbox 3043 1894 3473 1965; x_wconf 78' lang='grc' dir='ltr'>δυσωπούμενος</span> <span class='ocrx_word' id='word_1_324' title='bbox 3499 1894 3604 1947; x_wconf 77' lang='grc' dir='ltr'><strong>ὑπὸ</strong></span> <span class='ocrx_word' id='word_1_325' title='bbox 3626 1894 3728 1946; x_wconf 83' lang='grc' dir='ltr'><strong>τῶν</strong></span> 
     </span>
    </p>
   </div>
   <div class='ocr_carea' id='block_1_48' title="bbox 2151 1983 3727 2056">
    <p class='ocr_par' dir='ltr' id='par_1_48' title="bbox 2151 1983 3727 2056">
     <span class='ocr_line' id='line_1_48' title="bbox 2151 1983 3727 2056; baseline -0.001 -20"><span class='ocrx_word' id='word_1_326' title='bbox 2151 1983 2340 2050; x_wconf 80' lang='grc' dir='ltr'>ξένων,</span> <span class='ocrx_word' id='word_1_327' title='bbox 2376 1984 2517 2047; x_wconf 84' lang='grc' dir='ltr'>ὄσιε,</span> <span class='ocrx_word' id='word_1_328' title='bbox 2539 1984 2732 2055; x_wconf 83' lang='grc' dir='ltr'>μνείαν</span> <span class='ocrx_word' id='word_1_329' title='bbox 2752 1985 2910 2038; x_wconf 91' lang='grc' dir='ltr'>ποιοῦ</span> <span class='ocrx_word' id='word_1_330' title='bbox 2933 1987 3034 2055; x_wconf 78' lang='grc' dir='ltr'>τῆς</span> <span class='ocrx_word' id='word_1_331' title='bbox 3060 1984 3245 2038; x_wconf 83' lang='grc' dir='ltr'>αὐτῶν</span> <span class='ocrx_word' id='word_1_332' title='bbox 3272 1984 3599 2056; x_wconf 79' lang='grc' dir='ltr'>δρφανείας.</span> <span class='ocrx_word' id='word_1_333' title='bbox 3624 1985 3727 2036; x_wconf 74' lang='grc' dir='ltr'><strong>Καὶ</strong></span> 
     </span>
    </p>
   </div>
   <div class='ocr_carea' id='block_1_49' title="bbox 2153 2074 3724 2144">
    <p class='ocr_par' dir='ltr' id='par_1_49' title="bbox 2153 2074 3724 2144">
     <span class='ocr_line' id='line_1_49' title="bbox 2153 2074 3724 2144; baseline 0.001 -19"><span class='ocrx_word' id='word_1_334' title='bbox 2153 2074 2537 2144; x_wconf 75' lang='grc' dir='ltr'>ἐπιλαϐόμενοι</span> <span class='ocrx_word' id='word_1_335' title='bbox 2568 2077 2677 2129; x_wconf 88' lang='grc' dir='ltr'><strong>τῶν</strong></span> <span class='ocrx_word' id='word_1_336' title='bbox 2706 2076 2948 2144; x_wconf 79' lang='grc' dir='ltr'>γονάτων</span> <span class='ocrx_word' id='word_1_337' title='bbox 2990 2077 3085 2129; x_wconf 87' lang='grc' dir='ltr'>τοῦ</span> <span class='ocrx_word' id='word_1_338' title='bbox 3115 2076 3289 2141; x_wconf 86' lang='grc' dir='ltr'>ὁσίου,</span> <span class='ocrx_word' id='word_1_339' title='bbox 3316 2077 3484 2130; x_wconf 82' lang='grc' dir='ltr'>πάλιν</span> <span class='ocrx_word' id='word_1_340' title='bbox 3517 2074 3724 2143; x_wconf 74' lang='grc' dir='ltr'>ελεγονο</span> 
     </span>
    </p>
   </div>
   <div class='ocr_carea' id='block_1_50' title="bbox 2152 2160 3730 2237">
    <p class='ocr_par' dir='ltr' id='par_1_50' title="bbox 2152 2160 3730 2237">
     <span class='ocr_line' id='line_1_50' title="bbox 2152 2160 3730 2237; baseline -0.001 -19"><span class='ocrx_word' id='word_1_341' title='bbox 2152 2164 2464 2235; x_wconf 85' lang='grc' dir='ltr'>Μνήσθητι,</span> <span class='ocrx_word' id='word_1_342' title='bbox 2499 2167 2704 2237; x_wconf 81' lang='grc' dir='ltr'>Πάτερ,</span> <span class='ocrx_word' id='word_1_343' title='bbox 2732 2167 2841 2220; x_wconf 85' lang='grc' dir='ltr'><strong>τῶν</strong></span> <span class='ocrx_word' id='word_1_344' title='bbox 2870 2167 2982 2220; x_wconf 89' lang='grc' dir='ltr'><strong>σῶν</strong></span> <span class='ocrx_word' id='word_1_345' title='bbox 3011 2167 3286 2220; x_wconf 76' lang='grc' dir='ltr'>ταπεινῶν</span> <span class='ocrx_word' id='word_1_346' title='bbox 3315 2167 3631 2234; x_wconf 76' lang='grc' dir='ltr'>προϐάτων,</span> <span class='ocrx_word' id='word_1_347' title='bbox 3659 2160 3730 2220; x_wconf 79' lang='grc' dir='ltr'>ὧν</span> 
     </span>
    </p>
   </div>
   <div class='ocr_carea' id='block_1_51' title="bbox 2151 2258 3727 2332">
    <p class='ocr_par' dir='ltr' id='par_1_51' title="bbox 2151 2258 3727 2332">
     <span class='ocr_line' id='line_1_51' title="bbox 2151 2258 3727 2332; baseline 0 -21"><span class='ocrx_word' id='word_1_348' title='bbox 2151 2259 2535 2324; x_wconf 83' lang='grc' dir='ltr'>ὁλοκαύτωσας</span> <span class='ocrx_word' id='word_1_349' title='bbox 2552 2261 2631 2332; x_wconf 80' lang='grc' dir='ltr'>τῷ</span> <span class='ocrx_word' id='word_1_350' title='bbox 2656 2261 2899 2331; x_wconf 80' lang='grc' dir='ltr'>Χριστῷ.</span> <span class='ocrx_word' id='word_1_351' title='bbox 2923 2262 3044 2329; x_wconf 69' lang='lat' dir='ltr'><strong>Mm</strong></span> <span class='ocrx_word' id='word_1_352' title='bbox 3055 2261 3318 2328; x_wconf 80' lang='grc' dir='ltr'>μόνευσον</span> <span class='ocrx_word' id='word_1_353' title='bbox 3336 2260 3514 2325; x_wconf 80' lang='grc' dir='ltr'>ξένων</span> <span class='ocrx_word' id='word_1_354' title='bbox 3533 2258 3727 2327; x_wconf 78' lang='grc' dir='ltr'>φυτῶν,</span> 
     </span>
    </p>
   </div>
   <div class='ocr_carea' id='block_1_52' title="bbox 2151 2349 3728 2424">
    <p class='ocr_par' dir='ltr' id='par_1_52' title="bbox 2151 2349 3728 2424">
     <span class='ocr_line' id='line_1_52' title="bbox 2151 2349 3728 2424; baseline 0 -22"><span class='ocrx_word' id='word_1_355' title='bbox 2151 2349 2188 2402; x_wconf 83' lang='grc' dir='ltr'>ὃ.</span> <span class='ocrx_word' id='word_1_356' title='bbox 2211 2351 2271 2402; x_wconf 78' lang='grc' dir='ltr'><strong>ἐν</strong></span> <span class='ocrx_word' id='word_1_357' title='bbox 2291 2349 2369 2420; x_wconf 85' lang='grc' dir='ltr'>τῷ</span> <span class='ocrx_word' id='word_1_358' title='bbox 2389 2351 2540 2422; x_wconf 85' lang='grc' dir='ltr'><strong>καλῴ</strong></span> <span class='ocrx_word' id='word_1_359' title='bbox 2566 2353 2729 2423; x_wconf 82' lang='grc' dir='ltr'>κήπῳ</span> <span class='ocrx_word' id='word_1_360' title='bbox 2751 2352 2846 2406; x_wconf 81' lang='grc' dir='ltr'>τοῦ</span> <span class='ocrx_word' id='word_1_361' title='bbox 2875 2352 3212 2424; x_wconf 79' lang='grc' dir='ltr'>παραδείσου</span> <span class='ocrx_word' id='word_1_362' title='bbox 3242 2351 3517 2420; x_wconf 79' lang='grc' dir='ltr'>φυτεῦσαι</span> <span class='ocrx_word' id='word_1_363' title='bbox 3544 2351 3728 2403; x_wconf 76' lang='grc' dir='ltr'>ἐσπευο</span> 
     </span>
    </p>
   </div>
   <div class='ocr_carea' id='block_1_53' title="bbox 2157 2442 3731 2518">
    <p class='ocr_par' dir='ltr' id='par_1_53' title="bbox 2157 2442 3731 2518">
     <span class='ocr_line' id='line_1_53' title="bbox 2157 2442 3731 2518; baseline 0 -23"><span class='ocrx_word' id='word_1_364' title='bbox 2157 2461 2276 2507; x_wconf 82' lang='grc' dir='ltr'>σας.</span> <span class='ocrx_word' id='word_1_365' title='bbox 2311 2445 2404 2515; x_wconf 86' lang='grc' dir='ltr'><strong>Μὴ</strong></span> <span class='ocrx_word' id='word_1_366' title='bbox 2458 2445 2694 2518; x_wconf 73' lang='grc' dir='ltr'>ἐπιλάϐῃ</span> <span class='ocrx_word' id='word_1_367' title='bbox 2742 2444 2995 2516; x_wconf 80' lang='grc' dir='ltr'>ὀκνηρῶν</span> <span class='ocrx_word' id='word_1_368' title='bbox 3037 2444 3309 2516; x_wconf 78' lang='grc' dir='ltr'>ἐργατῶν,</span> <span class='ocrx_word' id='word_1_369' title='bbox 3348 2443 3446 2508; x_wconf 77' lang='grc' dir='ltr'><strong>οὓς</strong></span> <span class='ocrx_word' id='word_1_370' title='bbox 3484 2444 3616 2514; x_wconf 84' lang='grc' dir='ltr'>περὶ</span> <span class='ocrx_word' id='word_1_371' title='bbox 3639 2442 3731 2513; x_wconf 78' lang='grc' dir='ltr'>τὴν</span> 
     </span>
    </p>
   </div>
   <div class='ocr_carea' id='block_1_54' title="bbox 2154 2534 3728 2607">
    <p class='ocr_par' dir='ltr' id='par_1_54' title="bbox 2154 2534 3728 2607">
     <span class='ocr_line' id='line_1_54' title="bbox 2154 2534 3728 2607; baseline 0.002 -20"><span class='ocrx_word' id='word_1_372' title='bbox 2154 2535 2445 2605; x_wconf 81' lang='grc' dir='ltr'>ἑνδεκάτην</span> <span class='ocrx_word' id='word_1_373' title='bbox 2477 2538 2559 2599; x_wconf 85' lang='grc' dir='ltr'><strong>είς</strong></span> <span class='ocrx_word' id='word_1_374' title='bbox 2584 2536 2678 2590; x_wconf 88' lang='grc' dir='ltr'><strong>τὸν</strong></span> <span class='ocrx_word' id='word_1_375' title='bbox 2700 2535 3004 2607; x_wconf 78' lang='grc' dir='ltr'>ἀμπελῶνα</span> <span class='ocrx_word' id='word_1_376' title='bbox 3032 2535 3110 2607; x_wconf 83' lang='grc' dir='ltr'><strong>τῷ</strong></span> <span class='ocrx_word' id='word_1_377' title='bbox 3137 2535 3361 2606; x_wconf 84' lang='grc' dir='ltr'>Χριστῷ</span> <span class='ocrx_word' id='word_1_378' title='bbox 3391 2534 3728 2605; x_wconf 76' lang='grc' dir='ltr'>ἐμίσθωσας.</span> 
     </span>
    </p>
   </div>
   <div class='ocr_carea' id='block_1_55' title="bbox 2167 2622 3732 2696">
    <p class='ocr_par' dir='ltr' id='par_1_55' title="bbox 2167 2622 3732 2696">
     <span class='ocr_line' id='line_1_55' title="bbox 2167 2622 3732 2696; baseline 0 -20"><span class='ocrx_word' id='word_1_379' title='bbox 2167 2622 2511 2694; x_wconf 77' lang='grc' dir='ltr'>Ἐθαύμαζεν</span> <span class='ocrx_word' id='word_1_380' title='bbox 2541 2624 2598 2678; x_wconf 77' lang='grc' dir='ltr'><strong>δέ</strong></span> <span class='ocrx_word' id='word_1_381' title='bbox 2627 2627 2722 2680; x_wconf 73' lang='grc' dir='ltr'>καὶ</span> <span class='ocrx_word' id='word_1_382' title='bbox 2770 2625 3136 2696; x_wconf 75' lang='grc' dir='ltr'>ἐξεπλήττετο</span> <span class='ocrx_word' id='word_1_383' title='bbox 3178 2626 3209 2678; x_wconf 97' lang='lat'><strong>6</strong></span> <span class='ocrx_word' id='word_1_384' title='bbox 3252 2625 3489 2694; x_wconf 78' lang='grc' dir='ltr'>ποιμὴν,</span> <span class='ocrx_word' id='word_1_385' title='bbox 3522 2623 3732 2694; x_wconf 81' lang='grc' dir='ltr'>θεωρῶν</span> 
     </span>
    </p>
   </div>
   <div class='ocr_carea' id='block_1_56' title="bbox 2152 2713 3731 2785">
    <p class='ocr_par' dir='ltr' id='par_1_56' title="bbox 2152 2713 3731 2785">
     <span class='ocr_line' id='line_1_56' title="bbox 2152 2713 3731 2785; baseline 0 -20"><span class='ocrx_word' id='word_1_386' title='bbox 2152 2714 2280 2775; x_wconf 82' lang='grc' dir='ltr'>τοὺς</span> <span class='ocrx_word' id='word_1_387' title='bbox 2309 2713 2416 2785; x_wconf 81' lang='grc' dir='ltr'><strong>πρὸ</strong></span> <span class='ocrx_word' id='word_1_388' title='bbox 2442 2714 2536 2768; x_wconf 86' lang='grc' dir='ltr'>δύο</span> <span class='ocrx_word' id='word_1_389' title='bbox 2564 2715 2788 2785; x_wconf 85' lang='grc' dir='ltr'>ήμερῶν</span> <span class='ocrx_word' id='word_1_390' title='bbox 2812 2714 3051 2780; x_wconf 75' lang='grc' dir='ltr'>ἰδιώτας,</span> <span class='ocrx_word' id='word_1_391' title='bbox 3069 2713 3258 2782; x_wconf 58' lang='grc' dir='ltr'><strong>Δοὕτως</strong></span> <span class='ocrx_word' id='word_1_392' title='bbox 3280 2713 3555 2783; x_wconf 74' lang='grc' dir='ltr'>ἐξαίφνης</span> <span class='ocrx_word' id='word_1_393' title='bbox 3587 2730 3731 2781; x_wconf 83' lang='grc' dir='ltr'>σοφι-</span> 
     </span>
    </p>
   </div>
   <div class='ocr_carea' id='block_1_57' title="bbox 2156 2804 3733 2879">
    <p class='ocr_par' dir='ltr' id='par_1_57' title="bbox 2156 2804 3733 2879">
     <span class='ocr_line' id='line_1_57' title="bbox 2156 2804 3733 2879; baseline 0.003 -23"><span class='ocrx_word' id='word_1_394' title='bbox 2156 2804 2383 2868; x_wconf 83' lang='grc' dir='ltr'>σθέντας</span> <span class='ocrx_word' id='word_1_395' title='bbox 2409 2805 2499 2859; x_wconf 80' lang='grc' dir='ltr'>διὰ</span> <span class='ocrx_word' id='word_1_396' title='bbox 2535 2808 2639 2877; x_wconf 85' lang='grc' dir='ltr'><strong>τῆς</strong></span> <span class='ocrx_word' id='word_1_397' title='bbox 2665 2808 2960 2879; x_wconf 78' lang='grc' dir='ltr'>περιϐολῆς</span> <span class='ocrx_word' id='word_1_398' title='bbox 2985 2808 3081 2863; x_wconf 80' lang='grc' dir='ltr'>τοῦ</span> <span class='ocrx_word' id='word_1_399' title='bbox 3112 2807 3260 2861; x_wconf 85' lang='grc' dir='ltr'>θείου</span> <span class='ocrx_word' id='word_1_400' title='bbox 3297 2809 3607 2877; x_wconf 81' lang='grc' dir='ltr'>σχήματος.</span> <span class='ocrx_word' id='word_1_401' title='bbox 3653 2806 3733 2869; x_wconf 82' lang='grc' dir='ltr'>Ὧς</span> 
     </span>
    </p>
   </div>
   <div class='ocr_carea' id='block_1_58' title="bbox 2154 2893 3735 2970">
    <p class='ocr_par' dir='ltr' id='par_1_58' title="bbox 2154 2893 3735 2970">
     <span class='ocr_line' id='line_1_58' title="bbox 2154 2893 3735 2970; baseline 0.001 -23"><span class='ocrx_word' id='word_1_402' title='bbox 2154 2895 2429 2950; x_wconf 70' lang='grc' dir='ltr'>ἔκλαυσαν</span> <span class='ocrx_word' id='word_1_403' title='bbox 2464 2893 2559 2952; x_wconf 83' lang='grc' dir='ltr'><strong>οὖν</strong></span> <span class='ocrx_word' id='word_1_404' title='bbox 2592 2900 2897 2970; x_wconf 80' lang='grc' dir='ltr'>ἀμφότεροι</span> <span class='ocrx_word' id='word_1_405' title='bbox 2947 2902 3041 2953; x_wconf 83' lang='grc' dir='ltr'>ἐπὶ</span> <span class='ocrx_word' id='word_1_406' title='bbox 3089 2899 3281 2970; x_wconf 78' lang='grc' dir='ltr'>ἱκανὴν</span> <span class='ocrx_word' id='word_1_407' title='bbox 3312 2898 3493 2969; x_wconf 82' lang='grc' dir='ltr'>ὥραν,</span> <span class='ocrx_word' id='word_1_408' title='bbox 3557 2898 3735 2960; x_wconf 86' lang='grc' dir='ltr'>κλίνας</span> 
     </span>
    </p>
   </div>
   <div class='ocr_carea' id='block_1_59' title="bbox 2154 2986 3732 3060">
    <p class='ocr_par' dir='ltr' id='par_1_59' title="bbox 2154 2986 3732 3060">
     <span class='ocr_line' id='line_1_59' title="bbox 2154 2986 3732 3060; baseline -0.001 -20"><span class='ocrx_word' id='word_1_409' title='bbox 2154 2987 2286 3055; x_wconf 87' lang='grc' dir='ltr'>γόνυ</span> <span class='ocrx_word' id='word_1_410' title='bbox 2315 2987 2344 3039; x_wconf 86' lang='lat'><strong>6</strong></span> <span class='ocrx_word' id='word_1_411' title='bbox 2366 2987 2514 3052; x_wconf 82' lang='grc' dir='ltr'>ὅσιος</span> <span class='ocrx_word' id='word_1_412' title='bbox 2545 2989 2752 3053; x_wconf 88' lang='grc' dir='ltr'>Νίκων,</span> <span class='ocrx_word' id='word_1_413' title='bbox 2798 2990 2896 3044; x_wconf 76' lang='grc' dir='ltr'>καὶ</span> <span class='ocrx_word' id='word_1_414' title='bbox 2927 2992 3135 3060; x_wconf 81' lang='grc' dir='ltr'>στήσας</span> <span class='ocrx_word' id='word_1_415' title='bbox 3159 2987 3386 3060; x_wconf 84' lang='grc' dir='ltr'>Συμεὼν</span> <span class='ocrx_word' id='word_1_416' title='bbox 3432 2991 3505 3042; x_wconf 79' lang='grc' dir='ltr'><strong>ἐκ</strong></span> <span class='ocrx_word' id='word_1_417' title='bbox 3529 2986 3732 3053; x_wconf 84' lang='grc' dir='ltr'>δεξιῶν,</span> 
     </span>
    </p>
   </div>
   <div class='ocr_carea' id='block_1_60' title="bbox 2156 3078 3737 3151">
    <p class='ocr_par' dir='ltr' id='par_1_60' title="bbox 2156 3078 3737 3151">
     <span class='ocr_line' id='line_1_60' title="bbox 2156 3078 3737 3151; baseline -0.001 -19"><span class='ocrx_word' id='word_1_418' title='bbox 2156 3080 2250 3132; x_wconf 73' lang='grc' dir='ltr'>καὶ</span> <span class='ocrx_word' id='word_1_419' title='bbox 2274 3078 2533 3149; x_wconf 83' lang='grc' dir='ltr'>Ἰωάννην</span> <span class='ocrx_word' id='word_1_420' title='bbox 2561 3081 2621 3147; x_wconf 80' lang='grc' dir='ltr'><strong>ἐξ</strong></span> <span class='ocrx_word' id='word_1_421' title='bbox 2650 3080 2953 3150; x_wconf 81' lang='grc' dir='ltr'>εὐωνύμων</span> <span class='ocrx_word' id='word_1_422' title='bbox 2979 3080 3181 3151; x_wconf 79' lang='grc' dir='ltr'>ἀνέστη</span> <span class='ocrx_word' id='word_1_423' title='bbox 3203 3120 3216 3141; x_wconf 88' lang='grc'><strong>.</strong></span> <span class='ocrx_word' id='word_1_424' title='bbox 3249 3081 3346 3133; x_wconf 80' lang='grc' dir='ltr'>καὶ</span> <span class='ocrx_word' id='word_1_425' title='bbox 3369 3079 3626 3141; x_wconf 84' lang='grc' dir='ltr'>ἐκτείνας</span> <span class='ocrx_word' id='word_1_426' title='bbox 3644 3078 3737 3140; x_wconf 79' lang='grc' dir='ltr'>τὰς</span> 
     </span>
    </p>
   </div>
   <div class='ocr_carea' id='block_1_61' title="bbox 465 3164 2051 3254">
    <p class='ocr_par' dir='ltr' id='par_1_61' title="bbox 465 3164 2048 3248">
     <span class='ocr_line' id='line_1_61' title="bbox 465 3164 2048 3248; baseline 0.015 -31"><span class='ocrx_word' id='word_1_427' title='bbox 465 3164 738 3234; x_wconf 80' lang='lat' dir='ltr'><strong>Symenne</strong></span> <span class='ocrx_word' id='word_1_428' title='bbox 802 3186 832 3223; x_wconf 89' lang='lat' dir='ltr'><strong>a</strong></span> <span class='ocrx_word' id='word_1_429' title='bbox 860 3172 1067 3227; x_wconf 85' lang='lat' dir='ltr'><strong>dextris</strong></span> <span class='ocrx_word' id='word_1_430' title='bbox 1107 3184 1163 3229; x_wconf 90' lang='lat' dir='ltr'><strong>et</strong></span> <span class='ocrx_word' id='word_1_431' title='bbox 1194 3175 1409 3233; x_wconf 84' lang='lat' dir='ltr'><strong>Joanne</strong></span> <span class='ocrx_word' id='word_1_432' title='bbox 1436 3194 1468 3234; x_wconf 84' lang='lat' dir='ltr'><strong>a</strong></span> <span class='ocrx_word' id='word_1_433' title='bbox 1495 3180 1754 3246; x_wconf 89' lang='lat' dir='ltr'><strong>sinistris,</strong></span> <span class='ocrx_word' id='word_1_434' title='bbox 1788 3186 2048 3248; x_wconf 83' lang='lat' dir='ltr'><strong>surrexit.</strong></span> 
     </span>
    </p>
   </div>
   <div class='ocr_carea' id='block_1_62' title="bbox 2157 3164 3737 3254">
    <p class='ocr_par' dir='ltr' id='par_1_62' title="bbox 2157 3167 3737 3243">
     <span class='ocr_line' id='line_1_62' title="bbox 2157 3167 3737 3243; baseline -0.003 -19"><span class='ocrx_word' id='word_1_435' title='bbox 2157 3175 2347 3243; x_wconf 84' lang='grc' dir='ltr'>χεῖρας</span> <span class='ocrx_word' id='word_1_436' title='bbox 2374 3174 2454 3235; x_wconf 89' lang='grc' dir='ltr'><strong>είς</strong></span> <span class='ocrx_word' id='word_1_437' title='bbox 2476 3171 2566 3225; x_wconf 86' lang='grc' dir='ltr'><strong>τὸν</strong></span> <span class='ocrx_word' id='word_1_438' title='bbox 2588 3171 2839 3241; x_wconf 82' lang='grc' dir='ltr'>οὐρανὸν,</span> <span class='ocrx_word' id='word_1_439' title='bbox 2872 3167 3048 3225; x_wconf 77' lang='grc' dir='ltr'>εἶπενο</span> <span class='ocrx_word' id='word_1_440' title='bbox 3093 3171 3153 3224; x_wconf 87' lang='lat'><strong>&#39;0</strong></span> <span class='ocrx_word' id='word_1_441' title='bbox 3179 3170 3315 3234; x_wconf 87' lang='grc' dir='ltr'>Θεὸς</span> <span class='ocrx_word' id='word_1_442' title='bbox 3351 3173 3380 3223; x_wconf 89' lang='lat'><strong>6</strong></span> <span class='ocrx_word' id='word_1_443' title='bbox 3403 3170 3622 3232; x_wconf 86' lang='grc' dir='ltr'>δίκαιος</span> <span class='ocrx_word' id='word_1_444' title='bbox 3649 3171 3737 3221; x_wconf 76' lang='grc' dir='ltr'><strong>καὶ</strong></span> 
     </span>
    </p>
   </div>
   <div class='ocr_carea' id='block_1_63' title="bbox 464 3258 2051 3344">
    <p class='ocr_par' dir='ltr' id='par_1_63' title="bbox 464 3258 2051 3344">
     <span class='ocr_line' id='line_1_63' title="bbox 464 3258 2051 3344; baseline 0.013 -35"><span class='ocrx_word' id='word_1_445' title='bbox 464 3264 522 3310; x_wconf 82' lang='lat' dir='ltr'><strong>et</strong></span> <span class='ocrx_word' id='word_1_446' title='bbox 550 3258 823 3324; x_wconf 84' lang='lat' dir='ltr'><strong>protensis</strong></span> <span class='ocrx_word' id='word_1_447' title='bbox 854 3260 909 3313; x_wconf 90' lang='lat' dir='ltr'><strong>in</strong></span> <span class='ocrx_word' id='word_1_448' title='bbox 948 3263 1147 3317; x_wconf 70' lang='lat' dir='ltr'><strong>cmlum</strong></span> <span class='ocrx_word' id='word_1_449' title='bbox 1195 3266 1470 3332; x_wconf 89' lang='lat' dir='ltr'><strong>manibus,</strong></span> <span class='ocrx_word' id='word_1_450' title='bbox 1516 3270 1653 3324; x_wconf 80' lang='lat' dir='ltr'><strong>dixit</strong></span> <span class='ocrx_word' id='word_1_451' title='bbox 1688 3291 1700 3324; x_wconf 91' lang='lat'><strong>:</strong></span> <span class='ocrx_word' id='word_1_452' title='bbox 1736 3271 1878 3328; x_wconf 88' lang='lat' dir='ltr'><strong>Deus</strong></span> <span class='ocrx_word' id='word_1_453' title='bbox 1908 3275 2051 3344; x_wconf 87' lang='lat' dir='ltr'><strong>juste</strong></span> 
     </span>
    </p>
   </div>
   <div class='ocr_carea' id='block_1_64' title="bbox 2157 3258 3735 3344">
    <p class='ocr_par' dir='ltr' id='par_1_64' title="bbox 2157 3259 3735 3332">
     <span class='ocr_line' id='line_1_64' title="bbox 2157 3259 3735 3332; baseline -0.003 -15"><span class='ocrx_word' id='word_1_454' title='bbox 2157 3264 2391 3328; x_wconf 87' lang='grc' dir='ltr'>αίνετὸς,</span> <span class='ocrx_word' id='word_1_455' title='bbox 2421 3265 2451 3316; x_wconf 91' lang='lat'><strong>6</strong></span> <span class='ocrx_word' id='word_1_456' title='bbox 2478 3262 2611 3326; x_wconf 90' lang='grc' dir='ltr'>Θεὸς</span> <span class='ocrx_word' id='word_1_457' title='bbox 2645 3264 2675 3315; x_wconf 92' lang='lat'><strong>6</strong></span> <span class='ocrx_word' id='word_1_458' title='bbox 2701 3263 2874 3332; x_wconf 85' lang='grc' dir='ltr'>μέγας</span> <span class='ocrx_word' id='word_1_459' title='bbox 2907 3262 3002 3315; x_wconf 78' lang='grc' dir='ltr'><strong>καὶ</strong></span> <span class='ocrx_word' id='word_1_460' title='bbox 3040 3260 3282 3332; x_wconf 75' lang='grc' dir='ltr'>ἰσχυρὸς,</span> <span class='ocrx_word' id='word_1_461' title='bbox 3312 3262 3342 3314; x_wconf 92' lang='lat'><strong>6</strong></span> <span class='ocrx_word' id='word_1_462' title='bbox 3377 3259 3521 3324; x_wconf 83' lang='grc' dir='ltr'>Θεὸς</span> <span class='ocrx_word' id='word_1_463' title='bbox 3554 3263 3582 3314; x_wconf 90' lang='lat'><strong>6</strong></span> <span class='ocrx_word' id='word_1_464' title='bbox 3608 3277 3735 3328; x_wconf 85' lang='grc' dir='ltr'>προ-</span> 
     </span>
    </p>
   </div>
   <div class='ocr_carea' id='block_1_65' title="bbox 463 3342 2051 3430">
    <p class='ocr_par' dir='ltr' id='par_1_65' title="bbox 463 3342 2051 3430">
     <span class='ocr_line' id='line_1_65' title="bbox 463 3342 2051 3430; baseline 0.013 -35"><span class='ocrx_word' id='word_1_465' title='bbox 463 3352 521 3396; x_wconf 87' lang='lat' dir='ltr'><strong>et</strong></span> <span class='ocrx_word' id='word_1_466' title='bbox 567 3342 877 3412; x_wconf 88' lang='lat' dir='ltr'><strong>laudabilis,</strong></span> <span class='ocrx_word' id='word_1_467' title='bbox 920 3347 1068 3404; x_wconf 90' lang='lat' dir='ltr'><strong>Deus</strong></span> <span class='ocrx_word' id='word_1_468' title='bbox 1112 3366 1307 3422; x_wconf 82' lang='lat' dir='ltr'><strong>magne</strong></span> <span class='ocrx_word' id='word_1_469' title='bbox 1345 3363 1400 3408; x_wconf 92' lang='lat' dir='ltr'><strong>et</strong></span> <span class='ocrx_word' id='word_1_470' title='bbox 1430 3355 1605 3422; x_wconf 90' lang='lat' dir='ltr'><strong>fortis,</strong></span> <span class='ocrx_word' id='word_1_471' title='bbox 1659 3357 1820 3425; x_wconf 89' lang='lat' dir='ltr'><strong>Deus,</strong></span> <span class='ocrx_word' id='word_1_472' title='bbox 1859 3342 1951 3430; x_wconf 84' lang='lat' dir='ltr'><strong>qui</strong></span> <span class='ocrx_word' id='word_1_473' title='bbox 1995 3376 2051 3416; x_wconf 88' lang='lat' dir='ltr'><strong>es</strong></span> 
     </span>
    </p>
   </div>
   <div class='ocr_carea' id='block_1_66' title="bbox 2157 3342 3740 3430">
    <p class='ocr_par' dir='ltr' id='par_1_66' title="bbox 2157 3350 3740 3423">
     <span class='ocr_line' id='line_1_66' title="bbox 2157 3350 3740 3423; baseline -0.003 -15"><span class='ocrx_word' id='word_1_474' title='bbox 2157 3355 2413 3418; x_wconf 84' lang='grc' dir='ltr'>αιώνιος,</span> <span class='ocrx_word' id='word_1_475' title='bbox 2473 3354 2797 3408; x_wconf 79' lang='grc' dir='ltr'>εἰσάκουσον</span> <span class='ocrx_word' id='word_1_476' title='bbox 2847 3352 3180 3423; x_wconf 83' lang='grc' dir='ltr'>άμαρτωλοῠ</span> <span class='ocrx_word' id='word_1_477' title='bbox 3242 3351 3437 3422; x_wconf 84' lang='grc' dir='ltr'>ἀνδρὸς</span> <span class='ocrx_word' id='word_1_478' title='bbox 3500 3353 3568 3421; x_wconf 85' lang='grc' dir='ltr'>τῇ</span> <span class='ocrx_word' id='word_1_479' title='bbox 3629 3350 3740 3421; x_wconf 73' lang='grc' dir='ltr'><strong>ὥρᾳ</strong></span> 
     </span>
    </p>
   </div>
   <div class='ocr_carea' id='block_1_67' title="bbox 461 3436 2051 3517">
    <p class='ocr_par' dir='ltr' id='par_1_67' title="bbox 461 3436 2051 3517">
     <span class='ocr_line' id='line_1_67' title="bbox 461 3436 2051 3517; baseline 0.011 -29"><span class='ocrx_word' id='word_1_480' title='bbox 461 3446 592 3488; x_wconf 91' lang='lat' dir='ltr'><strong>ante</strong></span> <span class='ocrx_word' id='word_1_481' title='bbox 621 3436 843 3502; x_wconf 49' lang='lat' dir='ltr'><strong>saecula,</strong></span> <span class='ocrx_word' id='word_1_482' title='bbox 869 3440 1064 3494; x_wconf 82' lang='lat' dir='ltr'><strong>exaudi</strong></span> <span class='ocrx_word' id='word_1_483' title='bbox 1095 3441 1273 3517; x_wconf 86' lang='lat' dir='ltr'><strong>virum</strong></span> <span class='ocrx_word' id='word_1_484' title='bbox 1302 3456 1645 3515; x_wconf 83' lang='lat' dir='ltr'><strong>peccatorem</strong></span> <span class='ocrx_word' id='word_1_485' title='bbox 1671 3449 1722 3503; x_wconf 92' lang='lat' dir='ltr'><strong>in</strong></span> <span class='ocrx_word' id='word_1_486' title='bbox 1755 3451 1856 3506; x_wconf 88' lang='lat' dir='ltr'><strong>hac</strong></span> <span class='ocrx_word' id='word_1_487' title='bbox 1883 3453 2051 3508; x_wconf 87' lang='lat' dir='ltr'><strong>hora:</strong></span> 
     </span>
    </p>
   </div>
   <div class='ocr_carea' id='block_1_68' title="bbox 463 3532 2055 3601">
    <p class='ocr_par' dir='ltr' id='par_1_68' title="bbox 463 3532 2055 3601">
     <span class='ocr_line' id='line_1_68' title="bbox 463 3532 2055 3601; baseline 0.007 -15"><span class='ocrx_word' id='word_1_488' title='bbox 463 3532 662 3587; x_wconf 77' lang='lat' dir='ltr'><strong>exaudi</strong></span> <span class='ocrx_word' id='word_1_489' title='bbox 683 3548 796 3601; x_wconf 88' lang='lat' dir='ltr'><strong>me,</strong></span> <span class='ocrx_word' id='word_1_490' title='bbox 824 3534 990 3599; x_wconf 89' lang='lat' dir='ltr'><strong>Deus,</strong></span> <span class='ocrx_word' id='word_1_491' title='bbox 1021 3539 1214 3593; x_wconf 83' lang='lat' dir='ltr'><strong>exaudi</strong></span> <span class='ocrx_word' id='word_1_492' title='bbox 1241 3555 1328 3594; x_wconf 91' lang='lat' dir='ltr'><strong>me</strong></span> <span class='ocrx_word' id='word_1_493' title='bbox 1362 3541 1416 3595; x_wconf 86' lang='lat' dir='ltr'><strong>in</strong></span> <span class='ocrx_word' id='word_1_494' title='bbox 1441 3540 1781 3599; x_wconf 88' lang='lat' dir='ltr'><strong>fortitudine.</strong></span> <span class='ocrx_word' id='word_1_495' title='bbox 1814 3543 2055 3599; x_wconf 84' lang='lat' dir='ltr'><strong>Estoim-</strong></span> 
     </span>
    </p>
   </div>
   <div class='ocr_carea' id='block_1_69' title="bbox 429 3629 2051 3704">
    <p class='ocr_par' dir='ltr' id='par_1_69' title="bbox 429 3629 2051 3704">
     <span class='ocr_line' id='line_1_69' title="bbox 429 3629 2051 3704; baseline 0.006 -24"><span class='ocrx_word' id='word_1_496' title='bbox 429 3653 433 3657; x_wconf 86' lang='grc'>·</span> <span class='ocrx_word' id='word_1_497' title='bbox 463 3643 696 3693; x_wconf 88' lang='lat' dir='ltr'><strong>memor,</strong></span> <span class='ocrx_word' id='word_1_498' title='bbox 729 3636 974 3697; x_wconf 85' lang='lat' dir='ltr'><strong>tempore</strong></span> <span class='ocrx_word' id='word_1_499' title='bbox 1006 3629 1130 3695; x_wconf 87' lang='lat' dir='ltr'><strong>hoc,</strong></span> <span class='ocrx_word' id='word_1_500' title='bbox 1156 3646 1265 3700; x_wconf 92' lang='lat' dir='ltr'><strong>quo</strong></span> <span class='ocrx_word' id='word_1_501' title='bbox 1296 3647 1489 3701; x_wconf 80' lang='lat' dir='ltr'><strong>preces</strong></span> <span class='ocrx_word' id='word_1_502' title='bbox 1516 3632 1706 3699; x_wconf 89' lang='lat' dir='ltr'><strong>fundo,</strong></span> <span class='ocrx_word' id='word_1_503' title='bbox 1728 3636 2051 3704; x_wconf 77' lang='lat' dir='ltr'><strong>praevarica-</strong></span> 
     </span>
    </p>
   </div>
   <div class='ocr_carea' id='block_1_70' title="bbox 465 3719 2050 3796">
    <p class='ocr_par' dir='ltr' id='par_1_70' title="bbox 465 3719 2050 3796">
     <span class='ocr_line' id='line_1_70' title="bbox 465 3719 2050 3796; baseline 0.005 -24"><span class='ocrx_word' id='word_1_504' title='bbox 465 3719 674 3773; x_wconf 84' lang='lat' dir='ltr'><strong>tionum</strong></span> <span class='ocrx_word' id='word_1_505' title='bbox 705 3735 736 3773; x_wconf 90' lang='lat' dir='ltr'><strong>a</strong></span> <span class='ocrx_word' id='word_1_506' title='bbox 761 3735 881 3774; x_wconf 83' lang='lat' dir='ltr'><strong>utea</strong></span> <span class='ocrx_word' id='word_1_507' title='bbox 910 3720 1123 3776; x_wconf 89' lang='lat' dir='ltr'><strong>vilitate</strong></span> <span class='ocrx_word' id='word_1_508' title='bbox 1175 3738 1350 3793; x_wconf 90' lang='lat' dir='ltr'><strong>usque</strong></span> <span class='ocrx_word' id='word_1_509' title='bbox 1376 3733 1432 3778; x_wconf 92' lang='lat' dir='ltr'><strong>et</strong></span> <span class='ocrx_word' id='word_1_510' title='bbox 1458 3740 1630 3794; x_wconf 83' lang='lat' dir='ltr'><strong>usque</strong></span> <span class='ocrx_word' id='word_1_511' title='bbox 1663 3726 2050 3796; x_wconf 68' lang='lat' dir='ltr'><strong>profectauum.</strong></span> 
     </span>
    </p>
   </div>
   <div class='ocr_carea' id='block_1_71' title="bbox 466 3809 2051 3887">
    <p class='ocr_par' dir='ltr' id='par_1_71' title="bbox 466 3809 2051 3887">
     <span class='ocr_line' id='line_1_71' title="bbox 466 3809 2051 3887; baseline 0.007 -25"><span class='ocrx_word' id='word_1_512' title='bbox 466 3809 678 3864; x_wconf 79' lang='lat' dir='ltr'><strong>Exaudi</strong></span> <span class='ocrx_word' id='word_1_513' title='bbox 718 3827 831 3878; x_wconf 84' lang='lat' dir='ltr'><strong>me,</strong></span> <span class='ocrx_word' id='word_1_514' title='bbox 861 3811 1111 3874; x_wconf 91' lang='lat' dir='ltr'><strong>Domine,</strong></span> <span class='ocrx_word' id='word_1_515' title='bbox 1155 3814 1354 3869; x_wconf 79' lang='lat' dir='ltr'><strong>exaudi</strong></span> <span class='ocrx_word' id='word_1_516' title='bbox 1393 3830 1483 3869; x_wconf 87' lang='lat' dir='ltr'><strong>me</strong></span> <span class='ocrx_word' id='word_1_517' title='bbox 1522 3815 1578 3869; x_wconf 90' lang='lat' dir='ltr'><strong>in</strong></span> <span class='ocrx_word' id='word_1_518' title='bbox 1622 3816 1746 3887; x_wconf 80' lang='lat' dir='ltr'><strong>igne</strong></span> <span class='ocrx_word' id='word_1_519' title='bbox 1767 3817 2051 3882; x_wconf 89' lang='lat' dir='ltr'><strong>orationis,</strong></span> 
     </span>
    </p>
   </div>
   <div class='ocr_carea' id='block_1_72' title="bbox 461 3900 2051 3977">
    <p class='ocr_par' dir='ltr' id='par_1_72' title="bbox 461 3900 2051 3977">
     <span class='ocr_line' id='line_1_72' title="bbox 461 3900 2051 3977; baseline 0.006 -22"><span class='ocrx_word' id='word_1_520' title='bbox 461 3900 785 3956; x_wconf 70' lang='lat' dir='ltr'><strong>sicut~olim</strong></span> <span class='ocrx_word' id='word_1_521' title='bbox 838 3912 991 3957; x_wconf 91' lang='lat' dir='ltr'><strong>tuum</strong></span> <span class='ocrx_word' id='word_1_522' title='bbox 1055 3905 1424 3976; x_wconf 86' lang='lat' dir='ltr'><strong>prophetam;</strong></span> <span class='ocrx_word' id='word_1_523' title='bbox 1473 3916 1529 3962; x_wconf 90' lang='lat' dir='ltr'><strong>et</strong></span> <span class='ocrx_word' id='word_1_524' title='bbox 1568 3908 1690 3977; x_wconf 85' lang='lat' dir='ltr'><strong>ejus</strong></span> <span class='ocrx_word' id='word_1_525' title='bbox 1737 3909 2051 3965; x_wconf 90' lang='lat' dir='ltr'><strong>interventu</strong></span> 
     </span>
    </p>
   </div>
   <div class='ocr_carea' id='block_1_73' title="bbox 460 3991 2054 4070">
    <p class='ocr_par' dir='ltr' id='par_1_73' title="bbox 460 3991 2054 4070">
     <span class='ocr_line' id='line_1_73' title="bbox 460 3991 2054 4070; baseline 0.007 -27"><span class='ocrx_word' id='word_1_526' title='bbox 460 3991 723 4045; x_wconf 86' lang='lat' dir='ltr'><strong>combure</strong></span> <span class='ocrx_word' id='word_1_527' title='bbox 763 4007 913 4047; x_wconf 89' lang='lat' dir='ltr'><strong>meas</strong></span> <span class='ocrx_word' id='word_1_528' title='bbox 941 3992 1285 4062; x_wconf 88' lang='lat' dir='ltr'><strong>iniquitates,</strong></span> <span class='ocrx_word' id='word_1_529' title='bbox 1327 4007 1383 4052; x_wconf 89' lang='lat' dir='ltr'><strong>et</strong></span> <span class='ocrx_word' id='word_1_530' title='bbox 1412 4007 1637 4067; x_wconf 83' lang='lat' dir='ltr'><strong>peccata</strong></span> <span class='ocrx_word' id='word_1_531' title='bbox 1676 4015 1940 4070; x_wconf 77' lang='lat' dir='ltr'><strong>expurga.</strong></span> <span class='ocrx_word' id='word_1_532' title='bbox 1976 4001 2054 4054; x_wconf 82' lang='lat' dir='ltr'><strong>Ita</strong></span> 
     </span>
    </p>
   </div>
   <div class='ocr_carea' id='block_1_74' title="bbox 461 4081 2053 4154">
    <p class='ocr_par' dir='ltr' id='par_1_74' title="bbox 461 4081 2053 4154">
     <span class='ocr_line' id='line_1_74' title="bbox 461 4081 2053 4154; baseline 0.006 -18"><span class='ocrx_word' id='word_1_533' title='bbox 461 4081 578 4144; x_wconf 84' lang='lat' dir='ltr'><strong>fiat,</strong></span> <span class='ocrx_word' id='word_1_534' title='bbox 611 4099 645 4136; x_wconf 89' lang='grc' dir='ltr'><strong>ο</strong></span> <span class='ocrx_word' id='word_1_535' title='bbox 677 4081 818 4138; x_wconf 89' lang='lat' dir='ltr'><strong>Deus</strong></span> <span class='ocrx_word' id='word_1_536' title='bbox 842 4092 1156 4140; x_wconf 89' lang='lat' dir='ltr'><strong>sanctarum</strong></span> <span class='ocrx_word' id='word_1_537' title='bbox 1193 4086 1496 4142; x_wconf 77' lang='lat' dir='ltr'><strong>virtutum!</strong></span> <span class='ocrx_word' id='word_1_538' title='bbox 1530 4089 1605 4143; x_wconf 89' lang='lat' dir='ltr'><strong>ita</strong></span> <span class='ocrx_word' id='word_1_539' title='bbox 1645 4090 1757 4154; x_wconf 78' lang='lat' dir='ltr'><strong>fiat,</strong></span> <span class='ocrx_word' id='word_1_540' title='bbox 1793 4105 1827 4143; x_wconf 90' lang='grc' dir='ltr'><strong>ο</strong></span> <span class='ocrx_word' id='word_1_541' title='bbox 1873 4106 2053 4145; x_wconf 88' lang='lat' dir='ltr'><strong>rerum</strong></span> 
     </span>
    </p>
   </div>
   <div class='ocr_carea' id='block_1_75' title="bbox 462 4173 2055 4251">
    <p class='ocr_par' dir='ltr' id='par_1_75' title="bbox 462 4173 2055 4251">
     <span class='ocr_line' id='line_1_75' title="bbox 462 4173 2055 4251; baseline 0.008 -25"><span class='ocrx_word' id='word_1_542' title='bbox 462 4173 909 4243; x_wconf 86' lang='lat' dir='ltr'><strong>incorporearum</strong></span> <span class='ocrx_word' id='word_1_543' title='bbox 940 4180 1194 4233; x_wconf 80' lang='lat' dir='ltr'><strong>creatori</strong></span> <span class='ocrx_word' id='word_1_544' title='bbox 1235 4179 1311 4234; x_wconf 91' lang='lat' dir='ltr'><strong>ita</strong></span> <span class='ocrx_word' id='word_1_545' title='bbox 1335 4180 1467 4235; x_wconf 83' lang='lat' dir='ltr'><strong>ﬂat!</strong></span> <span class='ocrx_word' id='word_1_546' title='bbox 1501 4181 1594 4251; x_wconf 89' lang='lat' dir='ltr'><strong>qui</strong></span> <span class='ocrx_word' id='word_1_547' title='bbox 1623 4182 1844 4237; x_wconf 86' lang='lat' dir='ltr'><strong>dixisti:</strong></span> <span class='ocrx_word' id='word_1_548' title='bbox 1879 4184 2055 4239; x_wconf 88' lang='lat' dir='ltr'><strong>Petite</strong></span> 
     </span>
    </p>
   </div>
   <div class='ocr_carea' id='block_1_76' title="bbox 464 4264 2057 4341">
    <p class='ocr_par' dir='ltr' id='par_1_76' title="bbox 464 4264 2057 4341">
     <span class='ocr_line' id='line_1_76' title="bbox 464 4264 2057 4341; baseline 0.007 -24"><span class='ocrx_word' id='word_1_549' title='bbox 464 4272 522 4318; x_wconf 90' lang='lat' dir='ltr'><strong>et</strong></span> <span class='ocrx_word' id='word_1_550' title='bbox 539 4264 842 4334; x_wconf 88' lang='lat' dir='ltr'><strong>accipietis.</strong></span> <span class='ocrx_word' id='word_1_551' title='bbox 868 4264 947 4323; x_wconf 85' lang='lat' dir='ltr'><strong>Ne</strong></span> <span class='ocrx_word' id='word_1_552' title='bbox 983 4270 1306 4326; x_wconf 88' lang='lat' dir='ltr'><strong>abominare</strong></span> <span class='ocrx_word' id='word_1_553' title='bbox 1333 4286 1442 4337; x_wconf 84' lang='lat' dir='ltr'><strong>me,</strong></span> <span class='ocrx_word' id='word_1_554' title='bbox 1485 4271 1581 4341; x_wconf 91' lang='lat' dir='ltr'><strong>qui</strong></span> <span class='ocrx_word' id='word_1_555' title='bbox 1611 4286 1733 4326; x_wconf 90' lang='lat' dir='ltr'><strong>sum</strong></span> <span class='ocrx_word' id='word_1_556' title='bbox 1767 4271 1925 4328; x_wconf 89' lang='lat' dir='ltr'><strong>labiis</strong></span> <span class='ocrx_word' id='word_1_557' title='bbox 1953 4274 2057 4328; x_wconf 86' lang='lat' dir='ltr'><strong>im-</strong></span> 
     </span>
    </p>
   </div>
   <div class='ocr_carea' id='block_1_77' title="bbox 462 4355 2055 4435">
    <p class='ocr_par' dir='ltr' id='par_1_77' title="bbox 462 4355 2055 4435">
     <span class='ocr_line' id='line_1_77' title="bbox 462 4355 2055 4435; baseline 0.009 -29"><span class='ocrx_word' id='word_1_558' title='bbox 462 4355 640 4423; x_wconf 89' lang='lat' dir='ltr'><strong>puris,</strong></span> <span class='ocrx_word' id='word_1_559' title='bbox 670 4357 805 4432; x_wconf 84' lang='lat' dir='ltr'><strong>etin</strong></span> <span class='ocrx_word' id='word_1_560' title='bbox 862 4360 1103 4428; x_wconf 88' lang='lat' dir='ltr'><strong>peccatis</strong></span> <span class='ocrx_word' id='word_1_561' title='bbox 1154 4361 1354 4417; x_wconf 75' lang='lat' dir='ltr'><strong>hzereo.</strong></span> <span class='ocrx_word' id='word_1_562' title='bbox 1402 4361 1612 4417; x_wconf 84' lang='lat' dir='ltr'><strong>Exaudi</strong></span> <span class='ocrx_word' id='word_1_563' title='bbox 1660 4378 1770 4429; x_wconf 90' lang='lat' dir='ltr'><strong>me,</strong></span> <span class='ocrx_word' id='word_1_564' title='bbox 1801 4365 1893 4434; x_wconf 90' lang='lat' dir='ltr'><strong>qui</strong></span> <span class='ocrx_word' id='word_1_565' title='bbox 1925 4381 2055 4435; x_wconf 89' lang='lat' dir='ltr'><strong>pro-</strong></span> 
     </span>
    </p>
   </div>
   <div class='ocr_carea' id='block_1_78' title="bbox 463 4444 2057 4522">
    <p class='ocr_par' dir='ltr' id='par_1_78' title="bbox 463 4444 2057 4522">
     <span class='ocr_line' id='line_1_78' title="bbox 463 4444 2057 4522; baseline 0.008 -23"><span class='ocrx_word' id='word_1_566' title='bbox 463 4444 667 4501; x_wconf 89' lang='lat' dir='ltr'><strong>misisti</strong></span> <span class='ocrx_word' id='word_1_567' title='bbox 722 4457 775 4501; x_wconf 93' lang='lat' dir='ltr'><strong>te</strong></span> <span class='ocrx_word' id='word_1_568' title='bbox 804 4450 1188 4506; x_wconf 86' lang='lat' dir='ltr'><strong>exauditurnm</strong></span> <span class='ocrx_word' id='word_1_569' title='bbox 1223 4467 1340 4516; x_wconf 86' lang='lat' dir='ltr'><strong>eos,</strong></span> <span class='ocrx_word' id='word_1_570' title='bbox 1367 4454 1460 4522; x_wconf 92' lang='lat' dir='ltr'><strong>qui</strong></span> <span class='ocrx_word' id='word_1_571' title='bbox 1493 4453 1755 4509; x_wconf 89' lang='lat' dir='ltr'><strong>invocant</strong></span> <span class='ocrx_word' id='word_1_572' title='bbox 1779 4464 1830 4510; x_wconf 92' lang='lat' dir='ltr'><strong>te</strong></span> <span class='ocrx_word' id='word_1_573' title='bbox 1858 4455 1916 4510; x_wconf 93' lang='lat' dir='ltr'><strong>in</strong></span> <span class='ocrx_word' id='word_1_574' title='bbox 1965 4471 2057 4511; x_wconf 84' lang='lat' dir='ltr'><strong>ve-</strong></span> 
     </span>
    </p>
   </div>
   <div class='ocr_carea' id='block_1_79' title="bbox 2155 3442 3739 3518">
    <p class='ocr_par' dir='ltr' id='par_1_79' title="bbox 2155 3442 3739 3518">
     <span class='ocr_line' id='line_1_79' title="bbox 2155 3442 3739 3518; baseline -0.004 -18"><span class='ocrx_word' id='word_1_575' title='bbox 2155 3446 2353 3518; x_wconf 82' lang='grc' dir='ltr'>ταύτῃ.</span> <span class='ocrx_word' id='word_1_576' title='bbox 2386 3445 2723 3501; x_wconf 86' lang='grc' dir='ltr'>Ἐπάκουσόν</span> <span class='ocrx_word' id='word_1_577' title='bbox 2784 3462 2912 3514; x_wconf 90' lang='grc' dir='ltr'>μου,</span> <span class='ocrx_word' id='word_1_578' title='bbox 2936 3446 2967 3497; x_wconf 90' lang='lat'><strong>6</strong></span> <span class='ocrx_word' id='word_1_579' title='bbox 2997 3443 3151 3510; x_wconf 76' lang='grc' dir='ltr'>Θεὸς,</span> <span class='ocrx_word' id='word_1_580' title='bbox 3180 3442 3496 3497; x_wconf 76' lang='grc' dir='ltr'>ἐπάκουσον</span> <span class='ocrx_word' id='word_1_581' title='bbox 3543 3461 3643 3513; x_wconf 90' lang='grc' dir='ltr'><strong>μου</strong></span> <span class='ocrx_word' id='word_1_582' title='bbox 3686 3445 3739 3495; x_wconf 80' lang='grc' dir='ltr'><strong>ἐν</strong></span> 
     </span>
    </p>
   </div>
   <div class='ocr_carea' id='block_1_80' title="bbox 2159 3535 3735 3610">
    <p class='ocr_par' dir='ltr' id='par_1_80' title="bbox 2159 3535 3735 3610">
     <span class='ocr_line' id='line_1_80' title="bbox 2159 3535 3735 3610; baseline -0.005 -18"><span class='ocrx_word' id='word_1_583' title='bbox 2159 3539 2328 3609; x_wconf 87' lang='grc' dir='ltr'>ίσχύῖ.</span> <span class='ocrx_word' id='word_1_584' title='bbox 2358 3538 2450 3610; x_wconf 84' lang='grc' dir='ltr'><strong>Μὴ</strong></span> <span class='ocrx_word' id='word_1_585' title='bbox 2486 3537 2882 3608; x_wconf 79' lang='grc' dir='ltr'>μνημόνευσον,</span> <span class='ocrx_word' id='word_1_586' title='bbox 2920 3537 2979 3589; x_wconf 85' lang='grc' dir='ltr'><strong>ἐν</strong></span> <span class='ocrx_word' id='word_1_587' title='bbox 3010 3535 3183 3606; x_wconf 78' lang='grc' dir='ltr'>ταύτῃ</span> <span class='ocrx_word' id='word_1_588' title='bbox 3216 3552 3319 3605; x_wconf 87' lang='grc' dir='ltr'><strong>μου</strong></span> <span class='ocrx_word' id='word_1_589' title='bbox 3349 3537 3418 3604; x_wconf 73' lang='grc' dir='ltr'>τῇ</span> <span class='ocrx_word' id='word_1_590' title='bbox 3441 3536 3735 3603; x_wconf 75' lang='grc' dir='ltr'>προσευχῇ,</span> 
     </span>
    </p>
   </div>
   <div class='ocr_carea' id='block_1_81' title="bbox 2154 3622 3739 3698">
    <p class='ocr_par' dir='ltr' id='par_1_81' title="bbox 2154 3622 3739 3698">
     <span class='ocr_line' id='line_1_81' title="bbox 2154 3622 3739 3698; baseline -0.006 -14"><span class='ocrx_word' id='word_1_591' title='bbox 2154 3630 2265 3683; x_wconf 87' lang='grc' dir='ltr'><strong>τῶν</strong></span> <span class='ocrx_word' id='word_1_592' title='bbox 2295 3630 2384 3684; x_wconf 82' lang='grc' dir='ltr'><strong>ἀεὶ</strong></span> <span class='ocrx_word' id='word_1_593' title='bbox 2417 3631 2513 3683; x_wconf 77' lang='grc' dir='ltr'><strong>καὶ</strong></span> <span class='ocrx_word' id='word_1_594' title='bbox 2538 3631 2619 3692; x_wconf 84' lang='grc' dir='ltr'>εἰς</span> <span class='ocrx_word' id='word_1_595' title='bbox 2648 3630 2737 3682; x_wconf 65' lang='grc' dir='ltr'><strong>ἀεὶ¹</strong></span> <span class='ocrx_word' id='word_1_596' title='bbox 2772 3626 3072 3698; x_wconf 87' lang='grc' dir='ltr'>παρακοῶν</span> <span class='ocrx_word' id='word_1_597' title='bbox 3114 3626 3213 3694; x_wconf 79' lang='grc' dir='ltr'>τῆς</span> <span class='ocrx_word' id='word_1_598' title='bbox 3259 3625 3403 3696; x_wconf 82' lang='grc' dir='ltr'>ἐμῆς</span> <span class='ocrx_word' id='word_1_599' title='bbox 3450 3622 3739 3688; x_wconf 79' lang='grc' dir='ltr'>ἑξουθενώ-</span> 
     </span>
    </p>
   </div>
   <div class='ocr_carea' id='block_1_82' title="bbox 2157 3715 3739 3790">
    <p class='ocr_par' dir='ltr' id='par_1_82' title="bbox 2157 3715 3739 3790">
     <span class='ocr_line' id='line_1_82' title="bbox 2157 3715 3739 3790; baseline -0.006 -16"><span class='ocrx_word' id='word_1_600' title='bbox 2157 3737 2315 3784; x_wconf 89' lang='grc' dir='ltr'>σεως.</span> <span class='ocrx_word' id='word_1_601' title='bbox 2355 3718 2699 3773; x_wconf 88' lang='grc' dir='ltr'>Ἐπάκουσόν</span> <span class='ocrx_word' id='word_1_602' title='bbox 2749 3735 2877 3790; x_wconf 91' lang='grc' dir='ltr'>μου,</span> <span class='ocrx_word' id='word_1_603' title='bbox 2930 3717 3130 3787; x_wconf 78' lang='grc' dir='ltr'>Κύριε,</span> <span class='ocrx_word' id='word_1_604' title='bbox 3190 3715 3508 3769; x_wconf 87' lang='grc' dir='ltr'>ἐπάκουσόν</span> <span class='ocrx_word' id='word_1_605' title='bbox 3558 3731 3659 3784; x_wconf 89' lang='grc' dir='ltr'><strong>μου</strong></span> <span class='ocrx_word' id='word_1_606' title='bbox 3687 3716 3739 3765; x_wconf 86' lang='grc' dir='ltr'><strong>ἐν</strong></span> 
     </span>
    </p>
   </div>
   <div class='ocr_carea' id='block_1_83' title="bbox 2157 3804 3741 3883">
    <p class='ocr_par' dir='ltr' id='par_1_83' title="bbox 2157 3804 3741 3883">
     <span class='ocr_line' id='line_1_83' title="bbox 2157 3804 3741 3883; baseline -0.006 -19"><span class='ocrx_word' id='word_1_607' title='bbox 2157 3811 2292 3883; x_wconf 76' lang='grc' dir='ltr'>πυρὶ</span> <span class='ocrx_word' id='word_1_608' title='bbox 2321 3811 2656 3881; x_wconf 81' lang='grc' dir='ltr'>προσευχῆς,</span> <span class='ocrx_word' id='word_1_609' title='bbox 2682 3807 2760 3872; x_wconf 85' lang='grc' dir='ltr'>ὥς</span> <span class='ocrx_word' id='word_1_610' title='bbox 2787 3825 2921 3862; x_wconf 88' lang='grc' dir='ltr'>ποτε</span> <span class='ocrx_word' id='word_1_611' title='bbox 2943 3808 3040 3862; x_wconf 83' lang='grc' dir='ltr'><strong>τοῦ</strong></span> <span class='ocrx_word' id='word_1_612' title='bbox 3072 3805 3170 3860; x_wconf 81' lang='grc' dir='ltr'>σοῦ</span> <span class='ocrx_word' id='word_1_613' title='bbox 3198 3807 3513 3877; x_wconf 78' lang='grc' dir='ltr'>προφήτου,</span> <span class='ocrx_word' id='word_1_614' title='bbox 3549 3805 3643 3857; x_wconf 75' lang='grc' dir='ltr'><strong>καὶ</strong></span> <span class='ocrx_word' id='word_1_615' title='bbox 3661 3804 3741 3856; x_wconf 81' lang='grc' dir='ltr'><strong>διά</strong></span> 
     </span>
    </p>
   </div>
   <div class='ocr_carea' id='block_1_84' title="bbox 2153 3895 3739 3970">
    <p class='ocr_par' dir='ltr' id='par_1_84' title="bbox 2153 3895 3739 3970">
     <span class='ocr_line' id='line_1_84' title="bbox 2153 3895 3739 3970; baseline -0.006 -14"><span class='ocrx_word' id='word_1_616' title='bbox 2153 3902 2264 3955; x_wconf 89' lang='grc' dir='ltr'><strong>τῶν</strong></span> <span class='ocrx_word' id='word_1_617' title='bbox 2292 3900 2458 3955; x_wconf 81' lang='grc' dir='ltr'>αὐτοῦ</span> <span class='ocrx_word' id='word_1_618' title='bbox 2494 3899 2826 3970; x_wconf 79' lang='grc' dir='ltr'>πρεσϐειῶν,</span> <span class='ocrx_word' id='word_1_619' title='bbox 2855 3900 2953 3963; x_wconf 85' lang='grc' dir='ltr'>τὰς</span> <span class='ocrx_word' id='word_1_620' title='bbox 2986 3901 3221 3966; x_wconf 82' lang='grc' dir='ltr'>ἀνομίας</span> <span class='ocrx_word' id='word_1_621' title='bbox 3253 3914 3356 3967; x_wconf 91' lang='grc' dir='ltr'><strong>μου</strong></span> <span class='ocrx_word' id='word_1_622' title='bbox 3383 3895 3739 3964; x_wconf 73' lang='grc' dir='ltr'>κατάφλεξον,</span> 
     </span>
    </p>
   </div>
   <div class='ocr_carea' id='block_1_85' title="bbox 2154 3986 3743 4063">
    <p class='ocr_par' dir='ltr' id='par_1_85' title="bbox 2154 3986 3743 4063">
     <span class='ocr_line' id='line_1_85' title="bbox 2154 3986 3743 4063; baseline -0.006 -15"><span class='ocrx_word' id='word_1_623' title='bbox 2154 3995 2251 4048; x_wconf 75' lang='grc' dir='ltr'><strong>καὶ</strong></span> <span class='ocrx_word' id='word_1_624' title='bbox 2277 3994 2378 4057; x_wconf 80' lang='grc' dir='ltr'><strong>τὰς</strong></span> <span class='ocrx_word' id='word_1_625' title='bbox 2432 3992 2707 4063; x_wconf 83' lang='grc' dir='ltr'>ἁμαρτίας</span> <span class='ocrx_word' id='word_1_626' title='bbox 2758 4008 2859 4062; x_wconf 88' lang='grc' dir='ltr'><strong>μου</strong></span> <span class='ocrx_word' id='word_1_627' title='bbox 2897 3991 3218 4061; x_wconf 85' lang='grc' dir='ltr'>καθάρισον.</span> <span class='ocrx_word' id='word_1_628' title='bbox 3250 3990 3383 4053; x_wconf 72' lang='grc' dir='ltr'>Ναὶ,</span> <span class='ocrx_word' id='word_1_629' title='bbox 3411 3991 3443 4042; x_wconf 93' lang='lat'><strong>6</strong></span> <span class='ocrx_word' id='word_1_630' title='bbox 3470 3988 3607 4050; x_wconf 82' lang='grc' dir='ltr'>Θεὸς</span> <span class='ocrx_word' id='word_1_631' title='bbox 3640 3986 3743 4039; x_wconf 84' lang='grc' dir='ltr'><strong>τῶν</strong></span> 
     </span>
    </p>
   </div>
   <div class='ocr_carea' id='block_1_86' title="bbox 2154 4064 3739 4155">
    <p class='ocr_par' dir='ltr' id='par_1_86' title="bbox 2154 4064 3739 4155">
     <span class='ocr_line' id='line_1_86' title="bbox 2154 4064 3739 4155; baseline -0.005 -16"><span class='ocrx_word' id='word_1_632' title='bbox 2154 4085 2328 4154; x_wconf 81' lang='grc' dir='ltr'>ἁγίων</span> <span class='ocrx_word' id='word_1_633' title='bbox 2347 4084 2631 4155; x_wconf 86' lang='grc' dir='ltr'>δυνάμεων</span> <span class='ocrx_word' id='word_1_634' title='bbox 2647 4099 2661 4113; x_wconf 75' lang='grc' dir='ltr'><strong>ο</strong></span> <span class='ocrx_word' id='word_1_635' title='bbox 2693 4084 2785 4138; x_wconf 74' lang='grc' dir='ltr'>ναὶ</span> <span class='ocrx_word' id='word_1_636' title='bbox 2807 4085 2836 4136; x_wconf 91' lang='lat'><strong>6</strong></span> <span class='ocrx_word' id='word_1_637' title='bbox 2860 4082 2972 4136; x_wconf 83' lang='grc' dir='ltr'><strong>τῶν</strong></span> <span class='ocrx_word' id='word_1_638' title='bbox 3003 4064 3318 4150; x_wconf 76' lang='grc' dir='ltr'>ἀσωμάτων</span> <span class='ocrx_word' id='word_1_639' title='bbox 3344 4082 3610 4149; x_wconf 76' lang='grc' dir='ltr'>ποιητήςο</span> <span class='ocrx_word' id='word_1_640' title='bbox 3642 4081 3739 4141; x_wconf 78' lang='grc' dir='ltr'>ναὶ,</span> 
     </span>
    </p>
   </div>
   <div class='ocr_carea' id='block_1_87' title="bbox 2155 4167 3745 4242">
    <p class='ocr_par' dir='ltr' id='par_1_87' title="bbox 2155 4167 3745 4242">
     <span class='ocr_line' id='line_1_87' title="bbox 2155 4167 3745 4242; baseline -0.006 -12"><span class='ocrx_word' id='word_1_641' title='bbox 2155 4178 2184 4230; x_wconf 91' lang='lat'><strong>6</strong></span> <span class='ocrx_word' id='word_1_642' title='bbox 2217 4174 2388 4229; x_wconf 79' lang='grc' dir='ltr'>εἰπών</span> <span class='ocrx_word' id='word_1_643' title='bbox 2414 4191 2430 4206; x_wconf 88' lang='grc'><strong>·</strong></span> <span class='ocrx_word' id='word_1_644' title='bbox 2460 4175 2696 4235; x_wconf 83' lang='grc' dir='ltr'>Δίτεῖτε,</span> <span class='ocrx_word' id='word_1_645' title='bbox 2726 4173 2820 4227; x_wconf 76' lang='grc' dir='ltr'><strong>καὶ</strong></span> <span class='ocrx_word' id='word_1_646' title='bbox 2849 4170 3087 4242; x_wconf 75' lang='grc' dir='ltr'>λήψεσθε</span> <span class='ocrx_word' id='word_1_647' title='bbox 3108 4188 3122 4201; x_wconf 87' lang='grc'><strong>·</strong></span> <span class='ocrx_word' id='word_1_648' title='bbox 3160 4171 3234 4240; x_wconf 90' lang='grc' dir='ltr'><strong>μή</strong></span> <span class='ocrx_word' id='word_1_649' title='bbox 3285 4187 3353 4240; x_wconf 89' lang='grc' dir='ltr'><strong>με</strong></span> <span class='ocrx_word' id='word_1_650' title='bbox 3396 4168 3629 4240; x_wconf 70' lang='grc' dir='ltr'>βδελύξῃ</span> <span class='ocrx_word' id='word_1_651' title='bbox 3659 4167 3745 4220; x_wconf 80' lang='grc' dir='ltr'><strong>τὸν</strong></span> 
     </span>
    </p>
   </div>
   <div class='ocr_carea' id='block_1_88' title="bbox 2155 4259 3742 4337">
    <p class='ocr_par' dir='ltr' id='par_1_88' title="bbox 2155 4259 3742 4337">
     <span class='ocr_line' id='line_1_88' title="bbox 2155 4259 3742 4337; baseline -0.009 -14"><span class='ocrx_word' id='word_1_652' title='bbox 2155 4265 2446 4337; x_wconf 81' lang='grc' dir='ltr'>ἀκάθαρτα</span> <span class='ocrx_word' id='word_1_653' title='bbox 2478 4265 2631 4335; x_wconf 86' lang='grc' dir='ltr'>χείλη</span> <span class='ocrx_word' id='word_1_654' title='bbox 2664 4261 3157 4335; x_wconf 77' lang='grc' dir='ltr'>περιϐεϐλημένον,</span> <span class='ocrx_word' id='word_1_655' title='bbox 3193 4261 3288 4314; x_wconf 81' lang='grc' dir='ltr'><strong>καὶ</strong></span> <span class='ocrx_word' id='word_1_656' title='bbox 3337 4261 3396 4311; x_wconf 83' lang='grc' dir='ltr'><strong>ἐν</strong></span> <span class='ocrx_word' id='word_1_657' title='bbox 3447 4259 3742 4329; x_wconf 83' lang='grc' dir='ltr'>ἁμαρτίαις</span> 
     </span>
    </p>
   </div>
   <div class='ocr_carea' id='block_1_89' title="bbox 2159 4350 3747 4427">
    <p class='ocr_par' dir='ltr' id='par_1_89' title="bbox 2159 4350 3747 4427">
     <span class='ocr_line' id='line_1_89' title="bbox 2159 4350 3747 4427; baseline -0.006 -17"><span class='ocrx_word' id='word_1_658' title='bbox 2159 4356 2541 4427; x_wconf 86' lang='grc' dir='ltr'>συνεχόμενον.</span> <span class='ocrx_word' id='word_1_659' title='bbox 2606 4351 2952 4408; x_wconf 86' lang='grc' dir='ltr'>Ἐπάκουσόν</span> <span class='ocrx_word' id='word_1_660' title='bbox 3011 4369 3148 4422; x_wconf 82' lang='grc' dir='ltr'>μου,</span> <span class='ocrx_word' id='word_1_661' title='bbox 3202 4353 3232 4404; x_wconf 87' lang='lat'><strong>6</strong></span> <span class='ocrx_word' id='word_1_662' title='bbox 3277 4350 3747 4419; x_wconf 62' lang='grc' dir='ltr'>ἐπαγγειλάμενος</span> 
     </span>
    </p>
   </div>
   <div class='ocr_carea' id='block_1_90' title="bbox 2157 4440 3746 4517">
    <p class='ocr_par' dir='ltr' id='par_1_90' title="bbox 2157 4440 3746 4517">
     <span class='ocr_line' id='line_1_90' title="bbox 2157 4440 3746 4517; baseline -0.007 -15"><span class='ocrx_word' id='word_1_663' title='bbox 2157 4448 2451 4502; x_wconf 73' lang='grc' dir='ltr'>ἐπακούειν</span> <span class='ocrx_word' id='word_1_664' title='bbox 2510 4446 2618 4501; x_wconf 88' lang='grc' dir='ltr'><strong>τῶν</strong></span> <span class='ocrx_word' id='word_1_665' title='bbox 2674 4447 2733 4499; x_wconf 85' lang='grc' dir='ltr'><strong>ἐν</strong></span> <span class='ocrx_word' id='word_1_666' title='bbox 2762 4444 2994 4517; x_wconf 81' lang='grc' dir='ltr'>ἀληθείᾳ</span> <span class='ocrx_word' id='word_1_667' title='bbox 3030 4442 3487 4514; x_wconf 83' lang='grc' dir='ltr'>ἐπικαλουμένων</span> <span class='ocrx_word' id='word_1_668' title='bbox 3539 4458 3621 4503; x_wconf 89' lang='grc' dir='ltr'><strong>σε,</strong></span> <span class='ocrx_word' id='word_1_669' title='bbox 3657 4440 3746 4490; x_wconf 80' lang='grc' dir='ltr'>καὶ</span> 
     </span>
    </p>
   </div>
   <div class='ocr_carea' id='block_1_91' title="bbox 467 4523 2051 4614">
    <p class='ocr_par' dir='ltr' id='par_1_91' title="bbox 467 4534 2051 4614">
     <span class='ocr_line' id='line_1_91' title="bbox 467 4534 2051 4614; baseline 0.009 -28"><span class='ocrx_word' id='word_1_670' title='bbox 467 4534 667 4598; x_wconf 84' lang='lat' dir='ltr'><strong>ritate;</strong></span> <span class='ocrx_word' id='word_1_671' title='bbox 709 4537 883 4609; x_wconf 78' lang='lat' dir='ltr'><strong>dirige</strong></span> <span class='ocrx_word' id='word_1_672' title='bbox 929 4555 1149 4609; x_wconf 80' lang='lat' dir='ltr'><strong>gressus</strong></span> <span class='ocrx_word' id='word_1_673' title='bbox 1195 4556 1482 4597; x_wconf 88' lang='lat' dir='ltr'><strong>servorum</strong></span> <span class='ocrx_word' id='word_1_674' title='bbox 1514 4551 1754 4609; x_wconf 91' lang='lat' dir='ltr'><strong>tuorum,</strong></span> <span class='ocrx_word' id='word_1_675' title='bbox 1795 4553 1851 4599; x_wconf 90' lang='lat' dir='ltr'><strong>et</strong></span> <span class='ocrx_word' id='word_1_676' title='bbox 1889 4545 2051 4614; x_wconf 88' lang='lat' dir='ltr'><strong>pedes</strong></span> 
     </span>
    </p>
   </div>
   <div class='ocr_carea' id='block_1_92' title="bbox 2157 4523 3743 4614">
    <p class='ocr_par' dir='ltr' id='par_1_92' title="bbox 2159 4528 3743 4605">
     <span class='ocr_line' id='line_1_92' title="bbox 2159 4528 3743 4605; baseline -0.008 -14"><span class='ocrx_word' id='word_1_677' title='bbox 2159 4535 2490 4592; x_wconf 82' lang='grc' dir='ltr'>κατεύθυνον</span> <span class='ocrx_word' id='word_1_678' title='bbox 2508 4536 2576 4589; x_wconf 85' lang='grc' dir='ltr'><strong>τά</strong></span> <span class='ocrx_word' id='word_1_679' title='bbox 2605 4534 2925 4605; x_wconf 74' lang='grc' dir='ltr'>διαδήματα</span> <span class='ocrx_word' id='word_1_680' title='bbox 2956 4531 3064 4585; x_wconf 88' lang='grc' dir='ltr'><strong>τῶν</strong></span> <span class='ocrx_word' id='word_1_681' title='bbox 3099 4531 3311 4585; x_wconf 80' lang='grc' dir='ltr'>δούλων</span> <span class='ocrx_word' id='word_1_682' title='bbox 3338 4546 3464 4598; x_wconf 84' lang='grc' dir='ltr'>σου,</span> <span class='ocrx_word' id='word_1_683' title='bbox 3495 4531 3595 4582; x_wconf 76' lang='grc' dir='ltr'><strong>καὶ</strong></span> <span class='ocrx_word' id='word_1_684' title='bbox 3626 4528 3743 4591; x_wconf 77' lang='grc' dir='ltr'>τοὺς</span> 
     </span>
    </p>
   </div>
   <div class='ocr_carea' id='block_1_93' title="bbox 464 4627 2050 4704">
    <p class='ocr_par' dir='ltr' id='par_1_93' title="bbox 464 4627 2050 4704">
     <span class='ocr_line' id='line_1_93' title="bbox 464 4627 2050 4704; baseline 0.006 -25"><span class='ocrx_word' id='word_1_685' title='bbox 464 4639 656 4680; x_wconf 86' lang='lat' dir='ltr'><strong>eorum</strong></span> <span class='ocrx_word' id='word_1_686' title='bbox 697 4627 755 4681; x_wconf 91' lang='lat' dir='ltr'><strong>in</strong></span> <span class='ocrx_word' id='word_1_687' title='bbox 796 4631 936 4684; x_wconf 85' lang='lat' dir='ltr'><strong>viam</strong></span> <span class='ocrx_word' id='word_1_688' title='bbox 974 4630 1145 4699; x_wconf 89' lang='lat' dir='ltr'><strong>pacis.</strong></span> <span class='ocrx_word' id='word_1_689' title='bbox 1187 4630 1516 4702; x_wconf 82' lang='lat' dir='ltr'><strong>Compatere</strong></span> <span class='ocrx_word' id='word_1_690' title='bbox 1545 4633 1801 4689; x_wconf 90' lang='lat' dir='ltr'><strong>innocuis</strong></span> <span class='ocrx_word' id='word_1_691' title='bbox 1844 4634 2050 4704; x_wconf 89' lang='lat' dir='ltr'><strong>pueris,</strong></span> 
     </span>
    </p>
   </div>
   <div class='ocr_carea' id='block_1_94' title="bbox 466 4715 2055 4793">
    <p class='ocr_par' dir='ltr' id='par_1_94' title="bbox 466 4715 2055 4793">
     <span class='ocr_line' id='line_1_94' title="bbox 466 4715 2055 4793; baseline 0.006 -24"><span class='ocrx_word' id='word_1_692' title='bbox 466 4715 522 4769; x_wconf 87' lang='lat' dir='ltr'><strong>in</strong></span> <span class='ocrx_word' id='word_1_693' title='bbox 559 4724 792 4773; x_wconf 86' lang='lat' dir='ltr'><strong>externa</strong></span> <span class='ocrx_word' id='word_1_694' title='bbox 815 4729 959 4774; x_wconf 89' lang='lat' dir='ltr'><strong>terra</strong></span> <span class='ocrx_word' id='word_1_695' title='bbox 986 4722 1402 4789; x_wconf 81' lang='lat' dir='ltr'><strong>exsistentibus,</strong></span> <span class='ocrx_word' id='word_1_696' title='bbox 1427 4723 1520 4793; x_wconf 93' lang='lat' dir='ltr'><strong>qui</strong></span> <span class='ocrx_word' id='word_1_697' title='bbox 1560 4723 1745 4780; x_wconf 81' lang='lat' dir='ltr'><strong>dixisti</strong></span> <span class='ocrx_word' id='word_1_698' title='bbox 1773 4739 1787 4776; x_wconf 92' lang='lat'><strong>:</strong></span> <span class='ocrx_word' id='word_1_699' title='bbox 1820 4745 1838 4777; x_wconf 82' lang='grc' dir='ltr'><strong>ι</strong></span> <span class='ocrx_word' id='word_1_700' title='bbox 1866 4724 2055 4779; x_wconf 82' lang='lat' dir='ltr'><strong>Estote</strong></span> 
     </span>
    </p>
   </div>
   <div class='ocr_carea' id='block_1_95' title="bbox 412 4807 2054 4879">
    <p class='ocr_par' dir='ltr' id='par_1_95' title="bbox 412 4807 2054 4879">
     <span class='ocr_line' id='line_1_95' title="bbox 412 4807 2054 4879; baseline 0.005 -18"><span class='ocrx_word' id='word_1_701' title='bbox 412 4864 417 4870; x_wconf 73' lang='grc'><strong>,</strong></span> <span class='ocrx_word' id='word_1_702' title='bbox 467 4807 752 4879; x_wconf 87' lang='lat' dir='ltr'><strong>simplices</strong></span> <span class='ocrx_word' id='word_1_703' title='bbox 781 4810 1209 4879; x_wconf 69' lang='lat' dir='ltr'><strong>sientcolumbaa</strong></span> <span class='ocrx_word' id='word_1_704' title='bbox 1242 4814 1307 4866; x_wconf 79' lang='grc'>⁸⁸.</span> <span class='ocrx_word' id='word_1_705' title='bbox 1348 4833 1367 4865; x_wconf 73' lang='grc' dir='ltr'>ι</span> <span class='ocrx_word' id='word_1_706' title='bbox 1401 4813 1645 4870; x_wconf 89' lang='lat' dir='ltr'><strong>Clamavi</strong></span> <span class='ocrx_word' id='word_1_707' title='bbox 1670 4815 1739 4869; x_wconf 88' lang='lat' dir='ltr'><strong>ad</strong></span> <span class='ocrx_word' id='word_1_708' title='bbox 1773 4825 1826 4870; x_wconf 89' lang='lat' dir='ltr'><strong>te</strong></span> <span class='ocrx_word' id='word_1_709' title='bbox 1857 4816 1912 4869; x_wconf 92' lang='lat' dir='ltr'><strong>in</strong></span> <span class='ocrx_word' id='word_1_710' title='bbox 1939 4823 2054 4870; x_wconf 88' lang='lat' dir='ltr'><strong>toto</strong></span> 
     </span>
    </p>
   </div>
   <div class='ocr_carea' id='block_1_96' title="bbox 466 4899 2053 4976">
    <p class='ocr_par' dir='ltr' id='par_1_96' title="bbox 466 4899 2053 4976">
     <span class='ocr_line' id='line_1_96' title="bbox 466 4899 2053 4976; baseline 0.006 -24"><span class='ocrx_word' id='word_1_711' title='bbox 466 4899 635 4953; x_wconf 90' lang='lat' dir='ltr'><strong>corde</strong></span> <span class='ocrx_word' id='word_1_712' title='bbox 679 4916 838 4966; x_wconf 88' lang='lat' dir='ltr'><strong>meo;</strong></span> <span class='ocrx_word' id='word_1_713' title='bbox 874 4901 1037 4968; x_wconf 89' lang='lat' dir='ltr'><strong>Deus,</strong></span> <span class='ocrx_word' id='word_1_714' title='bbox 1069 4903 1235 4969; x_wconf 90' lang='lat' dir='ltr'><strong>Deus,</strong></span> <span class='ocrx_word' id='word_1_715' title='bbox 1279 4906 1479 4961; x_wconf 78' lang='lat' dir='ltr'><strong>exaudi</strong></span> <span class='ocrx_word' id='word_1_716' title='bbox 1515 4922 1623 4974; x_wconf 88' lang='lat' dir='ltr'><strong>me,</strong></span> <span class='ocrx_word' id='word_1_717' title='bbox 1656 4921 1783 4976; x_wconf 89' lang='lat' dir='ltr'><strong>spes</strong></span> <span class='ocrx_word' id='word_1_718' title='bbox 1808 4906 2053 4961; x_wconf 87' lang='lat' dir='ltr'><strong>omnium</strong></span> 
     </span>
    </p>
   </div>
   <div class='ocr_carea' id='block_1_97' title="bbox 388 4975 2053 5070">
    <p class='ocr_par' dir='ltr' id='par_1_97' title="bbox 388 4975 2053 5070">
     <span class='ocr_line' id='line_1_97' title="bbox 388 4975 2053 5070; baseline 0.005 -26"><span class='ocrx_word' id='word_1_719' title='bbox 388 4975 392 4978; x_wconf 5' lang='lat'><strong>6</strong></span> <span class='ocrx_word' id='word_1_720' title='bbox 469 4991 660 5046; x_wconf 81' lang='lat' dir='ltr'><strong>finium</strong></span> <span class='ocrx_word' id='word_1_721' title='bbox 703 5003 881 5062; x_wconf 68' lang='lat' dir='ltr'><strong>terra),</strong></span> <span class='ocrx_word' id='word_1_722' title='bbox 926 5003 984 5051; x_wconf 92' lang='lat' dir='ltr'><strong>et</strong></span> <span class='ocrx_word' id='word_1_723' title='bbox 1019 5011 1234 5064; x_wconf 88' lang='lat' dir='ltr'><strong>eorum,</strong></span> <span class='ocrx_word' id='word_1_724' title='bbox 1264 4997 1358 5068; x_wconf 91' lang='lat' dir='ltr'><strong>qui</strong></span> <span class='ocrx_word' id='word_1_725' title='bbox 1394 5007 1523 5054; x_wconf 91' lang='lat' dir='ltr'><strong>sunt</strong></span> <span class='ocrx_word' id='word_1_726' title='bbox 1561 5001 1753 5070; x_wconf 88' lang='lat' dir='ltr'><strong>procul</strong></span> <span class='ocrx_word' id='word_1_727' title='bbox 1804 5000 1861 5055; x_wconf 92' lang='lat' dir='ltr'><strong>in</strong></span> <span class='ocrx_word' id='word_1_728' title='bbox 1908 5008 2053 5054; x_wconf 89' lang='lat' dir='ltr'><strong>terra</strong></span> 
     </span>
    </p>
   </div>
   <div class='ocr_carea' id='block_1_98' title="bbox 464 5082 754 5141">
    <p class='ocr_par' dir='ltr' id='par_1_98' title="bbox 464 5082 754 5141">
     <span class='ocr_line' id='line_1_98' title="bbox 464 5082 754 5141; baseline 0 -1"><span class='ocrx_word' id='word_1_729' title='bbox 464 5082 646 5141; x_wconf 81' lang='lat' dir='ltr'><strong>aliena</strong></span> <span class='ocrx_word' id='word_1_730' title='bbox 668 5086 754 5140; x_wconf 58' lang='lat'><strong>“5&#39;.</strong></span> 
     </span>
    </p>
   </div>
   <div class='ocr_carea' id='block_1_99' title="bbox 430 5176 2056 5251">
    <p class='ocr_par' dir='ltr' id='par_1_99' title="bbox 430 5176 2056 5251">
     <span class='ocr_line' id='line_1_99' title="bbox 430 5176 2056 5251; baseline 0.007 -22"><span class='ocrx_word' id='word_1_731' title='bbox 430 5244 433 5247; x_wconf 94' lang='lat'><em>_</em></span> <span class='ocrx_word' id='word_1_732' title='bbox 542 5176 628 5231; x_wconf 76' lang='grc'><strong>18.</strong></span> <span class='ocrx_word' id='word_1_733' title='bbox 672 5177 895 5250; x_wconf 87' lang='lat' dir='ltr'><strong>lncrepa</strong></span> <span class='ocrx_word' id='word_1_734' title='bbox 942 5180 1166 5251; x_wconf 83' lang='lat' dir='ltr'><strong>spiritus</strong></span> <span class='ocrx_word' id='word_1_735' title='bbox 1218 5197 1411 5239; x_wconf 88' lang='lat' dir='ltr'><strong>omnes</strong></span> <span class='ocrx_word' id='word_1_736' title='bbox 1471 5184 1784 5239; x_wconf 89' lang='lat' dir='ltr'><strong>immundos</strong></span> <span class='ocrx_word' id='word_1_737' title='bbox 1827 5199 1859 5239; x_wconf 89' lang='lat' dir='ltr'><strong>a</strong></span> <span class='ocrx_word' id='word_1_738' title='bbox 1915 5185 2056 5241; x_wconf 86' lang='lat' dir='ltr'><strong>facie</strong></span> 
     </span>
    </p>
   </div>
   <div class='ocr_carea' id='block_1_100' title="bbox 468 5275 2059 5343">
    <p class='ocr_par' dir='ltr' id='par_1_100' title="bbox 468 5275 2059 5343">
     <span class='ocr_line' id='line_1_100' title="bbox 468 5275 2059 5343; baseline 0.006 -19"><span class='ocrx_word' id='word_1_739' title='bbox 468 5286 767 5340; x_wconf 82' lang='lat' dir='ltr'><strong>puerorum</strong></span> <span class='ocrx_word' id='word_1_740' title='bbox 794 5281 1012 5327; x_wconf 88' lang='lat' dir='ltr'><strong>tuorum</strong></span> <span class='ocrx_word' id='word_1_741' title='bbox 1052 5291 1066 5326; x_wconf 91' lang='lat'>:</span> <span class='ocrx_word' id='word_1_742' title='bbox 1104 5275 1459 5343; x_wconf 86' lang='lat' dir='ltr'><strong>apprehende</strong></span> <span class='ocrx_word' id='word_1_743' title='bbox 1481 5291 1630 5330; x_wconf 85' lang='lat' dir='ltr'><strong>arma</strong></span> <span class='ocrx_word' id='word_1_744' title='bbox 1659 5284 1716 5330; x_wconf 88' lang='lat' dir='ltr'><strong>et</strong></span> <span class='ocrx_word' id='word_1_745' title='bbox 1736 5284 1976 5343; x_wconf 89' lang='lat' dir='ltr'><strong>scutum,</strong></span> <span class='ocrx_word' id='word_1_746' title='bbox 2004 5287 2059 5333; x_wconf 92' lang='lat' dir='ltr'><strong>et</strong></span> 
     </span>
    </p>
   </div>
   <div class='ocr_carea' id='block_1_101' title="bbox 469 5363 2057 5434">
    <p class='ocr_par' dir='ltr' id='par_1_101' title="bbox 469 5363 2057 5434">
     <span class='ocr_line' id='line_1_101' title="bbox 469 5363 2057 5434; baseline 0.004 -16"><span class='ocrx_word' id='word_1_747' title='bbox 469 5378 703 5434; x_wconf 78' lang='lat' dir='ltr'><strong>exsurge</strong></span> <span class='ocrx_word' id='word_1_748' title='bbox 736 5363 791 5417; x_wconf 85' lang='lat' dir='ltr'><strong>in</strong></span> <span class='ocrx_word' id='word_1_749' title='bbox 823 5365 1157 5434; x_wconf 70' lang='lat' dir='ltr'><strong>adiutorium</strong></span> <span class='ocrx_word' id='word_1_750' title='bbox 1183 5382 1414 5422; x_wconf 87' lang='lat' dir='ltr'><strong>eorum:</strong></span> <span class='ocrx_word' id='word_1_751' title='bbox 1449 5368 1970 5423; x_wconf 65' lang='lat' dir='ltr'><strong>ell&#39;unde&#39;frameam</strong></span> <span class='ocrx_word' id='word_1_752' title='bbox 2001 5378 2057 5425; x_wconf 89' lang='lat' dir='ltr'><strong>et</strong></span> 
     </span>
    </p>
   </div>
   <div class='ocr_carea' id='block_1_102' title="bbox 474 5450 2055 5524">
    <p class='ocr_par' dir='ltr' id='par_1_102' title="bbox 474 5450 2055 5524">
     <span class='ocr_line' id='line_1_102' title="bbox 474 5450 2055 5524; baseline 0.006 -23"><span class='ocrx_word' id='word_1_753' title='bbox 474 5450 740 5504; x_wconf 78' lang='lat' dir='ltr'><strong>eunelude</strong></span> <span class='ocrx_word' id='word_1_754' title='bbox 766 5451 1028 5506; x_wconf 88' lang='lat' dir='ltr'><strong>adversus</strong></span> <span class='ocrx_word' id='word_1_755' title='bbox 1054 5467 1170 5519; x_wconf 89' lang='lat' dir='ltr'><strong>eos,</strong></span> <span class='ocrx_word' id='word_1_756' title='bbox 1201 5454 1294 5523; x_wconf 91' lang='lat' dir='ltr'><strong>qui</strong></span> <span class='ocrx_word' id='word_1_757' title='bbox 1326 5464 1732 5524; x_wconf 84' lang='lat' dir='ltr'><strong>persequuntur</strong></span> <span class='ocrx_word' id='word_1_758' title='bbox 1757 5454 1912 5509; x_wconf 87' lang='lat' dir='ltr'><strong>illos:</strong></span> <span class='ocrx_word' id='word_1_759' title='bbox 1945 5457 2055 5520; x_wconf 90' lang='lat' dir='ltr'><strong>dic,</strong></span> 
     </span>
    </p>
   </div>
   <div class='ocr_carea' id='block_1_103' title="bbox 476 5536 2059 5617">
    <p class='ocr_par' dir='ltr' id='par_1_103' title="bbox 476 5536 2059 5617">
     <span class='ocr_line' id='line_1_103' title="bbox 476 5536 2059 5617; baseline 0.008 -28"><span class='ocrx_word' id='word_1_760' title='bbox 476 5552 511 5590; x_wconf 87' lang='grc' dir='ltr'><strong>ο</strong></span> <span class='ocrx_word' id='word_1_761' title='bbox 555 5536 800 5607; x_wconf 86' lang='lat' dir='ltr'><strong>Domine,</strong></span> <span class='ocrx_word' id='word_1_762' title='bbox 841 5541 1040 5597; x_wconf 77' lang='lat' dir='ltr'><strong>anima:</strong></span> <span class='ocrx_word' id='word_1_763' title='bbox 1075 5557 1306 5597; x_wconf 85' lang='lat' dir='ltr'><strong>eorum:</strong></span> <span class='ocrx_word' id='word_1_764' title='bbox 1340 5544 1499 5599; x_wconf 88' lang='lat' dir='ltr'><strong>Salus</strong></span> <span class='ocrx_word' id='word_1_765' title='bbox 1522 5557 1613 5600; x_wconf 88' lang='lat' dir='ltr'><strong>tua</strong></span> <span class='ocrx_word' id='word_1_766' title='bbox 1640 5561 1741 5617; x_wconf 81' lang='lat' dir='ltr'><strong>ego</strong></span> <span class='ocrx_word' id='word_1_767' title='bbox 1774 5560 1916 5600; x_wconf 86' lang='lat' dir='ltr'><strong>smn.</strong></span> <span class='ocrx_word' id='word_1_768' title='bbox 1951 5545 2059 5601; x_wconf 79' lang='lat' dir='ltr'><strong>Re-</strong></span> 
     </span>
    </p>
   </div>
   <div class='ocr_carea' id='block_1_104' title="bbox 478 5627 2059 5713">
    <p class='ocr_par' dir='ltr' id='par_1_104' title="bbox 478 5627 2059 5713">
     <span class='ocr_line' id='line_1_104' title="bbox 478 5627 2059 5713; baseline 0.008 -34"><span class='ocrx_word' id='word_1_769' title='bbox 478 5627 635 5683; x_wconf 81' lang='lat' dir='ltr'><strong>cedat</strong></span> <span class='ocrx_word' id='word_1_770' title='bbox 665 5645 694 5682; x_wconf 91' lang='lat' dir='ltr'><strong>a</strong></span> <span class='ocrx_word' id='word_1_771' title='bbox 738 5640 921 5713; x_wconf 80' lang='lat' dir='ltr'><strong>mente</strong></span> <span class='ocrx_word' id='word_1_772' title='bbox 959 5647 1149 5686; x_wconf 87' lang='lat' dir='ltr'><strong>eorum</strong></span> <span class='ocrx_word' id='word_1_773' title='bbox 1181 5634 1406 5703; x_wconf 87' lang='lat' dir='ltr'><strong>spiritus</strong></span> <span class='ocrx_word' id='word_1_774' title='bbox 1450 5636 1676 5699; x_wconf 88' lang='lat' dir='ltr'><strong>timoris,</strong></span> <span class='ocrx_word' id='word_1_775' title='bbox 1716 5636 1936 5702; x_wconf 61' lang='lat' dir='ltr'><strong>acediae,</strong></span> <span class='ocrx_word' id='word_1_776' title='bbox 1966 5654 2059 5692; x_wconf 84' lang='lat' dir='ltr'><strong>su-</strong></span> 
     </span>
    </p>
   </div>
   <div class='ocr_carea' id='block_1_105' title="bbox 560 5799 1623 5873">
    <p class='ocr_par' dir='ltr' id='par_1_105' title="bbox 560 5799 1623 5873">
     <span class='ocr_line' id='line_1_105' title="bbox 560 5799 1623 5873; baseline 0.012 -23"><span class='ocrx_word' id='word_1_777' title='bbox 560 5800 602 5830; x_wconf 79' lang='lat'>“</span> <span class='ocrx_word' id='word_1_778' title='bbox 630 5799 822 5855; x_wconf 71' lang='lat' dir='ltr'><strong>Matth.</strong></span> <span class='ocrx_word' id='word_1_779' title='bbox 861 5820 912 5870; x_wconf 70' lang='grc' dir='ltr'>ς,</span> <span class='ocrx_word' id='word_1_780' title='bbox 954 5806 1035 5859; x_wconf 80' lang='lat' dir='ltr'><strong>l6.</strong></span> <span class='ocrx_word' id='word_1_781' title='bbox 1116 5807 1179 5837; x_wconf 81' lang='grc'><strong>¹⁶⁶</strong></span> <span class='ocrx_word' id='word_1_782' title='bbox 1216 5807 1355 5861; x_wconf 76' lang='lat' dir='ltr'><strong>Psal.</strong></span> <span class='ocrx_word' id='word_1_783' title='bbox 1394 5824 1537 5873; x_wconf 55' lang='lat' dir='ltr'><strong>1.xtv,</strong></span> <span class='ocrx_word' id='word_1_784' title='bbox 1572 5810 1623 5863; x_wconf 78' lang='grc' dir='ltr'><strong>(ἰ.</strong></span> 
     </span>
    </p>
   </div>
   <div class='ocr_carea' id='block_1_106' title="bbox 2160 4620 3748 4695">
    <p class='ocr_par' dir='ltr' id='par_1_106' title="bbox 2160 4620 3748 4695">
     <span class='ocr_line' id='line_1_106' title="bbox 2160 4620 3748 4695; baseline -0.006 -14"><span class='ocrx_word' id='word_1_785' title='bbox 2160 4628 2326 4691; x_wconf 90' lang='grc' dir='ltr'>πόδας</span> <span class='ocrx_word' id='word_1_786' title='bbox 2353 4626 2537 4680; x_wconf 83' lang='grc' dir='ltr'>αὐτῶν</span> <span class='ocrx_word' id='word_1_787' title='bbox 2565 4627 2646 4690; x_wconf 84' lang='grc' dir='ltr'><strong>εἰς</strong></span> <span class='ocrx_word' id='word_1_788' title='bbox 2669 4624 2785 4679; x_wconf 82' lang='grc' dir='ltr'>ὁδὸν</span> <span class='ocrx_word' id='word_1_789' title='bbox 2810 4625 3059 4695; x_wconf 78' lang='grc' dir='ltr'>εἰρήνης.</span> <span class='ocrx_word' id='word_1_790' title='bbox 3108 4622 3479 4693; x_wconf 85' lang='grc' dir='ltr'>Συμπάθησον</span> <span class='ocrx_word' id='word_1_791' title='bbox 3521 4620 3748 4681; x_wconf 73' lang='grc' dir='ltr'>ἀκάκοις</span> 
     </span>
    </p>
   </div>
   <div class='ocr_carea' id='block_1_107' title="bbox 2160 4710 3746 4789">
    <p class='ocr_par' dir='ltr' id='par_1_107' title="bbox 2160 4710 3746 4789">
     <span class='ocr_line' id='line_1_107' title="bbox 2160 4710 3746 4789; baseline -0.008 -16"><span class='ocrx_word' id='word_1_792' title='bbox 2160 4721 2352 4773; x_wconf 78' lang='grc' dir='ltr'>παισὶν</span> <span class='ocrx_word' id='word_1_793' title='bbox 2371 4718 2467 4771; x_wconf 75' lang='grc' dir='ltr'><strong>ἐπὶ</strong></span> <span class='ocrx_word' id='word_1_794' title='bbox 2497 4715 2655 4789; x_wconf 80' lang='grc' dir='ltr'>ξένης</span> <span class='ocrx_word' id='word_1_795' title='bbox 2675 4711 2850 4780; x_wconf 79' lang='grc' dir='ltr'>οὖσιν,</span> <span class='ocrx_word' id='word_1_796' title='bbox 2891 4717 2921 4768; x_wconf 89' lang='lat'><strong>6</strong></span> <span class='ocrx_word' id='word_1_797' title='bbox 2954 4712 3127 4768; x_wconf 87' lang='grc' dir='ltr'>είπών</span> <span class='ocrx_word' id='word_1_798' title='bbox 3147 4730 3161 4744; x_wconf 87' lang='grc'><strong>·</strong></span> <span class='ocrx_word' id='word_1_799' title='bbox 3198 4733 3217 4766; x_wconf 82' lang='grc' dir='ltr'><strong>ι</strong></span> <span class='ocrx_word' id='word_1_800' title='bbox 3244 4711 3472 4767; x_wconf 85' lang='grc' dir='ltr'>Γίνεσθε</span> <span class='ocrx_word' id='word_1_801' title='bbox 3503 4710 3746 4782; x_wconf 85' lang='grc' dir='ltr'>ἀκέραιοι</span> 
     </span>
    </p>
   </div>
   <div class='ocr_carea' id='block_1_108' title="bbox 2158 4798 3748 4877">
    <p class='ocr_par' dir='ltr' id='par_1_108' title="bbox 2158 4798 3748 4877">
     <span class='ocr_line' id='line_1_108' title="bbox 2158 4798 3748 4877; baseline -0.009 -16"><span class='ocrx_word' id='word_1_802' title='bbox 2158 4808 2233 4871; x_wconf 87' lang='grc' dir='ltr'><strong>ῶς</strong></span> <span class='ocrx_word' id='word_1_803' title='bbox 2255 4809 2314 4861; x_wconf 86' lang='grc' dir='ltr'><strong>αί</strong></span> <span class='ocrx_word' id='word_1_804' title='bbox 2351 4805 2704 4877; x_wconf 86' lang='grc' dir='ltr'>περιστεραί.</span> <span class='ocrx_word' id='word_1_805' title='bbox 2742 4823 2761 4856; x_wconf 77' lang='grc' dir='ltr'>ι</span> <span class='ocrx_word' id='word_1_806' title='bbox 2816 4802 3130 4874; x_wconf 83' lang='grc' dir='ltr'>Ἐκέκραξά</span> <span class='ocrx_word' id='word_1_807' title='bbox 3181 4819 3265 4855; x_wconf 91' lang='grc' dir='ltr'><strong>σοι</strong></span> <span class='ocrx_word' id='word_1_808' title='bbox 3298 4803 3358 4855; x_wconf 80' lang='grc' dir='ltr'><strong>ἐν</strong></span> <span class='ocrx_word' id='word_1_809' title='bbox 3403 4801 3503 4872; x_wconf 81' lang='grc' dir='ltr'>ὅλῃ</span> <span class='ocrx_word' id='word_1_810' title='bbox 3559 4798 3748 4868; x_wconf 78' lang='grc' dir='ltr'>καρδίᾳ</span> 
     </span>
    </p>
   </div>
   <div class='ocr_carea' id='block_1_109' title="bbox 2162 4887 3748 4971">
    <p class='ocr_par' dir='ltr' id='par_1_109' title="bbox 2162 4887 3748 4971">
     <span class='ocr_line' id='line_1_109' title="bbox 2162 4887 3748 4971; baseline -0.009 -18"><span class='ocrx_word' id='word_1_811' title='bbox 2162 4916 2289 4971; x_wconf 92' lang='grc' dir='ltr'>μου.</span> <span class='ocrx_word' id='word_1_812' title='bbox 2337 4898 2396 4951; x_wconf 83' lang='grc' dir='ltr'><strong>Ὀ</strong></span> <span class='ocrx_word' id='word_1_813' title='bbox 2421 4896 2575 4960; x_wconf 85' lang='grc' dir='ltr'>Θεὸς,</span> <span class='ocrx_word' id='word_1_814' title='bbox 2600 4898 2629 4950; x_wconf 93' lang='lat'><strong>6</strong></span> <span class='ocrx_word' id='word_1_815' title='bbox 2667 4894 2823 4959; x_wconf 86' lang='grc' dir='ltr'>Θεὸς,</span> <span class='ocrx_word' id='word_1_816' title='bbox 2858 4893 3166 4946; x_wconf 81' lang='grc' dir='ltr'>ἐπάκουσόν</span> <span class='ocrx_word' id='word_1_817' title='bbox 3202 4909 3331 4963; x_wconf 88' lang='grc' dir='ltr'>μου,</span> <span class='ocrx_word' id='word_1_818' title='bbox 3361 4892 3395 4962; x_wconf 94' lang='grc' dir='ltr'><strong>ή</strong></span> <span class='ocrx_word' id='word_1_819' title='bbox 3420 4890 3588 4953; x_wconf 74' lang='grc' dir='ltr'>ἐλπὶς</span> <span class='ocrx_word' id='word_1_820' title='bbox 3616 4887 3748 4941; x_wconf 63' lang='grc' dir='ltr'>πάνρ</span> 
     </span>
    </p>
   </div>
   <div class='ocr_carea' id='block_1_110' title="bbox 2152 4982 3748 5062">
    <p class='ocr_par' dir='ltr' id='par_1_110' title="bbox 2152 4982 3748 5062">
     <span class='ocr_line' id='line_1_110' title="bbox 2152 4982 3748 5062; baseline -0.009 -16"><span class='ocrx_word' id='word_1_821' title='bbox 2152 4989 2394 5051; x_wconf 33' lang='grc' dir='ltr'>τωνμτῶν</span> <span class='ocrx_word' id='word_1_822' title='bbox 2428 4988 2680 5062; x_wconf 80' lang='grc' dir='ltr'>περάτων</span> <span class='ocrx_word' id='word_1_823' title='bbox 2716 4987 2820 5056; x_wconf 78' lang='grc' dir='ltr'>τῆς</span> <span class='ocrx_word' id='word_1_824' title='bbox 2869 4984 2996 5056; x_wconf 82' lang='grc' dir='ltr'>γῆς,</span> <span class='ocrx_word' id='word_1_825' title='bbox 3035 4985 3131 5040; x_wconf 73' lang='grc' dir='ltr'><strong>καὶ</strong></span> <span class='ocrx_word' id='word_1_826' title='bbox 3165 4984 3273 5037; x_wconf 89' lang='grc' dir='ltr'><strong>τῶν</strong></span> <span class='ocrx_word' id='word_1_827' title='bbox 3317 4982 3413 5035; x_wconf 78' lang='grc' dir='ltr'><strong>ἐπὶ</strong></span> <span class='ocrx_word' id='word_1_828' title='bbox 3454 4982 3618 5050; x_wconf 80' lang='grc' dir='ltr'>ξένης</span> <span class='ocrx_word' id='word_1_829' title='bbox 3648 4994 3748 5049; x_wconf 85' lang='grc' dir='ltr'>μα-</span> 
     </span>
    </p>
   </div>
   <div class='ocr_carea' id='block_1_111' title="bbox 2153 5084 2314 5156">
    <p class='ocr_par' dir='ltr' id='par_1_111' title="bbox 2153 5084 2314 5156">
     <span class='ocr_line' id='line_1_111' title="bbox 2153 5084 2314 5156; baseline -0.006 -18"><span class='ocrx_word' id='word_1_830' title='bbox 2153 5104 2188 5138; x_wconf 88' lang='grc' dir='ltr'><strong>κ</strong></span> <span class='ocrx_word' id='word_1_831' title='bbox 2195 5084 2314 5156; x_wconf 85' lang='grc' dir='ltr'>ράν.</span> 
     </span>
    </p>
   </div>
   <div class='ocr_carea' id='block_1_112' title="bbox 2227 5161 3750 5246">
    <p class='ocr_par' dir='ltr' id='par_1_112' title="bbox 2227 5161 3750 5246">
     <span class='ocr_line' id='line_1_112' title="bbox 2227 5161 3750 5246; baseline -0.013 -17"><span class='ocrx_word' id='word_1_832' title='bbox 2227 5173 2319 5246; x_wconf 85' lang='grc' dir='ltr'>ιη’.</span> <span class='ocrx_word' id='word_1_833' title='bbox 2356 5173 2716 5244; x_wconf 85' lang='grc' dir='ltr'>Ἐπιτίμησον</span> <span class='ocrx_word' id='word_1_834' title='bbox 2741 5174 2912 5226; x_wconf 81' lang='grc' dir='ltr'>πᾶσιν</span> <span class='ocrx_word' id='word_1_835' title='bbox 2939 5173 3055 5234; x_wconf 82' lang='grc' dir='ltr'>τοῖς</span> <span class='ocrx_word' id='word_1_836' title='bbox 3074 5165 3411 5236; x_wconf 81' lang='grc' dir='ltr'>ἀκαθάρτοις</span> <span class='ocrx_word' id='word_1_837' title='bbox 3442 5161 3750 5230; x_wconf 70' lang='grc' dir='ltr'>πνεῦμασιν</span> 
     </span>
    </p>
   </div>
   <div class='ocr_carea' id='block_1_113' title="bbox 2157 5251 3749 5337">
    <p class='ocr_par' dir='ltr' id='par_1_113' title="bbox 2157 5251 3749 5337">
     <span class='ocr_line' id='line_1_113' title="bbox 2157 5251 3749 5337; baseline -0.012 -16"><span class='ocrx_word' id='word_1_838' title='bbox 2157 5267 2267 5322; x_wconf 84' lang='grc' dir='ltr'><strong>ἀπὸ</strong></span> <span class='ocrx_word' id='word_1_839' title='bbox 2295 5264 2596 5337; x_wconf 87' lang='grc' dir='ltr'>προσώπου</span> <span class='ocrx_word' id='word_1_840' title='bbox 2646 5263 2758 5318; x_wconf 86' lang='grc' dir='ltr'><strong>τῶν</strong></span> <span class='ocrx_word' id='word_1_841' title='bbox 2809 5263 3025 5317; x_wconf 87' lang='grc' dir='ltr'>παίδων</span> <span class='ocrx_word' id='word_1_842' title='bbox 3060 5262 3178 5314; x_wconf 74' lang='grc' dir='ltr'>σου.</span> <span class='ocrx_word' id='word_1_843' title='bbox 3233 5252 3534 5310; x_wconf 75' lang='grc' dir='ltr'>Ἐπιλαδοῦ</span> <span class='ocrx_word' id='word_1_844' title='bbox 3584 5251 3749 5306; x_wconf 80' lang='grc' dir='ltr'>ὅπλου</span> 
     </span>
    </p>
   </div>
   <div class='ocr_carea' id='block_1_114' title="bbox 2164 5344 3749 5445">
    <p class='ocr_par' dir='ltr' id='par_1_114' title="bbox 2164 5344 3749 5445">
     <span class='ocr_line' id='line_1_114' title="bbox 2164 5344 3749 5445; baseline -0.013 -28"><span class='ocrx_word' id='word_1_845' title='bbox 2164 5365 2257 5418; x_wconf 81' lang='grc' dir='ltr'><strong>καὶ</strong></span> <span class='ocrx_word' id='word_1_846' title='bbox 2284 5361 2503 5433; x_wconf 81' lang='grc' dir='ltr'>θυρεοῦ.</span> <span class='ocrx_word' id='word_1_847' title='bbox 2555 5362 2652 5414; x_wconf 69' lang='grc' dir='ltr'><strong>καὶ</strong></span> <span class='ocrx_word' id='word_1_848' title='bbox 2676 5357 2945 5429; x_wconf 88' lang='grc' dir='ltr'>ἀνάστηθι</span> <span class='ocrx_word' id='word_1_849' title='bbox 2981 5358 3065 5420; x_wconf 85' lang='grc' dir='ltr'><strong>είς</strong></span> <span class='ocrx_word' id='word_1_850' title='bbox 3094 5354 3194 5425; x_wconf 86' lang='grc' dir='ltr'>τὴν</span> <span class='ocrx_word' id='word_1_851' title='bbox 3240 5348 3496 5445; x_wconf 73' lang='grc' dir='ltr'>βοήθειαν</span> <span class='ocrx_word' id='word_1_852' title='bbox 3514 5438 3527 5445; x_wconf 45' lang='grc'><strong><em>-</em></strong></span> <span class='ocrx_word' id='word_1_853' title='bbox 3548 5344 3749 5445; x_wconf 43' lang='grc' dir='ltr'>αὐτῶῖσ.</span> 
     </span>
    </p>
   </div>
   <div class='ocr_carea' id='block_1_115' title="bbox 2169 5438 3753 5527">
    <p class='ocr_par' dir='ltr' id='par_1_115' title="bbox 2169 5438 3753 5527">
     <span class='ocr_line' id='line_1_115' title="bbox 2169 5438 3753 5527; baseline -0.017 -14"><span class='ocrx_word' id='word_1_854' title='bbox 2169 5460 2400 5527; x_wconf 83' lang='grc' dir='ltr'>Ἐκχεον</span> <span class='ocrx_word' id='word_1_855' title='bbox 2437 5454 2715 5527; x_wconf 61' lang='grc' dir='ltr'>ῥομφαίαν</span> <span class='ocrx_word' id='word_1_856' title='bbox 2764 5452 2861 5507; x_wconf 77' lang='grc' dir='ltr'>καὶ</span> <span class='ocrx_word' id='word_1_857' title='bbox 2904 5449 3227 5518; x_wconf 83' lang='grc' dir='ltr'>σύγκλεισον</span> <span class='ocrx_word' id='word_1_858' title='bbox 3283 5438 3600 5506; x_wconf 85' lang='grc' dir='ltr'>ἐξεναντίας</span> <span class='ocrx_word' id='word_1_859' title='bbox 3648 5438 3753 5527; x_wconf 79' lang='grc' dir='ltr'><strong>τῶν</strong></span> 
     </span>
    </p>
   </div>
   <div class='ocr_carea' id='block_1_116' title="bbox 2166 5525 3755 5623">
    <p class='ocr_par' dir='ltr' id='par_1_116' title="bbox 2166 5525 3755 5623">
     <span class='ocr_line' id='line_1_116' title="bbox 2166 5525 3755 5623; baseline -0.016 -22"><span class='ocrx_word' id='word_1_860' title='bbox 2166 5525 2616 5601; x_wconf 79' lang='grc' dir='ltr'>καταδιωκόντων</span> <span class='ocrx_word' id='word_1_861' title='bbox 2641 5543 2860 5605; x_wconf 81' lang='grc' dir='ltr'>αὐτούς.</span> <span class='ocrx_word' id='word_1_862' title='bbox 2904 5538 3060 5606; x_wconf 78' lang='grc' dir='ltr'>Είπέ,</span> <span class='ocrx_word' id='word_1_863' title='bbox 3093 5533 3137 5590; x_wconf 82' lang='grc' dir='ltr'><strong>ὣ</strong></span> <span class='ocrx_word' id='word_1_864' title='bbox 3169 5534 3366 5623; x_wconf 78' lang='grc' dir='ltr'>Κύριε,</span> <span class='ocrx_word' id='word_1_865' title='bbox 3397 5533 3465 5602; x_wconf 76' lang='grc' dir='ltr'>τῇ</span> <span class='ocrx_word' id='word_1_866' title='bbox 3487 5529 3639 5623; x_wconf 57' lang='grc' dir='ltr'><strong>ψυχῇ</strong></span> <span class='ocrx_word' id='word_1_867' title='bbox 3662 5525 3755 5623; x_wconf 30' lang='grc' dir='ltr'>αὖε</span> 
     </span>
    </p>
   </div>
   <div class='ocr_carea' id='block_1_117' title="bbox 2168 5618 3755 5707">
    <p class='ocr_par' dir='ltr' id='par_1_117' title="bbox 2168 5618 3755 5707">
     <span class='ocr_line' id='line_1_117' title="bbox 2168 5618 3755 5707; baseline -0.011 -16"><span class='ocrx_word' id='word_1_868' title='bbox 2168 5640 2309 5693; x_wconf 56' lang='grc' dir='ltr'>τῶν</span> <span class='ocrx_word' id='word_1_869' title='bbox 2344 5638 2599 5707; x_wconf 84' lang='grc' dir='ltr'>Σωτηρία</span> <span class='ocrx_word' id='word_1_870' title='bbox 2632 5635 2729 5690; x_wconf 82' lang='grc' dir='ltr'><strong>σού</strong></span> <span class='ocrx_word' id='word_1_871' title='bbox 2760 5636 2874 5705; x_wconf 85' lang='grc' dir='ltr'>είμι</span> <span class='ocrx_word' id='word_1_872' title='bbox 2915 5631 3045 5700; x_wconf 79' lang='grc' dir='ltr'>ἐγώ.</span> <span class='ocrx_word' id='word_1_873' title='bbox 3091 5618 3620 5696; x_wconf 70' lang='grc' dir='ltr'>’Υπαναχωρησάτω</span> <span class='ocrx_word' id='word_1_874' title='bbox 3651 5618 3755 5674; x_wconf 82' lang='grc' dir='ltr'><strong>ἀπὸ</strong></span> 
     </span>
    </p>
   </div>
  </div>
