3976 6400
214 4901 245 4997 fi

810 380 959 414 se

298 414 434 482 1693
479 368 486 375 ’

1584 433 1758 494 VlTA
1782 438 1840 498 S.
1871 434 2267 504 SYMEONISI

3404 464 3541 518 1694

289 526 390 595 τῆς
417 522 599 579 αὐτῶν
620 521 881 593 διανοίας,
903 527 1120 597 πνεῦμα
1146 529 1368 594 δειλίας,
1409 534 1658 605 ἀκηδίας,
1693 541 1858 611 ὑπερ-

1973 547 2178 614 )erbize,
2221 561 2277 604 et
2323 556 2501 609 omnis
2546 556 2784 622 malitize,
2820 566 2877 611 et
2918 558 3298 628 exstinguatur
3339 559 3393 614 in
3428 562 3530 619 illis

295 615 549 685 ηφανίας,
577 616 674 669 καὶ
693 618 872 687 πάσης
907 618 1128 681 κακίας,
1162 621 1257 673 καὶ
1296 626 1729 697 κατασὸεπθήτω
1760 633 1861 683 αὺ-

289 704 398 759 τῶν
429 708 577 759 πᾶσα
605 705 848 777 πύρωσις
885 712 977 762 καὶ
1000 709 1213 779 κίνησις
1253 714 1317 766 ἐκ
1361 714 1676 787 διαδολικῆς
1707 723 1861 789 ἐνερ-

290 799 445 865 γείας
469 800 859 871 συνισταμένη.
883 802 1212 874 Φωτισθήτω
1244 806 1423 860 αὐτῶν
1454 814 1516 862 τὸ
1544 811 1722 881 σῶμα,
1770 816 1864 866 καὶ

288 886 457 957 ψυχὴ,
489 887 585 940 καὶ
613 888 675 941 τὸ
704 890 922 960 πνεῦμα
951 890 1029 959 τῷ
1052 893 1190 959 φωτὶ
1216 893 1316 963 τῆς
1342 895 1597 962 γνώσεώς
1626 879 1741 961 σου,
1776 879 1862 954 ἵνα

292 979 729 1050 καταντήσαντες
756 980 835 1043 είς
852 980 953 1051 τὴν
974 982 1201 1052 ἑνότητα
1237 984 1338 1052 τῆς
1368 986 1620 1049 πίστεως,
1653 990 1747 1040 καὶ
1763 990 1863 1059 τῆς

292 1069 641 1138 ἐπιγνώσεως
700 1073 797 1141 τῆς
826 1072 988 1139 ἁγίας
1017 1073 1112 1125 καὶ
1171 1078 1556 1146 προπυνητῆς
1612 1080 1861 1147 Τριάδος,

292 1165 373 1226 είς
401 1162 570 1230 ἀνδρα
596 1163 818 1226 τέλειον,
859 1163 940 1226 είς
975 1163 1174 1232 μέτρον
1200 1163 1441 1236 ἡλικίας,
1478 1169 1773 1232 δοξάσωσίν
1802 1187 1861 1222 σε

292 1254 374 1315 είς
405 1252 577 1306 αίῶνα
603 1253 816 1316 αίῶνος,
839 1254 934 1306 καὶ
961 1255 1401 1325 εύαρεστήσωσίν
1432 1274 1513 1311 σοι
1538 1258 1618 1329 τῷ
1652 1262 1860 1330 Κυρίῳ,

291 1346 376 1398 ὅτι
403 1344 680 1412 πάνδημον
710 1343 770 1397 τὸ
793 1344 1160 1415 φυλακτήριον
1180 1344 1353 1415 ὄνομά
1378 1363 1494 1404 σου.
1526 1350 1621 1401 τοῦ
1655 1351 1864 1421 Πατρὸς

294 1436 389 1488 καὶ
418 1434 511 1488 τοῦ
543 1433 694 1498 Υίοῦ,
734 1437 826 1488 καὶ
860 1434 953 1488 τοῦ
988 1436 1144 1503 ἁγίου
1176 1435 1511 1505 Πνεύματος.
1544 1440 1738 1510 ’Δμήν.
1765 1444 1865 1504 Δὸς

291 1527 349 1579 δὲ
378 1527 560 1590 αὐτοῖς
592 1528 691 1580 σὺν
717 1529 854 1581 πᾶσι
876 1530 989 1589 τοῖς
1012 1527 1257 1596 ἀγαθοῖς,
1292 1521 1338 1581 ὧ
1372 1529 1568 1601 Κύριε,
1612 1534 1706 1585 καὶ
1738 1534 1866 1596 τοὺς

291 1617 485 1689 λόγους
530 1617 737 1688 ταύτης
786 1635 887 1688 μου
939 1618 1039 1687 τῆς
1077 1619 1303 1690 οίκτρᾶς
1357 1623 1456 1673 καὶ
1503 1622 1731 1686 ἀναξίας
1768 1642 1865 1677 σου

294 1710 510 1773 ίκεσίας
539 1712 598 1763 ὲν
626 1709 824 1781 καρδίᾳ
844 1709 931 1763 διὰ
953 1710 1154 1774 παντὸς
1186 1710 1331 1781 ἔχειν
1370 1712 1506 1782 πρὸς
1555 1714 1864 1782 δοξολογίαν

290 1799 390 1852 καὶ
421 1798 590 1867 ὕμνον
621 1798 720 1868 τῆς
744 1798 842 1869 σῆς
869 1799 1257 1869 χρηστότητος.
1290 1801 1459 1854 Πάλιν
1490 1801 1547 1854 δὲ
1591 1803 1728 1873 πρὸς
1767 1804 1867 1857 αύ-

1963 638 2142 691 oznnis
2165 638 2380 695 ﬂamma
2409 653 2572 712 atque
2611 648 2798 712 motio,
2831 664 2953 716 qua:
2991 648 3191 702 diaboli
3220 653 3541 719 Operatione

1962 730 2225 800 exsurgit.
2258 731 2466 801 Corpus
2498 752 2687 793 eorum
2710 747 2764 790 et
2790 738 2970 790 anima
3001 748 3056 792 et
3083 740 3324 808 spiritus,
3358 745 3542 811 cogni-

1965 816 2129 871 tionis
2184 829 2290 875 tuae
2335 824 2503 877 radiis
2556 816 2918 889 i'llustrentur,
2970 836 3029 881 ut
3080 843 3438 885 occurrentes
3485 834 3539 886 in

1965 905 2229 960 unitatem
2258 908 2406 975 ﬁdei,
2456 922 2510 966 et
2554 916 2884 984 agnitionem
2918 928 3122 973 sanctae
3155 931 3211 974 et
3254 924 3543 977 adoranda:

1964 992 2265 1064 Trinitatis,
2297 999 2351 1052 in
2376 1002 2547 1057 virum
2584 1005 2906 1073 perfectum,
2928 1008 2982 1061 in
3007 1024 3321 1065 mensuram
3370 1014 3544 1066 {etatis

1962 1087 2266 1154 gloriﬁcent
2297 1100 2351 1145 te
2378 1093 2433 1146 in
2457 1097 2715 1150 saeculum
2740 1099 2945 1163 saeculi,
2978 1101 3295 1171 placitoque
3334 1119 3393 1159 se
3427 1114 3541 1167 tuo,

1962 1176 2054 1243 qui
2084 1179 2343 1234 Dominus
2383 1197 2462 1248 es,
2498 1188 2860 1243 cont‘orment.
2903 1190 3038 1244 Nam
3083 1196 3395 1261 praesidium
3422 1213 3543 1250 om-

1963 1266 2114 1318 nium
2147 1270 2471 1337 populorum
2493 1283 2577 1327 est
2606 1290 2806 1331 nomen
2837 1287 3011 1339 tuum.
3041 1280 3213 1337 Patris
3245 1294 3301 1338 et
3332 1284 3451 1339 Filii
3488 1296 3543 1341 et

1964 1351 2202 1422 Spiritus
2230 1361 2426 1414 sancti.
2463 1364 2661 1417 Amen.
2705 1364 2781 1419 Da
2819 1366 2944 1428 illis,
2984 1367 3234 1437 Domine,
3267 1389 3391 1426 eum
3421 1390 3544 1428 om—

1962 1444 2115 1497 nium
2162 1446 2429 1502 bonorum
2475 1453 2714 1517 cumulo,
2761 1464 2820 1507 ut
2858 1456 3019 1524 hujus
3045 1474 3178 1512 meae
3218 1462 3547 1517 miserabilis

1962 1542 2018 1587 et
2043 1534 2281 1606 indignae
2324 1540 2597 1595 orationis
2659 1560 2943 1600 sermones
2990 1549 3204 1603 assidue
3245 1553 3392 1607 cordi
3446 1570 3546 1608 suo

1964 1621 2291 1693 insculpunt,
2337 1628 2406 1682 ad
2464 1631 2689 1709 gloriam
2744 1643 2800 1687 et
2848 1635 3063 1689 laudem
3114 1637 3373 1694 bonitatis
3418 1651 3544 1696 tuae.

1964 1712 2165 1769 lterum
2192 1716 2378 1771 multis
2415 1734 2540 1775 cum
2586 1721 2841 1793 lacrymis
2886 1725 2952 1779 ad
2983 1727 3130 1795 ipsos
3158 1728 3297 1783 dixit
3325 1746 3338 1782 :
3384 1729 3547 1794 Deus,

1964 1819 2126 1872 quem
2157 1807 2419 1877 elegistis.
2453 1809 2584 1864 boni
2619 1812 2738 1874 ﬁlii,
2791 1822 2847 1868 et
2892 1816 2958 1869 ad
3002 1832 3163 1885 quem
3210 1822 3546 1887 accurristis,

286 1890 419 1953 τοὺς
460 1889 598 1960 μετὰ
622 1890 831 1944 πολλῶν
853 1890 1102 1961 δακρύων
1141 1891 1350 1960 ἔλεγεν·
1389 1892 1448 1945 Ὅ
1481 1894 1635 1957 Θεὸς,
1661 1894 1719 1949 ὸν
1772 1894 1862 1960 ἐξ·

1973 1893 2111 1948 Deus
2142 1896 2260 1964 ipse
2304 1899 2518 1954 emittet
2564 1903 2820 1972 angelum
2850 1919 3008 1958 suum
3054 1916 3181 1961 ante
3228 1909 3420 1964 faciem
3450 1927 3548 1966 ve-

286 1981 572 2045 ιλέξασθε,
622 1980 786 2035 τέκνα
816 1979 976 2045 καλὰ,
1018 1981 1114 2035 καὶ
1174 1975 1220 2049 ᾧ
1251 1982 1648 2054 κατεδράμετε,
1703 1986 1870 2049 αὐτὸς

287 2073 644 2140 ὲξαποστελεῐ
668 2073 759 2126 τὸν
780 2072 1009 2140 ἄγγελον
1029 2072 1191 2125 αὑτοῦ
1223 2074 1332 2144 πρὸ
1365 2073 1660 2144 προσώπου
1685 2077 1862 2147 ὑμῶν,

287 2167 388 2218 καὶ
419 2164 820 2218 κατασκευάσει
857 2163 962 2232 τὴν.
1008 2163 1126 2216 ὁδὸν
1161 2163 1326 2217 αὐτοῦ
1388 2164 1701 2236 ἔμπροσθεν
1756 2167 1868 2221 τῶν

285 2255 469 2308 ποδῶν
497 2254 667 2324 ὑμῶν.
713 2253 771 2307 Ὀ
794 2254 1044 2321 ἄγγελος,
1080 2254 1156 2317 ὥς
1179 2271 1346 2324 φησιν
1375 2257 1415 2313 6,
1435 2256 1608 2323 μέγας
1642 2256 1863 2322 Ἰακὼϐ,

284 2348 316 2399 6
349 2343 609 2415 ρυόμενός
641 2361 708 2413 με
732 2343 840 2398 ἀπὸ
875 2344 1095 2396 πάντων
1128 2344 1239 2397 τῶν
1276 2345 1533 2398 ἐναντίων
1556 2347 1863 2417 δυνάμεων,

285 2438 455 2500 αὐτὸς
493 2434 897 2507 προ-πορεύεται
940 2434 1050 2488 τῶν
1073 2435 1279 2506 τρίϐων
1313 2437 1489 2504 ὑμῶν.
1533 2437 1591 2489 Ὀ
1622 2441 1867 2509 ῥυσάμε..

286 2544 381 2589 νος
410 2529 500 2580 τὸν
529 2524 721 2580 ἑαυτοῦ
749 2526 1034 2596 προφήτην
1059 2527 1124 2581 ἐκ
1173 2526 1437 2596 στόματος
1483 2527 1731 2591 λεόντων,
1768 2531 1867 2583 αύ-

283 2618 381 2680 τὸς
407 2614 626 2689 ῥύσεται
679 2617 771 2671 καὶ
801 2618 944 2686 ὑμᾶς
975 2617 1083 2670 ἀπὸ
1110 2617 1220 2669 τῶν
1270 2618 1472 2687 χειρῶν
1506 2620 1600 2672 τοῦ
1632 2621 1863 2686 λέοντος.

295 2707 363 2760 '0
392 2708 751 2776 ἐκλεξάμενος
778 2707 921 2775 ὑμᾶς
949 2707 1103 2770 Θεὸς,
1131 2707 1291 2770 αὐτὸς
1317 2709 1748 2779 ἁκαταίσχυντον
1767 2712 1866 2782 τὴν

283 2797 482 2851 Θυσίαν
506 2813 607 2867 μου
629 2796 873 2865 φυλάξει.
922 2795 1009 2858 Ὦς
1038 2794 1292 2848 δὲταῦτα
1321 2798 1413 2848 καὶ
1442 2796 1625 2850 πλεῖον
1659 2798 1865 2852 τούτων

282 2890 479 2951 αὐτοῖς
533 2887 830 2958 ἐπηύξατο,
879 2887 975 2942 καὶ
1026 2886 1339 2958 συνεπλάκη
1380 2889 1408 2940 6
1442 2887 1702 2958 θεοφόρος
1752 2892 1866 2954 τοῖς

282 2979 587 3051 τραχήλοις
624 2979 804 3033 αὐτῶν
834 2978 933 3032 καὶ
959 2977 1178 3044 ἕλεγενο
1205 2976 1409 3040 Σῶσον,
1445 2980 1473 3031 6
1513 2979 1667 3043 Θεὸς,
1698 2980 1872 3034 σῶσον

1969 1993 2230 2051 stram,et
2258 1992 2586 2058 praeparabit
2610 1993 2750 2047 viam
2783 2009 2935 2049 suam
2963 2009 3090 2052 ante
3120 2001 3286 2068 pedes
3313 2011 3544 2057 vestros.

1967 2078 2229 2148 Angelus,
2265 2080 2381 2150 qui,
2408 2083 2551 2137 sicut
2583 2084 2720 2139 dicit
2748 2102 2978 2156 magnus
3003 2088 3189 2154 Jacob,
3230 2092 3424 2147 liberat
3461 2110 3551 2147 me

1969 2168 2041 2221 ab
2074 2170 2330 2225 omnibus
2378 2174 2666 2229 contrariis
2705 2178 3087 2245 potestatibus,
3143 2180 3234 2235 ille
3279 2184 3551 2251 praecedet

1969 2269 2095 2312 ante
2138 2259 2255 2314 vias
2294 2270 2523 2315 vestras.
2566 2262 2669 2328 Qui
2720 2266 3044 2334 prophetam
3093 2284 3250 2322 suum
3296 2270 3551 2323 liberavit

1968 2350 2037 2403 ab
2060 2350 2417 2416 oreleonum,
2452 2353 2542 2406 ille
2573 2371 2669 2409 vos
2691 2371 2906 2426 quoque
2947 2360 3201 2414 liberabit
3235 2378 3265 2414 a
3298 2361 3551 2415 manibus

1967 2437 2160 2492 leonis.
2192 2438 2296 2504 Qui
2327 2442 2490 2513 elegit
2521 2460 2616 2498 vos
2646 2445 2812 2508 Deus,
2866 2448 2956 2505 ille
3006 2449 3328 2503 sacriﬁcium
3362 2464 3545 2504 meum

1968 2530 2038 2583 ab
2065 2531 2357 2600 ignominia
2389 2534 2708 2591 vindicabit.
2752 2537 2876 2592 llaec
2912 2548 2967 2592 et
3003 2540 3157 2608 plura
3191 2551 3466 2609 precatus,
3497 2549 3556 2593 ct

1968 2622 2104 2677 colla
2145 2637 2336 2678 eorum
2393 2626 2613 2681 strinxit
2668 2629 2750 2682 vir
2781 2629 2976 2692 deifer,
3024 2640 3088 2686 et.
3129 2633 3267 2686 dixit
3302 2648 3316 2685 τ
3358 2632 3550 2693 Serva.

1974 2711 2138 2776 Deus,
2180 2729 2339 2770 serva
2382 2731 2497 2778 eos,
2537 2720 2628 2787 qui
2690 2730 2803 2774 toto
2855 2723 3021 2777 corde
3070 2723 3304 2792 diligunt
3350 2738 3551 2776 nomen

1972 2812 2146 2865 tuum,
2166 2820 2343 2875 neque
2378 2807 2525 2861 enim
2558 2809 2780 2878 iniquus
2809 2825 2891 2874 es,
2922 2810 3169 2874 Domine,
3197 2821 3255 2865 nt
3281 2812 3420 2876 illos,
3451 2814 3546 2880 qui

1970 2898 2164 2951 stultas
2208 2899 2369 2970 hujus
2417 2902 2542 2957 vitae
2589 2919 2677 2958 res
2729 2905 3091 2974 reliquerunt,
3144 2915 3465 2961 contemnas
3498 2916 3552 2960 et

1978 2986 2220 3042 deseras.

281 3073 421 3135 τοὺς
444 3073 502 3124 ὲν
534 3071 629 3142 ὅλη
662 3070 859 3141 καρδίᾳ
893 3070 1281 3140 ἀγαπήσαντας
1328 3069 1389 3120 τὸ
1421 3070 1592 3139 ὄνομά
1642 3088 1760 3122 σουο
1801 3073 1874 3124 οὐ·
1903 3074 2013 3145 γὰρ
2055 3076 2239 3143 ἄδικος
2282 3075 2353 3148 εἴ,
2385 3081 2580 3155 Κύριε,
2609 3083 2736 3147 τοὺς
2778 3085 3214 3157 καταλείψαντας
3241 3087 3309 3140 τὰ
3351 3087 3551 3157 μάταια

284 3167 391 3224 τοῦ
422 3166 539 3238 βίου
566 3165 889 3237 πράγματα,
909 3164 1174 3236 περιιδεῖν
1193 3164 1289 3219 καὶ
1321 3164 1731 3236 ἐγκαταλείψω.

365 3315 453 3367 ιϐ’.
475 3308 607 3367 Εἶτα
634 3310 796 3365 πάλιν
825 3310 962 3380 πρὸς
1012 3310 1210 3375 αὐτούς
1229 3328 1241 3340 ·
1279 3311 1540 3377 Βλέπετε,
1562 3313 1753 3376 τέκνα,
1789 3316 1869 3378 εἰς

2032 3318 2131 3373 Α9.
2176 3318 2366 3374 Postea
2402 3334 2618 3375 rursum
2647 3319 2713 3374 ad
2741 3320 2863 3375 illos
2892 3334 3203 3373 sermonem
3236 3319 3509 3373 convertit
3541 3337 3556 3371 :

290 3403 536 3473 πόλεμον
584 3401 812 3466 ἑαυτοὺς
866 3401 1165 3467 ἐξεδώκατε
1212 3402 1443 3472 φοὸερὸν
1496 3403 1591 3456 καὶ¹
1621 3403 1870 3459 ἀθέατον.

306 3495 475 3549 Ἀλλά
505 3494 580 3565 μὴ
613 3494 885 3564 φοϐηθῆτε
907 3511 922 3526 °
960 3515 978 3545 ι
1013 3497 1247 3558 Δυνατὸς
1264 3496 1375 3566 γάρ
1402 3497 1549 3548 ἐστιν
1578 3498 1606 3549 6
1633 3496 1787 3559 Θεὸς,
1818 3497 1877 3560 ὃς

289 3588 400 3641 οὐκ
427 3588 576 3641 ἐάσει
609 3588 753 3655 ὑμᾶς
783 3587 1167 3656 πειρασθῆναι,
1211 3587 1351 3656 ὑπὲρ
1385 3586 1413 3639 6
1473 3586 1703 3640 δύνασθε
1764 3588 1877 3640 ὑπ-

289 3683 562 3748 ενεγκεῖν.
589 3699 608 3730 ι
659 3677 1044 3748 ’Δγωνίσασθε,
1067 3680 1251 3742 τέκνα,
1280 3680 1353 3750 μὴ
1379 3679 1675 3751 ἡττηθῆναι
1706 3680 1874 3750 αὐτῷ,

289 3772 438 3828 ἀλλά
464 3774 623 3841 στῆτε
658 3773 887 3839 γεναίοι,
911 3770 1127 3841 ἔχοντες
1155 3771 1217 3824 τὸ
1245 3771 1410 3824 ὅπλον
1435 3770 1528 3823 τοῦ
1563 3772 1720 3840 ἁγίου
1748 3773 1878 3843 σχή-

293 3881 474 3934 ματος
526 3863 649 3915 κατ’
702 3861 907 3922 αὐτοῦ,
966 3860 1379 3932 μνημονεύσατε
1440 3860 1532 3913 τοῦ
1591 3861 1874 3924 εἰπόντος·

301 3974 324 4006 ι
362 3953 556 4016 Οὐδεὶς
586 3951 863 4006 ἐπιϐαλὼν
892 3951 992 4022 τὴν
1010 3952 1362 4022 χεῖρα³αὑτοῦ
1391 3951 1479 4004 ἐπ’
1513 3952 1766 4023 ἄροτρον,
1786 3953 1879 4005 καὶ

296 4040 572 4118 στραφεὶς
602 4046 683 4108 είς
711 4045 776 4097 τὰ
802 4043 1004 4105 ὀπίσω,
1030 4040 1251 4105 εὖθετός
1283 4044 1432 4095 ἐστιν
1476 4043 1554 4104 είς
1599 4040 1698 4109 τὴν
1729 4041 1880 4112 βασι-

294 4135 456 4188 λείαν
486 4132 596 4187 τῶν
633 4131 899 4209 οὐρανῶν.
935 4150 955 4183 ι
994 4130 1106 4184 Καὶ
1134 4129 1297 4184 πάλιν
1318 4131 1568 4201 περὶτῆς
1608 4130 1705 4183 τοῦ
1736 4131 1878 4201 πύρ-

293 4242 404 4294 γου
448 4222 771 4291 οἰκοδομῆς·
824 4221 917 4291 Μὴ
960 4218 1284 4291 ἀρξαμένων
1344 4220 1499 4288 ὑμῶν
1537 4220 1639 4288 τῆς
1668 4220 1880 4283 τελείας

294 4316 446 4379 ὀδοῦ,
472 4316 571 4383 τῆς
616 4313 761 4368 κατά
793 4312 926 4365 Θεὸν
972 4310 1252 4373 πολιτείας
1293 4311 1744 4380 ἀποχαυνωθῆτε,
1787 4312 1882 4364 καὶ

297 4404 570 4476 πληρωθῇ
596 4403 681 4473 ἐφ’
705 4403 952 4474 ύμῖν,ὂτι
988 4401 1262 4471 Ἤρξαντο
1283 4401 1767 4471 οίκοδομῆσαι,καὶ
1781 4401 1881 4454 οὐκ

297 4493 451 4569 εἶχον
498 4494 725 4565 δύναμιν
755 4493 849 4546 καὶ
876 4492 1186 4565 προθυμίαν
1228 4490 1363 4562 πρὸς
1414 4491 1506 4544 τὸν
1536 4491 1883 4562 ἀπαρτισμὸν

296 4587 401 4643 τοῦ
427 4586 696 4656 θεμελίου.
733 4581 1153 4651 Ἀσφαλίσασθε,
1187 4583 1353 4635 τέκνα
1375 4599 1389 4613 ο
1430 4581 1624 4653 μικρὸς
1661 4583 1690 4633 6
1720 4582 1880 4634 πόλε-

1977 3405 2278 3471 Attendite,
2303 3408 2422 3472 ﬁlii,
2446 3408 2674 3462 terribili
2705 3423 2803 3461 vos
2827 3415 2881 3460 et
2901 3407 3116 3462 occulto
3138 3405 3281 3459 bello
3308 3404 3555 3471 dedistis,

1978 3497 2073 3550 sed
2127 3506 2331 3555 metum
2381 3496 2568 3566 pellite
2602 3514 2615 3549 :
2651 3515 2670 3547 ι
2704 3495 2908 3549 Potens
2958 3493 3107 3547 enim
3134 3500 3220 3546 est
3270 3490 3435 3569 Deus,
3464 3492 3557 3560 qui

1978 3584 2092 3643 nim
2127 3589 2369 3658 patietur
2401 3603 2498 3642 vos
2526 3586 2726 3642 tentari
2756 3601 2920 3654 supra
2951 3585 3001 3638 id
3023 3584 3166 3654 quod
3191 3570 3420 3652 potestis
3437 3597 3549 3636 sus-

1980 3678 2156 3732 tinere
2190 3678 2253 3732 ¹⁷.
2311 3696 2329 3729 ι
2362 3676 2603 3739 Certate,
2639 3675 2766 3738 ﬁlii,
2804 3682 2866 3728 ut
2907 3688 3016 3727 non
3062 3670 3419 3741 supercmini.
3452 3669 3559 3726 Sed

1981 3775 2121 3821 state
2156 3766 2341 3822 animo
2386 3773 2591 3832 erecto,
2644 3772 2986 3834 opponentes
3018 3761 3242 3816 inimico
3275 3760 3414 3815 sacri
3458 3760 3556 3813 ba-

1978 3858 2125 3913 bitus
2144 3869 2497 3913 armaturam.
2512 3856 2574 3911 In
2598 3856 2916 3911 memoriam
2936 3862 3187 3909 revocate
3208 3852 3375 3907 verba
3391 3845 3559 3911 illius,

1980 3949 2071 4018 qui
2093 3948 2265 4003 dicit:
2296 3968 2313 4000 ‹
2335 3947 2506 4006 Nemo
2531 3948 2752 4001 mittens
2771 3961 2993 4000 manum
3022 3960 3173 3999 suam
3204 3945 3270 3997 ad
3297 3951 3559 4005 aratrum,

1980 4047 2037 4092 et
2057 4054 2354 4095 conversus
2381 4049 2549 4103 retro,
2595 4047 2756 4107 aptus
2800 4046 2885 4092 est
2923 4052 3090 4107 regno
3139 4035 3405 4090 caelorum
3438 4034 3499 4086 ⁸⁸.
3537 4050 3557 4082 ι

1982 4129 2050 4185 Ει
2079 4145 2293 4184 rursum
2338 4129 2406 4183 de
2443 4127 2804 4183 azdiﬁcatiune
2848 4126 3015 4180 turris
3046 4141 3062 4178 :
3095 4140 3166 4179 ne
3206 4124 3351 4177 viam
3378 4121 3552 4191 perfe-

1982 4231 2125 4281 ctam
2159 4221 2508 4290 incipientes,
2533 4221 2587 4273 in
2638 4216 2731 4273 Dei
2764 4217 3029 4286 obsequio
3071 4215 3289 4269 desides
3335 4214 3473 4279 sitis,
3510 4223 3559 4267 et

1985 4314 2037 4367 in
2087 4313 2242 4367 vobis
2296 4312 2608 4381 impleatur,
2656 4310 2783 4379 quia
2828 4317 3115 4378 coeperunt
3162 4305 3455 4372 aediﬁcare,
3511 4316 3561 4360 et

1985 4419 2097 4457 non
2131 4411 2216 4457 sat
2250 4403 2561 4460 habuerunt
2599 4400 2794 4456 virium
2838 4408 2894 4453 et
2930 4398 3098 4453 animi
3148 4398 3215 4453 ad
3262 4411 3400 4466 opus
3428 4411 3563 4450 con-

1987 4493 2478 4549 summandum‘s’.
2515 4493 2666 4548 State
2717 4491 2917 4555 securi,
2950 4506 2983 4544 o
3022 4489 3117 4543 ﬁlii
3156 4507 3168 4541 :
3206 4502 3434 4558 parvum
3481 4496 3559 4539 est

1988 4583 2209 4649 bellum,
2252 4581 2348 4635 sed
2380 4596 2573 4652 magna
2622 4593 2857 4643 corona;
2889 4574 3203 4660 temporalis
3249 4574 3420 4639 labor,
3469 4572 3564 4625 sed

305 4696 432 4752 μσς,
463 4678 599 4732 ἀλλά
639 4677 812 4747 μέγας
842 4677 871 4728 6
904 4658 1170 4742 στέφανος
1194 4689 1208 4703 ⁸
1244 4674 1580 4746 πρόσκαιρος
1618 4674 1647 4725 6
1700 4674 1872 4737 πόνος,

1988 4682 2189 4727 ωιειοηιι
2228 4669 2463 4739 requies.
2503 4670 2691 4738 Itaque
2726 4684 2849 4721 cum
2892 4658 3106 4734 tempus
3134 4665 3476 4736 procederet,
3509 4672 3561 4715 et

219 4803 241 4853 ﬁ-
303 4771 426 4827 ἀλλ’
458 4771 653 4824 αίωνία
679 4771 713 4839 ἡ
763 4769 1090 4828 ἀνάπαυσις.
1151 4764 1266 4834 Τῆς
1295 4763 1445 4834 ὥρας
1478 4761 1573 4818 οὗν
1604 4765 1884 4836 προκοψά.

223 4855 241 4934 ξ
304 4883 432 4934 σης,
450 4865 542 4916 καὶ
570 4863 672 4933 ἤδη
700 4859 887 4913 λοιπὸν
914 4857 1011 4912 τοῦ
1044 4856 1202 4922 ξύλου
1225 4859 1537 4926 κρούοντος,
1559 4857 1634 4921 ὡς
1658 4856 1882 4925 ἔμελλον

302 4955 403 5012 τοῦ
431 4953 675 5014 πυλῶνος
698 4949 1036 5023 ὲξέρχεσθαι,
1064 4948 1256 5003 ἐλαϐεν
1283 4950 1312 5000 6
1349 4947 1692 5018 Συμεὼντὸν
1721 4947 1884 5018 ἡγού-

309 5064 475 5120 μενον
502 5047 622 5099 κατ’
647 5045 804 5104 ἰδίαν,
835 5044 928 5096 καὶ
961 5038 1114 5094 εἶπεν
1136 5039 1286 5110 αὐτῷ
1303 5056 1318 5069 ⁸
1352 5040 1452 5092 Διά
1480 5039 1574 5093 τὸν
1599 5040 1751 5103 Θεὸν,
1775 5040 1887 5094 Πά-

306 5157 431 5211 τερ,
462 5134 636 5203 εὖξαι,
666 5136 754 5189 ῖνα
785 5122 812 5187 6
837 5132 970 5196 Θεὸς
1001 5132 1332 5203 διασκεδάσῃ
1384 5131 1483 5196 τὴν
1523 5134 1746 5201 μνήμην
1789 5132 1888 5201 τῆς

307 5230 571 5301 γυναικὸς
602 5226 699 5281 τοῦ
727 5225 958 5294 ἀδελφοῦ
988 5242 1088 5294 μου
1118 5223 1390 5289 Ἰωάννου,
1421 5224 1494 5293 μή
1532 5240 1646 5285 πως
1691 5226 1756 5276 ὲκ
1794 5223 1888 5276 τοῦ

308 5317 552 5391 πονηροῦ
605 5317 764 5373 ὲὰσαι
815 5333 904 5387 με,
959 5315 1055 5368 καὶ
1107 5315 1395 5383 ἀπόλωμαι
1441 5314 1550 5391 ὑπὸ
1575 5314 1675 5383 τῆς
1706 5312 1886 5385 λύπης

392 5497 438 5532 ¹¹¹
465 5495 489 5553 l
520 5495 647 5553 Cor.
682 5477 737 5561 xi,
766 5494 850 5549 l5.
929 5490 974 5525 ⁸⁸
1002 5491 1136 5549 Luc.
1165 5507 1239 5555 Ix,
1272 5490 1359 5545 69..
1439 5490 1507 5523 η’
1545 5488 1679 5544 Luc.
1721 5505 1831 5554 xiv,
1855 5490 1943 5546 50.

1985 4764 2095 4833 jam
2122 4760 2383 4831 deinceps
2428 4760 2631 4831 lignum
2673 4761 2912 4829 pulsaret
2950 4757 3062 4828 (25)
3085 4775 3099 4824 ;
3126 4767 3182 4813 et
3220 4757 3297 4810 illi
3336 4772 3367 4811 e
3396 4756 3563 4826 janua

1985 4862 2169 4910 essent
2186 4852 2480 4921 egressuri,
2514 4851 2819 4921 hegumeno
2859 4849 3088 4903 seorsim
3124 4848 3398 4918 prehenso
3428 4846 3562 4902 dixit

1988 4924 2257 5021 Symeon:
2289 4945 2517 5015 Propter
2548 4944 2740 5007 Deum,
2785 4944 2856 4997 mi
2886 4943 3065 5005 Pater,
3093 4958 3207 5007 ora,
3234 4950 3293 4995 ut
3327 4941 3468 4996 Deus
3498 4957 3561 4994 ex

1988 5039 2172 5094 animo
2200 5036 2386 5091 fratris
2428 5035 2534 5089 mei
2560 5034 2787 5089 Joannis
2818 5034 2997 5087 deleat
3024 5031 3339 5085 memoriam
3375 5030 3565 5097 conju-

1987 5130 2069 5200 gis
2097 5144 2231 5193 suae,
2256 5143 2327 5182 ne
2352 5127 2587 5197 maligno
2619 5123 2967 5179 machinante
2993 5123 3184 5191 spiritu
3217 5136 3303 5175 me
3322 5122 3561 5184 deserat,

1988 5230 2043 5274 et
2070 5235 2170 5289 ego
2199 5219 2465 5274 inteream
2504 5234 2615 5287 pra:
2643 5218 2849 5282 dolore,
2885 5217 2955 5271 ob
2983 5216 3103 5283 ejus
3126 5214 3352 5269 exitium
3383 5223 3439 5268 et
3472 5229 3561 5268 rc-

1991 5326 2229 5367 cessum.
2270 5310 2397 5376 Ora,
2430 5310 2678 5372 obsecro,
2716 5318 2937 5379 propter
2982 5308 3292 5370 Dominum,
3324 5316 3383 5358 ut
3423 5305 3562 5360 Deus

1813 5607 2041 5663 ΝΟΤΑΞ.

391 5726 503 5804 (Ξζι)
536 5727 819 5804 Quomodo
850 5727 1009 5804 lignis
1045 5745 1145 5799 pro
1183 5745 1290 5784 aere
1329 5728 1604 5799 Campano
1657 5737 1882 5784 utantur
1935 5730 2187 5785 monachi
2212 5726 2540 5790 Orientales,
2567 5722 2795 5793 explicat
2823 5721 3035 5777 libellus
3065 5713 3375 5785 Hieronymi
3405 5708 3560 5781 Magii

318 5797 401 5855 De
429 5797 811 5852 tintinnabulis.
