3976 6408
283 400 418 465 1697

1548 404 1726 471 γιΤΑ
1752 406 1817 465 s.
1860 403 2255 493 summus.

3404 409 3535 473 l693

284 511 538 582 στήθους,
577 511 671 565 καὶ
706 512 877 581 αὐτὴν
895 512 1125 583 ηὔχοντο
1139 512 1367 567 πάντοτε
1391 518 1467 578 εἰς
1489 517 1718 570 ἕκαστον
1743 534 1856 568 πει-

1966 516 2029 569 Et
2083 526 2315 571 eventus
2359 516 2507 574 illico
2541 519 2725 574 docuit
2780 519 2967 575 ambos
3009 521 3150 575 hanc
3194 522 3446 578 calluisse
3472 540 3540 579 ex

283 601 514 671 ρασμδν,
540 604 632 655 καὶ
656 604 736 665 εἰς
751 589 984 657 ἕκαστον
1007 604 1217 674 αἴτημα
1239 605 1418 659 αὐτῶν
1442 606 1576 677 πρὸς
1592 609 1686 658 τὶν
1700 606 1852 661 Θεόν.

284 694 471 747 Ἔστιν
498 695 608 765 γὰρ
644 694 735 748 ὅτε
776 695 981 768 ὲπύρου
1021 698 1220 761 αὐτοὺς
1253 699 1281 750 6
1326 697 1571 762 διάϐολος
1594 737 1610 762 ,
1637 698 1713 764 ὡς
1767 700 1855 764 ἐξ·

263 774 467 859 ξηγεῖτο
488 786 793 857 ὁθεοφὸρος
806 787 992 850 Σαλὸς,
1009 787 1083 850 ὼς
1099 787 1194 842 ἐὰν
1218 789 1357 859 κρέα
1370 789 1463 842 καὶ
1482 783 1625 843 οἶνον
1645 791 1853 860 ἤσθιον,

263 874 376 941 ,καὶ
414 873 576 927 πάλιν
618 875 918 928 ὑπέϐαλλεν
957 877 1143 939 αὐτοῖς
1196 876 1348 947 παρά
1398 877 1498 941 τὰς
1538 878 1712 947 ἀρχὰς
1747 878 1858 930 δει-

258 963 423 1031 σλίαν,
479 965 573 1017 καὶ
629 965 857 1036 ἁκηδίαν
890 967 1028 1036 πρὸς
1065 966 1165 1030 τὴν
1198 966 1455 1038 ἄσκησιν,
1495 967 1638 1020 ὥστε
1668 968 1857 1036 διαφὸ-

285 1072 393 1124 ρως
418 1055 701 1125 ἐπιζητεῖν
733 1057 933 1120 αὐτοὺς
965 1057 1327 1129 ὑποστρέφειν
1369 1060 1451 1121 είς
1496 1060 1554 1112 τδ
1583 1061 1856 1129 μοναστή-

260 1128 399 1217 ξριον
432 1149 541 1200 ἀπὸ
563 1147 666 1215 τῆς
692 1149 926 1219 ἐρήμου,
959 1149 1122 1202 πάλιν
1171 1149 1228 1203 δὲ
1284 1150 1425 1203 κατά
1452 1129 1602 1212 ’τοὺς
1656 1128 1857 1212 ὕπνους

261 1234 528 1305 θεωρεῖν.
557 1237 745 1289 Ἔστιν
788 1237 845 1291 δὲ
894 1238 982 1291 ὅτε
1040 1239 1135 1291 καὶ
1180 1240 1238 1292 ὲν
1270 1239 1543 1310 φαντασίᾳ
1577 1240 1707 1301 τοὺς
1734 1240 1858 1291 ἐαυ-

259 1311 386 1377 ’τῶν
420 1326 603 1390 ἰδίους,
635 1328 760 1391 τοὺς
789 1328 887 1397 μὲν
913 1327 1228 1393 κλαίοντας,
1251 1330 1379 1392 τοὺς
1401 1330 1457 1383 δὲ
1479 1328 1859 1400 εὐωχηθέντας

256 1402 696 1489 ¹παρεσκεύαζεν
723 1422 751 1473 6
776 1418 1129 1493 πολύμορφος
1175 1421 1317 1489 δφις,
1353 1422 1444 1475 καὶ
1475 1420 1646 1474 πολλὰ
1669 1419 1856 1491 ἕτερα,

260 1508 312 1577 ,ἃ
335 1510 456 1561 οὐδὲ
487 1508 863 1582 ἐξηγήσασθαι
891 1512 1135 1579 δυνατὸν,
1164 1514 1211 1564 εἰ
1242 1515 1317 1584 μὴ
1350 1513 1558 1566 τούτων
1599 1511 1708 1566 τῶν
1746 1524 1860 1564 πει-

277 1600 511 1669 ρασμῶν
531 1602 589 1653 ὲν
626 1601 793 1672 πείρᾳ
825 1602 1035 1670 γίνεταί
1066 1620 1171 1666 τις.
1226 1603 1367 1656 Ἀλλ’
1394 1603 1560 1674 ἡνίκα
1587 1602 1633 1656 δ’
1655 1603 1722 1656 ἂν
1756 1603 1857 1671 ἐμ-

254 1690 577 1760 ⁵νημὸνευον
604 1691 713 1743 τῶν
740 1694 1044 1762 στεφάνων,
1071 1693 1167 1758 οὒς
1204 1695 1284 1758 είς
1314 1693 1575 1765 ἀλλήλους
1609 1693 1861 1748 ἐθεάσαν-

268 1792 356 1842 το,
389 1779 485 1833 καὶ
518 1780 618 1850 τῆς
645 1781 1016 1846 διδασκαλίας,
1046 1784 1143 1837 καὶ
1175 1783 1283 1838 τῶν
1323 1785 1579 1855 δακρύων
1628 1784 1724 1837 τοῦ
1767 1784 1859 1852 γέ-

1957 618 2205 677 prompta
2238 610 2516 664 memoria.
2554 611 2619 664 Et
2651 626 2772 664 eam
2807 610 3158 677 adhibebant,
3184 613 3400 683 quoties
3424 622 3543 668 ten-

1956 697 2089 750 tatio
2131 698 2440 768 ingruebat,
2476 707 2570 752 aut
2606 699 2805 768 aliquid
2857 715 2887 753 a
2928 698 3038 753 Deo
3075 702 3354 769 petebant.
3394 698 3541 766 Qua-

1956 787 2081 841 dam
2105 789 2223 843 vice
2252 788 2547 858 instigabat
2566 804 2661 843 eos
2684 789 2951 856 diabolus,
2984 792 3058 844 uti
3085 790 3344 844 narrabat
3368 790 3544 845 deifer

1960 879 2139 943 Salus,
2172 882 2238 934 ad
2268 897 2426 935 usum
2466 882 2650 936 carnis
2681 883 2900 949 etvini;
2930 892 2983 937 et
3027 883 3079 936 in
3105 882 3380 951 principio
3414 898 3543 951 sug-
3626 914 3635 923 -

1956 971 2178 1040 gerebat
2222 971 2496 1037 timorem,
2551 982 2609 1027 et
2665 982 2939 1042 torporem
2988 974 3044 1027 in
3088 974 3200 1028 vita
3252 973 3486 1028 ascetica
3525 989 3538 1023 :

1956 1061 2093 1116 adeo
2123 1070 2180 1115 ut
2214 1062 2378 1116 variis
2432 1064 2610 1118 modis
2657 1074 2955 1119 conaretur
3004 1079 3101 1119 eos
3154 1079 3222 1119 ex
3255 1079 3443 1118 eremo
3485 1063 3542 1117 in

1952 1152 2350 1205 monasterium
2401 1167 2683 1209 revocare.
2728 1152 2885 1209 Nunc
2926 1155 3126 1209 iterum
3159 1154 3407 1223 quaedam
3454 1168 3544 1207 re-

1956 1241 2325 1309 prmsentabat
2363 1243 2417 1296 in
2461 1258 2692 1310 somno,
2741 1260 2890 1300 nunc
2936 1246 3235 1299 amicorum
3282 1242 3541 1312 aliquos:

1961 1331 2060 1385 hos
2105 1333 2322 1401 quidem
2375 1332 2590 1398 ﬂentes,
2652 1336 2818 1391 hosce
2870 1337 3032 1407 genio
3084 1335 3432 1406 indulgentes
3487 1335 3545 1388 in

1959 1422 2196 1493 imagine
2238 1438 2502 1493 corporea
2546 1423 2870 1478 eﬂ‘ormabat
2916 1425 3222 1494 versipellis
3246 1439 3310 1479 ac
3338 1433 3548 1478 tortuo-

1959 1525 2052 1564 sus
2077 1512 2321 1576 coluber,
2362 1522 2419 1568 et
2446 1514 2681 1583 plurima
2724 1516 2849 1578 alia,
2881 1531 3004 1585 quas
3046 1530 3339 1575 recensere
3384 1530 3548 1569 nemo

1958 1601 2120 1666 valet,
2153 1610 2355 1671 praeter
2395 1618 2543 1669 eum,
2595 1604 2687 1673 qui
2726 1605 2862 1659 tales
2905 1606 3241 1661 tentationes
3284 1615 3548 1674 expertus

1948 1684 2142 1746 fuerit.
2173 1693 2281 1748 Sed
2307 1695 2528 1764 quando
2549 1695 2979 1751 recordabantur
3008 1711 3360 1761 coronarum,
3401 1711 3539 1766 quas

1959 1782 2097 1837 alter
2120 1782 2177 1837 in
2201 1783 2375 1839 altero
2424 1787 2774 1856 contemplati
2820 1786 3063 1854 fuerant,
3107 1789 3548 1844 institutionum-

272 1884 481 1938 ροντος.
527 1869 718 1942 ὥσπερ
779 1871 943 1942 ἐλαίῳ
989 1873 1130 1944 ἁγίῳ
1160 1874 1574 1945 κατεπραύνετο
1608 1874 1789 1928 αὐτῶν
1826 1875 1854 1944 ή

1959 1887 2066 1941 que
2099 1880 2154 1927 et
2177 1873 2536 1944 lacrymarum
2569 1875 2751 1941 senis;
2791 1890 2887 1931 cor
2912 1876 3132 1932 illorum
3166 1877 3322 1948 quasi
3354 1885 3549 1933 sancto

249 1961 496 2043 νκαρδία,
521 1962 614 2015 καὶ
641 1964 1030 2035 παρεκαλείτο.

1959 1963 2201 2033 quodam
2225 1964 2347 2031 oleo
2379 1965 2683 2022 delibutum
2702 1967 3073 2024 recreabatur.

1724 2090 1955 2153 CAPUT
2006 2093 2098 2150 Vl.

248 2193 259 2209 ﬁ
347 2212 752 2285 Appar’itiones,
794 2217 1094 2279 orationes,
1128 2233 1365 2288 egressus
1402 2193 1677 2289 Symeon“
1710 2232 1773 2271 ea;
1806 2231 1977 2297 eremo
2009 2216 2065 2269 in
2092 2214 2363 2285 publicum
2390 2233 2499 2286 prae
2528 2218 2641 2272 zelo
2670 2235 3011 2286 animarum,
3042 2220 3319 2277 occultam
3361 2221 3476 2291 ejus

1772 2295 2025 2339 actiones.
3526 2309 3533 2316 ‘

346 2396 449 2468 κβ’.
478 2397 764 2467 Ἐφαίνετο
803 2399 861 2453 δὲ
898 2399 1086 2464 αὐτοῖς
1124 2401 1245 2455 κατ’
1286 2401 1419 2472 ὄναρ
1474 2400 1572 2455 καὶ
1602 2399 1631 2453 6
1665 2399 1856 2472 κύριος

267 2489 481 2553 Νίκων,
516 2490 605 2543 ὁτὲ
639 2490 740 2560 μὲν
774 2490 1045 2545 νουθετῶν
1077 2492 1297 2557 αὐτοῖς,
1335 2491 1425 2546 ὁτὲ
1459 2492 1515 2546 δὲ
1553 2490 1855 2564 προσευχό-

270 2600 439 2655 μενος
472 2586 611 2658 ὑπὲρ
644 2585 845 2653 αὐτῶν,
875 2580 991 2641 ἔστι
1021 2586 1078 2639 δὲ
1107 2587 1196 2640 ὅτε
1243 2588 1342 2640 καὶ
1367 2585 1617 2657 ψαλμοὺς
1659 2584 1856 2646 αὐτοὺς

262 2676 565 2731 διδάσκωνο
598 2677 694 2730 xal.
717 2675 1068 2742 ὲξυπνίζοντο
1095 2675 1550 2748 ἀποστηθίζοντες
1578 2675 1680 2729 ὅσα
1712 2675 1855 2728 κατά

264 2768 404 2832 τοὺς
435 2765 639 2832 ὕπνους
672 2767 870 2831 αὐτοὺς
904 2767 1206 2833 ἐδίδασκεν,
1240 2768 1333 2821 καὶ
1366 2763 1512 2837 εἶχον
1538 2754 1539 2757 η
1566 2765 1739 2837 χαρὰν
1760 2764 1854 2817 ἐπὶ

262 2857 437 2912 τοῦτο
463 2859 732 2930 μεγάλην.
789 2858 1122 2928 Ἐγίνωσκον
1170 2856 1281 2929 γὰρ
1311 2859 1393 2912 ὅτι
1424 2860 1579 2912 πονεί
1624 2858 1653 2910 6
1679 2856 1861 2927 γέρων

238 2934 342 3005 ’δι’
371 2949 593 3014 αὐτοὺς,
620 2949 718 3003 καὶ
746 2948 1225 3021 ὲπληροφοροῦντο
1258 2948 1314 3015 ἐξ
1353 2946 1534 3002 αὐτῶν
1560 2946 1677 3006 ,τῶν
1714 2963 1861 3017 πρα-

238 3032 523 3111 γμάτων.
555 3040 666 3094 Καὶ
689 3040 797 3113 γὰρ
824 3041 932 3113 πρὸ
962 3040 1143 3112 πάσης
1167 3041 1438 3109 αἰτήσεως
1456 3040 1521 3093 ἐκ
1543 3036 1677 3093 Θεοῦ
1703 3038 1860 3091 τοῦτο

218 3124 239 3157 ί
263 3110 383 3203 πρὸ
421 3131 643 3185 πάντων
671 3110 1058 3201 αἰτησαμένων
1092 3110 1444 3200 ἀμφοτέρων,
1479 3129 1573 3184 τοῦ
1618 3129 1719 3200 μὲν
1754 3129 1859 3182 Συ-

264 3222 447 3295 μεὼν,
478 3223 568 3276 ἴνα
595 3222 922 3294 παρακληθῇ
969 3224 1003 3294 ή
1048 3221 1248 3292 καρδία
1274 3222 1375 3293 τῆς
1424 3221 1633 3294 μητρὸς
1665 3221 1854 3285 αὐτοῦ,

234 3298 369 3370 ’καὶ
389 3315 782 3387 πληροφορηθῇ
808 3332 823 3346 θ
847 3315 942 3369 τοῦ
967 3314 1024 3368 δὲ
1054 3314 1327 3379 Ἰωάννου,
1363 3315 1451 3368 ἵνα
1479 3314 1855 3386 προσλάϐηται

1946 2396 1953 2405 ’
2032 2395 2126 2451 22.
2179 2395 2235 2451 lu
2289 2413 2484 2453 somno
2525 2400 2687 2454 etiam
2727 2401 2979 2471 apparuit
3018 2400 3123 2456 illis
3150 2400 3409 2458 dominus
3445 2399 3544 2456 Ni-

1961 2499 2103 2549 con;
2158 2501 2306 2541 nunc
2350 2501 2446 2542 eos
2493 2489 2792 2553 instruens,
2838 2504 2988 2543 nunc
3028 2505 3127 2558 pro
3178 2490 3312 2560 ipsis
3357 2506 3540 2546 orans.

1946 2572 2267 2643 Aliquando
2314 2575 2479 2629 etiam
2523 2590 2620 2631 eos
2662 2577 2891 2632 docebat
2942 2578 3215 2647 psalmos;
3266 2585 3548 2649 etexper-

1960 2664 2092 2718 recti
2144 2665 2408 2719 memoria
2447 2667 2728 2731 tenebant,
2766 2666 3029 2737 quidquid
3082 2668 3139 2721 in
3187 2684 3381 2723 somno
3423 2670 3545 2724 illos

1958 2754 2239 2811 docuerat.
2272 2755 2332 2810 Id
2362 2757 2507 2826 quod
2536 2772 2731 2828 magno
2765 2759 2846 2813 eis
2886 2740 3085 2829 gaudio
3130 2759 3254 2815 fuit.
3286 2759 3550 2815 Sciebant

1965 2846 2116 2901 enim
2165 2861 2355 2902 senem
2409 2847 2654 2917 ipsorum
2706 2864 2871 2904 causa
2918 2850 3190 2913 laborare,
3234 2851 3303 2906 de
3340 2866 3448 2921 quo
3478 2865 3548 2904 ex
3624 2836 3627 2839 ’

1961 2938 2129 2993 rebus
2162 2938 2298 3010 ipsis
2323 2939 2526 2994 ﬁebant
2551 2940 2838 2995 certiores.
2864 2938 2931 2994 Et
2972 2955 3104 2994 vero
3143 2956 3267 2996 cum
3292 2957 3404 3011 pra:
3425 2957 3547 2995 om-

1960 3031 2123 3087 nibus
2162 3039 2376 3101 peteret
2406 3041 2637 3103 uterque
2678 3048 2708 3086 a
2753 3032 2885 3096 Deo,
2916 3032 3151 3108 Symeon
3200 3034 3440 3102 quidem,
3488 3041 3548 3087 ut

1959 3137 2056 3178 cor
2108 3123 2302 3178 matris
2348 3124 2542 3179 solatio
2609 3132 2951 3178 recrearetur
2990 3132 3045 3178 et
3092 3124 3544 3188 confirmaretur;

1958 3213 2200 3271 Joannes
2226 3206 2433 3281 autem,
2462 3224 2524 3269 ut
2550 3214 2694 3270 Deus
2719 3215 3006 3287 coniugem
3036 3230 3187 3269 suam
3218 3215 3546 3285 susciperet,

1960 3315 2015 3361 et
2048 3307 2288 3361 dolorem
2331 3321 2363 3362 e
2407 3308 2752 3377 separatione
2789 3306 2909 3377 ejus
2952 3314 3134 3361 ortum
3164 3322 3229 3360 ex
3252 3307 3433 3361 animo
3464 3307 3551 3361 fu-

258 3408 300 3460 ὀ
327 3407 460 3470 Θεὸς
487 3404 587 3478 τὴν
613 3405 780 3459 αὐτοῦ
812 3405 1062 3475 σύμϐιον,
1096 3406 1235 3475 πρὸς
1267 3405 1326 3458 τὸ
1371 3406 1718 3476 ἀποκοπῆναι
1756 3406 1856 3475 τὴν

1960 3402 2146 3464 garet;
2179 3405 2471 3464 utrumque
2492 3396 2765 3451 exaudivit
2801 3397 2966 3460 Deus,
2997 3397 3089 3466 qui
3115 3397 3270 3461 dixit,
3291 3413 3348 3451 se
3371 3397 3549 3452 factu-

263 3498 464 3567 σχέσιν
491 3497 663 3568 αὐτῆς
696 3498 803 3551 ἀπὸ
847 3497 947 3567 τῆς
996 3498 1202 3560 ἑννοίας
1237 3496 1424 3561 αὐτοῦ,
1476 3498 1797 3567 είσήκουσεν
1830 3497 1859 3548 6

258 3590 410 3653 Θεὸς
441 3589 788 3661 ἀμφοτέρων,
835 3587 865 3640 6
892 3586 1065 3642 εἰπὼν
1113 3586 1328 3659 θέλημα
1363 3586 1473 3641 τῶν
1506 3585 1857 3656 φοϐουμένων

258 3682 438 3737 αὑτὸν
471 3681 712 3751 ποιῆσαι.
746 3681 856 3736 Kal
880 3680 974 3734 δύο
1002 3678 1140 3733 ἐτῶν
1172 3678 1584 3751 παρελθόντων,
1620 3676 1859 3747 ἐπληροο

259 3773 488 3846 φορήθη
515 3774 545 3826 6
599 3773 761 3844 κῦρις
803 3770 1033 3844 Συμεὼν
1069 3773 1137 3826 ὲκ
1166 3769 1326 3837 Θεοῦ,
1361 3770 1445 3825 ὅτι
1470 3768 1676 3833 ἀλυπὸς
1710 3771 1858 3821 ἐστιν

258 3867 303 3937 ἡ
333 3867 522 3937 μήτηρ
549 3863 715 3919 αὐτοῦ
765 3865 894 3936 περὶ
928 3863 1119 3927 αὐτοῦ,
1169 3861 1265 3916 xal.
1305 3863 1389 3916 ὅτι
1436 3860 1687 3929 φαίνεται
1720 3858 1857 3930 αὐτῇ

261 3956 416 4009 κατὰ
432 3954 625 4020 νύκτα,
650 3953 747 4008 καὶ
777 3951 1181 4024 παραμυθεῖται
1202 3951 1393 4016 αὐτὴν,
1417 3950 1511 4003 καὶ
1543 3948 1691 4017 λέγει
1720 3948 1856 4018 αὐτῇ

259 4048 336 4118 τῇ
370 4043 560 4116 Σύρων
612 4044 913 4114 ειαλὲκτῳ·
954 4043 1222 4114 Λαδέχρε,
1277 4040 1460 4112 λιχὲμ,
1490 4040 1519 4093 ὃ
1560 4041 1728 4106 ἐστιν,
1765 4036 1857 4103 Μὴ

261 4137 467 4202 λυποῦ,
506 4136 704 4209 μῆτερ
756 4137 852 4189 καὶ
902 4134 1014 4205 γὰρ
1039 4132 1224 4195 καλῶς
1271 4134 1438 4202 ὲσμεν
1477 4128 1654 4199 κάγὼ,
1706 4130 1800 4183 καὶ
1826 4130 1857 4181 6

262 4228 432 4299 κῦρις
465 4226 746 4294 Ἰωάννης,
779 4225 875 4277 καὶ
907 4222 1248 4292 ὑγιαίνομεν,
1289 4219 1386 4275 καὶ
1414 4218 1858 4290 ὲστρατεύθημεν

261 4323 351 4386 εἰς
402 4319 464 4372 τὸ
491 4318 748 4371 παλάτιον
777 4315 872 4370 τοῦ
926 4314 1228 4386 βασιλέως,
1273 4312 1368 4367 καὶ
1406 4312 1516 4367 ἰδοὺ
1558 4311 1857 4380 στεφάνους

263 4410 572 4482 φοροῦμεν,
611 4407 705 4472 οὒς
730 4407 991 4477 ἀνέδησεν
1012 4407 1158 4477 una;
1186 4407 1215 4460 6
1247 4404 1521 4477 βασιλεὺς,
1544 4404 1639 4458 καὶ
1666 4402 1860 4465 στολὰς

260 4503 592 4575 εὐπρεπεῖς.
631 4499 796 4553 Ἀλλά
822 4497 1225 4570 παραμύθησαι
1269 4497 1362 4550 καὶ
1394 4497 1521 4560 τοὺς
1562 4497 1739 4564 γονεῖς
1763 4493 1858 4547 τοῦ

260 4590 504 4661 ἀδελφοῦ
527 4590 799 4652 Ἰωάννου,
821 4589 904 4641 ὅτι
929 4587 1047 4657 μετ’
1072 4585 1209 4655 ἐμοῦ
1237 4585 1385 4638 ἐστιν
1406 4581 1852 4653 ἐστρατευμένος.

274 4684 446 4739 Ἀλλὰ
478 4683 645 4754 μηδὲν
683 4678 987 4753 λυπηθῆτε.
1040 4679 1151 4732 Kal.
1194 4681 1223 4731 6
1278 4677 1451 4740 ἀϐϐἄς
1510 4675 1567 4729 δὲ
1600 4674 1856 4743 Ἰωάννης

1964 3500 2086 3539 rum
2138 3487 2477 3541 voluntatem
2533 3487 2847 3542 timentium
2909 3502 2989 3541 se.
3046 3486 3113 3541 Et
3169 3489 3282 3557 jam
3332 3488 3549 3544 duobus

1963 3574 2168 3629 exactis
2214 3573 2392 3639 annis,
2435 3575 2691 3631 dominus
2736 3575 2973 3646 Symeon
3005 3578 3206 3631 certior
3244 3595 3275 3633 a
3324 3578 3434 3634 Deo
3465 3589 3549 3635 est

1962 3663 2160 3730 factus,
2200 3665 2346 3735 quod
2384 3673 2561 3720 mater
2610 3682 2709 3723 sua
2762 3682 2925 3722 causa
2962 3682 3073 3722 non
3102 3668 3352 3734 doleret;
3397 3672 3547 3739 quod

1961 3764 2128 3810 noctu
2151 3755 2203 3810 ei
2226 3762 2538 3826 appareret,
2573 3764 2629 3812 et
2657 3756 2833 3826 ipsam
2864 3757 3263 3823 consolaretur,
3298 3771 3352 3814 et
3384 3761 3549 3815 dice-

1961 3854 2045 3901 ret
2076 3845 2297 3918 Syriaco
2323 3860 2578 3903 sermone
2604 3866 2619 3902 :
2663 3848 2966 3911 Ladecbre,
2995 3847 3241 3904 Licbem.
3277 3850 3388 3906 lloc
3410 3859 3495 3906 est
3529 3872 3542 3907 :

1958 3934 2039 3993 Ne
2063 3937 2207 4009 luge,
2243 3946 2448 4004 mater;
2497 3940 2707 3995 etenim
2753 3940 2895 3996 belle
2950 3940 3217 3996 habemus
3253 3952 3309 3996 et
3345 3958 3446 4013 ego
3491 3954 3548 3998 et

1936 4024 2129 4084 frater
2149 4029 2407 4095 Joannes,
2439 4039 2497 4086 et
2525 4031 2786 4096 valemus,
2820 4042 2876 4087 et
2908 4032 3118 4087 militiae
3157 4048 3359 4087 nomen
3388 4033 3547 4087 dedi-

1961 4136 2084 4176 mus
2117 4123 2173 4176 in
2216 4122 2419 4193 palatio
2461 4123 2627 4195 regis,
2677 4131 2733 4177 et
2780 4138 2930 4185 ecce,
2962 4138 3193 4179 coronas
3225 4133 3501 4194 gestamus
3526 4166 3541 4188 ,

1960 4210 2161 4279 quibus
2187 4225 2284 4265 rex
2314 4225 2416 4265 nos
2450 4211 2651 4274 induit,
2692 4218 2749 4265 et
2794 4220 2972 4266 vestes
2998 4210 3292 4282 elegantes.
3327 4213 3399 4267 At
3447 4229 3545 4283 pa-

1959 4311 2143 4358 rentes
2187 4300 2299 4373 ('26)
2332 4318 2549 4373 quoque
2583 4303 2871 4358 consolare
2913 4303 3098 4359 fratris
3130 4299 3379 4369 Joannis,
3416 4306 3546 4375 quia

1962 4408 2176 4448 mecum
2231 4409 2340 4449 una
2385 4394 2602 4449 militat.
2652 4392 2983 4466 Neutiquam
3042 4411 3173 4467 ergo
3224 4396 3424 4467 lugete.
3481 4396 3548 4451 Et

1957 4478 2200 4534 Joannes
2236 4495 2455 4551 quoque
2490 4482 2777 4551 conspexit
2808 4483 3067 4553 aliquem,
3091 4481 3338 4537 candidis
3376 4484 3546 4537 vesti-

1963 4571 2066 4626 bus
2106 4571 2378 4636 indutum,
2408 4572 2502 4640 qui
2543 4571 2800 4628 dicebat:
2840 4573 2981 4628 Ecce
3029 4583 3240 4643 patrem
3267 4581 3420 4627 tuum
3446 4574 3546 4629 do-

1962 4662 2077 4717 lore
2105 4662 2374 4729 liberavi;
2418 4663 2709 4735 conjugem
2730 4678 2864 4719 vero
2895 4674 3041 4718 tuam
3097 4679 3129 4718 e
3173 4664 3314 4720 vivis
3354 4664 3541 4721 tollam
3575 4673 3579 4677 '

259 4773 414 4832 εἶδεν
444 4777 527 4829 ὅτι
561 4773 712 4843 λέγει
743 4770 893 4842 αὑτῷ
922 4786 1007 4833 τις
1037 4766 1408 4838 λευχειμονῶν
1431 4783 1444 4797 ·
1468 4764 1603 4818 Ἰδοὺ
1632 4763 1724 4816 τὸν
1760 4763 1856 4832 μὲν

1965 4755 2303 4826 propediem.

260 4869 488 4938 πατέρα
521 4884 614 4919 σου
647 4864 854 4920 ἄλυπον
883 4862 1141 4932 ἐποίησα,
1185 4859 1284 4933 τὴν
1313 4859 1371 4913 δὲ
1406 4855 1638 4926 γυναῖκά
1666 4872 1760 4908 σου
1801 4857 1860 4908 ὲν

256 4961 497 5024 ταύταις
525 4956 1043 5030 προσλαμϐάνομαι.

341 5059 450 5122 κγ’.
494 5048 867 5121 Ἐξηγήσαντο
886 5044 980 5100 οῦν
1004 5042 1256 5114 ἀλλήλοις
1283 5042 1319 5096 ἃ
1346 5040 1658 5111 ἐθεώρησαν
1681 5039 1861 5110 ἀμφό-

255 5160 447 5217 τεροι,
476 5142 575 5197 καὶ
591 5141 890 5213 ἐχάρησαν,
920 5136 1016 5191 καὶ
1053 5134 1334 5206 εὐφράνθη
1364 5132 1544 5186 αὐτῶν
1575 5132 1610 5202 ἡ
1639 5130 1858 5200 καρδία.

257 5239 386 5292 Καὶ
419 5234 556 5297 τέως
586 5233 652 5285 ὲκ
676 5229 771 5284 τοῦ
794 5224 1059 5302 λογισμοῦ
1088 5223 1198 5279 τῶν
1221 5225 1427 5293 γονέων
1448 5223 1631 5277 αὐτῶν
1657 5222 1859 5285 εὐθέως

257 5304 559 5396 ἐκούφισεν
591 5323 790 5385 αὐτοὺς
820 5321 848 5373 6
878 5298 1032 5382 Θεὸς.
1068 5317 1179 5372 Kal.
1217 5317 1410 5370 λοιπὸν
1446 5318 1504 5368 ὲν
1532 5315 1718 5368 ἀνέσει
1750 5314 1854 5366 ὑπ-

237 5423 443 5491 ,ῆρχον
471 5416 605 5488 μηδὲ
633 5415 768 5477 ὅλως
793 5411 1122 5482 λυπούμενοι
1157 5426 1223 5462 πε
1233 5409 1289 5479 pl
1327 5407 1529 5461 αὐτῶν.
1556 5406 1695 5459 Ἀλλ’
1718 5406 1853 5458 ἀπό·

260 5531 378 5576 νως
415 5510 512 5566 καὶ
546 5509 755 5570 ἀόκνως
780 5505 872 5559 τὸν
919 5504 1019 5573 τῆς
1066 5502 1353 5584 ἀσκήσεως
1390 5498 1489 5552 καὶ
1522 5497 1749 5568 ἡσυχίας
1778 5496 1858 5550 δι-

2032 5047 2124 5102 23.
2165 5045 2366 5116 Igitur,
2409 5059 2531 5117 quae
2583 5045 2818 5116 quisque
2872 5041 3275 5111 contemplatus
3342 5039 3541 5105 fuerat,

1962 5138 2099 5191 alter
2140 5137 2294 5209 alteri
2342 5136 2639 5202 narrabat;
2670 5143 2728 5191 et
2759 5133 3091 5205 gaudebant,
3136 5141 3194 5187 et
3219 5144 3318 5185 cor
3343 5146 3538 5186 eorum

1962 5228 2329 5281 exhilaratum
2358 5236 2462 5281 est.
2493 5225 2561 5280 Et
2591 5235 2720 5281 tunc
2741 5233 3031 5295 parentum
3062 5238 3191 5278 cura
3231 5220 3415 5276 statim
3461 5221 3542 5276 le-

1942 5317 2114 5391 _vavit
2155 5316 2274 5370 illos
2310 5314 2495 5382 Deus;
2541 5324 2619 5385 et,
2645 5316 2998 5386 imposterum
3043 5328 3165 5367 eam
3211 5311 3543 5375 omiserunt,

1966 5409 2103 5461 nihil
2128 5422 2354 5477 prorsus
2377 5407 2446 5460 de
2473 5407 2607 5476 ipsis
2627 5407 2878 5462 dolentes
2904 5423 2919 5473 ;
2952 5405 3049 5459 sed
3074 5404 3193 5459 sine
3219 5403 3466 5481 molestia
3490 5411 3544 5461 et

1965 5500 2218 5571 segnitia,
2256 5499 2669 5555 exercitationis
2720 5506 2774 5553 et
2816 5497 3021 5554 silentii
3064 5490 3287 5552 cursum
3322 5506 3548 5564 perage-

1796 5613 2024 5671 ΝΟΤᾸΕ.

237 5759 257 5767 -
344 5725 457 5794 (26)
488 5721 765 5791 lnterpres
804 5715 948 5785 apud
986 5671 1444 5794 dSuripmlegitiu
1472 5707 1855 5794 numeros—iu:-

262 5775 453 5869 gulari
492 5775 805 5864 parentem,
842 5775 1235 5839 'conl‘ormiter
1275 5775 1342 5834 a'd
1379 5794 1465 5836 ea.
1523 5792 1645 5847 quae
1684 5792 1851 5846 supra

1967 5721 2090 5775 cap.
2114 5707 2176 5779 Δ1,
2218 5705 2311 5761 ubi
2352 5701 2892 5779 narratur_J0annes.
2914 5702 3101 5779 fuisse
3123 5702 3396 5779 ἀμήτωρ..
3432 5693 3544 5779 Nsi

1964 5772 2059 5844 per
2080 5777 2139 5828 τὸ
2179 5783 2459 5846 parentes,
2489 5775 2578 5829 hic
2609 5772 2850 5837 fortasse
2880 5772 3264 5847 significentur
3290 5772 3475 5824 amici.
