3976 6422
441 368 580 432 1699

1463 351 1774 416 LEONTII
1815 340 2320 409 NEAPOLITANI
2362 345 2701 405 EPlSCOPI

3577 336 3710 401 1700

443 475 575 532 bant
594 472 854 530 continuo
869 511 887 535 ,
909 468 1103 524 diebus
1125 481 1193 523 ac
1218 465 1501 522 noctibus:
1524 480 1623 519 seu
1645 463 1826 532 potius
1846 468 2044 512 temac-

2144 457 2339 509 ετέλουν
2364 458 2561 526 δρόμον
2591 456 2677 509 διὰ
2708 454 2925 517 «avt-6;,
2956 449 3169 521 ἡμέρας
3193 448 3289 503 καὶ
3316 449 3536 511 νυκτὸς,
3562 448 3613 500 εί
3643 449 3715 519 μὴ

439 570 808 634 'tionem.qua:
837 577 945 616 non
978 560 1335 622 distrahebat,
1359 567 1415 613 et
1436 554 1883 616 sollicitudinem,
1904 566 2026 619 quae

446 657 669 710 minime
703 652 1053 714 sollicitabat,
1090 649 1321 704 assiduae
1373 646 1676 711 orationis;
1712 644 1837 715 quia
1871 641 2029 710 impi-

447 746 529 816 gri
583 742 818 813 Operarii
879 749 990 794 tam
1044 736 1430 808 compendiose
1505 736 1896 806 proficiebant,
1967 740 2030 786 ut

448 832 644 901 exiguo
672 840 916 896 tempore
965 826 1214 881 honorati
1244 825 1450 879 fuerint
1476 823 1676 877 divinis
1701 821 2025 884 visionibus,

335 920 346 932 '
447 930 503 975 et
547 919 825 973 miraculis
859 916 1189 971 conﬁrmati.
1223 915 1357 969 Nam
1380 928 1565 984 .parvo
1607 921 1728 981 post
1756 920 2026 979 tempore,

449 1012 579 1066 dum
630 1019 857 1079 uterque
891 1008 1105 1062 silentio
1133 1016 1370 1071 vacaret,
1421 1005 1578 1074 quasi
1611 1004 1677 1057 ad
1721 1002 1916 1073 lapidis
1947 1004 2035 1071 ja-

449 1110 596 1153 ctum
631 1114 663 1151 a
689 1113 747 1152 se
776 1106 965 1151 mutuo
993 1094 1335 1168 [distabant].
1382 1095 1489 1149 Sed
1532 1094 1677 1148 enim
1725 1094 1829 1148 hoc
1866 1092 2030 1146 etiam

452 1189 553 1242 sibi
597 1188 1085 1257 praescripserant;
1144 1188 1249 1241 hoc
1302 1196 1386 1240 est
1452 1184 1679 1240 seorsim
1749 1184 2029 1249 secedere,

450 1281 670 1350 quando
723 1279 862 1333 alter
914 1279 1226 1348 singulatim
1271 1278 1338 1331 ab
1368 1277 1540 1330 altero
1588 1275 1803 1329 volebat
1833 1289 2031 1339 orare;

451 1380 531 1433 ut,
578 1371 623 1425 si
668 1371 971 1424 inciderent
1014 1370 1113 1438 ipsi
1163 1367 1541 1438 cogitationes,
1584 1374 1677 1420 aut
1704 1365 2033 1435 negligentia

391 1488 397 1507 τ
450 1462 761 1530 obreperet,
810 1461 879 1514 ad
932 1460 1162 1512 alterum
1213 1458 1520 1524 accederet,
1577 1466 1633 1511 et
1671 1457 1833 1511 ambo
1873 1457 2036 1511 simul

396 1600 399 1605 .
455 1553 625 1605 Deum
653 1552 988 1614 invocarent,
1024 1560 1092 1616 _ut
1124 1564 1154 1602 a
1185 1550 1486 1604 tentatione
1519 1549 1906 1603 liberarentur.
1941 1549 2037 1602 Die

387 1629 397 1649 ⁵
452 1644 689 1714 quodam
718 1656 842 1695 cum
891 1639 1123 1710 Symeon
1172 1641 1294 1694 loco
1338 1640 1445 1694 sibi
1497 1648 1759 1694 consueto
1798 1639 2035 1702 sederet,

453 1733 607 1787 videt
630 1746 689 1786 se
716 1729 777 1784 in'
796 1733 991 1786 ecstasi
1014 1732 1180 1785 veluti
1203 1732 1397 1785 adesse
1427 1731 1570 1799 apud
1593 1739 1822 1784 matrem
1852 1744 2031 1795 suam,

455 1830 808 1892 aegrotantem
831 1821 1051 1875 Edessa:
1084 1821 1180 1891 (ibi
1212 1821 1357 1874 enim
1385 1820 1548 1889 erat),
1583 1828 1640 1875 et
1672 1821 1808 1875 dicit
1840 1824 1891 1875 ei
1927 1822 2033 1875 lin-

460 1925 562 1981 gua
597 1909 813 1979 Syriaca
847 1927 860 1962 :
894 1909 1000 1973 Qui
1035 1909 1205 1974 vales,
1238 1910 1453 1962 mater?
1486 1908 1551 1962 Et
1575 1925 1697 1964 cum
1737 1911 1828 1965 illa
1880 1913 2031 1966 dice-

459 2011 579 2055 ret:
614 2002 803 2066 Recte,
836 2001 933 2065 fili,
963 2001 1051 2055 ille
1084 2016 1302 2055 rursum
1332 2015 1347 2054 :
1387 1999 1550 2066 Vade,
1585 2002 1683 2067 ait,
1727 2002 1795 2056 ad
1830 2017 2034 2073 regem,

458 2107 529 2145 Le
551 2102 732 2145 metue
766 2107 779 2144 :
814 2106 940 2145 nam
980 2091 1162 2161 rogavi
1193 2091 1366 2156 illum,
1399 2100 1454 2145 et
1484 2091 1687 2145 bonum
1729 2091 1826 2146 tibi
1857 2092 2038 2149 locum

460 2183 805 2254 praeparavit,
830 2191 905 2251 et,
942 2182 1032 2237 ubi
1059 2183 1312 2247 voluerit,
1336 2191 1391 2236 te
1417 2197 1616 2252 sequar
1638 2182 1784 2237 illuc.

530 2363 624 2416 2i.
663 2360 743 2416 Ad
770 2375 830 2415 se
857 2376 1130 2428 reversus,
1180 2360 1450 2417 intellexit
1495 2376 1557 2416 ea
1590 2363 1707 2432 ipsa
1743 2364 1880 2420 hora
1925 2379 2041 2421 ma-

462 2465 603 2506 trem
654 2467 685 2506 e
731 2451 870 2506 vivis
908 2454 1234 2516 excessisse,
1276 2460 1332 2507 et
1382 2453 1656 2508 curriculo
1703 2468 1934 2512 currens
1970 2457 2040 2513 ad

462 2545 686 2600 fratrem
714 2543 1007 2609 Joannem,
1031 2543 1168 2598 dixit
1199 2559 1212 2596 :
1249 2542 1445 2615 Surge,
1478 2544 1722 2610 domine,
1741 2547 2043 2603 orabimus.

465 2639 714 2707 Cumque
751 2637 840 2690 ille
869 2636 1183 2691 turbaretur
1223 2633 1594 2705 (existimabat
1633 2637 1780 2690 enim
1809 2637 2047 2707 aliquam

464 2716 823 2782 tentationem
869 2726 1133 2781 accidisse
1165 2724 1418 2797 Symeoni
1442 2727 1486 2795 ),
1521 2726 1656 2780 dicit
1682 2726 1733 2780 ei
1767 2726 2002 2799 Symeon
2030 2746 2045 2782 :

465 2817 586 2873 Noli
641 2818 872 2883 turbari,
925 2817 1128 2882 frater;
1183 2817 1320 2871 nihil
1359 2817 1506 2871 enim
1560 2817 1686 2870 mali
1724 2817 1918 2884 habeo,
1957 2835 2053 2888 per

466 2907 661 2961 Deum.
702 2905 802 2962 Cui
852 2905 1139 2960 Joannes:
1178 2904 1245 2959 Et
1291 2920 1414 2975 quae
1456 2920 1623 2961 causa
1666 2905 1791 2959 talis
1832 2922 2049 2972 cursus,

2126 548 2216 601 τὸν
2246 548 2657 614 ἀπερίσπαστον
2719 546 3066 613 πειρασμὺν,
3108 543 3204 593 καὶ
3255 540 3357 611 τὴν
3411 541 3720 610 ἀμέριμνον

2131 636 2425 705 μέριμναν,
2455 634 2601 702 λέγω
2636 634 2703 702 δὴ
2742 635 2843 703 τῆς
2891 629 3239 684 ἀδιαλείπτου
3273 630 3614 699 προσευχῆς,
3646 627 3719 680 δι’

2126 720 2194 796 ἦς
2221 724 2316 777 καὶ
2343 724 2429 776 διὰ
2461 723 2751 791 συντομίας
2783 720 3098 789 προέκοψαν
3134 720 3184 772 οῑ
3224 718 3413 772 ἄοκνοι
3459 718 3720 785 ἐργάται,

2129 816 2271 869 ὥστε
2295 814 2412 887 [δι’]
2439 815 2493 866 ἐν
2526 814 2729 882 ὀλίγοις
2747 812 2959 883 χρόνοις
2994 811 3291 880 ἀξιωθῆναι
3316 809 3521 872 αὐτοὺς
3561 806 3726 863 θείων

2129 908 2393 977 ἑράσεων,
2428 905 2523 957 καὶ
2561 903 2945 974 πληφφοριῶν
2992 902 3088 953 καὶ
3134 899 3456 967 θαυμάτων.
3503 897 3727 964 Μικροῦ

2130 1001 2239 1071 γάρ
2267 999 2463 1070 χρόνου
2486 996 2880 1066 παρελθόντος,
2930 995 3026 1047 καὶ
3052 993 3383 1063 ἀμφοτέρων
3418 989 3733 1060 ἡσυχαζόν-

2132 1107 2263 1151 των,
2297 1089 2374 1151 ὡς
2415 1087 2523 1140 ἀπὸ
2564 1086 2717 1138 λίθου
2738 1085 2900 1155 βολῆς
2939 1081 3211 1152 ἀλλήλων.
3253 1077 3440 1133 Ἦσαν
3485 1081 3601 1147 γάρ
3631 1077 3731 1129 καὶ

2132 1183 2289 1234 τοῦτο
2317 1179 2529 1239 ἑαυτοῖς
2555 1173 3019 1237 διατυπώσαντες,
3063 1173 3211 1225 τοῦτ’
3250 1171 3366 1223 ἔστι
3399 1169 3465 1224 τὸ
3507 1170 3735 1237 ἀναχω-

2138 1276 2251 1345 ρεῖν
2282 1269 2403 1324 κατ’
2433 1268 2588 1332 ίδίαν,
2615 1268 2702 1319 ὅτε
2734 1264 2983 1335 βούλεται
3012 1266 3041 1316 6
3067 1262 3259 1325 καθεὶς
3281 1262 3341 1329 ἐξ
3369 1259 3552 1313 αὐτῶν
3586 1257 3736 1311 κατά

2138 1368 2305 1438 μόνας
2334 1364 2620 1432 εὖξασθαι.
2670 1360 2865 1413 Ἢνίκα
2891 1359 2947 1411 δέ
2988 1358 3220 1411 ἔλθωσιν
3276 1355 3429 1426 αὐτῷ
3468 1352 3737 1421 λογισμοὶ

2136 1457 2170 1528 ἢ
2199 1456 2419 1526 άκηδία,
2446 1452 2701 1523 ἔρχεσθαι
2724 1452 2888 1505 αὐτον
2914 1451 3052 1519 πρὸς
3076 1449 3170 1501 τὸν
3190 1448 3381 1517 ἕτερον
3410 1446 3509 1499 καὶ
3529 1443 3736 1506 κοινῶς

2135 1549 2227 1600 τὸν
2271 1547 2403 1599 θεὸν
2459 1543 2805 1614 παρακαλεῖν
2843 1539 2937 1593 τοῦ
2968 1539 3356 1607 ἀπαλλαγῆναι
3380 1534 3480 1587 τοῦ
3528 1549 3735 1602 πειρα-

2138 1635 2302 1706 σμοῦ.
2341 1635 2433 1688 Ἑν
2466 1634 2566 1705 μιᾷ
2586 1627 2679 1686 οὖν
2707 1630 2817 1684 τῶν
2848 1628 3074 1701 ἡμερῶν
3097 1626 3412 1696 καθήμενος
3439 1626 3469 1676 6
3497 1621 3737 1691 Συμεὼν

2140 1731 2197 1782 ἐν
2225 1727 2302 1798 τῷ
2324 1725 2618 1796 είθισμένῳ
2648 1721 2800 1790 αὐτῷ
2822 1720 2991 1790 τόπῳ,
3014 1718 3214 1787 θεωρεῖ
3235 1716 3428 1770 ἑαυτὸν
3448 1716 3510 1767 ἐν
3531 1712 3737 1767 ἐκστά-

2138 1833 2242 1880 σει,
2257 1814 2446 1885 ὥσπερ
2458 1815 2714 1885 παρεῖναι
2728 1809 2862 1881 πρὸς
2879 1808 2975 1878 τὴν
2992 1805 3188 1861 ἐαυτοῦ
3226 1805 3441 1875 μητέρα
3471 1800 3739 1855 ἀσθενοῦ-

2137 1925 2237 1962 σαν
2255 1902 2515 1976 ἐνἘδέσῂ
2533 1902 2766 1973 (ἐκεῖθεν
2786 1902 2894 1970 γὰρ
2917 1894 3030 1969 ἦν),
3053 1897 3151 1951 καὶ
3168 1896 3321 1964 λέγει
3343 1896 3483 1964 αὐτῇ
3502 1895 3572 1963 τῇ
3585 1891 3741 1960 Σύρᾳ

2138 1998 2320 2066 φωνῇ·
2360 1993 2483 2055 Πῶς
2511 1990 2678 2061 ἅχεις,
2716 1989 2924 2059 μῆτερ;
2956 1985 3069 2056 Τῆς
3097 1984 3155 2036 δὲ
3184 1981 3471 2051 εἰπούσης,
3512 1979 3742 2045 Καλῶς,

2138 2087 2350 2151 τέκνον,
2383 2081 2532 2148 λέγει
2555 2079 2694 2149 αὐτῇ
2733 2077 2923 2131 πάλιν
2945 2075 3168 2142 ’Ὕπαγε
3197 2073 3335 2143 πρὸς
3353 2074 3449 2124 τὸν
3485 2071 3740 2141 βασιλέα,

2147 2178 2224 2250 μὴ
2270 2172 2537 2242 φοϐηθῇς,
2571 2169 2655 2222 ὃτι
2681 2164 3034 2237 παρεκάλεσα
3070 2161 3260 2226 αὐτὸν,
3311 2159 3410 2213 καὶ
3436 2158 3743 2230 ἠτοίμασέν

2145 2285 2228 2322 σοι
2263 2262 2430 2317 καλὸν
2458 2259 2648 2325 τόπον,
2667 2257 2763 2311 καὶ
2793 2255 2883 2308 ὅτε
2908 2252 3181 2323 βούλεται,
3217 2250 3410 2318 φθάνω
3438 2266 3500 2302 σε
3529 2250 3671 2303 ἐκεῖ.

2224 2359 2321 2414 κδ’.
2354 2356 2448 2419 El;
2475 2352 2666 2408 ἐαυτὸν
2698 2351 2755 2405 δὲ
2785 2347 2980 2415 ἐλθὼν,
3014 2347 3155 2416 ἐγνω
3186 2347 3254 2415 τῇ
3301 2344 3444 2414 αὐτῇ
3487 2343 3611 2414 ὥρᾳ
3653 2359 3746 2396 τερ

2142 2427 2402 2518 λευτῆσαι
2424 2444 2523 2515 τὴν
2538 2442 2764 2514 μητέρα
2786 2439 2974 2505 αὐτοῦ,
3007 2439 3101 2491 καὶ
3131 2436 3377 2508 δρομέως
3399 2434 3575 2488 ἐλθὼν
3601 2435 3740 2504 πρὸς

2140 2542 2232 2595 τὸν
2262 2536 2491 2606 ἀδελφὸν
2521 2535 2799 2605 Ἰωάννην,
2830 2530 2980 2598 λέγει
3012 2527 3163 2597 αύτῷ
3187 2544 3201 2557 ·
3248 2528 3489 2580 Ἀνάστα
3513 2566 3530 2588 ,
3587 2524 3737 2596 κῦρι,

2144 2634 2443 2702 ποιήσομεν
2470 2628 2659 2697 εὐχήν.
2689 2623 2797 2677 Τοῦ
2842 2624 2899 2676 δὲ
2940 2619 3309 2693 ταραχθέντος
3375 2619 3580 2689 (ἐδόκει
3631 2617 3739 2687 γὰρ

2146 2720 2451 2792 πειρασμόν
2491 2734 2613 2769 τινα
2638 2715 2915 2784 συμϐῆναι
2962 2711 3043 2782 τῷ
3069 2709 3344 2780 Συμεὼν),
3389 2708 3546 2777 λέγει
3591 2706 3740 2776 αὐτῷ

2148 2810 2402 2882 Συμεών
2431 2808 2613 2878 Μηδὲν
2640 2805 2944 2877 ταραχθῇς,
2975 2802 3195 2871 ἀδελφέ’
3242 2801 3366 2854 οὐδὲ
3396 2800 3511 2870 γὰρ
3553 2798 3663 2868 ἔχω
3687 2797 3744 2853 τί

2157 2918 2288 2956 ποτε
2322 2899 2494 2954 κακὸν
2533 2898 2622 2951 διὰ
2667 2897 2760 2950 τοῦ
2798 2895 2959 2949 Θεοῦ.
2991 2894 3162 2947 Πάλιν
3210 2888 3303 2946 οὖν
3343 2891 3498 2958 λέγει
3526 2888 3678 2959 αὐτῷ
3717 2892 3745 2942 6

467 2995 631 3050 Pater
660 2994 935 3066 Symeon?
965 2994 1122 3065 (Nam
1166 2993 1415 3063 impense
1452 2995 1838 3060 venerabatur,
1870 3006 1925 3050 et
1956 3011 2044 3050 co-

2171 2989 2425 3061 Ἰωάννης
2446 3003 2477 3033 ἰ
2497 2987 2607 3039 Καὶ
2628 2984 2712 3046 τίς
2740 2986 2775 3053 ἡ
2799 2983 2947 3036 αἰτία
2978 2980 3075 3034 τοῦ
3096 2979 3356 3032 τοσούτου
3388 2992 3486 3028 σου
3518 2976 3745 3045 δρόμου,

2367 3081 2404 3085 _
2535 3076 2546 3085 .
2876 3074 2887 3085 .
2969 3074 2982 3085 .
3034 3072 3045 3085 .
3229 3070 3243 3085 ι
3298 3071 3311 3085 .
3372 3066 3425 3085 ,ρ
3468 3083 3513 3085 μ
3572 3066 3723 3085 _._.,,

469 3088 617 3146 lebat
645 3091 733 3145 ille
758 3088 1113 3161 Symeonem,
1134 3089 1278 3143 sicut
1305 3087 1542 3159 Symeon
1574 3088 2057 3160 Joannem.)Tunc

471 3180 646 3234 oculis
688 3179 818 3233 ﬂetu
856 3178 1114 3248 perfusis,
1144 3187 1200 3232 et
1232 3193 1564 3248 gemmarum
1610 3179 1782 3234 instar
1807 3180 2056 3249 lacrymis

476 3273 533 3325 in
556 3280 749 3342 pectus
773 3271 896 3340 ejus
917 3271 1210 3324 decurrere
1237 3269 1646 3338 incipientibus,
1664 3271 1797 3325 dicit
1819 3269 2053 3325 Joanni:

473 3359 591 3416 Jam
626 3361 823 3415 bonam
859 3375 1036 3414 meam
1062 3368 1118 3413 et
1145 3359 1490 3413 benedictam
1518 3368 1747 3415 matrem
1792 3362 2091 3415 Dominus‘

473 3452 541 3506 ad
574 3466 633 3506 se
664 3459 844 3505 vocat.
876 3448 943 3504 Et
971 3448 1230 3503 narrabat
1256 3448 1307 3501 ei
1348 3449 1643 3513 visionem,
1675 3465 1742 3504 ac
1779 3448 1937 3505 ﬂexis
1964 3465 2057 3522 ge-

473 3544 639 3599 nibus
667 3541 894 3597 orabant
922 3560 935 3595 :
976 3541 1409 3610 audiebaturque
1445 3539 1682 3612 Symeon
1712 3542 1882 3596 Deum
1908 3558 2058 3597 com-

473 3637 681 3706 pellare
706 3650 833 3689 vere
873 3633 1281 3689 miserabilibus
1320 3644 1375 3689 et
1410 3633 1749 3703 supplicibus
1789 3634 2059 3689 sermoni-

475 3728 578 3782 bus
602 3727 748 3795 (nam
770 3725 1255 3780 commovebantur
1277 3733 1332 3779 et
1361 3724 1829 3779 conturbabantnr
1849 3725 2057 3781 viscera

473 3819 614 3887 ejus,
649 3817 849 3871 affectu
902 3816 1139 3870 naturali
1185 3823 1456 3870 commota
1486 3822 1524 3886 ),
1556 3824 1612 3870 et
1662 3815 1931 3869 clamabat
1964 3833 1978 3869 :
2013 3815 2058 3871 Ο

478 3907 641 3966 Dens.
679 3906 771 3976 qui
809 3904 1136 3960 sacriﬁcium
1199 3903 1433 3958 Abrahae
1474 3901 1804 3972 suscepisti;
1848 3903 1940 3971 qui
1990 3902 2059 3957 ad

472 3993 683 4065 Jephtze
717 3995 996 4049 victimam
1024 3992 1314 4064 respexisti
1339 4010 1354 4059 ;
1381 3994 1472 4062 qui
1505 3993 1651 4048 dona
1683 3991 1868 4047 Abelis
1899 4007 2060 4047 aver-

474 4096 624 4142 satus
657 4102 768 4141 non
800 4084 949 4141 fuisti
975 4101 990 4151 ;
1019 4085 1111 4155 qui
1140 4100 1238 4154 per
1271 4084 1583 4138 Samuelem
1607 4097 1839 4152 puerum
1881 4093 2057 4148 tuum,

472 4174 688 4229 Annam
708 4174 1105 4245 prophetissam
1138 4187 1260 4228 esse
1282 4172 1616 4237 ostendisti;
1648 4180 1708 4226 tu
1755 4171 1923 4238 idem,
1958 4172 2061 4226 Do-

2159 3082 2341 3152 Πάτερ
2367 3076 2627 3148 Συμεὼν;
2658 3075 2804 3127 Πάνυ
2829 3074 2940 3144 γὰρ
2966 3072 3131 3140 ἐτίμα
3157 3070 3252 3124 καὶ
3295 3066 3524 3121 ἐσέϐετο
3564 3066 3747 3132 αὑτὸν,

2156 3175 2344 3243 ὥσπερ
2363 3173 2635 3231 κάκεῖνος,
2655 3167 2791 3219 Τότε
2810 3163 3218 3233 περιχυθέντων
3234 3158 3401 3214 αὐτοῦ
3422 3157 3537 3211 τῶν
3551 3156 3748 3226 ὀφθαλ-

2161 3264 2277 3335 μῶν
2299 3261 2407 3314 ἀπὸ
2435 3260 2544 3312 τῶν
2573 3257 2848 3328 δακρύων,
2879 3255 2974 3306 καὶ
3018 3251 3349 3323 ἀρξαμένων
3376 3247 3749 3335 κατέρχεσθαι

2158 3354 2346 3424 ὥσπερ
2373 3349 2729 3421 μαργαριτῶν
2763 3348 2855 3398 ἐπὶ
2884 3345 2946 3398 τὸ
2977 3343 3174 3411 στῆθος
3199 3340 3390 3406 αὑτοῦ,
3411 3339 3566 3405 λέγει
3589 3339 3751 3400 αὐτὸς

2156 3441 2234 3511 τῷ
2263 3442 2509 3509 Ἰωάννῃ·
2542 3440 2704 3506 ’Ἄρτι
2743 3436 2843 3497 τὴν
2881 3432 3053 3502 καλήν
3083 3447 3185 3502 μου
3223 3427 3443 3499 μητέρα
3467 3427 3569 3481 καὶ
3596 3427 3750 3480 εὐλο-

2157 3533 2407 3602 γημένην
2432 3535 2460 3583 6
2490 3530 2696 3599 Κύριος
2738 3524 3244 3597 προσλαμϐάνεται.
3280 3521 3393 3573 Καὶ
3441 3519 3751 3588 ἐξηγήσατο

2157 3622 2309 3691 αὐτῷ
2332 3622 2429 3692 τὴν
2452 3618 2743 3682 ὀπτασίαν,
2769 3616 2866 3669 καὶ
2891 3614 3194 3667 κλινάντων
3217 3611 3399 3664 αὐτῶν
3429 3610 3501 3663 τὰ
3529 3610 3752 3677 γόνατα,

2136 3715 2411 3786 ηὔχοντο.
2446 3712 2554 3764 Καὶ
2583 3706 2652 3780 ἦν
2677 3706 2912 3761 ἀκοῦσαι
2941 3703 3037 3758 τοῦ
3073 3702 3303 3774 Συμεὼν
3327 3701 3588 3770 λέγοντος
3615 3699 3754 3769 πρὸς

2160 3807 2249 3859 τὸν
2299 3804 2435 3856 Θεὸν
2473 3802 2740 3863 ἐλεεινοὺς
2788 3798 2957 3860 ὅντως
3005 3796 3102 3850 καὶ
3148 3794 3607 3865 παρακλητικοὺς
3663 3791 3753 3842 λό-

2159 3910 2312 3966 γουςο
2334 3893 2765 3962 συνεστρέφοντο
2783 3891 2892 3959 γὰρ
2911 3889 3007 3942 καὶ
3023 3886 3443 3958 διεταράσσοντο
3457 3884 3529 3937 τὰ
3548 3881 3756 3947 σπλάγ-

2161 4004 2263 4060 χνα
2289 3983 2457 4039 αὑτοῦ
2495 3984 2604 4037 ὑπὸ
2631 3983 2731 4052 τῆς
2756 3981 2974 4051 φύσεως
3007 3978 3329 4044 κινούμενα,
3358 3977 3456 4029 καὶ
3487 3975 3651 4028 ἐϐόαο
3697 3973 3754 4025 '0

2161 4084 2315 4148 Θεὸς,
2341 4083 2370 4135 6
2390 4081 2490 4149 τὴν
2510 4079 2703 4132 θυσίαν
2731 4078 2827 4131 τοῦ
2844 4077 3097 4145 Ἀϐραὰμ
3123 4074 3445 4144 δεξάμενος,
3471 4073 3500 4123 6
3526 4073 3629 4141 τὴν
3649 4072 3758 4122 ὁλο-

2160 4174 2434 4229 καύτωσιν
2464 4169 2677 4239 Ἰεφθάε
2730 4168 3057 4236 ἐπιὸλὲψας,
3090 4168 3118 4219 6
3150 4172 3220 4219 τα
3258 4165 3412 4235 δῶρα
3453 4164 3553 4217 τοῦ
3590 4163 3755 4214 Ἅϐελ

472 4266 643 4329 mine,
678 4266 752 4319 mi
788 4264 1036 4330 Domine,
1069 4273 1292 4334 propter
1337 4278 1426 4317 me
1474 4277 1693 4316 servum
1740 4269 1915 4328 tuum,
1943 4277 2044 4317 sus

2166 4261 2241 4332 μὴ
2270 4257 2663 4331 βδελυξάμενος
2685 4297 2700 4321 ,
2735 4260 2763 4310 6
2796 4258 2884 4310 διὰ
2935 4258 3028 4309 τὸν
3054 4252 3312 4324 Σαμουὴλ
3339 4256 3433 4305 τὸν
3467 4252 3634 4306 παῖδά
3666 4268 3756 4303 σου

472 4355 596 4424 cipe
625 4354 876 4422 spiritum
898 4354 1057 4408 bona:
1074 4354 1266 4407 matris
1293 4367 1451 4406 meae.
1486 4350 1779 4417 Memento,
1807 4350 2044 4416 Domine,

2161 4352 2260 4423 τὴν
2287 4351 2489 4404 Ἀνναν
2518 4346 2824 4420 προφήτιδα
2862 4344 3170 4409 ἀναδείξας,
3202 4342 3389 4404 αὐτὸς,
3425 4342 3602 4411 Κύριέ
3633 4358 3757 4408 μου,

475 4444 721 4499 laborum
749 4458 813 4497 ac
842 4442 1221 4497 molestiarum
1267 4443 1405 4511 ejus,
1433 4458 1557 4512 quae
1581 4457 1702 4496 mea
1725 4457 1889 4497 causa
1935 4459 2044 4513 per-

2163 4443 2360 4513 Κύριε,
2397 4440 2465 4493 δι’
2501 4440 2603 4510 ἐμὲ
2641 4440 2734 4490 τὸν
2774 4437 2959 4490 δοῦλόν
2992 4453 3085 4488 σου
3116 4431 3410 4505 πρόσδεξαι
3440 4432 3547 4502 τὴν
3583 4431 3759 4501 ψυχὴν

474 4535 620 4590 tulit.
662 4534 957 4600 Memento,
996 4534 1247 4597 Domine,
1299 4534 1665 4603 lacrymarum
1705 4534 1848 4602 ejus,
1879 4544 1937 4589 et
1968 4550 2044 4605 ge-

2159 4535 2262 4602 τῆς
2287 4532 2458 4602 καλῆς
2492 4548 2595 4600 μου
2616 4530 2843 4600 μητρός.
2880 4525 3193 4596 Μνήσθητι,
3222 4523 3416 4594 Κύριε,
3449 4524 3641 4576 κόπων
3666 4525 3732 4577 αὐ

473 4626 731 4689 mituum,
763 4640 883 4694 quae
908 4624 1108 4692 emisit,
1136 4625 1356 4695 quando
1395 4626 1584 4679 reliCta
1615 4625 1703 4679 illa
1745 4626 1965 4697 Coniugi
1995 4643 2044 4681 at

2158 4624 2260 4692 τῆς
2287 4624 2382 4676 καὶ
2407 4619 2518 4674 τῶν
2544 4621 2780 4690 μόχθων,
2797 4612 2871 4672 ὧν
2899 4619 2979 4680 είς
3006 4616 3108 4685 ἐμὲ
3132 4616 3445 4667 ἐκοπίασεν
3464 4614 3757 4684 μνήσθητι,

408 4752 410 4755 τ
476 4725 552 4771 te.
574 4715 867 4781 Memento,
912 4716 1164 4781 Domine,
1197 4717 1453 4778 uberum,
1483 4716 1688 4785 quibus
1716 4732 1806 4771 me
1840 4717 2044 4772 lactavi1

2161 4714 2355 4783 Κύριε,
2386 4710 2500 4763 τῶν
2531 4708 2807 4779 δακρύων,
2843 4706 3017 4776 αὐτῆς
3041 4706 3135 4757 καὶ
3163 4703 3273 4757 τῶν
3301 4703 3654 4773 στεναγμῶν,
3690 4697 3763 4755 ὢν

473 4804 660 4871 vilem,
694 4814 755 4859 ut
793 4805 1055 4873 gauderet
1089 4806 1379 4874 juventute
1427 4821 1584 4869 mea,
1635 4813 1692 4859 et
1734 4806 1918 4875 gavisa
1948 4820 2044 4858 nor

2161 4802 2394 4871 ἐξέχεεν,
2408 4802 2499 4854 ὅτε
2519 4800 2654 4870 πρὸς
2673 4799 2731 4851 σέ
2750 4798 2808 4863 ἐξ
2823 4796 2994 4865 αὐτῆς
3010 4792 3553 4864 ἐφυγον.Μνήσθητι,
3569 4794 3763 4863 Κύριε,

474 4894 599 4950 fuit.
633 4894 711 4949 Ne
740 4894 1086 4960 obliviscere,
1118 4899 1267 4965 quod
1292 4911 1364 4950 ne
1391 4895 1479 4949 vel
1502 4897 1570 4951 ad
1594 4896 1787 4949 horam
1818 4910 2040 4965 separar

2158 4894 2267 4945 τῶν
2291 4891 2499 4963 μαζῶν,
2514 4886 2589 4944 ὧν
2618 4889 2885 4959 ἐθήλασεν
2905 4891 3005 4959 ἐμὲ
3021 4891 3111 4943 τὸν
3128 4889 3405 4955 ταπεινὸν,
3426 4888 3518 4941 ἵνα
3530 4888 3764 4942 ἀπολαύ-

475 5001 506 5039 a
525 5000 614 5039 me
643 4985 904 5055 potuerit,
930 4993 987 5040 et
1013 4994 1264 5055 separata
1286 4985 1454 5039 fuerit
1477 5001 1505 5038 a
1525 4999 1614 5039 me
1645 4992 1761 5039 toto
1793 4992 2038 5054 tempore

2161 5001 2230 5056 σῃ
2243 4985 2341 5055 τῆς
2363 4984 2506 5054 ἐμῆς
2518 4983 2791 5053 νεότητος,
2810 4983 2903 5034 καὶ
2916 4983 3016 5035 οὐκ
3037 4981 3368 5037 ἀπέλαυσεν.
3389 4981 3485 5052 Μὴ
3504 4982 3762 5052 ἐπιλάϐῃ,

476 5079 803 5142 Recordare,
841 5078 1090 5143 Domine,
1120 5078 1212 5147 qui
1260 5078 1446 5132 omnia
1483 5077 1617 5141 scis,
1647 5077 1815 5147 quod,
1843 5077 2044 5146 quandi

2162 5077 2433 5140 Δέσποτα,
2454 5079 2535 5129 ὅτι
2557 5075 2678 5128 οὐδὲ
2702 5075 2836 5144 πρὸς
2855 5073 3006 5142 ὥραν
3029 5074 3367 5145 χωρισθῆναι
3392 5091 3499 5144 μου
3520 5073 3763 5132 ἐδύνατο,

474 5170 533 5223 in
576 5185 663 5225 me
703 5171 979 5225 oblectare
1009 5184 1071 5224 se
1125 5169 1361 5234 volebat,
1399 5178 1530 5223 tunc
1556 5183 1644 5222 me
1686 5169 1739 5222 ei
1772 5168 2044 5223 subtraxe‘

2166 5166 2262 5218 καὶ
2287 5166 2563 5235 ἐχωρίσθη
2584 5182 2687 5236 μου
2714 5165 2836 5217 ὅλον
2860 5166 2951 5216 τὸν
2978 5164 3193 5234 χρόνον.
3223 5166 3646 5235 Μνημόνευσον,
3672 5164 3763 5215 Δέ-

475 5258 583 5313 rim
613 5259 725 5330 (27)
749 5270 979 5329 prapter
1004 5272 1208 5312 nomen
1238 5268 1412 5312 tuum.
1440 5256 1518 5311 Ne
1542 5257 1891 5318 obliviscere,
1911 5258 2044 5326 justt

2169 5275 2363 5323 σποτα,
2382 5262 2409 5311 6
2428 5260 2605 5312 πάντα
2620 5258 3124 5328 ἐπιστάμενος,ὃτι,
3148 5259 3238 5312 ὅτε
3256 5257 3514 5312 ἐϐούλετο
3529 5260 3765 5329 χαρῆναι

478 5349 644 5410 Deus,
675 5347 1083 5404 dilacerationis
1112 5348 1385 5402 viscerum
1424 5347 1564 5417 ejus,
1594 5362 1757 5416 quam
1796 5347 2044 5400 sustinuil

2167 5352 2247 5411 εἰς
2261 5349 2506 5418 ἐμὲ,τότε
2526 5349 2664 5420 αὐτῇ
2678 5348 2869 5400 ἐαυτὸν
2884 5347 2973 5401 διὰ
2988 5347 3046 5401 τὸ
3063 5346 3235 5418 όνομά
3249 5363 3344 5400 σου
3362 5349 3486 5399 ἐστέ
3494 5364 3661 5417 ρησα.
3678 5346 3765 5415 Μὴ

480 5439 574 5494 illo
606 5440 715 5505 die,
750 5455 858 5509 quo
884 5441 953 5495 ad
979 5449 1035 5494 te
1068 5438 1314 5507 confugi.

2169 5437 2428 5510 ἐπιλάϐῃ,
2455 5438 2652 5502 δίκαιε,
2684 5437 2796 5490 τῶν
2828 5437 3268 5508 διασπαραγμῶν
3296 5438 3406 5490 τῶν
3434 5437 3764 5505 σπλάγχνων

2084 5588 2099 5598 λ
2166 5531 2361 5600 αὐτῆς,
2389 5523 2464 5584 ὧν
2495 5515 2618 5600 ἔσχε
2650 5533 2717 5601 τῇ
2749 5530 2953 5601 ἡμέρᾳ,
2982 5530 3070 5583 ὅτε
3104 5529 3242 5601 πρὸς
3268 5529 3330 5581 σὲ
3353 5529 3688 5598 κατέφυγον.

2011 5622 2245 5679 NOTAE.

555 5710 670 5776 (Ξῖ)
707 5706 872 5766 Juxta
916 5728 1235 5769 communes
1288 5716 1471 5785 probae
1511 5727 1797 5787 syntaxeos
1834 5715 2002 5787 leges,
2039 5737 2044 5763 l

2144 5714 2332 5769 andtnn
2365 5723 2524 5769 erat:
2557 5714 2679 5768 τότε
2729 5714 2904 5787 αὐτὴν
2959 5713 3198 5785 ἐμαυτοῦ
3231 5714 3315 5769 διὰ
3354 5717 3416 5768 τὸ
3455 5713 3632 5785 ὄνομά
3669 5730 3760 5767 σου
