3976 6404
296 368 424 435 ιῑοι

1589 370 1765 435 ΥΙΤᾹ
1794 373 1855 432 S.
1893 372 2299 440 SYMEONIS.

3416 386 3557 450 i702

360 487 454 534 κε’.
490 478 805 544 Γινώσκεις,
861 480 1069 553 Κύριε,
1114 484 1289 552 πύσην
1335 483 1571 537 ἀῦπνίαν
1600 485 1868 551 ἐκτήσατο

2042 484 2131 538 25.
2176 484 2347 549 Nosti,
2405 487 2654 556 Domine,
2706 498 2972 561 quantum
3017 493 3259 565 vigilarit
3301 499 3557 552 noctibus

286 572 427 627 κατὰ
458 573 640 624 πᾶσαν
675 569 845 624 νύκτα
881 574 1300 642 μνημονεύουσα
1325 574 1582 644 τῆςὲμῆς
1598 573 1869 643 νεότητος,

284 663 435 728 ἐξότε
503 662 675 732 αὐτὴν
726 662 1109 728 ἐγκατέλιπον.
1155 664 1228 717 Σὺ
1262 662 1433 728 οἶδας,
1476 665 1747 729 Δέσποτα,
1775 664 1873 716 πό-

287 771 384 817 σας
422 754 625 817 νύκτας
671 754 933 822 ἐποίησεν
979 755 1205 818 ἇῦπνος,
1272 754 1513 826 ζητοῦσα
1546 756 1608 808 τὸ
1649 770 1871 822 συγκοι-

288 847 540 918 μώμενον
565 848 702 917 αὐτῇ
734 846 1028 916 πρόϐατον.
1069 847 1164 919 Μὴ
1206 848 1461 920 ἐπιλάϐῃ,
1492 847 1865 919 φιλάνθρωπε,

286 934 397 1001 οἷος
420 939 580 1001 πόνος
613 940 780 1008 αὐτῆς
827 941 1072 1010 περιεῖχε
1115 940 1214 1008 τὴν
1257 940 1506 1010 καρδίαν,
1546 940 1635 993 ὅτε
1665 938 1736 992 τὰ
1761 938 1871 1009 ἐμὰ

288 1032 481 1102 ἱμάτια
514 1030 792 1101 θεωροῦσα
824 1032 1111 1102 ἐστήσατο,
1145 1030 1234 1084 διὰ
1286 1032 1348 1085 τὸ
1386 1031 1584 1102 μηκέτι
1613 1028 1749 1085 εἶναι
1778 1028 1870 1082 τὸν

288 1122 635 1194 μαργαρίτην
689 1123 858 1192 αὐτῆς
889 1124 979 1175 τὸν
1025 1121 1198 1176 ταῦτα
1229 1123 1602 1193 ὲνδυνόμενον.
1636 1124 1869 1195 Μνημο-

281 1230 497 1280 νευσον,
530 1213 797 1279 Δέσποτα,
831 1214 912 1267 ὅτι
955 1214 1054 1283 τήν
1078 1213 1139 1278 ἐξ
1185 1214 1322 1284 ἐμοῦ
1371 1214 1744 1285 παραμυθίαν,
1774 1216 1869 1269 καὶ

283 1305 478 1377 χαρὰν,
496 1305 590 1359 καὶ
622 1304 943 1373 ἀγαλλίασιν
969 1304 1242 1375 ἐστέρησα
1264 1305 1434 1377 αὐτὴν
1471 1305 1605 1376 (28),
1663 1306 1751 1361 ἵνα
1784 1323 1868 1361 σοι

282 1394 361 1465 τῷ
384 1394 505 1466 ἐμῷ
525 1392 620 1447 καὶ
637 1394 807 1463 αὐτῆς
836 1393 955 1463 Θεῷ
969 1395 1062 1447 καὶ
1078 1396 1324 1467 Δεσπότῃ
1352 1396 1459 1449 τῶν
1475 1398 1728 1451 ἁπάντων
1748 1398 1868 1451 δου-

280 1485 481 1538 λεύσω.
514 1485 614 1549 Δὸς
668 1486 804 1556 αὐτῇ
853 1486 1118 1553 ἀγγέλους
1160 1486 1529 1552 διασώζοντας
1566 1488 1738 1559 αὐτῆς
1768 1489 1868 1559 τὴν

278 1576 459 1648 ψυχὴν
494 1579 556 1629 ἐκ
601 1576 710 1630 τῶν
769 1578 1099 1647 πνευμάτων
1154 1578 1251 1632 καὶ
1300 1578 1506 1650 Θηρίων
1556 1581 1653 1633 τοῦ
1706 1582 1869 1653 ἀέρος

280 1669 474 1722 τούτου
508 1668 617 1721 τῶν
651 1668 905 1740 πονηρῶν
931 1670 1029 1723 καὶ
1071 1670 1477 1741 ἀνελεημόνων,
1522 1674 1631 1725 τῶν
1652 1674 1868 1743 ἐπιχει-

1971 574 2222 643 singulis,
2259 578 2315 629 in
2343 580 2663 633 memoriam
2698 597 2964 637 revocans
2982 583 3327 652 juventutem
3356 603 3554 649 meam,

1971 680 2037 719 ex
2070 683 2179 736 quo
2211 668 2383 738 ipsam
2413 671 2702 741 dereliqui.
2722 671 2893 736 Nosti,
2922 675 3173 741 Domine,
3201 688 3334 747 quot
3365 690 3557 735 noctes

1972 756 2189 813 duxerit
2217 759 2515 827 insomnes,
2547 778 2800 833 quaerens
2836 780 3018 831 ovem,
3051 782 3174 837 qua:
3206 784 3389 825 secum
3424 774 3557 826 dor-

1970 847 2198 902 miebat.
2254 850 2334 906 Ne
2388 853 2732 921 obliviscere,
2787 856 3023 929 benigne
3089 859 3254 925 Deus,
3317 873 3555 931 quantus

1969 937 2125 992 dolor
2151 955 2249 994 eor
2291 942 2410 1012 ejus
2463 947 2777 1017 pupugerit,
2803 951 3019 1018 quando
3046 950 3100 1005 in
3130 952 3366 1007 vestium
3409 970 3556 1008 mea-

1970 1045 2091 1082 rum
2153 1034 2612 1103 contemplatione
2661 1037 2837 1093 deﬁxa
2886 1040 3066 1107 haesit,
3119 1042 3248 1111 quia
3301 1045 3553 1113 nuspiam

1969 1135 2089 1180 erat
2108 1130 2397 1197 margarita
2425 1130 2564 1199 ejus,
2596 1132 2748 1187 hisee
2773 1134 2926 1188 indui
2950 1144 3232 1192 consueta.
3256 1136 3552 1209 Memento.

1973 1215 2220 1280 Domine,
2269 1218 2416 1287 quod
2458 1221 2629 1290 ipsam
2673 1224 2892 1292 solatio,
2946 1228 3167 1296 gaudio,
3207 1238 3262 1282 et
3309 1231 3555 1284 exsulta-

1966 1305 2135 1371 tione,
2168 1323 2289 1377 quze
2345 1324 2411 1363 ex
2467 1326 2556 1366 me
2602 1315 2875 1381 sperabat,
2921 1318 3270 1385 privaverim,
3316 1329 3379 1373 ut
3429 1320 3551 1384 tibi,

1968 1405 2023 1450 et
2059 1412 2203 1463 meo,
2241 1407 2298 1453 et
2324 1399 2498 1470 ipsius
2528 1402 2638 1456 Deo
2666 1419 2730 1459 ac
2755 1405 2987 1462 Domino
3016 1409 3396 1465 universorum
3424 1427 3546 1466 ser—

1968 1487 2162 1542 virem.
2188 1488 2263 1543 Da
2296 1491 2344 1546 ei
2368 1493 2613 1562 angelos,
2641 1495 2733 1565 qui
2777 1497 3014 1553 animam
3068 1500 3240 1569 ipsius
3265 1513 3487 1559 servent
3521 1521 3552 1558 a

1968 1580 2251 1650 spiritibus
2299 1593 2357 1639 et
2407 1585 2542 1640 feris
2588 1588 2843 1659 malignis
2877 1592 3039 1646 aeriae
3089 1594 3255 1662 hujus
3291 1597 3551 1666 regionis,

1967 1690 2088 1744 quae
2120 1676 2238 1731 sine
2263 1677 2641 1737 misericordia
2670 1694 2943 1739 conantur
2975 1686 3240 1743 devorare
3265 1697 3557 1745 transeun-

286 1759 524 1827 ρούντων
553 1762 841 1812 καταπιεῖν
871 1759 1080 1823 πάντας
1120 1762 1248 1825 τοὺς
1274 1763 1343 1815 δι’
1375 1762 1558 1815 αὐτῶν
1588 1779 1866 1834 παρερχο-

1974 1772 2074 1817 tes.
2114 1765 2361 1830 Domine,
2392 1766 2645 1836 Domine,
2676 1773 2867 1826 emitte
2914 1775 3170 1831 custodes
3219 1777 3408 1842 fortes,
3462 1780 3555 1848 qui

283 1849 498 1916 μένους.
520 1850 938 1915 Ἐξαπὸστειλον
960 1851 1121 1923 αὐτῇ,
1146 1852 1345 1923 Κύριε,
1388 1852 1561 1924 Κύριε
1578 1893 1593 1918 ,
1624 1853 1871 1923 φύλακας

284 1938 542 2011 ἰσχυροὺς
556 1941 927 2011 ἐπιτιμῶντας
958 1943 1117 2015 πάσῃ
1136 1944 1434 2016 ἀκαθάρτῳ
1459 1945 1708 2016 δυνάμει.
1738 1947 1872 1999 Συν-

281 2034 494 2105 αντήση
533 2034 668 2106 αὑτῇ
693 2033 787 2088 καὶ
817 2034 1041 2099 ἀλύπως
1071 2036 1166 2090 καὶ
1204 2036 1607 2102 ἀϐασανίστως.
1654 2037 1715 2091 '0
1738 2039 1872 2100 Θεός

286 2136 416 2189 μου,
432 2119 686 2175 κέλευσον
704 2121 1132 2193 διαχωρισθῆναι
1158 2126 1329 2197 αὐτῆς
1356 2126 1456 2197 τήν
1485 2126 1664 2199 ψυχὴν
1686 2130 1750 2181 ἔκ
1775 2128 1868 2181 τοῦ

284 2214 558 2283 σώματος,
589 2216 681 2269 καὶ
704 2216 757 2270 εί
790 2234 841 2271 τι
866 2217 941 2281 ὡς
965 2218 1104 2291 γυνὴ
1127 2220 1185 2272 ὲν
1206 2218 1426 2292 ἔργῳ,ἢ
1451 2221 1596 2292 λόγῳ
1618 2222 1871 2293 ἥμαρτεν

279 2303 343 2354 ἐν
370 2304 504 2373 τῷδε
543 2304 618 2375 τῷ
653 2306 772 2375 βίῳ,
806 2308 1161 2380 συγχώρησον
1210 2313 1276 2381 τῇ
1318 2310 1465 2382 ψυχῇ
1509 2312 1701 2382 αὐτῆς,
1726 2312 1868 2383 ὑπὲρ

275 2392 383 2463 τῆς
438 2394 649 2459 θυσίας,
699 2391 768 2469 ἦς
826 2399 1139 2469 ἐγέννησεν,
1175 2400 1269 2454 καὶ
1326 2402 1703 2473 προσήνεγκεν
1751 2421 1869 2470 σοι,

278 2487 550 2550 Δέσποτα,
575 2489 674 2559 ἐμὲ
701 2490 791 2543 τὸν
844 2491 1065 2555 ἀνάξιον
1103 2492 1292 2546 δοῦλόν
1331 2510 1449 2560 σου,
1495 2497 1606 2561 ναὶ,
1641 2494 1815 2566 Κύριε
1843 2498 1872 2551 6

277 2577 419 2641 Θεὸς
451 2596 576 2649 μου,
625 2580 654 2632 6
705 2581 912 2645 δίκαιος
955 2581 1150 2654 κριτὴς
1195 2585 1290 2637 καὶ⁹
1344 2585 1747 2659 φιλάνθρωπος.
1780 2589 1871 2660 Μὴ

278 2670 604 2744 εἰσενέγκῃς
649 2672 820 2744 αὐτήν
868 2672 976 2727 ἀπὸ
1034 2673 1271 2744 θλίψεως
1300 2677 1381 2740 είς
1406 2676 1607 2747 θλίψιν,
1638 2680 1732 2732 καὶ
1765 2680 1874 2733 ἀπὸ

277 2760 480 2833 ὀδύνης
509 2766 591 2827 εις
618 2761 832 2836 ὀδύνην,
866 2764 978 2818 ἀπὸ
1012 2765 1342 2837 στεναγμῶν
1398 2770 1477 2833 εἰς
1508 2773 1870 2841 στεναγμοὺς.

278 2852 402 2906 ἀλλ’
432 2856 552 2908 ἀντὶ
579 2854 780 2923 λύπης,
835 2851 902 2930 ἦς
938 2856 1187 2930 ἐλυπήθη
1216 2858 1303 2913 διὰ
1343 2860 1436 2915 τὸν
1474 2862 1739 2933 μονογενῆ
1772 2865 1873 2916 αὐ-

278 2946 409 3016 τῆς,
467 2950 547 3010 εἰς
597 2951 797 3019 χαρὰν,
853 2949 975 3002 ἀντὶ
1024 2949 1275 3021 δακρύων
1305 2952 1387 3015 είς
1429 2953 1753 3021 ἀγαλλίασιν
1774 2955 1873 3024 τὴν

280 3036 699 3107 ἡτοιμασμένην
732 3039 844 3100 τοῖς
870 3037 1046 3106 ἁγίοις
1096 3054 1212 3103 σου,
1243 3038 1273 3091 6
1318 3038 1474 3104 Θεὸς,
1504 3042 1534 3095 6
1579 3041 1711 3106 Θεό;
1745 3059 1869 3113 μου,

281 3127 369 3189 είς
390 3126 513 3187 τοὺς
544 3126 769 3190 αἰῶνας.
806 3127 1000 3198 ’Δμήν.

359 3222 475 3280 κεῖν.
505 3215 626 3270 Τῶν
656 3216 835 3270 αὐτῶν
864 3220 926 3272 ὲκ
947 3219 1047 3289 τῆς
1079 3220 1244 3292 εὐχῆς
1272 3220 1411 3292 (29),
1433 3220 1640 3294 ἤρξατο
1665 3225 1693 3277 6
1717 3223 1873 3277 ἀδελ-

281 3307 390 3376 φὸς
430 3307 683 3379 Ἰωάννης
706 3310 1152 3381 παραμυθεῖσθαι
1176 3312 1339 3366 αὐτὸν
1362 3314 1455 3366 καὶ
1475 3315 1654 3383 λέγειν
1674 3334 1688 3348 ·
1714 3315 1871 3380 Ἰδοὺ,

279 3399 485 3470 ἀδελφὲ
514 3400 762 3472 Συμεὼν,
793 3403 1244 3477 ὲπληροφόρησέν
1279 3423 1338 3459 σε
1378 3410 1406 3461 6
1440 3408 1594 3472 Θεὸς,
1632 3412 1727 3463 καὶ
1755 3414 1872 3464 εἰσ-

285 3490 528 3560 ήκουσεν
566 3490 666 3558 τῆς
699 3492 866 3561 εὐχῆς
917 3508 1035 3555 σου,
1081 3494 1174 3545 καὶ
1228 3494 1598 3564 προσελάϐετο
1638 3497 1737 3568 τὴν
1772 3499 1873 3570 σὴν

286 3581 527 3649 μητέρα.
571 3580 712 3633 Ἀλλ’
739 3582 864 3649 ἄρτι
889 3582 1261 3650 συγκοπίασόν
1299 3601 1412 3654 μοι,
1462 3588 1554 3639 καὶ
1586 3587 1873 3658 εύξώμεθα

281 3671 377 3724 διὰ
397 3670 489 3723 τὸν
517 3670 720 3740 Κύριον
745 3671 794 3723 οἱ
823 3672 1144 3742 ἀμφότεροι,
1195 3672 1284 3726 ἴνα
1339 3676 1545 3748 ποιήσῃ
1584 3678 1612 3729 6
1658 3676 1789 3741 Θεὸς
1811 3680 1873 3731 τὸ

282 3762 440 3826 ἔλεος
456 3761 643 3827 αὑτοῦ,
700 3763 795 3815 καὶ
841 3763 980 3832 μετὰ
1019 3762 1123 3833 τῆς
1167 3764 1309 3818 κατὰ
1340 3766 1693 3838 συγχώρησιν
1735 3768 1872 3823 Θεοῦ

279 3852 689 3924 ὀνομασθείσης
743 3854 1005 3922 γυναικός
1059 3871 1184 3924 μου,
1217 3855 1304 3909 ἵνα
1334 3857 1431 3911 καὶ
1472 3857 1643 3930 αὐτὴν
1681 3859 1823 3932 φέρῃ
1845 3861 1876 3915 6

282 3944 424 4008 Θεὸς
453 3946 531 4007 είς
556 3944 814 4015 λογισμὸν
839 3943 930 3997 τοῦ
974 3945 1271 4016 μοναχικοῢ
1291 3950 1594 4019 σχήματος,
1614 3948 1649 4021 ἢ
1670 3954 1874 4024 ποιήσῃ

281 4038 351 4091 τὸ
406 4036 554 4101 ἕλεος
599 4036 786 4103 αὐτοῦ,
827 4038 922 4091 καὶ
964 4036 1104 4110 λάϐῃ
1139 4039 1334 4111 αὐτήν.
1393 4040 1504 4095 Καὶ
1542 4040 1617 4105 ὡς
1639 4040 1874 4113 ηὔξαντο

283 4127 387 4181 ἐπὶ
424 4127 605 4195 ὀλίγον
661 4128 876 4198 χρόνον,
938 4130 996 4181 ἐν
1057 4130 1157 4201 μιᾷ
1197 4130 1355 4183 νυκτὶ
1386 4129 1584 4202 θεωρεῖ
1617 4134 1647 4186 6
1697 4134 1874 4199 ἀΰῦᾶς

297 4218 556 4289 Ἰωάννης
615 4217 715 4287 τὴν
774 4217 991 4288 μητέρα
1029 4216 1124 4270 τοῦ
1171 4216 1397 4288 Συμεὼν
1437 4219 1719 4285 ἐλθοῦσαν,
1777 4224 1874 4277 καὶ

283 4312 653 4382 κρατήσασαν
690 4309 790 4379 τῆς
851 4309 1036 4380 χειρὸς
1098 4310 1202 4379 τῆς
1242 4311 1502 4379 γυναικὸς
1541 4314 1732 4379 αὐτοῦ,
1777 4315 1872 4369 καὶ

1974 1851 2262 1922 inerepent
2301 1872 2518 1912 omnem
2569 1860 2838 1930 impuram
2877 1872 3227 1932 potestatem,
3284 1885 3406 1939 qua:
3462 1886 3559 1925 occ

1972 1951 2160 1997 currat
2199 1945 2247 1999 ei
2281 1945 2399 2000 sine
2446 1948 2633 2003 dolore
2659 1959 2717 2004 et
2756 1959 3051 2009 tormento.
3103 1954 3148 2012 0
3180 1958 3324 2014 Deus
3357 1965 3551 2016 meus!

1970 2032 2109 2089 Jube
2143 2037 2382 2106 separari
2408 2040 2645 2094 animam
2675 2040 2849 2112 ipsius
2867 2059 2897 2098 a
2924 2059 3174 2116 corpore,
3201 2058 3255 2104 et
3278 2050 3321 2105 si
3348 2051 3555 2121 aliquid

1972 2134 2229 2196 tanquam
2265 2127 2468 2184 femina
2500 2131 2554 2185 in
2590 2148 2758 2203 opere
2800 2137 2884 2191 vel
2921 2152 3178 2195 sermone
3223 2144 3468 2211 peccavit
3498 2144 3553 2198 in

1973 2216 2076 2270 hac
2098 2217 2230 2280 vita,
2262 2219 2509 2274 eondona
2544 2222 2739 2278 animae
2762 2224 2902 2295 ejus,
2933 2236 3159 2297 propter
3185 2229 3510 2285 sacriﬁcium
3537 2250 3553 2286 :

1972 2307 2118 2376 quod
2156 2309 2364 2380 genuit,
2396 2318 2451 2365 et
2485 2312 2604 2378 tibi,
2640 2313 2885 2380 Domine,
2915 2316 3135 2385 obtulit,
3162 2334 3250 2373 me
3271 2319 3553 2392 indignum

1974 2413 2191 2453 servum
2218 2408 2393 2482 tuum,
2428 2403 2619 2472 utique
2641 2441 2658 2468 ,
2686 2402 2915 2461 Domine
2961 2406 3107 2463 Deus
3142 2423 3319 2473 meus,
3345 2410 3439 2480 qui
3463 2411 3556 2481 ju-

1973 2500 2092 2548 stus
2116 2508 2177 2548 es
2214 2494 2382 2563 iudex
2417 2504 2473 2549 et
2509 2496 2797 2567 benignus.
2829 2495 2910 2552 Ne
2936 2498 3077 2553 illam
3105 2499 3334 2556 inducas
3362 2501 3557 2557 de‘tri-

1974 2583 2253 2639 bulatione
2278 2584 2334 2638 in
2354 2585 2791 2651 tribulationem,
2810 2586 2879 2642 de
2901 2588 3087 2642 dolore
3117 2589 3172 2642 in
3192 2589 3459 2657 dolorem,
3487 2592 3555 2645 de

1975 2676 2267 2746 gemitibus
2313 2677 2371 2731 in
2421 2677 2696 2747 gemitus;
2738 2677 2834 2732 sed
2869 2693 2898 2732 a
2927 2677 3138 2746 dolore,
3174 2695 3285 2749 quo
3331 2691 3557 2750 prepter

1975 2765 2145 2820 ﬁlium
2173 2782 2330 2821 suum
2372 2768 2715 2837 unigenitum
2760 2768 2955 2836 doluit,
2995 2769 3050 2823 in
3105 2771 3384 2841 gaudium,
3412 2787 3444 2825 e
3472 2771 3554 2824 la-

1974 2858 2173 2928 crymis
2210 2857 2263 2912 in
2307 2859 2749 2925 exsultationem,
2794 2868 3150 2929 praeparatam
3181 2863 3388 2919 sanctis
3421 2864 3553 2928 tuis,

1975 2964 2008 3003 ο
2044 2949 2205 3014 Deus,
2231 2964 2264 3005 ο
2295 2947 2441 3004 Deus
2472 2964 2648 3017 meus,
2669 2950 2726 3005 in
2757 2951 2975 3006 saecula.
3003 2950 3199 3009 Amen.

2044 3209 2135 3263 26.
2158 3209 2333 3267 Finita
2350 3213 2624 3280 oratione,
2640 3216 2811 3285 etrapit
2831 3215 3000 3272 frater
3013 3215 3257 3274 Joannes
3278 3220 3556 3275 consolari

1975 3300 2252 3372 ipsum,ae
2269 3305 2452 3361 dicere
2478 3321 2491 3358 :
2518 3306 2677 3373 Ecce,
2698 3307 2865 3363 frater
2896 3307 3154 3380 Symeon,
3189 3311 3331 3367 votis
3362 3314 3561 3367 annuit

1975 3391 2139 3457 Deus,
2165 3394 2441 3449 exaudivit
2461 3396 2766 3451 orationem
2790 3406 2958 3463 tuam,
2974 3407 3030 3452 et
3049 3408 3277 3454 matrem
3301 3411 3451 3455 tuam
3473 3418 3562 3455 as-

1974 3484 2230 3553 sumpsit.
2250 3484 2355 3539 Sed
2376 3495 2431 3539 tu
2456 3501 2605 3541 nunc
2623 3487 2827 3542 laboris
2845 3488 2898 3542 in
2916 3500 3126 3559 partem
3143 3506 3357 3546 mecum
3376 3508 3486 3555 eas.
3502 3503 3562 3547 et

1972 3588 2192 3628 oremus
2215 3613 2230 3637 ,
2264 3585 2487 3645 propter
2509 3577 2821 3644 Dominum,
2864 3580 3046 3643 ambo,
3082 3586 3141 3634 ut
3166 3582 3310 3637 Deus
3341 3598 3560 3652 quoque

1973 3662 2136 3719 faciat
2164 3665 2597 3723 misericordiam
2623 3684 2780 3723 suam
2827 3686 2951 3725 cum
3002 3671 3113 3734 illa,
3149 3688 3299 3742 qum,
3335 3674 3446 3726 Deo
3475 3675 3561 3727 in-
3598 3664 3605 3671 ’

1973 3754 2250 3826 dulgente,
2284 3771 2422 3811 uxor
2455 3772 2578 3813 mea
2609 3767 2695 3813 est
2727 3769 2943 3827 vocata,
2971 3769 3030 3815 ut
3053 3776 3173 3815 eam
3216 3777 3435 3832 quoque
3487 3757 3559 3819 aii

1973 3848 2258 3902 monastici
2290 3848 2508 3904 habitus
2532 3850 2847 3905 institutum
2884 3851 3125 3918 inducat,
3154 3862 3251 3907 aut
3276 3853 3558 3910 faciatmi-

1974 3940 2330 3996 serieordiam
2369 3957 2548 4007 suam,
2591 3951 2647 3998 et
2681 3953 2924 4000 assumat
2952 3945 3145 4015 ipsam.
3190 3944 3370 4001 Pauco
3415 3957 3558 4001 tem-

1973 4050 2104 4105 pore
2157 4035 2415 4105 precibus
2466 4036 2620 4102 dato,
2677 4045 2837 4092 nocte
2888 4038 3124 4107 quadam
3178 4038 3328 4093 videt
3389 4038 3559 4093 abbas

1971 4125 2212 4183 Joannes
2240 4135 2469 4181 matrem
2503 4126 2789 4199 Symeonis
2818 4128 3150 4187 venientem.
3179 4143 3243 4182 ac
3275 4136 3559 4184 tenentem

1972 4216 2158 4270 uxoris
2199 4216 2319 4285 ejus
2359 4230 2602 4282 manum,
2642 4224 2697 4271 et
2735 4216 3011 4272 dicentem
3050 4234 3064 4271 :
3096 4216 3324 4290 Surge,
3377 4234 3555 4282 soror,

1972 4308 2170 4362 accede
2222 4307 2448 4377 propius
2507 4307 2575 4362 ad
2630 4323 2753 4374 me;
2802 4308 2932 4378 quia
2991 4308 3277 4379 pulchram
3331 4311 3556 4366 domum

282 4405 553 4469 λέγουσαν
583 4403 744 4474 αὐτῇ·
763 4402 1017 4467 Ἀνάστα,
1044 4400 1272 4472 ἀδελφή,
1296 4401 1417 4456 ἐλθὲ
1446 4403 1614 4472 ἐγγύς
1648 4407 1870 4474 μου,ὅτι

1975 4396 2199 4451 donavit
2226 4396 2359 4450 mihi
2393 4411 2508 4462 rex,
2540 4397 2633 4467 qui
2669 4396 2839 4451 filium
2888 4413 3070 4453 meum
3117 4399 3329 4453 militia:
3362 4415 3475 4467 sua:
3502 4408 3561 4455 et

283 4494 453 4549 καλὸν
490 4491 636 4547 οἷκον
681 4493 975 4564 ἐχαρίσατό
1006 4510 1097 4564 μοι
1127 4494 1156 4546 6
1180 4493 1433 4563 βασιλεὺς
1469 4496 1498 4548 6
1538 4497 1871 4566 στρατεύσας

281 4585 382 4639 τὸν
410 4583 526 4637 υίὸν
552 4599 679 4654 μου,
700 4583 781 4647 είς
798 4581 1055 4651 δουλείαν,
1098 4582 1289 4636 αὐτοῦ.
1332 4582 1493 4636 Ἀλλὰ
1527 4582 1758 4649 ἄλλαξον
1797 4586 1869 4638 τὰ

283 4674 485 4746 ἱμάτιά
510 4691 626 4740 σου,
646 4673 742 4727 καὶ
761 4672 992 4742 φόρεσον
1016 4671 1255 4743 καθαρά.
1274 4672 1388 4726 Καὶ
1405 4674 1610 4749 ἀνέστη
1643 4674 1867 4740 εὐθέως,

283 4766 385 4820 καὶ
415 4764 780 4833 ἀκολούθησεν
808 4762 970 4833 αὐτῇ,
1002 4762 1097 4814 καὶ
1119 4761 1261 4831 ἔγνω
1286 4764 1366 4816 ὅτι
1394 4763 1752 4834 ἐτελεύτησεν
1773 4765 1871 4818 xui.

281 4858 449 4928 αὑτὴ,
472 4856 569 4910 κειιῖΙ
594 4857 676 4909 ὅτι
709 4857 763 4908 αἱ
786 4854 879 4907 δύο
903 4856 983 4916 είς
1013 4853 1178 4907 καλὸν
1206 4853 1372 4908 τόπον
1397 4855 1555 4920 εἰσὶν,
1580 4856 1675 4909 καὶ
1698 4857 1867 4927 ἐχάρη

282 4952 464 5023 χαρὰν
489 4948 729 5020 μεγάλην
790 4945 1015 5016 σφόδρα.
1061 4945 1172 4998 Καὶ
1198 4944 1273 5007 ὡς
1316 4944 1626 5000 διετέλεσαν
1655 4949 1736 5011 εἰς
1770 4948 1871 5017 τὴν

281 5046 495 5116 ἔρημον
545 5041 842 5104 ἀσκοῦντες
895 5041 952 5092 ὲν
1008 5038 1161 5110 πάσῃ
1208 5038 1463 5107 ἀσκήσει,
1492 5038 1592 5091 καὶ
1620 5056 1873 5093 κακοπα-

278 5135 429 5205 θείᾳ,
455 5132 762 5203 καλυψύχει,
790 5130 885 5184 καὶ
915 5128 1159 5183 καύσωνι
1209 5129 1307 5183 ἐπὶ
1346 5129 1522 5181 εἴκοσι
1569 5129 1727 5183 ιννέα
1751 5129 1870 5201 ἐτη,

280 5225 515 5287 πολλοὺς
535 5225 629 5276 καὶ
661 5222 901 5290 ἀφάτους
950 5219 1315 5289 πετρασμοὺς,
1360 5218 1755 5288 ὑπομείναντες
1806 5221 1872 5275 ἐκ

270 5315 380 5372 *τοῦ
425 5314 697 5379 διαϐόλου,
756 5313 852 5366 καὶ
898 5311 1086 5366 τοῦτον
1136 5311 1497 5379 νικήσαντες,
1566 5310 1802 5378 μάλιστα
1842 5314 1871 5365 6

1977 4488 2205 4544 servitio
2248 4487 2521 4557 ascripsit.
2564 4491 2634 4543 At
2672 4498 2855 4544 vestes
2881 4498 3003 4544 tuas
3027 4498 3200 4552 muta,
3229 4497 3285 4544 et
3324 4491 3560 4546 mundas

1975 4577 2162 4631 indue.
2192 4575 2260 4629 Et
2291 4575 2380 4630 illa
2430 4577 2688 4638 surrexit,
2728 4576 2928 4646 inquit,
2968 4577 3240 4646 protinus.
3268 4587 3325 4631 et
3368 4588 3558 4634 secuta

1975 4666 2149 4735 ipsam
2183 4664 2303 4718 fuit.
2335 4664 2402 4717 Et
2431 4664 2687 4733 cognovit
2709 4662 2992 4735 [Joannes]
3017 4664 3162 4733 quod
3192 4664 3308 4732 ipsa
3338 4679 3559 4734 quoque

1974 4763 2207 4809 mortem
2231 4752 2477 4818 obiisset,
2503 4760 2559 4807 et
2578 4752 2722 4821 quod
2744 4752 2921 4806 amba:
2951 4751 3005 4805 in
3033 4752 3180 4806 bono
3199 4752 3321 4807 loco
3351 4761 3556 4819 essent;

1974 4861 2032 4907 et
2052 4852 2270 4923 gavisus
2300 4849 2402 4904 fuit
2424 4848 2620 4921 gaudio
2651 4862 2848 4919 magno
2870 4846 3048 4902 valde.
3074 4846 3250 4918 Atque
3274 4848 3346 4902 ita
3375 4863 3561 4917 perse-

1974 4952 2238 4998 verarunt
2267 4942 2321 4996 in
2361 4955 2548 4996 eremo
2576 4948 2895 4993 exercentes
2922 4953 2981 4993 se
3007 4938 3062 4992 in
3089 4938 3239 4994 omni
3288 4939 3560 4993 exercita-

1975 5037 2143 5100 tione,
2175 5035 2488 5099 tolerantia,
2527 5033 2747 5103 lrigore,
2775 5040 2832 5086 et
2882 5041 3039 5095 aestu,
3072 5046 3172 5100 per
3222 5031 3415 5102 viginti
3458 5047 3561 5085 no.

1972 5146 2095 5185 vem
2141 5141 2337 5190 annos,
2367 5127 2678 5194 multasque
2719 5134 2776 5180 et
2822 5124 3231 5194 inexplicabiles
3277 5124 3560 5179 sustinue-

1975 5228 2106 5276 runt
2153 5234 2183 5272 a
2236 5217 2456 5271 diabolo
2498 5215 2848 5270 tentationes.
2908 5217 2974 5270 Et
3017 5215 3164 5270 hunc
3208 5222 3559 5282 superarunt,

1980 5311 2215 5367 maxime
2242 5323 2373 5363 vero
2406 5305 2665 5377 Symeon,
2694 5321 2794 5376 per
2819 5321 2960 5368 eam,
2996 5321 3103 5375 qua
3140 5305 3400 5375 pollebat,
3434 5304 3563 5359 vitae

1788 5450 2020 5507 NOTE.

278 5574 579 5645 ὶστέρησα.
613 5571 873 5642 Exempla
920 5570 1124 5645 passim
1178 5577 1309 5645 sunt
1345 5570 1529 5645 obvia,
1566 5579 1630 5625 ut
1683 5570 1874 5645 videre

274 5657 372 5701 est
418 5640 563 5714 apud
615 5640 933 5698 tiretserum
980 5643 1076 5696 lib.
1122 5657 1160 5696 ιι
1225 5642 1628 5696 Institutionum
1681 5640 1875 5712 linguw

278 5713 652 5795 (ἓν-ωςτὲκνρειι).
696 5713 781 5766 10.
921 5782 948 5795 η
1092 5782 1103 5793 .
1236 5782 1250 5795 .
1278 5782 1290 5795 .
1334 5744 1362 5763 λ
1514 5791 1524 5795 Δ
1603 5781 1637 5795 ,Δ
1674 5768 1679 5775 ,

354 5786 465 5854 (:23)
502 5782 736 5840 Verbum
781 5782 978 5854 στερῶ,
1020 5782 1188 5851 priva,
1236 5782 1327 5837 hic
1372 5782 1712 5838 construitur
1742 5796 1869 5838 cum

1978 5571 2197 5643 gemino
2216 5566 2515 5643 accusandi
2553 5581 2705 5628 casu.
2747 5574 2937 5621 contra
2970 5580 3131 5635 quam
3161 5563 3277 5619 fieri
3320 5579 3567 5621 commu-

1980 5640 2522 5779 n'igbi‘iitiiatuav
2546 5708 2612 5779 bc
2637 5706 2736 5779 τῆς
2760 5703 2946 5775 εὐχῆς.
2967 5702 3175 5779 Sensus
3207 5714 3291 5779 est
3316 5704 3559 5779 mutilus,

1985 5774 2093 5835 nisi
2133 5774 2492 5835 subaudiatur
2531 5774 2850 5832 ἁνεστῶτων
2872 5816 2886 5843 ,
2920 5786 3012 5831 aut
3048 5775 3177 5837 quid
3222 5774 3421 5829 simile.
