3976 6408
460 349 599 413 1703

1510 336 1825 397 LEONTII
1871 330 2384 393 NEAPOLITANI
2424 327 2543 385 ΕΡ]
2553 323 2763 385 SCOPI

3581 312 3710 379 libi

453 459 825 519 innocentiam
876 465 936 511 et
984 452 1399 524 integritatem:
1446 451 1717 505 sentiebat
1761 450 1909 503 enim
1957 463 2036 505 se,

2164 440 2373 511 Ξυμεὼν
2398 444 2461 494 ἐκ
2498 438 2598 507 τῆς
2630 433 2939 506 προσούσης
2982 429 3134 501 αὐτῷ
3163 425 3399 490 amula;
3429 424 3524 480 καὶ
3556 427 3706 478 καθα-

456 570 552 623 per
584 553 844 607 virtutem
873 546 1110 616 Spiritus
1144 544 1325 599 sancti
1363 542 1467 596 sibi
1517 540 1914 603 inbabitantis,’
1937 553 2043 605 nec

457 629 650 698 timere
680 640 949 700 dolorem,
972 650 1077 689 nec
1104 634 1294 703 frigus,
1319 646 1420 685 nec
1450 630 1669 693 famem,
1700 636 2039 689 necimstum,

457 733 550 789 sed
579 734 753 801 ipsam
786 736 998 783 natura:
1019 724 1273 777 humanae
1318 718 1693 775 conditionem
1726 728 1895 784 prope
1922 728 2044 766 esse

456 832 939 895 prattergressum.

528 996 619 1050 “2.7.
654 994 791 1050 Dicit
830 990 1029 1046 Joanni
1075 1007 1090 1044 :
1137 988 1279 1054 Quid
1322 984 1641 1056 proficimus
1666 982 2043 1051 imposterum,

463 1084 651 1147 frater,
687 1084 745 1138 in
769 1083 872 1136 hac
903 1077 1201 1134 solitudine
1233 1069 1685 1129 commorantes?
1731 1067 2046 1127 Enimvero,

461 1178 506 1231 sl
532 1192 618 1230 me
650 1174 826 1239 audis,
854 1186 1038 1242 surge,
1072 1167 1440 1229 discedamus,
1474 1164 1610 1217 alios
1649 1159 1815 1216 etiam
1848 1157 2039 1212 redda-

461 1280 585 1320 mus
619 1266 816 1319 salvos.
860 1263 959 1317 Hic
1014 1261 1182 1325 enim,
1223 1266 1584 1329 praeterquam
1632 1250 1812 1314 nobis,
1858 1264 2051 1318 prosu-

465 1371 586 1410 mus
633 1354 864 1417 nemini,
910 1364 966 1408 et
1006 1368 1037 1406 a
1067 1352 1218 1406 nullo
1262 1347 1568 1403 mercedem
1614 1342 1935 1412 accipimus.
1986 1338 2052 1393 Et

415 1512 421 1525 ;
466 1453 761 1521 incipiebat
781 1450 829 1504 ei
856 1449 1040 1504 dicere
1065 1447 1329 1502 nonnulla
1365 1439 1677 1513 hujusmodi
1698 1455 1729 1494 e
1761 1438 1932 1492 sacris
1951 1450 2051 1506 pa-

418 1552 423 1595 ;
465 1543 648 1616 ginis:
684 1561 703 1593 ι
738 1541 911 1595 Nemo
944 1539 1090 1609 quod
1139 1553 1299 1592 suum
1348 1544 1431 1589 est
1489 1540 1715 1603 quaerat,
1769 1531 1866 1585 sed
1906 1530 2051 1598 quod

409 1618 420 1640 ³
480 1629 712 1702 ρτοιιίιῐιί
738 1632 804 1685 η.
843 1648 861 1681 ι
900 1630 970 1685 Ει
1004 1629 1201 1683 iterum
1233 1644 1246 1680 :
1280 1643 1299 1678 ι
1331 1625 1599 1682 Omnibus
1642 1622 1827 1677 omnia
1878 1621 2054 1675 factus

467 1738 611 1785 sum,
648 1730 707 1776 ut
754 1735 946 1776 omnes
996 1720 1266 1774 salvarem
1326 1719 1397 1771 ³ο.
1434 1735 1454 1767 ι
1494 1716 1563 1770 Et
1604 1731 1669 1771 ex
1712 1713 2003 1783 Evangelia
2036 1731 2048 1766 :

474 1832 493 1864 ι
532 1813 624 1868 Sic
647 1814 827 1867 luceat
852 1812 944 1864 lux
967 1818 1147 1864 vestra
1174 1824 1358 1863 coram
1381 1807 1717 1871 hominibus,
1744 1814 1805 1859 ut
1833 1805 2055 1858 videant

467 1919 634 1974 opera
660 1912 841 1965 vestra
896 1902 1063 1964 bona,
1101 1909 1155 1954 et
1178 1900 1489 1970 glorificent
1524 1897 1738 1952 Patrem
1784 1906 2051 1963 vestrum,

467 1992 561 2063 qui
597 1993 653 2045 in
682 1992 833 2046 caelis
884 1998 968 2046 est
1003 1990 1046 2021 ²¹
1073 2030 1090 2055 ,
1146 2008 1165 2040 ι
1204 1997 1369 2059 atque
1417 1989 1521 2043 alia
1556 1984 1817 2059 quaedam
1866 1988 2055 2043 istius-

467 2082 639 2137 modi.
674 2083 742 2136 Et
769 2081 1107 2151 respondens
1155 2080 1410 2139 dominus
1453 2078 1711 2143 Joannes,
1739 2081 1873 2135 dicit
1903 2080 2003 2149 ipsi
2036 2096 2049 2132 :

469 2175 631 2240 Puto,
660 2173 852 2237 frater,
877 2173 1109 2227 Satanas
1137 2170 1305 2241 quieti
1340 2181 1543 2227 nostra:
1567 2171 1784 2235 invidit,
1818 2181 1871 2225 et
1914 2172 2055 2226 hanc

472 2265 570 2320 tibi
599 2264 986 2335 cogitationem
1025 2262 1231 2333 injecit.
1264 2262 1407 2329 Quin
1446 2272 1500 2318 tu
1548 2264 1733 2334 potius
1772 2278 1955 2325 mane,
2001 2270 2058 2317 et

471 2372 694 2412 cursum
727 2363 998 2420 nostrum,
1030 2370 1139 2425 quo
1169 2355 1343 2409 voc;lti
1377 2369 1568 2408 sumus
1595 2370 1625 2408 a
1666 2354 1801 2417 Deo,
1832 2354 2060 2424 implea-

473 2461 598 2502 mus
619 2447 675 2500 in
706 2447 808 2501 hac
835 2461 1042 2501 eremo.
1073 2446 1210 2500 Tum
1255 2446 1490 2517 Symeon
1518 2464 1531 2499 :
1572 2444 1767 2510 Crede;
1800 2460 1902 2514 ego
1946 2460 2058 2498 non

473 2553 693 2603 maneo,
725 2541 821 2593 sed
850 2537 1074 2593 discedo
1105 2537 1161 2591 in
1195 2537 1395 2592 virtute
1427 2536 1650 2600 Christi,
1684 2536 1950 2590 mundum
1979 2536 2061 2590 Iu-

472 2629 816 2685 diflcaturus.
832 2629 932 2685 Cui
960 2645 1175 2686 rursum
1200 2629 1370 2685 frater
1389 2629 1509 2700 ejus
1535 2648 1547 2683 :
1580 2627 1680 2698 Ne,
1700 2629 1842 2684 bone
1870 2628 2056 2695 frater,

474 2736 573 2774 oro
603 2729 657 2775 te
686 2728 912 2791 propter
944 2721 1256 2789 Dominum,
1286 2737 1353 2776 ne
1382 2738 1470 2776 me
1500 2722 1763 2776 humilem
1799 2721 2059 2789 deseras;

475 2826 656 2881 neque
685 2811 831 2866 enim
854 2826 920 2866 eo
941 2811 1158 2866 virtutis
1195 2814 1440 2882 perveni,
1468 2822 1528 2866 ut
1561 2812 1764 2882 possim
1796 2814 2060 2869 mundum

474 2897 775 2953 ludiﬁcare.
816 2899 923 2953 Sed
968 2908 1191 2969 propter
1228 2914 1378 2962 eum,
1420 2899 1510 2969 qui
1546 2915 1645 2955 nos
1694 2900 1896 2970 junxit,
1950 2903 2060 2956 noli

474 2987 717 3059 disjungi
749 3004 780 3043 a
807 2986 899 3044 tuo
933 2988 1122 3043 fratre.
1176 2987 1356 3055 Nosti,
1388 2990 1533 3059 quod
1577 3000 1701 3061 post
1752 2991 1920 3047 Deum
1950 3009 2062 3047 non

2148 535 2391 606 ρότητος.
2429 530 2721 602 ᾘσοάνετο
2780 525 2891 593 γάρ
2936 522 3130 576 ἑαυτὸν
3159 520 3251 573 διὰ
3282 519 3383 588 τῆς
3417 516 3714 588 ἐνοικούσης

2146 628 2204 677 ἐν
2232 622 2383 691 αὐτῷ
2434 619 2528 673 τοῦ
2555 618 2712 683 ἁγίου
2737 614 2876 668 Πνεύ
2886 629 3055 682 ματος
3090 611 3401 679 δυνάμεως,
3452 610 3584 679 μήτε
3615 608 3714 660 πά-

2146 718 2239 780 θος
2268 713 2625 783 φοϐούμενον,
2659 710 2796 779 μήτε
2825 704 3018 775 ψύχος,
3049 703 3083 774 ἥ
3134 705 3346 765 πεῖναν,
3378 700 3415 771 ἢ
3452 697 3714 764 καύσωνα,

2148 806 2283 859 ἀλλὰ
2308 804 2493 874 σχεδὸν
2523 802 2687 871 ὑπὲρ.
2718 797 2787 850 τὰ
2826 797 3001 866 μέτρα
3026 795 3125 863 τῆς
3150 793 3369 861 φύσεως
3394 790 3492 860 τῆς
3521 789 3720 858 ἀνθρω-

2148 901 2312 970 πίνης
2331 897 2647 965 γενόμενον.

2221 990 2324 1054 κζ’.
2357 987 2520 1056 Λέγει
2591 984 2670 1054 τῷ
2713 981 2969 1053 Ἰωάννῃο
3000 979 3068 1032 Τί
3114 976 3479 1047 ὠφελούμεθα
3521 976 3722 1037 λοιπὸν,

2152 1082 2373 1150 ἀδελφέ,
2423 1081 2482 1131 ἐν
2544 1079 2609 1147 τῇ
2663 1075 2856 1146 ἐρήμῳ
2920 1070 3097 1144 ταύτῃ
3133 1068 3541 1139 διατρίϐοντεςς
3590 1066 3723 1118 Ἀλλ’

2152 1172 2250 1224 ἐὰν
2294 1166 2536 1238 ἀκούσῃς
2601 1181 2725 1234 μου,
2781 1161 3012 1224 ἀνάστα,
3057 1157 3389 1226 ἀπέλθωμεν
3416 1196 3432 1218 ,
3473 1153 3726 1224 σώσωμεν

2154 1264 2246 1316 καὶ
2279 1261 2493 1321 ἄλλους.
2534 1249 2662 1308 Ὧδε
2682 1253 2793 1323 γὰρ
2815 1254 2864 1305 εί
2902 1250 2978 1323 μὴ
3010 1249 3241 1311 ἑαυτοὺς
3295 1246 3514 1318 μόνους,
3552 1244 3727 1315 ἕτερόν

2152 1371 2275 1406 τινα
2307 1352 2410 1404 οὐκ
2432 1346 2772 1419 ὠφελοῦμεν,
2803 1345 2898 1398 καὶ
2928 1340 3120 1413 μισθὸν
3151 1339 3468 1409 παράτινος
3499 1336 3597 1389 οὐκ
3621 1335 3731 1404 έχο-

2156 1461 2278 1514 μεν.
2302 1442 2414 1496 Kal
2443 1439 2645 1511 ἧρξατο
2668 1438 2849 1505 λέγειν
2870 1433 3044 1504 αὐτῷ,
3064 1432 3161 1484 καὶ
3183 1433 3246 1483 ἐκ
3275 1429 3375 1497 τῆς
3400 1425 3565 1495 ἁγίας
3593 1426 3727 1496 Γρα-

2156 1536 2263 1606 φῆς
2301 1551 2426 1587 τινα
2478 1529 2739 1586 τοιαῦται
2798 1546 2817 1579 ι
2844 1525 3054 1596 Μηδεὶς
3114 1522 3177 1575 τὸ
3211 1520 3428 1574 ’ἐαυτοῦ
3481 1517 3730 1589 ζητείτω,

2157 1625 2292 1680 ἀλλὰ
2334 1624 2396 1677 τὸ
2441 1622 2538 1676 τοῦ
2605 1619 2855 1691 πλησίου.
2894 1636 2913 1669 ι
2946 1616 3061 1671 Kal
3096 1613 3261 1668 πάλιν
3282 1631 3298 1644 ·
3349 1632 3370 1664 ι
3401 1612 3534 1676 Τοῖς
3578 1611 3732 1664 πᾶσιν

2114 1770 2123 1784 ._
2159 1719 2339 1772 πάντα
2400 1715 2623 1784 γέγονα,
2669 1712 2756 1764 ἴνα
2791 1709 3011 1770 πάντως
3062 1704 3218 1768 τινὰς
3261 1703 3443 1757 σώσω.
3488 1721 3511 1755 ι
3540 1698 3648 1754 Kal
3675 1702 3732 1754 ἐκ

2087 1776 2129 1835 Β
2155 1809 2252 1865 τοῦ
2307 1776 2674 1877 Εὐάγγελίου·
2714 1823 2732 1855 ι
2781 1803 2908 1856 Ὅτι
2949 1799 3125 1863 οὓτως
3174 1795 3452 1867 λαμψάτω
3502 1795 3567 1847 τὸ
3628 1794 3733 1863 φῶς

2162 1901 2315 1973 ὑμῶν
2347 1897 2657 1970 ἔμπροσθεν
2697 1894 2806 1948 τῶν
2832 1891 3156 1962 ἀνθρώπων,
3187 1891 3335 1951 ὅπως
3375 1887 3567 1940 ἴδωσιν
3592 1885 3736 1955 ὑμῶν

2158 1993 2228 2047 τὰ
2255 1991 2395 2045 καλὰ
2415 1990 2552 2061 ἔργα
2585 1988 2679 2041 καὶ
2701 1984 3000 2049 δοξάσωσιν
3047 1981 3139 2034 τὸν
3189 1979 3412 2051 Πατέρα
3441 1977 3625 2048 ὑμῶν,
3650 1976 3733 2030 τὸν

2159 2086 2219 2137 ἐν
2252 2086 2363 2146 τοῖς
2388 2082 2661 2153 οὐρανοῖς·
2692 2098 2711 2130 ι
2741 2079 2836 2130 καὶ
2863 2075 3003 2131 ἄλλα
3026 2064 3147 2128 τινὰ
3177 2072 3428 2128 τοιαῦτα.
3464 2071 3581 2124 Kal
3606 2072 3726 2124 ἀπο·

2159 2175 2370 2246 κριθεὶς
2400 2176 2427 2226 6
2466 2173 2670 2244 Κύριος
2711 2168 2989 2239 Ἰωάννης,
3050 2166 3202 2234 λέγει
3255 2163 3446 2233 αὐτῷ·
3494 2162 3731 2232 Νομίζω,

2162 2265 2378 2334 ἀδελφέ,
2408 2265 2437 2316 ὁ
2468 2262 2716 2323 Σατανᾶς
2738 2259 3039 2329 ἐφθόνησεν
3065 2255 3162 2327 τὴν
3187 2254 3418 2326 ἡσυχίαν
3449 2252 3633 2322 ἡμῶν,
3652 2252 3739 2304 καὶ

2161 2354 2431 2410 ὖπέόαλέν
2461 2370 2545 2406 σοι
2570 2352 2664 2404 τὸν
2700 2350 2962 2419 λογισμὸν
3002 2347 3213 2401 τοῦτον.
3246 2344 3582 2399 Τουναντίον
3617 2341 3739 2395 κάθ-

2161 2464 2297 2509 ισον,
2316 2446 2411 2499 καὶ
2434 2447 2525 2497 τὸν
2551 2443 2751 2514 δρόμον
2780 2439 2959 2512 ἡμῶν,
2985 2438 3122 2492 ὅπου
3164 2435 3487 2507 ἐκλήθημεν
3522 2434 3628 2486 ὑπὸ
3653 2432 3737 2487 τοῦ

2162 2538 2318 2602 Θεοῦ,
2352 2539 2433 2600 είς
2487 2536 2585 2606 τὴν
2642 2535 2848 2605 έρημον
2879 2529 3085 2600 ταύτην
3144 2528 3555 2599 πληρώσωμεν.
3589 2526 3741 2593 Λέγει

2164 2626 2310 2700 αὐτῷ
2338 2631 2366 2682 6
2403 2626 2659 2698 Συμεών
2699 2624 3017 2688 Πίστευσον,
3071 2619 3183 2690 ἐγὼ
3225 2620 3289 2674 οὐ
3345 2620 3521 2689 μένω,
3554 2616 3668 2672 ἀλλ’
3690 2619 3741 2670 ἐν

2163 2726 2230 2794 τῇ
2260 2721 2487 2790 δυνάμει
2510 2720 2602 2773 τοῦ
2630 2714 2870 2789 Χριστοῦ
2887 2710 3410 2784 ὑπάγω,ἐμπαίζων
3439 2711 3522 2781 τῷ
3540 2710 3741 2779 κόσμῳ.

2166 2816 2327 2881 Λέγει
2370 2810 2519 2880 αὐτῴ
2575 2809 2737 2863 πάλιν
2795 2811 2825 2860 6
2860 2805 3089 2876 ἁδελφὸς
3144 2803 3316 2858 αὑτοῦ
3341 2819 3358 2835 ο
3408 2802 3532 2873 Μὴ,
3560 2798 3744 2868 ἀδελφέ

2167 2907 2318 2967 καλὲ,
2343 2902 2652 2974 παρακαλῶ
2684 2920 2744 2956 σε
2775 2901 2865 2955 διὰ
2894 2900 2984 2954 τὸν
3011 2899 3238 2970 Κύριον,
3264 2898 3341 2969 μὴ
3366 2897 3545 2967 ἐάσῃς
3568 2912 3637 2967 με
3664 2896 3747 2947 τὸν

2164 2997 2439 3052 ταπεινόν.
2464 2996 2630 3048 Οὔπω
2661 2994 2769 3064 γὰρ
2801 2991 2913 3061 ἐγὼ
2944 2993 3024 3055 είς
3050 2990 3211 3045 τοῦτο
3241 2990 3304 3042 τὸ
3347 2989 3554 3060 μέτρον
3592 2986 3749 3057 ἐφθα-

480 3079 710 3133 habcam
743 3080 933 3141 ullum.
959 3087 1158 3148 praeter
1186 3089 1260 3146 te,
1294 3080 1463 3135 frater
1485 3082 1597 3148 mi;
1625 3084 1720 3138 sed
1751 3086 2059 3139 renuntiavi

2170 3108 2258 3154 σα,
2295 3091 2381 3143 ἵνα
2408 3088 2623 3157 δυνηθῶ
2655 3085 2923 3157 ἐμπαῖξαι
2952 3084 3041 3155 τῷ·
3066 3084 3278 3154 κόσμῳ.
3315 3082 3486 3135 Ἀλλά
3509 3080 3576 3135 δι’
3596 3080 3748 3133 αὑτὸν

477 3170 755 3234 omnibus,
788 3179 845 3223 ut
882 3170 977 3223 tibi
1014 3170 1345 3225 adhzererem
1377 3189 1390 3223 :
1422 3182 1478 3227 et
1500 3188 1645 3230 nunc
1674 3183 1731 3229 tu
1764 3175 1847 3230 vis
1876 3176 1934 3230 in
1964 3177 2066 3231 hac

477 3258 775 3331 solitudine
803 3266 1063 3329 tanquam
1088 3258 1142 3313 in
1171 3261 1359 3329 pelago
1378 3277 1465 3316 me
1487 3263 1775 3333 linquere?
1795 3265 2068 3321 Memento

480 3345 645 3417 hujus
673 3346 804 3412 diei,
839 3364 945 3418 qua
985 3359 1188 3404 sortem
1227 3351 1483 3406 duximus
1530 3360 1586 3406 et
1614 3354 1927 3411 audivimus
1967 3354 2067 3410 ab-

480 3436 663 3493 batem
702 3433 992 3505 Niconem;
1026 3440 1172 3510 quod
1195 3443 1517 3497 convenerit
1546 3443 1691 3499 inter
1720 3460 1843 3510 nos,
1877 3457 2068 3501 mutuo

478 3542 589 3582 non
645 3530 907 3599 separari.
968 3530 1244 3587 Memento
1304 3525 1568 3590 terribilis
1620 3536 1791 3599 horae.
1846 3539 2068 3607 quando

478 3629 728 3672 sanctum
778 3617 1023 3674 habitum
1067 3620 1242 3676 induti
1298 3637 1512 3687 sumus,
1564 3632 1621 3678 et
1675 3640 1895 3682 eramus
1936 3628 2067 3690 duo,

478 3707 624 3776 sicut
658 3710 842 3764 anima
877 3726 1009 3778 una,
1051 3712 1188 3766 adeo
1235 3722 1297 3768 ut
1339 3729 1531 3770 omnes
1574 3715 1923 3772 dilectionem
1973 3735 2071 3773 no-

479 3809 649 3856 stram
732 3810 993 3872 tanquam
1059 3819 1175 3858 rem
1224 3820 1421 3860 novam
1478 3806 1831 3864 mirarentur.
1891 3808 2070 3866 Nolito

478 3891 726 3947 oblivisci
762 3908 1050 3948 sermones
1088 3897 1268 3967 magni
1297 3898 1467 3959 senis,
1508 3898 1712 3968 quibus
1749 3916 1851 3955 nos
1881 3903 2072 3959 admo-

478 3984 599 4037 nuit
631 3994 917 4049 ea'nocte,
951 4000 1059 4055 qua
1100 3987 1302 4058 egressi
1349 4005 1563 4044 sumus.
1600 3988 1698 4057 Ne,
1750 4008 1956 4062 quaso,
2000 4011 2071 4051 ne

480 4071 624 4127 forte
669 4088 924 4143 peream,
978 4084 1036 4131 et
1081 4076 1324 4146 requirat
1381 4077 1547 4133 Deus:
1587 4082 1826 4136 animant
1888 4101 2067 4140 meam

478 4162 580 4217 abs
618 4171 695 4220 te.

2168 3182 2259 3234 τὸν
2290 3179 2556 3244 ζεύξαντα
2589 3180 2737 3248 ἡμᾶς
2802 3179 2877 3247 μὴ
2938 3176 3171 3247 θελήσῃς
3211 3171 3629 3245 ἀποζευχθῆναι
3660 3169 3746 3223 τοῦ

2173 3272 2265 3324 σοῦ
2289 3270 2541 3338 ἀδελφοῦ.
2575 3270 2648 3323 Σὺ
2673 3263 2842 3331 οἶδας,
2879 3270 2963 3321 ὅτι
3000 3268 3139 3336 μετὰ
3185 3266 3319 3319 Θεὸν
3379 3265 3583 3319 οὐδένα
3628 3263 3747 3333 ἔχω,

2171 3367 2219 3415 εἱ
2248 3363 2322 3433 μὴ
2351 3342 2455 3425 σὲ..
2481 3361 2677 3429 ἀδελφέ
2731 3378 2858 3431 μου,
2885 3359 3020 3412 ἀλλὰ
3053 3359 3261 3420 πάντας
3289 3357 3629 3429 ἠρνησάμην
3665 3354 3748 3406 καὶ

2173 3453 2616 3524 προσεκολλήθην
2665 3468 2787 3505 σοι’
2824 3452 2921 3505 καὶ
2961 3450 3085 3520 ἄρτι
3135 3451 3200 3503 σὺ
3251 3449 3453 3512 θέλεις,
3486 3447 3750 3517 ὥσπερέν

2173 3547 2434 3614 πελάγει,
2467 3546 2629 3599 ἐᾶσαί
2672 3562 2736 3616 με
2770 3546 2849 3609 είς
2878 3544 2976 3615 τὴν
3010 3543 3217 3614 ἔρημον
3248 3542 3490 3613 ταύτην;
3532 3539 3750 3608 Μνημὸ-

2172 3657 2360 3693 νευσον
2382 3638 2483 3708 τῆς
2509 3641 2723 3710 ἡμέρας
2758 3636 2994 3707 ἐκείνης,
3042 3635 3131 3689 ὅτε
3164 3635 3458 3704 ἐλάχομεν,
3493 3634 3593 3687 καὶ
3626 3647 3752 3683 κατ-

2173 3728 2457 3801 ηρχόμεθα
2487 3729 2580 3781 ἐπὶ
2599 3730 2691 3782 τὸν
2748 3727 2906 3799 κῦριν
2949 3727 3194 3789 Νίκωνα,
3252 3727 3335 3779 ὅτι
3397 3722 3749 3793 συνεθέμεθα,

2177 3824 2253 3893 μὴ
2286 3820 2619 3893 χωρίζεσθαι
2641 3820 2737 3873 ἀπ’
2792 3818 3057 3889 ἀλλήλων.
3097 3817 3502 3888 Μνημὸνευσον
3538 3815 3640 3884 τῆς
3665 3830 3752 3882 φοι

2174 3913 2343 3983 ὗερᾶς
2397 3910 2568 3981 ὥρας,
2601 3908 2689 3961 ὅτε
2750 3908 2812 3961 τὸ
2838 3906 2993 3975 ἅγιον
3028 3906 3224 3977 σχῆμα
3271 3902 3636 3974 ἐνεδὺθημεν,
3667 3901 3752 3952 καὶ

2173 4003 2314 4078 ἦμεν
2334 4005 2386 4059 οἱ
2418 4004 2510 4058 δύο
2558 4003 2746 4074 ὥσπερ
2790 4002 2887 4073 μία
2924 4002 3094 4074 ψυχὴ,
3125 4000 3270 4054 ὥστε
3315 3999 3534 4063 πάντας
3569 3996 3755 4061 ξενίζει

2176 4095 2301 4149 σθαι
2331 4094 2425 4147 ἐπὶ
2451 4096 2519 4166 τῇ
2574 4093 2768 4166 ἀγάπῃ
2811 4092 2994 4164 ἡμῶν.
3024 4093 3116 4162 Μὴ
3149 4091 3385 4162 ἐπιλάϐῃ
3416 4090 3531 4144 τῶν
3590 4089 3754 4157 λόγων

2173 4185 2269 4240 τοῦ
2310 4185 2550 4256 μεγάλου
2600 4185 2888 4258 γέροντος,
2956 4177 3031 4238 ὧν
3088 4185 3235 4253 ἡμᾶς
3280 4182 3646 4251 ἐνουθέτησεν
3694 4182 3752 4247 τῇ

2176 4281 2366 4344 νυκτὶ,
2399 4273 2783 4352 ἐξήλθομεν.
2829 4279 2943 4349 Μὴ,
2980 4277 3316 4349 παρακαλῶ,
3365 4276 3442 4345 μή
3486 4290 3607 4335 πως
3660 4272 3754 4322 ἀπ-

2177 4375 2384 4445 όλωμαι
2421 4375 2516 4428 καὶ
2537 4373 2857 4444 ἐκζητήσῃὸ
2882 4371 3015 4433 Θεὸς
3041 4370 3141 4440 τὴν
3160 4369 3341 4438 ψυχήν
3366 4384 3470 4436 μου
3504 4364 3615 4419 ἀπὸ
3646 4363 3751 4415 σοῦ.

472 4440 477 4443 ’
551 4457 640 4514 28.
676 4459 775 4514 Cui
814 4461 1014 4515 iterum
1045 4461 1325 4533 Symeon:
1368 4466 1557 4537 Cogita
1607 4484 1693 4525 me
1749 4486 1872 4539 esse
1918 4488 2059 4527 mor-

2243 4440 2354 4538 κη’.
2381 4465 2547 4534 Λέγει
2568 4440 2903 4534 αὑτῷ-πάλιν
2931 4467 2959 4516 6
2988 4462 3213 4533 Συμεών
3247 4478 3266 4494 ο
3320 4461 3592 4530 Νόμισον,
3652 4461 3750 4510 ἀπ-

480 4557 670 4615 tuum;
720 4566 907 4604 nonne
968 4553 1223 4619 haberes,
1273 4556 1417 4611 unde
1466 4559 1543 4612 tui
1587 4574 1774 4616 curam
1826 4579 2071 4634 gereres.

481 4640 698 4694 tametsi
724 4641 874 4696 solus
903 4642 1096 4697 esses?
1134 4644 1332 4712 Crede,
1374 4648 1417 4702 si
1460 4650 1671 4716 venias,
1710 4664 1860 4709 recte
1903 4654 2089 4710 facies-

478 4739 538 4786 et
563 4730 736 4797 belle;
783 4735 1044 4802 quoniam
1094 4750 1195 4807 ego
1241 4752 1352 4792 non
1401 4755 1620 4795 maneo.
1658 4741 1757 4796 Ubi
1795 4744 1927 4798 vidit
1961 4744 2072 4799 fra-

480 4830 565 4878 ter
586 4822 829 4879 Joannes
870 4841 995 4880 eum
1040 4828 1356 4896 persistere,
1393 4835 1651 4903 cognovit
1689 4837 1836 4904 quod
1881 4836 2071 4891 divino

479 4913 743 4970 instinctu
790 4916 899 4971 hoc
940 4917 1168 4974 faceret.
1209 4918 1355 4976 Nihil
1399 4924 1604 4994 quippe
1648 4940 1747 4980 eos
1801 4928 2068 4996 potuisset

478 5021 734 5077 separare
768 5009 875 5063 nisi
905 5011 1020 5065 sola
1041 5027 1212 5079 mors,
1233 5022 1290 5068 et
1318 5012 1552 5071 fortasse
1578 5031 1649 5072 ne
1677 5018 1793 5089 ipsa
1813 5018 2063 5089 quidem.

476 5096 613 5153 Nam
643 5099 842 5168 saepius
872 5100 979 5156 hoc
1005 5102 1169 5157 etiam
1205 5104 1374 5158 Deum
1401 5118 1757 5177 rogaveram,
1784 5116 1842 5163 ut
1874 5111 2067 5166 ambos

477 5189 692 5278 simule
725 5192 834 5246 vita
868 5204 1118 5255 vocaret,
1159 5204 1214 5249 et
1263 5196 1562 5252 credebant
1595 5200 1973 5256 exaudiendos
2005 5218 2065 5257 se

475 5280 647 5337 fuisse
689 5299 720 5337 a
781 5285 1009 5343 Domino
1058 5288 1113 5341 in
1173 5289 1277 5343 hac
1335 5305 1423 5355 re,
1469 5292 1632 5347 sicuti
1673 5293 1728 5347 in
1783 5296 2061 5350 omnibus.

478 5373 622 5429 Dicit
649 5375 833 5444 itaque
864 5378 912 5432 ei
941 5377 1257 5452 [Joannes]:
1292 5379 1529 5447 Videsis,
1565 5384 1821 5455 Symeon,
1854 5402 1923 5441 ue
1949 5387 2067 5441 dia-

477 5462 637 5519 bolus
660 5464 890 5521 fortasse
922 5468 1019 5521 tibi
1068 5470 1199 5524 velit
1232 5480 1443 5528 struere
1472 5474 1718 5530 insidias.
1760 5475 2066 5547 Respondit

480 5550 571 5609 ille
601 5572 616 5607 :
647 5554 729 5610 Tu
761 5557 927 5612 modo
960 5574 1030 5613 ne
1062 5560 1169 5614 mei
1198 5562 1522 5619 obliviscere
1554 5565 1609 5619 in
1643 5567 1754 5622 tuis
1779 5569 2059 5637 precibus,

553 5726 599 5779 ’ἰ
627 5724 647 5781 1
677 5726 802 5783 Cor.
841 5745 893 5796 κ,
920 5731 1011 5785 24.

2173 4559 2384 4623 έθανον,
2428 4558 2531 4611 οὐκ
2559 4554 2703 4627 εἶχες
2734 4557 3017 4627 φροντίσαι
3041 4555 3239 4609 ἑαυτοῦ
3270 4553 3413 4609 κατὰ
3444 4555 3621 4623 μόνας
3649 4551 3751 4612 ὧν;

2172 4650 2493 4716 Πίστευσον,
2518 4650 2567 4700 εἰ
2606 4646 2706 4718 μὲν
2736 4646 2896 4718 ἔρχῃ,
2931 4638 2991 4700 εὖ
3023 4646 3120 4699 καὶ
3153 4644 3358 4707 καλῶς,
3408 4644 3538 4696 ἐπεὶ
3566 4641 3676 4709 ἐγὼ
3697 4640 3753 4691 οὐ

2174 4741 2339 4811 μένω.
2360 4737 2447 4803 '0';
2499 4735 2592 4793 οὖν
2643 4738 2751 4791 ίδεν
2808 4737 2976 4792 αὑτὸν
3018 4738 3047 4789 ὁ
3080 4735 3308 4805 ἀδελφὸς
3349 4734 3614 4804 Ἰωάννης
3644 4735 3754 4784 ἐπι-

2175 4833 2406 4902 μένοντα
2427 4871 2443 4895 ,
2497 4830 2638 4899 ἔγνω
2695 4830 2777 4883 ὅτι
2828 4832 2893 4883 ἐκ
2938 4827 3075 4883 Θεοῦ
3116 4825 3549 4899 ἐπληροφορήθη
3608 4824 3757 4878 τοῦτο

2174 4923 2397 4994 πρᾶξαι.
2444 4904 2596 4977 Ἐπεὶ
2649 4924 2748 4976 οὑκ
2804 4920 3069 4993 ἐχώριζεν
3095 4920 3317 4986 αὐτοὺς,
3345 4921 3395 4973 εί
3423 4921 3502 4992 μὴ
3529 4920 3558 4971 6
3603 4918 3758 4974 θάνα-

2172 5033 2284 5080 τος,
2300 5015 2509 5085 τάχαδέ
2531 5015 2652 5067 οὐδὲ
2680 5013 2862 5077 αὑτός.
2891 5012 3004 5068 Kal
3026 5012 3138 5082 γὰρ
3152 5007 3295 5083 ἦσαν
3324 5012 3423 5065 καὶ
3449 5010 3618 5065 τοῦτο
3639 5009 3756 5063 πολ-

2172 5109 2332 5171 λάκις
2373 5108 2861 5179 παρακαλέσαντες
2903 5107 2994 5160 τὸν
3055 5105 3208 5170 Θεὸν,
3277 5106 3366 5159 ἵνα
3400 5103 3544 5175 ὁμοῦ
3594 5118 3756 5173 προσ-

2171 5200 2404 5270 λάδηται
2430 5202 2559 5263 τοὺς
2585 5199 2697 5263 δύο,
2726 5216 2821 5251 και
2867 5197 3153 5252 ἐπίστευον
3193 5198 3277 5251 ὅτι
3316 5196 3638 5250 εἰσακοὺσει
3671 5195 3758 5246 αὖε

2174 5291 2283 5345 τῶν
2310 5292 2338 5343 ὀ
2378 5289 2584 5363 Κύριος
2635 5291 2729 5343 καὶ
2772 5290 2831 5342 ἐν
2869 5288 3062 5360 τούτῳ,
3101 5289 3177 5354 ὡς
3225 5292 3285 5343 ἐν
3326 5291 3558 5345 ἅπασιν.
3602 5288 3759 5354 Λέγει

2175 5381 2270 5435 οὖν
2300 5381 2470 5454 αὐτῷ’
2498 5380 2692 5445 Βλέπε,
2720 5380 2966 5451 Συμεὼν,
2996 5382 3071 5451 μή
3101 5398 3221 5446 πως
3241 5383 3270 5436 6
3294 5380 3546 5443 διάϐολος
3574 5380 3759 5448 χλευάα

2175 5491 2265 5526 σαι
2298 5491 2357 5527 σε
2388 5473 2540 5545 θέλῃ.
2570 5475 2631 5527 Ὀ
2680 5473 2737 5526 δὲ
2783 5469 2938 5527 εἶπεν
2988 5473 3167 5543 αὐτῷ·
3200 5474 3273 5527 Σὺ
3314 5473 3474 5544 μόνον
3520 5472 3601 5543 μὴ
3638 5473 3756 5523 ἐπι·

2172 5569 2313 5641 λάθῃ
2332 5586 2434 5642 μου
2463 5571 2522 5623 ἐν
2549 5571 2616 5641 τῇ
2634 5570 2767 5641 εὐχῇ
2802 5586 2920 5637 σου,
2951 5568 3141 5640 ὥσπερ
3170 5568 3292 5622 οὐδὲ
3320 5567 3431 5638 ἐγὼ
3460 5564 3585 5631 σοῦ,
3615 5564 3711 5620 καὶ
3732 5565 3759 5619 6

1118 5735 1164 5765 ¹⁰
1196 5735 1218 5788 Ι
1250 5734 1374 5791 Cor.
1425 5755 1498 5806 ιχ,
1528 5741 1619 5794 9.2.
1696 5744 1739 5774 ἰ
1771 5743 1963 5799 Matth.
1994 5761 2046 5811 v,
2082 5746 2169 5801 16.
