3976 6460
283 419 422 484 1705

1539 419 1715 481 VlTA
1755 420 1815 479 S.
1854 418 2260 482 SYMEONIS.

3425 417 3561 485 i706

272 530 408 594 θεὸς
433 530 526 586 καὶ
547 532 602 584 αἱ
631 529 780 600 εὐχαί
812 547 904 583 σου
937 529 1204 592 σώζουσί-ι
1231 547 1318 599 με.
1345 530 1516 583 Πάλιν
1539 525 1633 583 οὖν
1657 527 1860 600 ἤρξατο

1997 531 2108 584 icut
2130 545 2232 584 nec
2261 545 2360 598 ego
2389 530 2466 586 tui
2499 530 2812 597 obliviscar;
2835 539 2892 585 et
2912 528 3078 594 Deus,
3107 545 3208 585 nec
3234 544 3343 585 non
3370 541 3562 600 preces

277 625 554 679 νουθετεῖν
595 623 755 677 αὐτὸν
795 625 823 676 6
850 622 1080 691 ἀδελφος
1122 620 1288 675 αὐτοῦ
1313 624 1404 675 καὶ
1433 623 1635 690 λέγειν’
1667 620 1860 684 Βλέπε,

279 713 578 783 ἀσφάλισαι
641 713 886 778 σεαυτὸν,
937 713 1134 782 ἁδελφέ
1199 711 1464 782 Συμεὼν,
1502 712 1590 764 ἵνα
1641 710 1714 781 μὴ
1763 711 1864 762 ὅσα

283 804 515 874 συνῆξεν
577 803 610 874 ἡ
655 802 863 874 ἔρημος
891 842 906 867 ,
953 802 1229 875 σκορπίσῃ
1279 802 1308 853 6
1353 802 1594 871 κόσμος·
1633 801 1728 852 καὶ
1766 799 1868 852 ὅσα

281 897 568 966 ὠφέλησεν
613 898 647 967 ή
693 896 937 966 ἡσυχία,
987 894 1166 969 βλάψῃ
1220 897 1252 966 ἡ
1317 894 1531 965 ταραχή
1561 909 1574 923 ο
1627 893 1720 947 καὶ
1768 893 1867 946 ὅσα

281 985 514 1057 ἤνεγκεν
533 988 564 1054 ἡ
581 987 881 1055 ἀγρυπνία,
903 986 993 1039 διὰ
1009 985 1179 1039 ὕπνου
1208 985 1500 1056 ἀπολέσῃς.
1519 985 1866 1051 Ἀσιράλισαι,

283 1078 504 1146 ἀδελφὲ,
534 1077 608 1148 μὴ
629 1078 728 1148 τὴν
757 1078 1112 1147 σωφροσύνην
1129 1075 1224 1132 τοῦ
1253 1077 1550 1148 μοναχικοῦ
1580 1076 1871 1147 διαφθείρῃ

285 1169 405 1240 βίου
438 1172 472 1240 η
501 1170 687 1240 ἀπάτη
718 1170 826 1223 τῶν
863 1171 1168 1240 κοσμικῶν.
1207 1171 1384 1223 Βλέπε
1425 1171 1500 1240 μὴ
1530 1168 1625 1222 τὸν
1657 1167 1871 1239 καρπὸν

282 1262 386 1331 τῆς
422 1263 734 1333 στερήσεως
783 1261 895 1315 τῶν
943 1261 1264 1328 γυναικῶν,
1303 1259 1363 1325 ἐξ
1391 1255 1467 1314 ὧν
1506 1277 1566 1312 σε
1612 1259 1817 1312 ἔσωσεν
1845 1259 1874 1310 6

283 1350 417 1414 Θεὸς
443 1350 547 1414 ἓως
581 1353 844 1422 σήμερον,
871 1351 1120 1424 ἀπολέσῃ
1139 1353 1172 1420 ὴ
1218 1350 1336 1419 μετ’
1382 1349 1564 1403 αὐτῶν
1595 1349 1871 1421 διατριϐή.

284 1443 465 1496 Βλέπε
499 1444 576 1514 μὴ
597 1443 696 1514 τὴν
730 1443 1144 1514 ἀκτημοσύνην,
1175 1444 1243 1514 ῆν
1273 1459 1354 1496 σοι
1398 1444 1426 1495 6
1457 1443 1877 1513 ἀναχωρητικδς

286 1535 622 1606 προεξενησε
653 1535 786 1606 βίος,
823 1535 1157 1607 διασκεδὰσῃ
1199 1538 1232 1606 ἡ
1272 1535 1760 1604 πολυκτημοσύνη,
1801 1533 1874 1606 μή

286 1646 406 1692 πως
447 1629 476 1682 6
517 1629 745 1699 ἐστηξεν
779 1631 814 1702 ἡ
857 1629 1087 1698 νηστεία
1133 1627 1332 1698 σῶμα,
1366 1628 1587 1700 παχύνῃ
1632 1627 1701 1681 τὰ
1730 1626 1878 1697 βρώ-

292 1738 461 1790 ματα..
1304 1786 1313 1793 ι

361 1813 466 1866 κθθ.
504 1812 700 1879 Βλέπε,
737 1812 960 1880 ἀδελφέ,
1018 1812 1092 1882 μή
1146 1829 1265 1875 πως
1298 1812 1398 1883 τὴν
1443 1809 1740 1878 κατάνυξίν
1786 1829 1879 1865 σου

284 1905 564 1978 ἀπολέσῃς
607 1904 696 1957 διὰ
723 1901 817 1958 τοῦ
855 1904 1121 1972 γέλωτος,
1154 1904 1250 1957 καὶ
1289 1903 1394 1974 τὴν
1433 1904 1746 1974 προσευχήν
1783 1919 1878 1955 σου

285 1998 378 2051 διά
407 1999 505 2067 τῆς
533 1995 799 2067 ἀμελείας
825 2013 942 2050 σου.
974 1996 1172 2061 Βλέπε,
1190 1995 1517 2067 παρακαλῶ,
1544 1997 1617 2066 μή
1641 2011 1759 2058 πως
1789 2011 1882 2063 γε-

287 2092 491 2152 λῶντος
512 2089 607 2144 τοῦ
639 2089 937 2161 προσώπου
968 2107 1088 2153 σου,
1122 2089 1508 2160 συνδιαχέηται
1556 2091 1585 2143 6
1606 2088 1730 2152 νοῦς
1761 2105 1878 2153 σου,

291 2182 370 2252 μὴ
403 2179 514 2233 τῶν
561 2179 762 2251 χειρῶν
803 2178 1204 2250 ψηλαφούντων
1225 2221 1240 2246 ,
1271 2179 1689 2251 συμψηλαφήσῃ
1716 2181 1813 2233 καὶ
1845 2180 1882 2251 ἡ

287 2272 460 2344 ψυχὴ,
496 2274 571 2343 μὴ
600 2272 696 2327 τοῦ
730 2273 1005 2344 στόματος
1029 2270 1326 2337 ἐσθίοντος,
1371 2271 1681 2343 συνηδύνθῇ
1721 2274 1820 2326 καὶ
1849 2273 1882 2342 ἡ

290 2368 516 2436 καρδία,
555 2367 630 2438 μὴ
679 2366 790 2419 τῶν
847 2365 1028 2420 ποδῶν
1077 2365 1428 2437 βαδιζόντων,
1477 2368 1884 2437 συνορχὴσηται

289 2461 549 2522 ἀτάκτως
584 2461 681 2513 καὶ
705 2463 739 2530 ἡ
771 2460 920 2514 ἔνδον
950 2460 1177 2530 ἡσυχία,
1214 2460 1310 2512 καὶ
1349 2459 1637 2529 συντόμως
1685 2461 1884 2526 εἰπεῖν,

298 2551 379 2623 μὴ
413 2553 512 2605 ὅσα
542 2554 772 2622 πράττει
801 2552 864 2605 τὸ
883 2553 1048 2622 σῶμα
1075 2551 1299 2617 ἔξωθεν,
1321 2551 1538 2624 πράττῃ
1567 2551 1661 2604 καὶ
1679 2552 1713 2621 ἡ
1741 2552 1888 2621 ψυχὴ

281 2643 519 2698 ,ἔσωθεν.
552 2645 694 2697 Ἀλλ’
723 2647 770 2697 εί
805 2644 900 2698 καὶ⁵
925 2644 1063 2708 ὅλως
1103 2644 1334 2714 εἴληφας
1370 2645 1436 2697 ἐκ
1466 2642 1604 2697 Θεοῦ
1635 2642 1885 2711 δύναμιν,

289 2734 517 2804 ἀδελφέ,
550 2736 636 2788 ἵνα
667 2736 769 2790 ὅσα
797 2735 893 2789 ἐὰν
915 2736 976 2789 τὸ
1001 2735 1164 2806 σῶμα
1192 2735 1377 2807 πράξῃ
1415 2736 1692 2806 σχήματα,
1728 2735 1762 2805 ἢ
1798 2734 1884 2787 λό-

287 2843 446 2896 γους,
479 2827 512 2898 ἢ
548 2831 875 2900 πράγματα,
903 2828 1162 2897 ἀκίνητος
1195 2827 1294 2881 καὶ
1345 2829 1625 2899 ἀτάραχος
1655 2825 1890 2899 διαμένῃ

287 2922 324 2973 ὁ
362 2918 487 2983 νοῦς
522 2937 616 2973 σου
649 2920 801 2991 καὶὴ
837 2920 1058 2992 καρδία,
1095 2921 1194 2975 καὶ
1225 2918 1481 2990 οὐδαμῶς
1524 2918 1632 2973 ὑπὸ
1683 2917 1890 2972 τούτων

293 3010 611 3083 μολύνεται,
642 3011 675 3081 ἢ
709 3011 1028 3081 βλάπτεται,
1055 3010 1227 3074 δντως
1255 3010 1369 3080 ἐγὼ
1420 3011 1517 3064 ἐπὶ
1553 3013 1620 3081 τῇ
1648 3009 1894 3080 σωτηρίᾳ

292 3120 397 3157 σου
435 3105 633 3175 χαίρω.
666 3103 828 3173 μόνον
864 3102 954 3157 ῐνα
978 3102 1110 3174 εὔξῃ
1139 3101 1218 3172 τῷ
1247 3101 1388 3172 Θεῷ,
1415 3103 1502 3154 ἵνα
1531 3104 1650 3155 ἐκεῖ
1680 3102 1757 3171 μὴ
1779 3117 1890 3170 χω-

281 3197 443 3275 ε-ρήσῃ
471 3197 621 3267 ἡμᾶς
645 3195 704 3260 ἐξ
737 3195 970 3248 ἑαυτῶν.
992 3195 1130 3249 Τότε
1156 3194 1310 3263 λέγει
1347 3193 1498 3264 αὐτῷ
1525 3196 1554 3246 ὁ
1582 3194 1760 3257 ἀῢδᾶς
1787 3193 1892 3245 Συ-

287 3289 483 3362 μεώνο
533 3288 639 3358 Μὴ.
683 3287 950 3359 φοϐηθῇς,
1009 3285 1207 3355 ἀδελφέ
1239 3285 1492 3356 Ἰωάννη·
1537 3285 1601 3338 οὐ
1641 3285 1763 3358 γάρ·
1793 3285 1889 3338 ἀπ’

292 3378 544 3452 ἐμαυτοῦ
573 3379 733 3433 τοῦτο
754 3377 1018 3449 βούλομαι
1047 3377 1278 3450 πρᾶξαι,
1319 3376 1458 3430 ἀλλὰ
1485 3375 1581 3430 τοῦ
1626 3374 1762 3428 Θεοῦ
1794 3391 1892 3428 κε-

293 3471 554 3534 λεύοντός
589 3487 702 3542 μοι,
728 3470 823 3522 καὶ
849 3470 908 3522 ἐν
930 3467 1106 3538 τούτῳ
1142 3466 1351 3538 γνώσῃ,
1407 3466 1490 3520 ὅτι
1517 3464 1892 3537 εὐηρέστησεν

294 3564 382 3635 τῷ
409 3561 529 3634 Θεῷ
565 3563 626 3616 τὸ
660 3561 822 3633 ἔργον
851 3577 954 3632 μου
983 3559 1073 3612 διὰ
1097 3559 1198 3627 τῆς
1228 3557 1396 3611 αὐτοῦ
1436 3557 1779 3629 συνεργείας,
1809 3557 1892 3610 ὅτι

298 3659 412 3729 πρδ
439 3657 535 3711 τοῦ
563 3655 857 3710 ἀποθανεῖν
892 3671 983 3723 με,
1029 3651 1283 3723 ἔρχομαι,
1336 3651 1433 3704 καὶ
1463 3649 1617 3704 καλῶ
1661 3666 1743 3716 σε,
1795 3648 1892 3702 καὶ

297 3746 622 3816 ἀσπάζομαί
656 3763 739 3807 σε,
767 3744 864 3798 καὶ
907 3747 964 3797 ἐν
985 3743 1200 3811 ὀλίγαις
1253 3741 1487 3813 ἡμέραις
1535 3738 1762 3810 φθάνεις
1799 3755 1889 3811 με.

316 3839 479 3893 Ἀλλὰ
496 3838 726 3902 ἀνάστα,
758 3837 854 3890 καὶ
878 3836 1196 3907 ποιήσωμεν
1224 3835 1412 3907 εὐχήν.
1445 3833 1555 3886 Καὶ
1577 3830 1892 3902 εὐξαμένων

302 3931 488 3985 αὐτῶν
522 3931 616 3985 ἐπὶ
640 3929 832 3993 ἱκανὰς
866 3927 1038 3999 ὥρας,
1079 3927 1173 3981 καὶ¹
1212 3925 1563 3994 φιλησάντων
1588 3923 1657 3976 τὰ
1681 3922 1894 3976 ἑαυτῶν

306 4028 504 4099 στήθη,
537 4027 632 4082 καὶ
663 4025 971 4097 βρεξάντων
994 4023 1136 4077 αὐτὰ
1173 4022 1286 4078 ἀπὸ
1313 4021 1424 4075 τῶν
1476 4019 1732 4089 δακρύων
1759 4021 1894 4072 ἐαυ-

299 4119 436 4182 τῶν,
465 4118 740 4172 ἀπέλυσεν
769 4115 933 4168 αὐτὸν
959 4117 988 4168 6
1009 4114 1186 4178 ἁϐϐᾶς
1213 4113 1471 4184 Ἰωάννης
1505 4110 1894 4182 συνοδοιπορή-

305 4228 410 4274 σας
459 4207 610 4280 αὐτῷ
661 4206 846 4261 ίκανὺν
895 4206 1206 4276 διάστημα·
1231 4206 1290 4258 οὐ
1317 4204 1427 4275 γὰρ
1466 4203 1635 4256 ἐδίδου
1685 4201 1894 4272 αύτῷίι

301 4300 453 4370 ψυχὴ
486 4297 638 4370 αὐτῷ
673 4296 1016 4368 χωρισθῆναι
1038 4295 1134 4350 ἀπ’
1166 4295 1358 4359 αὐτοῦ,
1392 4293 1531 4348 ἀλλὰ
1562 4292 1752 4346 καθότι
1780 4292 1894 4346 ἕλε·

303 4407 402 4459 γεν
427 4391 578 4462 αὐτῷ
599 4393 628 4444 ὸ
661 4389 836 4452 άϐϐἄς
868 4389 1114 4460 Συμεὼν,
1148 4385 1787 4457 ’Υπόστρεψον,ἀδελφέ,
1819 4385 1896 4448 ὡς

307 4484 399 4538 ἵνα
425 4483 691 4555 ἐχώριζεν
731 4482 896 4535 αὑτὸν
943 4481 1194 4552 μάχαιρα
1227 4479 1336 4532 ἀπὸ
1368 4478 1464 4533 τοῦ
1510 4477 1764 4548 σώματος
1794 4477 1894 4530 αὐ-

1968 634 2075 678 ῐιιιιι
2123 624 2421 677 servabunt
2478 638 2586 676 me.
2643 623 2846 677 lterum
2911 637 3041 692 ergo
3101 637 3326 676 mouere
3382 621 3562 691 ipsum

1967 716 2135 786 coepit
2174 716 2340 771 frater
2389 717 2531 788 ejus,
2585 729 2640 774 et
2689 718 2909 774 dicere:
2943 719 3083 774 Vide
3131 727 3193 773 ut
3231 727 3426 772 cautus
3464 717 3558 781 sis.

1971 807 2139 864 frater
2175 809 2437 880 Symeon,
2468 826 2558 875 ne,
2607 812 2870 882 quidquid
2920 813 3139 884 collegit
3173 828 3415 877 eremus,
3447 809 3563 866 dis-

1970 905 2451 973 pergatmundus;
2489 905 2749 975 quidquid
2783 907 3058 976 promovit
3109 905 3416 970 silentium,
3468 906 3564 959 Iae-

1971 992 2063 1046 dat
2121 995 2429 1058 tumultus;
2487 995 2754 1064 quidquid
2813 1004 3282 1067 congregaverunt
3345 995 3563 1065 vigiliae,

1973 1099 2202 1138 somnus
2242 1088 2454 1155 perdat.
2500 1086 2669 1154 Cave,
2709 1087 2897 1153 frater,
2958 1103 3027 1142 ne
3081 1087 3204 1142 vitae
3248 1086 3567 1140 monasticae

1975 1174 2431 1242 moderationem,
2477 1177 2666 1231 mundi
2715 1178 2865 1232 fraus
2914 1187 3251 1248 corrumpat.
3295 1177 3434 1232 Vide
3495 1191 3566 1230 ne

1975 1263 2238 1328 fructum,
2272 1283 2434 1336 quem
2483 1269 2777 1340 percepisti
2813 1287 2876 1325 ex
2924 1269 3174 1332 absentia
3218 1269 3569 1334 feminarum,

1977 1371 2007 1411 a
2033 1359 2233 1427 quibus
2270 1369 2320 1414 te
2352 1361 2620 1415 hactenus
2665 1363 2903 1416 servavit
2947 1362 3110 1424 Deus,
3157 1363 3354 1432 perdat
3385 1361 3570 1416 futura

1950 1465 2103 1504 ~cum
2150 1451 2231 1505 eis
2269 1453 2636 1507 conversatio.
2671 1454 2806 1509 Vide
2860 1471 2928 1509 ne
2978 1456 3241 1525 inopiam,
3270 1470 3433 1525 quam
3470 1455 3570 1509 tibi

1979 1543 2293 1598 conciliavit
2333 1546 2442 1598 vita
2493 1545 2756 1611 solitaria,
2806 1546 3086 1616 dispergat
3132 1547 3452 1616 opulentia;
3499 1560 3572 1598 ne

1983 1635 2164 1691 forsan
2210 1653 2430 1707 corpus,
2467 1639 2613 1708 quod
2651 1639 2934 1694 alilictavit
2965 1640 3260 1710 jejunium,
3306 1639 3413 1694 cibi
3470 1636 3574 1693 im—

1982 1728 2266 1798 pinguem.

2055 1819 2145 1874 29.
2188 1819 2346 1882 Vide,
2385 1819 2574 1884 frater,
2611 1835 2682 1875 ne
2711 1820 3192 1890 compunctionem
3227 1820 3448 1874 amittas
3481 1835 3581 1888 per

1984 1911 2179 1974 risum,
2209 1919 2264 1965 et
2290 1913 2596 1966 orationem
2639 1927 2736 1981 per
2783 1911 3194 1982 negligentiam.
3227 1910 3377 1976 Vide,
3415 1910 3578 1965 obse-

1982 2018 2098 2065 cro,
2137 2018 2230 2064 ne,
2265 2003 2392 2057 dum
2441 2003 2585 2057 ridet
2622 2010 2748 2056 tuus
2792 2002 2997 2066 vultus,
3038 2000 3378 2055 diffundatur
3421 2015 3580 2056 mens

1984 2105 2118 2161 tua;
2155 2111 2248 2161 ne,
2292 2095 2425 2150 dum
2446 2103 2796 2151 contrectant
2831 2109 3047 2157 manus,
3081 2092 3243 2146 simul
3278 2100 3584 2146 contrectat

1985 2187 2195 2252 anima;
2215 2201 2306 2251 ne,
2325 2186 2452 2240 dum
2472 2184 2708 2239 comedit
2724 2199 2807 2249 os,
2827 2184 2990 2238 simul
3007 2183 3298 2238 dulcedine
3315 2181 3582 2237 afficiatur

1986 2294 2116 2344 cor;
2149 2294 2243 2343 ne,
2278 2277 2407 2333 dum
2439 2277 2611 2348 pedes
2637 2277 2866 2341 vadunt,
2897 2276 3074 2331 .simul
3109 2275 3418 2332 inordinate
3448 2275 3583 2330 sub-

1989 2370 2160 2425 sultet
2216 2369 2439 2424 interna
2501 2369 2662 2439 quies
2714 2378 2772 2424 et
2829 2372 3042 2424 interna
3092 2383 3243 2439 pax:
3292 2377 3479 2437 atque,
3525 2376 3587 2420 ut

1988 2461 2139 2532 pacis
2191 2463 2526 2530 complectar
2563 2461 2772 2527 omnia,
2817 2476 2888 2516 ne
2943 2459 3207 2530 quidquid
3253 2458 3363 2530 agit
3385 2473 3588 2528 corpus

1991 2555 2350 2620 extrinsecus,
2383 2555 2566 2608 anima
2597 2554 2762 2609 etiam
2807 2563 2931 2625 agat
2974 2553 3330 2608 intrinsecus.
3379 2551 3486 2606 Sed
3538 2553 3586 2607 si

1991 2660 2218 2719 prorsus
2253 2664 2284 2702 a
2313 2647 2425 2703 Deo
2457 2646 2715 2717 accepisti
2741 2647 3024 2714 virtutem,
3059 2645 3248 2712 frater,
3282 2654 3362 2714 ut,
3392 2663 3500 2717 quo
3528 2659 3588 2698 se

1994 2759 2212 2813 cunque
2259 2742 2420 2797 modo
2485 2741 2744 2796 habuerit
2789 2757 3011 2812 corpus,
3071 2750 3167 2796 aut
3216 2755 3433 2806 sermo,
3491 2753 3588 2804 aut

1993 2830 2260 2896 actidnes,
2285 2837 2471 2885 careat
2499 2829 2716 2884 animus
2738 2837 2868 2883 tuus
2903 2837 2961 2883 et
2987 2843 3082 2883 cor
3111 2830 3357 2885 motione
3389 2837 3444 2883 et
3465 2843 3591 2899 per-

1997 2923 2339 2989 turbatione;
2391 2931 2447 2977 et
2493 2924 2812 2992 neutiquam
2846 2923 2915 2976 ab
2964 2921 3271 2977 illis-rebus
3313 2922 3593 2993 polluatur

1995 3024 2092 3072 aut
2116 3015 2382 3081 laedatur;
2419 3028 2548 3069 vere
2593 3013 2662 3068 de
2703 3022 2796 3068 tua
2833 3013 3010 3068 salute
3039 3013 3273 3085 gaudeo,
3313 3012 3479 3068 modo
3531 3022 3594 3066 ut

1985 3108 2168 3162 Deum
2200 3122 2345 3170 ores,
2385 3119 2457 3159 ne
2501 3105 2595 3161 hic
2615 3119 2718 3159 nos
2758 3104 2992 3159 alterum
3048 3104 3116 3159 ab
3145 3103 3319 3159 altero
3349 3113 3589 3172 separet.

1920 3225 1964 3284 ο
1999 3201 2155 3256 'l‘unc
2203 3201 2336 3256 dicit
2381 3199 2432 3255 ei
2472 3199 2643 3269 abbas
2677 3195 2962 3269 Symeon:
3008 3197 3090 3252 Ne
3148 3196 3363 3262 timeas,
3423 3195 3596 3250 frater

1999 3293 2241 3350 Joannes
2272 3312 2286 3348 :
2324 3309 2434 3349 non
2471 3291 2618 3347 enim
2649 3289 2876 3360 proprio
2911 3287 3083 3344 Marte
3134 3287 3188 3344 id
3235 3287 3362 3342 volo
3409 3301 3595 3358 agere,

2000 3396 2055 3442 at
2083 3387 2192 3442 Deo
2215 3387 2466 3458 jubente.
2501 3384 2566 3439 Et
2595 3383 2648 3438 in
2683 3384 2788 3438 hoc
2819 3397 3118 3452 cognosces
3175 3378 3448 3451 placuisse
3481 3379 3596 3434 Deo

1999 3497 2138 3552 opus
2168 3495 2373 3545 meum,
2404 3479 2523 3547 ipso
2557 3484 2923 3546 cooperante;
2951 3475 3102 3544 quia,
3133 3473 3452 3544 priusquam
3477 3487 3531 3526 m
3553 3491 3600 3520 ι-

2000 3574 2128 3639 riar,
2159 3573 2375 3627 veniam
2417 3571 2486 3625 ad
2520 3578 2593 3631 te,
2626 3577 2681 3624 et
2724 3567 2931 3623 vocabo
2962 3575 3038 3632 te,
3085 3574 3140 3621 et
3183 3567 3487 3635 amplectar
3517 3577 3594 3631 te,

2000 3672 2056 3718 et
2107 3661 2295 3733 paucis
2335 3669 2462 3732 post
2510 3658 2706 3714 diebus
2761 3672 2850 3712 me
2893 3656 3164 3727 sequeris.
3215 3655 3286 3709 At
3319 3669 3506 3727 surge,
3539 3664 3598 3709 et

2000 3753 2306 3810 orationem
2339 3750 2715 3804 instituamus.
2745 3747 2812 3802 Et
2853 3756 3142 3816 postquam
3191 3752 3276 3800 sat
3313 3745 3406 3800 diu
3439 3760 3598 3800 oras-

2002 3852 2145 3910 sent,
2198 3850 2254 3897 et
2307 3841 2448 3895 alter
2496 3838 2998 3906 alterius-pectora
3044 3833 3304 3906 amplexi,
3329 3834 3599 3906 .Iacrymis

2003 3933 2116 3988 suis
2137 3947 2200 3986 ea
2233 3930 2520 4001 rigassent,
2555 3925 2763 3982 dimisit
2787 3926 2966 3996 ipsum
3012 3923 3182 3979 abbas
3206 3922 3470 3985 Joannes,
3501 3922 3591 3976 fa-

2002 4028 2124 4075 ctus
2175 4019 2279 4089 ipsi
2337 4029 2524 4072 comes
2578 4029 2674 4084 per
2713 4014 2848 4069 satis
2896 4014 3118 4084 longum
3163 4013 3440 4082 spatium;
3480 4028 3594 4067 non

2003 4113 2151 4170 enim
2187 4111 2496 4182 patiebatur
2534 4108 2713 4162 anima
2749 4107 2872 4177 ejus
2899 4106 2969 4162 ab
3008 4106 3130 4176 ipso
3174 4107 3441 4176 separari.
3484 4106 3596 4160 Sed

2003 4207 2224 4280 quando
2273 4203 2374 4274 ipsi
2419 4203 2642 4258 dicebat
2694 4199 2864 4255 frater
2929 4199 3170 4270 Symeon
3207 4216 3220 4252 :
3272 4197 3596 4262 Revertere.

2005 4301 2171 4358 frater
2206 4314 2220 4351 :
2267 4313 2378 4352 non
2413 4296 2572 4351 aliter
2603 4307 2917 4350 sermonem
2973 4292 3121 4346 hunc
3163 4291 3394 4357 audivit,
3427 4307 3592 4363 quam

2006 4393 2049 4448 si
2082 4391 2296 4464 gladius
2321 4403 2446 4444 eum
2475 4394 2791 4457 separasset
2817 4399 2848 4438 ο
2880 4399 2980 4439 suo
3015 4398 3266 4455 corpore.
3299 4383 3369 4440 Et
3388 4384 3592 4439 iterum

2006 4481 2198 4538 orabat
2229 4494 2378 4545 eum,
2415 4485 2478 4534 ut
2519 4477 2585 4532 ad
2629 4476 2775 4532 aliud
2816 4474 3093 4530 modicum
3137 4475 3375 4545 spatium
3418 4476 3596 4530 comi-

303 4576 425 4644 τοῦ,
457 4579 630 4641 οὓτως
661 4576 755 4632 τοῦ
785 4576 945 4643 λόγου
971 4576 1166 4630 τούτου
1203 4576 1423 4646 ἤκουεν,
1455 4574 1550 4628 καὶ
1577 4573 1887 4642 πάλινπαρ-

2004 4571 2107 4628 tari
2141 4572 2509 4644 permitteret.
2535 4568 2748 4638 Itaque,
2779 4574 3012 4638 cogente
3051 4565 3230 4636 ipsum
3263 4566 3464 4621 abbate
3497 4565 3600 4637 Sy-

306 4669 494 4722 εκάλει
521 4667 692 4722 αὑτὸν
739 4666 1212 4735 συνακολουθῆσαι
1250 4665 1379 4720 ἄλλο
1411 4664 1614 4732 ὀλίγον.
1676 4664 1764 4727 Ὠς
1787 4653 1926 4717 ὀὖν’

307 4759 572 4812 ἐϐιάσατο
601 4757 764 4812 αΰτὺν
797 4758 825 4810 6
849 4755 1022 4819 ὰϐϐἂς
1051 4752 1299 4825 Συμεὼν,
1350 4753 1696 4826 ὑπέστρεψεν
1719 4795 1734 4820 ,
1771 4753 1898 4824 βρέ-

307 4869 423 4924 χων
447 4850 548 4921 τὴν
581 4851 687 4921 γῆν
714 4851 828 4913 τοῖς
854 4849 1140 4919 δάκρυσιν,
1175 4850 1256 4910 εἰς
1275 4847 1368 4900 τὸν
1402 4847 1538 4900 ἴδιον
1565 4849 1752 4902 τόπον.

380 4941 443 4996 λ’,
475 4939 912 5012 Ὠρθοδρόμησεν
959 4939 1016 4991 ἐν
1047 4940 1115 5009 τῇ
1167 4937 1300 5007 ἁγίᾳ
1333 4936 1572 5007 Χριστοῦ
1620 4938 1716 4992 τοῦ
1759 4937 1894 4992 Θεοῦ

307 5034 470 5107 ἡμῶν
500 5033 674 5087 πόλει.
705 5031 895 5101 Ἐδίψα
927 5030 1038 5102 γάρ
1066 5031 1232 5094 πάνυ,
1265 5028 1340 5090 ὡς
1375 5029 1581 5096 ἔλεγεν,
1614 5029 1711 5082 καὶ
1747 5029 1899 5082 ἐκαί-

308 5144 401 5184 ετο
439 5127 719 5182 ἐπιποθῶν
763 5130 821 5181 ἐν
856 5125 1160 5181 ἀπολαύσει
1203 5121 1460 5191 γενέσθαι
1510 5121 1599 5175 διὰ
1627 5122 1900 5175 τοσούτων

307 5223 521 5295 χρόνων
545 5221 656 5274 τῶν
686 5220 857 5289 ἁγίων
879 5217 974 5272 τοῦ
1005 5213 1243 5287 Χριστοῦ
1269 5215 1477 5280 τόπων,
1517 5213 1612 5267 καὶ
1655 5212 1900 5266 καταλα-

308 5314 424 5368 δῶν
463 5313 524 5367 τὸ
545 5313 702 5382 ἆγιον
729 5313 821 5365 καί
852 5309 1117 5376 ζωοποιὸν
1147 5305 1240 5360 τοῦ
1277 5305 1515 5374 Χριστοῦ
1550 5305 1762 5376 μνῆμα,
1800 5304 1897 5358 καὶ

306 5407 374 5462 τὸ
401 5405 558 5474 ἅγιον
595 5405 692 5459 καὶ
725 5405 1018 5473 σωτήριον,
1050 5401 1146 5454 ml.
1184 5397 1481 5468 νικηφόρον
1519 5395 1767 5465 κρανίον,
1805 5394 1899 5446 τὸν

308 5497 479 5554 πόθον
508 5497 851 5568 ἐπλήρωσεν.
887 5494 1166 5565 Ἐνέμεινε
1191 5493 1247 5545 δέ
1268 5491 1418 5562 τρεῖς
1441 5489 1660 5559 ἡμέρας
1692 5489 1772 5548 είς
1797 5487 1898 5557 τὴν

309 5591 479 5660 ἁγίαν
503 5591 663 5644 πόλιν
705 5588 1040 5659 καθήμενος,
1074 5585 1369 5658 ἐρχόμενος
1427 5582 1523 5636 xui.
1570 5580 1898 5651 προσκυνῶν

307 5681 442 5744 τοὺς
472 5679 816 5742 ωνσὲπωυς
843 5675 937 5730 τοῦ
974 5676 1184 5746 Κυρίου
1214 5674 1438 5738 τόπους,
1456 5672 1552 5727 καὶ
1581 5671 1898 5742 εὐχόμενος.

323 5771 389 5823 'H
424 5772 482 5826 δὲ
519 5773 655 5842 εὐχὴ
710 5768 875 5826 αὑτοῦ
921 5769 1071 5822 πᾶσα
1105 5766 1326 5838 ὑπῆρχε
1375 5764 1472 5818 τοῦ
1521 5763 1900 5835 σκεπασθῆναι

308 5860 482 5918 αὐτοῦ
508 5864 607 5934 τὴν
647 5861 914 5933 ἐργασίαν
969 5860 1136 5929 μέχρι
1165 5858 1264 5928 τῆς
1293 5856 1458 5913 αὐτοῦ
1515 5857 1902 5928 μεταστάσεως

558 5957 836 6018 Ριτιιοι..
871 5957 990 6017 Gn.
1020 5955 1245 6017 XCIII.

2003 4676 2222 4726 meone,
2256 4660 2422 4716 rediit
2447 4660 2513 4716 ad
2543 4659 2726 4715 locum
2762 4673 2949 4720 suum,
2980 4657 3232 4728 Iaerymis
3282 4665 3486 4714 terram
3521 4659 3600 4712 ir-

2005 4753 2208 4825 rigans.

2076 4932 2166 4986 50.
2211 4930 2447 5002 Symeon
2498 4929 2555 4985 in
2597 4918 2843 4983 sanctam
2895 4925 3100 4982 Christi
3134 4923 3411 4985 civitatem
3446 4935 3598 4985 recta

2005 5023 2318 5078 contendit.
2350 5021 2487 5076 Nam
2527 5021 2856 5075 vehemente
2898 5017 3085 5073 aiebat
3112 5016 3280 5072 sitire
3328 5032 3391 5072 se
3427 5025 3487 5074 et
3515 5031 3597 5072 ar-

1999 5115 2138 5170 dere
2189 5113 2466 5169 desiderio
2506 5113 2618 5183 jam
2647 5108 3111 5190 dudumfruendi
3162 5109 3368 5164 sanctis
3387 5107 3598 5165 Christi

1998 5207 2163 5263 locis.
2192 5206 2255 5260 Et.
2285 5214 2573 5277 postquam
2608 5201 2954 5276 pervenisset
2981 5204 3048 5261 ad
3081 5210 3334 5257 sanctum
3360 5215 3426 5257 ac
3453 5200 3597 5257 vlvlr

2005 5301 2166 5357 ficum
2209 5300 2413 5356 Christi
2444 5309 2885 5364 monumentum,
2925 5304 3280 5366 sanctamque
3300 5309 3365 5350 ac
3393 5293 3597 5362 salutas

2005 5411 2119 5450 rem
2167 5404 2224 5450 et
2253 5393 2533 5449 victricvm
2587 5391 2918 5457 Calvariam,
2956 5388 3302 5445 desiderium
3336 5386 3595 5460 explevit.

2003 5484 2140 5539 Nam
2174 5483 2412 5538 triduum
2449 5483 2502 5536 in
2529 5491 2716 5536 sancta
2750 5480 2966 5538 civitate
3002 5486 3248 5533 moratus
3279 5476 3400 5544 fuit,
3437 5492 3597 5533 acce—

2007 5579 2147 5635 dens
2169 5587 2232 5633 .et
2263 5576 2499 5632 adorans
2535 5590 2803 5646 perquam
2838 5572 3150 5629 veneranda
3203 5571 3411 5627 Christi
3455 5571 3597 5636 loca,

2005 5683 2064 5727 et
2088 5671 2346 5742 precibus
2372 5684 2595 5733 vacans.
2631 5668 2824 5723 Omnis
2849 5675 3034 5724 autem
3089 5665 3269 5721 oratio
3292 5664 3414 5735 ejus
3455 5673 3599 5726 erat,
3662 5703 3664 5705 ›

2005 5774 2067 5820 ιιι
2096 5763 2344 5820 actiones
2371 5764 2494 5834 ejus
2521 5769 2857 5834 tegerentur,
2903 5759 3080 5816 donec
3109 5774 3178 5824 ex
3223 5759 3326 5814 hac
3354 5757 3464 5813 vita
3495 5757 3605 5812 Ini-

1996 5867 2207 5930 'graret,
2235 5873 2341 5928 quo
2373 5855 2658 5910 hominum
2692 5854 2917 5927 gloriam
2951 5852 3256 5924 defugeret,
3295 5865 3396 5920 per
3437 5861 3602 5918 quam

3205 5941 3282 6002 5's
