3976 6400
472 354 601 427 1711
1450 362 1763 424 LEONTII
1798 359 2059 423 NEAPOJ

2161 360 2308 419 .‘ANI
2364 359 2709 423 EPISCOPI
3634 364 3763 431 1712

466 446 671 530 riniam
722 471 870 528 illam
929 472 1182 543 protinus
1222 474 1497 538 mutaret,
1540 472 1719 528 donec
1759 485 1848 526 res
1894 485 2058 541 quam

2164 467 2325 521 τοῦτο
2356 469 2385 520 6
2413 468 2581 532 ὅσιος,
2603 466 2918 543 ὅτικαθότι
2965 470 3142 523 ἐποίει
3171 469 3225 524 τί
3254 487 3391 526 ποτε
3425 473 3761 544 παράδοξον,

466 570 691 633 iecerat,
715 575 862 622 esset
889 565 1165 622 oblivione
1195 566 1428 636 sepulta.
1480 564 1748 621 Studebat
1775 565 1963 628 etiam,
1996 571 2059 617 ut

2162 557 2369 622 εὐθέως
2398 557 2633 630 ήλλασσε
2661 558 2762 630 τὴν
2784 560 3059 628 γειτονίαν
3100 561 3318 632 ἐκείνην
3341 604 3357 627 ,
3399 562 3508 625 ἕως
3540 564 3641 618 τοῦ
3664 565 3760 636 λη-

460 660 635 729 inepti
664 658 867 728 aliquid
911 673 1023 729 prae
1051 673 1111 714 se
1142 657 1333 721 ferret,
1374 672 1485 727 quo
1523 666 1847 729 contegeret
1900 657 2055 724 illud,

464 752 608 821 quod
644 760 792 807 recte
815 757 1083 823 gesserat.
1125 749 1324 805 Evenit
1364 749 1660 819 aliquando
1706 758 1767 803 ut
1804 748 1914 814 ille,
1963 746 2057 817 qui

469 845 687 915 lupinos
724 843 1086 899 distribuebat
1133 842 1189 897 in
1240 857 1512 913 caupona,
1554 842 1825 913 acciperet
1871 841 2055 895 cibum

462 937 590 1006 ejus
620 952 634 990 :
665 945 786 992 erat
813 944 996 990 autem
1029 950 1206 1006 caupo
1233 936 1372 992 adeo
1400 936 1652 998 immitis,
1682 943 1743 990 ut
1771 949 1917 1005 saepe
1946 947 2055 986 non

466 1028 625 1084 daret
671 1027 721 1082 ei
778 1026 986 1092 cibum,
1024 1026 1253 1082 tametsi
1297 1027 1470 1082 multa
1515 1025 1784 1080 venderet
1830 1033 2059 1095 propter

470 1122 823 1193 Symeonem.
850 1118 983 1173 Nam
1013 1118 1181 1183 cives,
1220 1119 1377 1189 quasi
1402 1117 1481 1172 rei
1513 1117 1754 1172 novitate
1781 1114 2054 1185 suspensi,

458 1212 727 1267 dicebant
755 1211 900 1265 inter
943 1224 1004 1264 se
1034 1225 1050 1262 :
1082 1208 1306 1275 Eamus,
1345 1209 1616 1274 bibamus,
1642 1209 1735 1263 ubi
1765 1206 1925 1262 Salus
1950 1214 2055 1261 est.

452 1301 714 1370 ’Quadam
750 1302 915 1374 igitur
942 1301 1031 1357 die
1082 1301 1363 1373 ingressus
1407 1310 1493 1356 est
1533 1316 1784 1371 serpens,
1834 1307 1892 1355 et
1920 1299 2061 1355 bibit

464 1398 656 1452 vinum
693 1412 762 1452 ex
805 1411 915 1451 una
953 1397 1193 1467 ampulla
1249 1396 1385 1467 (39),
1435 1404 1494 1451 et
1529 1395 1776 1451 evomuit
1821 1394 2060 1464 desuper

460 1504 744 1545 venenum
768 1503 950 1554 suum,
981 1496 1037 1543 et
1072 1487 1226 1542 abiit.
1258 1487 1377 1541 Non
1419 1495 1538 1542 erat
1580 1486 1728 1542 intus
1753 1486 1924 1542 abbas
1965 1484 2063 1558 Sy-

462 1595 654 1644 rueon,
692 1579 786 1634 sed
819 1578 953 1633 foris
982 1578 1219 1633 ducebat
1248 1578 1481 1633 choreas
1509 1592 1636 1632 cum
1679 1577 2057 1647 popularibus.

459 1672 767 1741 Postquam
806 1671 1053 1727 venisset
1099 1678 1341 1734 sanctus,
1369 1670 1519 1726 videt
1551 1670 1807 1742 ampulla:
1860 1670 2060 1725 inscri-

458 1771 646 1834 .ptum,
670 1777 848 1828 mors;
878 1760 957 1816 sic
988 1769 1168 1815 tamen
1200 1770 1262 1814 ut
1287 1759 1457 1815 videri
1481 1776 1592 1815 non
1619 1768 1820 1830 posset.
1854 1757 2050 1815 Statim

467 1827 635 1927 igitur
659 1853 930 1924 intelligit,
959 1852 1092 1923 quid
1134 1852 1191 1906 in
1216 1866 1279 1907 ea
1305 1850 1508 1907 factum
1538 1827 1685 1907 esset
1717 1859 1811 1907 :et
1837 1852 2054 1907 sublato
2088 1827 2132 1887 Β

468 1948 638 2020 ligno,
663 1946 826 2017 l'regit
854 1961 997 2013 eam,
1039 1945 1200 2001 sicuti
1226 1946 1389 2016 plena
1430 1954 1569 2003 erat.
1600 1946 1845 2017 Abrepto
1874 1946 2059 2016 itaque

460 2042 616 2115 ligno
638 2057 669 2097 e
694 2040 949 2096 manibus
979 2038 1118 2109 ejus,
1143 2037 1452 2094 verberavit
1478 2038 1657 2109 ipsum
1674 2037 1862 2101 herus,
1886 2037 2062 2093 donec

462 2132 747 2198 deﬁceret,
783 2141 839 2187 et
878 2132 1270 2202 insequebatur
1305 2131 1505 2202 ipsum.
1547 2129 1713 2186 Venit
1736 2140 1921 2187 autem
1959 2146 2060 2202 po—

460 2226 663 2283 stridis
688 2225 860 2281 abbas
884 2222 1144 2297 Symeon,
1175 2232 1231 2279 et
1253 2223 1543 2279 abscondit
1566 2238 1627 2279 se
1647 2232 1772 2294 post
1798 2225 2057 2296 januam;

464 2327 526 2376 et
552 2335 683 2376 ecce
717 2319 881 2375 rediit
907 2334 1155 2390 serpens,
1202 2327 1265 2374 ut
1296 2319 1541 2387 biberet,
1574 2334 1814 2390 eumque
1837 2318 2061 2390 conspi-

462 2422 623 2470 catus
671 2427 870 2484 caupo,
911 2412 1141 2483 arripuit
1190 2412 1401 2484 lignum
1440 2411 1608 2479 idem,
1658 2408 2059 2483 volens‘ipsum

463 2504 759 2571 occidere;
791 2514 846 2560 et
874 2520 1001 2561 eum
1034 2504 1400 2575 percussisset
1441 2515 1498 2560 et
1537 2504 1866 2571 aberrasset,
1901 2504 2061 2574 fregit

464 2610 660 2653 onlnes
689 2596 958 2667 ampullas
988 2604 1046 2651 et
1079 2597 1295 2666 pocula.
1324 2594 1482 2651 Tunc
1508 2595 1754 2651 accurrit
1791 2595 1973 2662 Salus,
2006 2605 2062 2651 et

466 2686 641 2742 dicit:
685 2686 828 2753 Quid
853 2695 960 2753 est,
999 2686 1206 2742 stulte?
1259 2685 1417 2752 Vide,
1467 2701 1579 2742 non
1619 2701 1722 2757 ego
1746 2686 1896 2742 solus
1938 2702 2060 2742 sum

467 2779 617 2835 iners
643 2780 755 2852 (40)
789 2789 847 2835 et
889 2779 1077 2835 minus
1123 2780 1338 2836 dexter.
1383 2780 1523 2836 Tum
1572 2780 1844 2836 intellexit
1883 2789 2061 2851 caupo

467 2872 613 2944 quod
641 2872 713 2928 ob
746 2871 996 2929 eamdem
1043 2886 1271 2928 causam
1323 2871 1494 2928 abbas
1520 2870 1756 2944 Symeon
1805 2870 2062 2945 fregisset

467 2964 787 3035 ampullam,
819 2972 876 3021 et
914 2964 1220 3022 aediﬁcatus
1261 2963 1388 3031 fuit,
1434 2973 1490 3020 et
1538 2963 1729 3020 habuit
1777 2980 1904 3020 eum
1959 2980 2060 3036 pro

467 3067 681 3115 sancto.

2161 650 2407 723 σμονηθῇ
2433 650 2496 705 τὸ
2523 652 2780 725 πρᾶγμα,
2833 653 2862 707 ὃ
2896 655 3178 725 ἐποίησεν.
3214 655 3522 711 Ἕσπευὲεν
3574 657 3635 711 δὲ
3668 661 3765 713 καὶ

2162 744 2423 815 παραυτά
2482 744 2927 815 σχηματίσασθαι
2989 745 3222 818 ἄκαιρόν
3273 750 3327 802 τί
3378 768 3534 814 ποτε,
3576 752 3669 806 ἶνα
3694 752 3761 806 δι’

2159 838 2374 892 ἐκείνου
2398 837 2716 912 ἐπικαλύψῃ
2750 839 2812 894 τὸ
2843 841 3197 911 κατόρθωμα.
3234 843 3374 896 [1οτέ
3401 844 3462 897 δὲ
3491 843 3760 916 θερμοδο-

2157 930 2268 985 τῶν
2307 931 2366 984 ἐν
2402 931 2711 1003 καπηλείῳ,
2738 931 3017 1002 ἐλάμϐανε
3045 934 3144 1006 τὴν
3173 937 3385 1007 τροφὴν
3412 937 3613 993 αὐτοῦ.
3649 934 3761 991 Ἦν

2156 1021 2212 1075 δὲ
2242 1020 2588 1093 ἄσπλαγχνος
2620 1025 2651 1077 6
2675 1024 2945 1095 κάπηλος.
2970 1025 3114 1079 ὥστε
3181 1026 3446 1092 πολλάκις
3492 1030 3622 1082 οὑδέ
3665 1028 3765 1101 τήν

2156 1115 2363 1188 τροφὴν
2418 1116 2585 1170 αὑτοῦ
2637 1116 2834 1181 ἐδίδου,
2888 1117 3096 1189 καίπερ
3132 1118 3336 1188 πολλὴν
3372 1120 3585 1190 πράσιν
3619 1120 3762 1190 ἔχων

2154 1206 2243 1261 διὰ
2277 1207 2374 1262 τοῦ
2402 1206 2599 1264 Σαλοῦ.
2637 1209 2728 1273 Ὠς
2777 1211 2838 1263 ἐν
2876 1210 3030 1274 τάξει
3065 1210 3175 1282 γάρ
3206 1210 3512 1283 μετεώρου,
3572 1211 3762 1282 ἔλεγον

2160 1301 2295 1372 πρὸς
2319 1301 2580 1374 ἀλλήλους
2605 1303 2655 1356 οἱ
2685 1304 2904 1357 πολῖται
2927 1321 2941 1334 ·
2980 1305 3266 1374 Ἀγωμεν,
3316 1306 3539 1376 πίωμεν
3565 1306 3707 1361 ὅπου
3732 1308 3762 1360 6

2160 1393 2348 1457 Σαλός.
2402 1394 2491 1447 Ἐν
2524 1396 2624 1465 μιᾷ
2651 1389 2746 1449 οὖν
2775 1395 2884 1449 τῶν
2925 1397 3153 1468 ἡμερῶν
3195 1396 3454 1468 εἰσῆλθεν
3482 1397 3633 1466 ὄφις,
3666 1399 3762 1452 καὶ

2158 1485 2313 1538 ἔπιεν
2347 1484 2408 1551 ἐξ
2441 1486 2563 1549 ἐνὸς
2603 1486 2715 1539 τῶν
2763 1485 2991 1557 βισσίων
3036 1487 3136 1541 τοῦ
3180 1490 3351 1555 οἴνου,
3380 1490 3477 1543 καὶ
3494 1490 3762 1562 ἐξέρασεν

2159 1577 2312 1631 κάτω
2344 1577 2436 1632 τὸν
2467 1579 2546 1634 ἰὸν
2575 1579 2765 1646 αὐτοῦ,
2791 1581 2890 1633 καὶ
2914 1581 3288 1652 ἀνεχώρησεν.
3317 1584 3435 1637 Οὐκ
3456 1579 3527 1656 ἦν
3556 1584 3619 1638 δέ
3652 1584 3761 1638 ἔσω

2157 1671 2187 1723 6
2214 1669 2391 1734 ἀὸϐᾶς
2416 1670 2662 1742 Συμεὼν,
2686 1671 2802 1726 ἀλλ’
2823 1672 2931 1738 ἔξω
2951 1673 3236 1739 ἐϐάλλιζεν
3271 1673 3414 1744 μετὰ
3448 1673 3560 1728 τῶν
3593 1675 3764 1746 δημο-

2158 1758 2287 1815 τῶν.
2324 1760 2527 1815 Ἐλθὼν
2550 1758 2645 1816 οὖν
2691 1765 2721 1816 ὁ
2768 1763 2937 1829 ὅσιος,
2969 1765 3170 1836 θεωρεῖ
3198 1766 3301 1836 τὴν
3328 1765 3531 1836 βίσσαν
3570 1769 3762 1837 ἐπιγε·

2162 1851 2495 1924 γραμμένην
2521 1854 2791 1925 ἀοράτως,
2829 1855 3093 1921 Θάνατος.
3127 1857 3347 1920 Εὐθέως
3390 1853 3486 1913 οὖν
3537 1859 3763 1928 ἐνόησεν

2162 1942 2224 1997 τὸ
2267 1946 2490 2013 γεγονὸς
2526 1948 2605 2009 εἰς
2636 1946 2829 2018 αὐτὴν,
2865 1949 2963 2002 καὶ
3023 1950 3235 2022 ἐπάρας
3290 1950 3473 2016 ξύλον,
3526 1951 3760 2007 ἔκλασεν

2164 2035 2357 2106 αὐτὴν,
2407 2036 2483 2100 ὼς
2526 2037 2719 2108 ἔγεμε.
2765 2039 2963 2093 Λαϐὼν
2989 2036 3084 2094 οὖν
3119 2043 3150 2095 6
3194 2042 3465 2112 αὐθέντης
3493 2043 3669 2096 αὐτοῦ
3694 2043 3759 2098 σὺ

2164 2126 2322 2194 ξύλον
2353 2130 2418 2184 ἐκ
2436 2129 2536 2201 τῆς
2565 2131 2749 2203 χειρὸς
2773 2132 2963 2198 αὐτοῦ,
3003 2134 3201 2189 ἔδωκεν
3229 2134 3379 2205 αιτῷ
3407 2136 3531 2205 μετ’
3569 2135 3755 2199 αὐτοῦ,

2164 2219 2275 2284 ἔως
2299 2221 2586 2292 ὴτὸνησεν,
2637 2224 2732 2278 καὶ
2765 2224 2986 2292 ἐδίωξεν
3036 2226 3222 2281 αὐτόν.
3257 2227 3386 2281 Ἐπὶ
3415 2228 3520 2300 τὴν
3566 2227 3757 2299 αὔριον

2162 2310 2219 2364 δὲ
2241 2306 2426 2383 ἦλθεν,
2475 2316 2570 2369 καὶ
2622 2317 2948 2389 παρεκρύϐη
2997 2318 3172 2373 ὀπίσω
3194 2323 3294 2393 τῆς
3317 2321 3491 2393 θύρας
3522 2324 3553 2376 6
3585 2322 3756 2386 assa;

2164 2401 2412 2473 Συμεὼν,
2447 2405 2542 2459 καὶ
2575 2404 2701 2459 ίδὼν
2730 2407 2894 2461 αὐτὸν
2927 2410 2955 2461 6
2985 2409 3257 2479 κάπηλος,
3286 2409 3483 2464 ἔλαϐεν
3512 2412 3581 2465 τὸ
3604 2409 3756 2477 ξύλον

2162 2496 2225 2549 τὸ
2246 2498 2402 2563 αὐτὸ,
2435 2500 2532 2553 καὶ
2563 2500 2696 2565 ἰδοὺ,
2729 2503 2893 2556 πάλιν
2922 2506 2953 2556 ὁ
2990 2504 3114 2574 ὄφις
3142 2500 3309 2576 ἦλθεν
3353 2508 3505 2560 πιεῖν
3526 2545 3544 2569 ,
3589 2506 3758 2561 θέλων

2165 2591 2427 2660 φονεῦσαι
2454 2593 2641 2661 αὑτὸν,
2672 2596 2764 2650 καὶ
2793 2596 3111 2667 ἀποτυχὼν,
3141 2597 3346 2651 ἔδωκεν
3396 2598 3495 2652 καὶ
3530 2599 3758 2652 ἔκλασεν

2163 2683 2261 2738 ὅλα
2297 2684 2370 2738 τά
2405 2685 2590 2756 βισσία
2619 2686 2716 2741 καὶ
2746 2689 2814 2742 τὰ
2849 2690 3111 2760 ποτήρια.
3162 2690 3297 2743 Τότε
3338 2692 3707 2764 εἰσεπήδησεν
3730 2692 3760 2745 6

2163 2775 2355 2841 Σαλὸς,
2389 2780 2482 2832 καὶ
2502 2776 2650 2847 λέγει
2679 2778 2850 2849 αὐτῷ·
2877 2781 2943 2834 Τί
2968 2782 3143 2848 ἐστιν,
3176 2782 3339 2853 ἔξηχε
3360 2801 3375 2849 ;
3400 2782 3502 2848 ἴδε,
3520 2784 3624 2837 οὐκ
3643 2784 3761 2853 εἰμὶ

2163 2866 2276 2935 ἐγὼ
2322 2868 2480 2938 μόνος
2530 2869 2801 2942 ἀπέργης.
2835 2872 2973 2926 Τότε
3001 2869 3097 2928 οὖν
3145 2873 3290 2944 ἔγνω
3316 2876 3346 2928 6
3371 2874 3646 2947 κάπηλος,
3677 2876 3759 2930 ὅτι

2162 2957 2234 3012 δι’
2252 2961 2385 3015 αὐτὸ
2417 2961 2647 3016 ἔκλασεν
2670 2966 2698 3017 6
2725 2963 2902 3028 άϐὃᾶς
2926 2964 3155 3037 Συμεὼν
3174 2966 3236 3020 τὸ
3267 2966 3472 3038 βισσὶν,
3496 2968 3593 3021 καὶ
3612 2968 3761 3040 ᾠκο-

2162 3051 2395 3124 δομήθη,
2432 3055 2524 3126 καὶ
2551 3051 2698 3126 εῖχεν
2733 3057 2902 3111 αὐτὸν
2935 3057 3116 3128 ἅγιον.

538 3149 630 3206 34.
672 3149 812 3205 Cum
842 3150 1026 3221 itaque
1057 3148 1222 3204 vellet
1252 3156 1476 3204 sanctus
1504 3148 1725 3206 abolere
1749 3151 1837 3206 sui
1877 3151 2059 3208 existi-

2240 3146 2335 3203 λδθ.
2366 3147 2548 3211 Θέλων
2594 3144 2690 3204 οὖν
2718 3151 2747 3203 6
2787 3151 2936 3216 ὅσιος
2982 3151 3253 3207 ἀναλῦσαι
3299 3152 3401 3225 τὴν
3459 3150 3760 3225 οἰκοδομὴν

461 3247 793 3312 .mationem,
847 3259 922 3300 ne
964 3245 1134 3299 herus
1189 3243 1431 3316 gloriose
1465 3243 1534 3299 de
1579 3259 1642 3301 se
1690 3246 2058 3316 praedicaret,

468 3337 560 3414 die
582 3338 839 3409 quadam,
885 3352 1013 3393 cum
1044 3350 1184 3392 uxor
1223 3337 1344 3407 ejus
1382 3337 1651 3394 dormiret
1678 3340 1817 3406 sola,
1847 3348 1906 3395 et
1944 3339 2063 3410 ipse

469 3430 659 3484 vinum
679 3429 965 3495 venderet,
992 3429 1227 3485 accessit
1254 3430 1323 3485 ad
1349 3443 1470 3485 eam
1508 3430 1679 3485 abbas
1714 3431 1976 3504 Symeon,
2007 3443 2063 3488 et

466 3537 584 3593 pra:
612 3537 673 3577 se
698 3521 816 3576 tulit
846 3536 1052 3578 exuere
1103 3536 1163 3577 se
1202 3529 1386 3578 vestes
1429 3537 1579 3579 suas.
1624 3523 1721 3578 Illa
1764 3524 2060 3593 clamante,

470 3614 747 3685 ingressus
783 3623 873 3669 est
913 3613 997 3670 vir
1024 3614 1165 3685 ejus.
1208 3613 1310 3670 Cui
1337 3614 1425 3670 illa
1461 3632 1475 3669 :
1517 3616 1692 3687 Ejice,
1722 3617 1921 3688 inquit,
1948 3633 2063 3674 sce-

470 3705 823 3762 lestissimum
856 3705 1024 3768 hunc,
1059 3705 1188 3776 quia
1219 3704 1330 3762 vim
1360 3707 1497 3761 mihi
1527 3707 1732 3763 inferre
1762 3708 1974 3778 voluit;
2007 3716 2063 3765 et

470 3797 671 3870 pugnis
699 3811 829 3852 eum
862 3795 1103 3859 caedens,
1150 3811 1217 3852 ex
1255 3795 1473 3852 ollicina
1502 3799 1710 3869 expulit
1748 3798 1801 3854 in
1834 3800 2060 3873 glaciem

471 3892 614 3961 (erat
661 3889 815 3945 enim
889 3895 1191 3959 tempestas
1246 3887 1547 3961 perfrigida
1614 3903 1670 3946 et
1748 3889 2059 3963 pruinosa).

374 4060 379 4063 μ
469 3985 648 4054 Atque
677 3997 741 4038 ex
764 3983 878 4038 hoc
906 3991 1152 4053 tempore
1182 3997 1360 4053 caupo
1386 3998 1498 4038 non
1522 3983 1685 4040 modo
1717 3998 1843 4040 eum
1867 3985 2063 4041 habuit

468 4087 571 4143 pro
600 4072 826 4128 homine
853 4079 1048 4128 emotae
1084 4072 1319 4140 mentis;
1365 4088 1555 4129 verum
1584 4073 1629 4129 si
1659 4074 1826 4129 alium
1868 4090 2061 4146 quem-

470 4164 617 4235 piam
644 4164 860 4221 audiret
903 4163 1180 4220 dicentem
1215 4181 1231 4218 :
1283 4164 1578 4221 Enimvero
1622 4165 1856 4221 fortasse
1886 4181 1946 4221 se
1977 4176 2060 4221 ta-

472 4253 578 4309 lem
614 4269 740 4310 esse
781 4255 1006 4310 simulat
1040 4254 1210 4310 abbas
1249 4255 1386 4321 iste;
1415 4254 1597 4310 statim
1642 4255 1718 4310 illi
1758 4256 2061 4326 responde-

470 4343 567 4400 bat
602 4360 616 4397 :
645 4343 780 4400 Vere
817 4361 991 4416 purus
1024 4355 1192 4417 putus
1224 4347 1595 4405 daemoniacus
1621 4356 1742 4413 est;
1780 4362 1892 4403 non
1923 4347 2065 4405 fallit

471 4450 561 4495 me
591 4438 757 4494 homo
793 4456 806 4493 :
841 4453 965 4493 nam
1021 4440 1177 4493 uxori
1219 4454 1355 4496 meae
1401 4439 1595 4494 vitium
1634 4439 1831 4495 aﬂ'erre
1863 4439 2058 4505 voluit,

2165 3238 2354 3305 αὐτοῦ,
2382 3239 2473 3295 ἵνα
2500 3239 2576 3312 μὴ
2610 3240 2964 3318 θριαμϐεύσῃ
3010 3245 3212 3311 αὐτὸν,
3252 3246 3312 3298 ἐν
3350 3245 3449 3316 μιᾷ
3477 3244 3760 3317 κοιμωμέ-

2163 3347 2262 3402 νης
2288 3330 2392 3402 τῆς
2421 3333 2681 3402 γυναικὸς
2708 3334 2876 3389 αὑτοῦ
2901 3336 3094 3408 μόνης,
3130 3337 3394 3392 κάκείνου
3418 3337 3757 3410 προσάλλον-

2161 3440 2254 3487 τος
2284 3422 2450 3492 οἶνον,
2504 3426 2678 3500 ἐπέϐη
2718 3429 2868 3501 πρὸς
2895 3430 3066 3500 αὐτὴν
3109 3432 3139 3484 ὁ
3162 3429 3342 3495 άὸεᾶς
3380 3430 3635 3502 Συμεὼν,
3666 3432 3759 3486 καὶ

2162 3514 2577 3586 ἐσχηματίσατο
2594 3515 2931 3572 ἀποδύεσθαι
2955 3517 3016 3571 τὸ
3045 3517 3264 3589 ἱμάτιον
3293 3519 3485 3575 αὐτοῦ.
3503 3519 3759 3592 Ἒκείνης

2161 3606 2255 3661 οὖν
2296 3608 2574 3679 βοησάσης
2599 3649 2614 3673 ,
2668 3609 2921 3678 είσῆλθεν
2959 3612 2991 3664 6
3047 3611 3191 3682 ἀνὴρ
3219 3609 3420 3682 αὐτῆς,
3464 3612 3567 3667 καὶ
3610 3611 3759 3682 λέγει

2164 3699 2316 3771 αὐτῷ
2337 3700 2552 3771 ἐκείνη*
2590 3699 2731 3756 Βάλε
2765 3700 2871 3766 ἔξω
2901 3700 2995 3755 τὸν
3035 3702 3482 3773 τρισκατάρατον
3536 3700 3756 3767 τοῦτον,

2161 3793 2245 3847 ὅτι
2296 3792 2600 3863 βιάσασθαι
2644 3792 2900 3864 ἐθέλησέν
2954 3809 3045 3863 με,
3087 3792 3189 3847 καὶ
3234 3795 3485 3863 πυγμαῖς
3531 3793 3761 3847 τύπτων
3862 3862 3896 3881 Α

2163 3886 2456 3958 ἐξήνεγκεν
2498 3885 2662 3942 αὐτὸν
2695 3888 2760 3939 ἐκ
2802 3886 2899 3940 τοῦ
2926 3885 3299 3958 ἐργαστηρίου
3343 3887 3429 3950 είς
3454 3886 3522 3940 τὸ
3551 3886 3758 3957 κρύος·

2160 3975 2230 4052 ἦν
2249 3978 2361 4051 γάρ
2386 3976 2596 4050 χειμὼν
2621 3978 2798 4047 μέγας
2818 3977 2916 4032 καὶ
2946 3977 3141 4049 βροχή·
3162 3978 3258 4032 καὶ
3287 3978 3478 4033 ἔκτοτε
3505 3980 3570 4032 οὐ
3600 3980 3761 4051 μόνον

2162 4074 2244 4127 ὅτι
2279 4068 2424 4143 εἶχεν
2454 4069 2618 4126 αὐτὴν
2639 4072 2668 4124 ὁ
2698 4070 2949 4141 κάπηλος
2983 4071 3320 4143 παράφρονα
3341 4111 3359 4137 ,
3399 4071 3543 4125 ἀλλά
3586 4074 3687 4127 καὶ
3711 4074 3760 4126 ει

2162 4163 2324 4220 ἄλλον
2375 4163 2522 4228 τινος
2568 4165 2769 4236 ἤκουεν
2814 4163 3091 4233 λέγοντος,
3150 4165 3366 4227 Ὄντως
3391 4164 3540 4236 τάχα
3568 4166 3762 4219 ἑαυτὸν

2164 4260 2309 4310 ποιεῖ
2358 4255 2533 4321 οὕτως
2580 4258 2612 4309 ὀ
2657 4256 2837 4315 άὸϐᾶς
2865 4251 3024 4320 οὗτος
3046 4296 3064 4323 ,
3118 4255 3326 4323 εὐθέως
3353 4258 3549 4326 ἔλεγεν
3576 4258 3759 4330 αὐτῷ’

2168 4350 2376 4414 Ὄντως
2403 4348 2750 4420 δαιμονιάρις
2780 4349 2930 4403 ἐστὶν
2953 4347 3221 4420 καθαρὸς,
3242 4351 3307 4404 οὐ
3348 4350 3539 4423 πλανᾷ
3569 4366 3643 4421 με
3670 4351 3768 4405 άν-

2165 4439 2406 4511 θρωπος,
2430 4439 2513 4492 ὅτι
2540 4439 2640 4506 τὴν
2664 4438 2903 4507 γυναῖκά
2932 4455 3035 4509 μου
3064 4437 3337 4509 ⁴ίγθέλησεν
3367 4438 3684 4511 μοιχεῦσαι,
3713 4441 3765 4492 εί

472 4528 520 4584 si
552 4528 843 4597 potuisset,
882 4537 1170 4599 etcarnes
1210 4538 1365 4585 vorat
1409 4529 1551 4585 sicut
1589 4531 1807 4586 atbeus.
1850 4529 2059 4601 Saepius

2168 4532 2458 4602 ἐπέτυχεν,
2512 4534 2606 4585 καὶ
2654 4531 2724 4584 τά
2761 4530 2898 4602 κρέα
2938 4528 3144 4601 τρώγει
3178 4530 3256 4595 ὡς
3308 4531 3385 4603 μὴ
3422 4531 3568 4601 ἔχων
3601 4531 3761 4584 Θεόν.

470 4619 675 4674 etenim
716 4633 910 4673 carnes
953 4634 1172 4689 quoque
1213 4620 1440 4675 vorabat
1480 4618 1579 4676 Vir
1608 4621 1815 4690 justus,
1841 4620 2059 4691 quando

2174 4625 2454 4693 Ἔτρωγεν
2501 4623 2613 4695 γὰρ
2676 4621 2939 4687 πολλάκις
3001 4623 3030 4677 6
3074 4622 3288 4687 ditata;
3318 4625 3415 4678 καὶ
3460 4624 3630 4694 κρέα,
3686 4623 3764 4695 μὴ

470 4728 569 4783 per
594 4720 762 4767 totam
812 4709 1207 4767 hebdomadctn
1257 4726 1368 4766 non
1404 4721 1719 4784 gustaverat
1752 4728 1978 4783 panem,
2008 4722 2059 4769 et

2169 4717 2466 4787 γενόμενος
2500 4715 2667 4786 ἄρτον
2714 4715 2844 4784 ὅλην
2888 4714 2988 4786 τὴν
3042 4713 3337 4786 ἑϐδομάδα,
3370 4715 3470 4770 καὶ
3521 4715 3625 4787 τὴν
3662 4716 3766 4787 μὲν

472 4818 637 4859 nemo
653 4802 923 4873 jejunium
954 4803 1076 4872 ejus
1111 4802 1468 4874 intelligebat.
1504 4803 1572 4857 Et
1605 4818 1803 4858 carnes
1838 4802 2059 4874 quidem

2171 4808 2427 4879 νηστείαν
2460 4807 2626 4862 αὑτοῦ
2663 4806 2844 4871 οὐδεὶς
2886 4807 3063 4872 ἐνόει,
3100 4807 3179 4862 τὰ
3216 4808 3277 4862 δὲ
3334 4809 3479 4879 κρέα
3518 4807 3767 4877 ἔτρωγεν

471 4909 657 4952 coram
705 4895 787 4950 eis
832 4894 1080 4960 vorabat,
1119 4903 1181 4948 ut
1237 4893 1361 4949 illos
1407 4893 1640 4950 falleret.
1695 4891 1871 4952 Totus
1924 4910 2059 4952 vero

2171 4899 2484 4973 ἔμπροσθεν
2514 4896 2697 4954 αὐτῶν
2718 4899 2857 4971 πρὸς
2905 4900 3124 4970 ἀπάτην
3165 4899 3370 4953 αὐτῶν.
3410 4897 3579 4962 Ὅλος
3606 4899 3666 4954 δὲ
3697 4894 3769 4969 ἦν

481 4986 642 5059 quasi
676 4985 924 5057 corporis
953 5001 1148 5056 expers
1174 4993 1312 5053 erat,
1359 5002 1540 5057 neque
1568 4987 1798 5043 curabat
1823 4987 2059 5044 dedecus

2168 4994 2360 5066 ὥσπερ
2396 4991 2712 5065 ἀσώματος,
2749 4992 2845 5046 καὶ
2897 4992 3033 5063 μηδὲ
3067 4992 3428 5064 ὑφορώμενος
3456 4992 3561 5062 τὴν
3590 4992 3768 5063 ἀσχη-

470 5086 567 5134 aut
590 5078 900 5145 hominum,
930 5088 1026 5134 aut
1048 5089 1281 5134 naturae.
1308 5077 1532 5150 Saepius
1554 5079 1723 5145 enim,
1764 5080 1957 5138 volens
1985 5080 2059 5135 al-

2173 5086 2436 5159 μοσύνην,
2471 5087 2612 5158 μήτε
2641 5085 2739 5157 τὴν
2759 5084 2869 5137 τῶν
2888 5084 3218 5156 ἀνθρώπων,
3252 5090 3393 5155 μήτε
3415 5084 3518 5156 τὴν
3536 5085 3642 5154 τῆς
3669 5084 3767 5152 φύ-

468 5185 598 5225 vum
629 5184 949 5236 exonerare,
986 5171 1192 5226 nullius
1230 5186 1393 5225 causa
1437 5172 1793 5238 erubescens,
1828 5187 1951 5229 mox
1993 5172 2059 5228 ad

2170 5193 2329 5241 σεως.
2364 5177 2634 5240 Πολλάκις
2655 5174 2765 5248 γὰρ
2788 5175 2888 5245 τῆς
2929 5166 3165 5246 γαστρὸς
3197 5173 3368 5228 αὐτοῦ
3409 5174 3511 5244 τὴν
3551 5174 3768 5227 οἰκείαν

471 5262 648 5319 locum
681 5265 919 5336 aliquem
970 5263 1195 5318 sedebat
1243 5261 1298 5316 in
1359 5261 1480 5317 loro
1532 5280 1716 5329 coram
1766 5266 2057 5334 omnibus;

2168 5270 2360 5342 χρείαν
2407 5269 2776 5340 ἐπιζητούσης
2842 5269 3090 5339 ποιῆσαι,
3148 5267 3356 5330 εὐθέως
3405 5266 3617 5339 μηδένα
3640 5269 3767 5339 ἐρυ-

470 5365 634 5426 atque
658 5356 769 5412 hoc
791 5354 1048 5422 faciebat,
1082 5365 1144 5413 ut
1183 5355 1266 5409 vel
1315 5368 1384 5409 ex
1430 5369 1498 5410 eo
1524 5356 1903 5425 persuaderet,
1933 5372 2059 5414 vere

2171 5360 2360 5434 θριῶν,
2410 5361 2503 5415 ἐπὶ
2530 5358 2632 5429 τῆς
2679 5359 2890 5432 ἀγορᾶς
2921 5358 3061 5432 πρὸς
3108 5357 3275 5410 τόπον
3329 5354 3632 5421 ἐκαθέζετο
3670 5357 3767 5411 ἐπὶ

1985 5499 2219 5560 NOTAE.

542 5607 663 5694 (59).
687 5606 801 5689 Est,
841 5609 1011 5694 βίκος,
1041 5627 1134 5665 vas
1172 5612 1256 5694 vel
1296 5614 1429 5694 urna
1456 5614 1651 5694 habens
1672 5633 1853 5694 ausas,
1888 5619 1977 5694 uti
1993 5621 2059 5694 ab

2173 5692 2183 5694 Α
2249 5622 2365 5694 (ίῦ)
2406 5620 2520 5694 vox
2548 5621 2799 5691 ἀπέργης
2828 5610 3283 5694 obscuriorisest
3320 5628 3491 5673 notae.
3531 5615 3769 5694 videtur

473 5674 743 5763 li‘csyehie
764 5674 1081 5763 esponi'tur,
1109 5682 1195 5763 vel
1217 5698 1317 5763 vas
1338 5685 1625 5763 vium-iuni,
1667 5688 1745 5741 uti
1774 5674 2061 5763 laustatliio
2170 5674 2375 5748 habere
2402 5674 2721 5748 afﬁnitatem
2752 5674 3303 5763 cunisignilicatiOIie
3333 5688 3767 5763 VOCtlIijﬁQYO-i

474 5745 1207 5833 ρίεξςξξιιοιξιὶῌξιιάξ,βυγσσιίον,
1235 5752 1342 5818 vel,
1375 5745 1434 5807 ut
1455 5745 1700 5823 sequitur
1729 5758 1975 5828 proxime
2003 5745 2060 5816 iri
2169 5745 2225 5817 et
2248 5745 2543 5833 ἀεργηλος,
2560 5745 2740 5829 iners,
2767 5745 3015 5818 etiam:
3056 5745 3331 5829 Interpres
3359 5759 3509 5830 apud
3536 5745 3768 5817 δειδίιηί

478 5810 649 5874 textu,
682 5810 863 5878 βὶσσα,
901 5810 1111 5882 βίσσινῖ
1193 5810 1204 5817 ⁷
1329 5810 1339 5818 ’
1533 5810 1550 5823 “
1730 5810 1748 5828 ⁸

2166 5813 2349 5899 vertit,
2365 5810 2533 5888 'C'ave‘.‘
