3976 6462
274 435 409 502 1713

1541 442 1719 502 VITA
1758 442 1820 501 S.
1861 437 2266 500 SYMEONIS.

3407 426 3556 493 17Ῑῖ

269 552 512 612 πάντων,
570 549 861 629 κάντεῦθεν
910 551 1097 604 πεῖσαι
1132 548 1482 621 βουλόμενος,
1516 548 1592 613 ὡς
1640 548 1854 603 ὅτιτῶν

1979 562 2018 602 ιε
2042 562 2165 603 esse
2187 553 2382 602 emota!
2428 542 2647 599 mentis.
2692 540 2904 597 Etenim
2949 539 3186 611 Spiritus
3227 538 3422 605 sancti,
3465 543 3541 597 uti

268 642 411 694 κατὰ
459 641 621 710 φύσιν
669 643 882 713 φρενῶν
938 642 1272 714 ἐξεστηκὼς,
1318 640 1481 696 τοῦτο
1534 642 1850 713 ἐργάζεται.

265 732 679 803 ⁴ιιρουρούμενος
721 734 852 806 γὰρ,
913 734 990 797 ὡς
1023 735 1287 797 πολλάκις
1319 734 1562 804 εἴρηται,
1598 735 1664 804 τῇ
1714 734 1857 786 ενοι-

268 822 442 895 κούσῃ
473 821 626 893 αὐτῷ
661 823 887 893 δυνάμει
920 824 1017 878 τοῦ
1048 824 1210 893 ἁγίου
1258 823 1605 891 Πνεύματος,
1651 823 1753 894 τῆς
1791 824 1858 878 ὲκ

267 913 364 968 τοῦ
393 914 644 968 διαϐόλου
679 918 981 986 πυρώσεως
1007 913 1282 986 άνώτερος
1308 914 1605 985 ἐτύγχανεν
1629 954 1645 980 ,
1689 915 1859 987 μηδα-

272 1004 391 1076 μῶς
420 1005 528 1059 ὑπὸ
554 1005 758 1076 ταύτης
786 1005 1183 1076 βλαπτόμενος.

344 1102 436 1152 λε’.
467 1096 556 1150 Ἐν
589 1098 690 1167 μιᾷ
716 1092 813 1152 οὖν
838 1097 1178 1169 θεασάμενος
1204 1096 1402 1153 ιτοῢτον
1441 1099 1861 1170 κατατετηγμέ-

267 1205 361 1243 νον
392 1191 458 1244 ὲκ
484 1190 584 1260 τῆς
598 1190 891 1259 ἀσκήσεως
913 1185 1001 1261 (ἦν
1020 1192 1131 1262 γάρ
1154 1192 1470 1263 άπόπασχα,
1494 1193 1589 1246 καὶ
1607 1187 1677 1264 ἧν
1699 1195 1860 1264 ποιή-

273 1296 377 1345 σας
405 1281 592 1346 ἄσιτος
621 1280 722 1346 τὰς
745 1281 912 1350 ἁγίας
934 1282 1191 1354 νηστείας
1230 1283 1435 1352 πάσας)
1466 1286 1495 1338 6
1540 1300 1864 1357 προμνημο-

266 1372 487 1437 νευθεὶς
516 1373 772 1444 ἐνάρετος
794 1373 1052 1445 Ἰωάννης
1087 1375 1116 1427 6
1147 1374 1428 1447 θεοφιλὴς,
1455 1377 1483 1429 6
1508 1375 1605 1430 καὶ
1631 1376 1722 1429 τὸν
1749 1375 1864 1446 βίον

270 1463 441 1518 αὐτοῦ
458 1466 590 1537 ἡμῖν
611 1465 1064 1537 ὑφηγησάμενος,
1084 1466 1180 1519 καὶ
1205 1465 1591 1538 συμπαθήσας,
1614 1467 1710 1521 καὶ
1734 1465 1865 1521 θαυ-

276 1554 459 1625 μάσας
492 1554 591 1627 τὴν
638 1556 847 1627 ἄφατον
880 1557 1048 1611 αὐτοῦ
1094 1559 1542 1629 σκληραγωγίαν,
1570 1559 1773 1631 καίπερ
1807 1560 1866 1612 ὲν

274 1646 429 1700 ⁴ιυύλει
458 1647 840 1718 τυγχάνοντος,
868 1649 965 1703 κα)⁵
997 1648 1248 1717 γυναιξὶν
1278 1650 1375 1704 καὶ
1400 1648 1711 1721 ἀνθρώποις
1741 1667 1867 1705 συν-

273 1740 784 1811 αναστρεφομένου,
811 1740 1096 1813 βουληθεὶς
1128 1741 1204 1806 ὡς
1252 1743 1310 1796 ἐν
1354 1740 1507 1808 τάξει
1560 1742 1866 1811 παιγνιδίου

1957 637 2167 693 dictum
2200 635 2405 707 saepius
2431 643 2536 697 est,
2569 632 2620 689 ei
2653 632 3025 687 inliabit-antis
3044 631 3248 686 virtute
3276 631 3543 695 munitus,

1958 726 2277 783 incendium
2331 725 2534 783 diaboli
2578 724 2902 797 superabat,
2940 737 3285 794 nequaquam
3339 722 3411 778 ab
3454 723 3559 778 illo.

1957 818 2140 875 laesus.

2033 1128 2125 1184 35.
2198 1127 2298 1182 Die
2355 1126 2589 1198 quadam
2635 1133 2922 1197 postquam
2970 1126 3202 1183 vidisset
3260 1140 3385 1179 eum
3439 1140 3554 1193 pne

1964 1218 2357 1275 exercitatione
2387 1225 2720 1272 maceratum
2760 1217 2908 1288 (nam
2939 1216 3148 1271 Pascha
3188 1216 3548 1287 praeterierat,

1964 1317 2021 1364 et
2051 1307 2169 1364 sine
2192 1308 2315 1364 cibo
2357 1322 2507 1362 sacra
2550 1307 2737 1362 omnia
2768 1306 2977 1377 ieiunia
3018 1306 3378 1376 transegerat)
3409 1321 3551 1374 prte-

1965 1399 2147 1456 dictu’s
2177 1406 2435 1469 spectatas
2472 1397 2694 1453 virtutis
2737 1396 3000 1462 Joannes,
3044 1395 3138 1450 Dei
3164 1409 3373 1461 amans,
3406 1395 3553 1450 idem

1966 1488 2078 1559 ille,
2109 1489 2204 1561 qui
2227 1490 2399 1546 vitam
2420 1488 2541 1558 ejus
2571 1487 2731 1543 nobis
2751 1487 3023 1558 exposuit,
3047 1503 3152 1542 nec
3180 1498 3290 1541 non
3324 1486 3555 1540 misera-

1969 1577 2068 1639 tus'
2108 1598 2173 1639 ac
2213 1583 2446 1638 miratus
2484 1577 2820 1635 ineffabilem
2865 1579 2987 1649 eius
3031 1578 3432 1643 austeritatem,
3476 1585 3558 1632 ta-

1968 1675 2132 1731 metsi
2166 1675 2222 1729 in
2261 1673 2483 1730 civitate
2513 1678 2679 1736 esset,
2726 1679 2782 1725 et
2820 1686 2946 1727 cum
2992 1669 3317 1725 mulieribus
3354 1669 3559 1739 pariter

1971 1781 2036 1822 ac
2064 1780 2189 1821 cum
2216 1764 2362 1832 .viris
2392 1771 2743 1849 versaretuq,
2779 1762 2972 1816 volens
3012 1758 3167 1830 quasi
3202 1774 3298 1830 per
3334 1760 3561 1816 modum

272 1830 691 1904 ἀνακτήσασθαι
726 1833 894 1887 αὐτοῦ
936 1832 999 1886 τὸ
1050 1832 1237 1903 σῶμα,
1282 1832 1438 1902 λέγει
1484 1832 1654 1905 αὐτῷ·
1690 1835 1868 1908 Ἐρχῃ

1979 1860 2086 1916 ludi
2115 1830 2317 1930 corpus
2339 1858 2513 1928 ipsius
2547 1830 2879 1922 refocillare,
2915 1855 3086 1911 dicit:
3128 1853 3265 1910 Veni
3295 1855 3560 1917 lavatum,

272 1921 475 1988 λοάεινν
506 1923 664 1990 me
692 1924 857 1993 Λέγει
883 1925 1033 1995 αὐτῷ
1057 1925 1265 1999 aeno.
1292 1923 1488 1994 λέγων·
1517 1903 1648 1979 Ναί.
1692 1903 1872 1994 ait;

1979 1903 2086 1916 -υυ-
2116 1903 2316 1930 νν-ν-ν
2341 1903 2513 1928 -νυ--υ
2550 1903 2879 1922 unum".
2917 1903 3086 1911 ν---ν-
3147 1903 3265 1910 ιη.-

1979 1949 2122 2005 Sale.
2156 1947 2404 2018 Subiecit
2429 1948 2519 2003 ille
2553 1964 2568 2001 :
2608 1945 2723 2001 lmo
2771 1962 2924 2012 vero,
2976 1961 3189 2013 eamus,
3221 1961 3431 2001 eamus.
3467 1945 3562 2000 Di-

279 2030 409 2084 μεν,
432 2013 679 2085 ἄγωμεν
709 2017 806 2070 καὶ
835 2016 932 2070 σὺν
964 2015 1042 2088 τῷ
1063 2015 1209 2088 λόγῳ
1235 2015 1537 2070 ἀποδύεται
1561 2017 1625 2071 τὸ
1656 2016 1871 2087 ἱμάτιον

276 2104 469 2171 αὐτοῦ,
502 2108 598 2161 καὶ
622 2106 858 2179 ἐπετέθη
883 2106 1019 2161 αὐτὸ
1043 2109 1126 2171 είς
1159 2106 1259 2178 τὴν
1284 2106 1532 2178 κεφαλὴν
1559 2106 1747 2173 αὑτοῦ,
1772 2108 1872 2179 δή-

277 2217 379 2264 σας
405 2200 539 2255 αὐτὸ
567 2200 649 2265 είς
680 2200 873 2271 αὐτὴν,
900 2198 980 2264 ὡς
1012 2198 1293 2269 φακίολιν.
1328 2199 1440 2253 Καὶ
1483 2198 1635 2268 λέγει
1667 2198 1817 2272 αὐτῷ
1843 2202 1872 2254 6

275 2291 440 2365 κῦρις
462 2293 739 2363 Ἰωάννης*
760 2294 1017 2364 Φόρεσον,
1043 2290 1268 2361 άδελφὲ,
1297 2291 1422 2346 ἐπεὶ
1442 2290 1612 2356 ὅντως
1637 2292 1734 2346 ὲὰν
1769 2308 1872 2361 γυ-

280 2387 414 2456 μνὸς
442 2387 788 2459 περιπατεῖς,
822 2383 934 2453 ἐγὼ
966 2383 1109 2455 μετὰ
1137 2382 1234 2439 σοῦ
1265 2382 1367 2437 οὐκ
1410 2382 1666 2455 ἔρχομαι.
1707 2383 1873 2452 Λέγει

276 2477 430 2549 αὖτῷ
456 2481 485 2532 6
516 2478 692 2543 ἁὸὅᾶς
738 2477 987 2547 Συμεών⁸
1025 2476 1271 2544 Ὕπαγε,
1322 2473 1488 2547 ἐξηχε
1512 2516 1529 2541 ,
1573 2474 1686 2545 ἐγὼ
1713 2474 1875 2547 ἔργον

277 2567 390 2639 πρὸ
421 2566 584 2638 ἔργου
632 2567 891 2639 ἐποίησα,
940 2567 991 2621 εί
1025 2565 1083 2620 δὲ
1122 2565 1224 2619 οὐκ
1249 2562 1408 2638 ἔρχῃ,
1442 2564 1555 2619 ἰδοὺ
1597 2563 1710 2634 ἐγὼ
1736 2582 1874 2637 προ-

277 2658 544 2730 λαμϐάνω
576 2676 637 2713 σε
662 2660 882 2732 μικρόν.
911 2661 1020 2714 Καὶ
1048 2659 1209 2730 ἀφεὶς
1231 2659 1392 2715 αὑτὸν
1430 2657 1732 2731 προέλαϐεν
1761 2657 1874 2712 ὀλί-

278 2767 402 2819 γον.
453 2750 559 2805 Δύο
607 2750 702 2806 οὖν
747 2750 949 2822 λουτρά
993 2747 1138 2823 ἦσαν
1177 2751 1471 2822 ἐγγίζοντα
1510 2750 1789 2823 ἀλλήλοις,
1816 2751 1876 2805 ἓν

280 2840 516 2910 ἀνδρῶν,
557 2842 654 2896 καὶ
684 2840 745 2894 ἓν
777 2845 1109 2910 γυναικεῖον.
1159 2843 1355 2898 Εἵασεν
1400 2836 1494 2897 οὖν
1528 2842 1590 2896 τὸ
1645 2841 1754 2895 τῶν
1784 2843 1878 2896 άν-

279 2932 428 3004 δρῶν
455 2935 485 2987 6
512 2933 702 2998 Σαλδς,
735 2934 830 2987 καὶ
859 2933 1125 3006 ὥρμησεν
1159 2936 1240 2998 εἰς
1264 2934 1326 2987 τὸ
1370 2935 1686 3003 γυναικεῖον
1719 2934 1876 2989 ἑκου-

284 3022 440 3088 σίως.
506 3023 782 3095 Ἔκραξεν
826 3019 923 3078 οὖν
966 3022 1118 3095 αύτῷ
1146 3026 1176 3078 6
1228 3023 1390 3095 κῢρις
1420 3023 1717 3095 Ἰωάννης·
1765 3023 1877 3077 Ποῦ

286 3117 546 3186 ὑπάγεις,
576 3114 755 3181 Σαλέ;
795 3119 999 3187 μεῖνον,
1026 3116 1135 3169 τῶν
1160 3115 1464 3185 -γυναικῶν
1497 3116 1644 3175 ἔστιν
1679 3115 1875 3168 ἐκεῖνο.

286 3208 563 3279 Στραφεὶς
619 3210 648 3262 6
692 3206 1027 3279 θαυμάσιος,
1088 3207 1240 3275 λέγει
1297 3205 1479 3278 αὐτῷ’
1535 3206 1778 3273 “Tata-rs,
1812 3207 1878 3259 σὺ

287 3257 644 3368 {attigi
676 3257 1030 3368 aggeri;
1059 3257 1240 3369 νέῥέζρξ
1264 3257 1364 3351 ei
1381 3257 1498 3351 ’ὦδε
1530 3257 1880 3367 θέρμδῖκᾲὶ.
1908 3257 1952 3318 C

284 3389 467 3457 νερόν.
505 3389 614 3442 Καὶ
635 3388 687 3443 τί
715 3406 845 3443 ποτε
881 3387 1146 3462 περισσὸν
1173 3388 1298 3442 οὔτε
1331 3388 1471 3454 εκεῖ,
1499 3385 1627 3440 οὔτε
1650 3381 1755 3441 ὧδε
1775 3385 1872 3441 ἔνι.

285 3481 411 3537 Καὶ
429 3480 677 3553 δραμὼν,
701 3481 953 3552 εἰσῆλθεν
992 3480 1271 3552 άναμέσον
1308 3479 1419 3534 τῶν
1450 3478 1730 3547 γυναικῶν
1753 3518 1767 3542 ,
1803 3478 1881 3544 ὡς

286 3574 388 3629 ἐπὶ
414 3575 619 3646 Κυρίου
652 3576 753 3647 τῆς
781 3574 960 3645 δόξης.
999 3574 1293 3645 Ὦρμησαν
1320 3572 1377 3627 δὲ
1414 3574 1588 3626 πᾶσαι
1628 3570 1750 3626 κατ’
1783 3572 1881 3627 αύ-

287 3666 412 3733 τοῦ,
432 3667 538 3721 ’καὶ
564 3668 868 3721 τύπτουσαι
892 3666 1057 3721 αὐτὸν
1081 3667 1411 3735 ἐξήνεγκαν.
1446 3664 1764 3736 Ἠρὼτησεν
1786 3657 1880 3717 οὖν

287 3756 456 3811 αὑτὸν
485 3757 514 3808 6
544 3756 798 3827 θεοφιλὴς
828 3756 1100 3823 διάκονος,
1140 3757 1229 3810 ὅτε
1268 3754 1388 3809 ὅλον
1417 3753 1511 3809 τὸν
1554 3753 1669 3824 βίον
1713 3751 1879 3807 αὑτοῦ

287 3847 511 3915 ἐξεῖπεν
546 3848 716 3920 αὐτῷ·
740 3848 842 3903 Διὰ
870 3847 963 3901 τὸν
991 3847 1220 3919 Κύριον,
1254 3846 1460 3916 Πάτερ,
1490 3845 1607 3910 πῶς
1642 3844 1880 3916 ῂσθάνου

292 3940 546 4008 σεαυτὸν,
574 3941 652 4005 ὼς
681 3940 930 4012 εἰσῆλθες
963 3940 1045 4003 είς
1069 3939 1132 3994 τὸ
1182 3938 1411 4011 λουτρὸν
1440 3938 1503 3992 τὸ
1533 3938 1880 4006 γυναικεῖονς

289 4034 459 4103 Λέγει
487 4032 672 4105 αὐτῷ·
696 4033 1016 4097 Πίστευσον,
1065 4031 1277 4097 τέκνον,
1305 4030 1499 4098 ὥσπερ
1544 4029 1701 4095 ξύλον
1741 4028 1885 4101 μετὰ

291 4125 490 4192 ξύλων,
514 4125 689 4190 οὓτως
713 4125 868 4191 κάγὼ
897 4127 1046 4197 ἤμην
1068 4125 1212 4179 τότε.
1257 4122 1398 4178 Οὔτε
1433 4123 1542 4196 γὰρ
1590 4125 1672 4178 ὅτι
1721 4124 1882 4195 σῶμα

289 4219 546 4289 ἐφόρουν,
579 4218 701 4271 οὐδὲ
734 4218 820 4272 ὅτι
853 4220 932 4281 εἰς
965 4218 1196 4288 σώματα
1228 4214 1501 4286 εἰσῆλθον,
1542 4214 1878 4286 ᾐσθανόμην.

302 4307 447 4362 Ἀλλ’
479 4308 603 4372 ὅλος
626 4325 728 4378 μου
761 4310 789 4362 6
826 4306 952 4370 νοῦς
980 4308 1061 4371 εἰς
1099 4305 1159 4359 τὸ
1189 4304 1350 4375 ἔργον
1382 4304 1478 4359 τοῦ
1505 4304 1645 4357 Θεοῦ
1668 4300 1759 4377 ἦν,
1788 4305 1884 4360 καὶ

290 4400 354 4467 ἐξ
382 4396 551 4455 αὐτοῦ
575 4401 677 4454 οὐκ
700 4400 971 4468 ἀπέστην.
1001 4398 1083 4452 Τὰ
1111 4398 1208 4468 μὲν
1238 4399 1348 4467 γὰρ
1376 4396 1485 4453 τῶν
1515 4396 1681 4450 αὑτοῦ
1712 4413 1885 4466 πραγο

292 4490 488 4563 μάτων
512 4492 541 4545 6
569 4491 779 4553 δίκαιος
806 4490 1056 4550 ἐπετέλει
1093 4490 1183 4544 διὰ
1208 4487 1488 4561 σωτηρίαν
1518 4488 1611 4542 xui.
1659 4488 1880 4559 συμπά-

1972 2045 2119 2094 ctum
2160 2037 2399 2105 factum;
2438 2035 2592 2092 exuit
2621 2042 2828 2091 vestem
2880 2049 3059 2102 suam,
3094 2034 3260 2105 capiti
3291 2033 3565 2105 superim-

1975 2131 2179 2202 posuit,
2217 2138 2275 2185 et
2326 2137 2585 2200 tanquam
2623 2127 2852 2184 fasciam
2901 2126 3082 2183 eidem
3129 2126 3392 2198 alligavit.
3424 2124 3566 2180 Dicit

1974 2222 2052 2278 illi
2080 2223 2336 2279 dominus
2375 2221 2615 2279 Joannes
2644 2239 2659 2276 :
2706 2221 2899 2289 Indue,
2936 2220 3142 2288 frater;
3170 2220 3296 2291 quia
3328 2233 3480 2286 vere,
3516 2218 3564 2273 si

1973 2313 2159 2368 nudus
2206 2312 2471 2380 ambulas,
2504 2327 2606 2384 ego
2646 2319 2830 2367 tecum
2876 2325 2989 2366 non
3028 2311 3210 2366 venio.
3252 2307 3353 2365 Cui
3398 2308 3568 2365 abbas

1979 2405 2245 2478 Symeon:
2269 2407 2475 2477 Apage,
2496 2404 2691 2461 stulte:
2711 2419 2851 2476 opus
2869 2403 3139 2477 agendum
3169 2401 3411 2475 praeveni
3427 2400 3565 2473 (ll).

1977 2495 2035 2551 Si
2078 2506 2261 2552 autem
2290 2496 2481 2552 venire
2515 2496 2722 2562 renuis,
2751 2510 2844 2560 en,
2863 2495 3117 2567 przecedo
3155 2503 3207 2550 te
3233 2492 3566 2565 pauxillum;

1978 2601 2155 2657 eoque
2205 2586 2396 2642 relicto
2451 2586 2850 2657 aliquantulum
2900 2584 3202 2658 praecessit.
3254 2583 3372 2640 Duo
3410 2591 3571 2639 erant

1979 2674 2214 2741 lavacra,
2251 2684 2445 2730 mutuo
2488 2674 2591 2730 sibi
2634 2672 2967 2745 propinqua,
3013 2673 3258 2729 virorum
3296 2672 3567 2735 alterum;

1979 2764 2211 2820 alterum
2241 2767 2554 2821 mulierum.
2578 2765 2819 2835 Reliquit
2847 2763 3004 2820 Salus
3042 2763 3119 2831 id,
3163 2764 3309 2836 quod
3336 2770 3456 2818 erat
3487 2760 3571 2817 vi-

1980 2871 2189 2924 rorum,
2213 2864 2269 2912 et
2300 2857 2533 2912 contulit
2562 2871 2623 2912 se
2650 2856 2718 2912 ad
2751 2856 2905 2922 illud,
2925 2856 3072 2927 quod
3107 2863 3225 2911 erat
3252 2854 3570 2919 mulierum,

1981 2952 2180 3013 sponte
2209 2959 2327 2999 sua.
2389 2945 2727 3000 lnclamabat
2773 2944 3036 3000 Dominus
3103 2940 3344 2999 Joannes
3389 2959 3403 2996 :
3453 2940 3573 3008 Quo

1984 3033 2185 3103 tendis,
2218 3034 2386 3091 Sale?
2422 3034 2614 3103 Mane;
2648 3035 2941 3092 mulierum
2982 3034 3115 3090 illud
3141 3042 3245 3090 εει.
3260 3034 3574 3090 Conversus

1981 3126 2065 3180 vir
2093 3125 2398 3182 mirabilis:
2455 3129 2663 3200 Apage,
2715 3128 2919 3199 inquit,
2980 3126 3182 3194 stulte;
3241 3125 3350 3181 illic
3396 3124 3574 3180 calida

1982 3232 2124 3287 aqua
2147 3217 2282 3290 (42),
2317 3226 2372 3274 et
2396 3219 2487 3275 hic
2510 3218 2684 3275 calida
2717 3233 2877 3290 aqua.
2926 3217 3199 3284 Quidnam
3228 3225 3312 3272 est
3340 3217 3576 3286 amplius

1988 3312 2230 3381 autiliic,
2259 3322 2354 3369 aut
2376 3314 2509 3370 hic?
2539 3313 2609 3370 Et
2627 3329 2876 3380 currens,
2916 3313 3171 3368 transivit
3203 3327 3303 3383 per
3331 3310 3576 3367 medium

1988 3405 2301 3473 mulierum,
2329 3405 2483 3476 quasi
2511 3405 2567 3460 in
2598 3406 2833 3461 Domino
2862 3405 3118 3476 glorians.
3153 3403 3360 3460 Omnes
3388 3412 3576 3459 autem

1988 3495 2271 3552 irruerunt
2300 3498 2356 3551 in
2373 3511 2520 3563 eum,
2546 3506 2603 3551 et
2621 3496 2978 3552 verberantes
3006 3496 3308 3566 eiecerunt.
3330 3494 3574 3550 Interro-

1987 3589 2134 3663 gavit
2164 3604 2294 3661 ergo
2323 3604 2452 3644 eum
2484 3588 2580 3644 Dei
2607 3603 2801 3643 amans
2832 3588 3116 3652 diaconus,
3145 3587 3367 3658 quando
3403 3595 3576 3644 totam

1987 3679 2231 3735 civitam
2277 3692 2432 3733 suam
2480 3676 2754 3748 exposuit.
2810 3675 2927 3740 Dic,
2969 3684 3196 3746 propter
3251 3673 3573 3738 Dominum,
3651 3668 3657 3682 '

1990 3770 2174 3838 Pater,
2201 3769 2478 3841 quomodo
2516 3767 2667 3823 fuisti
2700 3766 2952 3833 affectus,
2990 3776 3280 3838 postquam
3308 3780 3370 3820 es
3402 3764 3579 3820 intro-

1989 3878 2210 3937 gressus
2255 3863 2531 3918 lavacrum
2566 3860 2906 3916 mulierum?
2934 3858 3036 3914 Cui
3060 3858 3151 3913 ille
3185 3873 3198 3910 :
3231 3857 3427 3922 Crede,
3473 3856 3574 3923 fili,

1988 3951 2131 4008 sicut
2179 3951 2384 4022 lignum
2436 3956 2520 4003 est
2567 3962 2691 4003 cum
2740 3945 2922 4018 lignis,
2960 3945 3042 4000 sic
3082 3959 3182 4013 ego
3223 3951 3356 3998 tunc
3399 3955 3575 3998 eram.

1986 4038 2179 4109 Neque
2234 4037 2382 4093 enim
2423 4035 2568 4107 quod
2607 4047 2807 4104 corpus
2842 4032 3075 4098 ferrem,
3100 4045 3283 4101 neque
3306 4029 3455 4099 quod
3497 4028 3579 4083 in-

1990 4147 2207 4205 gressus
2232 4146 2408 4188 essem
2426 4130 2628 4193 locum,
2653 4127 2745 4183 ubi
2767 4134 2927 4182 erant
2952 4138 3202 4195 corpora,
3230 4121 3573 4186 sentiebam;

1990 4222 2083 4279 sed
2118 4237 2274 4277 mens
2300 4236 2421 4275 mea
2452 4228 2565 4275 tota
2596 4227 2716 4274 erat
2750 4218 2807 4272 in
2831 4231 2998 4288 opere
3025 4214 3275 4280 Domini,
3295 4214 3364 4268 ab
3396 4226 3578 4283 eoque

1989 4332 2102 4373 non
2130 4315 2342 4372 destiti.
2366 4314 2498 4369 Nam
2517 4328 2601 4381 ea,
2623 4328 2744 4384 quae
2772 4311 2945 4384 gessit
2965 4317 3206 4376 sanctus,
3225 4308 3415 4365 'eﬂ‘ecit
3443 4323 3574 4378 par-

1990 4405 2087 4459 tim
2126 4420 2191 4460 ex
2233 4403 2416 4459 studio
2457 4400 2671 4470 salutis,
2702 4409 2758 4456 et
2786 4416 2854 4456 ex
2890 4396 3366 4455 commiseratione
3391 4395 3577 4452 homi-

1990 4513 2143 4565 num,
2173 4496 2369 4568 partim
2398 4504 2461 4551 ιιι
2486 4496 2879 4566 obtegerentur
2913 4492 3085 4565 ipsius
3113 4499 3265 4546 recte
3299 4489 3467 4545 facta.

288 4585 447 4639 θειαν
475 4583 583 4638 τῶν
611 4580 942 4653 ἀνθρώπων,
973 4576 1056 4636 τὰ¹
1076 4582 1134 4636 δὲ
1174 4582 1264 4637 ἵνα
1292 4579 1738 4651 ὲπικαλυφθώσιν
1785 4580 1883 4635 7.6-
1915 4618 1959 4676 ο

287 4678 391 4733 τοῦ
420 4678 488 4733 τὰ
513 4677 772 4749 ἑπιτηδεύ
781 4695 947 4748 ματα.

367 4759 680 4837 λς’.Ἶισάν
714 4786 845 4824 ποτε
876 4767 1038 4822 πάλιν
1066 4766 1268 4834 ἔξωθεν
1289 4764 1387 4837 τῆς
1417 4766 1627 4829 πόλεως
1655 4766 1872 4835 τρέχον-

2061 4770 2149 4825 36.
2191 4766 2447 4824 Nonnulli
2492 4775 2647 4823 extra
2686 4764 2960 4819 civitatem
3003 4761 3281 4834 agitabant
3327 4773 3573 4824 cursum,

289 4885 388 4933 τες
443 4866 777 4938 λυσόπορτα,
839 4859 915 4920 ὧν
971 4861 1052 4928 εἷς
1114 4864 1362 4935 ὑπῆρχεν
1415 4863 1532 4928 υίὸς
1564 4861 1661 4916 τοῦ
1712 4859 1872 4931 κυροῖ

1985 4863 2256 4933 lysoporta
2305 4859 2535 4916 dictum.
2592 4856 2725 4913 Erat
2767 4855 2915 4911 inter
2967 4854 3089 4910 illos
3137 4851 3280 4908 illius
3342 4848 3575 4906 Joannis

304 4961 557 5017 Ἰωάννου
590 4959 687 5013 τοῦ
713 4959 967 5014 διακόνου
995 4956 1088 5011 τοῦ
1112 4956 1270 5026 φίλου
1305 4956 1496 5022 αὑτοῦ,
1522 4955 1583 5019 ὃς
1621 4954 1730 5028 πρὸ
1775 4952 1872 5007 ὀλί-

1983 4951 2224 5017 diaconi,
2269 4949 2564 5024 Symeonis
2594 4947 2778 5013 amici,
2819 4944 2913 5017 qui
2957 4944 3147 5017 paucis
3204 4938 3573 4999 ante‘diebus

288 5069 410 5124 γων
444 5052 667 5124 ἡμερῶν
691 5046 759 5124 ἦν
787 5050 1094 5122 πορνεύσας
1137 5050 1217 5113 εἰς
1266 5047 1558 5120 ὓπανδρον,
1605 5049 1701 5100 καὶ
1726 5047 1783 5100 ὲν
1807 5043 1872 5117 τᾷ

1986 5061 2103 5101 rem
2161 5044 2431 5100 habuerat
2470 5057 2596 5098 cum
2666 5039 2894 5095 muliere
2947 5035 3232 5107 coniugata
3274 5047 3288 5084 :
3336 5044 3572 5100 cumque

288 5123 617 5216 ἑξέρχέσθαι
644 5143 806 5197 αὑτὸν
835 5145 901 5197 ὲκ
920 5143 1014 5196 τοῦ
1056 5140 1210 5195 οἴκου
1262 5141 1433 5211 αὐτῆς
1459 5180 1474 5204 ,
1507 5137 1872 5209 ὲδαιμονίσθη,

1981 5140 2144 5196 domo
2172 5139 2292 5209 ejus
2328 5135 2701 5208 egrederetur,
2747 5130 2970 5186 nemine
3020 5129 3198 5199 ipsum
3240 5123 3480 5187 vidente,
3538 5136 3571 5176 a

294 5213 527 5309 μηθενὸς
566 5236 975 5300 ἱδόντοςαύτόν.
1021 5235 1309 5305 Ἐθέλησεν
1363 5228 1458 5289 οὖν
1486 5234 1514 5287 6
1569 5233 1717 5295 ὅσιος
1767 5229 1872 5300 ἅμα

1982 5232 2231 5287 dzemone
2258 5237 2343 5285 est
2371 5221 2648 5284 obsessus.
2672 5223 2860 5280 Voluit
2887 5237 3012 5278 eum
3055 5225 3279 5273 sanctus
3305 5213 3469 5273 simul
3499 5213 3582 5269 ad

291 5302 392 5385 ἐωίι
421 5329 756 5401 σωφρονίσαι
802 5333 897 5385 καὶ
927 5302 1402 5391 ἰάσασθαι-αὺτὸν,
1438 5327 1533 5383 καὶ
1582 5325 1735 5394 λέγει
1764 5325 1872 5388 τοῖς

1985 5323 2196 5394 frugem
2241 5321 2522 5386 reducere,
2560 5317 2723 5373 simul
2767 5328 2985 5377 sanare,
3022 5319 3077 5367 et
3119 5308 3259 5365 dixit
3294 5302 3586 5363 currentis

291 5397 600 5490 τρέχουσι-ν’
635 5420 844 5483 Ὄντως
875 5422 924 5474 εἰ
961 5420 1036 5492 μὴ
1069 5420 1165 5474 καὶ
1185 5418 1297 5488 ἐγὼ
1339 5417 1514 5482 παξεω
1554 5416 1671 5487 μεθ’
1703 5412 1872 5486 ὑμῶν,

1987 5413 2091 5468 bus
2122 5429 2132 5463 :
2168 5411 2461 5467 Enimvero
2496 5409 2542 5464 si
2592 5422 2694 5478 ego
2733 5405 3011 5461 vobiscum
3058 5416 3165 5456 una
3210 5414 3321 5454 non
3358 5397 3565 5458 lusere,

1801 5591 2036 5649 ΝΟΤΛΕ.

365 5735 481 5790 (ill
526 5732 799 5806 lnterpres
828 5735 972 5806 apud
1014 5735 1233 5790 Surium
1276 5737 1433 5791 vertit
1470 5754 1481 5788 ε
1523 5755 1539 5786 ι
1579 5734 1688 5806 Ego
1726 5734 1872 5790 enim

2002 5805 2005 5806 ν
2053 5732 2166 5806 (42)
2189 5727 2263 5785 Τὸ
2293 5731 2485 5806 ναρόνι,
2518 5730 2661 5785 idem
2692 5734 2860 5806 Sonat
2889 5721 3243 5806 quoddypéa
3270 5718 3573 5806 hamidugﬂ‘.

293 5786 635 5877 ante—neptis,
649 5786 982 5875 bidem},
1022 5786 1042 5858 ί
1062 5786 1293 5862 (utinam-
1314 5786 1479 5863 Eilis
1520 5786 1762 5877 congrue
1780 5786 1877 5860 "Et
1990 5786 2266 5877 liquidum.
2293 5786 2429 5877 Vide
2450 5786 2740 5877 Auctorem
2762 5786 3115 5871 Etynfologici
3134 5786 3193 5848 in
3224 5786 3355 5849 voce
3380 5786 3567 5860 ναρόν.

295 5870 690 5948 significanter.
719 5870 736 5875 ’
970 5870 977 5872 ⁷
1631 5870 1655 5877 ⁷
1989 5870 2183 5930 Noster
2218 5871 2406 5928 scribit
2424 5870 2598 5943 νερόν.
