3976 6426
373 335 510 407 1719

1395 356 1702 415 LEONTII
1744 355 2255 416 NEAPULITANI
2300 353 2640 414 EPISCOPI

3508 347 3654 415 1720

370 453 635 526 sapientia
675 470 702 508 a
734 459 844 513 Deo
867 457 1166 514 honoratus
1192 459 1388 517 fuerat.
1429 463 1674 535 Cumque
1709 465 1846 520 alter
1873 465 1957 519 dio

2075 463 2340 536 τιμηθεὶς,
2369 462 2462 517 καὶ
2489 461 2582 516 τοῦ
2611 459 2713 532 μὲν
2739 460 3013 530 λέγοντος,
3044 459 3129 514 δτι
3157 460 3258 514 οὐκ
3305 454 3375 531 ἦν
3407 458 3475 514 ιιι
3506 458 3647 512 Θεοῦ

368 557 521 602 ceret
577 548 884 615 scientiam,
924 567 1028 620 qua
1057 552 1313 622 pollebat,
1356 570 1465 610 non
1503 555 1671 611 fuisse
1706 572 1775 611 ex
1818 551 1948 623 Deo,

366 635 466 690 sed
500 652 568 691 ex
594 640 829 692 naturali
857 640 1059 710 ingenii
1093 644 1378 712 ubertate;
1404 661 1567 715 porro
1590 645 1804 702 felicem
1831 647 1953 702 ani-

368 741 512 782 mam
545 738 787 794 nactum,
823 735 1128 802 praesertim
1163 752 1294 791 vero
1321 752 1446 791 cum
1481 736 1781 808 Scriptura:
1809 738 1951 793 divi-

366 833 452 872 na;
507 818 749 885 lectioni,
791 831 849 876 et
889 825 1094 879 sanctis
1146 824 1404 899 Patribus
1450 839 1691 894 vacaret,
1737 829 1951 885 acuisse

365 914 543 982 ipsum
590 914 795 984 ingenii
846 919 978 982 vim,
1024 929 1082 973 et
1108 937 1171 973 ex
1209 921 1312 976 hac
1358 939 1416 977 re
1456 932 1660 989 ortum,
1703 925 1849 994 quod
1885 923 1954 978 li-

364 1007 496 1061 bros
527 1008 641 1080 (50)
694 1017 817 1065 tuos
870 1012 1283 1082 conscripserit.
1336 1013 1470 1068 Dum
1523 1026 1712 1070 contra
1750 1017 1956 1072 diceret

364 1099 539 1164 alter;
571 1115 681 1154 non
729 1117 892 1171 posse
932 1103 1172 1174 aliquem
1206 1106 1392 1162 dicere
1447 1108 1583 1163 tales
1620 1123 1684 1163 ex
1717 1109 1952 1164 naturali

367 1189 566 1261 ingenii
597 1192 853 1248 ubertate
885 1209 1191 1262 sermones,
1250 1198 1438 1266 quales
1477 1199 1566 1254 ille
1611 1199 1952 1272 vulgaverat,

365 1283 668 1351 praesertim
709 1283 851 1348 illos,
888 1285 982 1356 qui
1015 1285 1254 1359 Hexapla
1278 1289 1391 1360 (51)
1419 1289 1700 1357 dicuntur,
1751 1299 1807 1346 et
1835 1307 1957 1362 qua:

366 1375 489 1430 ideo
528 1391 700 1446 usque
740 1377 796 1431 in
830 1378 1158 1435 hodiernum
1207 1381 1355 1436 diem
1394 1380 1638 1438 Ecclesia
1689 1383 1955 1438 catholica

367 1467 605 1524 admittit
663 1480 921 1541 tanquam
971 1475 1285 1530 necessaria
1335 1476 1472 1546 (ΒΞ).
1526 1476 1708 1532 Alium
1755 1478 1956 1534 iterum

366 1561 786 1631 respondente:
839 1563 1036 1631 Crede,
1089 1568 1321 1640 gentiles
1350 1578 1501 1636 sunt,
1551 1569 1646 1640 qui
1691 1569 1956 1640 sapientia

365 1647 521 1704 illum
567 1662 922 1721 superarunt,
967 1663 1024 1710 et
1076 1655 1282 1726 plures,
1330 1675 1493 1728 quam
1529 1660 1620 1715 ille
1646 1660 1815 1716 libros
1846 1661 1958 1731 (55)

366 1740 725 1811 scripserunt.
770 1740 924 1810 Quod
973 1747 1141 1818 ergo?
1183 1749 1266 1802 An
1313 1765 1452 1820 opus
1494 1761 1580 1806 est
1610 1766 1705 1807 eos
1737 1752 1959 1808 laudare

366 1842 592 1904 propter
646 1836 906 1892 verbosas
934 1853 1062 1894 suas
1119 1841 1334 1912 nugas?
1391 1843 1528 1897 Dum
1587 1843 1962 1900 discordarent

368 1924 514 1980 inter
540 1941 621 1992 se,
654 1928 876 1983 tandem
911 1929 1046 1984 dicit
1072 1945 1214 1986 unus
1233 1932 1387 1986 alteri
1419 1951 1432 1987 :
1473 1934 1740 1988 Audimus
1771 1951 1839 1990 ex
1869 1935 1958 2002 iis,

368 2016 462 2085 qni
493 2018 720 2073 veniunt
743 2034 774 2074 e
811 2021 1018 2076 sanctis
1055 2021 1214 2089 locis,
1250 2025 1395 2093 quod
1433 2023 1689 2080 Iordanis
1725 2027 1963 2083 solitudo

367 2117 602 2179 magnos
653 2108 859 2164 habeat
906 2113 1241 2179 monachos;
1300 2128 1513 2182 eamus,
1574 2115 1850 2171 discamus
1893 2117 1963 2172 ab

370 2198 524 2269 ipsis.
558 2199 748 2272 Itaque
772 2211 968 2258 euntes
991 2203 1061 2258 ad
1083 2214 1270 2260 sancta
1293 2205 1431 2272 loca,
1467 2215 1520 2261 et
1551 2217 1791 2274 orantes,
1833 2224 1961 2280 per-

372 2291 601 2347 veniunt
624 2293 788 2348 etiam
816 2293 886 2348 ad
905 2293 1261 2351 solitudlnem
1288 2298 1456 2353 maris
1474 2296 1694 2366 Mertui,
1714 2300 1769 2354 in
1798 2315 1961 2371 quam

370 2391 719 2440 secesserant
742 2383 981 2442 Joannes
1006 2396 1061 2442 et
1087 2385 1347 2460 Symeon,
1375 2392 1654 2462 perpetuis
1674 2394 1963 2464 praeconiis

370 2475 704 2532 celebrandi.
733 2477 852 2556 Deo
872 2487 1058 2534 autem
1081 2479 1316 2537 faciente
1339 2490 1401 2537 ut
1433 2499 1544 2538 non
1576 2483 1778 2539 frustra
1804 2501 1963 2542 assu-

329 2561 337 2566 ’
372 2577 593 2621 merent
634 2567 687 2624 id
719 2557 945 2636 laboris,
982 2571 1320 2629 invenerunt
1364 2576 1618 2632 abbatem
1669 2576 1960 2642 Joannem,

373 2657 469 2728 qui
495 2659 695 2715 ibidem
736 2661 997 2728 restabat,
1043 2672 1100 2719 et
1129 2665 1222 2735 qui
1262 2676 1593 2736 pervenerat
1638 2669 1707 2724 ad
1749 2672 1962 2742 apicem

374 2748 753 2819 perfectionis.
791 2751 896 2808 Ubi
927 2751 1112 2810 autem
1142 2756 1263 2812 illos
1291 2758 1446 2824 vidit,
1472 2759 1610 2815 dixit
1637 2777 1650 2813 :
1680 2759 1829 2816 Bene
1867 2777 1963 2817 ve-

374 2852 601 2906 nerunt,
623 2845 739 2913 qui,
774 2845 912 2902 mari
935 2847 1147 2914 relicto,
1189 2850 1257 2904 ad
1295 2850 1498 2906 siccam
1536 2850 1793 2922 paludem
1825 2851 1964 2908 hau-

377 2934 517 2988 sturi
548 2936 799 2992 veniunt.

451 3027 540 3082 ει.
581 3027 764 3101 Longa
788 3030 953 3104 igitur
981 3047 1047 3088 ac
1091 3032 1339 3105 religiosa
1383 3033 1530 3090 inter
1573 3049 1670 3091 eos
1701 3037 1845 3092 ultro
1879 3037 1961 3092 ci-

2055 557 2089 624 ἡ
2119 553 2395 626 προσοῦσα
2412 552 2560 625 αὐτῷ
2578 552 2801 622 γνῶσις,
2821 551 2958 608 ἀλλά
2982 552 3211 621 φυσικὸν
3230 551 3647 623 πλεονέκτημα,

2054 645 2240 699 λοιπὸν
2270 644 2326 699 δὲ
2355 646 2448 698 καὶ
2477 643 2654 712 δεξιοῦ
2688 644 2808 708 νοὸς
2848 644 3145 714 ὑπάρχων,
3180 639 3420 714 μάλιστα
3459 643 3520 697 δὲ
3547 643 3648 697 καὶ

2054 743 2120 812 τῇ
2149 738 2454 809 ἀναγνώσει
2481 739 2582 808 τῆς
2608 737 2761 800 θείας
2778 738 3025 808 Γραφῇ,
3048 737 3142 791 καὶ
3167 739 3282 798 τοῖς
3312 736 3495 804 ἁγίοις
3527 737 3652 788 [la-

2054 831 2252 900 τράσιν
2304 829 2596 900 σχολάσας,
2648 828 2852 894 ὢξυνεν
2881 828 2974 882 τὸν
3005 827 3198 882 ἑαυτοῦ
3251 827 3400 891 νοῦν,
3438 828 3538 880 καὶ
3584 826 3655 878 ἐκ

2054 920 2247 975 τούτου
2270 921 2371 990 τὴν
2395 919 2505 973 τῶν
2529 919 2753 990 βιϐλίων
2786 919 2952 972 αὑτοῦ
2979 917 3305 990 συγγραφὴν
3322 919 3650 988 ἐποιήσατο.

2056 1012 2164 1066 Τοῦ
2189 1013 2244 1067 δὲ
2278 1013 2438 1066 πάλιν
2464 1013 2862 1080 ἀντιλέγοντος,
2898 1013 2982 1065 ὅτι
3001 1012 3062 1064 οὑ
3094 1010 3321 1066 δύναταί
3365 1028 3448 1072 τις
3475 1009 3654 1079 λαλῆ-

2058 1122 2149 1158 σαι
2169 1107 2232 1159 ἐκ
2263 1104 2498 1176 φυσικοῦ
2523 1104 3006 1173 πλεονεκτήματος
3037 1103 3252 1172 λόγους,
3282 1103 3378 1168 οὓς
3406 1103 3654 1170 ἐξέθετο,

2060 1196 2299 1266 μάλιστα
2327 1196 2456 1258 τοὺς
2484 1194 2591 1248 τῶν
2639 1192 2924 1258 Ἐξαπλῶν
2979 1193 3177 1246 αὑτοῦ·
3217 1193 3298 1246 διὸ
3350 1193 3446 1246 καὶ
3484 1192 3654 1262 μέχρι

2058 1291 2303 1362 σήμερον
2332 1290 2546 1360 δέχεται
2578 1289 2714 1342 αὐτά
2741 1289 2816 1351 ὡς
2840 1290 3119 1356 ἀναγκαῖα
3143 1289 3178 1358 ὴ
3211 1286 3480 1358 καθολικὴ
3519 1287 3654 1339 Ἐκο

2057 1382 2279 1456 κλησία.
2309 1381 2480 1435 Πάλιν
2508 1381 2566 1434 δὲ
2615 1381 2831 1434 ἐκείνου
2876 1379 3352 1450 ἀποκρινομένου,
3405 1379 3491 1432 ὅτι
3546 1379 3653 1430 Πί-

2060 1491 2308 1537 στευσον,
2324 1472 2466 1526 είσὶν
2476 1471 2741 1542 Ἕλληνες
2764 1469 2985 1524 πλείονα
3006 1469 3198 1522 τούτου
3218 1469 3418 1538 σοφίαν
3445 1468 3656 1538 κτησά-

2062 1583 2236 1638 μενοι,
2270 1567 2362 1619 καὶ
2399 1563 2659 1627 πλείονας
2702 1561 2868 1618 αὐτοῦ
2913 1561 3131 1632 βίϐλους
3170 1559 3656 1632 συγγραψάμενοι.

2059 1652 2248 1712 Τίόῦν
2274 1658 2386 1727 ἄρα
2422 1656 2518 1710 καὶ
2543 1654 2769 1717 τούτους
2800 1651 3088 1706 ἐπαινέσαι
3110 1651 3218 1722 χρὴ
3245 1649 3335 1704 διὰ
3351 1651 3452 1720 τὴν
3484 1649 3658 1704 πολύ-
3731 1704 3746 1716 ,

2060 1753 2221 1824 λογον
2243 1753 2425 1808 αὐτῶν
2454 1750 2761 1822 φλυαρίαν;
2807 1747 3263 1820 ’Δσυμόιὸάστων
3300 1746 3484 1801 τοίνυν
3533 1763 3660 1817 μει-

2064 1843 2294 1906 νάντων,
2328 1841 2503 1906 τέλος,
2537 1841 2688 1910 λέγει
2719 1842 2747 1894 ὁ
2779 1835 2859 1903 εἷς
2898 1840 3035 1910 πρὸς
3059 1839 3154 1892 τὸν
3183 1837 3344 1893 ἄλλον
3363 1854 3379 1868 ·
3423 1838 3657 1891 ’Δκοὺο-

2067 1952 2167 2005 μεν
2199 1933 2350 2007 παρὰ
2382 1933 2492 1987 τῶν
2513 1933 2828 2004 ἐρχομένων
2857 1932 2922 1984 ὲκ
2946 1930 3056 1983 τῶν
3083 1929 3259 1999 ἁγίων
3310 1927 3518 1992 τόπων,
3573 1929 3658 1980 ὅτι

2067 2027 2336 2096 μεγάλους
2393 2024 2660 2095 μοναχοὺς
2707 2022 2819 2095 ἔχει
2871 2025 2906 2094 ἡ
2953 2021 3161 2093 ἕρημος
3212 2019 3309 2074 τοῦ
3357 2018 3657 2092 Ἰορδάνου,

2063 2120 2308 2188 ἄγωμεν,
2332 2117 2595 2189 μάθωμεν
2619 2116 2712 2170 ἀπ’
2740 2115 2940 2170 αὐτῶν.
2958 2114 3378 2179 Καταλαϐόντες
3409 2110 3502 2168 οὖν
3525 2115 3658 2179 τοὺς

2065 2211 2254 2279 ἁγίους
2277 2211 2498 2272 τόπους,
2525 2209 2622 2262 καὶ
2649 2207 2962 2277 εὐξάμενοι,
2997 2205 3254 2278 ἔρχονται
3294 2207 3388 2260 καὶ
3432 2207 3528 2260 ἐπὶ
3553 2205 3660 2277 τὴν

2065 2301 2270 2372 ἔρημον
2299 2300 2400 2370 τῆς
2430 2299 2655 2370 Νεκρᾶς
2682 2298 2985 2366 θαλάσσης,
3018 2299 3100 2360 είς
3125 2296 3306 2368 ἦνκαὶ
3335 2295 3480 2367 ἦσαν
3548 2297 3660 2350 ὑπ·-

2064 2391 2526 2461 αναχωρήσαντες
2547 2390 2598 2443 οί
2649 2388 2885 2459 ἀοίδιμοι
2915 2391 3010 2442 καὶ
3042 2389 3364 2459 ἀείμνηστοι
3391 2389 3658 2461 Ἰωάννης

2065 2484 2160 2537 xal.
2181 2481 2427 2553 Συμεών.
2465 2481 2573 2536 Τοῦ
2607 2481 2743 2536 Θεοῦ
2770 2482 2866 2536 οῦν
2902 2481 2978 2554 μὴ
3009 2483 3338 2552 ποιήσαντος
3369 2483 3453 2545 είς
3493 2483 3659 2536 κενὸν

2063 2574 2156 2629 τὸν
2189 2575 2358 2628 κόπον
2383 2573 2587 2640 αὐτῶν,
2613 2569 2772 2645 εὗρον
2800 2572 2891 2627 τδν
2913 2571 3090 2628 assa»;
3109 2573 3389 2644 Ἰωάννην,
3412 2573 3515 2646 ήδη
3543 2573 3658 2627 λοι-

2065 2667 2166 2720 πδν
2195 2666 2292 2720 καὶ
2318 2665 2483 2720 αὐτὸν
2502 2667 2583 2729 είς
2610 2666 2783 2739 μέτρα
2811 2665 2994 2720 τέλεια
3038 2664 3323 2736 φθάσαντα
3341 2681 3357 2698 ·
3401 2665 3482 2728 ὡς
3542 2664 3658 2735 γὰρ

2068 2752 2176 2811 ἴδεν
2207 2758 2425 2823 αὐτοὺς,
2475 2757 2668 2826 λέγει’
2691 2756 2890 2820 Καλῶς
2933 2753 3102 2828 ἦλθον
3133 2757 3183 2812 οἱ
3232 2757 3332 2828 τὴν
3370 2755 3654 2810 θάλασσαν

2063 2849 2316 2918 ἀφέντες,
2367 2848 2461 2902 καὶ
2509 2849 2604 2901 ἐπὶ
2654 2847 2754 2920 τὴν
2784 2847 2986 2919 λίμνην
3020 2847 3118 2916 τὴν
3181 2846 3353 2918 ξηρὰν
3403 2845 3660 2908 ἐλθόντες

2065 2942 2350 3014 ἀντλῆσαι.

2144 3043 2254 3105 μα’.
2281 3032 2490 3104 Πολλῆς
2535 3028 2630 3085 οὖν
2658 3031 2753 3084 καὶ
2789 3027 3070 3099 θεοφιλοῦς
3110 3027 3404 3098 συντυχίας
3449 3026 3659 3097 μεταξῦ

382 3131 575 3190 troque
601 3121 784 3177 habita
827 3125 1214 3189 collocutione,
1254 3125 1510 3182 dicebant
1541 3127 1665 3197 ipsi,
1710 3145 1810 3184 cur
1861 3131 1966 3185 hoc

2075 3128 2250 3184 αὐτῶν
2273 3125 2597 3196 γενομένης,
2619 3123 2871 3192 λέγουσιν
2905 3121 3056 3193 αὐτῷ
3091 3123 3162 3177 δι’
3195 3115 3273 3176 ὧν
3312 3119 3412 3191 τὴν
3441 3121 3662 3173 ὁδοιπο-

381 3214 488 3268 iter
537 3215 928 3284 suscepissent.
973 3216 1276 3288 Respondit
1318 3235 1332 3271 :
1380 3217 1636 3275 Nondum
1666 3263 1680 3284 ,
1740 3221 1964 3290 Patres,

267 3343 293 3363 .
383 3303 655 3359 charisma
699 3307 887 3376 accepi
939 3307 1289 3363 discernendi
1323 3309 1534 3379 judicia
1589 3310 1720 3372 Dei;
1775 3328 1966 3368 verum

383 3393 531 3452 abite
559 3398 626 3452 ad
665 3397 991 3470 Symeonem
1046 3397 1253 3464 Salum,
1299 3399 1394 3468 qui
1420 3410 1508 3454 est
1533 3400 1586 3454 in
1617 3401 1840 3472 regione
1869 3419 1969 3458 ve-

384 3497 497 3544 stra
517 3508 533 3558 ;
556 3500 609 3546 et
633 3500 815 3562 potest
835 3492 952 3562 ipse
977 3501 1032 3546 et
1055 3491 1181 3558 hoc,
1208 3500 1266 3546 et
1293 3493 1397 3546 alia
1420 3508 1762 3564 quaecunque
1782 3495 1966 3562 vultis,

385 3582 622 3648 solvere,
674 3591 729 3639 et
766 3584 930 3639 dicite
970 3583 1088 3637 illi:
1141 3583 1248 3638 Ora
1296 3598 1398 3654 pro
1443 3583 1674 3652 Joanne,
1730 3596 1790 3642 ut
1833 3587 1968 3658 ipsis

385 3672 551 3729 etiam
583 3673 773 3729 decem
806 3683 954 3730 sorte
995 3673 1302 3744 obtingant.
1350 3673 1645 3744 Postquam
1690 3677 1971 3732 venissent

387 3761 659 3828 Emesam,
696 3772 751 3818 et
797 3763 1057 3818 sciscitati
1115 3771 1322 3829 essent,
1376 3763 1600 3818 ubinam
1655 3765 1765 3820 illic
1827 3777 1972 3822 esset

389 3852 570 3917 Salus,
615 3854 708 3925 qui
761 3855 1058 3910 vocabatur
1113 3853 1370 3926 Symeon,
1403 3869 1596 3910 omnes
1644 3857 1973 3914 deridebant

386 3959 504 4011 eos,
533 3946 779 4001 dicentes
807 3963 820 4000 :
853 3944 1124 4012 Quidnam
1149 3945 1218 4001 ab
1241 3945 1361 4016 ipso
1393 3945 1580 4012 vultis,
1609 3945 1797 4003 Patres
1827 3947 1972 4002 mel?

2071 3220 2196 3294 ρίαν
2215 3218 2488 3288 τοσαύτην
2511 3217 2735 3288 ἤνυσαν.
2769 3214 2880 3268 Καὶ
2908 3214 3056 3285 λέγει
3087 3213 3296 3277 αὐτοῖς’
3327 3211 3520 3276 Οὔπω,
3543 3212 3663 3266 Πα-

2070 3312 2247 3382 τέρες,
2275 3310 2387 3380 ἐγὼ
2413 3309 2475 3362 τδ
2496 3309 2745 3381 χάρισμα
2765 3305 3093 3378 διακρίσεως
3115 3305 3230 3358 τῶν
3253 3303 3348 3359 τοῦ
3369 3304 3506 3358 Θεοῦ
3537 3320 3665 3373 κρι-

2075 3403 2263 3476 μάτων
2292 3403 2512 3472 εἴληφα,
2555 3399 2694 3454 ἀλλά
2737 3399 3004 3453 ἀπέλθετε
3037 3399 3177 3468 πρὸς
3219 3397 3312 3451 τὸν
3359 3395 3534 3450 Σαλδν
3566 3396 3664 3448 Συ-

2077 3493 2246 3566 μεὼν,
2271 3493 2364 3547 τὸν
2391 3495 2450 3546 ὲν
2474 3495 2539 3563 τῇ
2570 3490 2724 3562 χώρᾳ
2757 3489 2931 3558 ὑμῶν,
2963 3488 3059 3542 καὶ
3090 3487 3254 3550 αὐτὸς
3279 3486 3508 3540 δύναται
3534 3486 3666 3554 ὑμῖν

2075 3588 2172 3642 καὶ
2189 3587 2340 3653 αὐτὸ,
2367 3586 2460 3641 καὶ
2491 3585 2668 3639 πάντα
2694 3585 2794 3638 ὅσα
2825 3581 3098 3653 βούλεσθε,
3124 3578 3668 3646 ὲπιλῦσαι,λέγοντες

2071 3679 2226 3749 αὐτῷ
2249 3695 2262 3708 °
2294 3677 2463 3743 Εὖξαι
2497 3677 2594 3731 καὶ
2622 3677 2865 3747 Ἰωάννῃ,
2909 3675 2996 3728 ἵνα
3021 3673 3162 3744 λάχῃ
3193 3673 3290 3725 καὶ
3326 3670 3479 3740 αὐτῷ
3507 3669 3664 3734 δέκα,

2083 3771 2171 3834 Ὦς
2184 3767 2348 3842 ἦλθον
2369 3771 2450 3831 είς
2469 3768 2738 3839 Ἔμεσαν,
2761 3766 2857 3820 καὶ
2885 3763 3203 3836 ἠρώτησαν,
3233 3762 3346 3818 Ποῦ
3373 3762 3523 3816 ἐστιν
3548 3762 3664 3813 ἐκεῖ

2073 3859 2263 3925 Σαλδς,
2301 3858 2525 3929 Συμεὼν
2555 3857 2932 3929 καλούμενος;
2965 3856 3167 3918 πάντες
3207 3855 3529 3923 κατεγέλων
3561 3854 3663 3906 αὑ-

2071 3947 2204 4016 τῶν,
2255 3949 2352 4003 καὶ
2394 3947 2612 4017 ἔλεγονο
2643 3946 2708 4000 Τί
2741 3946 2926 4001 θέλετε
2962 3945 3022 4011 ἐξ
3079 3945 3317 4008 ἐκείνου,
3373 3943 3661 4016 Πατέρες;

1909 4064 2142 4121 ΝΟΤᾸΕ.

390 4154 922 4228 indugit.__Sanctus
973 4154 1211 4212 Basilius
1262 4157 1359 4228 lib.
1395 4151 1472 4212 De
1526 4155 1738 4228 Spiritu
1791 4168 1973 4213 sancto

389 4239 510 4297 cap.
535 4224 604 4278 50
637 4225 763 4280 dicit
824 4226 1114 4297 Origenem
1140 4243 1250 4282 non
1277 4227 1532 4282 habuisse
1563 4224 1725 4282 sanas
1753 4228 1821 4282 de
1846 4228 1972 4297 Spi-

391 4295 513 4367 c_itu_
535 4303 726 4367 sancto
747 4295 1052 4367 Opinio'nes.
1082 4295 1314 4352 Sanctus
1344 4297 1684 4367 Epiphanius
1720 4298 1774 4352 in
1819 4295 1972 4352 libris

397 4363 474 4436 De
493 4363 1126 4436 hgresibus’QrigenemW
1156 4363 1402 4422 numero'
1437 4363 1694 4422 accenset
1741 4368 1971 4422 aliorum

395 4433 799 4508 haereticorum.
829 4431 1071 4508 sanctus
1091 4435 1450 4508 Hieronymus
1483 4436 1703 4508 Latinos
1734 4437 1864 4492 fecit
1904 4437 1972 4490 li-

395 4505 534 4586 bros.
573 4502 827 4586 Origenis
875 4505 1012 4586 Περὶ
1049 4505 1256 4577 ἀρχῶν,
1295 4502 1372 4586 ⁷ιιι
1415 4506 1730 4586 ostenderet
1754 4521 1978 4586 errores

395 4574 666 4648 plurimos
703 4574 933 4648 ibidem__
962 4574 1258 4648 inspersos.
1307 4575 1552 4648 Denique
1581 4577 1636 4630 in
1676 4579 1863 4645 quinta
1895 4593 1982 4648 sy-

396 4643 540 4712 nodo
573 4644 809 4712 generali
834 4643 1122 4698 collatione
1139 4646 1194 4710 8,
1224 4661 1347 4701 can.
1386 4661 1420 4699 ιι
1453 4645 1651 4700 dicitur
1688 4643 1980 4702 anathema

397 4711 618 4782 Origeni
647 4723 704 4767 et
738 4713 954 4783 scriptis
992 4715 1132 4782 ejus.
1166 4716 1306 4769 sicut
1345 4715 1495 4778 Ario,
1524 4717 1816 4780 Eunomia,
1851 4717 1980 4770 Ma—

396 4783 648 4853 cedonio,
679 4783 954 4845 Nestorio,
981 4793 1037 4839 et
1080 4784 1384 4853 Eutycheti.
1428 4783 1587 4839 Plura
1619 4784 1982 4841 Bellarminus

397 4850 478 4975 Due
501 4853 751 4980 ἕεὲἔριον.
782 4853 1093 4922 ecclesiam,
1117 4864 1172 4910 et
1185 4850 1484 4924 'Baronius,
1508 4856 1574 4910 ad
1596 4869 1797 4910 annum
1823 4856 1982 4911 Cbri-

399 4940 426 4978 δ
611 4959 625 4980 .
1637 4967 1653 4980 .

399 4923 465 4978 sti
501 4923 625 4980 558.
1216 4923 1221 4924 ί
1637 4967 1653 4982 .

472 4993 585 5064 (50)
615 4991 721 5064 sex
749 4991 1012 5064 librorum
1045 4992 1215 5064 millia
1249 5009 1374 5048 eum
1423 4994 1835 5064 conscripsisse,
1880 5011 1980 5050 an-

399 5061 615 5117 ctoreSt
638 5061 912 5118 Honorius
936 5061 1010 5118 De
1031 5063 1405 5118 Luminarilms
1428 5061 1713 5119 ecclesiast.
1734 5081 1886 5119 num.
1913 5066 1982 5120 δι

403 5133 468 5187 ad
499 5147 703 5188 annum
730 5133 858 5196 261,
907 5133 1211 5189 Gardi-nalis
1253 5133 1613 5189 Bellarminns
1643 5149 1742 5202 pro
1787 5136 1980 5190 eodem

404 5203 928 5274 nntnero_librorum
974 5205 1108 5259 citat
1138 5211 1192 5256 et
1235 5206 1481 5274 sequitur
1517 5204 1879 5274 Epiphanium
1927 5207 1979 5258 in

406 5273 597 5327 ltzeresi
624 5272 894 5340 Origenis.
932 5274 1068 5329 llinc
1108 5273 1286 5328 dictus
1315 5272 1407 5329 est
1442 5272 1799 5336 συντακτικὸς
1835 5291 1978 5327 com—

403 5344 624 5408 ρολὶιον,
671 5352 726 5395 et
775 5344 1120 5412 ἀδαμάντιος,
1163 5353 1218 5398 ct
1267 5345 1424 5414 quasi
1462 5345 1764 5398 adamantis
1813 5345 1982 5398 instar

404 5413 576 5467 mulio
595 5415 900 5483 imitefessus.

480 5483 588 5568 (51)
633 5479 826 5568 "est
863 5484 1236 5568 sextttplicala.
1283 5483 1393 5568 Sic.
1431 5481 1668 5568 appellat
1715 5479 1983 5538 Eusebius

411 5553 501 5622 lib.
535 5565 586 5603 νι
621 5551 878 5622 γΙΙίΜοι-ἰω
912 5551 1208 5608 editionem
1251 5564 1448 5610 sancta;
1471 5551 1475 5552 ⁷
1496 5551 1811 5622 Scripturae,
1844 5569 1983 5622 opus

407 5620 662 5694 Qa‘isenis
687 5621 900 5692 ingens,
931 5624 1098 5694 cuius
1125 5623 1404 5694 spinosum
1432 5620 1633 5694 pariter
1658 5638 1720 5678 ac
1762 5620 1981 5694 long—um

414 5691 653 5764 laborem
684 5691 902 5764 secessu
929 5691 1094 5764 Tyrio
1130 5691 1398 5764 mitigavit
1434 5691 1663 5764 'Anctor,
1715 5701 1771 5746 et
1803 5691 1981 5764 in'sex

412 5755 699 5811 columnas
729 5755 1104 5832 distinxit’pro
1137 5779 1226 5817 sex
1251 5755 1493 5833 Ejusdem
1533 5763 1693 5817 variis
1717 5763 1982 5817 γενείοιιὶ-

2079 4159 2203 4224 bus,
2257 4174 2454 4228 nempe
2484 4158 2696 4213 duabus
2744 4155 3050 4228 Hebraicis.
3088 4164 3144 4228 et
3171 4163 3409 4228 quatuor
3436 4153 3675 4223 Grecis,

2079 4223 2414 4299 Symmachi,
2452 4230 2680 4298 Aquilae.
2707 4227 3063 4299 Aseptttaginta
3103 4223 3338 4299 duorum
3391 4223 3666 4299 interpre-

2082 4293 2196 4352 tum
2242 4315 2304 4353 ac
2355 4293 2952 4354 'l‘beoilotionistide
3003 4295 3297 4350 Baronium
3337 4293 3408 4348 ad
3453 4308 3664 4347 annum

2079 4369 2281 4424 Christi
2311 4369 2434 4424 951.

2153 4439 2261 4507 (52)
2299 4437 2534 4494 Sanctus
2587 4437 2946 4507 Hieronymus
2985 4433 3319 4507 in__epistol_a
3363 4432 3428 4486 ad
3463 4433 3666 4507 ⁸Τίιιιιιί

2081 4502 2200 4578 cap.
2234 4502 2293 4563 in
2333 4508 2634 4577 quamlibet
2650 4507 2717 4578 ab
2745 4502 2976 4578 Oiigene
2995 4502 3524 4578 _alienus,_lle§apla_
3545 4503 3668 4571 ejus

2083 4573 2168 4634 bis
2199 4573 2380 4633 verbis
2409 4575 2753 4634 commendat
2785 4594 2798 4630 :
2827 4573 2954 4630 Haec
2994 4574 3305 4629 immortale
3333 4573 3465 4626 illud
3512 4573 3667 4642 inge-

2083 4649 2234 4703 nium
2262 4664 2364 4705 suo
2393 4649 2552 4702 nobis
2582 4647 2766 4700 labore
2797 4645 3041 4707 donavit,
3091 4652 3152 4698 ut
3188 4660 3295 4699 non
3329 4657 3668 4711 magnopere

2082 4719 2530 4789 pertimescamus
2549 4716 2894 4789 supercilium
2930 4714 3264 4789 Judteorum,
3293 4714 3490 4768 solutis
3511 4712 3668 4789 labiis

2082 4782 2137 4843 et
2170 4789 2382 4858 obtorta
2411 4782 2633 4858 lingua;
2656 4795 2711 4840 et
2744 4785 3012 4858 stridente
3038 4784 3227 4858 saliva,
3267 4790 3322 4836 et
3356 4798 3482 4837 rasa
3510 4782 3668 4858 fa__uc_e

2083 4857 2456 4929 gaudentium.
2531 4857 2860 4925 Hieronymo
2916 4854 3240 4929 a_s_tipu|a_tur
3273 4861 3503 4929 sanctus
3541 4851 3669 4922 Epic

2084 4922 2318 4998 phanius
2348 4928 2443 4981 lib.
2481 4925 2558 4981 De
2597 4922 2808 4998 membr
2835 4940 2853 4977 :
2887 4943 2904 4976 ι
2943 4924 3048 4977 Sex
3075 4923 3362 4998 columnas
3394 4922 3669 4998 interpre-

2086 4992 2198 5051 ium
2224 4997 2533 5052 alternatim
2556 4996 2849 5060 collocatis,
2876 5008 3123 5064 magnam
3151 4992 3448 5047 utilitatem
3478 4992 3670 5063 cogni-

2086 5067 2250 5122 tionis
2281 5067 2551 5121 exhibuit.
2585 5084 2604 5116 ι

2156 5138 2267 5206 (55)
2302 5137 2420 5191 Non
2461 5137 2718 5206 occurrit,
2747 5134 2840 5204 qui
2864 5131 3668 5206 librorummultitudine_9ri-

2083 5203 2274 5278 genem
2310 5203 2823 5278 vicerit.iDidymu’s,
2851 5213 2990 5258 teste
3018 5204 3488 5278 Suida_,_edidisse‘
3504 5203 3670 5278 libros

2085 5273 2318 5332 traditur
2349 5286 2431 5330 ter
2457 5277 2603 5330 mille
2628 5273 2691 5330 ac
2717 5275 3067 5344 quingentos.
3084 5274 3282 5344 Suida:
3306 5273 3490 5344 quoad
3520 5274 3669 5326 hunc

2087 5362 2374 5401 numerum
2405 5346 2678 5401 consentit
2719 5343 3016 5400 Atheha'ns
3059 5343 3153 5397 lib.
3187 5361 3261 5398 Iv.
3296 5343 3508 5398 Seneca
3540 5357 3666 5398 cum

2085 5417 2328 5472 extendit
2362 5432 2534 5485 usque
2579 5416 2645 5470 ad
2679 5425 2872 5485 quater
2913 5414 3082 5468 mille.
3127 5413 3341 5468 Dicitur
3371 5412 3439 5467 ab
3478 5411 3668 5485 Hiero-

2087 5502 2247 5556 nymo
2275 5487 2345 5541 ob
2395 5481 2638 5542 laborem
2688 5481 3043 5556 indefessum
3069 5484 3487 5556 χαλκεντεροςη
3507 5481 3667 5536 (euris

2086 5553 2344 5626 intestinis
2373 5557 2642 5626 prteditus.
2677 5555 2974 5626 Athenaeus
3023 5553 3432 5626 βιϐλιολάθαν)
3473 5553 3668 5626 Deme-

2089 5627 2192 5681 trio
2220 5621 2486 5680 Trazenio
2523 5625 2909 5693 compellatum
2945 5621 3128 5690 tradit,
3155 5624 3310 5693 quasi
3353 5623 3508 5678 dicas
3537 5621 3669 5674 obti-

2086 5698 2234 5751 eione
2266 5698 2541 5760 librorum,
2574 5694 2827 5750 videlicet
2847 5695 2990 5764 quod
3023 5709 3167 5765 saepe
3199 5709 3303 5750 nec
3335 5708 3529 5748 eorum
3556 5705 3670 5747 meo

2087 5767 2359 5831 minisset,
2390 5781 2510 5837 quae
2537 5765 2847 5837 scripserat.
