  <div class='ocr_page' id='page_1' title='image "/cluster/home/n/w/nwhite01/storage/ocr_20150623/93/coo.31924054869973/872.png"; bbox 0 0 3976 6432; ppageno 0'>
   <div class='ocr_carea' id='block_1_1' title="bbox 301 342 1927 433">
    <p class='ocr_par' dir='ltr' id='par_1_1' title="bbox 301 342 1927 415">
     <span class='ocr_line' id='line_1_1' title="bbox 301 342 1927 415; baseline 0.004 -7"><span class='ocrx_word' id='word_1_1' title='bbox 301 342 428 411; x_wconf 73' lang='grc'><strong>1721</strong></span> <span class='ocrx_word' id='word_1_2' title='bbox 1569 352 1744 415; x_wconf 73' lang='grc' dir='ltr'>νιΤΑ</span> <span class='ocrx_word' id='word_1_3' title='bbox 1786 357 1845 415; x_wconf 92' lang='lat' dir='ltr'><strong>S.</strong></span> <span class='ocrx_word' id='word_1_4' title='bbox 1887 356 1927 415; x_wconf 89' lang='lat' dir='ltr'><strong>S</strong></span> 
     </span>
    </p>
   </div>
   <div class='ocr_carea' id='block_1_2' title="bbox 2040 342 3589 433">
    <p class='ocr_par' dir='ltr' id='par_1_2' title="bbox 2047 355 3589 433">
     <span class='ocr_line' id='line_1_2' title="bbox 2047 355 3589 433; baseline 0.004 -19"><span class='ocrx_word' id='word_1_5' title='bbox 2047 355 2290 433; x_wconf 62' lang='lat' dir='ltr'><strong>mus.</strong></span> <span class='ocrx_word' id='word_1_6' title='bbox 3449 355 3589 420; x_wconf 72' lang='lat'><strong>1722</strong></span> 
     </span>
    </p>
   </div>
   <div class='ocr_carea' id='block_1_3' title="bbox 298 446 1927 540">
    <p class='ocr_par' dir='ltr' id='par_1_3' title="bbox 298 446 1927 531">
     <span class='ocr_line' id='line_1_3' title="bbox 298 446 1927 531; baseline 0.004 -21"><span class='ocrx_word' id='word_1_7' title='bbox 298 446 620 529; x_wconf 71' lang='grc' dir='ltr'>Ἀνθρωπὸς</span> <span class='ocrx_word' id='word_1_8' title='bbox 649 459 796 512; x_wconf 79' lang='grc' dir='ltr'>ἐστιν</span> <span class='ocrx_word' id='word_1_9' title='bbox 821 458 1149 531; x_wconf 75' lang='grc' dir='ltr'>παράφρων,</span> <span class='ocrx_word' id='word_1_10' title='bbox 1187 461 1284 514; x_wconf 69' lang='grc' dir='ltr'><strong>καὶ</strong></span> <span class='ocrx_word' id='word_1_11' title='bbox 1312 461 1526 526; x_wconf 69' lang='grc' dir='ltr'>πάντας</span> <span class='ocrx_word' id='word_1_12' title='bbox 1556 462 1743 516; x_wconf 78' lang='grc' dir='ltr'>κν).λοῖ</span> <span class='ocrx_word' id='word_1_13' title='bbox 1789 463 1881 516; x_wconf 76' lang='grc' dir='ltr'>καὶ</span> <span class='ocrx_word' id='word_1_14' title='bbox 1915 479 1927 524; x_wconf 67' lang='grc' dir='ltr'><em>Α</em></span> 
     </span>
    </p>
   </div>
   <div class='ocr_carea' id='block_1_4' title="bbox 2040 446 3587 540">
    <p class='ocr_par' dir='ltr' id='par_1_4' title="bbox 2040 464 3587 540">
     <span class='ocr_line' id='line_1_4' title="bbox 2040 464 3587 540; baseline 0.005 -24"><span class='ocrx_word' id='word_1_15' title='bbox 2040 473 2192 520; x_wconf 77' lang='lat' dir='ltr'><strong>mota:</strong></span> <span class='ocrx_word' id='word_1_16' title='bbox 2230 465 2429 518; x_wconf 84' lang='lat' dir='ltr'><strong>mentis</strong></span> <span class='ocrx_word' id='word_1_17' title='bbox 2462 464 2626 519; x_wconf 89' lang='lat' dir='ltr'><strong>homo</strong></span> <span class='ocrx_word' id='word_1_18' title='bbox 2675 473 2805 518; x_wconf 83' lang='lat' dir='ltr'><strong>est:</strong></span> <span class='ocrx_word' id='word_1_19' title='bbox 2858 466 3115 522; x_wconf 88' lang='lat' dir='ltr'><strong>omnibus</strong></span> <span class='ocrx_word' id='word_1_20' title='bbox 3169 466 3423 524; x_wconf 88' lang='lat' dir='ltr'><strong>irascitur</strong></span> <span class='ocrx_word' id='word_1_21' title='bbox 3446 470 3587 540; x_wconf 67' lang='grc'><strong>(54),</strong></span> 
     </span>
    </p>
   </div>
   <div class='ocr_carea' id='block_1_5' title="bbox 299 550 1927 629">
    <p class='ocr_par' dir='ltr' id='par_1_5' title="bbox 299 550 1888 624">
     <span class='ocr_line' id='line_1_5' title="bbox 299 550 1888 624; baseline 0.001 -18"><span class='ocrx_word' id='word_1_22' title='bbox 299 550 570 616; x_wconf 76' lang='grc' dir='ltr'>μουκίζει,</span> <span class='ocrx_word' id='word_1_23' title='bbox 603 550 725 605; x_wconf 82' lang='grc' dir='ltr'>κατ’</span> <span class='ocrx_word' id='word_1_24' title='bbox 750 550 1032 622; x_wconf 80' lang='grc' dir='ltr'>ἐξαίρετον</span> <span class='ocrx_word' id='word_1_25' title='bbox 1063 551 1119 604; x_wconf 68' lang='grc' dir='ltr'><strong>δὲ</strong></span> <span class='ocrx_word' id='word_1_26' title='bbox 1151 552 1278 617; x_wconf 73' lang='grc' dir='ltr'>τοὺς</span> <span class='ocrx_word' id='word_1_27' title='bbox 1317 553 1611 624; x_wconf 82' lang='grc' dir='ltr'>μοναχούς.</span> <span class='ocrx_word' id='word_1_28' title='bbox 1668 554 1792 607; x_wconf 79' lang='grc' dir='ltr'><strong>Τῶν</strong></span> <span class='ocrx_word' id='word_1_29' title='bbox 1830 555 1888 608; x_wconf 85' lang='grc' dir='ltr'><strong>δέ</strong></span> 
     </span>
    </p>
   </div>
   <div class='ocr_carea' id='block_1_6' title="bbox 2040 550 3590 629">
    <p class='ocr_par' dir='ltr' id='par_1_6' title="bbox 2040 555 3590 629">
     <span class='ocr_line' id='line_1_6' title="bbox 2040 555 3590 629; baseline 0.006 -24"><span class='ocrx_word' id='word_1_30' title='bbox 2040 555 2190 608; x_wconf 72' lang='grc' dir='ltr'>τίιιοι</span> <span class='ocrx_word' id='word_1_31' title='bbox 2210 571 2437 620; x_wconf 86' lang='lat' dir='ltr'><strong>omnes,</strong></span> <span class='ocrx_word' id='word_1_32' title='bbox 2473 555 2747 626; x_wconf 66' lang='lat' dir='ltr'><strong>praccipue</strong></span> <span class='ocrx_word' id='word_1_33' title='bbox 2781 557 3105 612; x_wconf 85' lang='lat' dir='ltr'><strong>monachos.</strong></span> <span class='ocrx_word' id='word_1_34' title='bbox 3136 555 3430 629; x_wconf 78' lang='lat' dir='ltr'><strong>Postquam</strong></span> <span class='ocrx_word' id='word_1_35' title='bbox 3459 576 3590 628; x_wconf 79' lang='lat' dir='ltr'><strong>ergo</strong></span> 
     </span>
    </p>
   </div>
   <div class='ocr_carea' id='block_1_7' title="bbox 297 641 1927 715">
    <p class='ocr_par' dir='ltr' id='par_1_7' title="bbox 297 641 1890 715">
     <span class='ocr_line' id='line_1_7' title="bbox 297 641 1890 715; baseline 0 -17"><span class='ocrx_word' id='word_1_36' title='bbox 297 642 752 714; x_wconf 68' lang='grc' dir='ltr'>ἐπιζητησάντων</span> <span class='ocrx_word' id='word_1_37' title='bbox 779 641 969 710; x_wconf 84' lang='grc' dir='ltr'>αὐτὸν,</span> <span class='ocrx_word' id='word_1_38' title='bbox 1004 645 1099 696; x_wconf 71' lang='grc' dir='ltr'>καὶ</span> <span class='ocrx_word' id='word_1_39' title='bbox 1126 644 1382 714; x_wconf 82' lang='grc' dir='ltr'><strong>εὑρόντες</strong></span> <span class='ocrx_word' id='word_1_40' title='bbox 1425 647 1506 709; x_wconf 84' lang='grc' dir='ltr'>εἰς</span> <span class='ocrx_word' id='word_1_41' title='bbox 1553 647 1890 715; x_wconf 83' lang='grc' dir='ltr'>φουσκάριον</span> 
     </span>
    </p>
   </div>
   <div class='ocr_carea' id='block_1_8' title="bbox 2040 641 3590 715">
    <p class='ocr_par' dir='ltr' id='par_1_8' title="bbox 2040 646 3590 715">
     <span class='ocr_line' id='line_1_8' title="bbox 2040 646 3590 715; baseline 0.005 -17"><span class='ocrx_word' id='word_1_42' title='bbox 2040 646 2423 714; x_wconf 81' lang='lat' dir='ltr'><strong>iquisivissent,</strong></span> <span class='ocrx_word' id='word_1_43' title='bbox 2455 656 2511 701; x_wconf 91' lang='lat' dir='ltr'><strong>et</strong></span> <span class='ocrx_word' id='word_1_44' title='bbox 2552 646 2894 702; x_wconf 81' lang='lat' dir='ltr'><strong>invenissent</strong></span> <span class='ocrx_word' id='word_1_45' title='bbox 2938 663 3092 715; x_wconf 92' lang='lat' dir='ltr'><strong>eum,</strong></span> <span class='ocrx_word' id='word_1_46' title='bbox 3129 649 3302 704; x_wconf 88' lang='lat' dir='ltr'><strong>instar</strong></span> <span class='ocrx_word' id='word_1_47' title='bbox 3333 652 3470 714; x_wconf 92' lang='lat' dir='ltr'><strong>ursi,</strong></span> <span class='ocrx_word' id='word_1_48' title='bbox 3503 651 3590 705; x_wconf 84' lang='lat' dir='ltr'><strong>lu-</strong></span> 
     </span>
    </p>
   </div>
   <div class='ocr_carea' id='block_1_9' title="bbox 295 731 1927 808">
    <p class='ocr_par' dir='ltr' id='par_1_9' title="bbox 295 731 1894 806">
     <span class='ocr_line' id='line_1_9' title="bbox 295 731 1894 806; baseline 0.003 -19"><span class='ocrx_word' id='word_1_49' title='bbox 295 733 584 804; x_wconf 73' lang='grc' dir='ltr'><strong>⁴ιῖρὼγοντα</strong></span> <span class='ocrx_word' id='word_1_50' title='bbox 613 733 836 806; x_wconf 81' lang='grc' dir='ltr'><strong>θέρμια,</strong></span> <span class='ocrx_word' id='word_1_51' title='bbox 861 735 936 798; x_wconf 84' lang='grc' dir='ltr'>ὡς</span> <span class='ocrx_word' id='word_1_52' title='bbox 966 737 1191 806; x_wconf 79' lang='grc' dir='ltr'>ἄρκτον,</span> <span class='ocrx_word' id='word_1_53' title='bbox 1228 736 1435 798; x_wconf 80' lang='grc' dir='ltr'>εὐθέως</span> <span class='ocrx_word' id='word_1_54' title='bbox 1463 737 1493 789; x_wconf 84' lang='grc' dir='ltr'>ὁ</span> <span class='ocrx_word' id='word_1_55' title='bbox 1515 731 1597 800; x_wconf 75' lang='grc' dir='ltr'>εἷς</span> <span class='ocrx_word' id='word_1_56' title='bbox 1627 738 1894 792; x_wconf 83' lang='grc' dir='ltr'>ἐσκανδα-</span> 
     </span>
    </p>
   </div>
   <div class='ocr_carea' id='block_1_10' title="bbox 2040 731 3590 808">
    <p class='ocr_par' dir='ltr' id='par_1_10' title="bbox 2040 737 3590 808">
     <span class='ocr_line' id='line_1_10' title="bbox 2040 737 3590 808; baseline 0.005 -20"><span class='ocrx_word' id='word_1_57' title='bbox 2040 737 2156 792; x_wconf 90' lang='lat' dir='ltr'><strong>inos</strong></span> <span class='ocrx_word' id='word_1_58' title='bbox 2213 749 2524 802; x_wconf 87' lang='lat' dir='ltr'><strong>vorantem,</strong></span> <span class='ocrx_word' id='word_1_59' title='bbox 2583 739 2726 808; x_wconf 88' lang='lat' dir='ltr'><strong>apud</strong></span> <span class='ocrx_word' id='word_1_60' title='bbox 2785 741 3137 808; x_wconf 89' lang='lat' dir='ltr'><strong>puscarium,</strong></span> <span class='ocrx_word' id='word_1_61' title='bbox 3196 743 3379 796; x_wconf 90' lang='lat' dir='ltr'><strong>statim</strong></span> <span class='ocrx_word' id='word_1_62' title='bbox 3447 755 3590 796; x_wconf 87' lang='lat' dir='ltr'><strong>unus</strong></span> 
     </span>
    </p>
   </div>
   <div class='ocr_carea' id='block_1_11' title="bbox 301 820 1927 902">
    <p class='ocr_par' dir='ltr' id='par_1_11' title="bbox 301 820 1894 897">
     <span class='ocr_line' id='line_1_11' title="bbox 301 820 1894 897; baseline 0.001 -19"><span class='ocrx_word' id='word_1_63' title='bbox 301 825 484 895; x_wconf 82' lang='grc' dir='ltr'>λίσθη,</span> <span class='ocrx_word' id='word_1_64' title='bbox 506 825 601 879; x_wconf 69' lang='grc' dir='ltr'><strong>καὶ</strong></span> <span class='ocrx_word' id='word_1_65' title='bbox 625 820 780 878; x_wconf 72' lang='grc' dir='ltr'>εἶπεν</span> <span class='ocrx_word' id='word_1_66' title='bbox 808 826 866 877; x_wconf 85' lang='grc' dir='ltr'><strong>ἐν</strong></span> <span class='ocrx_word' id='word_1_67' title='bbox 893 826 1092 897; x_wconf 81' lang='grc' dir='ltr'>ἐαυτῷ·</span> <span class='ocrx_word' id='word_1_68' title='bbox 1112 825 1357 894; x_wconf 79' lang='grc' dir='ltr'>Ἀληθῶς</span> <span class='ocrx_word' id='word_1_69' title='bbox 1391 826 1563 895; x_wconf 88' lang='grc' dir='ltr'>μέγαν</span> <span class='ocrx_word' id='word_1_70' title='bbox 1593 827 1894 894; x_wconf 80' lang='grc' dir='ltr'>γνωστικὺν</span> 
     </span>
    </p>
   </div>
   <div class='ocr_carea' id='block_1_12' title="bbox 2040 820 3588 902">
    <p class='ocr_par' dir='ltr' id='par_1_12' title="bbox 2040 828 3588 902">
     <span class='ocr_line' id='line_1_12' title="bbox 2040 828 3588 902; baseline 0.004 -21"><span class='ocrx_word' id='word_1_71' title='bbox 2040 828 2402 883; x_wconf 75' lang='lat' dir='ltr'><strong>:andalizatus</strong></span> <span class='ocrx_word' id='word_1_72' title='bbox 2435 830 2557 893; x_wconf 86' lang='lat' dir='ltr'><strong>fuit,</strong></span> <span class='ocrx_word' id='word_1_73' title='bbox 2581 842 2633 885; x_wconf 84' lang='lat' dir='ltr'><strong>et</strong></span> <span class='ocrx_word' id='word_1_74' title='bbox 2662 830 2880 885; x_wconf 88' lang='lat' dir='ltr'><strong>dicebat</strong></span> <span class='ocrx_word' id='word_1_75' title='bbox 2908 847 3097 886; x_wconf 87' lang='lat' dir='ltr'><strong>secum</strong></span> <span class='ocrx_word' id='word_1_76' title='bbox 3125 852 3134 883; x_wconf 77' lang='grc' dir='ltr'>ε</span> <span class='ocrx_word' id='word_1_77' title='bbox 3166 833 3302 887; x_wconf 79' lang='lat' dir='ltr'><strong>Vere.</strong></span> <span class='ocrx_word' id='word_1_78' title='bbox 3333 850 3588 902; x_wconf 86' lang='lat' dir='ltr'><strong>magnum</strong></span> 
     </span>
    </p>
   </div>
   <div class='ocr_carea' id='block_1_13' title="bbox 300 910 1927 993">
    <p class='ocr_par' dir='ltr' id='par_1_13' title="bbox 300 910 1892 989">
     <span class='ocr_line' id='line_1_13' title="bbox 300 910 1892 989; baseline 0.003 -21"><span class='ocrx_word' id='word_1_79' title='bbox 300 916 538 986; x_wconf 74' lang='grc' dir='ltr'>ἧλθομεν</span> <span class='ocrx_word' id='word_1_80' title='bbox 573 917 708 969; x_wconf 79' lang='grc' dir='ltr'>ἰδεῖν</span> <span class='ocrx_word' id='word_1_81' title='bbox 728 957 743 980; x_wconf 89' lang='grc'><strong>,</strong></span> <span class='ocrx_word' id='word_1_82' title='bbox 770 910 927 980; x_wconf 73' lang='grc' dir='ltr'>οὗτος</span> <span class='ocrx_word' id='word_1_83' title='bbox 958 917 1131 971; x_wconf 72' lang='grc' dir='ltr'>πολλὰ</span> <span class='ocrx_word' id='word_1_84' title='bbox 1178 916 1292 985; x_wconf 76' lang='grc' dir='ltr'>ἔχει</span> <span class='ocrx_word' id='word_1_85' title='bbox 1345 917 1442 970; x_wconf 80' lang='grc' dir='ltr'><strong>τοῦ</strong></span> <span class='ocrx_word' id='word_1_86' title='bbox 1470 917 1709 982; x_wconf 78' lang='grc' dir='ltr'>ἐξειπεῖν</span> <span class='ocrx_word' id='word_1_87' title='bbox 1738 919 1892 989; x_wconf 78' lang='grc' dir='ltr'>ἡμῖν.</span> 
     </span>
    </p>
   </div>
   <div class='ocr_carea' id='block_1_14' title="bbox 2040 910 3588 993">
    <p class='ocr_par' dir='ltr' id='par_1_14' title="bbox 2046 921 3588 993">
     <span class='ocr_line' id='line_1_14' title="bbox 2046 921 3588 993; baseline 0.004 -20"><span class='ocrx_word' id='word_1_88' title='bbox 2046 921 2315 975; x_wconf 86' lang='lat' dir='ltr'><strong>nosticuin</strong></span> <span class='ocrx_word' id='word_1_89' title='bbox 2348 921 2461 993; x_wconf 82' lang='grc'>(55)</span> <span class='ocrx_word' id='word_1_90' title='bbox 2490 923 2657 976; x_wconf 84' lang='lat' dir='ltr'><strong>visuri</strong></span> <span class='ocrx_word' id='word_1_91' title='bbox 2695 924 2972 978; x_wconf 88' lang='lat' dir='ltr'><strong>venimus.</strong></span> <span class='ocrx_word' id='word_1_92' title='bbox 3027 924 3123 978; x_wconf 89' lang='lat' dir='ltr'><strong>llic</strong></span> <span class='ocrx_word' id='word_1_93' title='bbox 3167 925 3377 979; x_wconf 83' lang='lat' dir='ltr'><strong>scilicet</strong></span> <span class='ocrx_word' id='word_1_94' title='bbox 3418 926 3588 979; x_wconf 90' lang='lat' dir='ltr'><strong>multa</strong></span> 
     </span>
    </p>
   </div>
   <div class='ocr_carea' id='block_1_15' title="bbox 312 1003 1927 1083">
    <p class='ocr_par' dir='ltr' id='par_1_15' title="bbox 312 1003 1895 1079">
     <span class='ocr_line' id='line_1_15' title="bbox 312 1003 1895 1079; baseline 0.001 -19"><span class='ocrx_word' id='word_1_95' title='bbox 312 1008 401 1072; x_wconf 83' lang='grc' dir='ltr'>Ὠς</span> <span class='ocrx_word' id='word_1_96' title='bbox 435 1003 528 1062; x_wconf 77' lang='grc' dir='ltr'><strong>οὖν</strong></span> <span class='ocrx_word' id='word_1_97' title='bbox 555 1008 918 1078; x_wconf 85' lang='grc' dir='ltr'>ἐπλησίασαν,</span> <span class='ocrx_word' id='word_1_98' title='bbox 941 1008 1192 1077; x_wconf 81' lang='grc' dir='ltr'>λέγουσιν</span> <span class='ocrx_word' id='word_1_99' title='bbox 1224 1008 1392 1079; x_wconf 78' lang='grc' dir='ltr'><strong>αὐτῷ·</strong></span> <span class='ocrx_word' id='word_1_100' title='bbox 1425 1009 1757 1078; x_wconf 75' lang='grc' dir='ltr'>Εύλόγησον.</span> <span class='ocrx_word' id='word_1_101' title='bbox 1791 1009 1895 1062; x_wconf 81' lang='grc' dir='ltr'><strong>Λέ-</strong></span> 
     </span>
    </p>
   </div>
   <div class='ocr_carea' id='block_1_16' title="bbox 2040 1003 3590 1083">
    <p class='ocr_par' dir='ltr' id='par_1_16' title="bbox 2042 1012 3590 1083">
     <span class='ocr_line' id='line_1_16' title="bbox 2042 1012 3590 1083; baseline 0.005 -20"><span class='ocrx_word' id='word_1_102' title='bbox 2042 1012 2190 1077; x_wconf 87' lang='lat' dir='ltr'><strong>abet,</strong></span> <span class='ocrx_word' id='word_1_103' title='bbox 2219 1028 2340 1081; x_wconf 83' lang='lat' dir='ltr'><strong>quae</strong></span> <span class='ocrx_word' id='word_1_104' title='bbox 2404 1014 2564 1067; x_wconf 89' lang='lat' dir='ltr'><strong>nobis</strong></span> <span class='ocrx_word' id='word_1_105' title='bbox 2595 1023 2855 1083; x_wconf 81' lang='lat' dir='ltr'><strong>exponat.</strong></span> <span class='ocrx_word' id='word_1_106' title='bbox 2893 1015 3185 1083; x_wconf 78' lang='lat' dir='ltr'><strong>Postquam</strong></span> <span class='ocrx_word' id='word_1_107' title='bbox 3223 1023 3590 1079; x_wconf 84' lang='lat' dir='ltr'><strong>accesserant,</strong></span> 
     </span>
    </p>
   </div>
   <div class='ocr_carea' id='block_1_17' title="bbox 322 1099 1927 1177">
    <p class='ocr_par' dir='ltr' id='par_1_17' title="bbox 322 1099 1897 1170">
     <span class='ocr_line' id='line_1_17' title="bbox 322 1099 1897 1170; baseline 0.001 -18"><span class='ocrx_word' id='word_1_108' title='bbox 322 1117 393 1160; x_wconf 60' lang='lat' dir='ltr'><strong>ist</strong></span> <span class='ocrx_word' id='word_1_109' title='bbox 429 1101 612 1162; x_wconf 74' lang='grc' dir='ltr'>αὐτοῖς</span> <span class='ocrx_word' id='word_1_110' title='bbox 670 1101 918 1162; x_wconf 80' lang='grc' dir='ltr'>ἐκεῖνος’</span> <span class='ocrx_word' id='word_1_111' title='bbox 973 1099 1180 1162; x_wconf 84' lang='grc' dir='ltr'>Κακῶς</span> <span class='ocrx_word' id='word_1_112' title='bbox 1227 1099 1443 1169; x_wconf 66' lang='lat' dir='ltr'><strong>mm,</strong></span> <span class='ocrx_word' id='word_1_113' title='bbox 1493 1102 1645 1153; x_wconf 86' lang='grc' dir='ltr'><strong>καὶὸ</strong></span> <span class='ocrx_word' id='word_1_114' title='bbox 1672 1101 1897 1170; x_wconf 86' lang='grc' dir='ltr'>πέμψας</span> 
     </span>
    </p>
   </div>
   <div class='ocr_carea' id='block_1_18' title="bbox 2040 1099 3590 1177">
    <p class='ocr_par' dir='ltr' id='par_1_18' title="bbox 2040 1103 3590 1177">
     <span class='ocr_line' id='line_1_18' title="bbox 2040 1103 3590 1177; baseline 0.003 -21"><span class='ocrx_word' id='word_1_115' title='bbox 2040 1103 2190 1157; x_wconf 89' lang='lat' dir='ltr'><strong>icunt</strong></span> <span class='ocrx_word' id='word_1_116' title='bbox 2215 1105 2264 1158; x_wconf 91' lang='lat' dir='ltr'><strong>ei</strong></span> <span class='ocrx_word' id='word_1_117' title='bbox 2299 1124 2311 1158; x_wconf 92' lang='lat'><strong>:</strong></span> <span class='ocrx_word' id='word_1_118' title='bbox 2346 1105 2583 1160; x_wconf 86' lang='lat' dir='ltr'><strong>Benedic</strong></span> <span class='ocrx_word' id='word_1_119' title='bbox 2612 1106 2748 1177; x_wconf 77' lang='lat'><strong>(56).</strong></span> <span class='ocrx_word' id='word_1_120' title='bbox 2773 1107 2983 1173; x_wconf 90' lang='lat' dir='ltr'><strong>Quibus</strong></span> <span class='ocrx_word' id='word_1_121' title='bbox 3014 1109 3100 1160; x_wconf 90' lang='lat' dir='ltr'><strong>ille</strong></span> <span class='ocrx_word' id='word_1_122' title='bbox 3132 1126 3142 1160; x_wconf 96' lang='lat'>:</span> <span class='ocrx_word' id='word_1_123' title='bbox 3173 1107 3308 1161; x_wconf 84' lang='lat' dir='ltr'><strong>Male</strong></span> <span class='ocrx_word' id='word_1_124' title='bbox 3340 1107 3590 1170; x_wconf 82' lang='lat' dir='ltr'><strong>venistis,</strong></span> 
     </span>
    </p>
   </div>
   <div class='ocr_carea' id='block_1_19' title="bbox 343 1191 1927 1268">
    <p class='ocr_par' dir='ltr' id='par_1_19' title="bbox 343 1191 1891 1264">
     <span class='ocr_line' id='line_1_19' title="bbox 343 1191 1891 1264; baseline 0 -18"><span class='ocrx_word' id='word_1_125' title='bbox 343 1196 450 1264; x_wconf 74' lang='grc' dir='ltr'>μᾶς</span> <span class='ocrx_word' id='word_1_126' title='bbox 480 1194 699 1264; x_wconf 80' lang='grc' dir='ltr'>ἑξηχος.</span> <span class='ocrx_word' id='word_1_127' title='bbox 737 1193 1039 1263; x_wconf 83' lang='grc' dir='ltr'>Κρατήσας</span> <span class='ocrx_word' id='word_1_128' title='bbox 1068 1191 1162 1246; x_wconf 77' lang='grc' dir='ltr'><strong>οὖν</strong></span> <span class='ocrx_word' id='word_1_129' title='bbox 1187 1194 1247 1244; x_wconf 83' lang='grc' dir='ltr'><strong>τὸ</strong></span> <span class='ocrx_word' id='word_1_130' title='bbox 1276 1193 1440 1246; x_wconf 77' lang='grc' dir='ltr'>ὠτίον</span> <span class='ocrx_word' id='word_1_131' title='bbox 1466 1193 1561 1246; x_wconf 82' lang='grc' dir='ltr'>τοῦ</span> <span class='ocrx_word' id='word_1_132' title='bbox 1608 1195 1891 1247; x_wconf 81' lang='grc' dir='ltr'>σκανδαλι·</span> 
     </span>
    </p>
   </div>
   <div class='ocr_carea' id='block_1_20' title="bbox 2040 1191 3595 1268">
    <p class='ocr_par' dir='ltr' id='par_1_20' title="bbox 2040 1196 3595 1268">
     <span class='ocr_line' id='line_1_20' title="bbox 2040 1196 3595 1268; baseline 0.003 -20"><span class='ocrx_word' id='word_1_133' title='bbox 2040 1204 2057 1248; x_wconf 91' lang='lat' dir='ltr'><strong>t</strong></span> <span class='ocrx_word' id='word_1_134' title='bbox 2091 1196 2200 1260; x_wconf 91' lang='lat' dir='ltr'><strong>ille,</strong></span> <span class='ocrx_word' id='word_1_135' title='bbox 2231 1197 2322 1265; x_wconf 85' lang='lat' dir='ltr'><strong>qui</strong></span> <span class='ocrx_word' id='word_1_136' title='bbox 2353 1214 2447 1252; x_wconf 88' lang='lat' dir='ltr'><strong>vos</strong></span> <span class='ocrx_word' id='word_1_137' title='bbox 2482 1198 2650 1262; x_wconf 87' lang='lat' dir='ltr'><strong>misit,</strong></span> <span class='ocrx_word' id='word_1_138' title='bbox 2697 1200 2895 1254; x_wconf 86' lang='lat' dir='ltr'><strong>stultus</strong></span> <span class='ocrx_word' id='word_1_139' title='bbox 2942 1213 3048 1265; x_wconf 84' lang='lat' dir='ltr'><strong>est_</strong></span> <span class='ocrx_word' id='word_1_140' title='bbox 3097 1201 3454 1268; x_wconf 84' lang='lat' dir='ltr'><strong>Apprehensa</strong></span> <span class='ocrx_word' id='word_1_141' title='bbox 3492 1199 3595 1252; x_wconf 86' lang='lat' dir='ltr'><strong>ita-</strong></span> 
     </span>
    </p>
   </div>
   <div class='ocr_carea' id='block_1_21' title="bbox 305 1284 1927 1361">
    <p class='ocr_par' dir='ltr' id='par_1_21' title="bbox 305 1284 1898 1357">
     <span class='ocr_line' id='line_1_21' title="bbox 305 1284 1898 1357; baseline 0 -19"><span class='ocrx_word' id='word_1_142' title='bbox 305 1286 547 1351; x_wconf 78' lang='grc' dir='ltr'>σθέντος,</span> <span class='ocrx_word' id='word_1_143' title='bbox 584 1285 718 1338; x_wconf 85' lang='grc' dir='ltr'>δίδει</span> <span class='ocrx_word' id='word_1_144' title='bbox 753 1285 904 1355; x_wconf 78' lang='grc' dir='ltr'>αὐτῷ</span> <span class='ocrx_word' id='word_1_145' title='bbox 949 1285 1146 1338; x_wconf 85' lang='grc' dir='ltr'>κόσσον</span> <span class='ocrx_word' id='word_1_146' title='bbox 1196 1284 1464 1349; x_wconf 79' lang='grc' dir='ltr'>τοιοῦτον,</span> <span class='ocrx_word' id='word_1_147' title='bbox 1496 1286 1580 1339; x_wconf 76' lang='grc' dir='ltr'><strong>ὅτι</strong></span> <span class='ocrx_word' id='word_1_148' title='bbox 1607 1286 1700 1339; x_wconf 75' lang='grc' dir='ltr'><strong>ἐπὶ</strong></span> <span class='ocrx_word' id='word_1_149' title='bbox 1745 1289 1898 1357; x_wconf 84' lang='grc' dir='ltr'><strong>τρεῖς</strong></span> 
     </span>
    </p>
   </div>
   <div class='ocr_carea' id='block_1_22' title="bbox 2040 1284 3624 1361">
    <p class='ocr_par' dir='ltr' id='par_1_22' title="bbox 2040 1288 3624 1361">
     <span class='ocr_line' id='line_1_22' title="bbox 2040 1288 3624 1361; baseline 0.003 -21"><span class='ocrx_word' id='word_1_150' title='bbox 2040 1303 2104 1341; x_wconf 88' lang='lat' dir='ltr'><strong>ue</strong></span> <span class='ocrx_word' id='word_1_151' title='bbox 2132 1288 2376 1343; x_wconf 77' lang='lat' dir='ltr'><strong>auricula</strong></span> <span class='ocrx_word' id='word_1_152' title='bbox 2409 1291 2548 1358; x_wconf 74' lang='lat' dir='ltr'><strong>eius,</strong></span> <span class='ocrx_word' id='word_1_153' title='bbox 2583 1291 2676 1360; x_wconf 86' lang='lat' dir='ltr'><strong>qui</strong></span> <span class='ocrx_word' id='word_1_154' title='bbox 2708 1290 2888 1345; x_wconf 81' lang='lat' dir='ltr'><strong>fuerat</strong></span> <span class='ocrx_word' id='word_1_155' title='bbox 2917 1292 3345 1355; x_wconf 82' lang='lat' dir='ltr'><strong>scandalizatus,</strong></span> <span class='ocrx_word' id='word_1_156' title='bbox 3380 1293 3624 1361; x_wconf 85' lang='lat' dir='ltr'><strong>alapam-</strong></span> 
     </span>
    </p>
   </div>
   <div class='ocr_carea' id='block_1_23' title="bbox 302 1377 1927 1452">
    <p class='ocr_par' dir='ltr' id='par_1_23' title="bbox 302 1377 1900 1450">
     <span class='ocr_line' id='line_1_23' title="bbox 302 1377 1900 1450; baseline 0 -19"><span class='ocrx_word' id='word_1_157' title='bbox 302 1381 520 1450; x_wconf 76' lang='grc' dir='ltr'>ἡμέρας</span> <span class='ocrx_word' id='word_1_158' title='bbox 552 1377 807 1446; x_wconf 82' lang='grc' dir='ltr'>ἐφαίνετο</span> <span class='ocrx_word' id='word_1_159' title='bbox 827 1395 840 1409; x_wconf 88' lang='grc'><strong>·</strong></span> <span class='ocrx_word' id='word_1_160' title='bbox 869 1379 964 1431; x_wconf 73' lang='grc' dir='ltr'><strong>καὶ</strong></span> <span class='ocrx_word' id='word_1_161' title='bbox 995 1378 1148 1446; x_wconf 80' lang='grc' dir='ltr'>λέγει</span> <span class='ocrx_word' id='word_1_162' title='bbox 1169 1395 1183 1410; x_wconf 78' lang='grc' dir='ltr'><strong><em>ο</em></strong></span> <span class='ocrx_word' id='word_1_163' title='bbox 1220 1379 1304 1433; x_wconf 81' lang='grc' dir='ltr'><strong>Τὰ</strong></span> <span class='ocrx_word' id='word_1_164' title='bbox 1347 1378 1552 1449; x_wconf 80' lang='grc' dir='ltr'>θέρμια</span> <span class='ocrx_word' id='word_1_165' title='bbox 1587 1380 1640 1431; x_wconf 82' lang='grc' dir='ltr'>τί</span> <span class='ocrx_word' id='word_1_166' title='bbox 1688 1381 1900 1448; x_wconf 77' lang='grc' dir='ltr'>μέμφε-</span> 
     </span>
    </p>
   </div>
   <div class='ocr_carea' id='block_1_24' title="bbox 2040 1377 3600 1452">
    <p class='ocr_par' dir='ltr' id='par_1_24' title="bbox 2040 1377 3600 1452">
     <span class='ocr_line' id='line_1_24' title="bbox 2040 1377 3600 1452; baseline 0.004 -23"><span class='ocrx_word' id='word_1_167' title='bbox 2040 1377 2048 1429; x_wconf 82' lang='grc' dir='ltr'><strong>ἱ</strong></span> <span class='ocrx_word' id='word_1_168' title='bbox 2089 1377 2310 1448; x_wconf 77' lang='lat' dir='ltr'><strong>infregit</strong></span> <span class='ocrx_word' id='word_1_169' title='bbox 2362 1380 2697 1447; x_wconf 83' lang='lat' dir='ltr'><strong>hujusmodi,</strong></span> <span class='ocrx_word' id='word_1_170' title='bbox 2747 1391 2804 1434; x_wconf 90' lang='lat' dir='ltr'><strong>ut</strong></span> <span class='ocrx_word' id='word_1_171' title='bbox 2857 1397 2960 1451; x_wconf 89' lang='lat' dir='ltr'><strong>per</strong></span> <span class='ocrx_word' id='word_1_172' title='bbox 3014 1382 3258 1436; x_wconf 86' lang='lat' dir='ltr'><strong>triduum</strong></span> <span class='ocrx_word' id='word_1_173' title='bbox 3308 1394 3600 1452; x_wconf 86' lang='lat' dir='ltr'><strong>appareret</strong></span> 
     </span>
    </p>
   </div>
   <div class='ocr_carea' id='block_1_25' title="bbox 305 1469 1927 1544">
    <p class='ocr_par' dir='ltr' id='par_1_25' title="bbox 305 1469 1901 1542">
     <span class='ocr_line' id='line_1_25' title="bbox 305 1469 1901 1542; baseline 0.001 -20"><span class='ocrx_word' id='word_1_174' title='bbox 305 1470 400 1523; x_wconf 75' lang='lat' dir='ltr'><strong>a&#39;ie</strong></span> <span class='ocrx_word' id='word_1_175' title='bbox 431 1488 444 1535; x_wconf 91' lang='lat'><strong>;</strong></span> <span class='ocrx_word' id='word_1_176' title='bbox 478 1471 890 1540; x_wconf 79' lang='grc' dir='ltr'>τεσσαράκοντα</span> <span class='ocrx_word' id='word_1_177' title='bbox 918 1470 1134 1540; x_wconf 80' lang='grc' dir='ltr'>ἡμέρας</span> <span class='ocrx_word' id='word_1_178' title='bbox 1163 1469 1501 1540; x_wconf 77' lang='grc' dir='ltr'>ἐϐράχησαν,</span> <span class='ocrx_word' id='word_1_179' title='bbox 1546 1472 1573 1523; x_wconf 81' lang='grc' dir='ltr'>ὁ</span> <span class='ocrx_word' id='word_1_180' title='bbox 1597 1471 1652 1523; x_wconf 76' lang='grc' dir='ltr'><strong>δὲ</strong></span> <span class='ocrx_word' id='word_1_181' title='bbox 1685 1471 1901 1542; x_wconf 83' lang='grc' dir='ltr'>Ὠριγέ-</span> 
     </span>
    </p>
   </div>
   <div class='ocr_carea' id='block_1_26' title="bbox 2040 1469 3599 1544">
    <p class='ocr_par' dir='ltr' id='par_1_26' title="bbox 2040 1471 3599 1544">
     <span class='ocr_line' id='line_1_26' title="bbox 2040 1471 3599 1544; baseline 0.002 -20"><span class='ocrx_word' id='word_1_182' title='bbox 2040 1471 2122 1540; x_wconf 82' lang='lat' dir='ltr'><strong>ius</strong></span> <span class='ocrx_word' id='word_1_183' title='bbox 2153 1471 2387 1541; x_wconf 85' lang='lat' dir='ltr'><strong>signum,</strong></span> <span class='ocrx_word' id='word_1_184' title='bbox 2423 1483 2479 1526; x_wconf 90' lang='lat' dir='ltr'><strong>et</strong></span> <span class='ocrx_word' id='word_1_185' title='bbox 2507 1473 2679 1527; x_wconf 84' lang='lat' dir='ltr'><strong>dixit:</strong></span> <span class='ocrx_word' id='word_1_186' title='bbox 2727 1473 2839 1528; x_wconf 90' lang='lat' dir='ltr'><strong>Cur</strong></span> <span class='ocrx_word' id='word_1_187' title='bbox 2885 1475 3100 1543; x_wconf 91' lang='lat' dir='ltr'><strong>lupinos</strong></span> <span class='ocrx_word' id='word_1_188' title='bbox 3150 1473 3599 1544; x_wconf 80' lang='lat' dir='ltr'><strong>reprehenditis?</strong></span> 
     </span>
    </p>
   </div>
   <div class='ocr_carea' id='block_1_27' title="bbox 303 1561 1902 1635">
    <p class='ocr_par' dir='ltr' id='par_1_27' title="bbox 303 1561 1902 1635">
     <span class='ocr_line' id='line_1_27' title="bbox 303 1561 1902 1635; baseline 0.003 -22"><span class='ocrx_word' id='word_1_189' title='bbox 303 1579 406 1631; x_wconf 74' lang='grc' dir='ltr'><strong>νης</strong></span> <span class='ocrx_word' id='word_1_190' title='bbox 437 1561 702 1628; x_wconf 82' lang='grc' dir='ltr'>ἐξαύτῶν</span> <span class='ocrx_word' id='word_1_191' title='bbox 736 1563 795 1616; x_wconf 86' lang='grc' dir='ltr'><strong>ού</strong></span> <span class='ocrx_word' id='word_1_192' title='bbox 828 1563 1059 1633; x_wconf 86' lang='grc' dir='ltr'>τρώγει,</span> <span class='ocrx_word' id='word_1_193' title='bbox 1107 1564 1192 1614; x_wconf 83' lang='grc' dir='ltr'>ὅτι</span> <span class='ocrx_word' id='word_1_194' title='bbox 1224 1563 1626 1632; x_wconf 82' lang='grc' dir='ltr'>ὑπερεισῆλθεν</span> <span class='ocrx_word' id='word_1_195' title='bbox 1675 1565 1757 1626; x_wconf 77' lang='grc' dir='ltr'><strong>εἰς</strong></span> <span class='ocrx_word' id='word_1_196' title='bbox 1803 1563 1902 1635; x_wconf 79' lang='grc' dir='ltr'><strong>τὴν</strong></span> 
     </span>
    </p>
   </div>
   <div class='ocr_carea' id='block_1_28' title="bbox 306 1653 1902 1724">
    <p class='ocr_par' dir='ltr' id='par_1_28' title="bbox 306 1653 1902 1724">
     <span class='ocr_line' id='line_1_28' title="bbox 306 1653 1902 1724; baseline 0.002 -19"><span class='ocrx_word' id='word_1_197' title='bbox 306 1653 611 1719; x_wconf 83' lang='grc' dir='ltr'>θάλασσαν,</span> <span class='ocrx_word' id='word_1_198' title='bbox 642 1654 737 1706; x_wconf 78' lang='grc' dir='ltr'><strong>καὶ</strong></span> <span class='ocrx_word' id='word_1_199' title='bbox 763 1654 867 1706; x_wconf 76' lang='grc' dir='ltr'>οὐκ</span> <span class='ocrx_word' id='word_1_200' title='bbox 914 1654 1138 1723; x_wconf 76' lang='grc' dir='ltr'>ἴσχυσεν</span> <span class='ocrx_word' id='word_1_201' title='bbox 1167 1653 1429 1720; x_wconf 80' lang='grc' dir='ltr'>ἐξελθεῖν,</span> <span class='ocrx_word' id='word_1_202' title='bbox 1471 1656 1567 1708; x_wconf 76' lang='grc' dir='ltr'><strong>καὶ</strong></span> <span class='ocrx_word' id='word_1_203' title='bbox 1596 1656 1790 1724; x_wconf 78' lang='grc' dir='ltr'>ἐπνίγη</span> <span class='ocrx_word' id='word_1_204' title='bbox 1822 1657 1902 1718; x_wconf 81' lang='grc' dir='ltr'><strong>είς</strong></span> 
     </span>
    </p>
   </div>
   <div class='ocr_carea' id='block_1_29' title="bbox 303 1745 1902 1817">
    <p class='ocr_par' dir='ltr' id='par_1_29' title="bbox 303 1745 1902 1817">
     <span class='ocr_line' id='line_1_29' title="bbox 303 1745 1902 1817; baseline 0.003 -19"><span class='ocrx_word' id='word_1_205' title='bbox 303 1747 402 1798; x_wconf 75' lang='grc' dir='ltr'><strong>τὸν</strong></span> <span class='ocrx_word' id='word_1_206' title='bbox 447 1745 632 1815; x_wconf 85' lang='grc' dir='ltr'>βυθόν.</span> <span class='ocrx_word' id='word_1_207' title='bbox 664 1746 1082 1814; x_wconf 83' lang='grc' dir='ltr'>Ἐκπλαγέντων</span> <span class='ocrx_word' id='word_1_208' title='bbox 1115 1746 1210 1800; x_wconf 80' lang='grc' dir='ltr'><strong>οὖν</strong></span> <span class='ocrx_word' id='word_1_209' title='bbox 1264 1745 1466 1812; x_wconf 81' lang='grc' dir='ltr'>αὐτῶν,</span> <span class='ocrx_word' id='word_1_210' title='bbox 1518 1749 1600 1799; x_wconf 73' lang='grc' dir='ltr'><strong>ὅτι</strong></span> <span class='ocrx_word' id='word_1_211' title='bbox 1632 1750 1902 1817; x_wconf 81' lang='grc' dir='ltr'>προεῖπεν</span> 
     </span>
    </p>
   </div>
   <div class='ocr_carea' id='block_1_30' title="bbox 2003 1560 3599 1636">
    <p class='ocr_par' dir='ltr' id='par_1_30' title="bbox 2003 1560 3599 1636">
     <span class='ocr_line' id='line_1_30' title="bbox 2003 1560 3599 1636; baseline 0.003 -22"><span class='ocrx_word' id='word_1_212' title='bbox 2003 1560 2207 1616; x_wconf 90' lang='lat' dir='ltr'><strong>Diebus</strong></span> <span class='ocrx_word' id='word_1_213' title='bbox 2235 1563 2597 1633; x_wconf 79' lang='lat' dir='ltr'><strong>quadraginta</strong></span> <span class='ocrx_word' id='word_1_214' title='bbox 2633 1564 2926 1618; x_wconf 77' lang='lat' dir='ltr'><strong>madefacti</strong></span> <span class='ocrx_word' id='word_1_215' title='bbox 2971 1575 3134 1629; x_wconf 88' lang='lat' dir='ltr'><strong>sunt;</strong></span> <span class='ocrx_word' id='word_1_216' title='bbox 3186 1564 3452 1636; x_wconf 82' lang='lat' dir='ltr'><strong>Origenes</strong></span> <span class='ocrx_word' id='word_1_217' title='bbox 3501 1581 3599 1618; x_wconf 85' lang='lat' dir='ltr'><strong>au-</strong></span> 
     </span>
    </p>
   </div>
   <div class='ocr_carea' id='block_1_31' title="bbox 2005 1655 3596 1725">
    <p class='ocr_par' dir='ltr' id='par_1_31' title="bbox 2005 1655 3596 1725">
     <span class='ocr_line' id='line_1_31' title="bbox 2005 1655 3596 1725; baseline 0.001 -17"><span class='ocrx_word' id='word_1_218' title='bbox 2005 1661 2114 1708; x_wconf 91' lang='lat' dir='ltr'><strong>tem</strong></span> <span class='ocrx_word' id='word_1_219' title='bbox 2142 1655 2300 1709; x_wconf 81' lang='lat' dir='ltr'><strong>exiis</strong></span> <span class='ocrx_word' id='word_1_220' title='bbox 2325 1669 2439 1708; x_wconf 86' lang='lat' dir='ltr'><strong>non</strong></span> <span class='ocrx_word' id='word_1_221' title='bbox 2470 1655 2731 1719; x_wconf 86' lang='lat' dir='ltr'><strong>comedit,</strong></span> <span class='ocrx_word' id='word_1_222' title='bbox 2764 1655 2890 1724; x_wconf 85' lang='lat' dir='ltr'><strong>quia</strong></span> <span class='ocrx_word' id='word_1_223' title='bbox 2925 1655 3092 1710; x_wconf 88' lang='lat' dir='ltr'><strong>subiit</strong></span> <span class='ocrx_word' id='word_1_224' title='bbox 3113 1671 3306 1720; x_wconf 87' lang='lat' dir='ltr'><strong>mare,</strong></span> <span class='ocrx_word' id='word_1_225' title='bbox 3335 1665 3392 1710; x_wconf 89' lang='lat' dir='ltr'><strong>et</strong></span> <span class='ocrx_word' id='word_1_226' title='bbox 3413 1655 3596 1725; x_wconf 82' lang='lat' dir='ltr'><strong>egredi</strong></span> 
     </span>
    </p>
   </div>
   <div class='ocr_carea' id='block_1_32' title="bbox 2006 1744 3600 1816">
    <p class='ocr_par' dir='ltr' id='par_1_32' title="bbox 2006 1744 3600 1816">
     <span class='ocr_line' id='line_1_32' title="bbox 2006 1744 3600 1816; baseline 0.001 -18"><span class='ocrx_word' id='word_1_227' title='bbox 2006 1760 2114 1799; x_wconf 90' lang='lat' dir='ltr'><strong>non</strong></span> <span class='ocrx_word' id='word_1_228' title='bbox 2141 1744 2340 1814; x_wconf 88' lang='lat' dir='ltr'><strong>potuit,</strong></span> <span class='ocrx_word' id='word_1_229' title='bbox 2377 1745 2474 1799; x_wconf 89' lang='lat' dir='ltr'><strong>sed</strong></span> <span class='ocrx_word' id='word_1_230' title='bbox 2520 1745 2575 1798; x_wconf 90' lang='lat' dir='ltr'><strong>in</strong></span> <span class='ocrx_word' id='word_1_231' title='bbox 2611 1745 2782 1801; x_wconf 87' lang='lat' dir='ltr'><strong>fundo</strong></span> <span class='ocrx_word' id='word_1_232' title='bbox 2825 1745 3125 1801; x_wconf 78' lang='lat' dir='ltr'><strong>suffocatus</strong></span> <span class='ocrx_word' id='word_1_233' title='bbox 3169 1747 3290 1800; x_wconf 90' lang='lat' dir='ltr'><strong>fuit.</strong></span> <span class='ocrx_word' id='word_1_234' title='bbox 3321 1744 3600 1816; x_wconf 88' lang='lat' dir='ltr'><strong>Obstupe-</strong></span> 
     </span>
    </p>
   </div>
   <div class='ocr_carea' id='block_1_33' title="bbox 307 1817 1927 1907">
    <p class='ocr_par' dir='ltr' id='par_1_33' title="bbox 307 1837 1899 1907">
     <span class='ocr_line' id='line_1_33' title="bbox 307 1837 1899 1907; baseline 0.003 -19"><span class='ocrx_word' id='word_1_235' title='bbox 307 1838 495 1900; x_wconf 75' lang='grc' dir='ltr'>αὐτοῖς</span> <span class='ocrx_word' id='word_1_236' title='bbox 525 1837 646 1902; x_wconf 85' lang='grc' dir='ltr'>ὅλα,</span> <span class='ocrx_word' id='word_1_237' title='bbox 679 1839 774 1891; x_wconf 76' lang='grc' dir='ltr'><strong>καὶ</strong></span> <span class='ocrx_word' id='word_1_238' title='bbox 802 1837 963 1891; x_wconf 78' lang='grc' dir='ltr'>τοῦτο</span> <span class='ocrx_word' id='word_1_239' title='bbox 989 1839 1070 1904; x_wconf 76' lang='grc' dir='ltr'>δὲ,</span> <span class='ocrx_word' id='word_1_240' title='bbox 1105 1840 1188 1892; x_wconf 80' lang='grc' dir='ltr'>ὅτι</span> <span class='ocrx_word' id='word_1_241' title='bbox 1222 1838 1292 1892; x_wconf 79' lang='grc' dir='ltr'><strong>τὰ</strong></span> <span class='ocrx_word' id='word_1_242' title='bbox 1317 1838 1452 1892; x_wconf 80' lang='grc' dir='ltr'>δέκα</span> <span class='ocrx_word' id='word_1_243' title='bbox 1477 1839 1674 1892; x_wconf 83' lang='grc' dir='ltr'>θέλειὸ</span> <span class='ocrx_word' id='word_1_244' title='bbox 1711 1840 1899 1907; x_wconf 85' lang='grc' dir='ltr'>Σαλὸς,</span> 
     </span>
    </p>
   </div>
   <div class='ocr_carea' id='block_1_34' title="bbox 2040 1817 3603 1907">
    <p class='ocr_par' dir='ltr' id='par_1_34' title="bbox 2040 1835 3603 1906">
     <span class='ocr_line' id='line_1_34' title="bbox 2040 1835 3603 1906; baseline 0 -17"><span class='ocrx_word' id='word_1_245' title='bbox 2040 1836 2164 1890; x_wconf 67' lang='lat' dir='ltr'><strong>actis</strong></span> <span class='ocrx_word' id='word_1_246' title='bbox 2218 1837 2402 1906; x_wconf 88' lang='lat' dir='ltr'><strong>itaque</strong></span> <span class='ocrx_word' id='word_1_247' title='bbox 2454 1836 2580 1902; x_wconf 89' lang='lat' dir='ltr'><strong>illis,</strong></span> <span class='ocrx_word' id='word_1_248' title='bbox 2619 1851 2686 1890; x_wconf 91' lang='lat' dir='ltr'><strong>eo</strong></span> <span class='ocrx_word' id='word_1_249' title='bbox 2737 1835 2879 1905; x_wconf 90' lang='lat' dir='ltr'><strong>quod</strong></span> <span class='ocrx_word' id='word_1_250' title='bbox 2925 1837 3108 1890; x_wconf 89' lang='lat' dir='ltr'><strong>omnia</strong></span> <span class='ocrx_word' id='word_1_251' title='bbox 3167 1837 3508 1906; x_wconf 64' lang='lat' dir='ltr'><strong>praedixerat,</strong></span> <span class='ocrx_word' id='word_1_252' title='bbox 3547 1845 3603 1892; x_wconf 89' lang='lat' dir='ltr'><strong>et</strong></span> 
     </span>
    </p>
   </div>
   <div class='ocr_carea' id='block_1_35' title="bbox 309 1929 1900 2000">
    <p class='ocr_par' dir='ltr' id='par_1_35' title="bbox 309 1929 1900 2000">
     <span class='ocr_line' id='line_1_35' title="bbox 309 1929 1900 2000; baseline 0.003 -18"><span class='ocrx_word' id='word_1_253' title='bbox 309 1930 428 1982; x_wconf 78' lang='grc' dir='ltr'>ἀλλ’</span> <span class='ocrx_word' id='word_1_254' title='bbox 479 1929 670 1999; x_wconf 78' lang='grc' dir='ltr'>ἕξηχός</span> <span class='ocrx_word' id='word_1_255' title='bbox 732 1931 880 1983; x_wconf 90' lang='grc' dir='ltr'>ἐστιν</span> <span class='ocrx_word' id='word_1_256' title='bbox 925 1931 1114 1999; x_wconf 85' lang='grc' dir='ltr'>ὅμοιος</span> <span class='ocrx_word' id='word_1_257' title='bbox 1149 1930 1328 2000; x_wconf 82' lang='grc' dir='ltr'>ὑμῶν.</span> <span class='ocrx_word' id='word_1_258' title='bbox 1381 1931 1724 2000; x_wconf 77' lang='grc' dir='ltr'>Λαμϐἀνεις,</span> <span class='ocrx_word' id='word_1_259' title='bbox 1759 1933 1900 1997; x_wconf 76' lang='grc' dir='ltr'>εἰπὲ,</span> 
     </span>
    </p>
   </div>
   <div class='ocr_carea' id='block_1_36' title="bbox 310 2023 1906 2095">
    <p class='ocr_par' dir='ltr' id='par_1_36' title="bbox 310 2023 1906 2095">
     <span class='ocr_line' id='line_1_36' title="bbox 310 2023 1906 2095; baseline 0.002 -20"><span class='ocrx_word' id='word_1_260' title='bbox 310 2023 678 2093; x_wconf 75' lang='grc' dir='ltr'>ἀντικνήμην,</span> <span class='ocrx_word' id='word_1_261' title='bbox 729 2025 840 2086; x_wconf 60' lang='grc' dir='ltr'>ναὶ,</span> <span class='ocrx_word' id='word_1_262' title='bbox 889 2024 996 2087; x_wconf 69' lang='grc' dir='ltr'>ναὶ,</span> <span class='ocrx_word' id='word_1_263' title='bbox 1035 2023 1300 2091; x_wconf 77' lang='grc' dir='ltr'><strong>ὑπάγετε·</strong></span> <span class='ocrx_word' id='word_1_264' title='bbox 1338 2023 1436 2076; x_wconf 74' lang='grc' dir='ltr'>καὶ</span> <span class='ocrx_word' id='word_1_265' title='bbox 1459 2025 1674 2095; x_wconf 83' lang='grc' dir='ltr'>ἐπάρας</span> <span class='ocrx_word' id='word_1_266' title='bbox 1698 2025 1906 2090; x_wconf 78' lang='grc' dir='ltr'>εὐθέως</span> 
     </span>
    </p>
   </div>
   <div class='ocr_carea' id='block_1_37' title="bbox 311 2113 1908 2184">
    <p class='ocr_par' dir='ltr' id='par_1_37' title="bbox 311 2113 1908 2184">
     <span class='ocr_line' id='line_1_37' title="bbox 311 2113 1908 2184; baseline 0.003 -20"><span class='ocrx_word' id='word_1_267' title='bbox 311 2115 413 2183; x_wconf 81' lang='grc' dir='ltr'>τὴν</span> <span class='ocrx_word' id='word_1_268' title='bbox 442 2113 650 2184; x_wconf 80' lang='grc' dir='ltr'>χύτραν</span> <span class='ocrx_word' id='word_1_269' title='bbox 676 2114 776 2183; x_wconf 84' lang='grc' dir='ltr'>τῆς</span> <span class='ocrx_word' id='word_1_270' title='bbox 807 2117 1056 2182; x_wconf 78' lang='grc' dir='ltr'>φούσκας</span> <span class='ocrx_word' id='word_1_271' title='bbox 1083 2115 1183 2184; x_wconf 83' lang='grc' dir='ltr'><strong>τῆς</strong></span> <span class='ocrx_word' id='word_1_272' title='bbox 1205 2114 1424 2183; x_wconf 83' lang='grc' dir='ltr'>ζεστῆς,</span> <span class='ocrx_word' id='word_1_273' title='bbox 1449 2114 1680 2168; x_wconf 73' lang='grc' dir='ltr'>ἔκαυσεν</span> <span class='ocrx_word' id='word_1_274' title='bbox 1711 2117 1908 2179; x_wconf 82' lang='grc' dir='ltr'>αὐτοὺς</span> 
     </span>
    </p>
   </div>
   <div class='ocr_carea' id='block_1_38' title="bbox 313 2203 1912 2277">
    <p class='ocr_par' dir='ltr' id='par_1_38' title="bbox 313 2203 1912 2277">
     <span class='ocr_line' id='line_1_38' title="bbox 313 2203 1912 2277; baseline 0.003 -21"><span class='ocrx_word' id='word_1_275' title='bbox 313 2208 396 2263; x_wconf 74' lang='grc' dir='ltr'><strong>εἰς</strong></span> <span class='ocrx_word' id='word_1_276' title='bbox 432 2206 499 2257; x_wconf 74' lang='grc' dir='ltr'><strong>τὰ</strong></span> <span class='ocrx_word' id='word_1_277' title='bbox 527 2205 682 2274; x_wconf 84' lang='grc' dir='ltr'>χείλη</span> <span class='ocrx_word' id='word_1_278' title='bbox 705 2206 832 2266; x_wconf 76' lang='grc' dir='ltr'>τοὺς</span> <span class='ocrx_word' id='word_1_279' title='bbox 883 2204 1000 2272; x_wconf 85' lang='grc' dir='ltr'>δύο,</span> <span class='ocrx_word' id='word_1_280' title='bbox 1034 2205 1122 2258; x_wconf 82' lang='grc' dir='ltr'><strong>ἵνα</strong></span> <span class='ocrx_word' id='word_1_281' title='bbox 1156 2204 1230 2275; x_wconf 80' lang='grc' dir='ltr'><strong>μὴ</strong></span> <span class='ocrx_word' id='word_1_282' title='bbox 1269 2203 1539 2276; x_wconf 84' lang='grc' dir='ltr'>δυνηθῶσι</span> <span class='ocrx_word' id='word_1_283' title='bbox 1581 2205 1815 2277; x_wconf 82' lang='grc' dir='ltr'>λαλῆσαι</span> <span class='ocrx_word' id='word_1_284' title='bbox 1845 2207 1912 2261; x_wconf 80' lang='grc' dir='ltr'><strong>τὸ</strong></span> 
     </span>
    </p>
   </div>
   <div class='ocr_carea' id='block_1_39' title="bbox 315 2292 1228 2359">
    <p class='ocr_par' dir='ltr' id='par_1_39' title="bbox 315 2292 1228 2359">
     <span class='ocr_line' id='line_1_39' title="bbox 315 2292 1228 2359; baseline 0.004 -11"><span class='ocrx_word' id='word_1_285' title='bbox 315 2297 370 2348; x_wconf 81' lang='grc' dir='ltr'>τί</span> <span class='ocrx_word' id='word_1_286' title='bbox 403 2292 556 2349; x_wconf 81' lang='grc' dir='ltr'>εἶπεν</span> <span class='ocrx_word' id='word_1_287' title='bbox 593 2297 820 2359; x_wconf 73' lang='grc' dir='ltr'><strong>αὑτοῖς.’</strong></span> <span class='ocrx_word' id='word_1_288' title='bbox 1213 2308 1228 2320; x_wconf 88' lang='grc'><strong>⁹</strong></span> 
     </span>
    </p>
   </div>
   <div class='ocr_carea' id='block_1_40' title="bbox 393 2384 1912 2462">
    <p class='ocr_par' dir='ltr' id='par_1_40' title="bbox 393 2384 1912 2462">
     <span class='ocr_line' id='line_1_40' title="bbox 393 2384 1912 2462; baseline 0.001 -20"><span class='ocrx_word' id='word_1_289' title='bbox 393 2388 502 2457; x_wconf 86' lang='grc' dir='ltr'><strong>μβ’.</strong></span> <span class='ocrx_word' id='word_1_290' title='bbox 539 2389 772 2441; x_wconf 71' lang='grc' dir='ltr'>Ἔλαϐεν</span> <span class='ocrx_word' id='word_1_291' title='bbox 820 2390 894 2452; x_wconf 76' lang='grc' dir='ltr'>ὡς</span> <span class='ocrx_word' id='word_1_292' title='bbox 951 2384 1020 2460; x_wconf 77' lang='grc' dir='ltr'>ἦν</span> <span class='ocrx_word' id='word_1_293' title='bbox 1071 2391 1153 2454; x_wconf 75' lang='grc' dir='ltr'><strong>εἰς</strong></span> <span class='ocrx_word' id='word_1_294' title='bbox 1195 2390 1256 2442; x_wconf 81' lang='grc' dir='ltr'>τὸ</span> <span class='ocrx_word' id='word_1_295' title='bbox 1318 2391 1656 2462; x_wconf 81' lang='grc' dir='ltr'>φουσκάριον</span> <span class='ocrx_word' id='word_1_296' title='bbox 1695 2393 1754 2445; x_wconf 93' lang='grc' dir='ltr'><strong>ἐν</strong></span> <span class='ocrx_word' id='word_1_297' title='bbox 1811 2392 1912 2462; x_wconf 78' lang='grc' dir='ltr'><strong>μιᾷ</strong></span> 
     </span>
    </p>
   </div>
   <div class='ocr_carea' id='block_1_41' title="bbox 321 2479 1909 2554">
    <p class='ocr_par' dir='ltr' id='par_1_41' title="bbox 321 2479 1909 2554">
     <span class='ocr_line' id='line_1_41' title="bbox 321 2479 1909 2554; baseline 0.003 -22"><span class='ocrx_word' id='word_1_298' title='bbox 321 2479 638 2550; x_wconf 81' lang='grc' dir='ltr'>πανδοῦριν,</span> <span class='ocrx_word' id='word_1_299' title='bbox 689 2481 788 2533; x_wconf 80' lang='grc' dir='ltr'>καὶ</span> <span class='ocrx_word' id='word_1_300' title='bbox 841 2479 1048 2552; x_wconf 74' lang='grc' dir='ltr'>ἤρξατο</span> <span class='ocrx_word' id='word_1_301' title='bbox 1096 2481 1284 2535; x_wconf 84' lang='grc' dir='ltr'>αὐλεῖν</span> <span class='ocrx_word' id='word_1_302' title='bbox 1329 2484 1408 2544; x_wconf 81' lang='grc' dir='ltr'>εἰς</span> <span class='ocrx_word' id='word_1_303' title='bbox 1455 2482 1514 2535; x_wconf 82' lang='grc' dir='ltr'>ἓν</span> <span class='ocrx_word' id='word_1_304' title='bbox 1549 2483 1909 2554; x_wconf 80' lang='grc' dir='ltr'>στενορύμην,</span> 
     </span>
    </p>
   </div>
   <div class='ocr_carea' id='block_1_42' title="bbox 320 2568 1916 2643">
    <p class='ocr_par' dir='ltr' id='par_1_42' title="bbox 320 2568 1916 2643">
     <span class='ocr_line' id='line_1_42' title="bbox 320 2568 1916 2643; baseline 0.001 -19"><span class='ocrx_word' id='word_1_305' title='bbox 320 2574 458 2626; x_wconf 80' lang='grc' dir='ltr'>ὅπου</span> <span class='ocrx_word' id='word_1_306' title='bbox 490 2568 558 2643; x_wconf 77' lang='grc' dir='ltr'>ἦν</span> <span class='ocrx_word' id='word_1_307' title='bbox 586 2572 805 2642; x_wconf 84' lang='grc' dir='ltr'>πνεῦμα</span> <span class='ocrx_word' id='word_1_308' title='bbox 839 2573 1172 2643; x_wconf 78' lang='grc' dir='ltr'>ἀκάθαρτον.</span> <span class='ocrx_word' id='word_1_309' title='bbox 1206 2571 1372 2626; x_wconf 79' lang='grc' dir='ltr'>Ηύλει</span> <span class='ocrx_word' id='word_1_310' title='bbox 1400 2573 1457 2627; x_wconf 87' lang='grc' dir='ltr'><strong>δέ</strong></span> <span class='ocrx_word' id='word_1_311' title='bbox 1481 2573 1575 2627; x_wconf 77' lang='grc' dir='ltr'><strong>καὶ</strong></span> <span class='ocrx_word' id='word_1_312' title='bbox 1606 2574 1793 2642; x_wconf 78' lang='grc' dir='ltr'>ἔλεγεν</span> <span class='ocrx_word' id='word_1_313' title='bbox 1817 2572 1916 2642; x_wconf 84' lang='grc' dir='ltr'><strong>τὴν</strong></span> 
     </span>
    </p>
   </div>
   <div class='ocr_carea' id='block_1_43' title="bbox 320 2663 1916 2737">
    <p class='ocr_par' dir='ltr' id='par_1_43' title="bbox 320 2663 1916 2737">
     <span class='ocr_line' id='line_1_43' title="bbox 320 2663 1916 2737; baseline 0.002 -22"><span class='ocrx_word' id='word_1_314' title='bbox 320 2663 492 2734; x_wconf 77' lang='grc' dir='ltr'>εὐχὴν</span> <span class='ocrx_word' id='word_1_315' title='bbox 516 2663 610 2716; x_wconf 74' lang='grc' dir='ltr'><strong>τοῦ</strong></span> <span class='ocrx_word' id='word_1_316' title='bbox 667 2663 910 2732; x_wconf 79' lang='grc' dir='ltr'>μεγάλου</span> <span class='ocrx_word' id='word_1_317' title='bbox 954 2663 1225 2729; x_wconf 78' lang='grc' dir='ltr'><strong>Νίκωνος,</strong></span> <span class='ocrx_word' id='word_1_318' title='bbox 1274 2664 1363 2717; x_wconf 83' lang='grc' dir='ltr'><strong>ἵνα</strong></span> <span class='ocrx_word' id='word_1_319' title='bbox 1411 2664 1689 2737; x_wconf 79' lang='grc' dir='ltr'><strong>ἁποδιώξῃ</strong></span> <span class='ocrx_word' id='word_1_320' title='bbox 1723 2667 1788 2719; x_wconf 85' lang='grc' dir='ltr'>ἐκ</span> <span class='ocrx_word' id='word_1_321' title='bbox 1820 2663 1916 2718; x_wconf 80' lang='grc' dir='ltr'><strong>τοῦ</strong></span> 
     </span>
    </p>
   </div>
   <div class='ocr_carea' id='block_1_44' title="bbox 319 2751 1919 2828">
    <p class='ocr_par' dir='ltr' id='par_1_44' title="bbox 319 2751 1919 2828">
     <span class='ocr_line' id='line_1_44' title="bbox 319 2751 1919 2828; baseline 0.002 -21"><span class='ocrx_word' id='word_1_322' title='bbox 319 2756 493 2808; x_wconf 77' lang='grc' dir='ltr'>τόπον</span> <span class='ocrx_word' id='word_1_323' title='bbox 531 2755 594 2808; x_wconf 79' lang='grc' dir='ltr'><strong>τὸ</strong></span> <span class='ocrx_word' id='word_1_324' title='bbox 617 2755 858 2826; x_wconf 79' lang='grc' dir='ltr'>πνεῦμα’</span> <span class='ocrx_word' id='word_1_325' title='bbox 901 2756 1132 2818; x_wconf 77' lang='grc' dir='ltr'>πολλοὺς</span> <span class='ocrx_word' id='word_1_326' title='bbox 1163 2759 1274 2828; x_wconf 85' lang='grc' dir='ltr'><strong>γὰρ</strong></span> <span class='ocrx_word' id='word_1_327' title='bbox 1319 2757 1649 2811; x_wconf 81' lang='grc' dir='ltr'>ἐκύλλωσεν.</span> <span class='ocrx_word' id='word_1_328' title='bbox 1707 2757 1794 2820; x_wconf 84' lang='grc' dir='ltr'>Ὠς</span> <span class='ocrx_word' id='word_1_329' title='bbox 1825 2751 1919 2810; x_wconf 77' lang='grc' dir='ltr'>οὗν</span> 
     </span>
    </p>
   </div>
   <div class='ocr_carea' id='block_1_45' title="bbox 321 2846 1920 2919">
    <p class='ocr_par' dir='ltr' id='par_1_45' title="bbox 321 2846 1920 2919">
     <span class='ocr_line' id='line_1_45' title="bbox 321 2846 1920 2919; baseline 0.001 -19"><span class='ocrx_word' id='word_1_330' title='bbox 321 2846 496 2916; x_wconf 71' lang='grc' dir='ltr'>εφυγε</span> <span class='ocrx_word' id='word_1_331' title='bbox 545 2849 608 2900; x_wconf 71' lang='grc' dir='ltr'><strong>τὸ</strong></span> <span class='ocrx_word' id='word_1_332' title='bbox 654 2847 955 2919; x_wconf 80' lang='grc' dir='ltr'>δαιμόνιον,</span> <span class='ocrx_word' id='word_1_333' title='bbox 1017 2848 1297 2918; x_wconf 84' lang='grc' dir='ltr'>παρῆλθεν</span> <span class='ocrx_word' id='word_1_334' title='bbox 1325 2848 1402 2912; x_wconf 84' lang='grc' dir='ltr'><strong>ὡς</strong></span> <span class='ocrx_word' id='word_1_335' title='bbox 1443 2849 1638 2918; x_wconf 76' lang='grc' dir='ltr'>Αἰθίοψ</span> <span class='ocrx_word' id='word_1_336' title='bbox 1697 2849 1789 2903; x_wconf 74' lang='grc' dir='ltr'><strong>διὰ</strong></span> <span class='ocrx_word' id='word_1_337' title='bbox 1823 2849 1920 2902; x_wconf 81' lang='grc' dir='ltr'><strong>τοῦ</strong></span> 
     </span>
    </p>
   </div>
   <div class='ocr_carea' id='block_1_46' title="bbox 324 2938 1922 3012">
    <p class='ocr_par' dir='ltr' id='par_1_46' title="bbox 324 2938 1922 3012">
     <span class='ocr_line' id='line_1_46' title="bbox 324 2938 1922 3012; baseline 0.001 -20"><span class='ocrx_word' id='word_1_338' title='bbox 324 2941 690 3010; x_wconf 81' lang='grc' dir='ltr'>φουσκαρίου,</span> <span class='ocrx_word' id='word_1_339' title='bbox 721 2941 817 2992; x_wconf 77' lang='grc' dir='ltr'><strong>καὶ</strong></span> <span class='ocrx_word' id='word_1_340' title='bbox 853 2941 951 2993; x_wconf 83' lang='grc' dir='ltr'>ὅλα</span> <span class='ocrx_word' id='word_1_341' title='bbox 1001 2939 1346 3012; x_wconf 83' lang='grc' dir='ltr'>συνέτριψεν.</span> <span class='ocrx_word' id='word_1_342' title='bbox 1409 2940 1792 3011; x_wconf 78' lang='grc' dir='ltr'>Ὑποστρέψας</span> <span class='ocrx_word' id='word_1_343' title='bbox 1827 2938 1922 2994; x_wconf 77' lang='grc' dir='ltr'><strong>οὖν</strong></span> 
     </span>
    </p>
   </div>
   <div class='ocr_carea' id='block_1_47' title="bbox 322 3030 1920 3102">
    <p class='ocr_par' dir='ltr' id='par_1_47' title="bbox 322 3030 1920 3102">
     <span class='ocr_line' id='line_1_47' title="bbox 322 3030 1920 3102; baseline 0 -18"><span class='ocrx_word' id='word_1_344' title='bbox 322 3035 354 3084; x_wconf 82' lang='grc' dir='ltr'><strong>ὁ</strong></span> <span class='ocrx_word' id='word_1_345' title='bbox 387 3031 714 3101; x_wconf 73' lang='grc' dir='ltr'>θαυμάσιος.</span> <span class='ocrx_word' id='word_1_346' title='bbox 745 3031 895 3099; x_wconf 81' lang='grc' dir='ltr'>λέγει</span> <span class='ocrx_word' id='word_1_347' title='bbox 918 3033 984 3101; x_wconf 80' lang='grc' dir='ltr'><strong>τῇ</strong></span> <span class='ocrx_word' id='word_1_348' title='bbox 1017 3030 1317 3102; x_wconf 73' lang='grc' dir='ltr'>αὐθεντρίᾳ</span> <span class='ocrx_word' id='word_1_349' title='bbox 1368 3031 1570 3086; x_wconf 74' lang='grc' dir='ltr'>αὑτοῦ·</span> <span class='ocrx_word' id='word_1_350' title='bbox 1596 3032 1693 3096; x_wconf 88' lang='grc' dir='ltr'>Τίς</span> <span class='ocrx_word' id='word_1_351' title='bbox 1717 3032 1920 3085; x_wconf 79' lang='grc' dir='ltr'>ἕκλασε</span> 
     </span>
    </p>
   </div>
   <div class='ocr_carea' id='block_1_48' title="bbox 2010 1926 3601 1999">
    <p class='ocr_par' dir='ltr' id='par_1_48' title="bbox 2010 1926 3601 1999">
     <span class='ocr_line' id='line_1_48' title="bbox 2010 1926 3601 1999; baseline 0.003 -20"><span class='ocrx_word' id='word_1_352' title='bbox 2010 1926 2113 1980; x_wconf 90' lang='lat' dir='ltr'><strong>hoc</strong></span> <span class='ocrx_word' id='word_1_353' title='bbox 2145 1927 2365 1995; x_wconf 89' lang='lat' dir='ltr'><strong>quidem</strong></span> <span class='ocrx_word' id='word_1_354' title='bbox 2402 1927 2603 1996; x_wconf 88' lang='lat' dir='ltr'><strong>ipsum,</strong></span> <span class='ocrx_word' id='word_1_355' title='bbox 2657 1928 2800 1998; x_wconf 90' lang='lat' dir='ltr'><strong>quod</strong></span> <span class='ocrx_word' id='word_1_356' title='bbox 2847 1927 3038 1982; x_wconf 85' lang='lat' dir='ltr'><strong>decem</strong></span> <span class='ocrx_word' id='word_1_357' title='bbox 3094 1929 3206 1999; x_wconf 78' lang='lat'><strong>(57)</strong></span> <span class='ocrx_word' id='word_1_358' title='bbox 3259 1929 3390 1984; x_wconf 79' lang='lat' dir='ltr'><strong>velit</strong></span> <span class='ocrx_word' id='word_1_359' title='bbox 3421 1927 3601 1995; x_wconf 86' lang='lat' dir='ltr'><strong>Salus,</strong></span> 
     </span>
    </p>
   </div>
   <div class='ocr_carea' id='block_1_49' title="bbox 2008 2015 3604 2089">
    <p class='ocr_par' dir='ltr' id='par_1_49' title="bbox 2008 2015 3604 2089">
     <span class='ocr_line' id='line_1_49' title="bbox 2008 2015 3604 2089; baseline 0.003 -20"><span class='ocrx_word' id='word_1_360' title='bbox 2008 2015 2102 2069; x_wconf 90' lang='lat' dir='ltr'><strong>sed</strong></span> <span class='ocrx_word' id='word_1_361' title='bbox 2133 2015 2332 2071; x_wconf 90' lang='lat' dir='ltr'><strong>stultus</strong></span> <span class='ocrx_word' id='word_1_362' title='bbox 2370 2025 2454 2070; x_wconf 88' lang='lat' dir='ltr'><strong>est</strong></span> <span class='ocrx_word' id='word_1_363' title='bbox 2500 2016 2694 2070; x_wconf 88' lang='lat' dir='ltr'><strong>similis</strong></span> <span class='ocrx_word' id='word_1_364' title='bbox 2734 2017 2910 2073; x_wconf 89' lang='lat' dir='ltr'><strong>vobis.</strong></span> <span class='ocrx_word' id='word_1_365' title='bbox 2959 2017 3201 2087; x_wconf 80' lang='lat' dir='ltr'><strong>Accipis,</strong></span> <span class='ocrx_word' id='word_1_366' title='bbox 3258 2019 3347 2074; x_wconf 89' lang='lat' dir='ltr'><strong>dic</strong></span> <span class='ocrx_word' id='word_1_367' title='bbox 3375 2019 3510 2089; x_wconf 83' lang='lat'><strong>(58),</strong></span> <span class='ocrx_word' id='word_1_368' title='bbox 3547 2021 3604 2074; x_wconf 92' lang='lat' dir='ltr'><strong>in</strong></span> 
     </span>
    </p>
   </div>
   <div class='ocr_carea' id='block_1_50' title="bbox 2009 2107 3605 2175">
    <p class='ocr_par' dir='ltr' id='par_1_50' title="bbox 2009 2107 3605 2175">
     <span class='ocr_line' id='line_1_50' title="bbox 2009 2107 3605 2175; baseline 0.001 -13"><span class='ocrx_word' id='word_1_369' title='bbox 2009 2123 2204 2175; x_wconf 88' lang='lat' dir='ltr'><strong>crure;</strong></span> <span class='ocrx_word' id='word_1_370' title='bbox 2266 2107 2397 2172; x_wconf 90' lang='lat' dir='ltr'><strong>imo,</strong></span> <span class='ocrx_word' id='word_1_371' title='bbox 2469 2107 2580 2161; x_wconf 89' lang='lat' dir='ltr'><strong>imo</strong></span> <span class='ocrx_word' id='word_1_372' title='bbox 2640 2108 2826 2174; x_wconf 88' lang='lat' dir='ltr'><strong>abite;</strong></span> <span class='ocrx_word' id='word_1_373' title='bbox 2878 2117 2934 2162; x_wconf 90' lang='lat' dir='ltr'><strong>et</strong></span> <span class='ocrx_word' id='word_1_374' title='bbox 2991 2109 3203 2163; x_wconf 88' lang='lat' dir='ltr'><strong>sublata</strong></span> <span class='ocrx_word' id='word_1_375' title='bbox 3230 2126 3354 2164; x_wconf 86' lang='lat' dir='ltr'><strong>mox</strong></span> <span class='ocrx_word' id='word_1_376' title='bbox 3387 2111 3513 2175; x_wconf 91' lang='lat' dir='ltr'><strong>olla,</strong></span> <span class='ocrx_word' id='word_1_377' title='bbox 3549 2111 3605 2164; x_wconf 91' lang='lat' dir='ltr'><strong>in</strong></span> 
     </span>
    </p>
   </div>
   <div class='ocr_carea' id='block_1_51' title="bbox 2011 2198 3607 2270">
    <p class='ocr_par' dir='ltr' id='par_1_51' title="bbox 2011 2198 3607 2270">
     <span class='ocr_line' id='line_1_51' title="bbox 2011 2198 3607 2270; baseline 0.003 -18"><span class='ocrx_word' id='word_1_378' title='bbox 2011 2215 2116 2269; x_wconf 89' lang='lat' dir='ltr'><strong>qua</strong></span> <span class='ocrx_word' id='word_1_379' title='bbox 2143 2207 2260 2253; x_wconf 90' lang='lat' dir='ltr'><strong>erat</strong></span> <span class='ocrx_word' id='word_1_380' title='bbox 2288 2198 2496 2253; x_wconf 88' lang='lat' dir='ltr'><strong>fervida</strong></span> <span class='ocrx_word' id='word_1_381' title='bbox 2549 2214 2717 2269; x_wconf 90' lang='lat' dir='ltr'><strong>pusca</strong></span> <span class='ocrx_word' id='word_1_382' title='bbox 2743 2199 2877 2270; x_wconf 80' lang='lat'><strong>(59),</strong></span> <span class='ocrx_word' id='word_1_383' title='bbox 2908 2199 3046 2255; x_wconf 89' lang='lat' dir='ltr'><strong>ussit</strong></span> <span class='ocrx_word' id='word_1_384' title='bbox 3074 2217 3169 2256; x_wconf 90' lang='lat' dir='ltr'><strong>eos</strong></span> <span class='ocrx_word' id='word_1_385' title='bbox 3215 2203 3406 2257; x_wconf 90' lang='lat' dir='ltr'><strong>ambos</strong></span> <span class='ocrx_word' id='word_1_386' title='bbox 3442 2203 3607 2257; x_wconf 74' lang='lat' dir='ltr'><strong>in’la-</strong></span> 
     </span>
    </p>
   </div>
   <div class='ocr_carea' id='block_1_52' title="bbox 2011 2288 3531 2361">
    <p class='ocr_par' dir='ltr' id='par_1_52' title="bbox 2011 2288 3531 2361">
     <span class='ocr_line' id='line_1_52' title="bbox 2011 2288 3531 2361; baseline 0.001 -17"><span class='ocrx_word' id='word_1_387' title='bbox 2011 2289 2147 2349; x_wconf 85' lang='lat' dir='ltr'><strong>bris.</strong></span> <span class='ocrx_word' id='word_1_388' title='bbox 2181 2303 2251 2342; x_wconf 92' lang='lat' dir='ltr'><strong>ne</strong></span> <span class='ocrx_word' id='word_1_389' title='bbox 2290 2296 2517 2359; x_wconf 88' lang='lat' dir='ltr'><strong>possent</strong></span> <span class='ocrx_word' id='word_1_390' title='bbox 2545 2288 2817 2358; x_wconf 86' lang='lat' dir='ltr'><strong>proferre,</strong></span> <span class='ocrx_word' id='word_1_391' title='bbox 2845 2290 2899 2344; x_wconf 87' lang='lat' dir='ltr'><strong>id</strong></span> <span class='ocrx_word' id='word_1_392' title='bbox 2931 2291 3078 2359; x_wconf 92' lang='lat' dir='ltr'><strong>quod</strong></span> <span class='ocrx_word' id='word_1_393' title='bbox 3119 2291 3252 2361; x_wconf 87' lang='lat' dir='ltr'><strong>ipsis</strong></span> <span class='ocrx_word' id='word_1_394' title='bbox 3292 2292 3531 2347; x_wconf 79' lang='lat' dir='ltr'><strong>dixerat.</strong></span> 
     </span>
    </p>
   </div>
   <div class='ocr_carea' id='block_1_53' title="bbox 2082 2380 3608 2454">
    <p class='ocr_par' dir='ltr' id='par_1_53' title="bbox 2082 2380 3608 2454">
     <span class='ocr_line' id='line_1_53' title="bbox 2082 2380 3608 2454; baseline 0.002 -19"><span class='ocrx_word' id='word_1_395' title='bbox 2082 2380 2174 2435; x_wconf 78' lang='grc'><strong>42.</strong></span> <span class='ocrx_word' id='word_1_396' title='bbox 2218 2380 2314 2434; x_wconf 88' lang='lat' dir='ltr'><strong>Die</strong></span> <span class='ocrx_word' id='word_1_397' title='bbox 2341 2383 2576 2450; x_wconf 90' lang='lat' dir='ltr'><strong>quodam</strong></span> <span class='ocrx_word' id='word_1_398' title='bbox 2619 2383 2831 2453; x_wconf 86' lang='lat' dir='ltr'><strong>accepit</strong></span> <span class='ocrx_word' id='word_1_399' title='bbox 2865 2383 3168 2452; x_wconf 89' lang='lat' dir='ltr'><strong>panduram</strong></span> <span class='ocrx_word' id='word_1_400' title='bbox 3206 2384 3341 2453; x_wconf 83' lang='lat'><strong>(60),</strong></span> <span class='ocrx_word' id='word_1_401' title='bbox 3385 2385 3439 2438; x_wconf 93' lang='lat' dir='ltr'><strong>in</strong></span> <span class='ocrx_word' id='word_1_402' title='bbox 3503 2401 3608 2454; x_wconf 86' lang='lat' dir='ltr'><strong>pu-</strong></span> 
     </span>
    </p>
   </div>
   <div class='ocr_carea' id='block_1_54' title="bbox 2017 2473 3612 2545">
    <p class='ocr_par' dir='ltr' id='par_1_54' title="bbox 2017 2473 3612 2545">
     <span class='ocr_line' id='line_1_54' title="bbox 2017 2473 3612 2545; baseline 0 -15"><span class='ocrx_word' id='word_1_403' title='bbox 2017 2474 2200 2530; x_wconf 89' lang='lat' dir='ltr'><strong>scario</strong></span> <span class='ocrx_word' id='word_1_404' title='bbox 2217 2473 2351 2545; x_wconf 91' lang='lat' dir='ltr'><strong>(6l),</strong></span> <span class='ocrx_word' id='word_1_405' title='bbox 2377 2483 2432 2530; x_wconf 85' lang='lat' dir='ltr'><strong>et</strong></span> <span class='ocrx_word' id='word_1_406' title='bbox 2451 2489 2650 2530; x_wconf 86' lang='lat' dir='ltr'><strong>canere</strong></span> <span class='ocrx_word' id='word_1_407' title='bbox 2685 2489 2745 2529; x_wconf 86' lang='lat' dir='ltr'><strong>ea</strong></span> <span class='ocrx_word' id='word_1_408' title='bbox 2773 2474 2939 2544; x_wconf 74' lang='lat' dir='ltr'><strong>C(Bpil.</strong></span> <span class='ocrx_word' id='word_1_409' title='bbox 2963 2474 3015 2528; x_wconf 90' lang='lat' dir='ltr'><strong>in</strong></span> <span class='ocrx_word' id='word_1_410' title='bbox 3036 2475 3349 2545; x_wconf 86' lang='lat' dir='ltr'><strong>angiportu,</strong></span> <span class='ocrx_word' id='word_1_411' title='bbox 3375 2475 3468 2530; x_wconf 91' lang='lat' dir='ltr'><strong>ubi</strong></span> <span class='ocrx_word' id='word_1_412' title='bbox 3490 2485 3612 2530; x_wconf 89' lang='lat' dir='ltr'><strong>erat</strong></span> 
     </span>
    </p>
   </div>
   <div class='ocr_carea' id='block_1_55' title="bbox 2017 2565 3612 2637">
    <p class='ocr_par' dir='ltr' id='par_1_55' title="bbox 2017 2565 3612 2637">
     <span class='ocr_line' id='line_1_55' title="bbox 2017 2565 3612 2637; baseline 0.001 -16"><span class='ocrx_word' id='word_1_413' title='bbox 2017 2567 2244 2637; x_wconf 75' lang='lat' dir='ltr'><strong>Spiritus</strong></span> <span class='ocrx_word' id='word_1_414' title='bbox 2277 2567 2614 2621; x_wconf 87' lang='lat' dir='ltr'><strong>immundus.</strong></span> <span class='ocrx_word' id='word_1_415' title='bbox 2659 2565 2904 2622; x_wconf 88' lang='lat' dir='ltr'><strong>Canebat</strong></span> <span class='ocrx_word' id='word_1_416' title='bbox 2939 2576 3124 2622; x_wconf 89' lang='lat' dir='ltr'><strong>autem</strong></span> <span class='ocrx_word' id='word_1_417' title='bbox 3159 2576 3215 2622; x_wconf 89' lang='lat' dir='ltr'><strong>et</strong></span> <span class='ocrx_word' id='word_1_418' title='bbox 3241 2567 3456 2623; x_wconf 89' lang='lat' dir='ltr'><strong>dicebat</strong></span> <span class='ocrx_word' id='word_1_419' title='bbox 3483 2582 3612 2622; x_wconf 88' lang='lat' dir='ltr'><strong>ora-</strong></span> 
     </span>
    </p>
   </div>
   <div class='ocr_carea' id='block_1_56' title="bbox 2021 2659 3610 2731">
    <p class='ocr_par' dir='ltr' id='par_1_56' title="bbox 2021 2659 3610 2731">
     <span class='ocr_line' id='line_1_56' title="bbox 2021 2659 3610 2731; baseline 0.001 -18"><span class='ocrx_word' id='word_1_420' title='bbox 2021 2659 2223 2714; x_wconf 91' lang='lat' dir='ltr'><strong>tionem</strong></span> <span class='ocrx_word' id='word_1_421' title='bbox 2247 2659 2430 2730; x_wconf 81' lang='lat' dir='ltr'><strong>magni</strong></span> <span class='ocrx_word' id='word_1_422' title='bbox 2463 2659 2710 2726; x_wconf 84' lang='lat' dir='ltr'><strong>Niconis,</strong></span> <span class='ocrx_word' id='word_1_423' title='bbox 2762 2668 2822 2714; x_wconf 89' lang='lat' dir='ltr'><strong>ut</strong></span> <span class='ocrx_word' id='word_1_424' title='bbox 2861 2675 2891 2714; x_wconf 93' lang='lat' dir='ltr'><strong>e</strong></span> <span class='ocrx_word' id='word_1_425' title='bbox 2922 2660 3045 2716; x_wconf 89' lang='lat' dir='ltr'><strong>loco</strong></span> <span class='ocrx_word' id='word_1_426' title='bbox 3076 2660 3291 2731; x_wconf 79' lang='lat' dir='ltr'><strong>fugaret</strong></span> <span class='ocrx_word' id='word_1_427' title='bbox 3328 2661 3610 2731; x_wconf 87' lang='lat' dir='ltr'><strong>spiritum.</strong></span> 
     </span>
    </p>
   </div>
   <div class='ocr_carea' id='block_1_57' title="bbox 2021 2750 3618 2824">
    <p class='ocr_par' dir='ltr' id='par_1_57' title="bbox 2021 2750 3618 2824">
     <span class='ocr_line' id='line_1_57' title="bbox 2021 2750 3618 2824; baseline 0 -18"><span class='ocrx_word' id='word_1_428' title='bbox 2021 2750 2220 2808; x_wconf 83' lang='lat' dir='ltr'><strong>Multos</strong></span> <span class='ocrx_word' id='word_1_429' title='bbox 2249 2753 2451 2823; x_wconf 88' lang='lat' dir='ltr'><strong>quippe</strong></span> <span class='ocrx_word' id='word_1_430' title='bbox 2485 2762 2799 2808; x_wconf 79' lang='lat' dir='ltr'><strong>vexaverat.</strong></span> <span class='ocrx_word' id='word_1_431' title='bbox 2838 2752 3135 2823; x_wconf 86' lang='lat' dir='ltr'><strong>Postquam</strong></span> <span class='ocrx_word' id='word_1_432' title='bbox 3164 2753 3393 2824; x_wconf 81' lang='lat' dir='ltr'><strong>fugisset</strong></span> <span class='ocrx_word' id='word_1_433' title='bbox 3417 2758 3618 2808; x_wconf 81' lang='lat' dir='ltr'><strong>daemo-</strong></span> 
     </span>
    </p>
   </div>
   <div class='ocr_carea' id='block_1_58' title="bbox 2021 2843 3618 2916">
    <p class='ocr_par' dir='ltr' id='par_1_58' title="bbox 2021 2843 3618 2916">
     <span class='ocr_line' id='line_1_58' title="bbox 2021 2843 3618 2916; baseline 0 -17"><span class='ocrx_word' id='word_1_434' title='bbox 2021 2843 2196 2910; x_wconf 86' lang='lat' dir='ltr'><strong>nium,</strong></span> <span class='ocrx_word' id='word_1_435' title='bbox 2221 2845 2441 2898; x_wconf 87' lang='lat' dir='ltr'><strong>transiit</strong></span> <span class='ocrx_word' id='word_1_436' title='bbox 2476 2844 2528 2898; x_wconf 93' lang='lat' dir='ltr'><strong>in</strong></span> <span class='ocrx_word' id='word_1_437' title='bbox 2561 2843 2735 2898; x_wconf 87' lang='lat' dir='ltr'><strong>forma</strong></span> <span class='ocrx_word' id='word_1_438' title='bbox 2762 2844 3040 2914; x_wconf 64' lang='lat' dir='ltr'><strong>IEthiopis</strong></span> <span class='ocrx_word' id='word_1_439' title='bbox 3077 2861 3174 2914; x_wconf 83' lang='lat' dir='ltr'><strong>per</strong></span> <span class='ocrx_word' id='word_1_440' title='bbox 3199 2845 3535 2916; x_wconf 88' lang='lat' dir='ltr'><strong>puscarium.</strong></span> <span class='ocrx_word' id='word_1_441' title='bbox 3562 2855 3618 2899; x_wconf 87' lang='lat' dir='ltr'><strong>et</strong></span> 
     </span>
    </p>
   </div>
   <div class='ocr_carea' id='block_1_59' title="bbox 2024 2933 3619 3006">
    <p class='ocr_par' dir='ltr' id='par_1_59' title="bbox 2024 2933 3619 3006">
     <span class='ocr_line' id='line_1_59' title="bbox 2024 2933 3619 3006; baseline -0.001 -16"><span class='ocrx_word' id='word_1_442' title='bbox 2024 2935 2206 2990; x_wconf 89' lang='lat' dir='ltr'><strong>omnia</strong></span> <span class='ocrx_word' id='word_1_443' title='bbox 2263 2935 2522 3006; x_wconf 82' lang='lat' dir='ltr'><strong>diﬂregit.</strong></span> <span class='ocrx_word' id='word_1_444' title='bbox 2577 2935 2679 2990; x_wconf 66' lang='lat' dir='ltr'><strong>l&#39;bi</strong></span> <span class='ocrx_word' id='word_1_445' title='bbox 2734 2936 2971 2990; x_wconf 87' lang='lat' dir='ltr'><strong>redierat</strong></span> <span class='ocrx_word' id='word_1_446' title='bbox 3009 2936 3092 2989; x_wconf 86' lang='lat' dir='ltr'><strong>vir</strong></span> <span class='ocrx_word' id='word_1_447' title='bbox 3147 2936 3430 2999; x_wconf 86' lang='lat' dir='ltr'><strong>mirabilis,</strong></span> <span class='ocrx_word' id='word_1_448' title='bbox 3485 2933 3619 2989; x_wconf 88' lang='lat' dir='ltr'><strong>dicit</strong></span> 
     </span>
    </p>
   </div>
   <div class='ocr_carea' id='block_1_60' title="bbox 2025 3026 3617 3097">
    <p class='ocr_par' dir='ltr' id='par_1_60' title="bbox 2025 3026 3617 3097">
     <span class='ocr_line' id='line_1_60' title="bbox 2025 3026 3617 3097; baseline 0 -15"><span class='ocrx_word' id='word_1_449' title='bbox 2025 3028 2263 3083; x_wconf 58' lang='lat' dir='ltr'><strong>domina:</strong></span> <span class='ocrx_word' id='word_1_450' title='bbox 2305 3043 2419 3082; x_wconf 65' lang='lat' dir='ltr'><strong>suae</strong></span> <span class='ocrx_word' id='word_1_451' title='bbox 2451 3045 2464 3080; x_wconf 89' lang='lat'><strong>:</strong></span> <span class='ocrx_word' id='word_1_452' title='bbox 2497 3026 2762 3093; x_wconf 86' lang='lat' dir='ltr'><strong>Quisnam</strong></span> <span class='ocrx_word' id='word_1_453' title='bbox 2816 3027 2933 3082; x_wconf 80' lang='lat' dir='ltr'><strong>[nec</strong></span> <span class='ocrx_word' id='word_1_454' title='bbox 2992 3026 3304 3097; x_wconf 72' lang='lat' dir='ltr'><strong>confregit?</strong></span> <span class='ocrx_word' id='word_1_455' title='bbox 3344 3026 3445 3082; x_wconf 86' lang='lat' dir='ltr'><strong>Cui</strong></span> <span class='ocrx_word' id='word_1_456' title='bbox 3479 3027 3569 3082; x_wconf 86' lang='lat' dir='ltr'><strong>illa</strong></span> <span class='ocrx_word' id='word_1_457' title='bbox 3601 3045 3617 3082; x_wconf 88' lang='lat'><strong>:</strong></span> 
     </span>
    </p>
   </div>
   <div class='ocr_carea' id='block_1_61' title="bbox 323 3116 1927 3217">
    <p class='ocr_par' dir='ltr' id='par_1_61' title="bbox 323 3117 1920 3192">
     <span class='ocr_line' id='line_1_61' title="bbox 323 3117 1920 3192; baseline -0.001 -17"><span class='ocrx_word' id='word_1_458' title='bbox 323 3123 535 3189; x_wconf 72' lang='grc' dir='ltr'>ταῦτας</span> <span class='ocrx_word' id='word_1_459' title='bbox 574 3120 636 3174; x_wconf 81' lang='grc' dir='ltr'><strong>Ἠ</strong></span> <span class='ocrx_word' id='word_1_460' title='bbox 653 3123 709 3175; x_wconf 86' lang='grc' dir='ltr'><strong>δὲ</strong></span> <span class='ocrx_word' id='word_1_461' title='bbox 737 3117 890 3174; x_wconf 78' lang='grc' dir='ltr'>εἶπεν</span> <span class='ocrx_word' id='word_1_462' title='bbox 915 3139 927 3152; x_wconf 89' lang='grc'>·</span> <span class='ocrx_word' id='word_1_463' title='bbox 963 3117 1062 3183; x_wconf 83' lang='grc' dir='ltr'><strong>Εἷς</strong></span> <span class='ocrx_word' id='word_1_464' title='bbox 1087 3122 1312 3192; x_wconf 83' lang='grc' dir='ltr'>Μαῦρος</span> <span class='ocrx_word' id='word_1_465' title='bbox 1339 3122 1746 3192; x_wconf 81' lang='grc' dir='ltr'>ἐπικατάρατος</span> <span class='ocrx_word' id='word_1_466' title='bbox 1765 3117 1920 3191; x_wconf 79' lang='grc' dir='ltr'>ἦλθε,</span> 
     </span>
    </p>
   </div>
   <div class='ocr_carea' id='block_1_62' title="bbox 2040 3116 3623 3217">
    <p class='ocr_par' dir='ltr' id='par_1_62' title="bbox 2040 3116 3623 3187">
     <span class='ocr_line' id='line_1_62' title="bbox 2040 3116 3623 3187; baseline 0 -15"><span class='ocrx_word' id='word_1_467' title='bbox 2040 3118 2254 3172; x_wconf 75' lang='lat' dir='ltr'><strong>Maurus</strong></span> <span class='ocrx_word' id='word_1_468' title='bbox 2285 3118 2506 3187; x_wconf 90' lang='lat' dir='ltr'><strong>quidam</strong></span> <span class='ocrx_word' id='word_1_469' title='bbox 2543 3119 2679 3172; x_wconf 90' lang='lat' dir='ltr'><strong>diris</strong></span> <span class='ocrx_word' id='word_1_470' title='bbox 2725 3119 3080 3174; x_wconf 85' lang='lat' dir='ltr'><strong>devovendus</strong></span> <span class='ocrx_word' id='word_1_471' title='bbox 3122 3119 3292 3180; x_wconf 84' lang='lat' dir='ltr'><strong>venit,</strong></span> <span class='ocrx_word' id='word_1_472' title='bbox 3338 3127 3393 3172; x_wconf 93' lang='lat' dir='ltr'><strong>et</strong></span> <span class='ocrx_word' id='word_1_473' title='bbox 3438 3116 3623 3174; x_wconf 87' lang='lat' dir='ltr'><strong>omnia</strong></span> 
     </span>
    </p>
   </div>
   <div class='ocr_carea' id='block_1_63' title="bbox 325 3212 1925 3284">
    <p class='ocr_par' dir='ltr' id='par_1_63' title="bbox 325 3212 1925 3284">
     <span class='ocr_line' id='line_1_63' title="bbox 325 3212 1925 3284; baseline 0 -18"><span class='ocrx_word' id='word_1_474' title='bbox 325 3214 427 3266; x_wconf 73' lang='grc' dir='ltr'>καὶ</span> <span class='ocrx_word' id='word_1_475' title='bbox 459 3214 554 3267; x_wconf 76' lang='grc' dir='ltr'>ὅλα</span> <span class='ocrx_word' id='word_1_476' title='bbox 595 3213 906 3284; x_wconf 84' lang='grc' dir='ltr'>συνέτριψε.</span> <span class='ocrx_word' id='word_1_477' title='bbox 940 3212 1105 3280; x_wconf 80' lang='grc' dir='ltr'>Λέγει</span> <span class='ocrx_word' id='word_1_478' title='bbox 1143 3215 1284 3280; x_wconf 74' lang='grc' dir='ltr'>αὐτῇ</span> <span class='ocrx_word' id='word_1_479' title='bbox 1315 3212 1512 3279; x_wconf 82' lang='grc' dir='ltr'>γελῶν·</span> <span class='ocrx_word' id='word_1_480' title='bbox 1544 3213 1774 3276; x_wconf 80' lang='grc' dir='ltr'>Κονδδς,</span> <span class='ocrx_word' id='word_1_481' title='bbox 1801 3229 1925 3266; x_wconf 81' lang='grc' dir='ltr'>κον-</span> 
     </span>
    </p>
   </div>
   <div class='ocr_carea' id='block_1_64' title="bbox 325 3303 1927 3375">
    <p class='ocr_par' dir='ltr' id='par_1_64' title="bbox 325 3303 1927 3375">
     <span class='ocr_line' id='line_1_64' title="bbox 325 3303 1927 3375; baseline -0.001 -17"><span class='ocrx_word' id='word_1_482' title='bbox 325 3308 446 3370; x_wconf 74' lang='grc' dir='ltr'>ὁὸςς</span> <span class='ocrx_word' id='word_1_483' title='bbox 488 3305 551 3359; x_wconf 87' lang='grc' dir='ltr'><strong>Ἦ</strong></span> <span class='ocrx_word' id='word_1_484' title='bbox 574 3306 629 3358; x_wconf 83' lang='grc' dir='ltr'><strong>δέ</strong></span> <span class='ocrx_word' id='word_1_485' title='bbox 661 3321 814 3374; x_wconf 72' lang='grc' dir='ltr'>φησιο</span> <span class='ocrx_word' id='word_1_486' title='bbox 839 3304 948 3357; x_wconf 78' lang='lat' dir='ltr'><strong>Kai.</strong></span> <span class='ocrx_word' id='word_1_487' title='bbox 977 3304 1166 3367; x_wconf 76' lang='grc' dir='ltr'>ὄντως,</span> <span class='ocrx_word' id='word_1_488' title='bbox 1197 3303 1538 3372; x_wconf 82' lang='grc' dir='ltr'>Σαλέ.Λὲγει</span> <span class='ocrx_word' id='word_1_489' title='bbox 1565 3306 1701 3375; x_wconf 81' lang='grc' dir='ltr'>αὐτῇ</span> <span class='ocrx_word' id='word_1_490' title='bbox 1721 3321 1735 3336; x_wconf 89' lang='grc'><strong>·</strong></span> <span class='ocrx_word' id='word_1_491' title='bbox 1764 3304 1927 3373; x_wconf 77' lang='grc' dir='ltr'>Ἀλη-</span> 
     </span>
    </p>
   </div>
   <div class='ocr_carea' id='block_1_65' title="bbox 328 3391 1928 3467">
    <p class='ocr_par' dir='ltr' id='par_1_65' title="bbox 328 3391 1928 3467">
     <span class='ocr_line' id='line_1_65' title="bbox 328 3391 1928 3467; baseline -0.004 -15"><span class='ocrx_word' id='word_1_492' title='bbox 328 3399 444 3460; x_wconf 72' lang='grc' dir='ltr'><strong>θῶς</strong></span> <span class='ocrx_word' id='word_1_493' title='bbox 464 3398 572 3466; x_wconf 86' lang='grc' dir='ltr'>ἐγὼ</span> <span class='ocrx_word' id='word_1_494' title='bbox 603 3397 766 3450; x_wconf 71' lang='grc' dir='ltr'>αὑτὸν</span> <span class='ocrx_word' id='word_1_495' title='bbox 795 3397 1038 3465; x_wconf 74' lang='grc' dir='ltr'>ἔπεμψα,</span> <span class='ocrx_word' id='word_1_496' title='bbox 1063 3396 1150 3448; x_wconf 80' lang='grc' dir='ltr'><strong>ἴνα</strong></span> <span class='ocrx_word' id='word_1_497' title='bbox 1172 3395 1349 3467; x_wconf 78' lang='grc' dir='ltr'>κλάση</span> <span class='ocrx_word' id='word_1_498' title='bbox 1377 3395 1498 3449; x_wconf 81' lang='grc' dir='ltr'>ὅλα.</span> <span class='ocrx_word' id='word_1_499' title='bbox 1538 3396 1626 3459; x_wconf 80' lang='grc' dir='ltr'>Ὠς</span> <span class='ocrx_word' id='word_1_500' title='bbox 1650 3396 1810 3449; x_wconf 80' lang='grc' dir='ltr'>τοῦτο</span> <span class='ocrx_word' id='word_1_501' title='bbox 1834 3391 1928 3449; x_wconf 81' lang='grc' dir='ltr'><strong>οὖν</strong></span> 
     </span>
    </p>
   </div>
   <div class='ocr_carea' id='block_1_66' title="bbox 329 3485 1926 3559">
    <p class='ocr_par' dir='ltr' id='par_1_66' title="bbox 329 3485 1926 3559">
     <span class='ocr_line' id='line_1_66' title="bbox 329 3485 1926 3559; baseline -0.003 -17"><span class='ocrx_word' id='word_1_502' title='bbox 329 3491 568 3559; x_wconf 65' lang='grc' dir='ltr'>ἤκουσεν</span> <span class='ocrx_word' id='word_1_503' title='bbox 601 3487 806 3558; x_wconf 85' lang='grc' dir='ltr'>ἐκείνη,</span> <span class='ocrx_word' id='word_1_504' title='bbox 832 3488 1066 3557; x_wconf 80' lang='grc' dir='ltr'>ἐζήτησε</span> <span class='ocrx_word' id='word_1_505' title='bbox 1092 3485 1257 3554; x_wconf 85' lang='grc' dir='ltr'>τύψαι</span> <span class='ocrx_word' id='word_1_506' title='bbox 1294 3486 1478 3540; x_wconf 82' lang='grc' dir='ltr'>αὐτόν.</span> <span class='ocrx_word' id='word_1_507' title='bbox 1530 3485 1590 3540; x_wconf 80' lang='lat'><strong>&#39;0</strong></span> <span class='ocrx_word' id='word_1_508' title='bbox 1623 3486 1679 3540; x_wconf 87' lang='grc' dir='ltr'><strong>δὲ</strong></span> <span class='ocrx_word' id='word_1_509' title='bbox 1724 3486 1926 3556; x_wconf 84' lang='grc' dir='ltr'>κύψας,</span> 
     </span>
    </p>
   </div>
   <div class='ocr_carea' id='block_1_67' title="bbox 2030 3209 3626 3282">
    <p class='ocr_par' dir='ltr' id='par_1_67' title="bbox 2030 3209 3626 3282">
     <span class='ocr_line' id='line_1_67' title="bbox 2030 3209 3626 3282; baseline -0.001 -17"><span class='ocrx_word' id='word_1_510' title='bbox 2030 3211 2319 3282; x_wconf 81' lang='lat' dir='ltr'><strong>confregit.</strong></span> <span class='ocrx_word' id='word_1_511' title='bbox 2354 3211 2564 3266; x_wconf 82' lang='lat' dir='ltr'><strong>Rursus</strong></span> <span class='ocrx_word' id='word_1_512' title='bbox 2593 3211 2680 3265; x_wconf 85' lang='lat' dir='ltr'><strong>ille</strong></span> <span class='ocrx_word' id='word_1_513' title='bbox 2711 3211 3002 3266; x_wconf 83' lang='lat' dir='ltr'><strong>subridens</strong></span> <span class='ocrx_word' id='word_1_514' title='bbox 3033 3228 3045 3262; x_wconf 91' lang='lat'>:</span> <span class='ocrx_word' id='word_1_515' title='bbox 3071 3209 3328 3274; x_wconf 89' lang='lat' dir='ltr'><strong>Pumilio,</strong></span> <span class='ocrx_word' id='word_1_516' title='bbox 3361 3210 3626 3280; x_wconf 84' lang='lat' dir='ltr'><strong>pumilio?</strong></span> 
     </span>
    </p>
   </div>
   <div class='ocr_carea' id='block_1_68' title="bbox 2036 3301 3623 3367">
    <p class='ocr_par' dir='ltr' id='par_1_68' title="bbox 2036 3301 3623 3367">
     <span class='ocr_line' id='line_1_68' title="bbox 2036 3301 3623 3367; baseline -0.001 -10"><span class='ocrx_word' id='word_1_517' title='bbox 2036 3303 2161 3359; x_wconf 69' lang='lat' dir='ltr'><strong>llaec</strong></span> <span class='ocrx_word' id='word_1_518' title='bbox 2209 3313 2389 3358; x_wconf 88' lang='lat' dir='ltr'><strong>autem</strong></span> <span class='ocrx_word' id='word_1_519' title='bbox 2429 3303 2547 3357; x_wconf 89' lang='lat' dir='ltr'><strong>ait:</strong></span> <span class='ocrx_word' id='word_1_520' title='bbox 2581 3301 2720 3358; x_wconf 83' lang='lat' dir='ltr'><strong>Vera</strong></span> <span class='ocrx_word' id='word_1_521' title='bbox 2777 3303 2923 3367; x_wconf 86' lang='lat' dir='ltr'><strong>dico,</strong></span> <span class='ocrx_word' id='word_1_522' title='bbox 2980 3302 3124 3358; x_wconf 85' lang='lat' dir='ltr'><strong>Sale.</strong></span> <span class='ocrx_word' id='word_1_523' title='bbox 3151 3301 3215 3354; x_wconf 86' lang='lat' dir='ltr'><strong>Et</strong></span> <span class='ocrx_word' id='word_1_524' title='bbox 3249 3302 3338 3356; x_wconf 89' lang='lat' dir='ltr'><strong>ille</strong></span> <span class='ocrx_word' id='word_1_525' title='bbox 3383 3302 3566 3355; x_wconf 90' lang='lat' dir='ltr'><strong>denuo</strong></span> <span class='ocrx_word' id='word_1_526' title='bbox 3609 3320 3623 3355; x_wconf 87' lang='lat'><strong>:</strong></span> 
     </span>
    </p>
   </div>
   <div class='ocr_carea' id='block_1_69' title="bbox 2037 3391 3629 3465">
    <p class='ocr_par' dir='ltr' id='par_1_69' title="bbox 2037 3391 3629 3465">
     <span class='ocr_line' id='line_1_69' title="bbox 2037 3391 3629 3465; baseline 0.001 -18"><span class='ocrx_word' id='word_1_527' title='bbox 2037 3395 2174 3450; x_wconf 69' lang='lat' dir='ltr'><strong>Vere</strong></span> <span class='ocrx_word' id='word_1_528' title='bbox 2205 3410 2306 3465; x_wconf 80' lang='lat' dir='ltr'><strong>ego</strong></span> <span class='ocrx_word' id='word_1_529' title='bbox 2339 3396 2515 3464; x_wconf 88' lang='lat' dir='ltr'><strong>ipsum</strong></span> <span class='ocrx_word' id='word_1_530' title='bbox 2559 3395 2702 3460; x_wconf 84' lang='lat' dir='ltr'><strong>misi,</strong></span> <span class='ocrx_word' id='word_1_531' title='bbox 2744 3401 2802 3448; x_wconf 84' lang='lat' dir='ltr'><strong>ut</strong></span> <span class='ocrx_word' id='word_1_532' title='bbox 2847 3395 3030 3448; x_wconf 88' lang='lat' dir='ltr'><strong>omnia</strong></span> <span class='ocrx_word' id='word_1_533' title='bbox 3057 3395 3350 3464; x_wconf 82' lang='lat' dir='ltr'><strong>frangeret.</strong></span> <span class='ocrx_word' id='word_1_534' title='bbox 3386 3391 3502 3447; x_wconf 87' lang='lat' dir='ltr'><strong>lloe</strong></span> <span class='ocrx_word' id='word_1_535' title='bbox 3530 3410 3629 3448; x_wconf 88' lang='lat' dir='ltr'><strong>au-</strong></span> 
     </span>
    </p>
   </div>
   <div class='ocr_carea' id='block_1_70' title="bbox 2033 3484 3631 3552">
    <p class='ocr_par' dir='ltr' id='par_1_70' title="bbox 2033 3484 3631 3552">
     <span class='ocr_line' id='line_1_70' title="bbox 2033 3484 3631 3552; baseline 0 -11"><span class='ocrx_word' id='word_1_536' title='bbox 2033 3487 2168 3552; x_wconf 87' lang='lat' dir='ltr'><strong>dito,</strong></span> <span class='ocrx_word' id='word_1_537' title='bbox 2205 3486 2379 3541; x_wconf 85' lang='lat' dir='ltr'><strong>voluit</strong></span> <span class='ocrx_word' id='word_1_538' title='bbox 2407 3503 2532 3540; x_wconf 88' lang='lat' dir='ltr'><strong>eum</strong></span> <span class='ocrx_word' id='word_1_539' title='bbox 2584 3485 2813 3540; x_wconf 63' lang='lat' dir='ltr'><strong>caedere.</strong></span> <span class='ocrx_word' id='word_1_540' title='bbox 2846 3484 2950 3551; x_wconf 86' lang='lat' dir='ltr'><strong>Qui</strong></span> <span class='ocrx_word' id='word_1_541' title='bbox 2997 3486 3088 3540; x_wconf 85' lang='lat' dir='ltr'><strong>ubi</strong></span> <span class='ocrx_word' id='word_1_542' title='bbox 3117 3501 3176 3541; x_wconf 92' lang='lat' dir='ltr'><strong>se</strong></span> <span class='ocrx_word' id='word_1_543' title='bbox 3202 3486 3544 3547; x_wconf 86' lang='lat' dir='ltr'><strong>inclinasset.</strong></span> <span class='ocrx_word' id='word_1_544' title='bbox 3574 3495 3631 3541; x_wconf 89' lang='lat' dir='ltr'><strong>et</strong></span> 
     </span>
    </p>
   </div>
   <div class='ocr_carea' id='block_1_71' title="bbox 1895 3596 2130 3653">
    <p class='ocr_par' dir='ltr' id='par_1_71' title="bbox 1895 3596 2130 3653">
     <span class='ocr_line' id='line_1_71' title="bbox 1895 3596 2130 3653; baseline 0.004 -1"><span class='ocrx_word' id='word_1_545' title='bbox 1895 3596 2130 3653; x_wconf 64' lang='lat' dir='ltr'><strong>NOTAE.</strong></span> 
     </span>
    </p>
   </div>
   <div class='ocr_carea' id='block_1_72' title="bbox 411 3689 1924 3766">
    <p class='ocr_par' dir='ltr' id='par_1_72' title="bbox 411 3689 1924 3766">
     <span class='ocr_line' id='line_1_72' title="bbox 411 3689 1924 3766; baseline -0.004 -14"><span class='ocrx_word' id='word_1_546' title='bbox 411 3697 522 3766; x_wconf 63' lang='lat' dir='ltr'><strong>(Pii)</strong></span> <span class='ocrx_word' id='word_1_547' title='bbox 553 3695 790 3751; x_wconf 80' lang='lat' dir='ltr'><strong>Verbum</strong></span> <span class='ocrx_word' id='word_1_548' title='bbox 833 3693 1061 3754; x_wconf 77' lang='grc' dir='ltr'>κυλλὸω,</span> <span class='ocrx_word' id='word_1_549' title='bbox 1101 3689 1268 3746; x_wconf 90' lang='lat' dir='ltr'><strong>uti-et</strong></span> <span class='ocrx_word' id='word_1_550' title='bbox 1307 3706 1544 3761; x_wconf 83' lang='lat' dir='ltr'><strong>sequens</strong></span> <span class='ocrx_word' id='word_1_551' title='bbox 1589 3691 1858 3760; x_wconf 78' lang='grc' dir='ltr'>μουκξςω,</span> <span class='ocrx_word' id='word_1_552' title='bbox 1896 3709 1924 3746; x_wconf 88' lang='lat' dir='ltr'><strong>a</strong></span> 
     </span>
    </p>
   </div>
   <div class='ocr_carea' id='block_1_73' title="bbox 335 3767 1182 3834">
    <p class='ocr_par' dir='ltr' id='par_1_73' title="bbox 335 3767 1182 3834">
     <span class='ocr_line' id='line_1_73' title="bbox 335 3767 1182 3834; baseline -0.014 -9"><span class='ocrx_word' id='word_1_553' title='bbox 335 3788 426 3825; x_wconf 76' lang='lat' dir='ltr'><strong>me</strong></span> <span class='ocrx_word' id='word_1_554' title='bbox 468 3767 715 3834; x_wconf 80' lang='lat' dir='ltr'><strong>qtnesita.</strong></span> <span class='ocrx_word' id='word_1_555' title='bbox 737 3773 790 3817; x_wconf 91' lang='lat' dir='ltr'><strong>at</strong></span> <span class='ocrx_word' id='word_1_556' title='bbox 813 3779 923 3816; x_wconf 90' lang='lat' dir='ltr'><strong>non</strong></span> <span class='ocrx_word' id='word_1_557' title='bbox 948 3770 1182 3834; x_wconf 84' lang='lat' dir='ltr'><strong>reperta.</strong></span> 
     </span>
    </p>
   </div>
   <div class='ocr_carea' id='block_1_74' title="bbox 413 3831 1926 3907">
    <p class='ocr_par' dir='ltr' id='par_1_74' title="bbox 413 3831 1926 3907">
     <span class='ocr_line' id='line_1_74' title="bbox 413 3831 1926 3907; baseline 0 -21"><span class='ocrx_word' id='word_1_558' title='bbox 413 3831 526 3907; x_wconf 72' lang='lat'><strong>(55)</strong></span> <span class='ocrx_word' id='word_1_559' title='bbox 557 3837 634 3891; x_wconf 84' lang='lat' dir='ltr'><strong>lta</strong></span> <span class='ocrx_word' id='word_1_560' title='bbox 694 3835 856 3907; x_wconf 89' lang='lat' dir='ltr'><strong>dic_t_i_</strong></span> <span class='ocrx_word' id='word_1_561' title='bbox 885 3832 1126 3907; x_wconf 75' lang='lat' dir='ltr'><strong>haeretici</strong></span> <span class='ocrx_word' id='word_1_562' title='bbox 1155 3831 1418 3907; x_wconf 73' lang='lat' dir='ltr'><strong>quidam,</strong></span> <span class='ocrx_word' id='word_1_563' title='bbox 1449 3839 1736 3901; x_wconf 85' lang='lat' dir='ltr'><strong>propterea</strong></span> <span class='ocrx_word' id='word_1_564' title='bbox 1780 3833 1926 3907; x_wconf 78' lang='lat' dir='ltr'><strong>quod</strong></span> 
     </span>
    </p>
   </div>
   <div class='ocr_carea' id='block_1_75' title="bbox 335 3900 1928 3978">
    <p class='ocr_par' dir='ltr' id='par_1_75' title="bbox 335 3900 1928 3978">
     <span class='ocr_line' id='line_1_75' title="bbox 335 3900 1928 3978; baseline -0.004 -15"><span class='ocrx_word' id='word_1_565' title='bbox 335 3900 610 3978; x_wconf 70' lang='lat' dir='ltr'><strong>insignem</strong></span> <span class='ocrx_word' id='word_1_566' title='bbox 662 3903 1024 3978; x_wconf 76' lang='lat' dir='ltr'><strong>eruditionem</strong></span> <span class='ocrx_word' id='word_1_567' title='bbox 1065 3900 1170 3978; x_wconf 77' lang='lat' dir='ltr'><strong>sibi</strong></span> <span class='ocrx_word' id='word_1_568' title='bbox 1203 3900 1594 3978; x_wconf 84' lang='lat' dir='ltr'><strong>_vendicarent,</strong></span> <span class='ocrx_word' id='word_1_569' title='bbox 1635 3919 1758 3957; x_wconf 88' lang='lat' dir='ltr'><strong>cmn</strong></span> <span class='ocrx_word' id='word_1_570' title='bbox 1792 3900 1928 3957; x_wconf 82' lang='lat' dir='ltr'><strong>nihil</strong></span> 
     </span>
    </p>
   </div>
   <div class='ocr_carea' id='block_1_76' title="bbox 341 3971 1306 4048">
    <p class='ocr_par' dir='ltr' id='par_1_76' title="bbox 341 3971 1306 4048">
     <span class='ocr_line' id='line_1_76' title="bbox 341 3971 1306 4048; baseline -0.01 -16"><span class='ocrx_word' id='word_1_571' title='bbox 341 3971 651 4048; x_wconf 63' lang='lat' dir='ltr'><strong>ipsisesset</strong></span> <span class='ocrx_word' id='word_1_572' title='bbox 677 3973 1036 4048; x_wconf 88' lang='lat' dir='ltr'><strong>indoctius_et</strong></span> <span class='ocrx_word' id='word_1_573' title='bbox 1067 3971 1306 4048; x_wconf 74' lang='lat' dir='ltr'><strong>stultius.</strong></span> 
     </span>
    </p>
   </div>
   <div class='ocr_carea' id='block_1_77' title="bbox 421 4039 1928 4115">
    <p class='ocr_par' dir='ltr' id='par_1_77' title="bbox 421 4039 1928 4115">
     <span class='ocr_line' id='line_1_77' title="bbox 421 4039 1928 4115; baseline -0.012 -10"><span class='ocrx_word' id='word_1_574' title='bbox 421 4043 530 4115; x_wconf 72' lang='grc'><strong>(56)</strong></span> <span class='ocrx_word' id='word_1_575' title='bbox 571 4047 846 4115; x_wconf 76' lang='lat' dir='ltr'><strong>Consueta</strong></span> <span class='ocrx_word' id='word_1_576' title='bbox 898 4041 1170 4115; x_wconf 78' lang='lat' dir='ltr'><strong>salutandi</strong></span> <span class='ocrx_word' id='word_1_577' title='bbox 1231 4039 1428 4115; x_wconf 30' lang='lat' dir='ltr'><strong>forma”</strong></span> <span class='ocrx_word' id='word_1_578' title='bbox 1463 4040 1928 4115; x_wconf 27' lang='lat' dir='ltr'><strong>inter‘Ennlesia-</strong></span> 
     </span>
    </p>
   </div>
   <div class='ocr_carea' id='block_1_78' title="bbox 342 4111 1928 4184">
    <p class='ocr_par' dir='ltr' id='par_1_78' title="bbox 342 4111 1928 4184">
     <span class='ocr_line' id='line_1_78' title="bbox 342 4111 1928 4184; baseline -0.004 -12"><span class='ocrx_word' id='word_1_579' title='bbox 342 4111 536 4180; x_wconf 57' lang='lat' dir='ltr'><strong>sticos&#39;,</strong></span> <span class='ocrx_word' id='word_1_580' title='bbox 592 4131 696 4184; x_wconf 87' lang='lat' dir='ltr'><strong>qua</strong></span> <span class='ocrx_word' id='word_1_581' title='bbox 728 4114 867 4168; x_wconf 85' lang='lat' dir='ltr'><strong>alter</strong></span> <span class='ocrx_word' id='word_1_582' title='bbox 907 4112 976 4165; x_wconf 88' lang='lat' dir='ltr'><strong>ab</strong></span> <span class='ocrx_word' id='word_1_583' title='bbox 999 4112 1185 4184; x_wconf 57' lang='lat' dir='ltr'><strong>altero</strong></span> <span class='ocrx_word' id='word_1_584' title='bbox 1235 4111 1484 4184; x_wconf 44' lang='lat' dir='ltr'><strong>lieniedici</strong></span> <span class='ocrx_word' id='word_1_585' title='bbox 1529 4111 1630 4166; x_wconf 88' lang='lat' dir='ltr'><strong>sibi</strong></span> <span class='ocrx_word' id='word_1_586' title='bbox 1683 4113 1928 4181; x_wconf 75' lang='lat' dir='ltr'><strong>petebat.</strong></span> 
     </span>
    </p>
   </div>
   <div class='ocr_carea' id='block_1_79' title="bbox 343 4179 1935 4251">
    <p class='ocr_par' dir='ltr' id='par_1_79' title="bbox 343 4179 1935 4251">
     <span class='ocr_line' id='line_1_79' title="bbox 343 4179 1935 4251; baseline -0.004 -9"><span class='ocrx_word' id='word_1_587' title='bbox 343 4188 438 4242; x_wconf 87' lang='lat' dir='ltr'><strong>Sic</strong></span> <span class='ocrx_word' id='word_1_588' title='bbox 468 4179 529 4242; x_wconf 91' lang='lat' dir='ltr'><strong>in</strong></span> <span class='ocrx_word' id='word_1_589' title='bbox 566 4179 716 4239; x_wconf 76' lang='lat' dir='ltr'><strong>Actis</strong></span> <span class='ocrx_word' id='word_1_590' title='bbox 751 4192 954 4238; x_wconf 66' lang='lat' dir='ltr'><strong>sancta:</strong></span> <span class='ocrx_word' id='word_1_591' title='bbox 997 4179 1570 4251; x_wconf 15' lang='lat' dir='ltr'><strong>Mariaeingyptiacze,</strong></span> <span class='ocrx_word' id='word_1_592' title='bbox 1615 4179 1765 4236; x_wconf 78' lang='lat' dir='ltr'><strong>num.</strong></span> <span class='ocrx_word' id='word_1_593' title='bbox 1800 4199 1838 4244; x_wconf 84' lang='grc' dir='ltr'><strong>ι,</strong></span> <span class='ocrx_word' id='word_1_594' title='bbox 1867 4184 1935 4236; x_wconf 91' lang='lat' dir='ltr'><strong>de</strong></span> 
     </span>
    </p>
   </div>
   <div class='ocr_carea' id='block_1_80' title="bbox 345 4250 1934 4326">
    <p class='ocr_par' dir='ltr' id='par_1_80' title="bbox 345 4250 1934 4326">
     <span class='ocr_line' id='line_1_80' title="bbox 345 4250 1934 4326; baseline -0.003 -14"><span class='ocrx_word' id='word_1_595' title='bbox 345 4259 464 4326; x_wconf 77' lang='lat' dir='ltr'><strong>ipsa</strong></span> <span class='ocrx_word' id='word_1_596' title='bbox 504 4265 559 4310; x_wconf 89' lang='lat' dir='ltr'><strong>et</strong></span> <span class='ocrx_word' id='word_1_597' title='bbox 599 4255 817 4326; x_wconf 85' lang='lat' dir='ltr'><strong>Zosimo</strong></span> <span class='ocrx_word' id='word_1_598' title='bbox 852 4252 1088 4326; x_wconf 79' lang='lat' dir='ltr'><strong>dicitur:</strong></span> <span class='ocrx_word' id='word_1_599' title='bbox 1131 4269 1145 4301; x_wconf 77' lang='grc' dir='ltr'><strong>ι</strong></span> <span class='ocrx_word' id='word_1_600' title='bbox 1180 4250 1440 4326; x_wconf 67' lang='lat' dir='ltr'><strong>.lacebant</strong></span> <span class='ocrx_word' id='word_1_601' title='bbox 1483 4253 1664 4326; x_wconf 76' lang='lat' dir='ltr'><strong>ambo,</strong></span> <span class='ocrx_word' id='word_1_602' title='bbox 1697 4253 1934 4326; x_wconf 77' lang='lat' dir='ltr'><strong>alterab</strong></span> 
     </span>
    </p>
   </div>
   <div class='ocr_carea' id='block_1_81' title="bbox 347 4322 1938 4389">
    <p class='ocr_par' dir='ltr' id='par_1_81' title="bbox 347 4322 1938 4389">
     <span class='ocr_line' id='line_1_81' title="bbox 347 4322 1938 4389; baseline -0.003 -9"><span class='ocrx_word' id='word_1_603' title='bbox 347 4322 522 4381; x_wconf 82' lang='lat' dir='ltr'><strong>altero</strong></span> <span class='ocrx_word' id='word_1_604' title='bbox 552 4324 796 4380; x_wconf 74' lang='lat' dir='ltr'><strong>benedici</strong></span> <span class='ocrx_word' id='word_1_605' title='bbox 831 4322 1038 4384; x_wconf 85' lang='lat' dir='ltr'><strong>volens,</strong></span> <span class='ocrx_word' id='word_1_606' title='bbox 1089 4336 1190 4374; x_wconf 87' lang='lat' dir='ltr'><strong>nec</strong></span> <span class='ocrx_word' id='word_1_607' title='bbox 1238 4322 1383 4374; x_wconf 89' lang='lat' dir='ltr'><strong>aliud</strong></span> <span class='ocrx_word' id='word_1_608' title='bbox 1423 4323 1700 4389; x_wconf 82' lang='lat' dir='ltr'><strong>utrimque</strong></span> <span class='ocrx_word' id='word_1_609' title='bbox 1749 4325 1938 4376; x_wconf 87' lang='lat' dir='ltr'><strong>audie—</strong></span> 
     </span>
    </p>
   </div>
   <div class='ocr_carea' id='block_1_82' title="bbox 353 4389 1937 4464">
    <p class='ocr_par' dir='ltr' id='par_1_82' title="bbox 353 4389 1937 4464">
     <span class='ocr_line' id='line_1_82' title="bbox 353 4389 1937 4464; baseline -0.003 -13"><span class='ocrx_word' id='word_1_610' title='bbox 353 4400 534 4457; x_wconf 52' lang='lat' dir='ltr'><strong>liatur,</strong></span> <span class='ocrx_word' id='word_1_611' title='bbox 567 4411 749 4464; x_wconf 86' lang='lat' dir='ltr'><strong>quam,</strong></span> <span class='ocrx_word' id='word_1_612' title='bbox 787 4391 1039 4464; x_wconf 68' lang='lat' dir='ltr'><strong>Benedic.</strong></span> <span class='ocrx_word' id='word_1_613' title='bbox 1073 4409 1089 4441; x_wconf 74' lang='grc' dir='ltr'><strong>ι</strong></span> <span class='ocrx_word' id='word_1_614' title='bbox 1113 4389 1193 4464; x_wconf 87' lang='lat' dir='ltr'><strong>_lta</strong></span> <span class='ocrx_word' id='word_1_615' title='bbox 1219 4390 1272 4464; x_wconf 78' lang='lat' dir='ltr'><strong>in</strong></span> <span class='ocrx_word' id='word_1_616' title='bbox 1301 4391 1585 4464; x_wconf 63' lang='lat' dir='ltr'><strong>Adnotajis</strong></span> <span class='ocrx_word' id='word_1_617' title='bbox 1603 4393 1678 4464; x_wconf 84' lang='lat' dir='ltr'><strong>ad</strong></span> <span class='ocrx_word' id='word_1_618' title='bbox 1693 4393 1937 4461; x_wconf 58' lang='lat' dir='ltr'><strong>caput“)</strong></span> 
     </span>
    </p>
   </div>
   <div class='ocr_carea' id='block_1_83' title="bbox 2035 3689 3630 3761">
    <p class='ocr_par' dir='ltr' id='par_1_83' title="bbox 2035 3689 3630 3761">
     <span class='ocr_line' id='line_1_83' title="bbox 2035 3689 3630 3761; baseline 0.003 -18"><span class='ocrx_word' id='word_1_619' title='bbox 2035 3689 2350 3744; x_wconf 79' lang='lat' dir='ltr'><strong>conducere</strong></span> <span class='ocrx_word' id='word_1_620' title='bbox 2419 3690 2508 3753; x_wconf 86' lang='lat' dir='ltr'><strong>iis,</strong></span> <span class='ocrx_word' id='word_1_621' title='bbox 2569 3691 2659 3760; x_wconf 90' lang='lat' dir='ltr'><strong>qui</strong></span> <span class='ocrx_word' id='word_1_622' title='bbox 2719 3689 3014 3744; x_wconf 83' lang='lat' dir='ltr'><strong>amentiam</strong></span> <span class='ocrx_word' id='word_1_623' title='bbox 3076 3690 3339 3744; x_wconf 88' lang='lat' dir='ltr'><strong>simulant</strong></span> <span class='ocrx_word' id='word_1_624' title='bbox 3401 3699 3630 3761; x_wconf 70' lang='lat' dir='ltr'><strong>propter</strong></span> 
     </span>
    </p>
   </div>
   <div class='ocr_carea' id='block_1_84' title="bbox 2035 3761 3468 3829">
    <p class='ocr_par' dir='ltr' id='par_1_84' title="bbox 2035 3761 3468 3829">
     <span class='ocr_line' id='line_1_84' title="bbox 2035 3761 3468 3829; baseline 0.003 -16"><span class='ocrx_word' id='word_1_625' title='bbox 2035 3761 2338 3825; x_wconf 62' lang='lat' dir='ltr'><strong>Cilliallllll,</strong></span> <span class='ocrx_word' id='word_1_626' title='bbox 2382 3780 2399 3811; x_wconf 77' lang='grc' dir='ltr'><strong>ι</strong></span> <span class='ocrx_word' id='word_1_627' title='bbox 2436 3773 2594 3829; x_wconf 89' lang='lat' dir='ltr'><strong>prout</strong></span> <span class='ocrx_word' id='word_1_628' title='bbox 2629 3761 2794 3814; x_wconf 76' lang='lat' dir='ltr'><strong>hab-s</strong></span> <span class='ocrx_word' id='word_1_629' title='bbox 2819 3763 2870 3814; x_wconf 93' lang='lat' dir='ltr'><strong>in</strong></span> <span class='ocrx_word' id='word_1_630' title='bbox 2912 3761 3019 3814; x_wconf 86' lang='lat' dir='ltr'><strong>fine</strong></span> <span class='ocrx_word' id='word_1_631' title='bbox 3056 3762 3218 3827; x_wconf 83' lang='lat' dir='ltr'><strong>hujus</strong></span> <span class='ocrx_word' id='word_1_632' title='bbox 3248 3762 3468 3828; x_wconf 85' lang='lat' dir='ltr'><strong>capitis.</strong></span> 
     </span>
    </p>
   </div>
   <div class='ocr_carea' id='block_1_85' title="bbox 2112 3830 3631 3901">
    <p class='ocr_par' dir='ltr' id='par_1_85' title="bbox 2112 3830 3631 3901">
     <span class='ocr_line' id='line_1_85' title="bbox 2112 3830 3631 3901; baseline 0.003 -18"><span class='ocrx_word' id='word_1_633' title='bbox 2112 3830 2220 3899; x_wconf 76' lang='lat'><strong>(59)</strong></span> <span class='ocrx_word' id='word_1_634' title='bbox 2257 3830 2468 3884; x_wconf 79' lang='lat' dir='ltr'><strong>lusulse</strong></span> <span class='ocrx_word' id='word_1_635' title='bbox 2507 3831 2779 3900; x_wconf 84' lang='lat' dir='ltr'><strong>interpres</strong></span> <span class='ocrx_word' id='word_1_636' title='bbox 2806 3833 2949 3900; x_wconf 88' lang='lat' dir='ltr'><strong>apud</strong></span> <span class='ocrx_word' id='word_1_637' title='bbox 2986 3830 3204 3884; x_wconf 87' lang='lat' dir='ltr'><strong>Surium</strong></span> <span class='ocrx_word' id='word_1_638' title='bbox 3236 3849 3289 3884; x_wconf 74' lang='lat' dir='ltr'><strong>:t</strong></span> <span class='ocrx_word' id='word_1_639' title='bbox 3326 3831 3631 3901; x_wconf 84' lang='lat' dir='ltr'><strong>Statimque</strong></span> 
     </span>
    </p>
   </div>
   <div class='ocr_carea' id='block_1_86' title="bbox 2037 3901 3629 3968">
    <p class='ocr_par' dir='ltr' id='par_1_86' title="bbox 2037 3901 3629 3968">
     <span class='ocr_line' id='line_1_86' title="bbox 2037 3901 3629 3968; baseline 0.001 -16"><span class='ocrx_word' id='word_1_640' title='bbox 2037 3902 2249 3954; x_wconf 81' lang='lat' dir='ltr'><strong>sublata</strong></span> <span class='ocrx_word' id='word_1_641' title='bbox 2281 3901 2407 3964; x_wconf 87' lang='lat' dir='ltr'><strong>olla,</strong></span> <span class='ocrx_word' id='word_1_642' title='bbox 2446 3901 2499 3954; x_wconf 92' lang='lat' dir='ltr'><strong>in</strong></span> <span class='ocrx_word' id='word_1_643' title='bbox 2526 3918 2639 3968; x_wconf 87' lang='lat' dir='ltr'><strong>q-ua-</strong></span> <span class='ocrx_word' id='word_1_644' title='bbox 2659 3911 2776 3955; x_wconf 87' lang='lat' dir='ltr'><strong>erat</strong></span> <span class='ocrx_word' id='word_1_645' title='bbox 2799 3903 2934 3956; x_wconf 86' lang='lat' dir='ltr'><strong>levis</strong></span> <span class='ocrx_word' id='word_1_646' title='bbox 2963 3901 3193 3956; x_wconf 82' lang='lat' dir='ltr'><strong>versica.</strong></span> <span class='ocrx_word' id='word_1_647' title='bbox 3219 3901 3275 3954; x_wconf 89' lang='lat' dir='ltr'><strong>In</strong></span> <span class='ocrx_word' id='word_1_648' title='bbox 3305 3918 3406 3954; x_wconf 76' lang='lat' dir='ltr'><strong>ms.</strong></span> <span class='ocrx_word' id='word_1_649' title='bbox 3439 3914 3629 3955; x_wconf 76' lang='lat' dir='ltr'><strong>nostro</strong></span> 
     </span>
    </p>
   </div>
   <div class='ocr_carea' id='block_1_87' title="bbox 2037 3971 3628 4040">
    <p class='ocr_par' dir='ltr' id='par_1_87' title="bbox 2037 3971 3628 4040">
     <span class='ocr_line' id='line_1_87' title="bbox 2037 3971 3628 4040; baseline 0 -16"><span class='ocrx_word' id='word_1_650' title='bbox 2037 3972 2234 4040; x_wconf 78' lang='lat' dir='ltr'><strong>legitur</strong></span> <span class='ocrx_word' id='word_1_651' title='bbox 2296 3972 2507 4035; x_wconf 80' lang='grc' dir='ltr'>ζεστός,</span> <span class='ocrx_word' id='word_1_652' title='bbox 2569 3972 2832 4037; x_wconf 77' lang='lat' dir='ltr'><strong>fervidus,</strong></span> <span class='ocrx_word' id='word_1_653' title='bbox 2875 3972 3129 4033; x_wconf 86' lang='lat' dir='ltr'><strong>bulliens,</strong></span> <span class='ocrx_word' id='word_1_654' title='bbox 3186 3991 3204 4022; x_wconf 84' lang='grc'><strong>›</strong></span> <span class='ocrx_word' id='word_1_655' title='bbox 3243 3988 3350 4025; x_wconf 91' lang='lat' dir='ltr'><strong>non</strong></span> <span class='ocrx_word' id='word_1_656' title='bbox 3412 3971 3628 4035; x_wconf 79' lang='grc' dir='ltr'>ξεστός,</span> 
     </span>
    </p>
   </div>
   <div class='ocr_carea' id='block_1_88' title="bbox 2037 4041 3630 4112">
    <p class='ocr_par' dir='ltr' id='par_1_88' title="bbox 2037 4041 3630 4112">
     <span class='ocr_line' id='line_1_88' title="bbox 2037 4041 3630 4112; baseline 0.002 -19"><span class='ocrx_word' id='word_1_657' title='bbox 2037 4041 2204 4094; x_wconf 80' lang='lat' dir='ltr'><strong>Levis.</strong></span> <span class='ocrx_word' id='word_1_658' title='bbox 2241 4041 2402 4095; x_wconf 78' lang='lat' dir='ltr'><strong>Vocis</strong></span> <span class='ocrx_word' id='word_1_659' title='bbox 2445 4041 2661 4108; x_wconf 79' lang='grc' dir='ltr'>φοῦσκα</span> <span class='ocrx_word' id='word_1_660' title='bbox 2719 4041 3012 4112; x_wconf 87' lang='lat' dir='ltr'><strong>ignoratio,</strong></span> <span class='ocrx_word' id='word_1_661' title='bbox 3054 4054 3148 4095; x_wconf 89' lang='lat' dir='ltr'><strong>ant</strong></span> <span class='ocrx_word' id='word_1_662' title='bbox 3189 4043 3381 4096; x_wconf 88' lang='lat' dir='ltr'><strong>saltem</strong></span> <span class='ocrx_word' id='word_1_663' title='bbox 3436 4043 3630 4096; x_wconf 78' lang='lat' dir='ltr'><strong>notitia</strong></span> 
     </span>
    </p>
   </div>
   <div class='ocr_carea' id='block_1_89' title="bbox 2040 4111 3630 4180">
    <p class='ocr_par' dir='ltr' id='par_1_89' title="bbox 2040 4111 3630 4180">
     <span class='ocr_line' id='line_1_89' title="bbox 2040 4111 3630 4180; baseline 0.001 -17"><span class='ocrx_word' id='word_1_664' title='bbox 2040 4127 2150 4163; x_wconf 89' lang='lat' dir='ltr'><strong>non</strong></span> <span class='ocrx_word' id='word_1_665' title='bbox 2188 4111 2322 4165; x_wconf 90' lang='lat' dir='ltr'><strong>satis</strong></span> <span class='ocrx_word' id='word_1_666' title='bbox 2356 4111 2637 4174; x_wconf 85' lang='lat' dir='ltr'><strong>distincta,</strong></span> <span class='ocrx_word' id='word_1_667' title='bbox 2675 4111 2821 4166; x_wconf 87' lang='lat' dir='ltr'><strong>dieto</strong></span> <span class='ocrx_word' id='word_1_668' title='bbox 2871 4112 3156 4180; x_wconf 83' lang='lat' dir='ltr'><strong>interpreti</strong></span> <span class='ocrx_word' id='word_1_669' title='bbox 3200 4114 3402 4166; x_wconf 88' lang='lat' dir='ltr'><strong>erroris</strong></span> <span class='ocrx_word' id='word_1_670' title='bbox 3440 4128 3630 4166; x_wconf 87' lang='lat' dir='ltr'><strong>ansam</strong></span> 
     </span>
    </p>
   </div>
   <div class='ocr_carea' id='block_1_90' title="bbox 2045 4180 3633 4251">
    <p class='ocr_par' dir='ltr' id='par_1_90' title="bbox 2045 4180 3633 4251">
     <span class='ocr_line' id='line_1_90' title="bbox 2045 4180 3633 4251; baseline 0.003 -20"><span class='ocrx_word' id='word_1_671' title='bbox 2045 4180 2297 4248; x_wconf 71' lang='lat' dir='ltr'><strong>praebuit,</strong></span> <span class='ocrx_word' id='word_1_672' title='bbox 2331 4197 2451 4249; x_wconf 63' lang='lat' dir='ltr'><strong>quae</strong></span> <span class='ocrx_word' id='word_1_673' title='bbox 2499 4194 2698 4250; x_wconf 71' lang='lat' dir='ltr'><strong>praeter</strong></span> <span class='ocrx_word' id='word_1_674' title='bbox 2735 4182 2971 4237; x_wconf 88' lang='lat' dir='ltr'><strong>vesicam</strong></span> <span class='ocrx_word' id='word_1_675' title='bbox 3013 4185 3174 4236; x_wconf 85' lang='lat' dir='ltr'><strong>etiam</strong></span> <span class='ocrx_word' id='word_1_676' title='bbox 3209 4182 3476 4250; x_wconf 75' lang='lat' dir='ltr'><strong>significat</strong></span> <span class='ocrx_word' id='word_1_677' title='bbox 3504 4201 3633 4251; x_wconf 81' lang='lat' dir='ltr'><strong>pns-</strong></span> 
     </span>
    </p>
   </div>
   <div class='ocr_carea' id='block_1_91' title="bbox 2029 4251 3635 4321">
    <p class='ocr_par' dir='ltr' id='par_1_91' title="bbox 2029 4251 3635 4321">
     <span class='ocr_line' id='line_1_91' title="bbox 2029 4251 3635 4321; baseline 0.002 -19"><span class='ocrx_word' id='word_1_678' title='bbox 2029 4268 2184 4315; x_wconf 72' lang='lat' dir='ltr'><strong>mm,</strong></span> <span class='ocrx_word' id='word_1_679' title='bbox 2218 4252 2285 4304; x_wconf 91' lang='lat' dir='ltr'><strong>de</strong></span> <span class='ocrx_word' id='word_1_680' title='bbox 2316 4267 2422 4319; x_wconf 90' lang='lat' dir='ltr'><strong>qua</strong></span> <span class='ocrx_word' id='word_1_681' title='bbox 2462 4251 2516 4305; x_wconf 89' lang='lat' dir='ltr'><strong>in</strong></span> <span class='ocrx_word' id='word_1_682' title='bbox 2560 4253 2836 4306; x_wconf 88' lang='lat' dir='ltr'><strong>annotatis</strong></span> <span class='ocrx_word' id='word_1_683' title='bbox 2865 4253 2932 4306; x_wconf 90' lang='lat' dir='ltr'><strong>ad</strong></span> <span class='ocrx_word' id='word_1_684' title='bbox 2978 4263 3142 4321; x_wconf 86' lang='lat' dir='ltr'><strong>caput</strong></span> <span class='ocrx_word' id='word_1_685' title='bbox 3170 4253 3202 4306; x_wconf 82' lang='lat'>5</span> <span class='ocrx_word' id='word_1_686' title='bbox 3235 4254 3410 4306; x_wconf 73' lang='lat' dir='ltr'><strong>littera</strong></span> <span class='ocrx_word' id='word_1_687' title='bbox 3439 4270 3483 4306; x_wconf 79' lang='grc' dir='ltr'>ε.</span> <span class='ocrx_word' id='word_1_688' title='bbox 3527 4251 3635 4306; x_wconf 88' lang='lat' dir='ltr'><strong>Fa-</strong></span> 
     </span>
    </p>
   </div>
   <div class='ocr_carea' id='block_1_92' title="bbox 2047 4322 3635 4391">
    <p class='ocr_par' dir='ltr' id='par_1_92' title="bbox 2047 4322 3635 4391">
     <span class='ocr_line' id='line_1_92' title="bbox 2047 4322 3635 4391; baseline 0 -17"><span class='ocrx_word' id='word_1_689' title='bbox 2047 4331 2177 4374; x_wconf 74' lang='lat' dir='ltr'><strong>vent</strong></span> <span class='ocrx_word' id='word_1_690' title='bbox 2217 4322 2453 4374; x_wconf 86' lang='lat' dir='ltr'><strong>versioni</strong></span> <span class='ocrx_word' id='word_1_691' title='bbox 2496 4332 2700 4376; x_wconf 53' lang='lat' dir='ltr'><strong>nostra!</strong></span> <span class='ocrx_word' id='word_1_692' title='bbox 2754 4323 2828 4374; x_wconf 80' lang='lat' dir='ltr'><strong>rei</strong></span> <span class='ocrx_word' id='word_1_693' title='bbox 2883 4323 3165 4387; x_wconf 80' lang='lat' dir='ltr'><strong>adiuncta.</strong></span> <span class='ocrx_word' id='word_1_694' title='bbox 3220 4323 3328 4376; x_wconf 75' lang='lat' dir='ltr'><strong>lies</strong></span> <span class='ocrx_word' id='word_1_695' title='bbox 3373 4324 3635 4391; x_wconf 80' lang='lat' dir='ltr'><strong>agebatur</strong></span> 
     </span>
    </p>
   </div>
   <div class='ocr_carea' id='block_1_93' title="bbox 2047 4391 3635 4463">
    <p class='ocr_par' dir='ltr' id='par_1_93' title="bbox 2047 4391 3635 4463">
     <span class='ocr_line' id='line_1_93' title="bbox 2047 4391 3635 4463; baseline 0.002 -20"><span class='ocrx_word' id='word_1_696' title='bbox 2047 4393 2190 4463; x_wconf 82' lang='lat' dir='ltr'><strong>apud</strong></span> <span class='ocrx_word' id='word_1_697' title='bbox 2251 4391 2587 4463; x_wconf 48' lang='lat' dir='ltr'><strong>luiscarium,</strong></span> <span class='ocrx_word' id='word_1_698' title='bbox 2641 4401 2696 4445; x_wconf 89' lang='lat' dir='ltr'><strong>et</strong></span> <span class='ocrx_word' id='word_1_699' title='bbox 2747 4393 3134 4446; x_wconf 87' lang='lat' dir='ltr'><strong>verosimiliter</strong></span> <span class='ocrx_word' id='word_1_700' title='bbox 3165 4395 3216 4445; x_wconf 91' lang='lat' dir='ltr'><strong>in</strong></span> <span class='ocrx_word' id='word_1_701' title='bbox 3267 4396 3530 4463; x_wconf 76' lang='lat' dir='ltr'><strong>pascui-io,</strong></span> <span class='ocrx_word' id='word_1_702' title='bbox 3582 4393 3635 4446; x_wconf 92' lang='lat' dir='ltr'><strong>id</strong></span> 
     </span>
    </p>
   </div>
   <div class='ocr_carea' id='block_1_94' title="bbox 350 4459 3637 4534">
    <p class='ocr_par' dir='ltr' id='par_1_94' title="bbox 350 4459 3637 4534">
     <span class='ocr_line' id='line_1_94' title="bbox 350 4459 3637 4534; baseline 0 -19"><span class='ocrx_word' id='word_1_703' title='bbox 350 4459 638 4534; x_wconf 70' lang='lat' dir='ltr'><strong>Symeonis</strong></span> <span class='ocrx_word' id='word_1_704' title='bbox 673 4464 880 4534; x_wconf 69' lang='lat' dir='ltr'><strong>Stylitae</strong></span> <span class='ocrx_word' id='word_1_705' title='bbox 911 4460 1172 4534; x_wconf 69' lang='lat' dir='ltr'><strong>Junioris</strong></span> <span class='ocrx_word' id='word_1_706' title='bbox 1211 4459 1301 4515; x_wconf 84' lang='lat' dir='ltr'><strong>die</strong></span> <span class='ocrx_word' id='word_1_707' title='bbox 1347 4478 1489 4534; x_wconf 71' lang='lat' dir='ltr'><strong>xuv_</strong></span> <span class='ocrx_word' id='word_1_708' title='bbox 1512 4459 1850 4534; x_wconf 52' lang='lat' dir='ltr'><strong>Mai&#39;tlittera</strong></span> <span class='ocrx_word' id='word_1_709' title='bbox 1891 4480 1937 4517; x_wconf 76' lang='grc' dir='ltr'>ε.</span> <span class='ocrx_word' id='word_1_710' title='bbox 1974 4479 2016 4530; x_wconf 83' lang='grc' dir='ltr'><strong>ι)</strong></span> <span class='ocrx_word' id='word_1_711' title='bbox 2048 4471 2150 4534; x_wconf 81' lang='lat' dir='ltr'><strong>est,</strong></span> <span class='ocrx_word' id='word_1_712' title='bbox 2183 4462 2236 4514; x_wconf 93' lang='lat' dir='ltr'><strong>iu</strong></span> <span class='ocrx_word' id='word_1_713' title='bbox 2270 4462 2410 4534; x_wconf 83' lang='lat' dir='ltr'><strong>loco,</strong></span> <span class='ocrx_word' id='word_1_714' title='bbox 2452 4463 2543 4516; x_wconf 90' lang='lat' dir='ltr'><strong>ubi</strong></span> <span class='ocrx_word' id='word_1_715' title='bbox 2585 4478 2747 4531; x_wconf 73' lang='lat' dir='ltr'><strong>pusca</strong></span> <span class='ocrx_word' id='word_1_716' title='bbox 2795 4464 3170 4530; x_wconf 86' lang='lat' dir='ltr'><strong>coquebatur;</strong></span> <span class='ocrx_word' id='word_1_717' title='bbox 3220 4459 3381 4516; x_wconf 84' lang='lat' dir='ltr'><strong>ollam</strong></span> <span class='ocrx_word' id='word_1_718' title='bbox 3415 4463 3637 4534; x_wconf 82' lang='lat' dir='ltr'><strong>sustulit</strong></span> 
     </span>
    </p>
   </div>
   <div class='ocr_carea' id='block_1_95' title="bbox 353 4526 1935 4601">
    <p class='ocr_par' dir='ltr' id='par_1_95' title="bbox 353 4526 1935 4601">
     <span class='ocr_line' id='line_1_95' title="bbox 353 4526 1935 4601; baseline -0.002 -11"><span class='ocrx_word' id='word_1_719' title='bbox 353 4526 462 4590; x_wconf 75' lang='lat' dir='ltr'><strong>sed</strong></span> <span class='ocrx_word' id='word_1_720' title='bbox 497 4526 871 4601; x_wconf 54' lang='lat' dir='ltr'><strong>observa&#39;pro</strong></span> <span class='ocrx_word' id='word_1_721' title='bbox 905 4530 1264 4601; x_wconf 85' lang='lat' dir='ltr'><strong>sequentibus</strong></span> <span class='ocrx_word' id='word_1_722' title='bbox 1293 4531 1691 4586; x_wconf 68' lang='lat' dir='ltr'><strong>cum‘Baronio</strong></span> <span class='ocrx_word' id='word_1_723' title='bbox 1725 4551 1738 4586; x_wconf 89' lang='lat'><strong>:</strong></span> <span class='ocrx_word' id='word_1_724' title='bbox 1775 4552 1792 4583; x_wconf 73' lang='grc' dir='ltr'><strong>ι</strong></span> <span class='ocrx_word' id='word_1_725' title='bbox 1836 4533 1935 4587; x_wconf 87' lang='lat' dir='ltr'><strong>Ista</strong></span> 
     </span>
    </p>
   </div>
   <div class='ocr_carea' id='block_1_96' title="bbox 354 4600 1936 4676">
    <p class='ocr_par' dir='ltr' id='par_1_96' title="bbox 354 4600 1936 4676">
     <span class='ocr_line' id='line_1_96' title="bbox 354 4600 1936 4676; baseline -0.003 -16"><span class='ocrx_word' id='word_1_726' title='bbox 354 4606 654 4676; x_wconf 81' lang='lat' dir='ltr'><strong>symbolice</strong></span> <span class='ocrx_word' id='word_1_727' title='bbox 685 4612 748 4658; x_wconf 88' lang='lat' dir='ltr'><strong>de</strong></span> <span class='ocrx_word' id='word_1_728' title='bbox 775 4600 1035 4676; x_wconf 76' lang='lat' dir='ltr'><strong>Origene</strong></span> <span class='ocrx_word' id='word_1_729' title='bbox 1061 4600 1322 4676; x_wconf 74' lang='lat' dir='ltr'><strong>Synieon,</strong></span> <span class='ocrx_word' id='word_1_730' title='bbox 1365 4601 1507 4676; x_wconf 70' lang='lat' dir='ltr'><strong>quod</strong></span> <span class='ocrx_word' id='word_1_731' title='bbox 1554 4604 1817 4656; x_wconf 86' lang='lat' dir='ltr'><strong>deserens</strong></span> <span class='ocrx_word' id='word_1_732' title='bbox 1846 4603 1936 4676; x_wconf 79' lang='lat' dir='ltr'><strong>ille</strong></span> 
     </span>
    </p>
   </div>
   <div class='ocr_carea' id='block_1_97' title="bbox 351 4671 1939 4742">
    <p class='ocr_par' dir='ltr' id='par_1_97' title="bbox 351 4671 1939 4742">
     <span class='ocr_line' id='line_1_97' title="bbox 351 4671 1939 4742; baseline -0.002 -12"><span class='ocrx_word' id='word_1_733' title='bbox 351 4671 720 4732; x_wconf 79' lang='lat' dir='ltr'><strong>Christianam</strong></span> <span class='ocrx_word' id='word_1_734' title='bbox 751 4671 901 4729; x_wconf 80' lang='lat' dir='ltr'><strong>bene</strong></span> <span class='ocrx_word' id='word_1_735' title='bbox 920 4671 1203 4742; x_wconf 88' lang='lat' dir='ltr'><strong>probatam</strong></span> <span class='ocrx_word' id='word_1_736' title='bbox 1240 4671 1662 4740; x_wconf 86' lang='lat' dir='ltr'><strong>simplicitatem,</strong></span> <span class='ocrx_word' id='word_1_737' title='bbox 1714 4688 1812 4742; x_wconf 89' lang='lat' dir='ltr'><strong>per</strong></span> <span class='ocrx_word' id='word_1_738' title='bbox 1856 4672 1939 4727; x_wconf 83' lang='lat' dir='ltr'><strong>lu-</strong></span> 
     </span>
    </p>
   </div>
   <div class='ocr_carea' id='block_1_98' title="bbox 353 4743 1939 4816">
    <p class='ocr_par' dir='ltr' id='par_1_98' title="bbox 353 4743 1939 4816">
     <span class='ocr_line' id='line_1_98' title="bbox 353 4743 1939 4816; baseline 0 -18"><span class='ocrx_word' id='word_1_739' title='bbox 353 4748 608 4816; x_wconf 88' lang='lat' dir='ltr'><strong>pinorum</strong></span> <span class='ocrx_word' id='word_1_740' title='bbox 659 4761 820 4800; x_wconf 83' lang='lat' dir='ltr'><strong>esum</strong></span> <span class='ocrx_word' id='word_1_741' title='bbox 874 4749 1357 4811; x_wconf 72' lang='lat' dir='ltr'><strong>repraesentatam;</strong></span> <span class='ocrx_word' id='word_1_742' title='bbox 1406 4756 1530 4816; x_wconf 82' lang='lat' dir='ltr'><strong>cum</strong></span> <span class='ocrx_word' id='word_1_743' title='bbox 1580 4743 1709 4816; x_wconf 82' lang='lat' dir='ltr'><strong>plus</strong></span> <span class='ocrx_word' id='word_1_744' title='bbox 1741 4758 1939 4816; x_wconf 79' lang='lat' dir='ltr'><strong>sapere</strong></span> 
     </span>
    </p>
   </div>
   <div class='ocr_carea' id='block_1_99' title="bbox 355 4811 1938 4885">
    <p class='ocr_par' dir='ltr' id='par_1_99' title="bbox 355 4811 1938 4885">
     <span class='ocr_line' id='line_1_99' title="bbox 355 4811 1938 4885; baseline -0.003 -17"><span class='ocrx_word' id='word_1_745' title='bbox 355 4811 520 4870; x_wconf 60' lang='lat' dir='ltr'><strong>vellet</strong></span> <span class='ocrx_word' id='word_1_746' title='bbox 546 4832 708 4885; x_wconf 87' lang='lat' dir='ltr'><strong>quam</strong></span> <span class='ocrx_word' id='word_1_747' title='bbox 753 4823 968 4884; x_wconf 83' lang='lat' dir='ltr'><strong>oportet</strong></span> <span class='ocrx_word' id='word_1_748' title='bbox 1002 4824 1214 4885; x_wconf 77' lang='lat' dir='ltr'><strong>sapere,</strong></span> <span class='ocrx_word' id='word_1_749' title='bbox 1261 4813 1484 4865; x_wconf 87' lang='lat' dir='ltr'><strong>evanuit</strong></span> <span class='ocrx_word' id='word_1_750' title='bbox 1515 4811 1568 4865; x_wconf 90' lang='lat' dir='ltr'><strong>in</strong></span> <span class='ocrx_word' id='word_1_751' title='bbox 1597 4811 1938 4885; x_wconf 78' lang='lat' dir='ltr'><strong>cegitationi-</strong></span> 
     </span>
    </p>
   </div>
   <div class='ocr_carea' id='block_1_100' title="bbox 356 4879 1940 4954">
    <p class='ocr_par' dir='ltr' id='par_1_100' title="bbox 356 4879 1940 4954">
     <span class='ocr_line' id='line_1_100' title="bbox 356 4879 1940 4954; baseline -0.003 -13"><span class='ocrx_word' id='word_1_752' title='bbox 356 4887 460 4941; x_wconf 91' lang='lat' dir='ltr'><strong>bus</strong></span> <span class='ocrx_word' id='word_1_753' title='bbox 482 4879 616 4951; x_wconf 78' lang='lat' dir='ltr'><strong>suis,</strong></span> <span class='ocrx_word' id='word_1_754' title='bbox 644 4895 697 4940; x_wconf 91' lang='lat' dir='ltr'><strong>et</strong></span> <span class='ocrx_word' id='word_1_755' title='bbox 728 4879 1005 4954; x_wconf 9' lang='lat' dir='ltr'><strong>pu&#39;tansrse</strong></span> <span class='ocrx_word' id='word_1_756' title='bbox 1034 4879 1358 4954; x_wconf 75' lang='lat' dir='ltr'><strong>sapientein,</strong></span> <span class='ocrx_word' id='word_1_757' title='bbox 1378 4898 1511 4954; x_wconf 67' lang='lat' dir='ltr'><strong>vere</strong></span> <span class='ocrx_word' id='word_1_758' title='bbox 1540 4879 1738 4954; x_wconf 78' lang='lat' dir='ltr'><strong>stultus</strong></span> <span class='ocrx_word' id='word_1_759' title='bbox 1766 4885 1940 4938; x_wconf 83' lang='lat' dir='ltr'><strong>factus</strong></span> 
     </span>
    </p>
   </div>
   <div class='ocr_carea' id='block_1_101' title="bbox 359 4949 1937 5023">
    <p class='ocr_par' dir='ltr' id='par_1_101' title="bbox 359 4949 1937 5023">
     <span class='ocr_line' id='line_1_101' title="bbox 359 4949 1937 5023; baseline -0.003 -13"><span class='ocrx_word' id='word_1_760' title='bbox 359 4966 465 5010; x_wconf 83' lang='lat' dir='ltr'><strong>est.</strong></span> <span class='ocrx_word' id='word_1_761' title='bbox 524 4949 832 5012; x_wconf 73' lang='lat' dir='ltr'><strong>istiusmodi</strong></span> <span class='ocrx_word' id='word_1_762' title='bbox 876 4953 1040 5021; x_wconf 88' lang='lat' dir='ltr'><strong>igitur</strong></span> <span class='ocrx_word' id='word_1_763' title='bbox 1093 4949 1326 5023; x_wconf 76' lang='lat' dir='ltr'><strong>ludibrio</strong></span> <span class='ocrx_word' id='word_1_764' title='bbox 1373 4952 1605 5021; x_wconf 84' lang='lat' dir='ltr'><strong>Sytncon</strong></span> <span class='ocrx_word' id='word_1_765' title='bbox 1648 4953 1937 5023; x_wconf 77' lang='lat' dir='ltr'><strong>Origeuem</strong></span> 
     </span>
    </p>
   </div>
   <div class='ocr_carea' id='block_1_102' title="bbox 357 5021 1938 5082">
    <p class='ocr_par' dir='ltr' id='par_1_102' title="bbox 357 5021 1938 5082">
     <span class='ocr_line' id='line_1_102' title="bbox 357 5021 1938 5082; baseline -0.003 -2"><span class='ocrx_word' id='word_1_766' title='bbox 357 5027 532 5082; x_wconf 82' lang='lat' dir='ltr'><strong>voluit</strong></span> <span class='ocrx_word' id='word_1_767' title='bbox 587 5028 999 5082; x_wconf 88' lang='lat' dir='ltr'><strong>condemnasse.</strong></span> <span class='ocrx_word' id='word_1_768' title='bbox 1066 5037 1084 5070; x_wconf 71' lang='grc' dir='ltr'><strong>ι</strong></span> <span class='ocrx_word' id='word_1_769' title='bbox 1147 5021 1222 5074; x_wconf 80' lang='lat' dir='ltr'><strong>ita</strong></span> <span class='ocrx_word' id='word_1_770' title='bbox 1275 5023 1544 5077; x_wconf 77' lang='lat' dir='ltr'><strong>Batonius</strong></span> <span class='ocrx_word' id='word_1_771' title='bbox 1607 5023 1673 5077; x_wconf 88' lang='lat' dir='ltr'><strong>ad</strong></span> <span class='ocrx_word' id='word_1_772' title='bbox 1733 5021 1938 5077; x_wconf 75' lang='lat' dir='ltr'><strong>annum</strong></span> 
     </span>
    </p>
   </div>
   <div class='ocr_carea' id='block_1_103' title="bbox 357 5095 993 5152">
    <p class='ocr_par' dir='ltr' id='par_1_103' title="bbox 357 5095 993 5152">
     <span class='ocr_line' id='line_1_103' title="bbox 357 5095 993 5152; baseline -0.008 0"><span class='ocrx_word' id='word_1_773' title='bbox 357 5096 560 5152; x_wconf 83' lang='lat' dir='ltr'><strong>Christi</strong></span> <span class='ocrx_word' id='word_1_774' title='bbox 593 5098 699 5152; x_wconf 61' lang='lat'><strong>518</strong></span> <span class='ocrx_word' id='word_1_775' title='bbox 726 5112 874 5148; x_wconf 81' lang='lat' dir='ltr'><strong>lilltll.</strong></span> <span class='ocrx_word' id='word_1_776' title='bbox 908 5095 993 5148; x_wconf 84' lang='lat' dir='ltr'><strong>l8.</strong></span> 
     </span>
    </p>
   </div>
   <div class='ocr_carea' id='block_1_104' title="bbox 428 5163 1938 5290">
    <p class='ocr_par' dir='ltr' id='par_1_104' title="bbox 428 5163 1938 5290">
     <span class='ocr_line' id='line_1_104' title="bbox 428 5163 1938 5290; baseline -0.001 -70"><span class='ocrx_word' id='word_1_777' title='bbox 428 5167 546 5290; x_wconf 62' lang='lat'><strong>8&#39;57)</strong></span> <span class='ocrx_word' id='word_1_778' title='bbox 577 5167 779 5220; x_wconf 79' lang='lat' dir='ltr'><strong>Alludit</strong></span> <span class='ocrx_word' id='word_1_779' title='bbox 810 5166 1042 5237; x_wconf 78' lang='lat' dir='ltr'><strong>Sytneon</strong></span> <span class='ocrx_word' id='word_1_780' title='bbox 1101 5167 1166 5221; x_wconf 91' lang='lat' dir='ltr'><strong>ad</strong></span> <span class='ocrx_word' id='word_1_781' title='bbox 1215 5163 1379 5221; x_wconf 88' lang='lat' dir='ltr'><strong>verba</strong></span> <span class='ocrx_word' id='word_1_782' title='bbox 1424 5177 1452 5215; x_wconf 86' lang='lat' dir='ltr'><strong>a</strong></span> <span class='ocrx_word' id='word_1_783' title='bbox 1492 5163 1702 5218; x_wconf 72' lang='lat' dir='ltr'><strong>Joanne</strong></span> <span class='ocrx_word' id='word_1_784' title='bbox 1746 5163 1888 5217; x_wconf 79' lang='lat' dir='ltr'><strong>dicta</strong></span> <span class='ocrx_word' id='word_1_785' title='bbox 1926 5183 1938 5218; x_wconf 87' lang='lat'><strong>:</strong></span> 
     </span>
     <span class='ocr_line' id='line_1_105' title="bbox 481 5232 1938 5290; baseline -0.001 0"><span class='ocrx_word' id='word_1_786' title='bbox 481 5253 535 5290; x_wconf 89' lang='lat' dir='ltr'><strong>ra</strong></span> <span class='ocrx_word' id='word_1_787' title='bbox 565 5253 662 5290; x_wconf 84' lang='lat' dir='ltr'><strong>oro</strong></span> <span class='ocrx_word' id='word_1_788' title='bbox 690 5237 920 5290; x_wconf 83' lang='lat' dir='ltr'><strong>Joanne.</strong></span> <span class='ocrx_word' id='word_1_789' title='bbox 973 5247 1032 5290; x_wconf 92' lang='lat' dir='ltr'><strong>ut</strong></span> <span class='ocrx_word' id='word_1_790' title='bbox 1075 5237 1176 5290; x_wconf 83' lang='lat' dir='ltr'><strong>insi</strong></span> <span class='ocrx_word' id='word_1_791' title='bbox 1226 5235 1390 5290; x_wconf 88' lang='lat' dir='ltr'><strong>etiam</strong></span> <span class='ocrx_word' id='word_1_792' title='bbox 1421 5232 1611 5288; x_wconf 89' lang='lat' dir='ltr'><strong>decem</strong></span> <span class='ocrx_word' id='word_1_793' title='bbox 1647 5245 1793 5290; x_wconf 80' lang='lat' dir='ltr'><strong>sorte</strong></span> <span class='ocrx_word' id='word_1_794' title='bbox 1842 5235 1938 5288; x_wconf 91' lang='lat' dir='ltr'><strong>ob-</strong></span> 
     </span>
    </p>
   </div>
   <div class='ocr_carea' id='block_1_105' title="bbox 365 5232 1942 5306">
    <p class='ocr_par' dir='ltr' id='par_1_105' title="bbox 365 5232 1942 5306">
     <span class='ocr_line' id='line_1_106' title="bbox 365 5232 1942 5306; baseline -0.001 -16"><span class='ocrx_word' id='word_1_795' title='bbox 365 5256 386 5290; x_wconf 75' lang='grc' dir='ltr'><strong>ι</strong></span> <span class='ocrx_word' id='word_1_796' title='bbox 428 5232 535 5291; x_wconf 88' lang='lat' dir='ltr'><strong>Ora</strong></span> <span class='ocrx_word' id='word_1_797' title='bbox 564 5253 662 5306; x_wconf 88' lang='lat' dir='ltr'><strong>pro</strong></span> <span class='ocrx_word' id='word_1_798' title='bbox 690 5232 920 5302; x_wconf 79' lang='lat' dir='ltr'><strong>Joanne,</strong></span> <span class='ocrx_word' id='word_1_799' title='bbox 973 5247 1032 5291; x_wconf 92' lang='lat' dir='ltr'><strong>ut</strong></span> <span class='ocrx_word' id='word_1_800' title='bbox 1075 5237 1176 5305; x_wconf 88' lang='lat' dir='ltr'><strong>ipsi</strong></span> <span class='ocrx_word' id='word_1_801' title='bbox 1226 5235 1390 5291; x_wconf 88' lang='lat' dir='ltr'><strong>etiam</strong></span> <span class='ocrx_word' id='word_1_802' title='bbox 1421 5232 1611 5306; x_wconf 87' lang='lat' dir='ltr'><strong>decem</strong></span> <span class='ocrx_word' id='word_1_803' title='bbox 1647 5245 1793 5290; x_wconf 79' lang='lat' dir='ltr'><strong>sorte</strong></span> <span class='ocrx_word' id='word_1_804' title='bbox 1842 5235 1942 5288; x_wconf 90' lang='lat' dir='ltr'><strong>ob-</strong></span> 
     </span>
    </p>
   </div>
   <div class='ocr_carea' id='block_1_106' title="bbox 361 5305 1938 5376">
    <p class='ocr_par' dir='ltr' id='par_1_106' title="bbox 361 5305 1938 5376">
     <span class='ocr_line' id='line_1_107' title="bbox 361 5305 1938 5376; baseline -0.001 -15"><span class='ocrx_word' id='word_1_805' title='bbox 361 5305 600 5376; x_wconf 76' lang='lat' dir='ltr'><strong>tingant;</strong></span> <span class='ocrx_word' id='word_1_806' title='bbox 657 5325 674 5358; x_wconf 71' lang='grc' dir='ltr'><strong>ι</strong></span> <span class='ocrx_word' id='word_1_807' title='bbox 717 5321 948 5376; x_wconf 88' lang='lat' dir='ltr'><strong>quorum</strong></span> <span class='ocrx_word' id='word_1_808' title='bbox 1003 5311 1164 5361; x_wconf 87' lang='lat' dir='ltr'><strong>etiam</strong></span> <span class='ocrx_word' id='word_1_809' title='bbox 1229 5323 1287 5360; x_wconf 89' lang='lat' dir='ltr'><strong>se</strong></span> <span class='ocrx_word' id='word_1_810' title='bbox 1334 5305 1616 5376; x_wconf 81' lang='lat' dir='ltr'><strong>conscium</strong></span> <span class='ocrx_word' id='word_1_811' title='bbox 1679 5305 1938 5360; x_wconf 76' lang='lat' dir='ltr'><strong>ostendit.</strong></span> 
     </span>
    </p>
   </div>
   <div class='ocr_carea' id='block_1_107' title="bbox 362 5375 1831 5445">
    <p class='ocr_par' dir='ltr' id='par_1_107' title="bbox 362 5375 1831 5445">
     <span class='ocr_line' id='line_1_108' title="bbox 362 5375 1831 5445; baseline -0.003 -15"><span class='ocrx_word' id='word_1_812' title='bbox 362 5375 522 5438; x_wconf 82' lang='lat' dir='ltr'><strong>Vide,</strong></span> <span class='ocrx_word' id='word_1_813' title='bbox 550 5394 671 5445; x_wconf 72' lang='lat' dir='ltr'><strong>qum</strong></span> <span class='ocrx_word' id='word_1_814' title='bbox 698 5375 860 5445; x_wconf 86' lang='lat' dir='ltr'><strong>supra</strong></span> <span class='ocrx_word' id='word_1_815' title='bbox 893 5377 1129 5431; x_wconf 73' lang='lat' dir='ltr'><strong>diximus</strong></span> <span class='ocrx_word' id='word_1_816' title='bbox 1160 5377 1210 5430; x_wconf 88' lang='lat' dir='ltr'><strong>in</strong></span> <span class='ocrx_word' id='word_1_817' title='bbox 1247 5379 1506 5429; x_wconf 84' lang='lat' dir='ltr'><strong>Annotat.</strong></span> <span class='ocrx_word' id='word_1_818' title='bbox 1548 5375 1614 5428; x_wconf 92' lang='lat' dir='ltr'><strong>ad</strong></span> <span class='ocrx_word' id='word_1_819' title='bbox 1639 5392 1758 5444; x_wconf 86' lang='lat' dir='ltr'><strong>cap.</strong></span> <span class='ocrx_word' id='word_1_820' title='bbox 1795 5391 1831 5428; x_wconf 84' lang='grc' dir='ltr'>ι.</span> 
     </span>
    </p>
   </div>
   <div class='ocr_carea' id='block_1_108' title="bbox 437 5445 1941 5516">
    <p class='ocr_par' dir='ltr' id='par_1_108' title="bbox 437 5445 1941 5516">
     <span class='ocr_line' id='line_1_109' title="bbox 437 5445 1941 5516; baseline -0.002 -17"><span class='ocrx_word' id='word_1_821' title='bbox 437 5447 547 5514; x_wconf 75' lang='grc'><strong>(58)</strong></span> <span class='ocrx_word' id='word_1_822' title='bbox 587 5448 856 5516; x_wconf 62' lang='lat' dir='ltr'><strong>lutei-pres</strong></span> <span class='ocrx_word' id='word_1_823' title='bbox 876 5448 1018 5516; x_wconf 89' lang='lat' dir='ltr'><strong>apud</strong></span> <span class='ocrx_word' id='word_1_824' title='bbox 1059 5447 1280 5501; x_wconf 65' lang='lat' dir='ltr'><strong>but-ium</strong></span> <span class='ocrx_word' id='word_1_825' title='bbox 1312 5445 1512 5499; x_wconf 76' lang='lat' dir='ltr'><strong>vertit:</strong></span> <span class='ocrx_word' id='word_1_826' title='bbox 1545 5465 1560 5496; x_wconf 71' lang='grc' dir='ltr'><strong>ι</strong></span> <span class='ocrx_word' id='word_1_827' title='bbox 1589 5447 1941 5514; x_wconf 74' lang='lat' dir='ltr'><strong>Act-ipitisne,</strong></span> 
     </span>
    </p>
   </div>
   <div class='ocr_carea' id='block_1_109' title="bbox 361 5517 1942 5587">
    <p class='ocr_par' dir='ltr' id='par_1_109' title="bbox 361 5517 1942 5587">
     <span class='ocr_line' id='line_1_110' title="bbox 361 5517 1942 5587; baseline -0.003 -16"><span class='ocrx_word' id='word_1_828' title='bbox 361 5517 460 5580; x_wconf 82' lang='lat' dir='ltr'><strong>ait,</strong></span> <span class='ocrx_word' id='word_1_829' title='bbox 511 5519 718 5587; x_wconf 85' lang='lat' dir='ltr'><strong>plagam</strong></span> <span class='ocrx_word' id='word_1_830' title='bbox 763 5517 815 5568; x_wconf 89' lang='lat' dir='ltr'><strong>in</strong></span> <span class='ocrx_word' id='word_1_831' title='bbox 870 5519 1072 5570; x_wconf 87' lang='lat' dir='ltr'><strong>erure?</strong></span> <span class='ocrx_word' id='word_1_832' title='bbox 1109 5519 1278 5570; x_wconf 85' lang='lat' dir='ltr'><strong>Aliter</strong></span> <span class='ocrx_word' id='word_1_833' title='bbox 1324 5517 1442 5585; x_wconf 82' lang='lat' dir='ltr'><strong>lego</strong></span> <span class='ocrx_word' id='word_1_834' title='bbox 1477 5517 1528 5568; x_wconf 92' lang='lat' dir='ltr'><strong>in</strong></span> <span class='ocrx_word' id='word_1_835' title='bbox 1575 5531 1676 5568; x_wconf 89' lang='lat' dir='ltr'><strong>ms.</strong></span> <span class='ocrx_word' id='word_1_836' title='bbox 1734 5526 1942 5587; x_wconf 82' lang='lat' dir='ltr'><strong>nostro.</strong></span> 
     </span>
    </p>
   </div>
   <div class='ocr_carea' id='block_1_110' title="bbox 363 5586 1944 5656">
    <p class='ocr_par' dir='ltr' id='par_1_110' title="bbox 363 5586 1944 5656">
     <span class='ocr_line' id='line_1_111' title="bbox 363 5586 1944 5656; baseline -0.003 -15"><span class='ocrx_word' id='word_1_837' title='bbox 363 5589 540 5651; x_wconf 79' lang='lat' dir='ltr'><strong>aliter,</strong></span> <span class='ocrx_word' id='word_1_838' title='bbox 568 5586 730 5656; x_wconf 79' lang='lat' dir='ltr'><strong>qttam</strong></span> <span class='ocrx_word' id='word_1_839' title='bbox 764 5587 874 5648; x_wconf 84' lang='lat' dir='ltr'><strong>ille,</strong></span> <span class='ocrx_word' id='word_1_840' title='bbox 905 5587 1136 5642; x_wconf 85' lang='lat' dir='ltr'><strong>reddidi.</strong></span> <span class='ocrx_word' id='word_1_841' title='bbox 1183 5588 1348 5640; x_wconf 84' lang='lat' dir='ltr'><strong>Porro</strong></span> <span class='ocrx_word' id='word_1_842' title='bbox 1398 5587 1612 5639; x_wconf 79' lang='lat' dir='ltr'><strong>videtur</strong></span> <span class='ocrx_word' id='word_1_843' title='bbox 1639 5587 1805 5656; x_wconf 77' lang='lat' dir='ltr'><strong>dictio</strong></span> <span class='ocrx_word' id='word_1_844' title='bbox 1842 5586 1944 5638; x_wconf 80' lang='lat' dir='ltr'><strong>(lis-</strong></span> 
     </span>
    </p>
   </div>
   <div class='ocr_carea' id='block_1_111' title="bbox 365 5655 1944 5729">
    <p class='ocr_par' dir='ltr' id='par_1_111' title="bbox 365 5655 1944 5729">
     <span class='ocr_line' id='line_1_112' title="bbox 365 5655 1944 5729; baseline -0.001 -20"><span class='ocrx_word' id='word_1_845' title='bbox 365 5655 660 5729; x_wconf 26' lang='lat' dir='ltr'><strong>parata,’ct</strong></span> <span class='ocrx_word' id='word_1_846' title='bbox 681 5663 994 5729; x_wconf 79' lang='lat' dir='ltr'><strong>neutiquam</strong></span> <span class='ocrx_word' id='word_1_847' title='bbox 1024 5659 1088 5711; x_wconf 90' lang='lat' dir='ltr'><strong>ad</strong></span> <span class='ocrx_word' id='word_1_848' title='bbox 1119 5675 1230 5729; x_wconf 81' lang='lat' dir='ltr'><strong>rem</strong></span> <span class='ocrx_word' id='word_1_849' title='bbox 1259 5656 1558 5729; x_wconf 57' lang='lat' dir='ltr'><strong>pertinens.</strong></span> <span class='ocrx_word' id='word_1_850' title='bbox 1597 5675 1615 5706; x_wconf 88' lang='grc'><em>‹</em></span> <span class='ocrx_word' id='word_1_851' title='bbox 1643 5655 1778 5729; x_wconf 67' lang='lat' dir='ltr'><strong>Nam</strong></span> <span class='ocrx_word' id='word_1_852' title='bbox 1807 5674 1944 5729; x_wconf 87' lang='lat' dir='ltr'><strong>non-</strong></span> 
     </span>
    </p>
   </div>
   <div class='ocr_carea' id='block_1_112' title="bbox 365 5725 1946 5798">
    <p class='ocr_par' dir='ltr' id='par_1_112' title="bbox 365 5725 1946 5798">
     <span class='ocr_line' id='line_1_113' title="bbox 365 5725 1946 5798; baseline 0.001 -19"><span class='ocrx_word' id='word_1_853' title='bbox 365 5725 649 5798; x_wconf 66' lang='lat' dir='ltr'><strong>isuuquani</strong></span> <span class='ocrx_word' id='word_1_854' title='bbox 684 5725 972 5781; x_wconf 85' lang='lat' dir='ltr'><strong>simulabat.</strong></span> <span class='ocrx_word' id='word_1_855' title='bbox 1002 5743 1106 5781; x_wconf 85' lang='lat' dir='ltr'><strong>non</strong></span> <span class='ocrx_word' id='word_1_856' title='bbox 1148 5725 1477 5798; x_wconf 50' lang='lat' dir='ltr'><strong>cohaerentia</strong></span> <span class='ocrx_word' id='word_1_857' title='bbox 1511 5725 1687 5794; x_wconf 84' lang='lat' dir='ltr'><strong>loqui;</strong></span> <span class='ocrx_word' id='word_1_858' title='bbox 1730 5726 1946 5798; x_wconf 81' lang='lat' dir='ltr'><strong>dicebat</strong></span> 
     </span>
    </p>
   </div>
   <div class='ocr_carea' id='block_1_113' title="bbox 361 5797 1945 5870">
    <p class='ocr_par' dir='ltr' id='par_1_113' title="bbox 361 5797 1945 5870">
     <span class='ocr_line' id='line_1_114' title="bbox 361 5797 1945 5870; baseline -0.001 -17"><span class='ocrx_word' id='word_1_859' title='bbox 361 5797 514 5853; x_wconf 77' lang='lat' dir='ltr'><strong>enim</strong></span> <span class='ocrx_word' id='word_1_860' title='bbox 554 5813 665 5870; x_wconf 70' lang='lat' dir='ltr'><strong>pra:</strong></span> <span class='ocrx_word' id='word_1_861' title='bbox 693 5797 949 5853; x_wconf 91' lang='lat' dir='ltr'><strong>omnibus</strong></span> <span class='ocrx_word' id='word_1_862' title='bbox 971 5799 1090 5853; x_wconf 80' lang='lat' dir='ltr'><strong>aliis</strong></span> <span class='ocrx_word' id='word_1_863' title='bbox 1121 5799 1262 5852; x_wconf 85' lang='lat' dir='ltr'><strong>hanc</strong></span> <span class='ocrx_word' id='word_1_864' title='bbox 1302 5797 1528 5868; x_wconf 84' lang='lat' dir='ltr'><strong>tiguram</strong></span> <span class='ocrx_word' id='word_1_865' title='bbox 1552 5797 1849 5852; x_wconf 81' lang='lat' dir='ltr'><strong>convenire</strong></span> <span class='ocrx_word' id='word_1_866' title='bbox 1891 5808 1945 5851; x_wconf 86' lang='lat' dir='ltr'><strong>et</strong></span> 
     </span>
    </p>
   </div>
   <div class='ocr_carea' id='block_1_114' title="bbox 2049 4531 3638 4601">
    <p class='ocr_par' dir='ltr' id='par_1_114' title="bbox 2049 4531 3638 4601">
     <span class='ocr_line' id='line_1_115' title="bbox 2049 4531 3638 4601; baseline 0.004 -18"><span class='ocrx_word' id='word_1_867' title='bbox 2049 4533 2305 4601; x_wconf 69' lang='lat' dir='ltr'><strong>Symeon,</strong></span> <span class='ocrx_word' id='word_1_868' title='bbox 2351 4531 2499 4586; x_wconf 87' lang='lat' dir='ltr'><strong>labra</strong></span> <span class='ocrx_word' id='word_1_869' title='bbox 2530 4534 2924 4586; x_wconf 84' lang='lat' dir='ltr'><strong>monachorum</strong></span> <span class='ocrx_word' id='word_1_870' title='bbox 2959 4533 3187 4587; x_wconf 88' lang='lat' dir='ltr'><strong>adussit.</strong></span> <span class='ocrx_word' id='word_1_871' title='bbox 3215 4533 3486 4597; x_wconf 79' lang='lat' dir='ltr'><strong>Quorsum</strong></span> <span class='ocrx_word' id='word_1_872' title='bbox 3527 4533 3638 4589; x_wconf 83' lang='lat' dir='ltr'><strong>huc</strong></span> 
     </span>
    </p>
   </div>
   <div class='ocr_carea' id='block_1_115' title="bbox 2047 4601 3640 4670">
    <p class='ocr_par' dir='ltr' id='par_1_115' title="bbox 2047 4601 3640 4670">
     <span class='ocr_line' id='line_1_116' title="bbox 2047 4601 3640 4670; baseline 0.005 -20"><span class='ocrx_word' id='word_1_873' title='bbox 2047 4603 2284 4670; x_wconf 81' lang='lat' dir='ltr'><strong>pertinet</strong></span> <span class='ocrx_word' id='word_1_874' title='bbox 2315 4601 2437 4654; x_wconf 81' lang='lat' dir='ltr'><strong>levis</strong></span> <span class='ocrx_word' id='word_1_875' title='bbox 2469 4603 2636 4655; x_wconf 81' lang='lat' dir='ltr'><strong>vesica</strong></span> <span class='ocrx_word' id='word_1_876' title='bbox 2660 4602 2685 4654; x_wconf 85' lang='lat'><strong><em>?</em></strong></span> <span class='ocrx_word' id='word_1_877' title='bbox 2711 4604 3020 4657; x_wconf 71' lang='lat' dir='ltr'><strong>Praesertim</strong></span> <span class='ocrx_word' id='word_1_878' title='bbox 3050 4619 3173 4657; x_wconf 91' lang='lat' dir='ltr'><strong>cum</strong></span> <span class='ocrx_word' id='word_1_879' title='bbox 3205 4603 3458 4657; x_wconf 68' lang='lat' dir='ltr'><strong>Phacmun</strong></span> <span class='ocrx_word' id='word_1_880' title='bbox 3491 4605 3640 4658; x_wconf 85' lang='lat' dir='ltr'><strong>dicat</strong></span> 
     </span>
    </p>
   </div>
   <div class='ocr_carea' id='block_1_116' title="bbox 2047 4669 3636 4743">
    <p class='ocr_par' dir='ltr' id='par_1_116' title="bbox 2047 4669 3636 4743">
     <span class='ocr_line' id='line_1_117' title="bbox 2047 4669 3636 4743; baseline 0.003 -19"><span class='ocrx_word' id='word_1_881' title='bbox 2047 4669 2544 4743; x_wconf 17' lang='lat' dir='ltr'><strong>iuACynopsOphio,</strong></span> <span class='ocrx_word' id='word_1_882' title='bbox 2608 4673 2825 4742; x_wconf 87' lang='lat' dir='ltr'><strong>pagina,</strong></span> <span class='ocrx_word' id='word_1_883' title='bbox 2879 4682 2956 4743; x_wconf 90' lang='lat' dir='ltr'><strong>ut</strong></span> <span class='ocrx_word' id='word_1_884' title='bbox 2985 4674 3117 4727; x_wconf 88' lang='lat' dir='ltr'><strong>citat</strong></span> <span class='ocrx_word' id='word_1_885' title='bbox 3166 4673 3429 4743; x_wconf 79' lang='lat' dir='ltr'><strong>Cangius.</strong></span> <span class='ocrx_word' id='word_1_886' title='bbox 3477 4675 3636 4728; x_wconf 63' lang='lat' dir='ltr'><strong>2M:</strong></span> 
     </span>
    </p>
   </div>
   <div class='ocr_carea' id='block_1_117' title="bbox 2046 4741 3642 4814">
    <p class='ocr_par' dir='ltr' id='par_1_117' title="bbox 2046 4741 3642 4814">
     <span class='ocr_line' id='line_1_118' title="bbox 2046 4741 3642 4814; baseline 0.003 -21"><span class='ocrx_word' id='word_1_887' title='bbox 2046 4741 2264 4814; x_wconf 60' lang='lat' dir='ltr'><strong>{Potin-at</strong></span> <span class='ocrx_word' id='word_1_888' title='bbox 2316 4742 2371 4794; x_wconf 79' lang='grc' dir='ltr'>δέ</span> <span class='ocrx_word' id='word_1_889' title='bbox 2426 4745 2575 4795; x_wconf 79' lang='grc' dir='ltr'>ἐστιν</span> <span class='ocrx_word' id='word_1_890' title='bbox 2626 4741 2746 4806; x_wconf 77' lang='grc' dir='ltr'>ὅξος</span> <span class='ocrx_word' id='word_1_891' title='bbox 2786 4743 2881 4795; x_wconf 77' lang='grc' dir='ltr'><strong>καὶ</strong></span> <span class='ocrx_word' id='word_1_892' title='bbox 2935 4742 3080 4814; x_wconf 74' lang='grc' dir='ltr'><strong>ὖὲωρ</strong></span> <span class='ocrx_word' id='word_1_893' title='bbox 3135 4741 3340 4814; x_wconf 72' lang='grc' dir='ltr'>θερμδν</span> <span class='ocrx_word' id='word_1_894' title='bbox 3404 4747 3497 4797; x_wconf 68' lang='grc' dir='ltr'>καὶ</span> <span class='ocrx_word' id='word_1_895' title='bbox 3557 4745 3642 4798; x_wconf 57' lang='lat' dir='ltr'><strong>did</strong></span> 
     </span>
    </p>
   </div>
   <div class='ocr_carea' id='block_1_118' title="bbox 2047 4811 3638 4934">
    <p class='ocr_par' dir='ltr' id='par_1_118' title="bbox 2047 4811 3638 4934">
     <span class='ocr_line' id='line_1_119' title="bbox 2047 4811 3638 4934; baseline 0.004 -70"><span class='ocrx_word' id='word_1_896' title='bbox 2047 4811 2160 4934; x_wconf 53' lang='lat'><strong>6&#39;60.</strong></span> <span class='ocrx_word' id='word_1_897' title='bbox 2207 4832 2226 4864; x_wconf 75' lang='grc' dir='ltr'><strong>ι</strong></span> <span class='ocrx_word' id='word_1_898' title='bbox 2266 4815 2440 4869; x_wconf 88' lang='lat' dir='ltr'><strong>Pusca</strong></span> <span class='ocrx_word' id='word_1_899' title='bbox 2469 4828 2598 4867; x_wconf 89' lang='lat' dir='ltr'><strong>vero</strong></span> <span class='ocrx_word' id='word_1_900' title='bbox 2626 4823 2708 4867; x_wconf 91' lang='lat' dir='ltr'><strong>est</strong></span> <span class='ocrx_word' id='word_1_901' title='bbox 2727 4822 2946 4866; x_wconf 84' lang='lat' dir='ltr'><strong>acetum</strong></span> <span class='ocrx_word' id='word_1_902' title='bbox 2976 4823 3026 4867; x_wconf 88' lang='lat' dir='ltr'><strong>cl</strong></span> <span class='ocrx_word' id='word_1_903' title='bbox 3050 4811 3210 4883; x_wconf 66' lang='lat' dir='ltr'><strong>aqua</strong></span> <span class='ocrx_word' id='word_1_904' title='bbox 3227 4811 3421 4879; x_wconf 80' lang='lat' dir='ltr'><strong>calida,</strong></span> <span class='ocrx_word' id='word_1_905' title='bbox 3453 4825 3506 4869; x_wconf 89' lang='lat' dir='ltr'><strong>et</strong></span> <span class='ocrx_word' id='word_1_906' title='bbox 3534 4830 3638 4870; x_wconf 89' lang='lat' dir='ltr'><strong>ova</strong></span> 
     </span>
     <span class='ocr_line' id='line_1_120' title="bbox 2049 4897 2244 4934; baseline 0 0"><span class='ocrx_word' id='word_1_907' title='bbox 2049 4897 2177 4934; x_wconf 76' lang='lat' dir='ltr'><strong>tuo.</strong></span> <span class='ocrx_word' id='word_1_908' title='bbox 2225 4901 2244 4934; x_wconf 74' lang='grc' dir='ltr'><strong>ι</strong></span> 
     </span>
    </p>
   </div>
   <div class='ocr_carea' id='block_1_119' title="bbox 2049 4897 2244 4936">
    <p class='ocr_par' dir='ltr' id='par_1_119' title="bbox 2049 4897 2244 4936">
     <span class='ocr_line' id='line_1_121' title="bbox 2049 4897 2244 4936; baseline 0 -2"><span class='ocrx_word' id='word_1_909' title='bbox 2049 4897 2177 4936; x_wconf 89' lang='lat' dir='ltr'><strong>uuo.</strong></span> <span class='ocrx_word' id='word_1_910' title='bbox 2225 4901 2244 4934; x_wconf 71' lang='grc' dir='ltr'>ι</span> 
     </span>
    </p>
   </div>
   <div class='ocr_carea' id='block_1_120' title="bbox 2123 4950 3636 5022">
    <p class='ocr_par' dir='ltr' id='par_1_120' title="bbox 2123 4950 3636 5022">
     <span class='ocr_line' id='line_1_122' title="bbox 2123 4950 3636 5022; baseline 0.002 -18"><span class='ocrx_word' id='word_1_911' title='bbox 2123 4951 2235 5020; x_wconf 84' lang='lat'><strong>(60)</strong></span> <span class='ocrx_word' id='word_1_912' title='bbox 2266 4950 2532 5022; x_wconf 77' lang='grc' dir='ltr'>Πανδοῦρι</span> <span class='ocrx_word' id='word_1_913' title='bbox 2583 4958 2850 5022; x_wconf 81' lang='lat' dir='ltr'><strong>pandum,</strong></span> <span class='ocrx_word' id='word_1_914' title='bbox 2901 4954 3308 5008; x_wconf 72' lang='lat' dir='ltr'><strong>instrumentum</strong></span> <span class='ocrx_word' id='word_1_915' title='bbox 3355 4971 3636 5020; x_wconf 73' lang='lat' dir='ltr'><strong>musicum,</strong></span> 
     </span>
    </p>
   </div>
   <div class='ocr_carea' id='block_1_121' title="bbox 2050 5021 3638 5094">
    <p class='ocr_par' dir='ltr' id='par_1_121' title="bbox 2050 5021 3638 5094">
     <span class='ocr_line' id='line_1_123' title="bbox 2050 5021 3638 5094; baseline 0.001 -18"><span class='ocrx_word' id='word_1_916' title='bbox 2050 5021 2256 5078; x_wconf 77' lang='lat' dir='ltr'><strong>Polluci</strong></span> <span class='ocrx_word' id='word_1_917' title='bbox 2295 5021 2633 5094; x_wconf 68' lang='lat' dir='ltr'><strong>etAthenaeo</strong></span> <span class='ocrx_word' id='word_1_918' title='bbox 2658 5022 2958 5094; x_wconf 74' lang='grc' dir='ltr'>πανδούρα,</span> <span class='ocrx_word' id='word_1_919' title='bbox 2995 5025 3313 5094; x_wconf 85' lang='lat' dir='ltr'><strong>pandurizo,</strong></span> <span class='ocrx_word' id='word_1_920' title='bbox 3339 5025 3638 5093; x_wconf 80' lang='lat' dir='ltr'><strong>panduram</strong></span> 
     </span>
    </p>
   </div>
   <div class='ocr_carea' id='block_1_122' title="bbox 2050 5093 3639 5165">
    <p class='ocr_par' dir='ltr' id='par_1_122' title="bbox 2050 5093 3639 5165">
     <span class='ocr_line' id='line_1_124' title="bbox 2050 5093 3639 5165; baseline 0.003 -21"><span class='ocrx_word' id='word_1_921' title='bbox 2050 5093 2702 5165; x_wconf 10' lang='lat' dir='ltr'><strong>pulso.rl’anduriaavit,</strong></span> <span class='ocrx_word' id='word_1_922' title='bbox 2774 5093 3340 5165; x_wconf 28' lang='lat' dir='ltr'><strong>organo’modula-tus</strong></span> <span class='ocrx_word' id='word_1_923' title='bbox 3393 5103 3498 5147; x_wconf 86' lang='lat' dir='ltr'><strong>est.</strong></span> <span class='ocrx_word' id='word_1_924' title='bbox 3557 5094 3639 5165; x_wconf 10' lang='lat' dir='ltr'><strong>illa</strong></span> 
     </span>
    </p>
   </div>
   <div class='ocr_carea' id='block_1_123' title="bbox 2053 5163 3641 5286">
    <p class='ocr_par' dir='ltr' id='par_1_123' title="bbox 2053 5163 3641 5286">
     <span class='ocr_line' id='line_1_125' title="bbox 2053 5163 3641 5286; baseline 0.004 -72"><span class='ocrx_word' id='word_1_925' title='bbox 2053 5164 2399 5286; x_wconf 44' lang='lat' dir='ltr'><strong>‘lﬁampridius</strong></span> <span class='ocrx_word' id='word_1_926' title='bbox 2430 5166 2483 5217; x_wconf 91' lang='lat' dir='ltr'><strong>in</strong></span> <span class='ocrx_word' id='word_1_927' title='bbox 2515 5163 2880 5234; x_wconf 84' lang='lat' dir='ltr'><strong>lleliogabalo,</strong></span> <span class='ocrx_word' id='word_1_928' title='bbox 2922 5165 2996 5218; x_wconf 92' lang='lat' dir='ltr'><strong>uti</strong></span> <span class='ocrx_word' id='word_1_929' title='bbox 3043 5176 3126 5219; x_wconf 89' lang='lat' dir='ltr'><strong>est</strong></span> <span class='ocrx_word' id='word_1_930' title='bbox 3182 5165 3236 5217; x_wconf 92' lang='lat' dir='ltr'><strong>in</strong></span> <span class='ocrx_word' id='word_1_931' title='bbox 3296 5164 3641 5220; x_wconf 69' lang='lat' dir='ltr'><strong>llierolesico</strong></span> 
     </span>
     <span class='ocr_line' id='line_1_126' title="bbox 2053 5251 2236 5286; baseline 0 0"><span class='ocrx_word' id='word_1_932' title='bbox 2053 5275 2067 5286; x_wconf 82' lang='lat'><strong>.</strong></span> <span class='ocrx_word' id='word_1_933' title='bbox 2106 5251 2236 5286; x_wconf 83' lang='lat' dir='ltr'><strong>acri.</strong></span> 
     </span>
    </p>
   </div>
   <div class='ocr_carea' id='block_1_124' title="bbox 2053 5251 2236 5288">
    <p class='ocr_par' dir='ltr' id='par_1_124' title="bbox 2053 5251 2236 5288">
     <span class='ocr_line' id='line_1_127' title="bbox 2053 5251 2236 5288; baseline 0.005 -2"><span class='ocrx_word' id='word_1_934' title='bbox 2053 5251 2236 5288; x_wconf 75' lang='lat' dir='ltr'><strong>MiiCl‘i.</strong></span> 
     </span>
    </p>
   </div>
   <div class='ocr_carea' id='block_1_125' title="bbox 2148 5303 3642 5373">
    <p class='ocr_par' dir='ltr' id='par_1_125' title="bbox 2148 5303 3642 5373">
     <span class='ocr_line' id='line_1_128' title="bbox 2148 5303 3642 5373; baseline 0.001 -16"><span class='ocrx_word' id='word_1_935' title='bbox 2148 5307 2234 5370; x_wconf 78' lang='lat' dir='ltr'><strong>bl)</strong></span> <span class='ocrx_word' id='word_1_936' title='bbox 2273 5303 2367 5358; x_wconf 88' lang='lat' dir='ltr'><strong>llic</strong></span> <span class='ocrx_word' id='word_1_937' title='bbox 2394 5305 2629 5358; x_wconf 87' lang='lat' dir='ltr'><strong>sumitur</strong></span> <span class='ocrx_word' id='word_1_938' title='bbox 2669 5321 2767 5373; x_wconf 77' lang='lat' dir='ltr'><strong>pro</strong></span> <span class='ocrx_word' id='word_1_939' title='bbox 2813 5304 2952 5366; x_wconf 87' lang='lat' dir='ltr'><strong>loco,</strong></span> <span class='ocrx_word' id='word_1_940' title='bbox 2991 5304 3079 5359; x_wconf 90' lang='lat' dir='ltr'><strong>ubi</strong></span> <span class='ocrx_word' id='word_1_941' title='bbox 3129 5303 3418 5359; x_wconf 84' lang='lat' dir='ltr'><strong>conficitur</strong></span> <span class='ocrx_word' id='word_1_942' title='bbox 3455 5322 3642 5371; x_wconf 80' lang='lat' dir='ltr'><strong>pusca,</strong></span> 
     </span>
    </p>
   </div>
   <div class='ocr_carea' id='block_1_126' title="bbox 2053 5375 3644 5444">
    <p class='ocr_par' dir='ltr' id='par_1_126' title="bbox 2053 5375 3644 5444">
     <span class='ocr_line' id='line_1_129' title="bbox 2053 5375 3644 5444; baseline -0.002 -15"><span class='ocrx_word' id='word_1_943' title='bbox 2053 5391 2147 5429; x_wconf 80' lang='lat' dir='ltr'><strong>seu</strong></span> <span class='ocrx_word' id='word_1_944' title='bbox 2191 5375 2392 5443; x_wconf 76' lang='lat' dir='ltr'><strong>officina</strong></span> <span class='ocrx_word' id='word_1_945' title='bbox 2439 5375 2692 5443; x_wconf 60' lang='lat' dir='ltr'><strong>pus-curii,</strong></span> <span class='ocrx_word' id='word_1_946' title='bbox 2745 5386 2796 5427; x_wconf 89' lang='lat' dir='ltr'><strong>et</strong></span> <span class='ocrx_word' id='word_1_947' title='bbox 2848 5385 2996 5443; x_wconf 79' lang='lat' dir='ltr'><strong>patet.</strong></span> <span class='ocrx_word' id='word_1_948' title='bbox 3049 5375 3245 5444; x_wconf 86' lang='lat' dir='ltr'><strong>partim</strong></span> <span class='ocrx_word' id='word_1_949' title='bbox 3291 5392 3354 5429; x_wconf 73' lang='lat' dir='ltr'><strong>ex</strong></span> <span class='ocrx_word' id='word_1_950' title='bbox 3409 5377 3644 5429; x_wconf 82' lang='lat' dir='ltr'><strong>articulo</strong></span> 
     </span>
    </p>
   </div>
   <div class='ocr_carea' id='block_1_127' title="bbox 2055 5445 3644 5516">
    <p class='ocr_par' dir='ltr' id='par_1_127' title="bbox 2055 5445 3644 5516">
     <span class='ocr_line' id='line_1_130' title="bbox 2055 5445 3644 5516; baseline 0.001 -17"><span class='ocrx_word' id='word_1_951' title='bbox 2055 5446 2401 5515; x_wconf 57' lang='lat' dir='ltr'><strong>pra-positivo</strong></span> <span class='ocrx_word' id='word_1_952' title='bbox 2461 5454 2658 5516; x_wconf 75' lang='lat' dir='ltr'><strong>neutro</strong></span> <span class='ocrx_word' id='word_1_953' title='bbox 2703 5445 2779 5504; x_wconf 75' lang='grc' dir='ltr'><strong>τὸ,</strong></span> <span class='ocrx_word' id='word_1_954' title='bbox 2827 5446 3021 5511; x_wconf 84' lang='lat' dir='ltr'><strong>partim</strong></span> <span class='ocrx_word' id='word_1_955' title='bbox 3061 5463 3126 5500; x_wconf 86' lang='lat' dir='ltr'><strong>ex</strong></span> <span class='ocrx_word' id='word_1_956' title='bbox 3160 5445 3247 5510; x_wconf 88' lang='lat' dir='ltr'><strong>iis,</strong></span> <span class='ocrx_word' id='word_1_957' title='bbox 3297 5463 3418 5516; x_wconf 69' lang='lat' dir='ltr'><strong>quae</strong></span> <span class='ocrx_word' id='word_1_958' title='bbox 3453 5455 3644 5516; x_wconf 81' lang='lat' dir='ltr'><strong>postea</strong></span> 
     </span>
    </p>
   </div>
   <div class='ocr_carea' id='block_1_128' title="bbox 2055 5515 3644 5586">
    <p class='ocr_par' dir='ltr' id='par_1_128' title="bbox 2055 5515 3644 5586">
     <span class='ocr_line' id='line_1_131' title="bbox 2055 5515 3644 5586; baseline 0.001 -18"><span class='ocrx_word' id='word_1_959' title='bbox 2055 5533 2112 5569; x_wconf 82' lang='lat' dir='ltr'><strong>se.</strong></span> <span class='ocrx_word' id='word_1_960' title='bbox 2135 5527 2394 5585; x_wconf 70' lang='grc' dir='ltr'>μιιιιιίιιγῖ</span> <span class='ocrx_word' id='word_1_961' title='bbox 2431 5515 2640 5586; x_wconf 71' lang='grc' dir='ltr'>ἄνοιξον</span> <span class='ocrx_word' id='word_1_962' title='bbox 2671 5515 3003 5586; x_wconf 16' lang='grc' dir='ltr'>φουσκὰγριον</span> <span class='ocrx_word' id='word_1_963' title='bbox 3029 5517 3239 5583; x_wconf 78' lang='grc' dir='ltr'>ὲφὲτος,</span> <span class='ocrx_word' id='word_1_964' title='bbox 3274 5515 3422 5585; x_wconf 81' lang='lat' dir='ltr'><strong>aperi</strong></span> <span class='ocrx_word' id='word_1_965' title='bbox 3449 5515 3644 5586; x_wconf 69' lang='lat' dir='ltr'><strong>pusca-</strong></span> 
     </span>
    </p>
   </div>
   <div class='ocr_carea' id='block_1_129' title="bbox 2057 5585 3644 5657">
    <p class='ocr_par' dir='ltr' id='par_1_129' title="bbox 2057 5585 3644 5657">
     <span class='ocr_line' id='line_1_132' title="bbox 2057 5585 3644 5657; baseline 0.002 -20"><span class='ocrx_word' id='word_1_966' title='bbox 2057 5588 2192 5639; x_wconf 73' lang='lat' dir='ltr'><strong>riunt</strong></span> <span class='ocrx_word' id='word_1_967' title='bbox 2246 5587 2546 5656; x_wconf 76' lang='lat' dir='ltr'><strong>quotannis.</strong></span> <span class='ocrx_word' id='word_1_968' title='bbox 2603 5585 2850 5657; x_wconf 74' lang='lat' dir='ltr'><strong>Aci-edit</strong></span> <span class='ocrx_word' id='word_1_969' title='bbox 2883 5585 3222 5657; x_wconf 59' lang='lat' dir='ltr'><strong>Niecphorus</strong></span> <span class='ocrx_word' id='word_1_970' title='bbox 3270 5585 3554 5657; x_wconf 67' lang='lat' dir='ltr'><strong>presbyter</strong></span> <span class='ocrx_word' id='word_1_971' title='bbox 3590 5589 3644 5640; x_wconf 87' lang='lat' dir='ltr'><strong>in</strong></span> 
     </span>
    </p>
   </div>
   <div class='ocr_carea' id='block_1_130' title="bbox 2058 5655 3642 5728">
    <p class='ocr_par' dir='ltr' id='par_1_130' title="bbox 2058 5655 3642 5728">
     <span class='ocr_line' id='line_1_133' title="bbox 2058 5655 3642 5728; baseline 0.001 -20"><span class='ocrx_word' id='word_1_972' title='bbox 2058 5657 2174 5710; x_wconf 70' lang='lat' dir='ltr'><strong>Vita</strong></span> <span class='ocrx_word' id='word_1_973' title='bbox 2201 5655 2302 5710; x_wconf 57' lang='lat' dir='ltr'><strong>IIIS.</strong></span> <span class='ocrx_word' id='word_1_974' title='bbox 2334 5675 2450 5708; x_wconf 80' lang='lat' dir='ltr'><strong>sam</strong></span> <span class='ocrx_word' id='word_1_975' title='bbox 2471 5667 2524 5708; x_wconf 84' lang='lat' dir='ltr'><strong>to</strong></span> <span class='ocrx_word' id='word_1_976' title='bbox 2567 5655 2792 5728; x_wconf 63' lang='lat' dir='ltr'><strong>Andreae</strong></span> <span class='ocrx_word' id='word_1_977' title='bbox 2821 5655 2928 5728; x_wconf 10' lang='lat' dir='ltr'><strong>Salii</strong></span> <span class='ocrx_word' id='word_1_978' title='bbox 2973 5674 2984 5706; x_wconf 93' lang='lat'>:</span> <span class='ocrx_word' id='word_1_979' title='bbox 3027 5658 3286 5725; x_wconf 65' lang='grc' dir='ltr'>Εἰσῆλθεν</span> <span class='ocrx_word' id='word_1_980' title='bbox 3321 5662 3379 5711; x_wconf 81' lang='grc' dir='ltr'><strong>ὲν</strong></span> <span class='ocrx_word' id='word_1_981' title='bbox 3403 5655 3642 5728; x_wconf 75' lang='grc' dir='ltr'>φουσκα-</span> 
     </span>
    </p>
   </div>
   <div class='ocr_carea' id='block_1_131' title="bbox 2058 5725 3030 5798">
    <p class='ocr_par' dir='ltr' id='par_1_131' title="bbox 2058 5725 3030 5798">
     <span class='ocr_line' id='line_1_134' title="bbox 2058 5725 3030 5798; baseline 0.001 -20"><span class='ocrx_word' id='word_1_982' title='bbox 2058 5730 2174 5798; x_wconf 73' lang='grc' dir='ltr'>ρ’ῳ.</span> <span class='ocrx_word' id='word_1_983' title='bbox 2215 5728 2482 5795; x_wconf 68' lang='lat' dir='ltr'><strong>Ingressus</strong></span> <span class='ocrx_word' id='word_1_984' title='bbox 2519 5735 2589 5780; x_wconf 78' lang='lat' dir='ltr'><strong>cst</strong></span> <span class='ocrx_word' id='word_1_985' title='bbox 2627 5725 2679 5777; x_wconf 85' lang='lat' dir='ltr'><strong>in</strong></span> <span class='ocrx_word' id='word_1_986' title='bbox 2705 5727 3030 5793; x_wconf 79' lang='lat' dir='ltr'><strong>puscarium.</strong></span> 
     </span>
    </p>
   </div>
  </div>
