3976 6428
387 367 521 434 1727

1404 364 1713 427 LEONTII
1753 359 2271 424 NEAPOLITANI
2309 358 2650 421 EPISCOPI

3524 357 3659 423 1728

383 478 611 548 gitabat,
644 484 701 532 et
728 475 947 532 dicebat
970 471 1194 546 Syrisce
1224 491 1239 529 :
1268 472 1525 543 Nunquid
1570 473 1690 543 ipse
1734 471 1970 529 Satanas

2094 468 2309 532 ῑοασὸᾶς
2336 462 2531 536 οὗτοςς
2558 465 2892 522 Καταλιπὼν
2920 462 3016 521 οὖν
3045 465 3234 531 αὐτὰς,
3265 465 3428 529 εὐθὺς
3447 469 3477 521 ὁ
3495 469 3662 533 Σαλὸς

384 567 573 623 credet
606 566 793 623 ﬁctum
818 568 969 624 hunc
994 568 1247 624 abbatem
1277 582 1401 621 cum
1439 565 1574 634 ipsis
1602 581 1717 621 rem
1748 568 1977 623 habere?

384 654 499 712 Illis
524 658 722 729 itaque
748 659 955 715 relictis
1001 659 1187 714 statim
1234 655 1395 713 Salus
1438 658 1507 712 ad
1556 658 1975 727 protocomitem

386 750 559 815 venit,
589 751 682 821 qui
710 750 901 805 aberat
923 750 991 806 ab
1012 751 1133 821 ipso
1155 749 1310 820 quasi
1340 749 1409 804 ad
1437 748 1646 819 jactum
1676 750 1893 820 lapidis,
1921 759 1979 806 et

386 841 538 896 dedit
588 841 694 912 ipsi
745 842 996 912 alapam;
1041 842 1191 896 exuit
1238 850 1418 897 vestes
1459 856 1608 907 suas,
1644 842 1889 912 dixitque
1926 842 1980 898 ei

387 933 595 989 saltans
618 932 947 998 :Adesdum,
971 933 1118 999 lude,
1141 948 1175 988 ο
1198 932 1320 988 vilis
1346 934 1546 989 homo!
1577 933 1681 988 Hic
1707 948 1817 989 non
1848 935 1981 990 sub-

386 1030 477 1076 est
531 1020 645 1091 (67)
681 1021 858 1076 dolus.
895 1020 1167 1092 Cognovnt
1208 1022 1377 1093 igitur
1418 1022 1528 1089 ille,
1563 1024 1796 1078 scrutari
1826 1038 1976 1087 eum,

389 1123 514 1179 quae
559 1109 803 1164 latebant
848 1109 904 1163 in
948 1111 1133 1170 corde.
1195 1112 1260 1166 Et
1302 1112 1523 1182 quando
1569 1128 1682 1168 rem
1722 1113 1977 1177 miratus,

389 1200 666 1265 veniebat,
703 1208 764 1255 ut
792 1201 1001 1257 diceret
1023 1202 1182 1257 alicui
1212 1203 1266 1258 id
1305 1204 1452 1273 quod
1486 1206 1813 1276 contigerat,
1847 1205 1982 1277 liga-

389 1292 553 1348 batur
581 1290 702 1359 ejus
723 1293 931 1364 lingua,
961 1301 1016 1349 et
1042 1310 1152 1349 non
1178 1305 1395 1364 poterat
1420 1295 1692 1366 proloqui.

461 1382 553 1436 47.
592 1382 778 1438 Gratia
815 1384 945 1439 item
976 1384 1319 1440 abstinentiae
1366 1400 1478 1455 prae
1530 1386 1715 1440 multis
1765 1384 1984 1442 Sanctis

391 1472 670 1528 excelluit.
698 1473 1049 1533 Adveniente
1075 1475 1224 1530 enim
1243 1474 1444 1530 Sancta
1477 1486 1789 1531 sanctorum
1833 1476 1980 1546 jeju-

392 1563 611 1618 niorum
633 1563 1077 1635 Quadragesima,
1109 1581 1221 1621 non
1275 1567 1529 1638 gustabat
1560 1567 1767 1636 aliquid
1808 1582 1986 1637 usque

390 1657 462 1712 ad
505 1665 753 1712 sanctam
808 1657 1000 1713 feriam
1039 1658 1309 1729 quintam.
1371 1657 1495 1713 Mox
1536 1668 1721 1714 autem
1748 1674 1780 1713 a
1807 1659 1986 1730 primo

392 1749 658 1817 diluculo,
688 1749 824 1805 feria
865 1750 1057 1806 eadem
1096 1751 1293 1821 quinta
1345 1751 1575 1806 sedebat
1616 1751 1671 1805 in
1723 1751 1826 1806 itra
1872 1750 1985 1824 (68)

2077 559 2298 632 ἔρχεται
2320 559 2456 629 πρὸς
2476 559 2568 613 τὸν
2589 559 3030 631 πρωτοκομήτην
3052 560 3336 629 ἀπέχοντα
3356 558 3451 613 ἀπ’
3476 560 3661 625 αὐτοῦ,

2075 651 2211 705 ὡσεὶ
2232 651 2381 705 λίθου
2410 650 2593 723 βολὴν,
2622 652 2717 706 καὶ
2740 650 2976 706 δέδωκεν
3003 650 3157 722 αὐτῷ
3180 652 3398 719 κόσσον,
3415 650 3663 721 ἐγύμνωο

2081 757 2143 796 σε
2173 742 2230 795 δέ
2264 741 2334 796 τὰ
2359 742 2550 814 ἱμάτια
2576 742 2765 808 αὐτοῦ,
2800 743 2898 796 καὶ
2926 737 3082 796 εἶπεν
3119 742 3255 813 πρὸς
3279 741 3444 798 αὐτὸν
3484 742 3666 813 βαλλί-

2079 829 2189 897 ζων
2213 848 2227 863 ·
2259 833 2433 904 Δεῦρο
2487 833 2725 900 παίζων,
2781 832 3009 888 ταπεινέ
3031 874 3046 899 ,
3103 827 3206 887 ῶδε
3237 833 3391 897 εόλος
3440 833 3542 886 οὑκ
3567 834 3661 888 ἔνι.

2083 924 2268 993 Ἔγνω
2292 914 2384 979 οὖν
2415 927 2642 991 ἐκεῖνος,
2663 926 2747 979 ὅτι
2764 925 2836 978 τὰ
2861 927 2921 978 ἐν
2943 927 3012 997 τῇ
3036 924 3236 997 καρδία
3264 925 3435 980 αὐτοῦ
3457 926 3668 997 ἐνόησε,

2080 1017 2177 1071 καὶ
2205 1015 2497 1087 Θαυμάσας
2535 1016 2728 1070 καθότι
2758 1016 2962 1087 ἤρχετο
2988 1018 3170 1069 εἰπεῖν
3196 1033 3307 1069 τινι
3322 1016 3389 1070 τὸ
3418 1019 3668 1088 πρᾶγμα,

2081 1106 2364 1174 ἐδεσμεῖτο
2387 1109 2422 1177 ἡ
2451 1105 2673 1177 γλῶσσα
2705 1107 2894 1173 αὑτοῦ,
2936 1108 3033 1161 καὶ
3083 1107 3187 1161 οὐκ
3231 1107 3470 1178 ἠδύνατο
3510 1109 3672 1179 φθέγ-

2084 1197 2302 1265 ξασθαι.

2158 1403 2270 1475 μζὀ
2309 1400 2439 1476 Εἶχε
2467 1404 2524 1459 δὲ
2553 1404 2648 1458 καὶ
2668 1404 2729 1458 τὸ
2760 1404 3011 1476 χάρισμα
3038 1405 3139 1475 τῆς
3177 1402 3513 1474 ἐγκρατείας
3538 1399 3677 1472 ὑπὲρ

2085 1498 2316 1561 πολλοὺς
2347 1498 2457 1551 τῶν
2535 1496 2736 1566 ἁγίων.
2795 1496 3005 1552 Καθότι
3062 1497 3173 1568 γὰρ
3222 1494 3460 1565 ἐφθανεν
3486 1495 3520 1565 ἡ
3550 1493 3677 1561 ἁγία

2085 1584 2515 1660 Τεσσαρακοστὴ
2544 1587 2652 1641 τῶν
2679 1588 2853 1656 ἁγίων
2879 1586 3168 1657 νηστειῶν,
3211 1587 3313 1639 οὐκ
3341 1585 3570 1654 ἐγεύετό
3596 1600 3677 1637 τι·

2086 1695 2178 1745 νος
2196 1681 2325 1750 ἄχρι
2350 1679 2454 1751 τῆς
2484 1680 2647 1749 ἁγίας
2679 1679 2961 1748 πέμπτης.
2984 1678 3202 1744 Εὐθέως
3217 1677 3275 1733 δέ
3300 1678 3412 1732 ἀπδ
3436 1675 3589 1748 πρωῒ
3615 1677 3676 1746 τῇ

2058 1773 2223 1845 ,ἁγία
2247 1773 2475 1843 πέμπτῃ
2506 1771 2801 1837 ἐκαθέζετο
2831 1773 2909 1836 είς
2938 1772 3028 1825 τὸν
3056 1772 3233 1842 ἱτρᾶν,
3262 1769 3518 1840 τρώγων,
3541 1766 3681 1822 ὥστε

393 1842 708 1909 comedens,
746 1843 884 1898 adeo
914 1851 976 1898 ut
1006 1844 1506 1900 scandalizarentur
1538 1854 1895 1916 spectatores,
1919 1861 1988 1903 eo

2094 1865 2186 1918 καὶ
2214 1866 2280 1918 ἐκ
2311 1862 2519 1918 τούτου·
2537 1863 2992 1928 ἐσκανδαλίζοντο
3029 1864 3080 1917 οἱ
3125 1862 3467 1934 θεωροῦντες
3498 1860 3679 1927 αὐτὸν,

392 1932 541 2003 quod
596 1948 667 1988 ne
716 1934 937 2014 quidem
979 1942 1168 1990 sancta
1221 1934 1361 1991 feria
1421 1936 1616 2007 quinta
1673 1938 1983 2008 jejunabat.

391 2024 635 2080 Joannes
676 2040 807 2081 vero
851 2026 1117 2082 diaconus
1164 2029 1531 2099 cognoscebat
1584 2028 1825 2086 divinam
1865 2031 1991 2102 ejus

392 2128 519 2179 esse
550 2114 949 2185 operationem.
981 2115 1085 2173 Ubi
1108 2131 1240 2189 ergo
1262 2126 1449 2173 sancta
1473 2118 1608 2176 feria
1628 2121 1820 2191 quinta
1847 2122 1989 2177 vidit

393 2220 523 2261 cum
580 2207 774 2263 sedere
807 2209 863 2263 in
915 2209 1039 2275 itra,
1095 2217 1152 2265 et
1195 2210 1487 2267 comedere
1544 2226 1577 2266 a
1616 2212 1793 2282 prima
1840 2213 1985 2281 luce,

395 2298 576 2355 dicit:
618 2298 821 2367 Quanti
865 2300 971 2357 hoc
1018 2309 1124 2369 est,
1185 2302 1345 2358 Sale?
1392 2302 1493 2358 Cui
1550 2304 1662 2373 ille,
1713 2307 1988 2375 prehensa

394 2392 520 2462 ejus
554 2408 752 2460 manu;
790 2394 1021 2451 Follaris
1050 2394 1161 2466 (69)
1184 2397 1307 2466 iste,
1339 2412 1374 2450 ο
1402 2398 1588 2463 stulte,
1624 2400 1990 2472 quadraginta

394 2485 544 2540 valet
588 2485 826 2541 nummis
878 2486 1015 2558 (70),
1049 2488 1363 2560 significans
1395 2505 1494 2560 per
1538 2490 1663 2556 hoc,
1711 2501 1836 2563 post
1870 2493 1989 2549 dies

394 2580 754 2653 quadraginta
795 2596 870 2637 se.
892 2582 1113 2638 demum
1153 2583 1463 2640 comedere.
1514 2583 1738 2641 Daemon
1788 2588 1989 2642 iterum

395 2669 454 2726 in
494 2670 603 2728 alio
654 2673 892 2742 quodam
936 2674 1089 2729 urbis
1140 2674 1383 2745 compito
1421 2674 1685 2746 frequens
1730 2679 1992 2734 versaba-

397 2773 529 2819 tur:
580 2781 745 2836 quem
798 2767 886 2822 die
945 2768 1181 2837 quadam
1211 2768 1347 2823 vidit
1389 2768 1645 2836 Sanctus,
1692 2772 1987 2841 transiens,

394 2857 543 2925 illac,
570 2860 714 2930 quod
749 2859 912 2915 vellet
941 2861 1164 2931 pulsare
1187 2862 1428 2931 aliquem
1467 2876 1680 2928 eorum,
1718 2864 1811 2934 qui
1850 2881 1995 2936 prae-

396 2946 674 3016 teribant;
715 2948 1038 3021 etabreptis
1066 2946 1128 3003 in
1168 2963 1269 3005 suo
1305 2950 1433 3004 sinu
1486 2948 1785 3020 lapidibus,
1825 2949 1995 3020 erepit

396 3054 495 3096 eos
515 3040 781 3113 projicere
821 3041 955 3098 hinc
983 3050 1039 3097 et
1068 3040 1200 3097 inde
1239 3041 1307 3097 ad
1339 3042 1544 3110 formo,
1577 3043 1994 3114 etimpediebat

2087 1956 2165 2020 ὡς
2195 1956 2298 2017 ὅτι,
2329 1956 2516 2026 φησὶν,
2547 1954 2670 2009 οὐδὲ
2702 1954 2801 2027 τὴν
2830 1954 2993 2024 ἁγίαν
3023 1955 3289 2026 πέμπτην
3306 1952 3589 2025 νηστεύει.
3625 1952 3682 2004 '0

2087 2046 2145 2101 δέ
2177 2045 2338 2118 κῢρις
2360 2047 2616 2118 Ἰωάννης
2648 2049 2676 2101 ὁ
2700 2047 2949 2111 διάκονος
2974 2047 3274 2116 ἐγίνωσκεν
3315 2043 3504 2099 ἔνθεον
3545 2038 3683 2098 εἶναι

2088 2136 2187 2208 τὴν
2214 2136 2474 2208 ἐργασίαν
2499 2135 2688 2192 αὑτοῦ.
2733 2136 2820 2196 '0;
2851 2135 2927 2190 ῐδε
2978 2134 3039 2190 δὲ
3067 2133 3231 2189 αὑτὸν
3278 2134 3347 2205 τῇ
3378 2133 3520 2204 ἁγίᾳ.
3549 2131 3686 2200 πέμ-

2091 2244 2200 2299 πτῃ
2226 2225 2596 2297 καθεζόμενον
2650 2227 2731 2290 είς
2755 2226 2847 2280 τὸν
2883 2223 3040 2298 ίτρᾶν
3069 2224 3166 2278 καὶ
3196 2220 3489 2295 τρώγοντα
3522 2217 3684 2291 πρωῒ,

2088 2319 2239 2389 λέγει
2266 2319 2447 2391 αὐτῷ’
2483 2318 2660 2373 Πόσου
2687 2317 2869 2385 τοῦτο,
2902 2317 3076 2382 Σαλέ;
3106 2315 3272 2384 Λέγει
3305 2311 3460 2384 αὐτῷ
3499 2311 3682 2365 κάκεῖ-

2090 2430 2181 2478 νος
2203 2413 2490 2485 κρατήσας
2518 2412 2578 2465 ἐν
2606 2412 2676 2482 τῇ
2704 2410 2849 2483 χειρὶ
2877 2406 3070 2475 αὑτοῦ,
3102 2406 3526 2478 τεσσαράκοντα
3552 2401 3687 2472 ἔχων

2091 2504 2311 2576 νουμία,
2336 2504 2411 2558 Τδ
2441 2502 2689 2575 φολερδν,
2708 2501 2893 2573 ἐξηχε,
2914 2499 3093 2572 δηλῶν
3113 2498 3204 2553 διὰ
3225 2497 3409 2563 τοῦτο,
3447 2496 3542 2551 διὰ
3570 2510 3688 2549 τεσ-

2094 2597 2405 2669 σαράκοντα
2429 2596 2657 2668 ἡμερῶν
2679 2594 2879 2649 ἐσθίειν
2902 2592 3087 2648 αὐτόν.
3128 2587 3494 2662 Ἑφιλοχὼρει
3531 2587 3688 2641 πάλιν

2093 2689 2151 2743 ἐν
2181 2688 2354 2760 ἐτέρῳ
2375 2690 2483 2743 τινὶ
2511 2688 2614 2756 τῆς
2655 2687 2865 2751 πόλεως
2906 2685 3136 2757 ἀμφόδῳ
3185 2684 3420 2754 δαίμων.
3469 2682 3559 2735 Ἐν
3595 2680 3688 2750 μιᾷ

2093 2776 2187 2836 οὖν
2231 2777 2371 2835 εἶδεν
2400 2781 2564 2835 αὐτὸν
2618 2766 2651 2833 ό
2687 2781 2834 2844 ὅσιος
2887 2778 3127 2850 παριὼν,
3177 2776 3405 2831 θέλοντα
3461 2773 3688 2847 κροῦσαι

2093 2886 2218 2927 τινα
2245 2872 2355 2927 τῶν
2381 2871 2829 2944 παρερχομένων,
2860 2870 2955 2926 καί
2974 2869 3159 2924 λαϐὼν
3180 2872 3238 2924 ὲν
3266 2868 3345 2940 τῷ
3373 2868 3570 2939 κόλπῳ
3594 2868 3689 2921 αὐ-

2094 2964 2189 3019 τοῦ
2215 2965 2418 3030 λίθους,
2449 2966 2655 3037 ἤρξατο
2681 2964 2924 3032 λιθάζειν
2955 2964 3112 3019 ἐνθεν
3154 2965 3250 3018 καὶ
3274 2963 3434 3018 ἐνθεν
3460 2964 3545 3026 el;
3594 2962 3690 3033 τὴν

2094 3057 2327 3128 ἀγορὰν,
2364 3058 2459 3111 καὶ
2487 3056 2697 3137 ἐκώλυε
2732 3059 2942 3123 πάντας
2974 3059 3102 3123 τοὺς
3129 3057 3384 3122 θέλοντας
3427 3057 3689 3129 περᾶσαι.

395 3146 614 3198 omnes,
643 3132 734 3203 qui
765 3133 1023 3189 volebant
1066 3133 1333 3190 transire.
1367 3133 1519 3190 Inter
1560 3135 1680 3190 bzec
1724 3135 1988 3191 transibat

399 3222 586 3251 ωηιξη.
628 3239 787 3251 ,ιη-ιι...
813 3223 937 3251 Ληηι
974 3227 1333 3251 ..ιηιιηηηιηηλι
1364 3226 1591 3251 Δ...........·
1659 3228 1819 3251 -..ηει
1863 3243 1962 3251 -..η

2109 3150 2198 3203 Ἐν
2255 3148 2468 3214 τούτοις
2526 3132 2773 3222 παρῆλθε
2823 3149 2995 3217 κύων,
3049 3151 3146 3205 καὶ
3171 3150 3441 3222 ἔκρουσεν
3478 3149 3694 3204 αὐτδνό

396 3222 588 3289 canis;
625 3239 789 3294 quem
811 3223 939 3279 dum
974 3227 1337 3295 percussisset
1361 3226 1613 3290 daemon,
1656 3228 1825 3298 cmpit
1862 3243 2006 3298 spu-_

398 3328 520 3369 mas
547 3314 818 3370 emittere.
855 3314 1015 3372 Tunc
1051 3316 1189 3372 dixit
1220 3316 1479 3372 omnibus
1520 3317 1759 3374 Sanctus
1790 3336 1807 3374 :
1841 3317 1996 3375 Nunc

399 3406 653 3474 transite,
703 3407 875 3465 stulti.
913 3406 1150 3465 Noverat
1203 3408 1355 3466 enim
1396 3410 1481 3464 vir
1529 3410 1990 3481 sapientissimus,

396 3495 567 3565 quod,
592 3496 639 3551 si
677 3497 1022 3555 transivisset
1063 3499 1250 3565 homo,
1287 3500 1610 3570 pulsaturns
1642 3501 1822 3572 ipsum
1857 3501 1996 3557 fuis-

396 3597 486 3644 set
524 3587 786 3663 [daemon]
821 3592 942 3648 loco
979 3593 1173 3658 canis;
1211 3593 1416 3649 idcirco
1443 3594 1837 3666 aliquantisper
1861 3610 1995 3667 pro-

396 3678 579 3735 hibuit
623 3695 720 3737 eos
768 3683 1025 3739 transire.
1060 3682 1234 3739 Totus
1276 3683 1479 3756 quippe
1523 3701 1745 3757 scopus,
1777 3695 1839 3742 ut
1879 3689 1993 3759 jam

397 3770 754 3841 prasdictum,
799 3774 1192 3844 sapientissimi
1239 3777 1407 3846 hujus
1470 3776 1758 3850 Symeonis
1802 3779 1878 3835 ita
1933 3795 1993 3837 se

398 3861 610 3930 habuit,
643 3867 824 3935 primo
848 3867 1093 3937 quidem,
1118 3877 1178 3922 ut
1199 3868 1415 3925 animas
1443 3869 1621 3926 salvas
1647 3870 1854 3926 faceret
1877 3872 1994 3929 sive

395 3972 497 4027 per
521 3957 782 4024 rationes,
809 3974 945 4029 quas
984 3959 1119 4030 ipsis
1158 3961 1408 4030 ridicule,
1451 3962 1539 4018 vel
1579 3964 1822 4035 captiose
1867 3980 1996 4040 sug-

396 4048 657 4118 gerebat;
697 4049 812 4106 sive
851 4066 951 4121 per
998 4051 1445 4125 miracula,.qua:
1484 4055 1606 4112 aliis
1647 4072 1762 4112 non
1794 4059 1996 4114 adver-

397 4141 640 4197 tentibus
672 4145 1060 4214 perpetrabat;
1089 4146 1207 4203 sive
1230 4162 1327 4218 per
1346 4148 1634 4218 promissa,
1664 4165 1806 4220 quae,
1850 4151 1994 4206 stul-

398 4241 514 4286 tum
543 4235 823 4303 mentitus,
854 4234 1185 4307 proferebat.
1207 4237 1415 4294 Deinde
1440 4246 1498 4292 ut
1524 4239 1701 4295 virtus
1728 4241 1851 4311 ejus
1880 4257 1992 4298 non

397 4323 787 4388 innotesceret,
834 4335 889 4381 et
931 4326 1136 4382 nullam
1184 4328 1331 4399 apud
1373 4328 1625 4387 homines
1668 4331 1883 4390 laudem
1935 4345 1993 4390 et

396 4414 624 4484 gloriam
654 4416 946 4485 acciperet.

2092 3245 2327 3315 δαίμων,
2370 3247 2468 3299 καὶ
2511 3245 2719 3316 ἧρξατο
2766 3246 3044 3319 ἀφρίζειν.
3092 3244 3230 3301 Τότε
3284 3245 3436 3316 λέγει
3469 3247 3692 3301 πᾶσινό

2093 3336 2272 3407 ἆγιοςο
2306 3337 2468 3408 Ἀρτι
2490 3335 2816 3409 παρέλθετε,
2852 3337 3061 3410 ἐξηχοι.
3088 3338 3247 3410 ᾚδει
3278 3339 3390 3409 γὰρ
3424 3341 3452 3393 ὀ
3489 3339 3693 3392 πάνσο-

2095 3446 2218 3500 φος,
2234 3431 2319 3483 ὅτι
2346 3432 2396 3484 εἰ
2426 3431 2699 3503 ἐπέρασεν
2723 3431 3038 3503 ἄνθρωπος,
3054 3432 3220 3487 αὑτὸν
3245 3431 3450 3502 ἤμελλε
3474 3431 3696 3503 κρούειν

2093 3525 2123 3578 ὁ
2149 3523 2359 3596 δαίμων
2387 3523 2511 3577 ἀντὶ
2536 3522 2629 3578 τοῦ
2665 3523 2848 3589 κυνὸς,
2876 3524 2965 3578 διὰ
2990 3525 3149 3578 τοῦτο
3173 3524 3455 3579 ἐκώλυσεν
3496 3526 3695 3589 αὐτοὺς

2095 3613 2391 3686 παρελθεῖν
2424 3613 2563 3687 πρὸς
2590 3613 2789 3685 βραχύ.
2822 3615 2987 3680 Ὂλος
3021 3617 3119 3686 μὲν
3147 3613 3245 3670 οὖν
3286 3618 3317 3669 ὁ
3347 3616 3590 3683 σκοπὸς,
3620 3616 3695 3681 ὡς

2094 3708 2198 3779 ἤδη
2224 3707 2574 3779 προείρηται,
2603 3706 2699 3760 τοῦ
2726 3707 3005 3779 πανσόφου
3038 3706 3234 3762 τούτου
3259 3706 3493 3779 Συμεὼν
3522 3708 3693 3772 οὕτως

2096 3800 2342 3870 ὑπῆρχεο
2392 3797 2612 3870 πρῶτον
2669 3798 2770 3870 μέν
2817 3800 2897 3862 εἰς
2922 3799 2986 3852 τὸ
3034 3798 3208 3854 σῶσαι
3246 3800 3450 3871 ψυχὰς,
3491 3802 3607 3855 εἶτε
3631 3799 3697 3853 δι’

2096 3887 2417 3960 ἐπιφορῶν,
2470 3880 2546 3942 ὧν
2576 3888 2772 3951 αὐταῖς
2831 3887 3141 3956 γελοιοδῶς,
3195 3888 3230 3958 ἢ
3292 3888 3696 3960 μεθοδευτικῶς

2097 3978 2371 4049 ἔπεμπεν,
2400 3978 2511 4032 εἴτε
2544 3977 2708 4032 πάλιν
2736 3978 2825 4031 διὰ
2860 3977 3181 4046 θαυμάτων,
3223 3972 3301 4034 ὧν
3318 3982 3572 4050 ἀνοήτως
3606 3983 3699 4035 ἐπ-

2096 4071 2329 4139 έστειλε,
2366 4073 2477 4126 εἴτε
2510 4072 2602 4127 διὰ
2636 4072 3052 4144 παραγγελιῶν,
3081 4066 3160 4128 ὧν
3191 4075 3330 4146 πρὸς
3351 4076 3562 4141 αὐτοὺς
3589 4094 3701 4146 μωο

2099 4164 2340 4236 ροποιῶν
2388 4163 2579 4234 ἔλεγεν
2614 4178 2629 4194 ⁸
2674 4166 2867 4220 ἔπειτα
2909 4165 2965 4219 δέ
2994 4165 3084 4221 ἵνα
3108 4165 3186 4239 μὴ
3209 4167 3429 4240 γνωσθῇ
3462 4168 3637 4222 αὐτοῦ
3666 4170 3699 4239 ἠ

2096 4258 2291 4329 ἁρετὴ,
2344 4258 2438 4312 καλ⁵
2470 4256 2611 4331 λάϐῃ
2648 4258 2873 4313 ἔπαινον
2900 4258 3054 4330 παρὰ
3099 4257 3412 4332 ἀνθρώπων
3465 4264 3567 4321 καὶ
3617 4278 3699 4315 τι·

2099 4352 2225 4424 μήν.
2276 4434 2281 4441 ,

467 4508 557 4562 48.
596 4508 733 4564 Nam
782 4525 906 4565 cum
954 4512 1007 4567 in
1062 4513 1298 4585 quodam
1346 4516 1468 4572 vico
1510 4516 1705 4586 puellze
1758 4518 1988 4575 choreas

2172 4537 2287 4603 μη’.
2330 4530 2681 4604 Χορευόντων
2721 4529 2830 4602 γὰρ
2872 4530 2932 4583 ἐν
2968 4530 3081 4602 ,μιᾷ
3125 4527 3326 4602 [ῥύμῃ]
3396 4527 3700 4599 κορασίων,

396 4598 683 4665 ducerent,
720 4613 774 4657 et
814 4618 1104 4659 numerum
1135 4605 1337 4660 inirent
1361 4606 1572 4673 ,visum
1595 4616 1681 4662 est
1716 4607 1764 4663 ei
1803 4618 1989 4665 trans-

398 4691 481 4746 ire
525 4707 623 4762 per
675 4693 826 4748 illum
865 4695 1068 4750 vicum.
1114 4697 1215 4753 Ubi
1271 4713 1396 4753 eum
1443 4711 1870 4770 conspexerunt,
1897 4718 1991 4758 ac-

395 4798 624 4839 censere
654 4800 778 4840 eum
813 4785 1259 4862 [colludentibus]
1290 4790 1400 4861 (Ἡ)
1427 4801 1734 4861 cmperunt.
1762 4790 1858 4847 Vir
1887 4795 1992 4849 ita-

397 4877 724 4946 quejustus,
753 4878 891 4934 fusis
921 4881 1197 4950 precibus,
1225 4881 1415 4937 volens
1435 4897 1530 4938 eas
1559 4882 1703 4956 frugi
1735 4885 1992 4951 reddere,

395 4981 525 5025 mox
560 4984 755 5026 omnes
797 4971 929 5028 fecit
966 4973 1296 5041 strabones;
1340 4975 1583 5045 dumque
1626 4976 1772 5032 inter
1802 4992 1862 5033 se
1899 4993 1993 5034 re-

2099 4626 2196 4680 καὶ
2227 4624 2644 4694 καταλεγόντων
2671 4623 2876 4683 αὐτῶν.
2907 4621 3091 4688 ἔδοξεν
3116 4622 3269 4693 αὑτῷ
3312 4621 3699 4695 παρέρχεσθαι

2099 4718 2166 4774 δι’
2195 4717 2416 4783 ἐκείνης
2439 4717 2538 4787 τῆς
2576 4716 2777 4789 ῥύμης.
2818 4715 2905 4780 Ὦς
2926 4711 3019 4770 οὖν
3041 4711 3185 4770 εἶδον
3226 4714 3414 4778 αὑτὸν,
3464 4713 3704 4785 ἤρξαντο

2094 4809 2423 4878 καταλέγειν
2463 4811 2547 4871 είς
2576 4807 2843 4873 ἀὸὅάδας.
2880 4808 3200 4879 Εὑξάιμενος
3245 4802 3341 4860 οὖν
3383 4807 3413 4860 ὁ
3443 4805 3662 4867 δίκαιος
3684 4842 3700 4869 ,

2091 4905 2263 4960 θέλων
2292 4900 2629 4972 σωφρονίσαι
2665 4901 2858 4968 αὑτὰς,
2894 4899 3104 4962 εὐθέως
3138 4896 3500 4971 ἐστραύωσεν
3547 4896 3701 4960 ὅλας,

2092 4996 2187 5052 καὶ
2211 4995 2289 5061 ὡς
2316 4994 2556 5066 ἤρξαντο
2599 4993 2862 5064 ἀλλήλαις
2909 4993 3094 5062 λέγειν
3127 4992 3190 5046 τὸ
3246 4991 3467 5062 ωμσὰν
3504 4991 3702 5053 αὐταῖς

1939 5149 2175 5211 ΝΟΤᾺΕ.

468 5254 581 5331 (ti?)
616 5253 721 5331 Per
748 5271 1030 5331 apocopen
1075 5256 1259 5331 lonice
1292 5275 1391 5330 pro
1412 5259 1591 5331 ἔνεστι
1622 5262 1846 5331 ponitur
1883 5265 1982 5320 ἔνι.

468 5324 584 5392 468)
856 5324 1010 5398 ίτρᾶν
1034 5328 1235 5403 _nullibi
1280 5324 1695 5403 reperio._Qtiid
1726 5334 1770 5386 si
1810 5350 1985 5403 pona-

399 5403 488 5467 tur
530 5410 631 5464 pro
666 5397 857 5466 ἰτρίον,
901 5397 1051 5467 quod
1109 5413 1243 5454 mss.
1294 5397 1708 5456 Graeco-Latina
1762 5397 1985 5462 vet-lunt

396 5464 583 5519 itrium
621 5464 849 5520 tractum
893 5464 1069 5530 ἰκρίον
1098 5469 1673 5527 emendatSalmasius
1698 5475 1763 5530 ad
1787 5475 1980 5530 histor.

397 5535 630 5619 August.
681 5552 804 5619 pag.
856 5535 964 5619 155
986 5550 1044 5595 et
1066 5539 1342 5619 pergula»;
1388 5540 1801 5619 interpretatur.
1849 5544 1985 5603 Vide

398 5602 730 5686 lies‘ylc‘hiluin
756 5602 816 5662 in
860 5607 1029 5679 ἴτριον
1061 5602 1117 5666 et
1146 5602 1477 5686 Favorinum
1510 5602 1567 5666 iit
1598 5613 1765 5686 ἵτρον.

475 5672 807 5758 (θεηςξοηυε
833 5672 954 5758 _est_
975 5690 1232 5758 monetae,
1278 5682 1347 5758 de
1379 5697 1489 5751 quo
1523 5672 1748 5758 cons'ule
1798 5687 1983 5758 tiangii

403 5741 702 5826 ξξῖξθξξδξῖεξε
759 5745 854 5825 ubi
882 5741 1413 5826 _plurima_cnriose
1446 5756 1743 5826 congessit.
1799 5741 1987 5826 Ιιιρρῖθ

403 5808 570 5880 igitur
588 5807 778 5866 Latine
809 5807 1020 5872 videtur
1042 5818 1177 5872 verti
1206 5821 1525 5876 esculentum
1554 5807 1987 5894 Bpud'suéitﬁii;

2166 5271 2280 5343 (70)
2307 5272 2726 5348 Nummushpatls
2742 5268 2944 5348 Atcrtia'
2973 5276 3081 5348 est.
3103 5266 3453 5348 qttatlrantis,
3502 5265 3702 5348 talenti

2090 5337 2275 5399 autem
2306 5359 2402 5398 seu
2447 5337 2615 5397 solidi
2648 5338 2865 5407 18,000.
2900 5338 3037 5393 Nam
3070 5339 3123 5393 in
3149 5346 3228 5392 tot
3265 5337 3466 5408 νουμία
3501 5337 3699 5401 dividi,

2092 5415 2352 5469 observat
2380 5410 2703 5483 Hesychius.

2166 5485 2278 5553 (71)
2314 5484 2456 5550 Quid
2490 5475 2593 5537 sibi
2627 5481 2749 5553 vult
2771 5481 2850 5543 είς
2903 5479 3192 5553 ὰόῦάδαςῗ
3228 5475 3699 5553 luterprcs_apud

2094 5549 2322 5611 Surium
2344 5549 2564 5624 accepit
2599 5569 2699 5623 pro
2732 5551 2850 5606 lusu
2892 5550 3239 5624 calculorum,
3274 5564 3386 5617 quo
3423 5549 3697 5624 calente.

2092 5642 2202 5696 quo
2240 5625 2396 5688 vade,
2429 5617 2539 5694 quo
2571 5617 2978 5696 teste,__nescio.
3032 5619 3123 5674 Sic
3158 5620 3343 5696 itaque
3386 5617 3563 5696 reddit
3601 5617 3704 5671 La-

2096 5690 2207 5751 tine
2240 5696 2387 5749 hunc
2416 5690 2641 5750 atansum
2675 5735 2686 5746 .
2718 5693 2783 5747 ΕΙ
2815 5701 3078 5760 (ceperunt
3106 5707 3222 5760 eum
3250 5690 3514 5760 refert-ein
3542 5696 3703 5743 cata-

2101 5766 2274 5837 logum
2295 5780 2493 5827 eorum,
2515 5765 2603 5838 qui
2634 5773 2784 5819 erant
2824 5762 2991 5817 Mauri
3024 5759 3263 5816 calculis.
