3976 6474
388 399 521 465 1729
869 413 874 416 '
1673 395 1848 458 VITA
1889 392 1954 453 S.
1982 389 2384 452 SYMEONIS.
3519 389 3656 454 1730

385 508 575 566 κακον,
597 504 842 572 ἔγνωσαν
864 507 947 559 ὅτι
973 506 1133 570 αὐτὸς
1157 504 1327 568 αὐτὰς
1351 504 1690 577 ὲστραύωσε,
1712 504 1808 557 καὶ
1835 519 1970 556 κατ-

2099 515 2218 556 erre
2255 499 2564 570 inciperent
2590 498 2983 570 malum,quod
3011 498 3115 555 sibi
3141 510 3422 564 evenerat,
3453 499 3660 573 cogno-

385 601 605 672 ἔτρεχον
629 598 778 668 αὐτῷ
811 597 1098 650 κλαίουσαι
1120 598 1298 650 ὀπίσω
1325 597 1490 651 αὐτοῦ
1515 597 1610 650 καὶ
1641 594 1966 666 κράζουσαι·

2099 603 2269 648 erunt
2321 593 2391 647 ab
2441 593 2562 663 ipso
2611 593 2876 649 distortos
2939 592 3044 648 sibi
3105 592 3275 649 fuisse
3328 595 3535 649 oculos.
3597 597 3663 652 Et

398 689 708 754 Ἀνάλυσον,
735 690 892 752 Σαλὲ,
913 690 1200 743 ἁνάλυσον.
1225 688 1512 756 Ἐνόμιζον
1537 687 1648 757 γάρ
1669 685 1837 739 αὐτὸν
1862 685 1970 738 άπὸ

2103 695 2428 744 ccurrerunt
2454 685 2648 741 ﬂentes
2693 694 2815 756 post
2857 686 3036 754 ipsum
3067 695 3123 740 et
3152 685 3452 740 clamantes
3485 703 3498 740 :
3538 687 3662 741 Dis-

385 779 672 839 ὲπιλαλιᾶς
708 777 1028 847 στραυῶσαι
1081 777 1276 840 αὐτάς.
1316 777 1406 840 Ὠς
1444 775 1540 830 οὖν
1587 776 1836 844 ἔφθασαν
1869 773 1970 828 αὐ-

2099 781 2240 845 olve,
2273 779 2418 843 Sale,
2450 779 2711 835 dissolve.
2779 778 3051 834 Putabant
3073 777 3217 832 enim
3252 779 3540 832 strabones
3592 779 3662 832 ab

384 871 497 934 τὸν,
517 869 833 940 ἐκράτησαν
855 867 1019 920 αὐτὸν
1046 866 1156 939 βίᾳ.
1184 869 1295 921 Kal
1317 867 1559 938 ῶρκιζον
1583 867 1673 922 ἵνα
1689 866 1970 931 ἁναλύσει,

2099 875 2165 929 llo
2194 889 2254 929 se
2303 888 2426 928 esse
2483 871 2662 927 factas
2706 886 2807 941 per
2853 871 3148 925 verborum
3207 869 3660 924 incantationcm.

386 963 575 1032 φησὶν,
606 962 666 1014 τὸ
699 960 880 1031 ἔδησε.
912 960 1077 1027 Λέγει
1102 955 1199 1014 οὖν
1237 961 1431 1022 αὐταῖς
1474 959 1686 1023 παίζων
1711 976 1726 991 ο
1758 959 1858 1013 Οἴα
1886 958 1974 1011 θέ-

2099 967 2242 1037 gitur
2273 966 2339 1021 ad
2371 967 2521 1021 illum
2556 965 2835 1030 digressae,
2886 970 3182 1018 tenuerunt
3209 976 3335 1016 cum
3365 961 3441 1026 vi,
3475 971 3530 1014 et
3563 961 3664 1014 ad-

386 1056 467 1108 λει
501 1053 561 1118 ἐξ
595 1054 751 1124 ὑμῶν
808 1054 1051 1122 ὐγιᾶναι,
1111 1053 1326 1124 φιλήσω
1353 1053 1447 1106 τὸν
1475 1051 1755 1122 ὀφθαλμὸν
1802 1051 1975 1120 αὐτῆς

2099 1049 2351 1122 urarunt,
2384 1066 2444 1112 ut
2469 1056 2796 1110 dissolveret
2820 1054 2963 1123 quod
3009 1053 3287 1122 ligaverat.
3315 1049 3456 1104 Dicit
3481 1049 3666 1117 itaque

339 1147 478 1208 ὶτὸν
509 1146 918 1216 στραυωθέντα,
955 1146 1050 1199 καὶ
1087 1145 1342 1214 ὑγιαίνει.
1377 1145 1551 1209 Ὅσας
1579 1139 1672 1199 οῦν
1707 1144 1976 1216 ἠθέλησεν

388 1241 417 1292 6
438 1237 592 1300 Θεὸς,
631 1238 721 1292 ἵνα
752 1238 1040 1306 ὑγιάνωσι,
1074 1237 1243 1306 φησὶν
1269 1238 1298 1290 6
1344 1237 1493 1299 ὅσιος
1516 1275 1530 1299 ,
1592 1233 1974 1300 κατεδέξαντο,

390 1327 448 1380 αἱ
475 1327 533 1380 δὲ
552 1326 759 1391 λοιπαὶ,
791 1327 846 1378 αί
881 1325 956 1397 μὴ
983 1325 1416 1395 καταδεξάμεναι
1441 1325 1529 1378 ἵνα
1549 1323 1754 1395 φιλήσῃ
1781 1323 1976 1386 αὐτὰς,

391 1417 615 1487 ἔμειναν
640 1415 812 1478 οὕτως
841 1415 1148 1470 κλαίουσαι.
1182 1415 1339 1469 Μετὰ
1385 1408 1480 1468 οῦν
1513 1415 1572 1468 τὸ
1623 1413 1976 1483 ἀναχωρῆσαι

393 1507 557 1561 αὐτὸν
575 1507 670 1560 ἀπ’
697 1507 880 1560 αὐτῶν
907 1507 1108 1573 ὀλίγον,
1125 1506 1360 1576 ἤρξαντο
1390 1507 1487 1560 καὶ
1516 1508 1570 1560 al
1597 1507 1782 1559 λοιπαὶ
1807 1521 1970 1558 κατα-

393 1597 607 1667 τρέχειν
640 1594 829 1664 αὐξτοῦ,
880 1596 977 1650 καὶ
1027 1597 1280 1667 κράζειν·
1329 1600 1547 1659 Μεῖνον,
1581 1596 1740 1652 Σαλὲ.
1775 1599 1978 1667 μεῖνον,

393 1685 486 1738 τὸν
517 1684 672 1748 Θεὸν,
715 1686 922 1754 μεῖνον,
955 1683 1184 1756 φίλησον
1224 1685 1319 1740 καὶ
1343 1688 1513 1755 ἡμᾶς.
1539 1681 1647 1740 Ἦν
1704 1685 1799 1739 οῦν
1853 1687 1981 1739 ἰδεῖν

393 1776 484 1830 τὸν
513 1777 753 1847 Γέροντα
771 1777 1061 1847 τρέχοντα,
1081 1778 1295 1840 καὶτὰς
1317 1777 1567 1840 νεάνιδας
1590 1778 1766 1831 ὀπίσω
1793 1776 1977 1831 αὐτοῦ.

2075 1151 2184 1206 illis
2213 1149 2445 1206 ludens:
2501 1148 2854 1216 Quaecunque
2886 1162 2954 1201 ex
2992 1145 3148 1201 vobis
3179 1144 3296 1198 vult
3327 1143 3530 1199 sanari.
3573 1158 3666 1196 os—

2076 1245 2299 1300 culabor
2342 1243 2561 1297 oculum
2609 1241 2730 1309 ejus
2759 1239 3027 1300 strabum,
3072 1246 3128 1292 et
3171 1235 3470 1290 sanabitur.
3495 1235 3665 1300 Quot-

2077 1345 2213 1403 quot
2257 1348 2388 1404 ergo
2433 1332 2607 1388 voluit
2655 1330 2800 1386 Deus
2871 1339 2934 1384 ut
2986 1337 3337 1386 sanarentur.
3385 1327 3669 1396 inquiebat

2080 1426 2336 1485 Sanctus.
2392 1423 2734 1492 accipiebant
2769 1420 3182 1483 conditionem,
3233 1419 3457 1488 reliquie
3516 1434 3666 1477 vero.

2080 1533 2204 1586 quae
2224 1531 2335 1570 non
2355 1514 2747 1586 permiserunt.
2789 1521 2848 1565 ut
2891 1526 2951 1564 se
2983 1511 3344 1573 oscularetur,
3371 1510 3671 1563 manebant

2082 1609 2164 1665 sic
2190 1607 2579 1667 ﬂentes.Dum
2625 1603 2924 1674 pauxillum
2965 1601 3148 1669 itaque
3179 1601 3247 1654 ab
3281 1600 3347 1654 iis
3387 1609 3535 1654 esset
3584 1600 3668 1653 di-

2083 1713 2324 1770 gressus,
2375 1703 2664 1765 coeperunt
2705 1702 2761 1748 et
2804 1693 3044 1761 reliquae
3060 1691 3127 1744 ad
3165 1691 3319 1743 illum
3350 1704 3594 1751 currere,
3618 1698 3675 1743 et
3778 1759 3784 1766 η

2082 1789 2319 1845 clamare
2345 1807 2358 1843 :
2391 1787 2570 1850 Mane,
2603 1785 2750 1848 Sale,
2779 1798 2960 1847 mane,
2984 1796 3081 1852 per
3098 1783 3270 1835 Deum
3300 1795 3482 1844 mane,
3511 1795 3675 1834 oscu-

397 1869 506 1921 Kal
537 1868 586 1919 οί
641 1867 742 1938 μὲν
783 1868 970 1937 ἔλεγον
1001 1869 1085 1922 ὅτι
1139 1869 1396 1934 παίζουσι
1431 1869 1550 1939 μετ’
1593 1868 1758 1922 αὐτοῦ
1782 1885 1794 1897 ·
1846 1870 1898 1921 οἱ
1925 1869 1982 1922 δὲ

2099 1895 2200 1934 ατε
2235 1887 2292 1934 et
2319 1894 2440 1933 nos.
2480 1877 2676 1931 Videre
2724 1875 2889 1946 igitur
2937 1883 3056 1928 erat
3102 1886 3289 1927 senem
3334 1881 3672 1937 currentem,

361 1977 374 1983 ·
396 1960 725 2027 ἐλογίζοντο,
749 1961 831 2012 ὅτι
854 1959 1210 2030 ὲξηχὼθησαν
1229 1963 1325 2015 καὶ
1347 1961 1418 2014 τὰ
1439 1961 1695 2032 κοράσια.
1720 1963 1985 2032 Ἔμειναν

396 2049 490 2106 οὖν
519 2051 694 2116 οὕτως
748 2051 1102 2121 ἀθεράπευτα
1153 2053 1244 2106 διὰ
1297 2054 1519 2116 παντός.
1557 2053 1788 2120 Ἔλεγεν
1817 2053 1925 2123 γάρ
1957 2053 1986 2105 ὀ

396 2144 564 2206 ὅσιος,
593 2143 654 2196 Εἰ
695 2143 770 2213 μὴ
797 2142 1148 2214 ὲστράόωσεν
1178 2143 1349 2207 αὐτὰς
1393 2145 1420 2195 ό
1465 2144 1629 2210 Θεὸς,
1675 2144 1987 2215 ὑπερόᾶλαι

398 2230 547 2306 εἶχον
582 2240 661 2300 εἰς
689 2237 932 2290 ἀσωτίαν
961 2236 1146 2299 πάσας
1165 2237 1265 2301 τὰς
1285 2239 1554 2304 γυναῖκας
1578 2237 1802 2308 Συρίας.
1824 2236 1988 2292 Ἀλλά

397 2328 490 2381 διὰ
523 2327 622 2397 τῆς
649 2329 806 2380 νόσου
857 2326 966 2379 τῶν
1025 2327 1325 2396 ὀφθαλμῶν
1371 2327 1552 2381 αὐτῶν
1594 2328 1887 2382 ὲνδίδουσιν
1925 2329 1990 2382 ὲκ

398 2420 510 2472 τῶν
543 2419 754 2472 πολλῶν
784 2420 998 2474 κακῶν.
1031 2419 1324 2472 Ἐκάλεσεν
1347 2419 1510 2474 αὐτὸν
1548 2419 1698 2485 ἅπαξ
1736 2423 1816 2485 είς
1863 2422 1988 2492 ἄρι-

402 2528 530 2566 στον
553 2513 582 2564 6
621 2512 781 2583 κῦρις
805 2512 1082 2582 Ἰωάννης,
1113 2512 1141 2564 6
1161 2511 1315 2579 φίλος
1337 2511 1527 2576 αὐτοῦ,
1559 2514 1654 2566 καὶ
1682 2513 1992 2584 ἐκρέμαντο

399 2605 522 2656 ἐκεῖ
551 2602 764 2674 λαρδία.
794 2603 1035 2670 Ἤρξατο
1067 2599 1163 2654 οὖν
1187 2603 1410 2656 κόπτειν
1437 2603 1531 2656 καὶ
1573 2601 1808 2673 τρώγειν
1840 2601 1991 2672 ὠμὸν

398 2691 463 2744 τὸ
489 2691 708 2764 λαρδίον
740 2695 769 2746 6
801 2693 974 2754 ἀόϐἅς
1023 2691 1271 2762 Συμεών.
1310 2692 1368 2746 '0
1405 2692 1464 2745 δὲ
1513 2693 1785 2760 πάνσοφος
1811 2693 1994 2748 Ἰωάν-

400 2801 522 2856 νης,
558 2784 632 2855 μὴ
653 2784 823 2838 θέλων
856 2785 995 2854 μετά
1023 2784 1274 2854 κραυγῆς
1303 2801 1357 2837 τι
1395 2786 1574 2838 εἰπεῖν
1615 2784 1802 2856 αὐτῷ,
1835 2786 1994 2855 ἐγγί-

402 2891 505 2938 σας
533 2875 668 2947 πρὸς
696 2876 758 2929 τὸ
777 2871 870 2939 οῦς
899 2877 1090 2941 αὐτοῦ,
1119 2876 1270 2945 λέγει
1296 2875 1446 2947 αὐτῷ
1470 2891 1484 2906 ·
1520 2876 1726 2940 Ὄντως
1748 2876 1808 2928 οὐ
1828 2893 1994 2930 σκαν-

401 2965 643 3032 δαλίζεις
673 2984 762 3037 με,
792 2968 886 3021 ἐάν
921 2967 1103 3038 φάγῃς
1138 2967 1248 3021 ἀπὸ
1274 2968 1548 3038 καμηλίου
1575 2968 1759 3038 ὠμὸν,
1806 2968 1994 3022 λοιπὸν

403 3058 458 3111 εἴ
483 3078 537 3113 τι
571 3059 752 3130 θέλῃς,
811 3060 1058 3131 ποίησον.
1121 3060 1458 3128 Ἐγίνωσκεν
1488 3061 1598 3134 γάρ
1650 3062 1753 3133 τὴν
1791 3061 1994 3133 ἀρετὴν

2086 1981 2140 2027 et
2165 1971 2359 2042 puellae
2386 1979 2510 2040 post
2538 1969 2737 2038 ipsum.
2783 1966 2850 2020 Et
2883 1965 2939 2020 hi
2974 1964 3192 2034 quidem
3222 1961 3500 2024 dicebant,
3525 1961 3675 2031 quod

2087 2064 2282 2135 puellae
2311 2063 2491 2133 ipsum
2521 2061 2809 2122 luderent,
2846 2059 2923 2113 illi
2958 2055 3291 2127 cogitabant,
3322 2053 3467 2123 quod
3507 2055 3674 2110 etiam

2088 2158 2220 2227 ipsa;
2250 2163 2430 2210 emota
2460 2159 2649 2209 essent
2675 2160 2880 2206 mente.
2915 2149 3092 2219 Atque
3141 2150 3214 2204 ita
3259 2150 3315 2204 in
3343 2158 3674 2219 perpetuum

2087 2262 2199 2303 non
2235 2255 2439 2302 sanata
2467 2250 2912 2315 permanserunt.
2954 2239 3178 2296 Dicebat
3204 2241 3353 2296 enim
3399 2239 3674 2294 Sanctus:

2089 2340 2203 2395 Nisi
2237 2339 2526 2395 strabones
2567 2337 2686 2390 illas
2729 2335 2956 2390 fecisset
2994 2333 3161 2398 Deus,
3210 2332 3453 2386 futurum
3489 2329 3676 2395 luisse,

2090 2438 2151 2484 ut
2184 2444 2400 2483 morum
2440 2426 2660 2482 licentia
2705 2439 2900 2480 omnes
2943 2420 3112 2493 Syriae
3155 2421 3418 2476 mulieres
3447 2435 3681 2489 supcra-

2091 2529 2242 2588 rent;
2287 2518 2381 2574 sed
2427 2533 2526 2588 per
2571 2515 2826 2570 morbum
2868 2513 3153 2568 oculorum
3191 2510 3372 2566 multa
3399 2524 3494 2563 eas
3537 2507 3680 2561 mala

2087 2610 2417 2666 declinasse.
2456 2605 2714 2662 Invitavit
2753 2605 2932 2674 ipsum
2973 2601 3207 2672 quadam
3251 2599 3373 2654 vice
3411 2598 3480 2652 ad
3509 2611 3682 2667 pran-

2091 2701 2243 2756 dium
2290 2699 2551 2760 Joannes,
2590 2695 2801 2750 amicus
2858 2693 2999 2762 ejus,
3048 2701 3106 2746 et
3155 2705 3420 2760 suspensa
3477 2689 3682 2744 ibidem

2092 2801 2251 2849 erant
2299 2790 2491 2845 larida.
2553 2787 2730 2857 Crepit
2770 2786 2934 2856 igitur
2980 2783 3234 2839 scindere
3279 2790 3334 2835 et
3389 2779 3685 2835 comedere

2093 2884 2325 2940 crudum
2384 2880 2620 2936 laridum
2668 2879 2836 2934 abbas
2894 2874 3156 2946 Symeon.
3221 2870 3679 2942 Sapientissimus

2093 2992 2225 3033 vero
2252 2975 2512 3038 Joannes,
2555 2972 2750 3027 nolens
2784 2969 2888 3039 ipsi
2930 2966 3134 3037 aliquid
3183 2965 3369 3021 dicere
3417 2964 3682 3027 clamose,

2089 3065 2364 3122 accedens
2387 3065 2456 3119 ad
2481 3077 2672 3119 aurem
2708 3061 2849 3130 ejus,
2886 3059 3058 3113 dicit:
3090 3056 3244 3111 Haud
3267 3071 3400 3111 sane
3425 3053 3688 3109 seandalo

402 3150 501 3206 τοῦ
535 3151 729 3213 Σαλοῦ,
775 3150 909 3204 διότι
934 3151 1303 3221 πνευματικὸς
1339 3151 1630 3221 ἄνθρωπος
1680 3153 1776 3208 καὶ
1833 3153 1995 3216 αὐτὸς

2099 3158 2238 3214 mibi
2278 3171 2360 3221 es,
2433 3153 2654 3210 tametsi
2687 3151 2917 3207 crudum
2955 3164 2987 3204 e
3030 3147 3246 3202 camino
3283 3144 3562 3200 comedas.
3614 3143 3692 3197 De

405 3241 679 3314 ὑπῆρχεν.

484 3421 593 3492 μθ’.
623 3415 830 3474 1Ἠλθόν
860 3419 993 3473 ποτέ
1023 3436 1169 3482 τινες
1207 3419 1495 3490 Ἐμεσενοὶ
1523 3419 1579 3471 ὲν
1615 3421 1681 3489 τῇ
1723 3418 1856 3488 ἁγίᾳ
1888 3419 2000 3470 Πα-

409 3512 608 3585 σχαλίᾳ
638 3513 718 3576 είς
751 3512 849 3583 τὴν
882 3511 1046 3580 ἁγίαν
1079 3509 1234 3564 πόλιν
1254 3510 1536 3580 ἑορτάσαι,
1574 3503 1650 3564 ὧν
1685 3511 1713 3561 6
1745 3504 1824 3571 εἷς
1864 3525 1998 3560 κατ-

406 3603 573 3676 ῆλθεν
596 3605 677 3667 εἰς
708 3602 801 3655 τὸν
831 3601 985 3670 ἆγιον
1012 3600 1288 3674 Ἰορδάνην
1318 3597 1602 3664 εῦξασθαι.
1627 3597 1738 3650 Kal
1769 3613 2000 3668 περιερ-

408 3697 642 3768 χόμενος
673 3695 800 3757 τοὺς
825 3691 1098 3762 Πατέρας,
1128 3692 1309 3762 ᾐτεῖτο
1337 3688 1612 3756 εὐλογίαν.
1662 3687 1873 3756 Συνέϐη
1906 3682 2001 3741 οῦν

409 3789 509 3842 καὶ
532 3787 624 3840 τὸν
643 3785 817 3840 ἀόὅᾶν
840 3784 1096 3853 Ἰωάννην
1121 3783 1212 3836 τὸν
1231 3781 1458 3851 ἀδελφὸν
1478 3780 1574 3834 τοῦ
1600 3779 1746 3834 ἁϐόᾶ
1774 3778 2000 3849 Συμεὼν

411 3878 726 3947 ἀπαντῆσαι
759 3877 882 3930 κατ’
925 3871 1238 3943 οἰκονομίαν
1270 3871 1364 3924 τοῦ
1423 3867 1594 3934 Θεοῦ,
1629 3869 1708 3940 τῷ
1738 3885 2000 3939 πραγμαο

409 3971 577 4039 τευτῇ
618 3969 698 4031 εἰς
727 3967 826 4037 τὴν
855 3966 1080 4037 ἔρημον.
1119 3965 1206 4028 Ὠς
1230 3965 1288 4018 δὲ
1315 3959 1455 4016 εἶδεν
1484 3963 1649 4016 αὐτὸν
1681 3962 1710 4014 ό
1741 3978 2001 4032 πραγμαο

408 4061 633 4131 τευτὴς,
665 4059 888 4132 ἔρριψεν
934 4056 1130 4111 ἑαυτὸν
1183 4055 1384 4128 χαμαὶ,
1423 4052 1595 4108 αἰτῶν
1650 4052 1819 4123 εὐχὴν
1871 4051 2001 4122 παρ’

410 4153 604 4211 αὑτοῦ.
638 4153 805 4222 Λέγει
831 4151 981 4222 αὐτῷ
1005 4153 1033 4203 6
1056 4149 1231 4212 ἀὸϐᾶς
1270 4150 1543 4218 Ἰωάννης·
1579 4145 1755 4200 Πόθεν
1784 4142 1866 4210 εἷ;
1901 4145 2003 4198 Λέ·

411 4264 504 4319 γει
538 4245 689 4314 αὐτῷ
730 4246 961 4307 ἐκεῖνος·
1001 4240 1137 4294 Ἀπὸ
1178 4240 1437 4310 Ἐμέσης,
1473 4239 1676 4308 Πάτερ.
1719 4236 1855 4290 Τότε
1895 4236 2003 4288 ἀπ-

412 4337 611 4410 εκρίθη
660 4336 810 4405 αὐτῷ
831 4351 844 4364 ’
876 4335 986 4390 Kal
1012 4333 1150 4404 ἔχων
1183 4333 1302 4385 ἐκεῖ
1342 4333 1434 4384 τὸν
1461 4330 1636 4384 aeson
1660 4328 1888 4400 Συμεὼν
1911 4329 2004 4382 τὸν

412 4431 711 4501 λεγόμενον
743 4429 930 4493 Σαλὸν,
985 4426 1045 4492 ἐξ
1091 4425 1226 4496 ἐμοῦ
1264 4424 1366 4496 ,τοῦ
1403 4421 1664 4476 ταπεινοῦ
1695 4421 1750 4474 τί
1776 4422 1958 4492 ζητεῖς
1987 4437 2003 4486 ;

2104 3259 2304 3306 caetero
2351 3248 2438 3303 fac
2464 3246 2608 3316 quod
2641 3243 2825 3318 lubet;
2856 3247 3018 3295 norat
3063 3238 3210 3294 enim
3255 3233 3367 3290 Sali
3393 3234 3690 3299 virtutem;

2107 3348 2397 3412 propterea
2427 3337 2570 3408 quod
2602 3343 2659 3389 et
2687 3335 2808 3404 ipse
2840 3333 2925 3387 vir
2959 3328 3256 3400 spiritualis
3277 3333 3442 3383 ess'et.

2175 3435 2266 3488 49.
2309 3432 2593 3485 Venerunt
2629 3425 2926 3496 aliquando
2963 3420 3214 3476 nonnulli
3239 3416 3490 3473 Emeseni
3520 3416 3574 3472 in
3596 3431 3693 3472 so-

2105 3523 2390 3579 lemnitate
2443 3528 2635 3575 sancta
2673 3513 2936 3587 paschali,
2987 3512 3056 3567 ad
3107 3517 3353 3566 sanctam
3413 3507 3696 3565 civitatem

2103 3612 2432 3671 celebraturi
2465 3611 2688 3672 festum,
2737 3619 2971 3676 quorum
3009 3617 3154 3657 unus
3209 3599 3306 3654 ivit
3335 3599 3403 3654 ad
3437 3609 3693 3654 sanctum

2104 3705 2400 3761 Jordanem
2434 3709 2497 3757 ut
2525 3707 2726 3755 oraret.
2763 3698 2828 3751 Et
2854 3692 3188 3748 circumiens
3227 3699 3434 3761 patres,
3469 3691 3693 3760 petebat

2109 3806 2168 3851 ut
2202 3795 2305 3850 sibi
2343 3794 2484 3848 bene
2543 3794 2922 3860 precarentur.
2963 3781 3206 3852 Contigit
3257 3795 3408 3850 ergo,
3436 3787 3495 3833 ut
3521 3779 3693 3834 abbas

2106 3901 2324 3958 quoque
2350 3883 2610 3944 Joannes,
2632 3875 2920 3950 Symeonis
2968 3872 3182 3928 abbatis
3217 3869 3406 3935 frater,
3438 3884 3695 3924 occurre-

2108 3990 2212 4047 ret,
2242 3980 2354 4034 Deo
2383 3978 2462 4031 sic
2481 3975 2827 4043 disponente,
2865 3965 3155 4022 mercatori
3187 3962 3365 4037 [huic]
3411 3963 3466 4016 in
3497 3962 3694 4017 solitu-

2108 4075 2258 4131 dine.
2295 4068 2402 4125 Ubi
2461 4067 2612 4120 illum
2657 4060 2946 4130 conspexit
3013 4063 3306 4120 mercator,
3354 4052 3588 4123 proiecit
3630 4069 3697 4106 se

2110 4164 2284 4227 humi,
2333 4174 2533 4228 rogans
2581 4155 2649 4210 ab
2691 4168 2757 4208 eo
2794 4163 3005 4221 preces.
3065 4146 3164 4202 Cui
3202 4145 3373 4199 abbas
3399 4141 3640 4197 Joannes
3677 4159 3692 4194 :

2109 4254 2276 4324 Cujas
2319 4249 2420 4305 es?
2467 4243 2713 4314 Subiecit
2764 4241 2904 4296 ille:
2953 4237 3275 4298 Emesenus,
3325 4233 3512 4288 Pater.
3555 4231 3698 4288 Tum

2109 4323 2394 4416 respondit
2427 4339 2527 4410 ipsi
2557 4355 2570 4390 :
2599 4335 2702 4402 Qui
2747 4332 2920 4388 babes
2947 4329 3022 4384 ibi
3057 4328 3310 4382 abbatem
3346 4323 3698 4396 Symeonem,

2110 4415 2216 4510 qui,
2234 4437 2437 4493 dicitur
2471 4430 2651 4492 Salus,
2680 4425 2811 4497 quid
2873 4439 2903 4477 a
2939 4436 3029 4476 me
3066 4421 3289 4489 abiecto
3335 4417 3530 4488 petis?
3560 4415 3697 4471 Nam

414 4527 540 4579 Τῶν
561 4527 668 4596 γὰρ
700 4524 874 4594 εὐχῶν
905 4522 1115 4576 ἐκείνου
1143 4517 1332 4591 χρῄζω
1359 4516 1539 4584 κάγὼ,
1571 4515 1666 4568 καὶ
1707 4514 1828 4578 ὅλος
1858 4514 1887 4566 ὁ
1915 4513 1995 4567 κό-

2110 4505 2210 4599 ego
2238 4537 2457 4596 quoque
2489 4517 2745 4590 precibus
2774 4514 2894 4584 ejus
2911 4510 3152 4581 indigeo,
3181 4516 3238 4563 et
3263 4514 3414 4562 totus
3431 4505 3693 4560 mundus.

419 4635 577 4688 σμος.
609 4615 840 4668 Ἔλαϐεν
863 4613 956 4666 οὖν
985 4614 1075 4666 τὸν
1101 4610 1532 4681 πραγματευτήν
1559 4609 1586 4661 ὀ
1614 4607 1790 4668 ά66ἄ;
1823 4606 2005 4658 Ἰωάνο

2105 4595 2292 4688 Itaque
2341 4614 2584 4669 Joannes
2615 4606 2801 4662 abbas
2836 4608 3200 4656 mercatorem
3255 4597 3312 4650 in
3378 4595 3700 4665 speluncam

415 4729 517 4784 νης
556 4713 634 4772 εἰς
653 4710 714 4762 τὸ
746 4708 1010 4779 σπήλαιον
1034 4703 1201 4758 αὐτοῦ
1228 4705 1321 4757 καὶ
1348 4701 1668 4772 παρέθηκεν
1703 4697 1855 4769 αὐτῷ
1874 4697 1995 4769 τρά-

2105 4681 2260 4760 suam
2311 4697 2552 4760 admisit,
2603 4703 2661 4749 et
2691 4691 2973 4761 opiparam
3016 4699 3264 4740 mensam
3299 4682 3377 4737 illi
3412 4681 3696 4752 apposuit.

415 4803 594 4863 πεζαν
654 4801 938 4853 πλουσίαν.
977 4798 1076 4850 Ἐκ
1124 4795 1261 4848 Θεοῦ
1313 4795 1422 4862 γὰρ
1473 4792 1763 4863 εὑρίσκετο
1796 4792 1875 4854 εἰς
1909 4789 1995 4860 τὴι

2105 4797 2242 4853 Nam
2270 4793 2369 4848 Dei
2405 4790 2609 4844 virtute
2639 4783 2871 4840 iuarida
2898 4780 2988 4835 illa
3023 4776 3320 4834 solitudine
3351 4773 3700 4829 invenieban-

416 4893 628 4967 ἔρημον
683 4893 902 4961 ἐκείνην
952 4889 1051 4962 τὴν
1109 4888 1300 4959 ξηρὰν.
1365 4887 1604 4954 σιλίγνια
1651 4884 1869 4954 καθαρὰ
1913 4883 1995 4936 κατ

2109 4902 2199 4947 tur
2228 4885 2417 4944 mundi
2448 4896 2618 4952 panes
2657 4874 2916 4947 siliginei,
2945 4880 3003 4928 et
3041 4869 3333 4927 obsoniqu
3381 4867 3439 4922 in
3464 4866 3572 4920 olla
3591 4879 3697 4922 co-

417 4987 615 5057 ὀψάριν
645 4985 835 5050 ζεστὸν
864 4984 1128 5053 τηγάνου,
1155 4981 1250 5034 καὶ
1282 4975 1422 5040 οἶνος
1454 4978 1699 5046 ἄριστος,
1741 4976 1835 5028 καὶ
1888 4973 2008 5043 βισ-

421 5077 513 5132 σία
549 5078 760 5131 ὑάλινα.
810 5075 898 5138 Ὠς
927 5091 1019 5128 ουν
1052 5073 1255 5143 ἔφαγον
1289 5072 1383 5124 καὶ
1415 5067 2015 5138 ὲχορτάσθησαν,δίδω-

421 5187 508 5223 σιν
538 5169 687 5240 αὐτῷ
716 5170 868 5238 τρεῖς
901 5165 1154 5233 εὐλογίας
1186 5163 1407 5228 ξεστὰς,
1455 5164 1548 5215 καὶ
1591 5160 1760 5222 αὐτὰς
1809 5158 2014 5227 ὁμοίως

421 5264 488 5314 ἐκ
537 5259 672 5312 Θεοῦ
722 5258 914 5324 οὔσας,
961 5258 1057 5311 καὶ
1084 5257 1272 5325 λέγει’
1309 5255 1408 5317 Δὸς
1451 5253 1524 5322 τῷ
1555 5250 1732 5322 Σαλῷ,
1768 5250 1865 5302 καὶ
1893 5249 2016 5303 εἰπὲ

421 5353 572 5423 αὑτῷ
593 5355 653 5418 ἐξ
679 5354 844 5422 ἐμοῦ·
865 5350 965 5405 Διὰ
998 5352 1086 5405 τὸν
1120 5348 1324 5417 Κύριον
1355 5346 1515 5416 εὔχου
1543 5343 1621 5414 τῷ
1660 5342 1878 5412 ἀδελφῷ
1920 5359 2015 5394 σου

433 5447 676 5520 Ἰωάννῃ.
703 5449 816 5515 Τῆς
843 5445 1102 5514 ἀληθείας
1127 5439 1219 5497 οὖν
1249 5441 1343 5494 τοῦ
1375 5439 1582 5509 Κυρίου
1603 5434 2014 5506 ἐπιμαρτυρούο

423 5559 548 5613 σης,
575 5541 650 5603 ὡς
677 5535 841 5612 ἦλθεν
874 5539 954 5600 εἰς
991 5538 1236 5607 Ἔμεσαν
1265 5536 1292 5587 6
1326 5529 1754 5604 πραγματευτὴς
1798 5527 2016 5598 ἀπαντᾷ

2110 4987 2281 5042 etum,
2309 4983 2365 5030 et
2405 4971 2598 5026 vinum
2641 4965 2934 5035 optimum,
2969 4969 3027 5016 et
3065 4959 3240 5012 vitrea
3273 4955 3508 5011 vascula.
3544 4953 3700 5008 Post-

2111 5084 2274 5141 quam
2309 5079 2440 5136 ergo
2468 5058 2842 5118 comedissent
2871 5062 2928 5110 et
2969 5050 3197 5108 saturati
3225 5055 3434 5111 essent,
3473 5045 3568 5099 dat
3597 5043 3698 5114 ipsi

2116 5134 2226 5216 t-res
2252 5134 2461 5212 calidas
2493 5149 2742 5220 eulogias
2772 5143 2911 5214 (72),
2952 5158 2982 5197 a
3017 5142 3129 5196 Deo
3157 5138 3346 5193 itidem
3373 5134 3696 5196 submissas,

2115 5261 2170 5308 et
2196 5251 2328 5306 dicit
2357 5263 2371 5299 :
2410 5246 2484 5300 Da
2529 5242 2677 5304 Salo,
2708 5249 2762 5294 et
2792 5237 2881 5292 dic
2909 5234 3014 5305 ipsi
3041 5231 3178 5286 meis
3209 5227 3394 5284 verbis
3423 5243 3436 5280 :
3470 5224 3701 5294 Propter

2119 5341 2432 5401 Dominum,
2469 5349 2572 5396 ora
2602 5345 2701 5402 pro
2735 5329 2902 5382 fratre
2934 5333 3030 5380 tuo
3061 5321 3295 5376 Joanne.
3327 5315 3561 5372 Domino
3595 5314 3697 5367 ita—

2114 5451 2220 5504 que
2249 5427 2495 5486 veritatis
2535 5420 2912 5480 testimonium
2944 5414 3294 5486 perhibente,
3325 5407 3487 5464 simul
3535 5415 3699 5475 atque

2114 5499 2370 5582 Emesam
2393 5517 2544 5574 venit
2574 5521 2868 5572 mercator,
2899 5505 3142 5565 occurrit
3162 5502 3262 5574 ipsi
3281 5501 3449 5556 abbas
3465 5499 3700 5570 Symeon

1951 5707 2179 5763 nom.
3593 5726 3640 5782 κ

502 5845 614 5915 (72)
641 5844 879 5916 Eulogia:
908 5849 1035 5898 sunt
1063 5854 1226 5909 panes
1249 5845 1342 5893 aut
1384 5834 1492 5890 alia
1527 5831 1701 5887 edulia

1745 5826 2031 5884 sacerdotis
2043 5821 2399 5882 benedictione
2431 5820 2750 5870 consecrata.
2788 5805 2925 5862 Vide
2952 5799 3289 5860 Glossarium
3312 5791 3526 5866 Cangil.
