  <div class='ocr_page' id='page_1' title='image "/cluster/home/n/w/nwhite01/storage/ocr_20150623/93/coo.31924054869973/877.png"; bbox 0 0 3976 6426; ppageno 0'>
   <div class='ocr_carea' id='block_1_1' title="bbox 389 411 519 477">
    <p class='ocr_par' dir='ltr' id='par_1_1' title="bbox 389 411 519 477">
     <span class='ocr_line' id='line_1_1' title="bbox 389 411 519 477; baseline -0.015 0"><span class='ocrx_word' id='word_1_1' title='bbox 389 411 519 477; x_wconf 81' lang='lat'><strong>1731</strong></span> 
     </span>
    </p>
   </div>
   <div class='ocr_carea' id='block_1_2' title="bbox 1396 383 2646 461">
    <p class='ocr_par' dir='ltr' id='par_1_2' title="bbox 1396 383 2646 461">
     <span class='ocr_line' id='line_1_2' title="bbox 1396 383 2646 461; baseline -0.016 0"><span class='ocrx_word' id='word_1_2' title='bbox 1396 397 1707 461; x_wconf 74' lang='lat' dir='ltr'><strong>LEONTII</strong></span> <span class='ocrx_word' id='word_1_3' title='bbox 1750 386 2264 453; x_wconf 73' lang='lat' dir='ltr'><strong>NEAPOLITANI</strong></span> <span class='ocrx_word' id='word_1_4' title='bbox 2304 383 2646 445; x_wconf 77' lang='lat' dir='ltr'><strong>EPISCOPI</strong></span> 
     </span>
    </p>
   </div>
   <div class='ocr_carea' id='block_1_3' title="bbox 3520 373 3651 435">
    <p class='ocr_par' dir='ltr' id='par_1_3' title="bbox 3520 373 3651 435">
     <span class='ocr_line' id='line_1_3' title="bbox 3520 373 3651 435; baseline 0 0"><span class='ocrx_word' id='word_1_5' title='bbox 3520 373 3651 435; x_wconf 67' lang='lat'><strong>1732</strong></span> 
     </span>
    </p>
   </div>
   <div class='ocr_carea' id='block_1_4' title="bbox 389 487 1985 595">
    <p class='ocr_par' dir='ltr' id='par_1_4' title="bbox 389 501 1971 595">
     <span class='ocr_line' id='line_1_4' title="bbox 389 501 1971 595; baseline -0.016 -16"><span class='ocrx_word' id='word_1_6' title='bbox 389 517 557 595; x_wconf 78' lang='lat' dir='ltr'><strong>prope</strong></span> <span class='ocrx_word' id='word_1_7' title='bbox 606 528 814 591; x_wconf 85' lang='lat' dir='ltr'><strong>portam</strong></span> <span class='ocrx_word' id='word_1_8' title='bbox 862 514 1116 579; x_wconf 74' lang='lat' dir='ltr'><strong>civitatis,</strong></span> <span class='ocrx_word' id='word_1_9' title='bbox 1168 513 1402 568; x_wconf 85' lang='lat' dir='ltr'><strong>dicens:</strong></span> <span class='ocrx_word' id='word_1_10' title='bbox 1449 510 1588 576; x_wconf 84' lang='lat' dir='ltr'><strong>Quid</strong></span> <span class='ocrx_word' id='word_1_11' title='bbox 1635 516 1736 571; x_wconf 88' lang='lat' dir='ltr'><strong>est,</strong></span> <span class='ocrx_word' id='word_1_12' title='bbox 1767 501 1971 559; x_wconf 86' lang='lat' dir='ltr'><strong>stulte?</strong></span> 
     </span>
    </p>
   </div>
   <div class='ocr_carea' id='block_1_5' title="bbox 2090 487 3652 595">
    <p class='ocr_par' dir='ltr' id='par_1_5' title="bbox 2090 487 3652 567">
     <span class='ocr_line' id='line_1_5' title="bbox 2090 487 3652 567; baseline -0.007 -17"><span class='ocrx_word' id='word_1_13' title='bbox 2090 497 2222 567; x_wconf 80' lang='grc' dir='ltr'><strong>ιύτῷ</strong></span> <span class='ocrx_word' id='word_1_14' title='bbox 2252 497 2333 559; x_wconf 88' lang='grc' dir='ltr'>είς</span> <span class='ocrx_word' id='word_1_15' title='bbox 2365 494 2464 566; x_wconf 81' lang='grc' dir='ltr'><strong>τὴν</strong></span> <span class='ocrx_word' id='word_1_16' title='bbox 2502 494 2709 564; x_wconf 68' lang='grc' dir='ltr'>πῦρταν</span> <span class='ocrx_word' id='word_1_17' title='bbox 2733 492 2832 561; x_wconf 82' lang='grc' dir='ltr'><strong>τῆς</strong></span> <span class='ocrx_word' id='word_1_18' title='bbox 2871 490 3080 551; x_wconf 74' lang='grc' dir='ltr'>πόλεως</span> <span class='ocrx_word' id='word_1_19' title='bbox 3130 489 3158 540; x_wconf 99' lang='lat'><strong>6</strong></span> <span class='ocrx_word' id='word_1_20' title='bbox 3192 487 3364 551; x_wconf 59' lang='grc' dir='ltr'><strong>ἀϐεᾶς</strong></span> <span class='ocrx_word' id='word_1_21' title='bbox 3410 487 3652 557; x_wconf 79' lang='grc' dir='ltr'>Συμεὼν,</span> 
     </span>
    </p>
   </div>
   <div class='ocr_carea' id='block_1_6' title="bbox 387 599 1971 682">
    <p class='ocr_par' dir='ltr' id='par_1_6' title="bbox 387 599 1971 682">
     <span class='ocr_line' id='line_1_6' title="bbox 387 599 1971 682; baseline -0.013 -13"><span class='ocrx_word' id='word_1_22' title='bbox 387 615 491 682; x_wconf 83' lang='lat' dir='ltr'><strong>Qui</strong></span> <span class='ocrx_word' id='word_1_23' title='bbox 521 614 663 667; x_wconf 84' lang='lat' dir='ltr'><strong>valet</strong></span> <span class='ocrx_word' id='word_1_24' title='bbox 693 611 910 674; x_wconf 84' lang='lat' dir='ltr'><strong>stultus,</strong></span> <span class='ocrx_word' id='word_1_25' title='bbox 942 608 1021 663; x_wconf 89' lang='lat' dir='ltr'><strong>tui</strong></span> <span class='ocrx_word' id='word_1_26' title='bbox 1071 605 1265 660; x_wconf 82' lang='lat' dir='ltr'><strong>similis</strong></span> <span class='ocrx_word' id='word_1_27' title='bbox 1294 602 1581 657; x_wconf 83' lang='lat' dir='ltr'><strong>Joannes?</strong></span> <span class='ocrx_word' id='word_1_28' title='bbox 1622 599 1741 653; x_wconf 82' lang='lat' dir='ltr'><strong>Non</strong></span> <span class='ocrx_word' id='word_1_29' title='bbox 1783 611 1971 653; x_wconf 87' lang='lat' dir='ltr'><strong>come-</strong></span> 
     </span>
    </p>
   </div>
   <div class='ocr_carea' id='block_1_7' title="bbox 391 689 1974 773">
    <p class='ocr_par' dir='ltr' id='par_1_7' title="bbox 391 689 1974 773">
     <span class='ocr_line' id='line_1_7' title="bbox 391 689 1974 773; baseline -0.012 -13"><span class='ocrx_word' id='word_1_30' title='bbox 391 706 516 761; x_wconf 82' lang='lat' dir='ltr'><strong>disti</strong></span> <span class='ocrx_word' id='word_1_31' title='bbox 555 702 816 773; x_wconf 80' lang='lat' dir='ltr'><strong>eulogias,</strong></span> <span class='ocrx_word' id='word_1_32' title='bbox 861 715 997 770; x_wconf 85' lang='lat' dir='ltr'><strong>quas</strong></span> <span class='ocrx_word' id='word_1_33' title='bbox 1042 697 1140 751; x_wconf 91' lang='lat' dir='ltr'><strong>tibi</strong></span> <span class='ocrx_word' id='word_1_34' title='bbox 1190 695 1386 750; x_wconf 90' lang='lat' dir='ltr'><strong>dedit?</strong></span> <span class='ocrx_word' id='word_1_35' title='bbox 1425 694 1580 757; x_wconf 83' lang='lat' dir='ltr'><strong>Vere,</strong></span> <span class='ocrx_word' id='word_1_36' title='bbox 1616 707 1761 755; x_wconf 85' lang='lat' dir='ltr'><strong>vere,</strong></span> <span class='ocrx_word' id='word_1_37' title='bbox 1803 689 1849 744; x_wconf 88' lang='lat' dir='ltr'><strong>si</strong></span> <span class='ocrx_word' id='word_1_38' title='bbox 1883 704 1974 742; x_wconf 85' lang='lat' dir='ltr'><strong>co-</strong></span> 
     </span>
    </p>
   </div>
   <div class='ocr_carea' id='block_1_8' title="bbox 392 778 1973 850">
    <p class='ocr_par' dir='ltr' id='par_1_8' title="bbox 392 778 1973 850">
     <span class='ocr_line' id='line_1_8' title="bbox 392 778 1973 850; baseline -0.012 1"><span class='ocrx_word' id='word_1_39' title='bbox 392 795 655 850; x_wconf 85' lang='lat' dir='ltr'><strong>medisses</strong></span> <span class='ocrx_word' id='word_1_40' title='bbox 710 795 871 847; x_wconf 76' lang='lat' dir='ltr'><strong>ha::ce</strong></span> <span class='ocrx_word' id='word_1_41' title='bbox 928 800 1061 849; x_wconf 86' lang='lat' dir='ltr'><strong>tres.</strong></span> <span class='ocrx_word' id='word_1_42' title='bbox 1116 788 1253 841; x_wconf 87' lang='lat' dir='ltr'><strong>male</strong></span> <span class='ocrx_word' id='word_1_43' title='bbox 1313 786 1432 840; x_wconf 88' lang='lat' dir='ltr'><strong>illas</strong></span> <span class='ocrx_word' id='word_1_44' title='bbox 1479 784 1815 838; x_wconf 56' lang='lat' dir='ltr'><strong>decoxisses.</strong></span> <span class='ocrx_word' id='word_1_45' title='bbox 1881 778 1973 833; x_wconf 86' lang='lat' dir='ltr'><strong>Ille</strong></span> 
     </span>
    </p>
   </div>
   <div class='ocr_carea' id='block_1_9' title="bbox 392 873 1975 956">
    <p class='ocr_par' dir='ltr' id='par_1_9' title="bbox 392 873 1975 956">
     <span class='ocr_line' id='line_1_9' title="bbox 392 873 1975 956; baseline -0.01 -15"><span class='ocrx_word' id='word_1_46' title='bbox 392 889 572 956; x_wconf 78' lang='lat' dir='ltr'><strong>itaque</strong></span> <span class='ocrx_word' id='word_1_47' title='bbox 610 885 913 953; x_wconf 84' lang='lat' dir='ltr'><strong>obstupuit,</strong></span> <span class='ocrx_word' id='word_1_48' title='bbox 946 882 1039 935; x_wconf 88' lang='lat' dir='ltr'><strong>ubi</strong></span> <span class='ocrx_word' id='word_1_49' title='bbox 1085 882 1293 936; x_wconf 78' lang='lat' dir='ltr'><strong>audivit</strong></span> <span class='ocrx_word' id='word_1_50' title='bbox 1336 878 1538 941; x_wconf 84' lang='lat' dir='ltr'><strong>omnia,</strong></span> <span class='ocrx_word' id='word_1_51' title='bbox 1600 891 1721 945; x_wconf 66' lang='lat' dir='ltr'><strong>quae</strong></span> <span class='ocrx_word' id='word_1_52' title='bbox 1758 873 1975 927; x_wconf 86' lang='lat' dir='ltr'><strong>volebat</strong></span> 
     </span>
    </p>
   </div>
   <div class='ocr_carea' id='block_1_10' title="bbox 393 965 1971 1050">
    <p class='ocr_par' dir='ltr' id='par_1_10' title="bbox 393 965 1971 1050">
     <span class='ocr_line' id='line_1_10' title="bbox 393 965 1971 1050; baseline -0.011 -16"><span class='ocrx_word' id='word_1_53' title='bbox 393 980 491 1050; x_wconf 88' lang='lat' dir='ltr'><strong>ipsi</strong></span> <span class='ocrx_word' id='word_1_54' title='bbox 519 980 723 1033; x_wconf 80' lang='lat' dir='ltr'><strong>dicere.</strong></span> <span class='ocrx_word' id='word_1_55' title='bbox 763 975 991 1045; x_wconf 79' lang='lat' dir='ltr'><strong>Excepit</strong></span> <span class='ocrx_word' id='word_1_56' title='bbox 1019 975 1201 1042; x_wconf 76' lang='lat' dir='ltr'><strong>itaque</strong></span> <span class='ocrx_word' id='word_1_57' title='bbox 1230 987 1356 1025; x_wconf 88' lang='lat' dir='ltr'><strong>eum</strong></span> <span class='ocrx_word' id='word_1_58' title='bbox 1390 970 1570 1023; x_wconf 81' lang='lat' dir='ltr'><strong>statim</strong></span> <span class='ocrx_word' id='word_1_59' title='bbox 1615 969 1668 1020; x_wconf 91' lang='lat' dir='ltr'><strong>in</strong></span> <span class='ocrx_word' id='word_1_60' title='bbox 1696 965 1971 1036; x_wconf 84' lang='lat' dir='ltr'><strong>tugurium</strong></span> 
     </span>
    </p>
   </div>
   <div class='ocr_carea' id='block_1_11' title="bbox 390 1057 1983 1135">
    <p class='ocr_par' dir='ltr' id='par_1_11' title="bbox 390 1057 1983 1135">
     <span class='ocr_line' id='line_1_11' title="bbox 390 1057 1983 1135; baseline -0.009 -10"><span class='ocrx_word' id='word_1_61' title='bbox 390 1087 553 1125; x_wconf 90' lang='lat' dir='ltr'><strong>suum</strong></span> <span class='ocrx_word' id='word_1_62' title='bbox 581 1069 775 1135; x_wconf 89' lang='lat' dir='ltr'><strong>Salus;</strong></span> <span class='ocrx_word' id='word_1_63' title='bbox 798 1077 960 1135; x_wconf 84' lang='lat' dir='ltr'><strong>atque</strong></span> <span class='ocrx_word' id='word_1_64' title='bbox 990 1067 1063 1119; x_wconf 83' lang='lat' dir='ltr'><strong>ita</strong></span> <span class='ocrx_word' id='word_1_65' title='bbox 1095 1063 1454 1118; x_wconf 79' lang='lat' dir='ltr'><strong>conﬁrmabat</strong></span> <span class='ocrx_word' id='word_1_66' title='bbox 1484 1057 1983 1118; x_wconf 80' lang='lat' dir='ltr'><strong>mercator,omnia_</strong></span> 
     </span>
    </p>
   </div>
   <div class='ocr_carea' id='block_1_12' title="bbox 390 1149 1971 1227">
    <p class='ocr_par' dir='ltr' id='par_1_12' title="bbox 390 1149 1971 1227">
     <span class='ocr_line' id='line_1_12' title="bbox 390 1149 1971 1227; baseline -0.009 -12"><span class='ocrx_word' id='word_1_67' title='bbox 390 1161 495 1215; x_wconf 89' lang='lat' dir='ltr'><strong>sibi</strong></span> <span class='ocrx_word' id='word_1_68' title='bbox 519 1163 710 1214; x_wconf 87' lang='lat' dir='ltr'><strong>eadem</strong></span> <span class='ocrx_word' id='word_1_69' title='bbox 761 1157 1081 1227; x_wconf 87' lang='lat' dir='ltr'><strong>apposuisse</strong></span> <span class='ocrx_word' id='word_1_70' title='bbox 1135 1170 1261 1208; x_wconf 88' lang='lat' dir='ltr'><strong>eum</strong></span> <span class='ocrx_word' id='word_1_71' title='bbox 1317 1154 1436 1207; x_wconf 87' lang='lat' dir='ltr'><strong>sine</strong></span> <span class='ocrx_word' id='word_1_72' title='bbox 1492 1153 1599 1205; x_wconf 88' lang='lat' dir='ltr'><strong>ulla</strong></span> <span class='ocrx_word' id='word_1_73' title='bbox 1651 1149 1971 1211; x_wconf 88' lang='lat' dir='ltr'><strong>mutatione,</strong></span> 
     </span>
    </p>
   </div>
   <div class='ocr_carea' id='block_1_13' title="bbox 393 1238 1973 1313">
    <p class='ocr_par' dir='ltr' id='par_1_13' title="bbox 393 1238 1973 1313">
     <span class='ocr_line' id='line_1_13' title="bbox 393 1238 1973 1313; baseline -0.009 -7"><span class='ocrx_word' id='word_1_74' title='bbox 393 1251 533 1306; x_wconf 80' lang='lat' dir='ltr'><strong>sicut</strong></span> <span class='ocrx_word' id='word_1_75' title='bbox 559 1250 763 1303; x_wconf 83' lang='lat' dir='ltr'><strong>iecerat</strong></span> <span class='ocrx_word' id='word_1_76' title='bbox 792 1250 958 1302; x_wconf 84' lang='lat' dir='ltr'><strong>abbas</strong></span> <span class='ocrx_word' id='word_1_77' title='bbox 998 1247 1257 1302; x_wconf 77' lang='lat' dir='ltr'><strong>Joannes.</strong></span> <span class='ocrx_word' id='word_1_78' title='bbox 1289 1258 1461 1313; x_wconf 90' lang='lat' dir='ltr'><strong>usque</strong></span> <span class='ocrx_word' id='word_1_79' title='bbox 1488 1243 1556 1296; x_wconf 85' lang='lat' dir='ltr'><strong>ad</strong></span> <span class='ocrx_word' id='word_1_80' title='bbox 1589 1241 1765 1310; x_wconf 83' lang='lat' dir='ltr'><strong>ipsam</strong></span> <span class='ocrx_word' id='word_1_81' title='bbox 1795 1238 1973 1309; x_wconf 91' lang='lat' dir='ltr'><strong>poculi</strong></span> 
     </span>
    </p>
   </div>
   <div class='ocr_carea' id='block_1_14' title="bbox 394 1333 1979 1412">
    <p class='ocr_par' dir='ltr' id='par_1_14' title="bbox 394 1333 1979 1412">
     <span class='ocr_line' id='line_1_14' title="bbox 394 1333 1979 1412; baseline -0.006 -16"><span class='ocrx_word' id='word_1_82' title='bbox 394 1342 845 1412; x_wconf 75' lang='lat' dir='ltr'><strong>magnitudinem,</strong></span> <span class='ocrx_word' id='word_1_83' title='bbox 876 1341 1018 1408; x_wconf 88' lang='lat' dir='ltr'><strong>quod</strong></span> <span class='ocrx_word' id='word_1_84' title='bbox 1066 1340 1123 1392; x_wconf 91' lang='lat' dir='ltr'><strong>in</strong></span> <span class='ocrx_word' id='word_1_85' title='bbox 1153 1339 1411 1406; x_wconf 91' lang='lat' dir='ltr'><strong>spelunca</strong></span> <span class='ocrx_word' id='word_1_86' title='bbox 1464 1334 1599 1405; x_wconf 78' lang='lat' dir='ltr'><strong>ejus&#39;</strong></span> <span class='ocrx_word' id='word_1_87' title='bbox 1628 1335 1855 1388; x_wconf 84' lang='lat' dir='ltr'><strong>viderat.</strong></span> <span class='ocrx_word' id='word_1_88' title='bbox 1911 1333 1979 1387; x_wconf 86' lang='lat' dir='ltr'><strong>Et</strong></span> 
     </span>
    </p>
   </div>
   <div class='ocr_carea' id='block_1_15' title="bbox 391 1427 1979 1504">
    <p class='ocr_par' dir='ltr' id='par_1_15' title="bbox 391 1427 1979 1504">
     <span class='ocr_line' id='line_1_15' title="bbox 391 1427 1979 1504; baseline -0.006 -16"><span class='ocrx_word' id='word_1_89' title='bbox 391 1436 610 1504; x_wconf 90' lang='lat' dir='ltr'><strong>quando</strong></span> <span class='ocrx_word' id='word_1_90' title='bbox 657 1433 1093 1492; x_wconf 78' lang='lat' dir='ltr'><strong>comedcramus,</strong></span> <span class='ocrx_word' id='word_1_91' title='bbox 1141 1429 1266 1483; x_wconf 86' lang='lat' dir='ltr'><strong>dedi</strong></span> <span class='ocrx_word' id='word_1_92' title='bbox 1322 1429 1446 1497; x_wconf 89' lang='lat' dir='ltr'><strong>ipsi,</strong></span> <span class='ocrx_word' id='word_1_93' title='bbox 1510 1427 1817 1495; x_wconf 77' lang='lat' dir='ltr'><strong>inquiebat,</strong></span> <span class='ocrx_word' id='word_1_94' title='bbox 1870 1434 1979 1480; x_wconf 86' lang='lat' dir='ltr'><strong>tres</strong></span> 
     </span>
    </p>
   </div>
   <div class='ocr_carea' id='block_1_16' title="bbox 392 1519 1979 1596">
    <p class='ocr_par' dir='ltr' id='par_1_16' title="bbox 392 1519 1979 1596">
     <span class='ocr_line' id='line_1_16' title="bbox 392 1519 1979 1596; baseline -0.006 -15"><span class='ocrx_word' id='word_1_95' title='bbox 392 1526 653 1596; x_wconf 81' lang='lat' dir='ltr'><strong>eulogias,</strong></span> <span class='ocrx_word' id='word_1_96' title='bbox 687 1533 741 1579; x_wconf 90' lang='lat' dir='ltr'><strong>et</strong></span> <span class='ocrx_word' id='word_1_97' title='bbox 785 1527 987 1578; x_wconf 78' lang='lat' dir='ltr'><strong>recessi</strong></span> <span class='ocrx_word' id='word_1_98' title='bbox 1040 1523 1093 1575; x_wconf 91' lang='lat' dir='ltr'><strong>in</strong></span> <span class='ocrx_word' id='word_1_99' title='bbox 1148 1523 1370 1576; x_wconf 83' lang='lat' dir='ltr'><strong>domum</strong></span> <span class='ocrx_word' id='word_1_100' title='bbox 1419 1535 1616 1581; x_wconf 83' lang='lat' dir='ltr'><strong>meam,</strong></span> <span class='ocrx_word' id='word_1_101' title='bbox 1650 1519 1979 1573; x_wconf 82' lang='lat' dir='ltr'><strong>erubescens</strong></span> 
     </span>
    </p>
   </div>
   <div class='ocr_carea' id='block_1_17' title="bbox 392 1611 1978 1687">
    <p class='ocr_par' dir='ltr' id='par_1_17' title="bbox 392 1611 1978 1687">
     <span class='ocr_line' id='line_1_17' title="bbox 392 1611 1978 1687; baseline -0.005 -16"><span class='ocrx_word' id='word_1_102' title='bbox 392 1618 690 1687; x_wconf 78' lang='lat' dir='ltr'><strong>quidquam</strong></span> <span class='ocrx_word' id='word_1_103' title='bbox 732 1617 985 1684; x_wconf 81' lang='lat' dir='ltr'><strong>cuiquam</strong></span> <span class='ocrx_word' id='word_1_104' title='bbox 1031 1614 1097 1668; x_wconf 87' lang='lat' dir='ltr'><strong>de</strong></span> <span class='ocrx_word' id='word_1_105' title='bbox 1126 1613 1245 1683; x_wconf 83' lang='lat' dir='ltr'><strong>ipso</strong></span> <span class='ocrx_word' id='word_1_106' title='bbox 1278 1613 1481 1675; x_wconf 83' lang='lat' dir='ltr'><strong>dicere,</strong></span> <span class='ocrx_word' id='word_1_107' title='bbox 1527 1611 1849 1681; x_wconf 78' lang='lat' dir='ltr'><strong>quiomnes</strong></span> <span class='ocrx_word' id='word_1_108' title='bbox 1881 1624 1978 1680; x_wconf 90' lang='lat' dir='ltr'><strong>pro</strong></span> 
     </span>
    </p>
   </div>
   <div class='ocr_carea' id='block_1_18' title="bbox 392 1703 1428 1763">
    <p class='ocr_par' dir='ltr' id='par_1_18' title="bbox 392 1703 1428 1763">
     <span class='ocr_line' id='line_1_18' title="bbox 392 1703 1428 1763; baseline -0.007 0"><span class='ocrx_word' id='word_1_109' title='bbox 392 1716 546 1763; x_wconf 87' lang='lat' dir='ltr'><strong>certo</strong></span> <span class='ocrx_word' id='word_1_110' title='bbox 576 1706 849 1761; x_wconf 82' lang='lat' dir='ltr'><strong>habebant</strong></span> <span class='ocrx_word' id='word_1_111' title='bbox 875 1720 999 1758; x_wconf 89' lang='lat' dir='ltr'><strong>eum</strong></span> <span class='ocrx_word' id='word_1_112' title='bbox 1038 1719 1160 1759; x_wconf 90' lang='lat' dir='ltr'><strong>esse</strong></span> <span class='ocrx_word' id='word_1_113' title='bbox 1197 1703 1428 1758; x_wconf 79' lang='lat' dir='ltr'><strong>fatuum.</strong></span> 
     </span>
    </p>
   </div>
   <div class='ocr_carea' id='block_1_19' title="bbox 464 1882 1977 1955">
    <p class='ocr_par' dir='ltr' id='par_1_19' title="bbox 464 1882 1977 1955">
     <span class='ocr_line' id='line_1_19' title="bbox 464 1882 1977 1955; baseline -0.006 -12"><span class='ocrx_word' id='word_1_114' title='bbox 464 1888 553 1943; x_wconf 83' lang='lat'><strong>50.</strong></span> <span class='ocrx_word' id='word_1_115' title='bbox 596 1887 838 1941; x_wconf 73' lang='lat' dir='ltr'><strong>Dixumus</strong></span> <span class='ocrx_word' id='word_1_116' title='bbox 863 1885 1121 1955; x_wconf 84' lang='lat' dir='ltr'><strong>superius</strong></span> <span class='ocrx_word' id='word_1_117' title='bbox 1149 1884 1282 1955; x_wconf 79' lang='lat'><strong>(75),</strong></span> <span class='ocrx_word' id='word_1_118' title='bbox 1306 1883 1452 1954; x_wconf 77' lang='lat' dir='ltr'><strong>quod</strong></span> <span class='ocrx_word' id='word_1_119' title='bbox 1483 1883 1711 1953; x_wconf 84' lang='lat' dir='ltr'><strong>patrarit</strong></span> <span class='ocrx_word' id='word_1_120' title='bbox 1737 1882 1977 1935; x_wconf 82' lang='lat' dir='ltr'><strong>miracu-</strong></span> 
     </span>
    </p>
   </div>
   <div class='ocr_carea' id='block_1_20' title="bbox 391 1975 1980 2049">
    <p class='ocr_par' dir='ltr' id='par_1_20' title="bbox 391 1975 1980 2049">
     <span class='ocr_line' id='line_1_20' title="bbox 391 1975 1980 2049; baseline -0.006 -13"><span class='ocrx_word' id='word_1_121' title='bbox 391 1981 505 2036; x_wconf 93' lang='lat' dir='ltr'><strong>lum</strong></span> <span class='ocrx_word' id='word_1_122' title='bbox 539 1979 757 2049; x_wconf 85' lang='lat' dir='ltr'><strong>aliquod</strong></span> <span class='ocrx_word' id='word_1_123' title='bbox 796 1979 849 2031; x_wconf 90' lang='lat' dir='ltr'><strong>in</strong></span> <span class='ocrx_word' id='word_1_124' title='bbox 896 1980 1016 2032; x_wconf 87' lang='lat' dir='ltr'><strong>viro</strong></span> <span class='ocrx_word' id='word_1_125' title='bbox 1074 1977 1167 2032; x_wconf 85' lang='lat' dir='ltr'><strong>Dei</strong></span> <span class='ocrx_word' id='word_1_126' title='bbox 1212 1985 1452 2040; x_wconf 85' lang='lat' dir='ltr'><strong>amante,</strong></span> <span class='ocrx_word' id='word_1_127' title='bbox 1502 1975 1595 2046; x_wconf 87' lang='lat' dir='ltr'><strong>qui</strong></span> <span class='ocrx_word' id='word_1_128' title='bbox 1643 1975 1811 2029; x_wconf 76' lang='lat' dir='ltr'><strong>vitam</strong></span> <span class='ocrx_word' id='word_1_129' title='bbox 1858 1975 1980 2042; x_wconf 78' lang='lat' dir='ltr'><strong>ejus</strong></span> 
     </span>
    </p>
   </div>
   <div class='ocr_carea' id='block_1_21' title="bbox 392 2064 1981 2138">
    <p class='ocr_par' dir='ltr' id='par_1_21' title="bbox 392 2064 1981 2138">
     <span class='ocr_line' id='line_1_21' title="bbox 392 2064 1981 2138; baseline -0.005 -14"><span class='ocrx_word' id='word_1_130' title='bbox 392 2071 553 2125; x_wconf 91' lang='lat' dir='ltr'><strong>nobis</strong></span> <span class='ocrx_word' id='word_1_131' title='bbox 610 2068 883 2138; x_wconf 81' lang='lat' dir='ltr'><strong>exposuit.</strong></span> <span class='ocrx_word' id='word_1_132' title='bbox 938 2066 1180 2137; x_wconf 79' lang='lat' dir='ltr'><strong>Contigit</strong></span> <span class='ocrx_word' id='word_1_133' title='bbox 1244 2075 1429 2119; x_wconf 90' lang='lat' dir='ltr'><strong>autem</strong></span> <span class='ocrx_word' id='word_1_134' title='bbox 1491 2065 1818 2119; x_wconf 86' lang='lat' dir='ltr'><strong>miraculqu</strong></span> <span class='ocrx_word' id='word_1_135' title='bbox 1875 2064 1981 2117; x_wconf 91' lang='lat' dir='ltr'><strong>hoc</strong></span> 
     </span>
    </p>
   </div>
   <div class='ocr_carea' id='block_1_22' title="bbox 390 2156 1981 2227">
    <p class='ocr_par' dir='ltr' id='par_1_22' title="bbox 390 2156 1981 2227">
     <span class='ocr_line' id='line_1_22' title="bbox 390 2156 1981 2227; baseline -0.005 -12"><span class='ocrx_word' id='word_1_136' title='bbox 390 2161 559 2215; x_wconf 89' lang='lat' dir='ltr'><strong>modo</strong></span> <span class='ocrx_word' id='word_1_137' title='bbox 590 2176 604 2213; x_wconf 86' lang='lat'><strong>:</strong></span> <span class='ocrx_word' id='word_1_138' title='bbox 640 2158 865 2213; x_wconf 75' lang='lat' dir='ltr'><strong>Maleﬁci</strong></span> <span class='ocrx_word' id='word_1_139' title='bbox 911 2158 1132 2227; x_wconf 86' lang='lat' dir='ltr'><strong>quidam</strong></span> <span class='ocrx_word' id='word_1_140' title='bbox 1174 2157 1454 2211; x_wconf 86' lang='lat' dir='ltr'><strong>hominem</strong></span> <span class='ocrx_word' id='word_1_141' title='bbox 1507 2156 1850 2211; x_wconf 87' lang='lat' dir='ltr'><strong>occiderunt.</strong></span> <span class='ocrx_word' id='word_1_142' title='bbox 1921 2170 1981 2207; x_wconf 89' lang='lat' dir='ltr'><strong>a—</strong></span> 
     </span>
    </p>
   </div>
   <div class='ocr_carea' id='block_1_23' title="bbox 397 2244 1981 2321">
    <p class='ocr_par' dir='ltr' id='par_1_23' title="bbox 397 2244 1981 2321">
     <span class='ocr_line' id='line_1_23' title="bbox 397 2244 1981 2321; baseline -0.006 -15"><span class='ocrx_word' id='word_1_143' title='bbox 397 2252 653 2321; x_wconf 90' lang='lat' dir='ltr'><strong>breptum</strong></span> <span class='ocrx_word' id='word_1_144' title='bbox 680 2251 913 2305; x_wconf 89' lang='lat' dir='ltr'><strong>cadaver</strong></span> <span class='ocrx_word' id='word_1_145' title='bbox 944 2249 1055 2317; x_wconf 67' lang='lat'><strong>(74)</strong></span> <span class='ocrx_word' id='word_1_146' title='bbox 1079 2249 1430 2319; x_wconf 88' lang='lat' dir='ltr'><strong>projecerunt</strong></span> <span class='ocrx_word' id='word_1_147' title='bbox 1463 2262 1562 2315; x_wconf 89' lang='lat' dir='ltr'><strong>per</strong></span> <span class='ocrx_word' id='word_1_148' title='bbox 1600 2245 1895 2301; x_wconf 79' lang='lat' dir='ltr'><strong>fenestram</strong></span> <span class='ocrx_word' id='word_1_149' title='bbox 1927 2244 1981 2297; x_wconf 92' lang='lat' dir='ltr'><strong>in</strong></span> 
     </span>
    </p>
   </div>
   <div class='ocr_carea' id='block_1_24' title="bbox 389 2336 1982 2409">
    <p class='ocr_par' dir='ltr' id='par_1_24' title="bbox 389 2336 1982 2409">
     <span class='ocr_line' id='line_1_24' title="bbox 389 2336 1982 2409; baseline -0.006 -9"><span class='ocrx_word' id='word_1_150' title='bbox 389 2344 617 2400; x_wconf 87' lang='lat' dir='ltr'><strong>domum</strong></span> <span class='ocrx_word' id='word_1_151' title='bbox 646 2343 749 2397; x_wconf 87' lang='lat' dir='ltr'><strong>viri</strong></span> <span class='ocrx_word' id='word_1_152' title='bbox 791 2342 884 2397; x_wconf 84' lang='lat' dir='ltr'><strong>Dei</strong></span> <span class='ocrx_word' id='word_1_153' title='bbox 923 2340 1284 2395; x_wconf 81' lang='lat' dir='ltr'><strong>amantissimi</strong></span> <span class='ocrx_word' id='word_1_154' title='bbox 1318 2338 1583 2409; x_wconf 70' lang='lat' dir='ltr'><strong>praedicti.</strong></span> <span class='ocrx_word' id='word_1_155' title='bbox 1628 2338 1746 2391; x_wconf 89' lang='lat' dir='ltr'><strong>Non</strong></span> <span class='ocrx_word' id='word_1_156' title='bbox 1799 2336 1982 2407; x_wconf 83' lang='lat' dir='ltr'><strong>parvis</strong></span> 
     </span>
    </p>
   </div>
   <div class='ocr_carea' id='block_1_25' title="bbox 392 2428 2026 2506">
    <p class='ocr_par' dir='ltr' id='par_1_25' title="bbox 392 2428 2026 2506">
     <span class='ocr_line' id='line_1_25' title="bbox 392 2428 2026 2506; baseline -0.006 -18"><span class='ocrx_word' id='word_1_157' title='bbox 392 2435 563 2506; x_wconf 78' lang='lat' dir='ltr'><strong>igitur</strong></span> <span class='ocrx_word' id='word_1_158' title='bbox 581 2433 869 2489; x_wconf 88' lang='lat' dir='ltr'><strong>concitatis</strong></span> <span class='ocrx_word' id='word_1_159' title='bbox 898 2432 1094 2493; x_wconf 85' lang='lat' dir='ltr'><strong>turbis,</strong></span> <span class='ocrx_word' id='word_1_160' title='bbox 1126 2447 1214 2486; x_wconf 86' lang='lat' dir='ltr'><strong>res</strong></span> <span class='ocrx_word' id='word_1_161' title='bbox 1244 2430 1312 2485; x_wconf 87' lang='lat' dir='ltr'><strong>ad</strong></span> <span class='ocrx_word' id='word_1_162' title='bbox 1342 2438 1637 2500; x_wconf 66' lang='lat' dir='ltr'><strong>praetorem</strong></span> <span class='ocrx_word' id='word_1_163' title='bbox 1669 2428 1848 2483; x_wconf 78' lang='lat' dir='ltr'><strong>delata</strong></span> <span class='ocrx_word' id='word_1_164' title='bbox 1876 2435 1980 2494; x_wconf 79' lang='lat' dir='ltr'><strong>est,</strong></span> <span class='ocrx_word' id='word_1_165' title='bbox 2019 2453 2026 2457; x_wconf 85' lang='grc'><strong>·</strong></span> 
     </span>
    </p>
   </div>
   <div class='ocr_carea' id='block_1_26' title="bbox 389 2520 1984 2596">
    <p class='ocr_par' dir='ltr' id='par_1_26' title="bbox 389 2520 1984 2596">
     <span class='ocr_line' id='line_1_26' title="bbox 389 2520 1984 2596; baseline -0.006 -15"><span class='ocrx_word' id='word_1_166' title='bbox 389 2527 486 2596; x_wconf 89' lang='lat' dir='ltr'><strong>qui</strong></span> <span class='ocrx_word' id='word_1_167' title='bbox 517 2526 813 2596; x_wconf 84' lang='lat' dir='ltr'><strong>suspendio</strong></span> <span class='ocrx_word' id='word_1_168' title='bbox 838 2524 1045 2579; x_wconf 78' lang='lat' dir='ltr'><strong>addixit</strong></span> <span class='ocrx_word' id='word_1_169' title='bbox 1075 2523 1365 2578; x_wconf 90' lang='lat' dir='ltr'><strong>Dominum</strong></span> <span class='ocrx_word' id='word_1_170' title='bbox 1395 2521 1682 2576; x_wconf 87' lang='lat' dir='ltr'><strong>Joannem.</strong></span> <span class='ocrx_word' id='word_1_171' title='bbox 1727 2520 1984 2575; x_wconf 80' lang='lat' dir='ltr'><strong>Tendens</strong></span> 
     </span>
    </p>
   </div>
   <div class='ocr_carea' id='block_1_27' title="bbox 390 2612 1978 2682">
    <p class='ocr_par' dir='ltr' id='par_1_27' title="bbox 390 2612 1978 2682">
     <span class='ocr_line' id='line_1_27' title="bbox 390 2612 1978 2682; baseline -0.005 -10"><span class='ocrx_word' id='word_1_172' title='bbox 390 2617 461 2674; x_wconf 81' lang='lat' dir='ltr'><strong>ad</strong></span> <span class='ocrx_word' id='word_1_173' title='bbox 492 2627 746 2682; x_wconf 90' lang='lat' dir='ltr'><strong>mortem,</strong></span> <span class='ocrx_word' id='word_1_174' title='bbox 775 2616 913 2670; x_wconf 84' lang='lat' dir='ltr'><strong>nihil</strong></span> <span class='ocrx_word' id='word_1_175' title='bbox 948 2616 1097 2670; x_wconf 85' lang='lat' dir='ltr'><strong>aliud</strong></span> <span class='ocrx_word' id='word_1_176' title='bbox 1135 2631 1324 2670; x_wconf 87' lang='lat' dir='ltr'><strong>secum</strong></span> <span class='ocrx_word' id='word_1_177' title='bbox 1358 2614 1596 2676; x_wconf 87' lang='lat' dir='ltr'><strong>dicebat,</strong></span> <span class='ocrx_word' id='word_1_178' title='bbox 1628 2628 1792 2682; x_wconf 88' lang='lat' dir='ltr'><strong>quam</strong></span> <span class='ocrx_word' id='word_1_179' title='bbox 1831 2612 1937 2665; x_wconf 90' lang='lat' dir='ltr'><strong>hoc</strong></span> <span class='ocrx_word' id='word_1_180' title='bbox 1966 2629 1978 2663; x_wconf 92' lang='lat'>:</span> 
     </span>
    </p>
   </div>
   <div class='ocr_carea' id='block_1_28' title="bbox 389 2703 1983 2771">
    <p class='ocr_par' dir='ltr' id='par_1_28' title="bbox 389 2703 1983 2771">
     <span class='ocr_line' id='line_1_28' title="bbox 389 2703 1983 2771; baseline -0.006 -7"><span class='ocrx_word' id='word_1_181' title='bbox 389 2706 440 2764; x_wconf 87' lang='lat'><strong>0</strong></span> <span class='ocrx_word' id='word_1_182' title='bbox 471 2706 614 2762; x_wconf 91' lang='lat' dir='ltr'><strong>Deus</strong></span> <span class='ocrx_word' id='word_1_183' title='bbox 657 2706 789 2771; x_wconf 85' lang='lat' dir='ltr'><strong>Sali,</strong></span> <span class='ocrx_word' id='word_1_184' title='bbox 834 2706 981 2761; x_wconf 88' lang='lat' dir='ltr'><strong>adsis</strong></span> <span class='ocrx_word' id='word_1_185' title='bbox 1012 2706 1147 2759; x_wconf 90' lang='lat' dir='ltr'><strong>mihi</strong></span> <span class='ocrx_word' id='word_1_186' title='bbox 1191 2706 1243 2758; x_wconf 90' lang='lat' dir='ltr'><strong>in</strong></span> <span class='ocrx_word' id='word_1_187' title='bbox 1285 2706 1390 2759; x_wconf 87' lang='lat' dir='ltr'><strong>hac</strong></span> <span class='ocrx_word' id='word_1_188' title='bbox 1434 2704 1592 2758; x_wconf 86' lang='lat' dir='ltr'><strong>hora.</strong></span> <span class='ocrx_word' id='word_1_189' title='bbox 1644 2703 1754 2757; x_wconf 89' lang='lat' dir='ltr'><strong>Deo</strong></span> <span class='ocrx_word' id='word_1_190' title='bbox 1800 2710 1983 2756; x_wconf 87' lang='lat' dir='ltr'><strong>autem</strong></span> 
     </span>
    </p>
   </div>
   <div class='ocr_carea' id='block_1_29' title="bbox 393 2794 1984 2862">
    <p class='ocr_par' dir='ltr' id='par_1_29' title="bbox 393 2794 1984 2862">
     <span class='ocr_line' id='line_1_29' title="bbox 393 2794 1984 2862; baseline -0.006 -6"><span class='ocrx_word' id='word_1_191' title='bbox 393 2803 610 2856; x_wconf 86' lang='lat' dir='ltr'><strong>volente</strong></span> <span class='ocrx_word' id='word_1_192' title='bbox 647 2800 799 2852; x_wconf 88' lang='lat' dir='ltr'><strong>illum</strong></span> <span class='ocrx_word' id='word_1_193' title='bbox 827 2799 1061 2852; x_wconf 85' lang='lat' dir='ltr'><strong>liberare</strong></span> <span class='ocrx_word' id='word_1_194' title='bbox 1087 2814 1116 2851; x_wconf 90' lang='lat' dir='ltr'><strong>a</strong></span> <span class='ocrx_word' id='word_1_195' title='bbox 1148 2798 1237 2851; x_wconf 84' lang='lat' dir='ltr'><strong>tali</strong></span> <span class='ocrx_word' id='word_1_196' title='bbox 1268 2796 1564 2860; x_wconf 90' lang='lat' dir='ltr'><strong>calumnia,</strong></span> <span class='ocrx_word' id='word_1_197' title='bbox 1597 2794 1749 2848; x_wconf 85' lang='lat' dir='ltr'><strong>venit</strong></span> <span class='ocrx_word' id='word_1_198' title='bbox 1782 2794 1984 2862; x_wconf 77' lang='lat' dir='ltr'><strong>aliquis</strong></span> 
     </span>
    </p>
   </div>
   <div class='ocr_carea' id='block_1_30' title="bbox 390 2868 2024 2961">
    <p class='ocr_par' dir='ltr' id='par_1_30' title="bbox 390 2868 2024 2961">
     <span class='ocr_line' id='line_1_30' title="bbox 390 2868 2024 2961; baseline -0.005 -14"><span class='ocrx_word' id='word_1_199' title='bbox 390 2893 465 2948; x_wconf 86' lang='lat' dir='ltr'><strong>ad</strong></span> <span class='ocrx_word' id='word_1_200' title='bbox 496 2892 748 2945; x_wconf 88' lang='lat' dir='ltr'><strong>abbatem</strong></span> <span class='ocrx_word' id='word_1_201' title='bbox 795 2889 1143 2961; x_wconf 85' lang='lat' dir='ltr'><strong>Symeouem,</strong></span> <span class='ocrx_word' id='word_1_202' title='bbox 1189 2897 1243 2943; x_wconf 88' lang='lat' dir='ltr'><strong>et</strong></span> <span class='ocrx_word' id='word_1_203' title='bbox 1281 2888 1420 2943; x_wconf 77' lang='lat' dir='ltr'><strong>dixit</strong></span> <span class='ocrx_word' id='word_1_204' title='bbox 1449 2904 1468 2941; x_wconf 90' lang='lat'><strong><em>:</em></strong></span> <span class='ocrx_word' id='word_1_205' title='bbox 1500 2886 1724 2941; x_wconf 73' lang='lat' dir='ltr'><strong>lnl‘clis!</strong></span> <span class='ocrx_word' id='word_1_206' title='bbox 1762 2886 1987 2939; x_wconf 74' lang='lat' dir='ltr'><strong>Amicus</strong></span> <span class='ocrx_word' id='word_1_207' title='bbox 2012 2868 2024 2876; x_wconf 60' lang='grc'><em>’</em></span> 
     </span>
    </p>
   </div>
   <div class='ocr_carea' id='block_1_31' title="bbox 391 2976 1985 3039">
    <p class='ocr_par' dir='ltr' id='par_1_31' title="bbox 391 2976 1985 3039">
     <span class='ocr_line' id='line_1_31' title="bbox 391 2976 1985 3039; baseline -0.006 -3"><span class='ocrx_word' id='word_1_208' title='bbox 391 2978 501 3037; x_wconf 86' lang='lat' dir='ltr'><strong>iste</strong></span> <span class='ocrx_word' id='word_1_209' title='bbox 530 2988 656 3035; x_wconf 91' lang='lat' dir='ltr'><strong>tuus</strong></span> <span class='ocrx_word' id='word_1_210' title='bbox 695 2979 963 3033; x_wconf 87' lang='lat' dir='ltr'><strong>Dominus</strong></span> <span class='ocrx_word' id='word_1_211' title='bbox 1004 2977 1244 3032; x_wconf 88' lang='lat' dir='ltr'><strong>Joannes</strong></span> <span class='ocrx_word' id='word_1_212' title='bbox 1280 2977 1535 3039; x_wconf 88' lang='lat' dir='ltr'><strong>discedit,</strong></span> <span class='ocrx_word' id='word_1_213' title='bbox 1581 2984 1641 3029; x_wconf 90' lang='lat' dir='ltr'><strong>ut</strong></span> <span class='ocrx_word' id='word_1_214' title='bbox 1691 2976 1744 3028; x_wconf 91' lang='lat' dir='ltr'><strong>in</strong></span> <span class='ocrx_word' id='word_1_215' title='bbox 1779 2976 1985 3028; x_wconf 83' lang='lat' dir='ltr'><strong>l‘nrcam</strong></span> 
     </span>
    </p>
   </div>
   <div class='ocr_carea' id='block_1_32' title="bbox 392 3067 1987 3141">
    <p class='ocr_par' dir='ltr' id='par_1_32' title="bbox 392 3067 1987 3141">
     <span class='ocr_line' id='line_1_32' title="bbox 392 3067 1987 3141; baseline -0.004 -16"><span class='ocrx_word' id='word_1_216' title='bbox 392 3078 587 3141; x_wconf 79' lang='lat' dir='ltr'><strong>agatur</strong></span> <span class='ocrx_word' id='word_1_217' title='bbox 612 3088 626 3136; x_wconf 92' lang='lat'><strong>;</strong></span> <span class='ocrx_word' id='word_1_218' title='bbox 653 3079 711 3124; x_wconf 89' lang='lat' dir='ltr'><strong>et</strong></span> <span class='ocrx_word' id='word_1_219' title='bbox 732 3084 859 3125; x_wconf 84' lang='lat' dir='ltr'><strong>vere</strong></span> <span class='ocrx_word' id='word_1_220' title='bbox 885 3069 931 3123; x_wconf 89' lang='lat' dir='ltr'><strong>si</strong></span> <span class='ocrx_word' id='word_1_221' title='bbox 961 3068 1051 3123; x_wconf 89' lang='lat' dir='ltr'><strong>ille</strong></span> <span class='ocrx_word' id='word_1_222' title='bbox 1087 3068 1380 3131; x_wconf 87' lang='lat' dir='ltr'><strong>moriatur,</strong></span> <span class='ocrx_word' id='word_1_223' title='bbox 1411 3067 1668 3121; x_wconf 87' lang='lat' dir='ltr'><strong>morieris</strong></span> <span class='ocrx_word' id='word_1_224' title='bbox 1698 3073 1753 3120; x_wconf 88' lang='lat' dir='ltr'><strong>et</strong></span> <span class='ocrx_word' id='word_1_225' title='bbox 1785 3073 1842 3119; x_wconf 91' lang='lat' dir='ltr'><strong>tu</strong></span> <span class='ocrx_word' id='word_1_226' title='bbox 1876 3079 1987 3134; x_wconf 82' lang='lat' dir='ltr'><strong>prae</strong></span> 
     </span>
    </p>
   </div>
   <div class='ocr_carea' id='block_1_33' title="bbox 2073 580 3656 661">
    <p class='ocr_par' dir='ltr' id='par_1_33' title="bbox 2073 580 3656 661">
     <span class='ocr_line' id='line_1_33' title="bbox 2073 580 3656 661; baseline -0.008 -16"><span class='ocrx_word' id='word_1_227' title='bbox 2073 593 2248 661; x_wconf 82' lang='grc' dir='ltr'>λέγων</span> <span class='ocrx_word' id='word_1_228' title='bbox 2287 587 2453 658; x_wconf 72' lang='grc' dir='ltr'>αὐτῷ·</span> <span class='ocrx_word' id='word_1_229' title='bbox 2489 587 2555 639; x_wconf 79' lang='grc' dir='ltr'><strong>Τί</strong></span> <span class='ocrx_word' id='word_1_230' title='bbox 2577 588 2748 648; x_wconf 76' lang='grc' dir='ltr'>ἐστιν,</span> <span class='ocrx_word' id='word_1_231' title='bbox 2792 585 2988 654; x_wconf 74' lang='grc' dir='ltr'>ἐξηχες</span> <span class='ocrx_word' id='word_1_232' title='bbox 3046 582 3164 644; x_wconf 79' lang='grc' dir='ltr'>πῶς</span> <span class='ocrx_word' id='word_1_233' title='bbox 3204 580 3318 650; x_wconf 77' lang='grc' dir='ltr'>ἔχει</span> <span class='ocrx_word' id='word_1_234' title='bbox 3373 583 3401 633; x_wconf 85' lang='lat'><strong>6</strong></span> <span class='ocrx_word' id='word_1_235' title='bbox 3429 581 3595 643; x_wconf 71' lang='grc' dir='ltr'>Σαλδς</span> <span class='ocrx_word' id='word_1_236' title='bbox 3630 586 3656 633; x_wconf 85' lang='lat'><strong>6</strong></span> 
     </span>
    </p>
   </div>
   <div class='ocr_carea' id='block_1_34' title="bbox 2072 671 3659 755">
    <p class='ocr_par' dir='ltr' id='par_1_34' title="bbox 2072 671 3659 755">
     <span class='ocr_line' id='line_1_34' title="bbox 2072 671 3659 755; baseline -0.01 -16"><span class='ocrx_word' id='word_1_237' title='bbox 2072 684 2256 755; x_wconf 76' lang='grc' dir='ltr'>ὅμοιός</span> <span class='ocrx_word' id='word_1_238' title='bbox 2299 700 2393 735; x_wconf 87' lang='grc' dir='ltr'><strong>σου</strong></span> <span class='ocrx_word' id='word_1_239' title='bbox 2435 680 2723 750; x_wconf 78' lang='grc' dir='ltr'>Ἰωάννης;</span> <span class='ocrx_word' id='word_1_240' title='bbox 2768 678 2842 748; x_wconf 81' lang='grc' dir='ltr'>μὴ</span> <span class='ocrx_word' id='word_1_241' title='bbox 2894 675 3097 743; x_wconf 69' lang='grc' dir='ltr'>ἔφαγες</span> <span class='ocrx_word' id='word_1_242' title='bbox 3133 674 3235 739; x_wconf 78' lang='grc' dir='ltr'><strong>τὰς</strong></span> <span class='ocrx_word' id='word_1_243' title='bbox 3276 671 3563 741; x_wconf 72' lang='grc' dir='ltr'>εὐλογίας,</span> <span class='ocrx_word' id='word_1_244' title='bbox 3595 672 3659 735; x_wconf 74' lang='grc' dir='ltr'>ἃς</span> 
     </span>
    </p>
   </div>
   <div class='ocr_carea' id='block_1_35' title="bbox 2073 764 3658 839">
    <p class='ocr_par' dir='ltr' id='par_1_35' title="bbox 2073 764 3658 839">
     <span class='ocr_line' id='line_1_35' title="bbox 2073 764 3658 839; baseline -0.008 -10"><span class='ocrx_word' id='word_1_245' title='bbox 2073 775 2273 829; x_wconf 77' lang='grc' dir='ltr'>δέδωκέ</span> <span class='ocrx_word' id='word_1_246' title='bbox 2298 790 2407 839; x_wconf 81' lang='grc' dir='ltr'>σοις</span> <span class='ocrx_word' id='word_1_247' title='bbox 2441 773 2632 834; x_wconf 63' lang='grc' dir='ltr'>δντωξ,</span> <span class='ocrx_word' id='word_1_248' title='bbox 2663 771 2853 834; x_wconf 71' lang='grc' dir='ltr'>ὄντως,</span> <span class='ocrx_word' id='word_1_249' title='bbox 2890 766 2984 821; x_wconf 81' lang='grc' dir='ltr'><strong>ἐὰν</strong></span> <span class='ocrx_word' id='word_1_250' title='bbox 3016 767 3220 834; x_wconf 71' lang='grc' dir='ltr'>ἔφαγες</span> <span class='ocrx_word' id='word_1_251' title='bbox 3241 764 3339 827; x_wconf 71' lang='grc' dir='ltr'>τὰς</span> <span class='ocrx_word' id='word_1_252' title='bbox 3366 767 3532 835; x_wconf 84' lang='grc' dir='ltr'>τρεῖς,</span> <span class='ocrx_word' id='word_1_253' title='bbox 3564 782 3658 816; x_wconf 85' lang='grc' dir='ltr'>κα-</span> 
     </span>
    </p>
   </div>
   <div class='ocr_carea' id='block_1_36' title="bbox 2076 854 3662 931">
    <p class='ocr_par' dir='ltr' id='par_1_36' title="bbox 2076 854 3662 931">
     <span class='ocr_line' id='line_1_36' title="bbox 2076 854 3662 931; baseline -0.009 -9"><span class='ocrx_word' id='word_1_254' title='bbox 2076 869 2184 931; x_wconf 81' lang='grc' dir='ltr'><strong>κῶς</strong></span> <span class='ocrx_word' id='word_1_255' title='bbox 2235 866 2404 928; x_wconf 66' lang='grc' dir='ltr'>αὐτὲις</span> <span class='ocrx_word' id='word_1_256' title='bbox 2474 864 2711 925; x_wconf 72' lang='grc' dir='ltr'>πέττεις.</span> <span class='ocrx_word' id='word_1_257' title='bbox 2780 860 3017 921; x_wconf 77' lang='grc' dir='ltr'>Ἐκεῖνος</span> <span class='ocrx_word' id='word_1_258' title='bbox 3055 854 3149 911; x_wconf 76' lang='grc' dir='ltr'><strong>οὖν</strong></span> <span class='ocrx_word' id='word_1_259' title='bbox 3208 855 3536 926; x_wconf 75' lang='grc' dir='ltr'>ἐθαμϐήθη,</span> <span class='ocrx_word' id='word_1_260' title='bbox 3591 854 3662 917; x_wconf 82' lang='grc' dir='ltr'><strong>ὡς</strong></span> 
     </span>
    </p>
   </div>
   <div class='ocr_carea' id='block_1_37' title="bbox 2076 946 3664 1024">
    <p class='ocr_par' dir='ltr' id='par_1_37' title="bbox 2076 946 3664 1024">
     <span class='ocr_line' id='line_1_37' title="bbox 2076 946 3664 1024; baseline -0.005 -19"><span class='ocrx_word' id='word_1_261' title='bbox 2076 956 2276 1024; x_wconf 71' lang='grc' dir='ltr'>ἢκουσε</span> <span class='ocrx_word' id='word_1_262' title='bbox 2326 954 2521 1012; x_wconf 72' lang='grc' dir='ltr'>πάντα,</span> <span class='ocrx_word' id='word_1_263' title='bbox 2564 951 2663 1003; x_wconf 71' lang='grc' dir='ltr'>ὅσα</span> <span class='ocrx_word' id='word_1_264' title='bbox 2695 947 2956 1018; x_wconf 70' lang='grc' dir='ltr'>ἠῆούλετο</span> <span class='ocrx_word' id='word_1_265' title='bbox 3013 947 3191 999; x_wconf 76' lang='grc' dir='ltr'>εἰπεῖν</span> <span class='ocrx_word' id='word_1_266' title='bbox 3226 946 3397 1014; x_wconf 80' lang='grc' dir='ltr'>αὐτῷ.</span> <span class='ocrx_word' id='word_1_267' title='bbox 3433 947 3664 997; x_wconf 71' lang='grc' dir='ltr'>Ἔλαϐεν</span> 
     </span>
    </p>
   </div>
   <div class='ocr_carea' id='block_1_38' title="bbox 2074 1035 3665 1103">
    <p class='ocr_par' dir='ltr' id='par_1_38' title="bbox 2074 1035 3665 1103">
     <span class='ocr_line' id='line_1_38' title="bbox 2074 1035 3665 1103; baseline -0.007 -5"><span class='ocrx_word' id='word_1_268' title='bbox 2074 1041 2168 1098; x_wconf 79' lang='grc' dir='ltr'><strong>οὖν</strong></span> <span class='ocrx_word' id='word_1_269' title='bbox 2198 1045 2360 1097; x_wconf 62' lang='grc' dir='ltr'>αὐτὸν</span> <span class='ocrx_word' id='word_1_270' title='bbox 2398 1040 2601 1103; x_wconf 82' lang='grc' dir='ltr'>εὐθέως</span> <span class='ocrx_word' id='word_1_271' title='bbox 2631 1043 2712 1102; x_wconf 85' lang='grc' dir='ltr'>είς</span> <span class='ocrx_word' id='word_1_272' title='bbox 2738 1040 2800 1093; x_wconf 73' lang='grc' dir='ltr'>τὸ</span> <span class='ocrx_word' id='word_1_273' title='bbox 2828 1038 3087 1093; x_wconf 73' lang='grc' dir='ltr'>καλύϐιον</span> <span class='ocrx_word' id='word_1_274' title='bbox 3113 1037 3279 1092; x_wconf 65' lang='grc' dir='ltr'>αὐτώ</span> <span class='ocrx_word' id='word_1_275' title='bbox 3308 1039 3337 1088; x_wconf 90' lang='lat'><strong>6</strong></span> <span class='ocrx_word' id='word_1_276' title='bbox 3367 1035 3558 1097; x_wconf 75' lang='grc' dir='ltr'>Σαλὺς,</span> <span class='ocrx_word' id='word_1_277' title='bbox 3577 1037 3665 1088; x_wconf 78' lang='grc' dir='ltr'>καὶ</span> 
     </span>
    </p>
   </div>
   <div class='ocr_carea' id='block_1_39' title="bbox 2074 1114 3697 1201">
    <p class='ocr_par' dir='ltr' id='par_1_39' title="bbox 2074 1114 3697 1201">
     <span class='ocr_line' id='line_1_39' title="bbox 2074 1114 3697 1201; baseline -0.006 -15"><span class='ocrx_word' id='word_1_278' title='bbox 2074 1133 2249 1196; x_wconf 77' lang='grc' dir='ltr'>οὕτως</span> <span class='ocrx_word' id='word_1_279' title='bbox 2273 1132 2634 1201; x_wconf 76' lang='grc' dir='ltr'><strong>διισχυρίζετο</strong></span> <span class='ocrx_word' id='word_1_280' title='bbox 2663 1133 2690 1183; x_wconf 82' lang='grc' dir='ltr'>ὁ</span> <span class='ocrx_word' id='word_1_281' title='bbox 2720 1128 3176 1200; x_wconf 68' lang='grc' dir='ltr'><strong>πραγματευτὴς,</strong></span> <span class='ocrx_word' id='word_1_282' title='bbox 3211 1129 3295 1182; x_wconf 82' lang='grc' dir='ltr'><strong>ὅτι</strong></span> <span class='ocrx_word' id='word_1_283' title='bbox 3326 1128 3509 1180; x_wconf 81' lang='grc' dir='ltr'>Πάντα</span> <span class='ocrx_word' id='word_1_284' title='bbox 3530 1114 3697 1178; x_wconf 78' lang='grc' dir='ltr'>ἁπα·’</span> 
     </span>
    </p>
   </div>
   <div class='ocr_carea' id='block_1_40' title="bbox 2079 1215 3666 1297">
    <p class='ocr_par' dir='ltr' id='par_1_40' title="bbox 2079 1215 3666 1297">
     <span class='ocr_line' id='line_1_40' title="bbox 2079 1215 3666 1297; baseline -0.005 -20"><span class='ocrx_word' id='word_1_285' title='bbox 2079 1226 2399 1297; x_wconf 78' lang='grc' dir='ltr'>ραλλάκτως</span> <span class='ocrx_word' id='word_1_286' title='bbox 2427 1221 2713 1293; x_wconf 78' lang='grc' dir='ltr'>παρέθηκέ</span> <span class='ocrx_word' id='word_1_287' title='bbox 2752 1239 2841 1292; x_wconf 88' lang='grc' dir='ltr'><strong>μοι</strong></span> <span class='ocrx_word' id='word_1_288' title='bbox 2873 1221 2970 1274; x_wconf 78' lang='grc' dir='ltr'><strong>καὶ</strong></span> <span class='ocrx_word' id='word_1_289' title='bbox 2999 1215 3156 1284; x_wconf 71' lang='grc' dir='ltr'>οὗτος</span> <span class='ocrx_word' id='word_1_290' title='bbox 3193 1218 3271 1282; x_wconf 85' lang='grc' dir='ltr'><strong>ὡς</strong></span> <span class='ocrx_word' id='word_1_291' title='bbox 3317 1220 3414 1272; x_wconf 77' lang='grc' dir='ltr'><strong>καὶ</strong></span> <span class='ocrx_word' id='word_1_292' title='bbox 3449 1217 3666 1281; x_wconf 71' lang='grc' dir='ltr'><strong>ὀάϐεὲἱς</strong></span> 
     </span>
    </p>
   </div>
   <div class='ocr_carea' id='block_1_41' title="bbox 2089 1309 3665 1392">
    <p class='ocr_par' dir='ltr' id='par_1_41' title="bbox 2089 1309 3665 1392">
     <span class='ocr_line' id='line_1_41' title="bbox 2089 1309 3665 1392; baseline -0.003 -23"><span class='ocrx_word' id='word_1_293' title='bbox 2089 1317 2363 1386; x_wconf 75' lang='grc' dir='ltr'>Ἰωάννης,</span> <span class='ocrx_word' id='word_1_294' title='bbox 2394 1316 2636 1392; x_wconf 34' lang='grc' dir='ltr'>ἐωςσκαὶ</span> <span class='ocrx_word' id='word_1_295' title='bbox 2679 1314 2844 1368; x_wconf 81' lang='grc' dir='ltr'>αὑτοῦ</span> <span class='ocrx_word' id='word_1_296' title='bbox 2880 1312 2974 1366; x_wconf 83' lang='grc' dir='ltr'>τοῦ</span> <span class='ocrx_word' id='word_1_297' title='bbox 3030 1313 3293 1382; x_wconf 81' lang='grc' dir='ltr'>μεγέθους</span> <span class='ocrx_word' id='word_1_298' title='bbox 3323 1311 3423 1380; x_wconf 70' lang='grc' dir='ltr'>τῆς</span> <span class='ocrx_word' id='word_1_299' title='bbox 3457 1309 3665 1380; x_wconf 72' lang='grc' dir='ltr'>βίστης,</span> 
     </span>
    </p>
   </div>
   <div class='ocr_carea' id='block_1_42' title="bbox 2077 1404 3649 1480">
    <p class='ocr_par' dir='ltr' id='par_1_42' title="bbox 2077 1404 3649 1480">
     <span class='ocr_line' id='line_1_42' title="bbox 2077 1404 3649 1480; baseline -0.006 -18"><span class='ocrx_word' id='word_1_300' title='bbox 2077 1404 2144 1480; x_wconf 82' lang='grc' dir='ltr'>ἦς</span> <span class='ocrx_word' id='word_1_301' title='bbox 2184 1405 2320 1462; x_wconf 82' lang='grc' dir='ltr'>εἶδεν</span> <span class='ocrx_word' id='word_1_302' title='bbox 2349 1411 2428 1469; x_wconf 80' lang='grc' dir='ltr'>εἰς</span> <span class='ocrx_word' id='word_1_303' title='bbox 2474 1409 2535 1460; x_wconf 77' lang='grc' dir='ltr'>τ’)</span> <span class='ocrx_word' id='word_1_304' title='bbox 2590 1407 2860 1477; x_wconf 79' lang='grc' dir='ltr'>σπήλαιον</span> <span class='ocrx_word' id='word_1_305' title='bbox 2915 1405 3104 1464; x_wconf 72' lang='grc' dir='ltr'>αὐτοῦ,</span> <span class='ocrx_word' id='word_1_306' title='bbox 3132 1406 3229 1457; x_wconf 76' lang='grc' dir='ltr'><strong>καὶ</strong></span> <span class='ocrx_word' id='word_1_307' title='bbox 3262 1405 3338 1467; x_wconf 85' lang='grc' dir='ltr'>ὡς</span> <span class='ocrx_word' id='word_1_308' title='bbox 3370 1404 3649 1470; x_wconf 76' lang='grc' dir='ltr'><strong>ἐφάγομεν</strong></span> 
     </span>
    </p>
   </div>
   <div class='ocr_carea' id='block_1_43' title="bbox 2078 1487 3671 1571">
    <p class='ocr_par' dir='ltr' id='par_1_43' title="bbox 2078 1487 3671 1571">
     <span class='ocr_line' id='line_1_43' title="bbox 2078 1487 3671 1571; baseline -0.006 -17"><span class='ocrx_word' id='word_1_309' title='bbox 2078 1487 2426 1570; x_wconf 75' lang='grc' dir='ltr'>ἐδωκσῖαὺτῷ</span> <span class='ocrx_word' id='word_1_310' title='bbox 2453 1501 2567 1564; x_wconf 61' lang='grc' dir='ltr'>τὰς</span> <span class='ocrx_word' id='word_1_311' title='bbox 2591 1503 2739 1571; x_wconf 83' lang='grc' dir='ltr'>τρεῖς</span> <span class='ocrx_word' id='word_1_312' title='bbox 2775 1499 3056 1566; x_wconf 78' lang='grc' dir='ltr'>εὐλογίας,</span> <span class='ocrx_word' id='word_1_313' title='bbox 3102 1497 3197 1549; x_wconf 84' lang='grc' dir='ltr'>καὶ</span> <span class='ocrx_word' id='word_1_314' title='bbox 3228 1492 3563 1565; x_wconf 78' lang='grc' dir='ltr'>ἀνεχώρησα</span> <span class='ocrx_word' id='word_1_315' title='bbox 3598 1496 3671 1556; x_wconf 81' lang='grc' dir='ltr'><strong>είς</strong></span> 
     </span>
    </p>
   </div>
   <div class='ocr_carea' id='block_1_44' title="bbox 2076 1585 3672 1663">
    <p class='ocr_par' dir='ltr' id='par_1_44' title="bbox 2076 1585 3672 1663">
     <span class='ocr_line' id='line_1_44' title="bbox 2076 1585 3672 1663; baseline -0.008 -17"><span class='ocrx_word' id='word_1_316' title='bbox 2076 1593 2170 1646; x_wconf 80' lang='grc' dir='ltr'><strong>τὸν</strong></span> <span class='ocrx_word' id='word_1_317' title='bbox 2213 1591 2361 1646; x_wconf 74' lang='grc' dir='ltr'>οἶκόν</span> <span class='ocrx_word' id='word_1_318' title='bbox 2395 1609 2520 1663; x_wconf 88' lang='grc' dir='ltr'>μου,</span> <span class='ocrx_word' id='word_1_319' title='bbox 2585 1590 2854 1663; x_wconf 82' lang='grc' dir='ltr'>ἐρυθριῶν</span> <span class='ocrx_word' id='word_1_320' title='bbox 2912 1590 3088 1641; x_wconf 72' lang='grc' dir='ltr'>εἰπεῖν</span> <span class='ocrx_word' id='word_1_321' title='bbox 3148 1585 3258 1640; x_wconf 87' lang='grc' dir='ltr'>τινί</span> <span class='ocrx_word' id='word_1_322' title='bbox 3288 1587 3341 1638; x_wconf 92' lang='grc' dir='ltr'>τί</span> <span class='ocrx_word' id='word_1_323' title='bbox 3383 1602 3517 1638; x_wconf 82' lang='grc' dir='ltr'>ποτε</span> <span class='ocrx_word' id='word_1_324' title='bbox 3549 1586 3672 1653; x_wconf 77' lang='grc' dir='ltr'>περὶ</span> 
     </span>
    </p>
   </div>
   <div class='ocr_carea' id='block_1_45' title="bbox 2079 1674 3672 1751">
    <p class='ocr_par' dir='ltr' id='par_1_45' title="bbox 2079 1674 3672 1751">
     <span class='ocr_line' id='line_1_45' title="bbox 2079 1674 3672 1751; baseline -0.008 -12"><span class='ocrx_word' id='word_1_325' title='bbox 2079 1684 2268 1741; x_wconf 77' lang='grc' dir='ltr'>αὐτοῦ.</span> <span class='ocrx_word' id='word_1_326' title='bbox 2324 1685 2469 1737; x_wconf 80' lang='grc' dir='ltr'>Διότι</span> <span class='ocrx_word' id='word_1_327' title='bbox 2539 1685 2739 1745; x_wconf 73' lang='grc' dir='ltr'>πάντες</span> <span class='ocrx_word' id='word_1_328' title='bbox 2804 1677 3284 1751; x_wconf 63' lang='grc' dir='ltr'>ἐπληροφοροῦντο</span> <span class='ocrx_word' id='word_1_329' title='bbox 3331 1676 3417 1728; x_wconf 84' lang='grc' dir='ltr'>ὅτι</span> <span class='ocrx_word' id='word_1_330' title='bbox 3486 1674 3672 1744; x_wconf 75' lang='grc' dir='ltr'>ἔξηχός</span> 
     </span>
    </p>
   </div>
   <div class='ocr_carea' id='block_1_46' title="bbox 2080 1779 2248 1833">
    <p class='ocr_par' dir='ltr' id='par_1_46' title="bbox 2080 1779 2248 1833">
     <span class='ocr_line' id='line_1_46' title="bbox 2080 1779 2248 1833; baseline -0.006 0"><span class='ocrx_word' id='word_1_331' title='bbox 2080 1779 2248 1833; x_wconf 84' lang='grc' dir='ltr'>ἐστιν.</span> 
     </span>
    </p>
   </div>
   <div class='ocr_carea' id='block_1_47' title="bbox 2153 1861 3723 1942">
    <p class='ocr_par' dir='ltr' id='par_1_47' title="bbox 2153 1861 3723 1942">
     <span class='ocr_line' id='line_1_47' title="bbox 2153 1861 3723 1942; baseline -0.006 -18"><span class='ocrx_word' id='word_1_332' title='bbox 2153 1873 2215 1931; x_wconf 85' lang='grc' dir='ltr'><strong>ν’.</strong></span> <span class='ocrx_word' id='word_1_333' title='bbox 2273 1870 2558 1942; x_wconf 83' lang='grc' dir='ltr'>Ἀνωτέρω</span> <span class='ocrx_word' id='word_1_334' title='bbox 2609 1870 2947 1940; x_wconf 77' lang='grc' dir='ltr'>εἰρήκαμεν,</span> <span class='ocrx_word' id='word_1_335' title='bbox 3003 1865 3085 1918; x_wconf 79' lang='grc' dir='ltr'><strong>ὅτι</strong></span> <span class='ocrx_word' id='word_1_336' title='bbox 3141 1864 3367 1933; x_wconf 83' lang='grc' dir='ltr'>ἐποίησέ</span> <span class='ocrx_word' id='word_1_337' title='bbox 3406 1881 3462 1915; x_wconf 85' lang='grc' dir='ltr'>τι</span> <span class='ocrx_word' id='word_1_338' title='bbox 3497 1861 3675 1931; x_wconf 76' lang='grc' dir='ltr'>θαῦμα</span> <span class='ocrx_word' id='word_1_339' title='bbox 3712 1894 3723 1907; x_wconf 85' lang='lat'><strong>-</strong></span> 
     </span>
    </p>
   </div>
   <div class='ocr_carea' id='block_1_48' title="bbox 2081 1954 3677 2033">
    <p class='ocr_par' dir='ltr' id='par_1_48' title="bbox 2081 1954 3677 2033">
     <span class='ocr_line' id='line_1_48' title="bbox 2081 1954 3677 2033; baseline -0.009 -13"><span class='ocrx_word' id='word_1_340' title='bbox 2081 1969 2160 2030; x_wconf 89' lang='grc' dir='ltr'><strong>εἰς</strong></span> <span class='ocrx_word' id='word_1_341' title='bbox 2189 1956 2281 2019; x_wconf 51' lang='grc' dir='ltr'>τὶν</span> <span class='ocrx_word' id='word_1_342' title='bbox 2305 1964 2529 2033; x_wconf 78' lang='grc' dir='ltr'>θεοφιλῆ</span> <span class='ocrx_word' id='word_1_343' title='bbox 2553 1962 2744 2032; x_wconf 84' lang='grc' dir='ltr'>ἄνδρα,</span> <span class='ocrx_word' id='word_1_344' title='bbox 2765 1963 2857 2015; x_wconf 77' lang='grc' dir='ltr'>τδν</span> <span class='ocrx_word' id='word_1_345' title='bbox 2889 1960 2981 2013; x_wconf 73' lang='grc' dir='ltr'><strong>καὶ</strong></span> <span class='ocrx_word' id='word_1_346' title='bbox 3012 1959 3100 2011; x_wconf 75' lang='grc' dir='ltr'><strong>τὸν</strong></span> <span class='ocrx_word' id='word_1_347' title='bbox 3127 1957 3243 2026; x_wconf 71' lang='grc' dir='ltr'>βίον</span> <span class='ocrx_word' id='word_1_348' title='bbox 3280 1955 3451 2009; x_wconf 77' lang='grc' dir='ltr'>αὑτοῦ</span> <span class='ocrx_word' id='word_1_349' title='bbox 3481 1954 3677 2022; x_wconf 77' lang='grc' dir='ltr'>ἐξηγη-</span> 
     </span>
    </p>
   </div>
   <div class='ocr_carea' id='block_1_49' title="bbox 2082 2046 3679 2129">
    <p class='ocr_par' dir='ltr' id='par_1_49' title="bbox 2082 2046 3679 2129">
     <span class='ocr_line' id='line_1_49' title="bbox 2082 2046 3679 2129; baseline -0.01 -16"><span class='ocrx_word' id='word_1_350' title='bbox 2082 2060 2319 2129; x_wconf 79' lang='grc' dir='ltr'>σάμενον</span> <span class='ocrx_word' id='word_1_351' title='bbox 2352 2060 2504 2127; x_wconf 75' lang='grc' dir='ltr'>ἡμῖν.</span> <span class='ocrx_word' id='word_1_352' title='bbox 2550 2057 2609 2109; x_wconf 83' lang='lat'><strong>&#39;0</strong></span> <span class='ocrx_word' id='word_1_353' title='bbox 2633 2056 2687 2108; x_wconf 79' lang='grc' dir='ltr'>δὲ</span> <span class='ocrx_word' id='word_1_354' title='bbox 2718 2055 2917 2125; x_wconf 77' lang='grc' dir='ltr'>τρόπος</span> <span class='ocrx_word' id='word_1_355' title='bbox 2952 2050 3046 2104; x_wconf 72' lang='grc' dir='ltr'>τοῦ</span> <span class='ocrx_word' id='word_1_356' title='bbox 3093 2049 3374 2120; x_wconf 78' lang='grc' dir='ltr'>θ;ὐματός</span> <span class='ocrx_word' id='word_1_357' title='bbox 3412 2049 3563 2100; x_wconf 74' lang='grc' dir='ltr'>ἐστιν</span> <span class='ocrx_word' id='word_1_358' title='bbox 3587 2046 3679 2098; x_wconf 71' lang='grc' dir='ltr'><strong>οὗ·</strong></span> 
     </span>
    </p>
   </div>
   <div class='ocr_carea' id='block_1_50' title="bbox 2082 2141 3675 2219">
    <p class='ocr_par' dir='ltr' id='par_1_50' title="bbox 2082 2141 3675 2219">
     <span class='ocr_line' id='line_1_50' title="bbox 2082 2141 3675 2219; baseline -0.009 -14"><span class='ocrx_word' id='word_1_359' title='bbox 2082 2170 2213 2216; x_wconf 76' lang='grc' dir='ltr'>τωςο</span> <span class='ocrx_word' id='word_1_360' title='bbox 2248 2152 2408 2215; x_wconf 77' lang='grc' dir='ltr'>Τινὲς</span> <span class='ocrx_word' id='word_1_361' title='bbox 2450 2150 2742 2219; x_wconf 75' lang='grc' dir='ltr'>κακοῦργοι</span> <span class='ocrx_word' id='word_1_362' title='bbox 2773 2147 3037 2217; x_wconf 77' lang='grc' dir='ltr'>ἐποίησαν</span> <span class='ocrx_word' id='word_1_363' title='bbox 3079 2146 3259 2215; x_wconf 60' lang='grc' dir='ltr'>φόνον,</span> <span class='ocrx_word' id='word_1_364' title='bbox 3300 2143 3397 2197; x_wconf 74' lang='grc' dir='ltr'><strong>καὶ</strong></span> <span class='ocrx_word' id='word_1_365' title='bbox 3422 2141 3675 2204; x_wconf 63' lang='grc' dir='ltr'>λαϐόντες</span> 
     </span>
    </p>
   </div>
   <div class='ocr_carea' id='block_1_51' title="bbox 2081 2228 3675 2313">
    <p class='ocr_par' dir='ltr' id='par_1_51' title="bbox 2081 2228 3675 2313">
     <span class='ocr_line' id='line_1_51' title="bbox 2081 2228 3675 2313; baseline -0.01 -15"><span class='ocrx_word' id='word_1_366' title='bbox 2081 2244 2143 2298; x_wconf 80' lang='grc' dir='ltr'>τὸ</span> <span class='ocrx_word' id='word_1_367' title='bbox 2165 2246 2453 2313; x_wconf 78' lang='grc' dir='ltr'>σκήνωμα,</span> <span class='ocrx_word' id='word_1_368' title='bbox 2487 2242 2720 2312; x_wconf 65' lang='grc' dir='ltr'>ἔρριψαν</span> <span class='ocrx_word' id='word_1_369' title='bbox 2752 2240 2840 2293; x_wconf 78' lang='grc' dir='ltr'><strong>διὰ</strong></span> <span class='ocrx_word' id='word_1_370' title='bbox 2870 2237 3083 2310; x_wconf 81' lang='grc' dir='ltr'>θυρίδος</span> <span class='ocrx_word' id='word_1_371' title='bbox 3118 2237 3225 2299; x_wconf 77' lang='grc' dir='ltr'>ἕως</span> <span class='ocrx_word' id='word_1_372' title='bbox 3262 2236 3357 2287; x_wconf 79' lang='grc' dir='ltr'><strong>τὸν</strong></span> <span class='ocrx_word' id='word_1_373' title='bbox 3398 2228 3552 2286; x_wconf 81' lang='grc' dir='ltr'>οἶκον</span> <span class='ocrx_word' id='word_1_374' title='bbox 3591 2231 3675 2283; x_wconf 78' lang='grc' dir='ltr'>τοῦ</span> 
     </span>
    </p>
   </div>
   <div class='ocr_carea' id='block_1_52' title="bbox 2083 2318 3678 2402">
    <p class='ocr_par' dir='ltr' id='par_1_52' title="bbox 2083 2318 3678 2402">
     <span class='ocr_line' id='line_1_52' title="bbox 2083 2318 3678 2402; baseline -0.007 -17"><span class='ocrx_word' id='word_1_375' title='bbox 2083 2333 2378 2402; x_wconf 79' lang='grc' dir='ltr'><strong>εἰρημένου</strong></span> <span class='ocrx_word' id='word_1_376' title='bbox 2415 2329 2831 2399; x_wconf 76' lang='grc' dir='ltr'><strong>θεοφιλεστάτου</strong></span> <span class='ocrx_word' id='word_1_377' title='bbox 2878 2327 3094 2395; x_wconf 80' lang='grc' dir='ltr'>ἀνδρός.</span> <span class='ocrx_word' id='word_1_378' title='bbox 3128 2326 3391 2394; x_wconf 78' lang='grc' dir='ltr'>Ταραχῆς</span> <span class='ocrx_word' id='word_1_379' title='bbox 3447 2318 3543 2375; x_wconf 79' lang='grc' dir='ltr'><strong>οὖν</strong></span> <span class='ocrx_word' id='word_1_380' title='bbox 3582 2323 3678 2374; x_wconf 73' lang='grc' dir='ltr'>οὐκ</span> 
     </span>
    </p>
   </div>
   <div class='ocr_carea' id='block_1_53' title="bbox 2083 2416 3677 2495">
    <p class='ocr_par' dir='ltr' id='par_1_53' title="bbox 2083 2416 3677 2495">
     <span class='ocr_line' id='line_1_53' title="bbox 2083 2416 3677 2495; baseline -0.009 -17"><span class='ocrx_word' id='word_1_381' title='bbox 2083 2424 2272 2495; x_wconf 78' lang='grc' dir='ltr'><strong>ὀλίγης</strong></span> <span class='ocrx_word' id='word_1_382' title='bbox 2295 2423 2619 2493; x_wconf 81' lang='grc' dir='ltr'>γενομένης.</span> <span class='ocrx_word' id='word_1_383' title='bbox 2650 2417 2815 2492; x_wconf 82' lang='grc' dir='ltr'>ἦλθεν</span> <span class='ocrx_word' id='word_1_384' title='bbox 2836 2420 2914 2482; x_wconf 80' lang='grc' dir='ltr'><strong>εἰς</strong></span> <span class='ocrx_word' id='word_1_385' title='bbox 2946 2419 3038 2472; x_wconf 69' lang='grc' dir='ltr'><strong>τὸν</strong></span> <span class='ocrx_word' id='word_1_386' title='bbox 3063 2418 3301 2487; x_wconf 80' lang='grc' dir='ltr'>ἄρχοντα</span> <span class='ocrx_word' id='word_1_387' title='bbox 3332 2416 3390 2468; x_wconf 72' lang='grc' dir='ltr'>τὸ</span> <span class='ocrx_word' id='word_1_388' title='bbox 3425 2416 3677 2486; x_wconf 69' lang='grc' dir='ltr'>πρᾶγμα,</span> 
     </span>
    </p>
   </div>
   <div class='ocr_carea' id='block_1_54' title="bbox 2084 2506 3679 2584">
    <p class='ocr_par' dir='ltr' id='par_1_54' title="bbox 2084 2506 3679 2584">
     <span class='ocr_line' id='line_1_54' title="bbox 2084 2506 3679 2584; baseline -0.008 -15"><span class='ocrx_word' id='word_1_389' title='bbox 2084 2517 2178 2570; x_wconf 55' lang='grc' dir='ltr'><strong>καὶ⁴</strong></span> <span class='ocrx_word' id='word_1_390' title='bbox 2212 2514 2645 2584; x_wconf 68' lang='grc' dir='ltr'>ὲψηφίσατο,ῗνα</span> <span class='ocrx_word' id='word_1_391' title='bbox 2674 2510 2985 2582; x_wconf 81' lang='grc' dir='ltr'>φουρκισθῇ</span> <span class='ocrx_word' id='word_1_392' title='bbox 3012 2511 3041 2563; x_wconf 89' lang='lat'><strong>6</strong></span> <span class='ocrx_word' id='word_1_393' title='bbox 3076 2508 3237 2579; x_wconf 78' lang='grc' dir='ltr'>κῦρις</span> <span class='ocrx_word' id='word_1_394' title='bbox 3273 2508 3556 2576; x_wconf 67' lang='grc' dir='ltr'>Ἰωάννης.</span> <span class='ocrx_word' id='word_1_395' title='bbox 3598 2506 3679 2568; x_wconf 80' lang='grc' dir='ltr'>Ὠς</span> 
     </span>
    </p>
   </div>
   <div class='ocr_carea' id='block_1_55' title="bbox 2085 2598 3681 2675">
    <p class='ocr_par' dir='ltr' id='par_1_55' title="bbox 2085 2598 3681 2675">
     <span class='ocr_line' id='line_1_55' title="bbox 2085 2598 3681 2675; baseline -0.009 -13"><span class='ocrx_word' id='word_1_396' title='bbox 2085 2606 2179 2662; x_wconf 71' lang='grc' dir='ltr'><strong>οὖν</strong></span> <span class='ocrx_word' id='word_1_397' title='bbox 2218 2607 2383 2675; x_wconf 64' lang='grc' dir='ltr'>ἀπῄει</span> <span class='ocrx_word' id='word_1_398' title='bbox 2420 2606 2733 2664; x_wconf 85' lang='grc' dir='ltr'>ἀποθανεῖν.</span> <span class='ocrx_word' id='word_1_399' title='bbox 2766 2605 2919 2658; x_wconf 72' lang='grc' dir='ltr'>οὐδὲν</span> <span class='ocrx_word' id='word_1_400' title='bbox 2949 2603 3078 2657; x_wconf 80' lang='grc' dir='ltr'>ἄλλο</span> <span class='ocrx_word' id='word_1_401' title='bbox 3107 2602 3301 2667; x_wconf 81' lang='grc' dir='ltr'>ἔλεγεν-</span> <span class='ocrx_word' id='word_1_402' title='bbox 3347 2601 3430 2663; x_wconf 83' lang='grc' dir='ltr'>είς</span> <span class='ocrx_word' id='word_1_403' title='bbox 3468 2598 3681 2658; x_wconf 73' lang='grc' dir='ltr'>ἑαυτὸν,</span> 
     </span>
    </p>
   </div>
   <div class='ocr_carea' id='block_1_56' title="bbox 2086 2689 3684 2772">
    <p class='ocr_par' dir='ltr' id='par_1_56' title="bbox 2086 2689 3684 2772">
     <span class='ocr_line' id='line_1_56' title="bbox 2086 2689 3684 2772; baseline -0.008 -17"><span class='ocrx_word' id='word_1_404' title='bbox 2086 2702 2136 2755; x_wconf 80' lang='grc' dir='ltr'>εί</span> <span class='ocrx_word' id='word_1_405' title='bbox 2164 2701 2263 2772; x_wconf 84' lang='grc' dir='ltr'><strong>μή⁶</strong></span> <span class='ocrx_word' id='word_1_406' title='bbox 2284 2700 2340 2752; x_wconf 90' lang='grc' dir='ltr'><strong>Ὀ</strong></span> <span class='ocrx_word' id='word_1_407' title='bbox 2359 2699 2492 2762; x_wconf 76' lang='grc' dir='ltr'>Θεὸς</span> <span class='ocrx_word' id='word_1_408' title='bbox 2519 2698 2611 2751; x_wconf 80' lang='grc' dir='ltr'><strong>τοῦ</strong></span> <span class='ocrx_word' id='word_1_409' title='bbox 2638 2696 2835 2761; x_wconf 75' lang='grc' dir='ltr'>Σαλοῦ,</span> <span class='ocrx_word' id='word_1_410' title='bbox 2859 2695 3174 2767; x_wconf 78' lang='grc' dir='ltr'>παράστηθί</span> <span class='ocrx_word' id='word_1_411' title='bbox 3207 2709 3298 2763; x_wconf 84' lang='grc' dir='ltr'><strong>μοι</strong></span> <span class='ocrx_word' id='word_1_412' title='bbox 3327 2694 3391 2761; x_wconf 82' lang='grc' dir='ltr'>τῇ</span> <span class='ocrx_word' id='word_1_413' title='bbox 3422 2689 3684 2761; x_wconf 74' lang='grc' dir='ltr'>ὧρᾳταὺο</span> 
     </span>
    </p>
   </div>
   <div class='ocr_carea' id='block_1_57' title="bbox 2085 2785 3685 2863">
    <p class='ocr_par' dir='ltr' id='par_1_57' title="bbox 2085 2785 3685 2863">
     <span class='ocr_line' id='line_1_57' title="bbox 2085 2785 3685 2863; baseline -0.008 -17"><span class='ocrx_word' id='word_1_414' title='bbox 2085 2810 2175 2863; x_wconf 77' lang='grc' dir='ltr'><strong>τῃ.</strong></span> <span class='ocrx_word' id='word_1_415' title='bbox 2207 2790 2313 2845; x_wconf 79' lang='grc' dir='ltr'><strong>Τοῦ</strong></span> <span class='ocrx_word' id='word_1_416' title='bbox 2337 2792 2543 2863; x_wconf 81' lang='grc' dir='ltr'>Κυρίου</span> <span class='ocrx_word' id='word_1_417' title='bbox 2566 2790 2623 2843; x_wconf 74' lang='grc' dir='ltr'><strong>δὲ</strong></span> <span class='ocrx_word' id='word_1_418' title='bbox 2654 2790 2901 2851; x_wconf 82' lang='grc' dir='ltr'>θέλοντος</span> <span class='ocrx_word' id='word_1_419' title='bbox 2929 2789 3102 2842; x_wconf 80' lang='grc' dir='ltr'>σῶσαι</span> <span class='ocrx_word' id='word_1_420' title='bbox 3133 2787 3297 2839; x_wconf 67' lang='grc' dir='ltr'>αὐτον</span> <span class='ocrx_word' id='word_1_421' title='bbox 3328 2788 3394 2839; x_wconf 82' lang='grc' dir='ltr'><strong>ἐκ</strong></span> <span class='ocrx_word' id='word_1_422' title='bbox 3434 2785 3541 2855; x_wconf 68' lang='grc' dir='ltr'>τῆς</span> <span class='ocrx_word' id='word_1_423' title='bbox 3565 2800 3685 2836; x_wconf 88' lang='grc' dir='ltr'>τοι-</span> 
     </span>
    </p>
   </div>
   <div class='ocr_carea' id='block_1_58' title="bbox 2086 2873 3685 2950">
    <p class='ocr_par' dir='ltr' id='par_1_58' title="bbox 2086 2873 3685 2950">
     <span class='ocr_line' id='line_1_58' title="bbox 2086 2873 3685 2950; baseline -0.006 -16"><span class='ocrx_word' id='word_1_424' title='bbox 2086 2881 2258 2950; x_wconf 69' lang='grc' dir='ltr'>αύτης</span> <span class='ocrx_word' id='word_1_425' title='bbox 2305 2879 2696 2947; x_wconf 76' lang='grc' dir='ltr'>συκοφαντίας,</span> <span class='ocrx_word' id='word_1_426' title='bbox 2755 2873 2890 2949; x_wconf 78' lang='grc' dir='ltr'>ἦλθέ</span> <span class='ocrx_word' id='word_1_427' title='bbox 2944 2895 3050 2939; x_wconf 84' lang='grc' dir='ltr'>τις,</span> <span class='ocrx_word' id='word_1_428' title='bbox 3101 2879 3199 2930; x_wconf 73' lang='grc' dir='ltr'><strong>καὶ</strong></span> <span class='ocrx_word' id='word_1_429' title='bbox 3244 2876 3396 2943; x_wconf 83' lang='grc' dir='ltr'>λέγει</span> <span class='ocrx_word' id='word_1_430' title='bbox 3433 2874 3519 2944; x_wconf 83' lang='grc' dir='ltr'>τῷ</span> <span class='ocrx_word' id='word_1_431' title='bbox 3547 2873 3685 2943; x_wconf 73' lang='grc' dir='ltr'><strong>ἀεῦᾷ</strong></span> 
     </span>
    </p>
   </div>
   <div class='ocr_carea' id='block_1_59' title="bbox 2088 2968 3684 3042">
    <p class='ocr_par' dir='ltr' id='par_1_59' title="bbox 2088 2968 3684 3042">
     <span class='ocr_line' id='line_1_59' title="bbox 2088 2968 3684 3042; baseline -0.005 -17"><span class='ocrx_word' id='word_1_432' title='bbox 2088 2970 2334 3042; x_wconf 84' lang='grc' dir='ltr'>Συμεών·</span> <span class='ocrx_word' id='word_1_433' title='bbox 2374 2970 2633 3036; x_wconf 85' lang='grc' dir='ltr'>Ταπεινέ,</span> <span class='ocrx_word' id='word_1_434' title='bbox 2670 2973 2698 3024; x_wconf 88' lang='grc' dir='ltr'>ὁ</span> <span class='ocrx_word' id='word_1_435' title='bbox 2726 2971 2876 3040; x_wconf 77' lang='grc' dir='ltr'>φίλος</span> <span class='ocrx_word' id='word_1_436' title='bbox 2912 2986 3008 3024; x_wconf 88' lang='grc' dir='ltr'><strong>σου</strong></span> <span class='ocrx_word' id='word_1_437' title='bbox 3048 2973 3259 3032; x_wconf 80' lang='grc' dir='ltr'>ἐκεῖνος</span> <span class='ocrx_word' id='word_1_438' title='bbox 3282 2968 3489 3035; x_wconf 75' lang='grc' dir='ltr'>ὑπάγει</span> <span class='ocrx_word' id='word_1_439' title='bbox 3521 2982 3684 3036; x_wconf 79' lang='grc' dir='ltr'>φουρο</span> 
     </span>
    </p>
   </div>
   <div class='ocr_carea' id='block_1_60' title="bbox 2072 3058 3697 3135">
    <p class='ocr_par' dir='ltr' id='par_1_60' title="bbox 2072 3058 3697 3135">
     <span class='ocr_line' id='line_1_60' title="bbox 2072 3058 3697 3135; baseline 0.002 -23"><span class='ocrx_word' id='word_1_440' title='bbox 2072 3065 2346 3135; x_wconf 78' lang='grc' dir='ltr'>,κισθῆναι</span> <span class='ocrx_word' id='word_1_441' title='bbox 2392 3066 2421 3118; x_wconf 93' lang='lat'><strong>6</strong></span> <span class='ocrx_word' id='word_1_442' title='bbox 2465 3063 2629 3135; x_wconf 79' lang='grc' dir='ltr'>κῦρις</span> <span class='ocrx_word' id='word_1_443' title='bbox 2677 3064 2954 3133; x_wconf 78' lang='grc' dir='ltr'>Ἰωάννης,</span> <span class='ocrx_word' id='word_1_444' title='bbox 2996 3063 3091 3116; x_wconf 70' lang='grc' dir='ltr'><strong>καὶ</strong></span> <span class='ocrx_word' id='word_1_445' title='bbox 3135 3063 3307 3124; x_wconf 76' lang='grc' dir='ltr'>ὅντως</span> <span class='ocrx_word' id='word_1_446' title='bbox 3332 3063 3379 3113; x_wconf 87' lang='grc' dir='ltr'>εί</span> <span class='ocrx_word' id='word_1_447' title='bbox 3411 3058 3697 3129; x_wconf 68' lang='grc' dir='ltr'>ἀποθάνῃμ</span> 
     </span>
    </p>
   </div>
   <div class='ocr_carea' id='block_1_61' title="bbox 395 3149 1985 3227">
    <p class='ocr_par' dir='ltr' id='par_1_61' title="bbox 395 3156 1984 3227">
     <span class='ocr_line' id='line_1_61' title="bbox 395 3156 1984 3227; baseline -0.005 -11"><span class='ocrx_word' id='word_1_448' title='bbox 395 3160 574 3226; x_wconf 73' lang='lat' dir='ltr'><strong>fame;</strong></span> <span class='ocrx_word' id='word_1_449' title='bbox 598 3176 723 3215; x_wconf 88' lang='lat' dir='ltr'><strong>nam</strong></span> <span class='ocrx_word' id='word_1_450' title='bbox 751 3161 914 3214; x_wconf 82' lang='lat' dir='ltr'><strong>talem</strong></span> <span class='ocrx_word' id='word_1_451' title='bbox 953 3175 1119 3214; x_wconf 89' lang='lat' dir='ltr'><strong>nemo</strong></span> <span class='ocrx_word' id='word_1_452' title='bbox 1150 3160 1226 3212; x_wconf 90' lang='lat' dir='ltr'><strong>tui</strong></span> <span class='ocrx_word' id='word_1_453' title='bbox 1259 3175 1445 3212; x_wconf 88' lang='lat' dir='ltr'><strong>curam</strong></span> <span class='ocrx_word' id='word_1_454' title='bbox 1487 3159 1654 3212; x_wconf 83' lang='lat' dir='ltr'><strong>habet</strong></span> <span class='ocrx_word' id='word_1_455' title='bbox 1682 3169 1843 3227; x_wconf 84' lang='lat' dir='ltr'><strong>atque</strong></span> <span class='ocrx_word' id='word_1_456' title='bbox 1872 3156 1984 3210; x_wconf 90' lang='lat' dir='ltr'><strong>ille.</strong></span> 
     </span>
    </p>
   </div>
   <div class='ocr_carea' id='block_1_62' title="bbox 2090 3149 3685 3227">
    <p class='ocr_par' dir='ltr' id='par_1_62' title="bbox 2091 3149 3685 3225">
     <span class='ocr_line' id='line_1_62' title="bbox 2091 3149 3685 3225; baseline -0.007 -15"><span class='ocrx_word' id='word_1_457' title='bbox 2091 3157 2199 3210; x_wconf 72' lang='grc' dir='ltr'><strong>ἀπὸ</strong></span> <span class='ocrx_word' id='word_1_458' title='bbox 2224 3157 2416 3219; x_wconf 83' lang='grc' dir='ltr'>πείνας</span> <span class='ocrx_word' id='word_1_459' title='bbox 2446 3155 2834 3225; x_wconf 74' lang='grc' dir='ltr'>ἀποθνήσκεις,</span> <span class='ocrx_word' id='word_1_460' title='bbox 2878 3155 2960 3207; x_wconf 82' lang='grc' dir='ltr'>ὅτι</span> <span class='ocrx_word' id='word_1_461' title='bbox 2992 3153 3166 3213; x_wconf 73' lang='grc' dir='ltr'>οὐδείς</span> <span class='ocrx_word' id='word_1_462' title='bbox 3198 3170 3258 3204; x_wconf 92' lang='grc' dir='ltr'><strong>σε</strong></span> <span class='ocrx_word' id='word_1_463' title='bbox 3300 3149 3586 3220; x_wconf 77' lang='grc' dir='ltr'>φροντίζει</span> <span class='ocrx_word' id='word_1_464' title='bbox 3614 3149 3685 3210; x_wconf 84' lang='grc' dir='ltr'>ὡς</span> 
     </span>
    </p>
   </div>
   <div class='ocr_carea' id='block_1_63' title="bbox 399 3248 1985 3318">
    <p class='ocr_par' dir='ltr' id='par_1_63' title="bbox 399 3248 1985 3318">
     <span class='ocr_line' id='line_1_63' title="bbox 399 3248 1985 3318; baseline -0.002 -15"><span class='ocrx_word' id='word_1_465' title='bbox 399 3249 546 3304; x_wconf 79' lang='lat' dir='ltr'><strong>Dixit</strong></span> <span class='ocrx_word' id='word_1_466' title='bbox 568 3259 753 3305; x_wconf 80' lang='lat' dir='ltr'><strong>autem</strong></span> <span class='ocrx_word' id='word_1_467' title='bbox 783 3250 832 3303; x_wconf 86' lang='lat' dir='ltr'><strong>ei</strong></span> <span class='ocrx_word' id='word_1_468' title='bbox 866 3250 1140 3318; x_wconf 82' lang='lat' dir='ltr'><strong>quomodo</strong></span> <span class='ocrx_word' id='word_1_469' title='bbox 1180 3248 1389 3303; x_wconf 80' lang='lat' dir='ltr'><strong>crimen</strong></span> <span class='ocrx_word' id='word_1_470' title='bbox 1432 3249 1598 3303; x_wconf 66' lang='lat' dir='ltr'><strong>caedis</strong></span> <span class='ocrx_word' id='word_1_471' title='bbox 1647 3258 1796 3304; x_wconf 51' lang='lat' dir='ltr'><strong>esset</strong></span> <span class='ocrx_word' id='word_1_472' title='bbox 1823 3249 1985 3302; x_wconf 88' lang='lat' dir='ltr'><strong>ador-</strong></span> 
     </span>
    </p>
   </div>
   <div class='ocr_carea' id='block_1_64' title="bbox 399 3336 1987 3408">
    <p class='ocr_par' dir='ltr' id='par_1_64' title="bbox 399 3336 1987 3408">
     <span class='ocr_line' id='line_1_64' title="bbox 399 3336 1987 3408; baseline 0 -17"><span class='ocrx_word' id='word_1_473' title='bbox 399 3345 609 3391; x_wconf 86' lang='lat' dir='ltr'><strong>natum.</strong></span> <span class='ocrx_word' id='word_1_474' title='bbox 638 3337 822 3391; x_wconf 82' lang='lat' dir='ltr'><strong>Abbas</strong></span> <span class='ocrx_word' id='word_1_475' title='bbox 846 3336 1081 3408; x_wconf 81' lang='lat' dir='ltr'><strong>Symeon</strong></span> <span class='ocrx_word' id='word_1_476' title='bbox 1114 3338 1400 3393; x_wconf 88' lang='lat' dir='ltr'><strong>stultitiam</strong></span> <span class='ocrx_word' id='word_1_477' title='bbox 1447 3339 1733 3402; x_wconf 90' lang='lat' dir='ltr'><strong>mentitus,</strong></span> <span class='ocrx_word' id='word_1_478' title='bbox 1778 3338 1987 3393; x_wconf 88' lang='lat' dir='ltr'><strong>dimisit</strong></span> 
     </span>
    </p>
   </div>
   <div class='ocr_carea' id='block_1_65' title="bbox 396 3429 1986 3498">
    <p class='ocr_par' dir='ltr' id='par_1_65' title="bbox 396 3429 1986 3498">
     <span class='ocr_line' id='line_1_65' title="bbox 396 3429 1986 3498; baseline 0.002 -15"><span class='ocrx_word' id='word_1_479' title='bbox 396 3444 548 3495; x_wconf 87' lang='lat' dir='ltr'><strong>eum,</strong></span> <span class='ocrx_word' id='word_1_480' title='bbox 577 3431 668 3498; x_wconf 90' lang='lat' dir='ltr'><strong>qui</strong></span> <span class='ocrx_word' id='word_1_481' title='bbox 706 3429 809 3484; x_wconf 85' lang='lat' dir='ltr'><strong>hoc</strong></span> <span class='ocrx_word' id='word_1_482' title='bbox 837 3429 1128 3496; x_wconf 82' lang='lat' dir='ltr'><strong>referebat,</strong></span> <span class='ocrx_word' id='word_1_483' title='bbox 1159 3440 1217 3485; x_wconf 88' lang='lat' dir='ltr'><strong>et</strong></span> <span class='ocrx_word' id='word_1_484' title='bbox 1242 3432 1471 3487; x_wconf 88' lang='lat' dir='ltr'><strong>secessit</strong></span> <span class='ocrx_word' id='word_1_485' title='bbox 1502 3433 1559 3485; x_wconf 89' lang='lat' dir='ltr'><strong>in</strong></span> <span class='ocrx_word' id='word_1_486' title='bbox 1586 3433 1869 3487; x_wconf 90' lang='lat' dir='ltr'><strong>occultum</strong></span> <span class='ocrx_word' id='word_1_487' title='bbox 1905 3432 1986 3486; x_wconf 82' lang='lat' dir='ltr'><strong>lo-</strong></span> 
     </span>
    </p>
   </div>
   <div class='ocr_carea' id='block_1_66' title="bbox 398 3518 1982 3591">
    <p class='ocr_par' dir='ltr' id='par_1_66' title="bbox 398 3518 1982 3591">
     <span class='ocr_line' id='line_1_66' title="bbox 398 3518 1982 3591; baseline 0.001 -19"><span class='ocrx_word' id='word_1_488' title='bbox 398 3533 548 3585; x_wconf 85' lang='lat' dir='ltr'><strong>cum,</strong></span> <span class='ocrx_word' id='word_1_489' title='bbox 595 3518 709 3582; x_wconf 92' lang='lat' dir='ltr'><strong>ubi,</strong></span> <span class='ocrx_word' id='word_1_490' title='bbox 741 3534 962 3588; x_wconf 89' lang='lat' dir='ltr'><strong>semper</strong></span> <span class='ocrx_word' id='word_1_491' title='bbox 1007 3521 1220 3582; x_wconf 86' lang='lat' dir='ltr'><strong>orabat,</strong></span> <span class='ocrx_word' id='word_1_492' title='bbox 1255 3537 1417 3591; x_wconf 87' lang='lat' dir='ltr'><strong>quem</strong></span> <span class='ocrx_word' id='word_1_493' title='bbox 1467 3537 1633 3577; x_wconf 86' lang='lat' dir='ltr'><strong>nemo</strong></span> <span class='ocrx_word' id='word_1_494' title='bbox 1663 3532 1841 3586; x_wconf 88' lang='lat' dir='ltr'><strong>norat,</strong></span> <span class='ocrx_word' id='word_1_495' title='bbox 1877 3521 1982 3575; x_wconf 85' lang='lat' dir='ltr'><strong>nisi</strong></span> 
     </span>
    </p>
   </div>
   <div class='ocr_carea' id='block_1_67' title="bbox 397 3610 1987 3683">
    <p class='ocr_par' dir='ltr' id='par_1_67' title="bbox 397 3610 1987 3683">
     <span class='ocr_line' id='line_1_67' title="bbox 397 3610 1987 3683; baseline 0.002 -19"><span class='ocrx_word' id='word_1_496' title='bbox 397 3610 611 3665; x_wconf 78' lang='lat' dir='ltr'><strong>amicus</strong></span> <span class='ocrx_word' id='word_1_497' title='bbox 643 3613 784 3679; x_wconf 88' lang='lat' dir='ltr'><strong>ejus,</strong></span> <span class='ocrx_word' id='word_1_498' title='bbox 821 3610 913 3665; x_wconf 88' lang='lat' dir='ltr'><strong>Dei</strong></span> <span class='ocrx_word' id='word_1_499' title='bbox 955 3626 1145 3667; x_wconf 86' lang='lat' dir='ltr'><strong>amans</strong></span> <span class='ocrx_word' id='word_1_500' title='bbox 1192 3611 1452 3678; x_wconf 84' lang='lat' dir='ltr'><strong>Joannes,</strong></span> <span class='ocrx_word' id='word_1_501' title='bbox 1485 3623 1542 3669; x_wconf 88' lang='lat' dir='ltr'><strong>et</strong></span> <span class='ocrx_word' id='word_1_502' title='bbox 1573 3614 1727 3671; x_wconf 82' lang='lat' dir='ltr'><strong>ﬂexis</strong></span> <span class='ocrx_word' id='word_1_503' title='bbox 1755 3615 1987 3683; x_wconf 79' lang='lat' dir='ltr'><strong>genibus</strong></span> 
     </span>
    </p>
   </div>
   <div class='ocr_carea' id='block_1_68' title="bbox 399 3702 1987 3777">
    <p class='ocr_par' dir='ltr' id='par_1_68' title="bbox 399 3702 1987 3777">
     <span class='ocr_line' id='line_1_68' title="bbox 399 3702 1987 3777; baseline 0.001 -19"><span class='ocrx_word' id='word_1_504' title='bbox 399 3702 592 3758; x_wconf 85' lang='lat' dir='ltr'><strong>orabat</strong></span> <span class='ocrx_word' id='word_1_505' title='bbox 622 3702 815 3768; x_wconf 89' lang='lat' dir='ltr'><strong>Deum,</strong></span> <span class='ocrx_word' id='word_1_506' title='bbox 849 3711 911 3757; x_wconf 90' lang='lat' dir='ltr'><strong>ut</strong></span> <span class='ocrx_word' id='word_1_507' title='bbox 937 3718 1157 3759; x_wconf 88' lang='lat' dir='ltr'><strong>servum</strong></span> <span class='ocrx_word' id='word_1_508' title='bbox 1190 3720 1349 3760; x_wconf 90' lang='lat' dir='ltr'><strong>suum</strong></span> <span class='ocrx_word' id='word_1_509' title='bbox 1375 3706 1635 3761; x_wconf 86' lang='lat' dir='ltr'><strong>liberaret</strong></span> <span class='ocrx_word' id='word_1_510' title='bbox 1655 3722 1684 3761; x_wconf 92' lang='lat' dir='ltr'><strong>e</strong></span> <span class='ocrx_word' id='word_1_511' title='bbox 1706 3707 1799 3761; x_wconf 90' lang='lat' dir='ltr'><strong>tali</strong></span> <span class='ocrx_word' id='word_1_512' title='bbox 1837 3707 1987 3777; x_wconf 87' lang='lat' dir='ltr'><strong>peri-</strong></span> 
     </span>
    </p>
   </div>
   <div class='ocr_carea' id='block_1_69' title="bbox 399 3791 1988 3867">
    <p class='ocr_par' dir='ltr' id='par_1_69' title="bbox 399 3791 1988 3867">
     <span class='ocr_line' id='line_1_69' title="bbox 399 3791 1988 3867; baseline 0.001 -19"><span class='ocrx_word' id='word_1_513' title='bbox 399 3793 545 3848; x_wconf 85' lang='lat' dir='ltr'><strong>culo.</strong></span> <span class='ocrx_word' id='word_1_514' title='bbox 583 3791 874 3864; x_wconf 85' lang='lat' dir='ltr'><strong>Postquam</strong></span> <span class='ocrx_word' id='word_1_515' title='bbox 916 3794 995 3860; x_wconf 91' lang='lat' dir='ltr'><strong>bi,</strong></span> <span class='ocrx_word' id='word_1_516' title='bbox 1035 3795 1129 3865; x_wconf 89' lang='lat' dir='ltr'><strong>qui</strong></span> <span class='ocrx_word' id='word_1_517' title='bbox 1169 3810 1295 3850; x_wconf 90' lang='lat' dir='ltr'><strong>eum</strong></span> <span class='ocrx_word' id='word_1_518' title='bbox 1332 3795 1627 3858; x_wconf 88' lang='lat' dir='ltr'><strong>ducebant,</strong></span> <span class='ocrx_word' id='word_1_519' title='bbox 1663 3805 1725 3850; x_wconf 88' lang='lat' dir='ltr'><strong>ut</strong></span> <span class='ocrx_word' id='word_1_520' title='bbox 1755 3812 1988 3867; x_wconf 90' lang='lat' dir='ltr'><strong>suspen-</strong></span> 
     </span>
    </p>
   </div>
   <div class='ocr_carea' id='block_1_70' title="bbox 401 3884 1989 3953">
    <p class='ocr_par' dir='ltr' id='par_1_70' title="bbox 401 3884 1989 3953">
     <span class='ocr_line' id='line_1_70' title="bbox 401 3884 1989 3953; baseline 0.002 -17"><span class='ocrx_word' id='word_1_521' title='bbox 401 3884 650 3949; x_wconf 85' lang='lat' dir='ltr'><strong>deretur,</strong></span> <span class='ocrx_word' id='word_1_522' title='bbox 681 3884 1064 3953; x_wconf 85' lang='lat' dir='ltr'><strong>pervenissent</strong></span> <span class='ocrx_word' id='word_1_523' title='bbox 1094 3885 1162 3939; x_wconf 84' lang='lat' dir='ltr'><strong>ad</strong></span> <span class='ocrx_word' id='word_1_524' title='bbox 1194 3886 1395 3950; x_wconf 86' lang='lat' dir='ltr'><strong>locum,</strong></span> <span class='ocrx_word' id='word_1_525' title='bbox 1438 3887 1527 3941; x_wconf 91' lang='lat' dir='ltr'><strong>ubi</strong></span> <span class='ocrx_word' id='word_1_526' title='bbox 1563 3896 1722 3941; x_wconf 87' lang='lat' dir='ltr'><strong>erant</strong></span> <span class='ocrx_word' id='word_1_527' title='bbox 1759 3887 1989 3953; x_wconf 82' lang='lat' dir='ltr'><strong>posituri</strong></span> 
     </span>
    </p>
   </div>
   <div class='ocr_carea' id='block_1_71' title="bbox 404 3971 1984 4046">
    <p class='ocr_par' dir='ltr' id='par_1_71' title="bbox 404 3971 1984 4046">
     <span class='ocr_line' id='line_1_71' title="bbox 404 3971 1984 4046; baseline 0.004 -20"><span class='ocrx_word' id='word_1_528' title='bbox 404 3971 652 4038; x_wconf 80' lang='lat' dir='ltr'><strong>furcam,</strong></span> <span class='ocrx_word' id='word_1_529' title='bbox 704 3988 833 4029; x_wconf 87' lang='lat' dir='ltr'><strong>ecce</strong></span> <span class='ocrx_word' id='word_1_530' title='bbox 884 3983 1182 4029; x_wconf 90' lang='lat' dir='ltr'><strong>accurrunt</strong></span> <span class='ocrx_word' id='word_1_531' title='bbox 1235 3976 1452 4046; x_wconf 82' lang='lat' dir='ltr'><strong>equites</strong></span> <span class='ocrx_word' id='word_1_532' title='bbox 1499 3977 1610 4046; x_wconf 70' lang='lat'><strong>(73)</strong></span> <span class='ocrx_word' id='word_1_533' title='bbox 1666 3987 1721 4033; x_wconf 87' lang='lat' dir='ltr'><strong>et</strong></span> <span class='ocrx_word' id='word_1_534' title='bbox 1771 3979 1984 4044; x_wconf 85' lang='lat' dir='ltr'><strong>dicunt,</strong></span> 
     </span>
    </p>
   </div>
   <div class='ocr_carea' id='block_1_72' title="bbox 405 4063 1989 4131">
    <p class='ocr_par' dir='ltr' id='par_1_72' title="bbox 405 4063 1989 4131">
     <span class='ocr_line' id='line_1_72' title="bbox 405 4063 1989 4131; baseline 0.004 -13"><span class='ocrx_word' id='word_1_535' title='bbox 405 4070 465 4118; x_wconf 84' lang='lat' dir='ltr'><strong>ut</strong></span> <span class='ocrx_word' id='word_1_536' title='bbox 495 4063 673 4118; x_wconf 85' lang='lat' dir='ltr'><strong>virum</strong></span> <span class='ocrx_word' id='word_1_537' title='bbox 703 4064 1089 4131; x_wconf 83' lang='lat' dir='ltr'><strong>absolverent,</strong></span> <span class='ocrx_word' id='word_1_538' title='bbox 1136 4064 1393 4123; x_wconf 84' lang='lat' dir='ltr'><strong>inventos</strong></span> <span class='ocrx_word' id='word_1_539' title='bbox 1453 4083 1576 4124; x_wconf 86' lang='lat' dir='ltr'><strong>esse</strong></span> <span class='ocrx_word' id='word_1_540' title='bbox 1619 4086 1780 4126; x_wconf 86' lang='lat' dir='ltr'><strong>veros</strong></span> <span class='ocrx_word' id='word_1_541' title='bbox 1821 4071 1989 4126; x_wconf 80' lang='lat' dir='ltr'><strong>caedis</strong></span> 
     </span>
    </p>
   </div>
   <div class='ocr_carea' id='block_1_73' title="bbox 403 4164 684 4211">
    <p class='ocr_par' dir='ltr' id='par_1_73' title="bbox 403 4164 684 4211">
     <span class='ocr_line' id='line_1_73' title="bbox 403 4164 684 4211; baseline 0 -1"><span class='ocrx_word' id='word_1_542' title='bbox 403 4164 684 4211; x_wconf 87' lang='lat' dir='ltr'><strong>auctores.</strong></span> 
     </span>
    </p>
   </div>
   <div class='ocr_carea' id='block_1_74' title="bbox 477 4334 1991 4407">
    <p class='ocr_par' dir='ltr' id='par_1_74' title="bbox 477 4334 1991 4407">
     <span class='ocr_line' id='line_1_74' title="bbox 477 4334 1991 4407; baseline 0.007 -19"><span class='ocrx_word' id='word_1_543' title='bbox 477 4334 566 4389; x_wconf 80' lang='lat'><strong>5|.</strong></span> <span class='ocrx_word' id='word_1_544' title='bbox 607 4336 901 4391; x_wconf 84' lang='lat' dir='ltr'><strong>Absolutus</strong></span> <span class='ocrx_word' id='word_1_545' title='bbox 938 4336 1120 4407; x_wconf 81' lang='lat' dir='ltr'><strong>itaque</strong></span> <span class='ocrx_word' id='word_1_546' title='bbox 1163 4338 1382 4403; x_wconf 88' lang='lat' dir='ltr'><strong>statim,</strong></span> <span class='ocrx_word' id='word_1_547' title='bbox 1430 4349 1579 4395; x_wconf 88' lang='lat' dir='ltr'><strong>recta</strong></span> <span class='ocrx_word' id='word_1_548' title='bbox 1632 4344 1878 4397; x_wconf 86' lang='lat' dir='ltr'><strong>cucurrit</strong></span> <span class='ocrx_word' id='word_1_549' title='bbox 1921 4344 1991 4400; x_wconf 85' lang='lat' dir='ltr'><strong>ad</strong></span> 
     </span>
    </p>
   </div>
   <div class='ocr_carea' id='block_1_75' title="bbox 405 4426 1990 4507">
    <p class='ocr_par' dir='ltr' id='par_1_75' title="bbox 405 4426 1990 4507">
     <span class='ocr_line' id='line_1_75' title="bbox 405 4426 1990 4507; baseline 0.008 -28"><span class='ocrx_word' id='word_1_550' title='bbox 405 4426 608 4491; x_wconf 88' lang='lat' dir='ltr'><strong>locum,</strong></span> <span class='ocrx_word' id='word_1_551' title='bbox 640 4428 728 4482; x_wconf 92' lang='lat' dir='ltr'><strong>ubi</strong></span> <span class='ocrx_word' id='word_1_552' title='bbox 759 4429 969 4485; x_wconf 84' lang='lat' dir='ltr'><strong>sciebat</strong></span> <span class='ocrx_word' id='word_1_553' title='bbox 1014 4445 1233 4499; x_wconf 81' lang='lat' dir='ltr'><strong>semper</strong></span> <span class='ocrx_word' id='word_1_554' title='bbox 1273 4446 1430 4487; x_wconf 89' lang='lat' dir='ltr'><strong>orare</strong></span> <span class='ocrx_word' id='word_1_555' title='bbox 1467 4433 1723 4489; x_wconf 86' lang='lat' dir='ltr'><strong>abbalem</strong></span> <span class='ocrx_word' id='word_1_556' title='bbox 1763 4435 1990 4507; x_wconf 78' lang='lat' dir='ltr'><strong>Symeo-</strong></span> 
     </span>
    </p>
   </div>
   <div class='ocr_carea' id='block_1_76' title="bbox 2087 3241 3684 3317">
    <p class='ocr_par' dir='ltr' id='par_1_76' title="bbox 2087 3241 3684 3317">
     <span class='ocr_line' id='line_1_76' title="bbox 2087 3241 3684 3317; baseline -0.005 -16"><span class='ocrx_word' id='word_1_557' title='bbox 2087 3250 2317 3311; x_wconf 87' lang='grc' dir='ltr'>ἐκεῖνος.</span> <span class='ocrx_word' id='word_1_558' title='bbox 2347 3243 2484 3300; x_wconf 83' lang='grc' dir='ltr'>Εἷπε</span> <span class='ocrx_word' id='word_1_559' title='bbox 2518 3246 2576 3300; x_wconf 77' lang='grc' dir='ltr'><strong>δὲ</strong></span> <span class='ocrx_word' id='word_1_560' title='bbox 2603 3245 2754 3315; x_wconf 80' lang='grc' dir='ltr'>αὐτῷ</span> <span class='ocrx_word' id='word_1_561' title='bbox 2793 3246 3006 3299; x_wconf 77' lang='grc' dir='ltr'>καὶτὸν</span> <span class='ocrx_word' id='word_1_562' title='bbox 3030 3246 3233 3317; x_wconf 74' lang='grc' dir='ltr'>τρόπον</span> <span class='ocrx_word' id='word_1_563' title='bbox 3263 3245 3367 3312; x_wconf 79' lang='grc' dir='ltr'>τῆς</span> <span class='ocrx_word' id='word_1_564' title='bbox 3408 3241 3684 3295; x_wconf 74' lang='grc' dir='ltr'>καταπλο-</span> 
     </span>
    </p>
   </div>
   <div class='ocr_carea' id='block_1_77' title="bbox 2087 3330 3686 3409">
    <p class='ocr_par' dir='ltr' id='par_1_77' title="bbox 2087 3330 3686 3409">
     <span class='ocr_line' id='line_1_77' title="bbox 2087 3330 3686 3409; baseline -0.006 -17"><span class='ocrx_word' id='word_1_565' title='bbox 2087 3338 2313 3409; x_wconf 61' lang='grc' dir='ltr'>κῆςςτοῦ</span> <span class='ocrx_word' id='word_1_566' title='bbox 2332 3339 2516 3407; x_wconf 65' lang='grc' dir='ltr'>φόνου.</span> <span class='ocrx_word' id='word_1_567' title='bbox 2541 3339 2779 3404; x_wconf 76' lang='grc' dir='ltr'><strong>Ποιήσας</strong></span> <span class='ocrx_word' id='word_1_568' title='bbox 2807 3333 2901 3390; x_wconf 72' lang='grc' dir='ltr'>οὖν</span> <span class='ocrx_word' id='word_1_569' title='bbox 2945 3336 3140 3389; x_wconf 71' lang='grc' dir='ltr'>ἑαυτὸν</span> <span class='ocrx_word' id='word_1_570' title='bbox 3181 3336 3211 3387; x_wconf 90' lang='lat'><strong>6</strong></span> <span class='ocrx_word' id='word_1_571' title='bbox 3248 3332 3428 3396; x_wconf 77' lang='grc' dir='ltr'>ἁὸϐἄς</span> <span class='ocrx_word' id='word_1_572' title='bbox 3457 3330 3686 3401; x_wconf 84' lang='grc' dir='ltr'>Συμεὼν</span> 
     </span>
    </p>
   </div>
   <div class='ocr_carea' id='block_1_78' title="bbox 2086 3421 3679 3499">
    <p class='ocr_par' dir='ltr' id='par_1_78' title="bbox 2086 3421 3679 3499">
     <span class='ocr_line' id='line_1_78' title="bbox 2086 3421 3679 3499; baseline -0.006 -18"><span class='ocrx_word' id='word_1_573' title='bbox 2086 3428 2301 3499; x_wconf 76' lang='grc' dir='ltr'>ἔξηχον,</span> <span class='ocrx_word' id='word_1_574' title='bbox 2332 3428 2546 3497; x_wconf 77' lang='grc' dir='ltr'>ἀφῆκεν</span> <span class='ocrx_word' id='word_1_575' title='bbox 2582 3427 2673 3480; x_wconf 71' lang='grc' dir='ltr'>τὸν</span> <span class='ocrx_word' id='word_1_576' title='bbox 2698 3427 2923 3480; x_wconf 75' lang='grc' dir='ltr'>εἰπόντα</span> <span class='ocrx_word' id='word_1_577' title='bbox 2967 3425 3137 3497; x_wconf 73' lang='grc' dir='ltr'>αὐτῷ,</span> <span class='ocrx_word' id='word_1_578' title='bbox 3177 3425 3273 3477; x_wconf 74' lang='grc' dir='ltr'><strong>καὶ</strong></span> <span class='ocrx_word' id='word_1_579' title='bbox 3320 3421 3679 3493; x_wconf 78' lang='grc' dir='ltr'>ἀνεχώρησεν</span> 
     </span>
    </p>
   </div>
   <div class='ocr_carea' id='block_1_79' title="bbox 2087 3512 3680 3590">
    <p class='ocr_par' dir='ltr' id='par_1_79' title="bbox 2087 3512 3680 3590">
     <span class='ocr_line' id='line_1_79' title="bbox 2087 3512 3680 3590; baseline -0.006 -17"><span class='ocrx_word' id='word_1_580' title='bbox 2087 3522 2165 3582; x_wconf 78' lang='grc' dir='ltr'><strong>είς</strong></span> <span class='ocrx_word' id='word_1_581' title='bbox 2201 3522 2366 3573; x_wconf 77' lang='grc' dir='ltr'>τόπον</span> <span class='ocrx_word' id='word_1_582' title='bbox 2396 3518 2657 3590; x_wconf 81' lang='grc' dir='ltr'>κρυπτὸν,</span> <span class='ocrx_word' id='word_1_583' title='bbox 2690 3519 2827 3572; x_wconf 76' lang='grc' dir='ltr'>ὅπου</span> <span class='ocrx_word' id='word_1_584' title='bbox 2879 3516 3078 3588; x_wconf 76' lang='grc' dir='ltr'>ηὔχετο</span> <span class='ocrx_word' id='word_1_585' title='bbox 3123 3520 3383 3576; x_wconf 65' lang='grc' dir='ltr'>πάντοτε,</span> <span class='ocrx_word' id='word_1_586' title='bbox 3416 3514 3479 3567; x_wconf 82' lang='grc' dir='ltr'>ὃν</span> <span class='ocrx_word' id='word_1_587' title='bbox 3503 3512 3680 3575; x_wconf 71' lang='grc' dir='ltr'>οὐδεὶς</span> 
     </span>
    </p>
   </div>
   <div class='ocr_carea' id='block_1_80' title="bbox 2088 3606 3684 3680">
    <p class='ocr_par' dir='ltr' id='par_1_80' title="bbox 2088 3606 3684 3680">
     <span class='ocr_line' id='line_1_80' title="bbox 2088 3606 3684 3680; baseline -0.004 -16"><span class='ocrx_word' id='word_1_588' title='bbox 2088 3611 2407 3679; x_wconf 80' lang='grc' dir='ltr'>ἐγίνωσκεν,</span> <span class='ocrx_word' id='word_1_589' title='bbox 2443 3612 2490 3664; x_wconf 82' lang='grc' dir='ltr'>εἰ</span> <span class='ocrx_word' id='word_1_590' title='bbox 2518 3610 2593 3680; x_wconf 85' lang='grc' dir='ltr'>μὴ</span> <span class='ocrx_word' id='word_1_591' title='bbox 2623 3612 2650 3663; x_wconf 89' lang='grc' dir='ltr'><strong>ὁ</strong></span> <span class='ocrx_word' id='word_1_592' title='bbox 2674 3609 2826 3678; x_wconf 75' lang='grc' dir='ltr'>φίλος</span> <span class='ocrx_word' id='word_1_593' title='bbox 2855 3609 3019 3661; x_wconf 77' lang='grc' dir='ltr'>αὐτοῦ</span> <span class='ocrx_word' id='word_1_594' title='bbox 3053 3611 3080 3662; x_wconf 88' lang='grc' dir='ltr'>ὁ</span> <span class='ocrx_word' id='word_1_595' title='bbox 3108 3608 3364 3676; x_wconf 62' lang='grc' dir='ltr'>θεοφιλὴς</span> <span class='ocrx_word' id='word_1_596' title='bbox 3396 3606 3684 3673; x_wconf 73' lang='grc' dir='ltr'>Ἰωάννης,</span> 
     </span>
    </p>
   </div>
   <div class='ocr_carea' id='block_1_81' title="bbox 2089 3698 3686 3771">
    <p class='ocr_par' dir='ltr' id='par_1_81' title="bbox 2089 3698 3686 3771">
     <span class='ocr_line' id='line_1_81' title="bbox 2089 3698 3686 3771; baseline -0.003 -16"><span class='ocrx_word' id='word_1_597' title='bbox 2089 3703 2186 3758; x_wconf 70' lang='grc' dir='ltr'><strong>καὶ</strong></span> <span class='ocrx_word' id='word_1_598' title='bbox 2213 3702 2400 3765; x_wconf 78' lang='grc' dir='ltr'>κλίνας</span> <span class='ocrx_word' id='word_1_599' title='bbox 2426 3702 2492 3756; x_wconf 79' lang='grc' dir='ltr'>τὰ</span> <span class='ocrx_word' id='word_1_600' title='bbox 2532 3704 2758 3771; x_wconf 78' lang='grc' dir='ltr'>γόνατα,</span> <span class='ocrx_word' id='word_1_601' title='bbox 2798 3701 3100 3770; x_wconf 74' lang='grc' dir='ltr'>παρεκάλει</span> <span class='ocrx_word' id='word_1_602' title='bbox 3130 3701 3222 3752; x_wconf 67' lang='grc' dir='ltr'><strong>τὸν</strong></span> <span class='ocrx_word' id='word_1_603' title='bbox 3244 3700 3381 3753; x_wconf 83' lang='grc' dir='ltr'>Θεὸν</span> <span class='ocrx_word' id='word_1_604' title='bbox 3419 3698 3686 3770; x_wconf 78' lang='grc' dir='ltr'>ῥυσθῆναι</span> 
     </span>
    </p>
   </div>
   <div class='ocr_carea' id='block_1_82' title="bbox 2089 3790 3688 3853">
    <p class='ocr_par' dir='ltr' id='par_1_82' title="bbox 2089 3790 3688 3853">
     <span class='ocr_line' id='line_1_82' title="bbox 2089 3790 3688 3853; baseline -0.003 -5"><span class='ocrx_word' id='word_1_605' title='bbox 2089 3796 2180 3848; x_wconf 77' lang='grc' dir='ltr'><strong>τον</strong></span> <span class='ocrx_word' id='word_1_606' title='bbox 2205 3795 2371 3849; x_wconf 82' lang='grc' dir='ltr'>αὑτοῦ</span> <span class='ocrx_word' id='word_1_607' title='bbox 2401 3795 2587 3848; x_wconf 82' lang='grc' dir='ltr'>δοῦλον</span> <span class='ocrx_word' id='word_1_608' title='bbox 2614 3796 2679 3846; x_wconf 83' lang='grc' dir='ltr'><strong>ἐκ</strong></span> <span class='ocrx_word' id='word_1_609' title='bbox 2713 3793 2808 3849; x_wconf 77' lang='grc' dir='ltr'><strong>τοῦ</strong></span> <span class='ocrx_word' id='word_1_610' title='bbox 2852 3791 3100 3846; x_wconf 79' lang='grc' dir='ltr'>τοιούτου</span> <span class='ocrx_word' id='word_1_611' title='bbox 3140 3791 3413 3846; x_wconf 76' lang='grc' dir='ltr'>κινδύνου.</span> <span class='ocrx_word' id='word_1_612' title='bbox 3467 3792 3585 3845; x_wconf 81' lang='grc' dir='ltr'><strong>Καὶ</strong></span> <span class='ocrx_word' id='word_1_613' title='bbox 3615 3790 3688 3853; x_wconf 84' lang='grc' dir='ltr'>ὡς</span> 
     </span>
    </p>
   </div>
   <div class='ocr_carea' id='block_1_83' title="bbox 2089 3883 3687 3955">
    <p class='ocr_par' dir='ltr' id='par_1_83' title="bbox 2089 3883 3687 3955">
     <span class='ocr_line' id='line_1_83' title="bbox 2089 3883 3687 3955; baseline -0.001 -17"><span class='ocrx_word' id='word_1_614' title='bbox 2089 3885 2332 3954; x_wconf 76' lang='grc' dir='ltr'>ἔφθασαν</span> <span class='ocrx_word' id='word_1_615' title='bbox 2360 3886 2408 3939; x_wconf 81' lang='grc' dir='ltr'><strong>οἱ</strong></span> <span class='ocrx_word' id='word_1_616' title='bbox 2437 3885 2823 3952; x_wconf 77' lang='grc' dir='ltr'>ἐξενέγκαντες</span> <span class='ocrx_word' id='word_1_617' title='bbox 2853 3902 3143 3955; x_wconf 78' lang='grc' dir='ltr'>φουρκισαι</span> <span class='ocrx_word' id='word_1_618' title='bbox 3172 3884 3339 3937; x_wconf 72' lang='grc' dir='ltr'>αὐτὸν</span> <span class='ocrx_word' id='word_1_619' title='bbox 3367 3885 3450 3948; x_wconf 86' lang='grc' dir='ltr'>είς</span> <span class='ocrx_word' id='word_1_620' title='bbox 3478 3884 3574 3937; x_wconf 73' lang='grc' dir='ltr'><strong>τὸν</strong></span> <span class='ocrx_word' id='word_1_621' title='bbox 3600 3883 3687 3936; x_wconf 77' lang='grc' dir='ltr'><strong>τόο</strong></span> 
     </span>
    </p>
   </div>
   <div class='ocr_carea' id='block_1_84' title="bbox 2090 3975 3685 4048">
    <p class='ocr_par' dir='ltr' id='par_1_84' title="bbox 2090 3975 3685 4048">
     <span class='ocr_line' id='line_1_84' title="bbox 2090 3975 3685 4048; baseline -0.002 -17"><span class='ocrx_word' id='word_1_622' title='bbox 2090 3994 2193 4031; x_wconf 85' lang='grc' dir='ltr'><strong>πον</strong></span> <span class='ocrx_word' id='word_1_623' title='bbox 2230 3979 2364 4031; x_wconf 80' lang='grc' dir='ltr'>ὅπου</span> <span class='ocrx_word' id='word_1_624' title='bbox 2390 3977 2625 4048; x_wconf 74' lang='grc' dir='ltr'>ἤμελλον</span> <span class='ocrx_word' id='word_1_625' title='bbox 2662 3978 2858 4047; x_wconf 82' lang='grc' dir='ltr'>στῆσαι</span> <span class='ocrx_word' id='word_1_626' title='bbox 2896 3977 2993 4045; x_wconf 83' lang='grc' dir='ltr'>τὴν</span> <span class='ocrx_word' id='word_1_627' title='bbox 3031 3976 3277 4047; x_wconf 69' lang='grc' dir='ltr'>φούρκαν</span> <span class='ocrx_word' id='word_1_628' title='bbox 3320 3975 3495 4029; x_wconf 68' lang='grc' dir='ltr'><strong>αὒτοῦ</strong></span> <span class='ocrx_word' id='word_1_629' title='bbox 3519 4018 3534 4039; x_wconf 94' lang='grc'><strong>,</strong></span> <span class='ocrx_word' id='word_1_630' title='bbox 3580 3976 3685 4028; x_wconf 67' lang='grc' dir='ltr'>ίδιὺ</span> 
     </span>
    </p>
   </div>
   <div class='ocr_carea' id='block_1_85' title="bbox 2092 4067 3686 4140">
    <p class='ocr_par' dir='ltr' id='par_1_85' title="bbox 2092 4067 3686 4140">
     <span class='ocr_line' id='line_1_85' title="bbox 2092 4067 3686 4140; baseline -0.003 -17"><span class='ocrx_word' id='word_1_631' title='bbox 2092 4069 2450 4140; x_wconf 73' lang='grc' dir='ltr'>καὸαλλάριοι</span> <span class='ocrx_word' id='word_1_632' title='bbox 2488 4069 2778 4140; x_wconf 78' lang='grc' dir='ltr'>τρέχοντες</span> <span class='ocrx_word' id='word_1_633' title='bbox 2808 4071 2899 4122; x_wconf 71' lang='grc' dir='ltr'><strong>καὶ</strong></span> <span class='ocrx_word' id='word_1_634' title='bbox 2940 4069 3195 4136; x_wconf 78' lang='grc' dir='ltr'>λέγοντες</span> <span class='ocrx_word' id='word_1_635' title='bbox 3228 4068 3578 4136; x_wconf 73' lang='grc' dir='ltr'>ἀπολυθῆναι</span> <span class='ocrx_word' id='word_1_636' title='bbox 3600 4067 3686 4120; x_wconf 79' lang='grc' dir='ltr'>τὸν</span> 
     </span>
    </p>
   </div>
   <div class='ocr_carea' id='block_1_86' title="bbox 2091 4161 3686 4234">
    <p class='ocr_par' dir='ltr' id='par_1_86' title="bbox 2091 4161 3686 4234">
     <span class='ocr_line' id='line_1_86' title="bbox 2091 4161 3686 4234; baseline -0.001 -19"><span class='ocrx_word' id='word_1_637' title='bbox 2091 4162 2293 4233; x_wconf 76' lang='grc' dir='ltr'>ἄνδρα,</span> <span class='ocrx_word' id='word_1_638' title='bbox 2325 4163 2407 4216; x_wconf 76' lang='grc' dir='ltr'><strong>ὅτι</strong></span> <span class='ocrx_word' id='word_1_639' title='bbox 2436 4163 2741 4234; x_wconf 82' lang='grc' dir='ltr'>εὑρέθησαν</span> <span class='ocrx_word' id='word_1_640' title='bbox 2773 4164 2821 4216; x_wconf 87' lang='grc' dir='ltr'>οἱ</span> <span class='ocrx_word' id='word_1_641' title='bbox 2857 4166 2949 4216; x_wconf 62' lang='grc' dir='ltr'>τὴν</span> <span class='ocrx_word' id='word_1_642' title='bbox 2988 4163 3148 4232; x_wconf 78' lang='grc' dir='ltr'>φόνον</span> <span class='ocrx_word' id='word_1_643' title='bbox 3170 4164 3227 4214; x_wconf 85' lang='grc' dir='ltr'><strong>ἐν</strong></span> <span class='ocrx_word' id='word_1_644' title='bbox 3262 4161 3500 4234; x_wconf 72' lang='grc' dir='ltr'>ἀληθεία</span> <span class='ocrx_word' id='word_1_645' title='bbox 3532 4162 3686 4232; x_wconf 77' lang='grc' dir='ltr'>ποιή-</span> 
     </span>
    </p>
   </div>
   <div class='ocr_carea' id='block_1_87' title="bbox 2095 4269 2326 4316">
    <p class='ocr_par' dir='ltr' id='par_1_87' title="bbox 2095 4269 2326 4316">
     <span class='ocr_line' id='line_1_87' title="bbox 2095 4269 2326 4316; baseline -0.004 -10"><span class='ocrx_word' id='word_1_646' title='bbox 2095 4269 2290 4316; x_wconf 87' lang='grc' dir='ltr'>σαντες</span> <span class='ocrx_word' id='word_1_647' title='bbox 2311 4297 2326 4313; x_wconf 89' lang='grc'><strong>,</strong></span> 
     </span>
    </p>
   </div>
   <div class='ocr_carea' id='block_1_88' title="bbox 2166 4341 3691 4417">
    <p class='ocr_par' dir='ltr' id='par_1_88' title="bbox 2166 4341 3691 4417">
     <span class='ocr_line' id='line_1_88' title="bbox 2166 4341 3691 4417; baseline 0 -21"><span class='ocrx_word' id='word_1_648' title='bbox 2166 4351 2269 4398; x_wconf 87' lang='grc' dir='ltr'>να’.</span> <span class='ocrx_word' id='word_1_649' title='bbox 2303 4344 2623 4408; x_wconf 77' lang='grc' dir='ltr'>Ἀπο).υθε“ις</span> <span class='ocrx_word' id='word_1_650' title='bbox 2661 4341 2754 4397; x_wconf 80' lang='grc' dir='ltr'><strong>οὖν</strong></span> <span class='ocrx_word' id='word_1_651' title='bbox 2779 4344 3003 4409; x_wconf 75' lang='grc' dir='ltr'>εὐθέως,</span> <span class='ocrx_word' id='word_1_652' title='bbox 3032 4344 3461 4417; x_wconf 75' lang='grc' dir='ltr'>ὠρθοδρόμησεν</span> <span class='ocrx_word' id='word_1_653' title='bbox 3492 4347 3574 4408; x_wconf 72' lang='grc' dir='ltr'>εἰς</span> <span class='ocrx_word' id='word_1_654' title='bbox 3602 4343 3691 4396; x_wconf 72' lang='grc' dir='ltr'>τὸν</span> 
     </span>
    </p>
   </div>
   <div class='ocr_carea' id='block_1_89' title="bbox 2092 4435 3690 4507">
    <p class='ocr_par' dir='ltr' id='par_1_89' title="bbox 2092 4435 3690 4507">
     <span class='ocr_line' id='line_1_89' title="bbox 2092 4435 3690 4507; baseline -0.001 -19"><span class='ocrx_word' id='word_1_655' title='bbox 2092 4435 2280 4500; x_wconf 80' lang='grc' dir='ltr'>τόπον,</span> <span class='ocrx_word' id='word_1_656' title='bbox 2313 4436 2449 4489; x_wconf 85' lang='grc' dir='ltr'>ὅπου</span> <span class='ocrx_word' id='word_1_657' title='bbox 2492 4436 2606 4507; x_wconf 75' lang='grc' dir='ltr'>ᾔδει</span> <span class='ocrx_word' id='word_1_658' title='bbox 2665 4437 2896 4489; x_wconf 76' lang='grc' dir='ltr'>πάντοτε</span> <span class='ocrx_word' id='word_1_659' title='bbox 2931 4436 3338 4507; x_wconf 75' lang='grc' dir='ltr'>προσεύχεσθαι</span> <span class='ocrx_word' id='word_1_660' title='bbox 3388 4437 3485 4491; x_wconf 83' lang='grc' dir='ltr'><strong>τὸν</strong></span> <span class='ocrx_word' id='word_1_661' title='bbox 3517 4436 3690 4490; x_wconf 75' lang='grc' dir='ltr'>ἁϐϐἱν</span> 
     </span>
    </p>
   </div>
   <div class='ocr_carea' id='block_1_90' title="bbox 406 4510 1985 4599">
    <p class='ocr_par' dir='ltr' id='par_1_90' title="bbox 406 4520 1985 4590">
     <span class='ocr_line' id='line_1_90' title="bbox 406 4520 1985 4590; baseline 0.008 -20"><span class='ocrx_word' id='word_1_662' title='bbox 406 4530 556 4581; x_wconf 88' lang='lat' dir='ltr'><strong>nem,</strong></span> <span class='ocrx_word' id='word_1_663' title='bbox 586 4526 643 4572; x_wconf 89' lang='lat' dir='ltr'><strong>et</strong></span> <span class='ocrx_word' id='word_1_664' title='bbox 661 4520 1008 4587; x_wconf 84' lang='lat' dir='ltr'><strong>conspicatus</strong></span> <span class='ocrx_word' id='word_1_665' title='bbox 1041 4535 1166 4575; x_wconf 89' lang='lat' dir='ltr'><strong>eum</strong></span> <span class='ocrx_word' id='word_1_666' title='bbox 1213 4523 1405 4590; x_wconf 90' lang='lat' dir='ltr'><strong>procul</strong></span> <span class='ocrx_word' id='word_1_667' title='bbox 1448 4539 1646 4579; x_wconf 90' lang='lat' dir='ltr'><strong>manus</strong></span> <span class='ocrx_word' id='word_1_668' title='bbox 1689 4527 1985 4582; x_wconf 76' lang='lat' dir='ltr'><strong>extenden-</strong></span> 
     </span>
    </p>
   </div>
   <div class='ocr_carea' id='block_1_91' title="bbox 2090 4510 3691 4599">
    <p class='ocr_par' dir='ltr' id='par_1_91' title="bbox 2099 4527 3691 4599">
     <span class='ocr_line' id='line_1_91' title="bbox 2099 4527 3691 4599; baseline 0.001 -18"><span class='ocrx_word' id='word_1_669' title='bbox 2099 4527 2348 4597; x_wconf 88' lang='grc' dir='ltr'>Συμεὼν,</span> <span class='ocrx_word' id='word_1_670' title='bbox 2376 4530 2472 4581; x_wconf 70' lang='grc' dir='ltr'><strong>καὶ</strong></span> <span class='ocrx_word' id='word_1_671' title='bbox 2496 4528 2618 4582; x_wconf 75' lang='grc' dir='ltr'>ἰδὼν</span> <span class='ocrx_word' id='word_1_672' title='bbox 2646 4528 2810 4581; x_wconf 75' lang='grc' dir='ltr'>αὑτὸν</span> <span class='ocrx_word' id='word_1_673' title='bbox 2835 4530 2942 4583; x_wconf 85' lang='grc' dir='ltr'>ἀπὸ</span> <span class='ocrx_word' id='word_1_674' title='bbox 2975 4528 3216 4599; x_wconf 83' lang='grc' dir='ltr'>μήκοθεν</span> <span class='ocrx_word' id='word_1_675' title='bbox 3248 4529 3567 4584; x_wconf 83' lang='grc' dir='ltr'>ἐκτείνοντα</span> <span class='ocrx_word' id='word_1_676' title='bbox 3596 4530 3691 4591; x_wconf 76' lang='grc' dir='ltr'><strong>τὰς</strong></span> 
     </span>
    </p>
   </div>
   <div class='ocr_carea' id='block_1_92' title="bbox 408 4609 1989 4677">
    <p class='ocr_par' dir='ltr' id='par_1_92' title="bbox 408 4609 1989 4677">
     <span class='ocr_line' id='line_1_92' title="bbox 408 4609 1989 4677; baseline 0.008 -15"><span class='ocrx_word' id='word_1_677' title='bbox 408 4618 519 4662; x_wconf 85' lang='lat' dir='ltr'><strong>tem</strong></span> <span class='ocrx_word' id='word_1_678' title='bbox 576 4609 646 4664; x_wconf 86' lang='lat' dir='ltr'><strong>ad</strong></span> <span class='ocrx_word' id='word_1_679' title='bbox 696 4610 914 4677; x_wconf 65' lang='lat' dir='ltr'><strong>caelum,</strong></span> <span class='ocrx_word' id='word_1_680' title='bbox 967 4611 1163 4667; x_wconf 85' lang='lat' dir='ltr'><strong>timuit.</strong></span> <span class='ocrx_word' id='word_1_681' title='bbox 1217 4612 1432 4669; x_wconf 86' lang='lat' dir='ltr'><strong>Juravit</strong></span> <span class='ocrx_word' id='word_1_682' title='bbox 1482 4616 1629 4671; x_wconf 90' lang='lat' dir='ltr'><strong>enim</strong></span> <span class='ocrx_word' id='word_1_683' title='bbox 1678 4632 1742 4673; x_wconf 89' lang='lat' dir='ltr'><strong>se</strong></span> <span class='ocrx_word' id='word_1_684' title='bbox 1784 4620 1989 4674; x_wconf 82' lang='lat' dir='ltr'><strong>vidisse</strong></span> 
     </span>
    </p>
   </div>
   <div class='ocr_carea' id='block_1_93' title="bbox 407 4699 1990 4776">
    <p class='ocr_par' dir='ltr' id='par_1_93' title="bbox 407 4699 1990 4776">
     <span class='ocr_line' id='line_1_93' title="bbox 407 4699 1990 4776; baseline 0.006 -22"><span class='ocrx_word' id='word_1_685' title='bbox 407 4699 598 4772; x_wconf 76' lang='lat' dir='ltr'><strong>globos</strong></span> <span class='ocrx_word' id='word_1_686' title='bbox 626 4700 833 4770; x_wconf 66' lang='lat' dir='ltr'><strong>igneos,</strong></span> <span class='ocrx_word' id='word_1_687' title='bbox 855 4703 948 4773; x_wconf 92' lang='lat' dir='ltr'><strong>qui</strong></span> <span class='ocrx_word' id='word_1_688' title='bbox 976 4703 1046 4758; x_wconf 86' lang='lat' dir='ltr'><strong>ab</strong></span> <span class='ocrx_word' id='word_1_689' title='bbox 1075 4704 1196 4773; x_wconf 86' lang='lat' dir='ltr'><strong>ipso</strong></span> <span class='ocrx_word' id='word_1_690' title='bbox 1223 4707 1584 4776; x_wconf 86' lang='lat' dir='ltr'><strong>erumpebant</strong></span> <span class='ocrx_word' id='word_1_691' title='bbox 1607 4709 1661 4762; x_wconf 92' lang='lat' dir='ltr'><strong>in</strong></span> <span class='ocrx_word' id='word_1_692' title='bbox 1683 4710 1902 4773; x_wconf 59' lang='lat' dir='ltr'><strong>coelum,</strong></span> <span class='ocrx_word' id='word_1_693' title='bbox 1933 4719 1990 4764; x_wconf 90' lang='lat' dir='ltr'><strong>et</strong></span> 
     </span>
    </p>
   </div>
   <div class='ocr_carea' id='block_1_94' title="bbox 327 4793 1986 4874">
    <p class='ocr_par' dir='ltr' id='par_1_94' title="bbox 327 4793 1986 4874">
     <span class='ocr_line' id='line_1_94' title="bbox 327 4793 1986 4874; baseline 0.007 -30"><span class='ocrx_word' id='word_1_694' title='bbox 327 4862 340 4874; x_wconf 34' lang='grc' dir='ltr'><em>υ</em></span> <span class='ocrx_word' id='word_1_695' title='bbox 410 4793 467 4847; x_wconf 86' lang='lat' dir='ltr'><strong>in</strong></span> <span class='ocrx_word' id='word_1_696' title='bbox 499 4793 730 4849; x_wconf 88' lang='lat' dir='ltr'><strong>circuitu</strong></span> <span class='ocrx_word' id='word_1_697' title='bbox 765 4796 882 4865; x_wconf 79' lang='lat' dir='ltr'><strong>ejus</strong></span> <span class='ocrx_word' id='word_1_698' title='bbox 901 4797 1054 4865; x_wconf 89' lang='lat' dir='ltr'><strong>quasi</strong></span> <span class='ocrx_word' id='word_1_699' title='bbox 1077 4797 1351 4851; x_wconf 86' lang='lat' dir='ltr'><strong>clibanum</strong></span> <span class='ocrx_word' id='word_1_700' title='bbox 1387 4813 1697 4866; x_wconf 88' lang='lat' dir='ltr'><strong>accensum,</strong></span> <span class='ocrx_word' id='word_1_701' title='bbox 1732 4811 1787 4855; x_wconf 85' lang='lat' dir='ltr'><strong>ct</strong></span> <span class='ocrx_word' id='word_1_702' title='bbox 1810 4801 1986 4871; x_wconf 87' lang='lat' dir='ltr'><strong>ipsum</strong></span> 
     </span>
    </p>
   </div>
   <div class='ocr_carea' id='block_1_95' title="bbox 410 4883 1988 4957">
    <p class='ocr_par' dir='ltr' id='par_1_95' title="bbox 410 4883 1988 4957">
     <span class='ocr_line' id='line_1_95' title="bbox 410 4883 1988 4957; baseline 0.004 -20"><span class='ocrx_word' id='word_1_703' title='bbox 410 4883 469 4937; x_wconf 81' lang='lat' dir='ltr'><strong>in</strong></span> <span class='ocrx_word' id='word_1_704' title='bbox 509 4883 709 4946; x_wconf 85' lang='lat' dir='ltr'><strong>medio,</strong></span> <span class='ocrx_word' id='word_1_705' title='bbox 744 4885 881 4939; x_wconf 89' lang='lat' dir='ltr'><strong>adeo</strong></span> <span class='ocrx_word' id='word_1_706' title='bbox 906 4895 965 4940; x_wconf 89' lang='lat' dir='ltr'><strong>ut</strong></span> <span class='ocrx_word' id='word_1_707' title='bbox 993 4900 1103 4939; x_wconf 87' lang='lat' dir='ltr'><strong>non</strong></span> <span class='ocrx_word' id='word_1_708' title='bbox 1134 4887 1607 4957; x_wconf 84' lang='lat' dir='ltr'><strong>appropinquarit,</strong></span> <span class='ocrx_word' id='word_1_709' title='bbox 1645 4890 1824 4944; x_wconf 92' lang='lat' dir='ltr'><strong>donec</strong></span> <span class='ocrx_word' id='word_1_710' title='bbox 1859 4906 1988 4944; x_wconf 89' lang='lat' dir='ltr'><strong>ora-</strong></span> 
     </span>
    </p>
   </div>
   <div class='ocr_carea' id='block_1_96' title="bbox 412 4974 1989 5052">
    <p class='ocr_par' dir='ltr' id='par_1_96' title="bbox 412 4974 1989 5052">
     <span class='ocr_line' id='line_1_96' title="bbox 412 4974 1989 5052; baseline 0.006 -25"><span class='ocrx_word' id='word_1_711' title='bbox 412 4974 614 5029; x_wconf 90' lang='lat' dir='ltr'><strong>tionem</strong></span> <span class='ocrx_word' id='word_1_712' title='bbox 643 4975 987 5032; x_wconf 85' lang='lat' dir='ltr'><strong>absolvisset.</strong></span> <span class='ocrx_word' id='word_1_713' title='bbox 1022 4976 1090 5031; x_wconf 87' lang='lat' dir='ltr'><strong>Et</strong></span> <span class='ocrx_word' id='word_1_714' title='bbox 1111 4992 1412 5033; x_wconf 83' lang='lat' dir='ltr'><strong>conversus</strong></span> <span class='ocrx_word' id='word_1_715' title='bbox 1440 4979 1666 5052; x_wconf 82' lang='lat' dir='ltr'><strong>[inquit]</strong></span> <span class='ocrx_word' id='word_1_716' title='bbox 1698 4981 1835 5036; x_wconf 91' lang='lat' dir='ltr'><strong>vidit</strong></span> <span class='ocrx_word' id='word_1_717' title='bbox 1868 4998 1989 5048; x_wconf 91' lang='lat' dir='ltr'><strong>me;</strong></span> 
     </span>
    </p>
   </div>
   <div class='ocr_carea' id='block_1_97' title="bbox 412 5067 1993 5137">
    <p class='ocr_par' dir='ltr' id='par_1_97' title="bbox 412 5067 1993 5137">
     <span class='ocr_line' id='line_1_97' title="bbox 412 5067 1993 5137; baseline 0.007 -18"><span class='ocrx_word' id='word_1_718' title='bbox 412 5074 469 5119; x_wconf 84' lang='lat' dir='ltr'><strong>ot</strong></span> <span class='ocrx_word' id='word_1_719' title='bbox 522 5076 813 5136; x_wconf 87' lang='lat' dir='ltr'><strong>postquam</strong></span> <span class='ocrx_word' id='word_1_720' title='bbox 872 5067 1120 5131; x_wconf 87' lang='lat' dir='ltr'><strong>vidisset,</strong></span> <span class='ocrx_word' id='word_1_721' title='bbox 1175 5068 1353 5123; x_wconf 89' lang='lat' dir='ltr'><strong>dicit:</strong></span> <span class='ocrx_word' id='word_1_722' title='bbox 1404 5071 1546 5134; x_wconf 85' lang='lat' dir='ltr'><strong>Quid</strong></span> <span class='ocrx_word' id='word_1_723' title='bbox 1598 5083 1705 5137; x_wconf 88' lang='lat' dir='ltr'><strong>est,</strong></span> <span class='ocrx_word' id='word_1_724' title='bbox 1763 5074 1993 5130; x_wconf 89' lang='lat' dir='ltr'><strong>diacone</strong></span> 
     </span>
    </p>
   </div>
   <div class='ocr_carea' id='block_1_98' title="bbox 410 5152 1988 5228">
    <p class='ocr_par' dir='ltr' id='par_1_98' title="bbox 410 5152 1988 5228">
     <span class='ocr_line' id='line_1_98' title="bbox 410 5152 1988 5228; baseline 0.005 -18"><span class='ocrx_word' id='word_1_725' title='bbox 410 5152 686 5210; x_wconf 87' lang='lat' dir='ltr'><strong>Joannes?</strong></span> <span class='ocrx_word' id='word_1_726' title='bbox 712 5154 871 5214; x_wconf 81' lang='lat' dir='ltr'><strong>Vere.</strong></span> <span class='ocrx_word' id='word_1_727' title='bbox 903 5170 1032 5210; x_wconf 89' lang='lat' dir='ltr'><strong>vere</strong></span> <span class='ocrx_word' id='word_1_728' title='bbox 1052 5156 1308 5211; x_wconf 84' lang='lat' dir='ltr'><strong>adbibisti</strong></span> <span class='ocrx_word' id='word_1_729' title='bbox 1338 5157 1652 5215; x_wconf 86' lang='lat' dir='ltr'><strong>immodice.</strong></span> <span class='ocrx_word' id='word_1_730' title='bbox 1674 5165 1774 5216; x_wconf 81' lang='lat' dir='ltr'><strong>Ast</strong></span> <span class='ocrx_word' id='word_1_731' title='bbox 1799 5164 1988 5228; x_wconf 84' lang='lat' dir='ltr'><strong>abisis,</strong></span> 
     </span>
    </p>
   </div>
   <div class='ocr_carea' id='block_1_99' title="bbox 412 5243 1996 5323">
    <p class='ocr_par' dir='ltr' id='par_1_99' title="bbox 412 5243 1996 5323">
     <span class='ocr_line' id='line_1_99' title="bbox 412 5243 1996 5323; baseline 0.009 -27"><span class='ocrx_word' id='word_1_732' title='bbox 412 5259 528 5298; x_wconf 88' lang='lat' dir='ltr'><strong>ora.</strong></span> <span class='ocrx_word' id='word_1_733' title='bbox 581 5243 708 5299; x_wconf 69' lang='lat' dir='ltr'><strong>Haec</strong></span> <span class='ocrx_word' id='word_1_734' title='bbox 738 5259 974 5315; x_wconf 82' lang='lat' dir='ltr'><strong>namque</strong></span> <span class='ocrx_word' id='word_1_735' title='bbox 1011 5246 1109 5300; x_wconf 87' lang='lat' dir='ltr'><strong>tibi</strong></span> <span class='ocrx_word' id='word_1_736' title='bbox 1146 5247 1342 5303; x_wconf 87' lang='lat' dir='ltr'><strong>accidit</strong></span> <span class='ocrx_word' id='word_1_737' title='bbox 1387 5251 1636 5314; x_wconf 89' lang='lat' dir='ltr'><strong>tentalio,</strong></span> <span class='ocrx_word' id='word_1_738' title='bbox 1680 5252 1810 5323; x_wconf 89' lang='lat' dir='ltr'><strong>quia</strong></span> <span class='ocrx_word' id='word_1_739' title='bbox 1859 5255 1996 5310; x_wconf 85' lang='lat' dir='ltr'><strong>duos</strong></span> 
     </span>
    </p>
   </div>
   <div class='ocr_carea' id='block_1_100' title="bbox 339 5339 1993 5420">
    <p class='ocr_par' dir='ltr' id='par_1_100' title="bbox 339 5339 1993 5420">
     <span class='ocr_line' id='line_1_100' title="bbox 339 5339 1993 5420; baseline 0.008 -27"><span class='ocrx_word' id='word_1_740' title='bbox 339 5376 345 5383; x_wconf 63' lang='lat'><strong><em>.</em></strong></span> <span class='ocrx_word' id='word_1_741' title='bbox 415 5339 717 5406; x_wconf 81' lang='lat' dir='ltr'><strong>mendicos,</strong></span> <span class='ocrx_word' id='word_1_742' title='bbox 744 5339 865 5396; x_wconf 86' lang='lat' dir='ltr'><strong>heri</strong></span> <span class='ocrx_word' id='word_1_743' title='bbox 911 5351 1182 5397; x_wconf 85' lang='lat' dir='ltr'><strong>venerunt</strong></span> <span class='ocrx_word' id='word_1_744' title='bbox 1221 5344 1288 5398; x_wconf 90' lang='lat' dir='ltr'><strong>ad</strong></span> <span class='ocrx_word' id='word_1_745' title='bbox 1322 5352 1393 5408; x_wconf 88' lang='lat' dir='ltr'><strong>te,</strong></span> <span class='ocrx_word' id='word_1_746' title='bbox 1423 5361 1525 5414; x_wconf 88' lang='lat' dir='ltr'><strong>pro</strong></span> <span class='ocrx_word' id='word_1_747' title='bbox 1554 5362 1621 5402; x_wconf 91' lang='lat' dir='ltr'><strong>eo</strong></span> <span class='ocrx_word' id='word_1_748' title='bbox 1656 5363 1721 5403; x_wconf 88' lang='lat' dir='ltr'><strong>ac</strong></span> <span class='ocrx_word' id='word_1_749' title='bbox 1753 5359 1993 5420; x_wconf 87' lang='lat' dir='ltr'><strong>poteras,</strong></span> 
     </span>
    </p>
   </div>
   <div class='ocr_carea' id='block_1_101' title="bbox 2096 4610 3693 4692">
    <p class='ocr_par' dir='ltr' id='par_1_101' title="bbox 2096 4610 3693 4692">
     <span class='ocr_line' id='line_1_101' title="bbox 2096 4610 3693 4692; baseline -0.001 -20"><span class='ocrx_word' id='word_1_750' title='bbox 2096 4622 2284 4690; x_wconf 85' lang='grc' dir='ltr'>χεῖρας</span> <span class='ocrx_word' id='word_1_751' title='bbox 2312 4621 2393 4682; x_wconf 81' lang='grc' dir='ltr'>εἰς</span> <span class='ocrx_word' id='word_1_752' title='bbox 2436 4610 2528 4672; x_wconf 73' lang='grc' dir='ltr'>τὸν</span> <span class='ocrx_word' id='word_1_753' title='bbox 2568 4621 2817 4690; x_wconf 78' lang='grc' dir='ltr'>οὐρανὸν,</span> <span class='ocrx_word' id='word_1_754' title='bbox 2861 4620 3128 4691; x_wconf 73' lang='grc' dir='ltr'>ἐφοϐήθη.</span> <span class='ocrx_word' id='word_1_755' title='bbox 3177 4622 3420 4691; x_wconf 83' lang='grc' dir='ltr'>Ὤμνυεν</span> <span class='ocrx_word' id='word_1_756' title='bbox 3461 4624 3573 4692; x_wconf 71' lang='grc' dir='ltr'><strong>γαρ</strong></span> <span class='ocrx_word' id='word_1_757' title='bbox 3612 4621 3693 4672; x_wconf 80' lang='grc' dir='ltr'><strong>ὅτι</strong></span> 
     </span>
    </p>
   </div>
   <div class='ocr_carea' id='block_1_102' title="bbox 2098 4711 3693 4784">
    <p class='ocr_par' dir='ltr' id='par_1_102' title="bbox 2098 4711 3693 4784">
     <span class='ocr_line' id='line_1_102' title="bbox 2098 4711 3693 4784; baseline 0.002 -22"><span class='ocrx_word' id='word_1_758' title='bbox 2098 4711 2333 4780; x_wconf 58' lang='grc' dir='ltr'>σφαίρας</span> <span class='ocrx_word' id='word_1_759' title='bbox 2351 4711 2521 4781; x_wconf 73' lang='grc' dir='ltr'>πυρὸς</span> <span class='ocrx_word' id='word_1_760' title='bbox 2543 4712 2911 4782; x_wconf 80' lang='grc' dir='ltr'>ἁνερχομένας</span> <span class='ocrx_word' id='word_1_761' title='bbox 2942 4712 3001 4776; x_wconf 83' lang='grc' dir='ltr'><strong>ἐξ</strong></span> <span class='ocrx_word' id='word_1_762' title='bbox 3030 4711 3197 4765; x_wconf 77' lang='grc' dir='ltr'>αὐτοῦ</span> <span class='ocrx_word' id='word_1_763' title='bbox 3228 4715 3311 4774; x_wconf 79' lang='grc' dir='ltr'>εἰς</span> <span class='ocrx_word' id='word_1_764' title='bbox 3344 4713 3434 4767; x_wconf 68' lang='grc' dir='ltr'><strong>τὸν</strong></span> <span class='ocrx_word' id='word_1_765' title='bbox 3461 4713 3693 4784; x_wconf 74' lang='grc' dir='ltr'>οὖρανίν</span> 
     </span>
    </p>
   </div>
   <div class='ocr_carea' id='block_1_103' title="bbox 2095 4803 3692 4876">
    <p class='ocr_par' dir='ltr' id='par_1_103' title="bbox 2095 4803 3692 4876">
     <span class='ocr_line' id='line_1_103' title="bbox 2095 4803 3692 4876; baseline 0.002 -20"><span class='ocrx_word' id='word_1_766' title='bbox 2095 4803 2344 4874; x_wconf 77' lang='grc' dir='ltr'>ἐθεώρει,</span> <span class='ocrx_word' id='word_1_767' title='bbox 2378 4805 2473 4857; x_wconf 81' lang='grc' dir='ltr'><strong>καὶ</strong></span> <span class='ocrx_word' id='word_1_768' title='bbox 2520 4804 2708 4874; x_wconf 80' lang='grc' dir='ltr'>κύκλῳ</span> <span class='ocrx_word' id='word_1_769' title='bbox 2760 4804 2928 4858; x_wconf 73' lang='grc' dir='ltr'>αὑτοῦ</span> <span class='ocrx_word' id='word_1_770' title='bbox 2965 4806 3041 4868; x_wconf 82' lang='grc' dir='ltr'>ὡς</span> <span class='ocrx_word' id='word_1_771' title='bbox 3079 4804 3339 4859; x_wconf 80' lang='grc' dir='ltr'>κλίϐανον</span> <span class='ocrx_word' id='word_1_772' title='bbox 3376 4807 3692 4876; x_wconf 64' lang='grc' dir='ltr'>καιόμεναι,</span> 
     </span>
    </p>
   </div>
   <div class='ocr_carea' id='block_1_104' title="bbox 2102 4896 3692 4968">
    <p class='ocr_par' dir='ltr' id='par_1_104' title="bbox 2102 4896 3692 4968">
     <span class='ocr_line' id='line_1_104' title="bbox 2102 4896 3692 4968; baseline 0.002 -20"><span class='ocrx_word' id='word_1_773' title='bbox 2102 4897 2196 4949; x_wconf 77' lang='grc' dir='ltr'><strong>καὶ</strong></span> <span class='ocrx_word' id='word_1_774' title='bbox 2227 4896 2392 4949; x_wconf 77' lang='grc' dir='ltr'>αὐτὸν</span> <span class='ocrx_word' id='word_1_775' title='bbox 2414 4898 2494 4959; x_wconf 85' lang='grc' dir='ltr'><strong>είς</strong></span> <span class='ocrx_word' id='word_1_776' title='bbox 2524 4896 2585 4949; x_wconf 68' lang='grc' dir='ltr'>τὸ</span> <span class='ocrx_word' id='word_1_777' title='bbox 2621 4897 2811 4965; x_wconf 78' lang='grc' dir='ltr'>μέσον,</span> <span class='ocrx_word' id='word_1_778' title='bbox 2840 4896 2982 4950; x_wconf 79' lang='grc' dir='ltr'>ὥστε</span> <span class='ocrx_word' id='word_1_779' title='bbox 3036 4897 3110 4968; x_wconf 81' lang='grc' dir='ltr'>μὴ</span> <span class='ocrx_word' id='word_1_780' title='bbox 3159 4898 3463 4966; x_wconf 81' lang='grc' dir='ltr'>πλησιάσαι</span> <span class='ocrx_word' id='word_1_781' title='bbox 3520 4897 3692 4967; x_wconf 76' lang='grc' dir='ltr'>αὐτῷ,</span> 
     </span>
    </p>
   </div>
   <div class='ocr_carea' id='block_1_105' title="bbox 2099 4983 3693 5060">
    <p class='ocr_par' dir='ltr' id='par_1_105' title="bbox 2099 4983 3693 5060">
     <span class='ocr_line' id='line_1_105' title="bbox 2099 4983 3693 5060; baseline 0 -17"><span class='ocrx_word' id='word_1_782' title='bbox 2099 4990 2204 5052; x_wconf 71' lang='grc' dir='ltr'>ἕως</span> <span class='ocrx_word' id='word_1_783' title='bbox 2227 4983 2291 5043; x_wconf 74' lang='grc' dir='ltr'>οὗ</span> <span class='ocrx_word' id='word_1_784' title='bbox 2318 4988 2414 5058; x_wconf 77' lang='grc' dir='ltr'>τὴν</span> <span class='ocrx_word' id='word_1_785' title='bbox 2444 4990 2610 5059; x_wconf 74' lang='grc' dir='ltr'>εὐχὴν</span> <span class='ocrx_word' id='word_1_786' title='bbox 2639 4988 2980 5052; x_wconf 83' lang='grc' dir='ltr'>ἐτελείωσεν,</span> <span class='ocrx_word' id='word_1_787' title='bbox 3019 4989 3114 5042; x_wconf 68' lang='grc' dir='ltr'>καὶ</span> <span class='ocrx_word' id='word_1_788' title='bbox 3160 4991 3427 5060; x_wconf 77' lang='grc' dir='ltr'>στραφεὶς</span> <span class='ocrx_word' id='word_1_789' title='bbox 3467 4989 3578 5043; x_wconf 78' lang='grc' dir='ltr'>ἴδεν</span> <span class='ocrx_word' id='word_1_790' title='bbox 3604 5005 3693 5059; x_wconf 84' lang='grc' dir='ltr'><strong>με,</strong></span> 
     </span>
    </p>
   </div>
   <div class='ocr_carea' id='block_1_106' title="bbox 2101 5068 3692 5151">
    <p class='ocr_par' dir='ltr' id='par_1_106' title="bbox 2101 5068 3692 5151">
     <span class='ocr_line' id='line_1_106' title="bbox 2101 5068 3692 5151; baseline 0 -17"><span class='ocrx_word' id='word_1_791' title='bbox 2101 5082 2196 5134; x_wconf 72' lang='grc' dir='ltr'><strong>καὶ</strong></span> <span class='ocrx_word' id='word_1_792' title='bbox 2226 5082 2349 5135; x_wconf 82' lang='grc' dir='ltr'>ἰδὼν</span> <span class='ocrx_word' id='word_1_793' title='bbox 2374 5083 2575 5146; x_wconf 69' lang='grc' dir='ltr'>εὐθέως</span> <span class='ocrx_word' id='word_1_794' title='bbox 2605 5080 2755 5150; x_wconf 81' lang='grc' dir='ltr'>λέγει</span> <span class='ocrx_word' id='word_1_795' title='bbox 2778 5099 2869 5151; x_wconf 88' lang='grc' dir='ltr'><strong>μοι</strong></span> <span class='ocrx_word' id='word_1_796' title='bbox 2889 5096 2902 5108; x_wconf 81' lang='lat'><strong><em>°</em></strong></span> <span class='ocrx_word' id='word_1_797' title='bbox 2930 5080 2994 5134; x_wconf 83' lang='grc' dir='ltr'><strong>Τί</strong></span> <span class='ocrx_word' id='word_1_798' title='bbox 3018 5081 3157 5143; x_wconf 80' lang='grc' dir='ltr'>ἐστι,</span> <span class='ocrx_word' id='word_1_799' title='bbox 3194 5080 3413 5134; x_wconf 80' lang='grc' dir='ltr'>διάκονε</span> <span class='ocrx_word' id='word_1_800' title='bbox 3439 5068 3692 5151; x_wconf 73' lang='grc' dir='ltr'>Ἰωάννης</span> 
     </span>
    </p>
   </div>
   <div class='ocr_carea' id='block_1_107' title="bbox 2099 5171 3694 5243">
    <p class='ocr_par' dir='ltr' id='par_1_107' title="bbox 2099 5171 3694 5243">
     <span class='ocr_line' id='line_1_107' title="bbox 2099 5171 3694 5243; baseline -0.002 -16"><span class='ocrx_word' id='word_1_801' title='bbox 2099 5174 2288 5235; x_wconf 72' lang='grc' dir='ltr'>ὅντως.</span> <span class='ocrx_word' id='word_1_802' title='bbox 2313 5174 2502 5238; x_wconf 79' lang='grc' dir='ltr'>ὅντως,</span> <span class='ocrx_word' id='word_1_803' title='bbox 2523 5173 2672 5242; x_wconf 77' lang='grc' dir='ltr'>παρὰ</span> <span class='ocrx_word' id='word_1_804' title='bbox 2704 5174 2895 5243; x_wconf 82' lang='grc' dir='ltr'>κόμμα</span> <span class='ocrx_word' id='word_1_805' title='bbox 2924 5173 3109 5236; x_wconf 76' lang='grc' dir='ltr'>ἔπινες</span> <span class='ocrx_word' id='word_1_806' title='bbox 3138 5172 3312 5243; x_wconf 79' lang='grc' dir='ltr'>αὐτῷ,</span> <span class='ocrx_word' id='word_1_807' title='bbox 3343 5173 3462 5226; x_wconf 76' lang='grc' dir='ltr'>ἀλλ’</span> <span class='ocrx_word' id='word_1_808' title='bbox 3491 5171 3694 5239; x_wconf 75' lang='grc' dir='ltr'>ὕπαγε,</span> 
     </span>
    </p>
   </div>
   <div class='ocr_carea' id='block_1_108' title="bbox 2101 5259 3696 5336">
    <p class='ocr_par' dir='ltr' id='par_1_108' title="bbox 2101 5259 3696 5336">
     <span class='ocr_line' id='line_1_108' title="bbox 2101 5259 3696 5336; baseline -0.003 -18"><span class='ocrx_word' id='word_1_809' title='bbox 2101 5264 2276 5329; x_wconf 74' lang='grc' dir='ltr'>εὖξαι.</span> <span class='ocrx_word' id='word_1_810' title='bbox 2318 5262 2487 5328; x_wconf 72' lang='grc' dir='ltr'>Οὗτος</span> <span class='ocrx_word' id='word_1_811' title='bbox 2523 5265 2579 5317; x_wconf 85' lang='grc' dir='ltr'><strong>δέ</strong></span> <span class='ocrx_word' id='word_1_812' title='bbox 2599 5267 2628 5319; x_wconf 90' lang='lat'><strong>6</strong></span> <span class='ocrx_word' id='word_1_813' title='bbox 2650 5264 2959 5336; x_wconf 83' lang='grc' dir='ltr'>πειρασμὸς</span> <span class='ocrx_word' id='word_1_814' title='bbox 2981 5263 3183 5331; x_wconf 68' lang='grc' dir='ltr'>ωνέὄη</span> <span class='ocrx_word' id='word_1_815' title='bbox 3219 5281 3325 5329; x_wconf 89' lang='grc' dir='ltr'>σοι,</span> <span class='ocrx_word' id='word_1_816' title='bbox 3360 5263 3502 5318; x_wconf 71' lang='grc' dir='ltr'>διότι</span> <span class='ocrx_word' id='word_1_817' title='bbox 3530 5259 3696 5333; x_wconf 72' lang='grc' dir='ltr'>ἦλθν</span> 
     </span>
    </p>
   </div>
   <div class='ocr_carea' id='block_1_109' title="bbox 2103 5354 3699 5426">
    <p class='ocr_par' dir='ltr' id='par_1_109' title="bbox 2103 5354 3699 5426">
     <span class='ocr_line' id='line_1_109' title="bbox 2103 5354 3699 5426; baseline -0.001 -19"><span class='ocrx_word' id='word_1_818' title='bbox 2103 5354 2229 5426; x_wconf 79' lang='grc' dir='ltr'>χθὲς</span> <span class='ocrx_word' id='word_1_819' title='bbox 2252 5355 2300 5407; x_wconf 84' lang='lat' dir='ltr'><strong>oi</strong></span> <span class='ocrx_word' id='word_1_820' title='bbox 2324 5354 2418 5408; x_wconf 67' lang='grc' dir='ltr'><strong>δύο</strong></span> <span class='ocrx_word' id='word_1_821' title='bbox 2441 5355 2647 5425; x_wconf 72' lang='grc' dir='ltr'>πτωχοὶ</span> <span class='ocrx_word' id='word_1_822' title='bbox 2689 5357 2827 5426; x_wconf 77' lang='grc' dir='ltr'>πρὸς</span> <span class='ocrx_word' id='word_1_823' title='bbox 2857 5355 2940 5419; x_wconf 78' lang='grc' dir='ltr'>σὲ,</span> <span class='ocrx_word' id='word_1_824' title='bbox 2975 5358 3069 5409; x_wconf 76' lang='grc' dir='ltr'><strong>καὶ</strong></span> <span class='ocrx_word' id='word_1_825' title='bbox 3105 5355 3358 5425; x_wconf 74' lang='grc' dir='ltr'>εὐπορῶν</span> <span class='ocrx_word' id='word_1_826' title='bbox 3384 5354 3569 5410; x_wconf 71' lang='grc' dir='ltr'>δοῦναι</span> <span class='ocrx_word' id='word_1_827' title='bbox 3597 5355 3699 5407; x_wconf 71' lang='grc' dir='ltr'><strong>αὖ·</strong></span> 
     </span>
    </p>
   </div>
   <div class='ocr_carea' id='block_1_110' title="bbox 1900 5506 2141 5566">
    <p class='ocr_par' dir='ltr' id='par_1_110' title="bbox 1900 5506 2141 5566">
     <span class='ocr_line' id='line_1_110' title="bbox 1900 5506 2141 5566; baseline 0.025 -6"><span class='ocrx_word' id='word_1_828' title='bbox 1900 5506 2141 5566; x_wconf 58' lang='lat' dir='ltr'><strong>NOTAE.</strong></span> 
     </span>
    </p>
   </div>
   <div class='ocr_carea' id='block_1_111' title="bbox 486 5576 1044 5658">
    <p class='ocr_par' dir='ltr' id='par_1_111' title="bbox 486 5576 1044 5658">
     <span class='ocr_line' id='line_1_111' title="bbox 486 5576 1044 5658; baseline -0.011 -9"><span class='ocrx_word' id='word_1_829' title='bbox 486 5576 601 5658; x_wconf 64' lang='lat' dir='ltr'><strong>i233)</strong></span> <span class='ocrx_word' id='word_1_830' title='bbox 632 5585 821 5658; x_wconf 67' lang='lat' dir='ltr'><strong>Qapite</strong></span> <span class='ocrx_word' id='word_1_831' title='bbox 848 5590 1044 5657; x_wconf 90' lang='lat' dir='ltr'><strong>primo.</strong></span> 
     </span>
    </p>
   </div>
   <div class='ocr_carea' id='block_1_112' title="bbox 488 5654 1986 5736">
    <p class='ocr_par' dir='ltr' id='par_1_112' title="bbox 488 5654 1986 5736">
     <span class='ocr_line' id='line_1_112' title="bbox 488 5654 1986 5736; baseline 0.009 -30"><span class='ocrx_word' id='word_1_832' title='bbox 488 5654 1024 5736; x_wconf 39' lang='grc' dir='ltr'>εἴρεο-σκήνωμα</span> <span class='ocrx_word' id='word_1_833' title='bbox 1074 5670 1160 5714; x_wconf 88' lang='lat' dir='ltr'><strong>est</strong></span> <span class='ocrx_word' id='word_1_834' title='bbox 1210 5663 1986 5736; x_wconf 79' lang='lat' dir='ltr'><strong>tentorium,_tabemaculum,</strong></span> 
     </span>
    </p>
   </div>
   <div class='ocr_carea' id='block_1_113' title="bbox 419 5722 1993 5842">
    <p class='ocr_par' dir='ltr' id='par_1_113' title="bbox 419 5722 1993 5842">
     <span class='ocr_line' id='line_1_113' title="bbox 419 5722 1993 5842; baseline 0.011 -69"><span class='ocrx_word' id='word_1_835' title='bbox 419 5722 833 5842; x_wconf 47' lang='grc' dir='ltr'>Ιιαῗίιαιὶοειιίο</span> <span class='ocrx_word' id='word_1_836' title='bbox 856 5722 1166 5794; x_wconf 69' lang='lat' dir='ltr'><strong>usurpatur</strong></span> <span class='ocrx_word' id='word_1_837' title='bbox 1214 5733 1593 5800; x_wconf 65' lang='grc' dir='ltr'>μεταφορικῶς</span> <span class='ocrx_word' id='word_1_838' title='bbox 1637 5751 1736 5804; x_wconf 84' lang='lat' dir='ltr'><strong>pro</strong></span> <span class='ocrx_word' id='word_1_839' title='bbox 1778 5722 1993 5804; x_wconf 63' lang='lat' dir='ltr'><strong>corpore</strong></span> 
     </span>
     <span class='ocr_line' id='line_1_114' title="bbox 428 5790 1596 5842; baseline 0 0"><span class='ocrx_word' id='word_1_840' title='bbox 428 5804 491 5842; x_wconf 85' lang='lat' dir='ltr'><strong>ve</strong></span> <span class='ocrx_word' id='word_1_841' title='bbox 534 5790 806 5842; x_wconf 72' lang='lat' dir='ltr'><strong>cadavere.</strong></span> <span class='ocrx_word' id='word_1_842' title='bbox 828 5795 970 5842; x_wconf 76' lang='lat' dir='ltr'><strong>ullod</strong></span> <span class='ocrx_word' id='word_1_843' title='bbox 994 5797 1255 5842; x_wconf 72' lang='lat' dir='ltr'><strong>habitatio</strong></span> <span class='ocrx_word' id='word_1_844' title='bbox 1276 5801 1470 5842; x_wconf 69' lang='grc' dir='ltr'>ειηῑιηερ</span> <span class='ocrx_word' id='word_1_845' title='bbox 1499 5800 1596 5842; x_wconf 73' lang='lat' dir='ltr'><strong>nm</strong></span> 
     </span>
    </p>
   </div>
   <div class='ocr_carea' id='block_1_114' title="bbox 428 5790 1619 5861">
    <p class='ocr_par' dir='ltr' id='par_1_114' title="bbox 428 5790 1619 5861">
     <span class='ocr_line' id='line_1_115' title="bbox 428 5790 1619 5861; baseline 0.013 -20"><span class='ocrx_word' id='word_1_846' title='bbox 428 5790 509 5842; x_wconf 86' lang='lat' dir='ltr'><strong>vel</strong></span> <span class='ocrx_word' id='word_1_847' title='bbox 534 5790 806 5857; x_wconf 73' lang='lat' dir='ltr'><strong>cadavere,</strong></span> <span class='ocrx_word' id='word_1_848' title='bbox 828 5795 970 5861; x_wconf 85' lang='lat' dir='ltr'><strong>quod</strong></span> <span class='ocrx_word' id='word_1_849' title='bbox 994 5790 1255 5853; x_wconf 74' lang='lat' dir='ltr'><strong>habitatio</strong></span> <span class='ocrx_word' id='word_1_850' title='bbox 1276 5790 1471 5857; x_wconf 69' lang='lat' dir='ltr'><strong>animae</strong></span> <span class='ocrx_word' id='word_1_851' title='bbox 1499 5790 1619 5857; x_wconf 72' lang='lat' dir='ltr'><strong>fuit.</strong></span> 
     </span>
    </p>
   </div>
   <div class='ocr_carea' id='block_1_115' title="bbox 2171 5598 3697 5672">
    <p class='ocr_par' dir='ltr' id='par_1_115' title="bbox 2171 5598 3697 5672">
     <span class='ocr_line' id='line_1_116' title="bbox 2171 5598 3697 5672; baseline -0.001 -17"><span class='ocrx_word' id='word_1_852' title='bbox 2171 5598 2283 5672; x_wconf 77' lang='grc' dir='ltr'><strong>(Ἱὸ)</strong></span> <span class='ocrx_word' id='word_1_853' title='bbox 2316 5601 2555 5658; x_wconf 80' lang='lat' dir='ltr'><strong>Lexicon</strong></span> <span class='ocrx_word' id='word_1_854' title='bbox 2589 5602 2769 5670; x_wconf 57' lang='lat' dir='ltr'><strong>Gya-illi</strong></span> <span class='ocrx_word' id='word_1_855' title='bbox 2792 5618 2893 5657; x_wconf 90' lang='lat' dir='ltr'><strong>ms.</strong></span> <span class='ocrx_word' id='word_1_856' title='bbox 2927 5612 2980 5659; x_wconf 87' lang='lat' dir='ltr'><strong>et</strong></span> <span class='ocrx_word' id='word_1_857' title='bbox 3007 5602 3196 5659; x_wconf 86' lang='lat' dir='ltr'><strong>Glossa</strong></span> <span class='ocrx_word' id='word_1_858' title='bbox 3223 5603 3445 5660; x_wconf 78' lang='lat' dir='ltr'><strong>Basilic.</strong></span> <span class='ocrx_word' id='word_1_859' title='bbox 3476 5604 3697 5660; x_wconf 65' lang='grc' dir='ltr'>Κασαλ.</span> 
     </span>
    </p>
   </div>
   <div class='ocr_carea' id='block_1_116' title="bbox 2097 5670 3699 5755">
    <p class='ocr_par' dir='ltr' id='par_1_116' title="bbox 2097 5670 3699 5755">
     <span class='ocr_line' id='line_1_117' title="bbox 2097 5670 3699 5755; baseline 0.005 -32"><span class='ocrx_word' id='word_1_860' title='bbox 2097 5670 2309 5755; x_wconf 70' lang='grc' dir='ltr'>λάριος.</span> <span class='ocrx_word' id='word_1_861' title='bbox 2342 5672 2601 5755; x_wconf 50' lang='lat' dir='ltr'><strong>sgmx-cog,</strong></span> <span class='ocrx_word' id='word_1_862' title='bbox 2679 5676 2737 5727; x_wconf 83' lang='grc' dir='ltr'><strong>ἐν</strong></span> <span class='ocrx_word' id='word_1_863' title='bbox 2756 5675 2911 5745; x_wconf 79' lang='grc' dir='ltr'>ἵππῳ</span> <span class='ocrx_word' id='word_1_864' title='bbox 2939 5675 3271 5755; x_wconf 74' lang='grc' dir='ltr'>καθῄμενος.</span> <span class='ocrx_word' id='word_1_865' title='bbox 3304 5675 3558 5755; x_wconf 57' lang='grc' dir='ltr'>Ιςᾴσαλος</span> <span class='ocrx_word' id='word_1_866' title='bbox 3584 5678 3699 5755; x_wconf 54' lang='grc' dir='ltr'>γᾴρ</span> 
     </span>
    </p>
   </div>
   <div class='ocr_carea' id='block_1_117' title="bbox 2099 5741 3699 5821">
    <p class='ocr_par' dir='ltr' id='par_1_117' title="bbox 2099 5741 3699 5821">
     <span class='ocr_line' id='line_1_118' title="bbox 2099 5741 3699 5821; baseline 0.004 -28"><span class='ocrx_word' id='word_1_867' title='bbox 2099 5741 2129 5793; x_wconf 90' lang='lat'><strong>6</strong></span> <span class='ocrx_word' id='word_1_868' title='bbox 2160 5741 2346 5821; x_wconf 70' lang='grc' dir='ltr'>ἵππος.</span> <span class='ocrx_word' id='word_1_869' title='bbox 2371 5741 2734 5810; x_wconf 74' lang='lat' dir='ltr'><strong>Cavallarius,</strong></span> <span class='ocrx_word' id='word_1_870' title='bbox 2764 5741 2943 5817; x_wconf 67' lang='lat' dir='ltr'><strong>eques,</strong></span> <span class='ocrx_word' id='word_1_871' title='bbox 2969 5741 3209 5816; x_wconf 56' lang='lat' dir='ltr'><strong>quisque</strong></span> <span class='ocrx_word' id='word_1_872' title='bbox 3228 5745 3443 5800; x_wconf 72' lang='lat' dir='ltr'><strong>insidet.</strong></span> <span class='ocrx_word' id='word_1_873' title='bbox 3463 5741 3699 5802; x_wconf 51' lang='lat' dir='ltr'><strong>Carolus</strong></span> 
     </span>
    </p>
   </div>
   <div class='ocr_carea' id='block_1_118' title="bbox 2103 5821 2559 5882">
    <p class='ocr_par' dir='ltr' id='par_1_118' title="bbox 2103 5821 2559 5882">
     <span class='ocr_line' id='line_1_119' title="bbox 2103 5821 2559 5882; baseline 0.011 -19"><span class='ocrx_word' id='word_1_874' title='bbox 2103 5825 2245 5864; x_wconf 75' lang='lat' dir='ltr'><strong>enim</strong></span> <span class='ocrx_word' id='word_1_875' title='bbox 2274 5821 2350 5865; x_wconf 82' lang='lat' dir='ltr'><strong>est</strong></span> <span class='ocrx_word' id='word_1_876' title='bbox 2379 5829 2559 5882; x_wconf 73' lang='lat' dir='ltr'><strong>equus.</strong></span> 
     </span>
    </p>
   </div>
  </div>
