3976 6424
351 382 490 446 1733

343 587 559 656 ἀδελφέ.
602 589 659 640 Ei
693 591 943 652 ἀπιστεῖς
974 590 1048 659 τῷ
1075 590 1303 654 εἰπόντι,
1326 591 1406 642 ὅτι
1440 591 1670 651 ἕκαστος
1707 589 1776 642 τὰ
1801 590 1936 642 πλαιί

344 681 496 733 σίονα
535 683 562 732 6
591 682 925 748 μεταδιδοὺς,
973 681 1204 750 λήψεται
1240 682 1297 733 ἐν
1324 681 1402 750 τῷ
1430 682 1522 735 νῦν
1562 681 1736 745 αἰῶνι,
1765 682 1857 733 καὶ
1879 683 1934 732 ἐν

341 771 420 840 τῷ
453 771 700 840 μέλλοντι
737 770 880 842 ζωὴν
907 772 1124 824 αἰώνιον
1153 772 1575 842 κληρονομήσει.
1621 774 1679 823 Εἰ
1706 772 1799 841 μὲν
1838 772 1935 825 οὐκ

342 865 600 932 ἀπιστῇς,
636 863 746 927 δῦς.
782 865 841 916 Εἰ
876 866 928 915 δὲ
952 867 1014 916 οὑ
1039 864 1223 927 δίδως,
1253 865 1485 935 tactv-ape;
1505 861 1555 916 εἷ
1581 866 1660 916 ὅτι
1689 866 1935 926 ἀπιστεῖς

342 954 418 1024 τῷ
456 957 666 1025 Κυρίῳ.
713 956 844 1008 Ἰδοὺ
867 956 1012 1021 λόγοι
1048 956 1231 1019 σαλοῦ,
1261 957 1460 1026 μᾶλλον
1488 958 1541 1008 δὲ
1567 956 1730 1025 σοφοῦ
1756 957 1932 1022 ἁγίου.

345 1048 487 1117 Πρὸς
520 1047 708 1100 τοῦτον
753 1047 849 1116 μὲν
875 1048 981 1118 γὰρ
1015 1048 1107 1098 τὸν
1144 1047 1302 1117 κῦριν
1339 1050 1632 1119 Ἰωάννην,
1665 1050 1746 1100 ὅτι
1783 1048 1933 1118 εὑρί-

343 1155 535 1190 σκοντο
571 1140 620 1190 οἱ
653 1138 746 1190 δύο
781 1139 922 1190 κατὰ
978 1139 1169 1208 μόνας,
1204 1139 1356 1191 οὐδὲν
1392 1139 1562 1190 ἐποίει
1621 1137 1714 1190 τοῦ
1743 1137 1928 1190 σαλοῦ.

353 1230 494 1282 Ἀλλ’
521 1229 692 1294 οὕτως
725 1231 1016 1301 εὐρύθμως
1041 1235 1131 1284 καὶ
1158 1231 1646 1300 κατανεννγμένως
1679 1233 1935 1298 συνετύγ-

339 1338 502 1390 χανεν
542 1323 726 1393 αὑτῷ,
781 1325 854 1383 ὡς
915 1323 1178 1384 πολλάκις
1219 1323 1449 1376 εὐωδίαν
1508 1322 1826 1392 ἐξέρχεσθαι
1868 1325 1932 1375 ἐκ

339 1413 433 1466 τοῦ
472 1415 739 1484 στόματος
770 1415 955 1478 αὑτοῦ,
999 1415 1073 1477 ὡς
1106 1413 1478 1466 διεϐεϐαιοῦτο
1510 1407 1665 1474 οὖτος
1705 1413 1732 1464 6
1773 1411 1930 1481 κῦρις

352 1503 646 1573 Ἰωάννης,
705 1505 846 1556 ὥστε
907 1503 1104 1572 μικροῦ
1165 1505 1296 1566 δεῖν,
1332 1505 1585 1556 ἀπιστεῖν
1619 1520 1707 1573 με,
1762 1504 1922 1555 αὑτὸν

339 1587 590 1646 εἴναιτὺν
631 1595 736 1665 πρὸ
767 1594 916 1665 ὥρας
943 1594 1123 1646 ϐαλόν·
1160 1593 1304 1664 Πρὸς
1331 1593 1388 1645 δὲ
1437 1593 1684 1655 ἃ-ποινττας
1718 1593 1922 1662 ἑτέρως

338 1679 586 1736 διέκειτο.

1631 387 1799 445 νιτι
1842 386 1900 442 s.
1929 347 2335 444 SYMEONIS.

345 499 477 560 τοῖς,
513 496 862 567 ἀπέστρεψας
888 498 1107 562 αὑτούς·
1144 498 1218 568 μὴ
1259 499 1367 568 γὰρ
1410 498 1478 551 σά
1520 501 1658 551 εἰσιν
1696 498 1730 551 ἃ
1761 498 1932 560 δίδως,

2043 513 2154 550 non
2183 497 2502 561 sublevasti,
2546 498 2640 552 sed
2691 498 2949 567 reiceisti.
2995 501 3110 556 Non
3141 503 3287 558 enim
3336 515 3427 560 tua
3479 521 3609 562 sunt
3676 509 3678 511 ’

3495 396 3632 460 1734

2039 587 2226 650 frater,
2253 604 2374 657 qua:
2408 590 2524 643 das.
2591 590 2787 643 Annon
2825 592 3002 646 credis
3027 595 3098 656 ei,
3133 597 3225 666 qui
3261 597 3434 652 dixit:
3473 599 3628 663 Quod

2038 680 2436 748 unusquisque,
2490 679 2582 749 qui
2635 681 2859 752 largitus
2922 683 3120 750 fuerit,
3178 699 3507 758 accepturus
3560 693 3632 744 sit

2039 771 2196 839 plura
2226 771 2279 824 in
2307 774 2562 840 praesenti
2601 776 2821 839 saeculo,
2852 786 2905 829 et
2930 778 2983 830 iu
3029 778 3219 832 futuro
3251 781 3628 836 baeredrtatem

2039 865 2420 918 mteruam?5i
2465 866 2664 930 credis,
2702 867 2788 921 da.
2829 869 2884 922 Si
2915 886 3043 924 vero
3080 887 3189 925 non
3247 873 3365 937 dcs,
3396 875 3630 928 manife-

2038 965 2180 1010 stum
2234 970 2317 1010 est
2361 967 2412 1011 te
2457 959 2686 1013 Domino
2718 977 2826 1014 non
2871 964 3114 1017 credere.
3175 966 3312 1022 Ecce
3363 983 3472 1020 non
3518 976 3627 1020 tam

2039 1042 2173 1110 Sali,
2197 1061 2290 1099 seu
2315 1045 2447 1102 fatui
2478 1047 2716 1104 hominis
2744 1051 2932 1113 verba,
2957 1067 3119 1120 quam
3143 1053 3314 1107 sancti
3339 1054 3624 1123 sapientis.

2035 1135 2170 1189 Nam
2210 1138 2353 1207 apud
2389 1140 2672 1195 Dominum
2700 1141 2988 1204 Joannem,
3034 1146 3254 1212 quando
3298 1146 3408 1199 duo
3459 1145 3624 1200 simul

2034 1226 2269 1293 agebant
2307 1229 2558 1292 seorsim,
2592 1229 2728 1282 nihil
2761 1229 2994 1284 faciebat
3029 1232 3216 1296 stulti;
3265 1247 3452 1285 verum
3489 1231 3626 1284 adeo

2035 1318 2304 1370 concinne
2335 1326 2390 1372 et
2424 1328 2570 1372 tanta
2593 1323 3017 1390 compunctione
3039 1313 3234 1392 agebat
3264 1339 3386 1377 cum
3416 1323 3528 1386 illo,
3564 1329 3624 1374 ut

2036 1409 2236 1477 Saepius
2264 1411 2442 1463 bonus
2466 1412 2600 1464 odor
2627 1427 2694 1464 ex
2724 1430 2818 1466 ore
2845 1415 2965 1481 eius
2995 1421 3343 1483 erumperet;
3375 1412 3452 1468 uti
3475 1428 3626 1467 asse-

2031 1502 2239 1555 veravit
2267 1501 2407 1555 idem
2451 1501 2716 1557 Dominus
2747 1505 3008 1570 Joannes,
3045 1515 3098 1560 ct
3138 1521 3329 1575 parum
3377 1505 3622 1566 abesset,

2032 1594 2164 1663 quin
2191 1610 2299 1647 non
2342 1594 2614 1660 crederet,
2647 1596 2899 1649 euuulem
2939 1596 3088 1648 illum
3123 1612 3265 1660 esse,
3318 1595 3411 1664 qui
3458 1594 3624 1663 pauiu

2034 1695 2160 1740 ante
2192 1695 2309 1740 erat
2337 1681 2540 1740 fatuus.
2573 1683 2683 1741 Sed
2716 1687 2859 1754 apud
2896 1686 3030 1740 alios
3071 1685 3230 1740 aliter
3278 1699 3336 1738 se
3370 1685 3618 1752 gerebat.

1817 1824 1973 1879 CAP.
2009 1825 2142 1880 Vill.

1499 1936 1728 2007 Reliqua
1776 1937 2040 1991 miracula
2077 1939 2446 2006 expediuntur.

411 2048 510 2119 νβ’.
551 2050 706 2102 Ἔστι
746 2048 854 2118 γὰρ
905 2049 993 2101 ὅτε
1039 2047 1569 2118 καταλαμϐανούσης
1615 2049 1714 2118 τῆς
1763 2050 1925 2117 ἁγίας
1962 2060 2000 2111 Β

339 2143 650 2213 Κυριακῆς,
691 2142 992 2211 λαμὸἀνειν
1032 2141 1193 2194 αὑτὸν
1223 2142 1410 2210 σειρὰν
1451 2141 1744 2194 σαλσικίων
1771 2180 1784 2204 ,
1833 2144 1926 2194 καὶ

338 2238 525 2305 φορεῖν
563 2235 698 2286 αὑτὰ
732 2234 806 2296 ὡς
824 2234 1068 2303 ὀράριον,
1102 2233 1197 2285 καὶ
1223 2235 1448 2301 κρατεῖν
1481 2235 1536 2284 ἐν
1571 2235 1634 2301 τῇ
1667 2233 1928 2302 ἀριστερᾷ

336 2325 506 2375 αὑτοῦ
529 2325 674 2392 χειρὶ
701 2325 905 2392 σίνηπι,
935 2323 1030 2375 καὶ
1060 2321 1236 2384 οὕτως
1285 2323 1516 2390 βάπτειν
1571 2324 1666 2375 καὶ
1696 2323 1929 2392 τρώγειν

339 2414 448 2466 ἀπὸ
479 2414 644 2482 πρωΐ.
675 2414 838 2474 Tw};
870 2413 925 2464 δὲ
965 2413 1059 2464 καὶ
1107 2412 1291 2482 ἔχριεν
1329 2416 1409 2475 εἰς
1457 2413 1518 2464 τὸ
1544 2415 1718 2483 στόμα
1749 2414 1929 2464 αὑτῶν

341 2507 406 2558 ἐκ
435 2505 530 2557 τοῦ
563 2508 835 2573 σινήπεως
867 2506 931 2556 ἐκ
964 2504 1071 2556 τῶν
1098 2505 1410 2574 ἐρχομένων
1445 2505 1635 2568 παῖξαι
1675 2505 1790 2573 μετ’
1835 2505 1931 2557 αὑ-

337 2594 456 2650 τ’λῦ.
486 2596 650 2648 Ὅθεν
685 2597 778 2647 καί
803 2612 882 2656 τις
911 2595 1086 2647 ἐλθὼν
1122 2597 1455 2663 προσπαῖξαι
1483 2596 1630 2665 αὑτῴ
1673 2596 1926 2665 χωρικὸς,

339 2690 480 2756 ἔλων
497 2689 557 2739 ἐν
573 2692 682 2750 τοῖς
699 2688 850 2738 δυσὶν
873 2687 1173 2756 ὀφθαλμοῖς
1192 2687 1354 2739 αὑτοῦ
1374 2689 1464 2739 λεν
1475 2687 1703 2756 κώματα
1723 2688 1928 2756 ἄστρα,

337 2778 566 2847 ἐχρίσοη
593 2779 682 2829 ὑπ’
711 2777 876 2830 αὑτοῦ
909 2780 974 2828 ὲκ
1008 2776 1101 2829 τοῦ
1141 2779 1415 2846 σινήπεως
1455 2781 1535 2840 εἰς
1575 2779 1698 2839 τοὺς
1729 2779 1932 2846 ὀσιθαλ-

340 2871 478 2938 gub;
500 2871 688 2924 αὑτοῦ.
734 2871 840 2922 Τοῦ
872 2871 926 2922 δὲ
984 2871 1311 2935 στυφϐἐντος
1342 2871 1448 2933 ἕως
1487 2871 1739 2934 θανάτου,
1782 2871 1932 2937 λέγει

338 2960 507 3030 αᾷτῷο
527 2961 767 3025 "frug,
800 2961 976 3027 νίψαι,
1011 2960 1198 3028 ἕξηχε,
1229 2961 1304 3021 εἰς
1331 2961 1452 3026 ὅξος
1482 2962 1574 3012 καὶ
1603 2963 1682 3023 εἰς
1709 2962 1929 3030 σκόρδα,

337 3054 433 3106 καὶ
467 3052 626 3115 εὐθὺς
657 3053 944 3118 ὑγιαίνεις.
989 3051 1225 3114 Ἐκεῖνος
1259 3053 1314 3103 δὲ
1341 3053 1416 3113 ὡς
1441 3052 1614 3104 δοκῶν
1649 3070 1702 3104 τι
1736 3055 1931 3115 ποιεῖν,

337 3143 543 3205 εὐθέως
571 3145 652 3204 εἰς
703 3144 923 3212 ἰατροὺς
973 3143 1234 3212 ἔδραμεν,
1273 3145 1368 3195 καὶ
1401 3143 1586 3196 πλεῖον
1620 3145 1931 3212 ἐτυφλώθη.

338 3233 506 3297 Τέλος
526 3231 620 3287 οῦν
650 3235 755 3286 ἀπὸ
790 3236 987 3302 μανίας
1019 3235 1208 3302 ὀμνύει
1252 3235 1502 3302 Συριστίο
1559 3235 1652 3287 Μὰ
1675 3235 1766 3285 τὸν
1803 3235 1936 3287 Θε-ὸν

336 3324 434 3378 τοῦ
473 3324 726 3394 οὐρανοῦ,
757 3325 853 3376 ἐὰν
877 3324 1041 3394 ἔχωσι
1077 3325 1283 3385 εὐθέως
1328 3325 1568 3393 πηδῆσαι
1619 3325 1667 3375 οἱ
1706 3325 1798 3376 δύο
1835 3342 1935 3392 μου

2101 2050 2190 2104 52.
2233 2050 2369 2104 Dum
2407 2051 2721 2107 advenisset
2756 2042 2943 2108 sancta
2996 2054 3112 2108 dies
3147 2053 3449 2119 Dominica,
3486 2070 3622 2109 cou-

2031 2141 2167 2209 tigit,
2200 2151 2258 2194 ut
2293 2144 2566 2211 acceperit
2614 2144 2812 2198 seriem
2861 2143 2974 2214 (76)
3022 2143 3368 2198 farciminum
3401 2145 3535 2214 (7'7),
3569 2155 3624 2200 et

2031 2233 2120 2285 illa
2166 2232 2334 2287 ferret
2382 2242 2637 2303 tanquam
2704 2235 2970 2295 orarium,
3024 2243 3078 2288 et
3137 2245 3350 2289 teneret.
3401 2235 3620 2290 sinistra

2031 2341 2196 2378 manu
2230 2325 2424 2394 sinapi,
2459 2334 2512 2379 et
2539 2325 2617 2379 sic
2647 2341 2675 2378 a
2719 2327 2894 2395 prima
2937 2326 3057 2378 luce
3089 2326 3320 2394 lingeret
3361 2334 3414 2378 et
3446 2332 3626 2379 come-

2031 2417 2205 2469 deret.
2236 2417 2555 2484 Aliquorum
2596 2432 2727 2470 vero
2761 2433 2826 2470 ex
2871 2416 2959 2478 iis,
3003 2416 3094 2483 qui
3145 2416 3322 2469 lusum
3347 2431 3471 2469 cum
3503 2415 3629 2483 ipsu-

2031 2516 2315 2568 vencrant,
2351 2507 2633 2560 oblinebat
2675 2522 2770 2560 eos
2809 2506 3007 2574 sinapi.
3051 2503 3189 2559 [line
3222 2521 3348 2559 cum
3380 2507 3545 2558 venis:
3567 2514 3626 2557 ct

2031 2597 2226 2667 aliquis
2258 2597 2496 2651 rusticus
2523 2613 2648 2651 cum
2679 2613 2745 2651 eo
2776 2598 3018 2662 lusurus,
3053 2598 3211 2665 cujus
3233 2606 3464 2664 uterque
3485 2611 3627 2650 ocuo

2033 2687 2116 2740 lus
2145 2687 2417 2740 laborabat
2442 2687 2668 2739 candida
2696 2687 2972 2757 albugine,
2996 2687 3295 2756 iniungebat
3325 2696 3631 2754 utrumque

2031 2781 2151 2846 ejus
2185 2779 2403 2831 oculum
2452 2778 2650 2847 sinapi.
2707 2779 2846 2841 (lui,
2885 2779 2952 2832 ad
3002 2759 3234 2832 mortem
3274 2793 3446 2846 usque
3489 2779 3626 2831 utili.

2033 2879 2200 2935 ctato,
2238 2871 2370 2924 dicit
2408 2888 2420 2923 :
2458 2871 2580 2935 Abi,
2615 2871 2836 2933 stolide,
2867 2871 3012 2926 alliis
3049 2879 3104 2925 et
3135 2879 3363 2924 acelote
3389 2871 3526 2935 lava,
3569 2881 3626 2924 et

2034 2963 2569 3030 saziabcrejamjam.
2631 2963 2721 3016 llle
2754 2978 2904 3025 vero,
2946 2972 3006 3015 ut
3052 2962 3140 3031 qui
3177 2961 3519 3016 existimaret
3565 2976 3625 3015 se

2035 3052 2331 3121 quidquam
2351 3052 2698 3114 eilecturum,
2728 3053 2979 3121 protinus
2998 3052 3063 3106 ad
3091 3053 3332 3105 medicos
3357 3053 3623 3115 cucurrit,

2037 3150 2091 3194 et
2143 3140 2314 3209 magis
2363 3141 2704 3194 caecutiebat.
2757 3139 3000 3193 Tandem
3059 3141 3242 3208 itaque
3283 3140 3467 3194 furore
3507 3155 3628 3209 per-

2037 3232 2201 3295 citus,
2235 3232 2386 3300 jurat
2421 3230 2640 3301 Syriace
2673 3248 2690 3284 :
2741 3229 2844 3285 Per
2879 3233 3050 3285 Deum
3089 3233 3234 3295 cmli,
3272 3233 3488 3286 tametsi
3517 3241 3626 3286 sta-

2044 3324 2136 3376 tim
2187 3326 2295 3376 duo
2341 3323 2446 3377 mei
2497 3323 2642 3376 oculi
2685 3323 2949 3377 deberent
2999 3324 3238 3386 exsilire,
3294 3323 3440 3393 quod
3492 3323 3627 3376 mihi

337 3416 629 3486 ὀφθαλμοὶ,
666 3416 793 3470 εἴτι
829 3413 986 3469 εἶπέν
1018 3433 1111 3485 μοι
1149 3418 1176 3467 ὁ
1205 3416 1394 3478 Σαλδς,
1433 3415 1592 3468 ποιῶ.
1639 3418 1747 3468 Καὶ
1782 3417 1932 3486 νιψα-

2041 3427 2260 3480 cunque
2296 3412 2456 3466 Salus
2487 3413 2706 3477 dixerit,
2739 3413 2957 3466 faciam.
2988 3413 3279 3484 Postquam
3313 3415 3532 3469 lavisset
3559 3431 3627 3469 ex

342 3512 506 3582 μένου
541 3511 728 3573 αὑτοῦ,
783 3511 859 3574 ὡς
908 3506 1062 3564 εἶπεν
1116 3512 1303 3580 αὐτῷ,
1347 3511 1548 3573 εὐθέως
1600 3511 1848 3576 ἐγένοντο
1885 3513 1933 3562 οἱ

336 3605 611 3673 ὀφθαλμοὶ
637 3605 804 3657 αὑτοῦ
824 3605 1019 3671 ὑγιεῖς,
1041 3603 1115 3666 ὡς
1141 3605 1205 3654 ἐκ
1233 3604 1500 3671 γεννητῆς
1521 3604 1773 3672 καΟαρο”,
1792 3603 1933 3656 ὥστε

335 3693 583 3759 δοξάζειν
627 3695 792 3746 αὑτὸν
851 3693 944 3745 τὸν
989 3693 1144 3746 Θεόν.
1201 3693 1334 3745 Τότε
1374 3695 1700 3762 ἀπαντήσας
1724 3693 1876 3764 αὑτῷ
1905 3697 1932 3746 6

336 3785 528 3848 Σαλὸς,
548 3784 697 3853 λέγει
725 3784 902 3854 αὐτῷ’
949 3784 1079 3836 Ἰδοὺ
1107 3784 1356 3852 ὑγίανας,
1387 3769 1571 3854 ἕξηχέ,
1597 3786 1791 3854 μηκέτι
1818 3785 1936 3838 κλέ-

339 3891 482 3945 πτῃς
509 3875 574 3928 τὰ
597 3875 807 3942 αἰγίδια
839 3872 930 3926 τοῦ
967 3874 1232 3941 γείτονος.
1293 3873 1538 3942 Ἐκλὰπη
1587 3893 1671 3937 τις
1706 3875 1932 3945 λογάριν

337 3970 397 4020 ὲν
458 3966 665 4037 Ἐμέση
722 3967 1036 4036 νομίσματα
1077 3967 1426 4028 πεντακόσια,
1473 3968 1566 4020 καὶ
1620 3967 1694 4030 ὡς
1749 3969 1932 4038 ἐζήτει

335 4059 501 4123 αὑτὰ,
535 4059 752 4128 ἀπαντᾷ
776 4057 930 4129 αὑτῷ
957 4061 984 4111 6
1009 4059 1183 4120 ἀεῖΰᾶς
1217 4057 1463 4126 Συμεὼν,
1510 4059 1604 4112 καὶ
1627 4059 1798 4112 θέλων
1832 4077 1932 4129 με-

331 4151 571 4205 ταόἀλαι
597 4151 807 4214 ἑαυτὸν,
833 4151 983 4219 λέγει
1019 4151 1154 4218 πρὸς
1199 4151 1386 4203 αὑτόν·
1431 4149 1670 4218 Δύνασαι
1703 4150 1931 4219 ποιῆσαί

332 4237 391 4290 τί
413 4254 566 4299 ποτε,
598 4237 784 4306 ἒξηχε,
824 4238 909 4290 ἵνα
944 4239 1213 4308 εὑρεθῶσι
1245 4239 1310 4290 τὰ
1339 4238 1624 4291 ὀλοκὸτινά
1660 4256 1790 4309 μους
1823 4239 1930 4292 Λὲ·

334 4343 425 4394 γει
448 4325 595 4396 αὐτῷ
619 4329 849 4390 ἐκεῖνος·
883 4329 1011 4380 Ἐὰν
1045 4328 1364 4398 οἐλῃς,ναί.
1399 4329 1562 4397 Λέγει
1602 4331 1750 4400 αὐτῷ
1785 4332 1931 4382 ἐκεῖ·

333 4430 450 4477 νος·
484 4417 740 4484 Ποίησον,
775 4417 870 4468 καὶ
893 4418 986 4470 ἐὰν
1010 4417 1331 4488 εὑρεθῶσιν,
1377 4416 1502 4470 δίδω
1535 4434 1616 4470 σοι
1649 4418 1804 4472 δέκα.
1838 4418 1933 4471 Λέ-

333 4523 425 4576 γει
448 4505 595 4574 αὑτῷ
634 4509 662 4559 6
695 4507 883 4568 Σαλός·
919 4508 985 4560 Ei
1009 4525 1062 4559 τι
1093 4506 1232 4559 εἴπω
1272 4524 1375 4571 σοι,
1428 4507 1675 4577 ποίησον,
1729 4509 1824 4561 καὶ
1853 4509 1932 4570 εἰς

331 4597 399 4650 τὸ
426 4597 648 4666 σκευρίν
674 4615 768 4649 σου
797 4597 1071 4668 εὑρίσκεις
1106 4601 1170 4669 τῇ
1224 4599 1382 4652 νυκτὶ
1421 4598 1618 4668 ταύτῃ.
1667 4599 1932 4652 Σννέοετο

332 4685 431 4740 οὑν
461 4688 611 4757 αὐτῷ
672 4689 790 4760 μεθ’
842 4689 1020 4759 ὅρκων
1053 4691 1134 4742 ὅτι
1192 4691 1244 4743 εἴ
1271 4709 1321 4742 τι
1371 4690 1500 4761 εἴπῃ
1541 4690 1708 4759 αὑτῷ,
1741 4689 1929 4742 ἀκούει

2037 3504 2355 3572 praescripto
2390 3503 2524 3568 Sali,
2566 3519 2689 3556 mox
2735 3504 2877 3557 oculi
2933 3505 3054 3573 ejus
3089 3506 3261 3559 sanati
3291 3506 3533 3570 fuerunt,
3572 3515 3627 3560 et

2035 3602 2143 3647 tam
2180 3595 2449 3654 defaecati,
2489 3610 2650 3663 quam
2687 3595 2864 3662 primo
2904 3595 3073 3649 natali
3117 3596 3224 3663 die,
3256 3596 3392 3649 adeo
3420 3605 3479 3651 ut
3511 3597 3628 3652 lau-

2033 3683 2187 3738 daret
2231 3686 2420 3738 Deum.
2468 3685 2626 3741 Salus
2659 3685 2707 3739 ei
2751 3686 2970 3740 obviam
3022 3686 3218 3749 factus,
3267 3689 3446 3742 dixit:
3484 3690 3626 3745 Ecce

2033 3797 2202 3836 sanus
2229 3782 2407 3836 factus
2433 3798 2514 3846 es,
2557 3783 2719 3838 stulte
2745 3801 2758 3848 ;
2794 3782 2906 3837 noli
2931 3784 3160 3852 posthac
3191 3784 3360 3838 furari
3391 3786 3628 3855 capellas

2034 3874 2222 3928 vieini.
2261 3875 2440 3930 Alicui
2497 3877 2762 3945 quaerenti
2800 3877 3228 3948 quingentorum
3273 3893 3626 3934 nummorum

2034 3980 2303 4020 summam
2355 3965 2491 4035 (78),
2527 3967 2737 4020 Emesae
2790 3967 3130 4036 subreptam,
3182 3971 3423 4023 occurrit
3458 3971 3628 4024 abbas

2037 4051 2293 4123 Symeon.
2325 4054 2392 4107 Et
2415 4053 2524 4117 ille,
2555 4053 2830 4108 invertere
2854 4070 2912 4109 se
2939 4055 3147 4119 volens,
3175 4057 3310 4110 dicit
3329 4057 3584 4128 Symeoni
3611 4079 3622 4114 :

2036 4142 2208 4196 Potin’
2238 4157 2298 4195 es
2325 4142 2559 4207 edicere,
2595 4143 2813 4205 stolide,
2845 4153 2903 4196 ut
2944 4145 3158 4198 nummi
3200 4145 3305 4199 mei
3341 4145 3630 4199 invenian-

2035 4234 2164 4287 tur?
2196 4233 2295 4287 Cui
2336 4234 2425 4287 ille
2461 4251 2473 4286 :
2507 4232 2736 4288 Possum
2782 4235 2990 4304 utique,
3037 4235 3081 4290 si
3123 4236 3280 4290 velis.
3326 4237 3630 4306 ReSpondit

2033 4325 2172 4379 alter
2204 4342 2216 4378 :
2248 4324 2432 4391 Eilice,
2483 4333 2558 4388 ct,
2588 4325 2631 4379 si
2675 4325 3044 4387 inveniantur.
3081 4326 3222 4381 dabo
3259 4327 3354 4382 tibi
3410 4330 3624 4383 decem.

2035 4416 2170 4469 Tum
2209 4416 2365 4469 Salus
2404 4434 2417 4468 :
2473 4414 2528 4469 Si
2575 4415 2707 4485 quid
2741 4415 2933 4470 dixero
2975 4417 3096 4484 tibi,
3145 4417 3349 4484 facito;
3380 4426 3436 4472 et
3468 4420 3624 4474 inve-

2033 4507 2160 4561 nies
2201 4507 2254 4560 in
2305 4506 2542 4561 armario
2588 4506 2699 4576 (79)
2748 4507 2851 4575 hac
2892 4508 3056 4562 etiam
3102 4516 3284 4563 nocte.
3315 4508 3450 4563 Dato
3479 4511 3631 4580 jure-

2029 4598 2265 4667 jurando
2296 4596 2385 4650 ille
2411 4597 2481 4650 ad
2512 4613 2571 4650 se
2593 4597 2820 4666 recepit,
2847 4598 3014 4666 quod,
3049 4597 3092 4651 si
3119 4599 3248 4668 quid
3276 4598 3375 4668 ipsi
3397 4599 3626 4664 diceret,

2033 4688 2321 4743 auditurus
2359 4688 2539 4757 ipsum
2599 4699 2763 4754 esset,
2815 4689 2979 4743 modo
3031 4699 3092 4742 ut
3144 4689 3626 4759 nibilimportuni

335 4779 528 4845 αὑτοῦ,
560 4781 720 4848 μόνον
753 4781 829 4852 μὴ
860 4781 1088 4850 ἄκαιρόν
1131 4783 1184 4834 τί
1221 4800 1350 4836 ποτε
1407 4784 1555 4856 εἴπῃ.
1593 4785 1755 4850 Λέγει
1783 4783 1932 4856 αὑτῷ

2039 4780 2146 4850 ipsi
2199 4780 2424 4835 diceret.
2466 4779 2604 4833 Dicit
2643 4779 2692 4834 ei
2736 4796 3000 4834 rursum:
3049 4780 3172 4845 Abi,
3217 4796 3473 4835 nummos
3507 4790 3630 4835 tuos

335 4872 503 4924 πάλιν
525 4889 536 4901 ·
560 4872 801 4940 ’⁷1⁸παγε,
834 4871 902 4925 τὰ
931 4873 1212 4926 ὸλοκὸτινά
1248 4891 1341 4926 σου
1366 4877 1393 4927 6
1420 4875 1607 4938 δοῦλός
1636 4892 1728 4927 σου
1755 4877 1783 4928 6
1817 4876 1936 4928 ὲπι-

337 4965 542 5034 κέρνης
571 4965 798 5034 ἐπῆρεν.
867 4966 1006 5018 Ἀλλ’
1043 4965 1173 5029 ἰδοῦ,
1198 4965 1285 5029 δός
1318 4983 1408 5034 μοι
1452 4965 1632 5033 λόγον,
1662 4968 1740 5020 ὅτι
1771 4967 1831 5019 οὑ
1854 4967 1937 5019 δέ-

335 5075 455 5128 ρεις
485 5059 671 5120 αὑτὶν,
725 5056 850 5110 οὔτε
895 5057 1054 5110 ἄλλον
1100 5057 1194 5109 τοῦ
1229 5057 1382 5110 οἴκου
1414 5073 1526 5108 σου·
1592 5057 1783 5126 ἔδαρεν
1825 5060 1933 5128 γὰρ

2039 4873 2264 4928 abstulit
2302 4889 2495 4928 servus
2547 4884 2698 4937 tuus,
2757 4873 2849 4943 qui
2893 4890 2922 4928 a
2967 4873 3176 4943 poculis
3228 4874 3344 4944 (80)
3397 4874 3491 4929 tibi
3522 4884 3625 4930 est.

2042 4964 2148 5020 Sed
2178 4979 2326 5037 ecce,
2365 4965 2431 5020 da
2466 4966 2596 5018 mihi
2622 4965 2782 5018 ﬁdem
2840 4964 2958 5019 fore
2993 4973 3052 5019 ut
3076 4965 3253 5034 ipsum
3286 4981 3392 5019 non
3429 4965 3627 5028 caedas,

2038 5058 2124 5112 vel
2151 5058 2383 5128 aliquem
2409 5073 2438 5112 e
2470 5067 2558 5112 tua
2583 5057 2746 5111 domo
2783 5057 3048 5127 (caedebat
3080 5066 3263 5110 autem
3316 5057 3625 5127 acerrime).

1869 5173 2105 5229 ΝΟΤᾹΣ.

413 5268 524 5336 (76)
571 5265 683 5321 Vox
718 5268 894 5340 σειρά,
917 5283 1013 5338 pro
1043 5283 1150 5338 qua
1168 5267 1358 5323 Latine
1387 5268 1767 5338 .pOsui,series,
1790 5285 1934 5338 quae-

337 5344 463 5398 sita,
496 5340 592 5392 scd
625 5339 873 5408 uuspiam
904 5340 1149 5392 inventa.
1417 5386 1420 5388 .

422 5409 525 5478 '77)
567 5408 789 5478 Legitur
848 5409 1283 5479 σαλσικοπὼλης,
1337 5417 1392 5463 ct
1447 5408 1737 5478 ex‘ponitur
1787 5409 1930 5479 apud

333 5479 634 5534 Auctorem
685 5479 1059 5549 litymologici,
1111 5480 1300 5545 fartor,
1343 5481 1696 5533 sareiminum
1739 5481 1930 5533 vendi-

336 5561 456 5614 tor;
491 5550 531 5602 Ε
564 5566 671 5619 quo
694 5551 841 5605 vocis
875 5550 1156 5603 σαλσίκιον
1181 5551 1667 5622 signiticatiobaud
1699 5551 1931 5604 obscure

335 5623 573 5675 crnitur.

412 5693 525 5761 (78)
568 5689 812 5762 Λογάριν
860 5707 968 5745 non
1037 5692 1344 5762 significare
1406 5702 1726 5745 exactorem.
1763 5689 1930 5759 prout

334 5761 536 5831 legitur
591 5765 734 5831 apud
795 5761 1035 5826 Surium,
1079 5761 1174 5816 Sed
1235 5780 1496 5815 summam
1541 5762 1792 5828 pecuniae.
1831 5777 1927 5814 seu

328 5843 546 5888 Certum
614 5833 976 5904 quantitatem
1025 5850 1419 5899 nummorum,
1466 5833 1731 5902 exemplis
1788 5833 1927 5886 bene

2036 5269 2222 5322 multis
2256 5269 2494 5322 ostendit
2526 5266 2765 5339 Cangius
2793 5272 2845 5322 in
2882 5269 3173 5339 Glossario.

2108 5339 2222 5405 (79)
2262 5341 2376 5394 Vox
2435 5338 2664 5410 σκενρ“ιν
2719 5341 2990 5394 abstrusa.
3040 5338 3271 5410 Videtur
3323 5338 3557 5410 derivari
3599 5352 3627 5410 ξι

2039 5410 2255 5475 σκεῦος,
2288 5427 2380 5464 vas
2410 5452 2424 5475 ,
2473 5408 2816 5480 quiscunque
2872 5409 3160 5476 utensilia;
3197 5418 3253 5464 et
3292 5410 3423 5479 quid
3473 5408 3528 5480 ni
3567 5408 3630 5480 τὸ

2039 5482 2263 5548 σκενρὶν
2334 5478 2740 5551 signiﬁcatione
2823 5481 3100 5535 euincidat
3160 5478 3631 5532 cum’rocabulis

2039 5553 2353 5621 σκενὰριον,
2401 5551 2706 5620 σκευοθήκη
2719 5590 2731 5603 .

2111 5617 2226 5689 (80)
2277 5617 2781 5691 Ἐπικέρνηςῖιιὲῐη
2813 5619 3085 5691 signiﬁcat
3121 5619 3266 5688 quod
3312 5617 3632 5691 πινκέρνης,

2037 5694 2127 5760 qui
2161 5691 2392 5762 cultiore
2423 5690 2604 5762 lingua
2634 5691 2835 5762 dicitur
2859 5690 3400 5762 etvoxdoepinrerna,
3429 5690 3519 5758 qui
3549 5697 3635 5762 est

2037 5759 2068 5814 ο
2097 5762 2324 5830 poculis.
2358 5759 2679 5832 Legoapud
2713 5760 2932 5815 Surium
2971 5759 3004 5815 :77
3036 5781 3054 5813 ι
3096 5760 3302 5816 Servus
3345 5769 3470 5814 tuus
3510 5759 3628 5829 epi~

2037 5847 2251 5887 CCI'IICS.
2298 5850 2315 5881 ι
