3976 6410
346 383 484 450 1737

1614 390 1791 451 VITA
1823 389 1885 450 S.
1920 385 2325 450 SYMEONIS-

3478 380 3615 466 1738

342 500 440 550 καὶ
492 495 701 561 κλάσας
753 496 917 552 πάλιν
948 497 1082 555 ἄλλα
1126 498 1258 554 δέκα
1284 498 1415 571 τρία
1438 501 1750 572 ἑνορδίνως,
1783 517 1905 555 κατ-

2019 500 2235 555 mavit:
2271 497 2415 556 Vere
2446 510 2727 558 mantzere
2771 498 2907 574 (85),
2945 505 3125 562 donec
3160 522 3378 566 crucem
3406 511 3612 569 formes

340 586 541 658 ενέγκη
572 584 932 660 [κατενύχθη]
957 588 1053 640 καὶ
1076 589 1221 641 ποιεῖ
1254 586 1489 656 σταυρὸν
1540 588 1622 651 είς
1667 587 1728 640 τὸ
1783 586 1915 656 μέτ-

338 695 489 732 ωπον
518 678 715 744 αὐτοῦ,
749 680 846 733 καί⁵
879 679 1064 733 οὐκέτι
1098 678 1329 733 ἕκλασέν
1353 679 1406 732 τί
1429 695 1581 733 ποτε.
1608 678 1704 731 Ἐκ
1730 677 1918 733 τούτου

336 763 431 822 οῦν
458 767 553 822 τοῦ
592 770 796 839 τρόπου
839 767 1103 840 ἀπῆλθεν,
1160 771 1254 822 καὶ
1300 770 1519 839 ἐγένετο
1570 769 1917 840 Χριστιανός.

336 858 483 912 Δέκα
513 858 766 931 δημοτῶν
819 876 949 913 ποτε
999 860 1309 915 πλυνόντων
1355 861 1424 914 τὰ
1482 860 1693 915 ἑαυτῶν
1729 861 1920 932 ἱμάτια

337 947 538 1014 ἔξωθεν
584 951 685 1020 τῆς
718 951 931 1014 πόλεως
956 991 972 1015 ,
1018 951 1300 1021 προελθὼν
1328 953 1356 1005 ὀ
1390 951 1722 1023 μακαρίτης,
1772 952 1920 1020 λέγει

336 1039 554 1104 αὐτοῖς·
586 1040 777 1105 Δεῦτε,
818 1039 1024 1111 ἔξηχοι,
1057 1041 1155 1094 καὶ
1183 1041 1323 1094 ποιῶ
1351 1043 1478 1111 ὑμῖν
1517 1043 1740 1114 ἄριστον
1779 1059 1918 1113 κομ-

332 1127 456 1199 ψόν.
517 1131 580 1185 Οί
613 1126 706 1185 οὖν
738 1131 904 1184 πέντε
961 1131 1023 1196 ἐξ
1053 1130 1234 1186 αὐτῶν
1283 1126 1470 1187 εἷπονο
1507 1128 1714 1187 Οἶδενό
1761 1133 1916 1198 Θεὸς,

336 1220 660 1291 ἄγωμεν.οί
681 1221 738 1274 δὲ
755 1220 933 1274 λοιποὶ
954 1221 1193 1275 ἐκώλυον
1221 1223 1440 1290 αὐτοὺς,
1468 1222 1739 1292 λέγοντες,
1785 1223 1915 1293 Ναὶ,

336 1311 401 1366 ἐκ
435 1310 555 1365 τοῦ·
586 1311 807 1375 σκότους
837 1311 951 1383 ἔχει
1001 1313 1134 1383 ὑμῖν
1168 1314 1394 1385 ποιῆσαι
1449 1315 1674 1386 ἄριστον
1702 1329 1718 1344 ’
1753 1316 1918 1378 αὐτὸς

336 1401 445 1456 ἀπὺ
472 1400 653 1475 θυρῶν
678 1404 759 1466 εἰς
788 1402 960 1474 θύραν
997 1404 1222 1474 ἐπέστη,
1258 1405 1543 1474 καὶδπὸθεν
1568 1405 1683 1478 ἔχει
1710 1424 1726 1475 ;
1756 1405 1915 1461 Ἀλλὰ

338 1491 500 1561 μόνον
530 1492 831 1565 ὲξαργῆσαι
868 1495 1017 1566 ἡμᾶς
1044 1494 1311 1567 βούλεται.

404 1775 500 1824 vs'.
540 1768 901 1825 Ἐπίστευσοιν
924 1764 1041 1837 οὖν,
1068 1769 1165 1824 καὶ
1201 1770 1444 1841 ἀπῆλθον
1472 1773 1521 1825 οἱ
1562 1772 1742 1827 πέντε.
1799 1773 1913 1828 Καὶ

334 1859 484 1927 λέγει
516 1860 735 1929 αὐτοῖς,
760 1860 999 1916 Μείνατε
1033 1852 1158 1916 ὧδε.
1191 1862 1300 1914 Καὶ
1327 1863 1489 1930 ἀφεὶς
1520 1863 1737 1928 αὐτοὺς,
1783 1863 1916 1917 ὡσεὶ
1947 1856 1991 1912 Β

330 1949 490 2015 τόξου
515 1949 677 2023 βολὴν
703 1952 946 2022 ἀπῆλθεν
968 1953 1063 2006 ἀπ’
1087 1952 1288 2016 αὐτῶν,
1324 1952 1421 2006 καὶ
1450 1954 1709 2023 κρυπτῶς
1740 1952 1913 2025 ηὔξα-

331 2055 415 2092 το.
452 2040 719 2109 Λέγουσιν
744 2043 942 2096 ἐκεῖνοι
987 2042 1125 2113 πρὸς
1162 2042 1390 2106 ἑαυτούς
1409 2058 1424 2073 ·
1451 2044 1661 2108 Ὄντως
1691 2044 1912 2099 ἐνεπαί-

344 2128 555 2199 χθημεν
581 2146 596 2160 ο
628 2128 832 2198 νομίζω
888 2130 999 2201 γὰρ
1054 2132 1248 2201 χόρτον
1272 2129 1418 2185 θέλει
1454 2131 1674 2198 ἐνέγκαι
1721 2133 1854 2202 ἡμῖν
1884 2133 1914 2184 ὁ

332 2217 509 2282 ἀδὸᾶς
534 2219 780 2289 Συμεὼν,
814 2220 902 2273 ἵνα
936 2219 1313 2293 βοσκηθῶμεν.
1349 2222 1460 2274 Καὶ
1484 2222 1593 2274 ίδοῦ
1634 2222 1709 2285 ὡς
1739 2222 1913 2275 ταῦτα

333 2309 539 2378 ἔλεγον,
588 2310 886 2382 θεωροῦσιν
926 2313 1095 2367 αὐτὸν
1134 2313 1359 2368 νεύοντα
1412 2313 1597 2376 αὐτοῖς
1652 2314 1913 2369 ἀπελθεῖν

332 2404 470 2473 πρὸς
492 2404 653 2457 αὐτόν
678 2421 693 2437 ⁸
716 2399 787 2476 ἦν
806 2404 939 2477 γὰρ,
971 2406 1048 2468 ὡς
1091 2407 1434 2479 προείρηται,
1466 2404 1788 2476 εὐξάμενος,
1819 2406 1914 2460 καὶ

333 2498 398 2549 ὲκ
427 2495 564 2548 Θεοῦ
595 2496 893 2567 ἑτοιμάσας
924 2498 1108 2561 αὐτοῖς
1139 2499 1337 2553 πάντα.
1376 2499 1791 2562 Καταλαόόντες
1819 2495 1913 2555 οὖν

330 2587 517 2652 αὐτὸν,
548 2582 708 2661 εὖρον
727 2589 802 2653 ὡς
832 2590 925 2644 ἐπὶ
955 2590 1159 2660 Κυρίου
1188 2592 1419 2662 κείμενα
1466 2591 1778 2662 ἔμπροσθεν
1810 2594 1911 2647 αὐ-

328 2677 427 2732 τοῦ
457 2680 715 2750 σιλίγνια,
745 2682 841 2735 καὶ
870 2681 1236 2747 πλακοῦντας,
1266 2685 1361 2737 καὶ
1389 2684 1636 2756 σφαίρια,
1666 2686 1757 2738 καὶ
1773 2686 1910 2755 ὀψά-

331 2786 445 2842 ρια,
476 2772 570 2825 καὶ
596 2773 810 2845 οἱνάρια
833 2772 1089 2846 διάφορα,
1142 2778 1233 2828 καὶ
1281 2777 1548 2848 ψαθύρια,
1582 2777 1679 2830 xal.
1711 2777 1909 2848 γλυκὺ,

329 2862 429 2916 καὶ
455 2863 645 2929 ἁπλῶς
670 2867 772 2920 ὅσα
802 2865 981 2920 πάντα
1013 2866 1124 2938 ἔχει
1148 2870 1178 2921 ὁ
1206 2868 1320 2939 βίος
1344 2870 1535 2940 λιμδά.
1574 2871 1685 2925 Καὶ
1714 2871 1914 2940 φαγόν-

328 2973 439 3013 των
482 2959 664 3013 αὺτῶν
717 2959 890 3028 λέγει·
950 2962 1294 3032 Δαμδάνετε,
1320 2962 1588 3029 ταπεινοὶ,
1639 2965 1734 3018 καὶ
1766 2964 1911 3035 λόγῳ

325 3043 440 3099 τῶν
455 3046 734 3114 γυναικῶν
763 3047 936 3118 ὑμῶν.
984 3051 1095 3104 Καὶ
1125 3051 1221 3104 ἐὰν
1255 3052 1455 3123 μηκέτι
1492 3053 1708 3122 γίνεσθε
1736 3054 1909 3125 δημό-

2021 583 2302 654 infronte,
2335 587 2519 643 omnia
2549 599 2926 648 conterentur.
2969 593 3039 649 Et
3081 606 3369 668 postquam
3413 601 3613 658 iterum

2023 674 2132 728 alia
2187 676 2453 731 tredecim
2512 692 2580 731 ex
2649 679 2844 735 ordine
2901 681 3173 754 fregisset,
3248 699 3614 758 compunctus
3714 746 3721 753 ,

2020 773 2105 820 est
2145 766 2281 837 (84),
2324 777 2380 822 et
2415 769 2675 826 formavit
2712 787 2932 829 crucem
2964 778 3019 829 in
3059 776 3259 844 fronte,
3309 796 3415 835 nec
3448 785 3611 852 quid-

2019 870 2184 925 quam
2223 859 2455 929 amplius
2485 861 2668 931 fregit.
2711 863 2899 934 Itaque
2931 866 3000 920 ab
3032 867 3134 922 hoc
3159 878 3405 940 tempore
3427 889 3612 930 mores

2019 950 2273 1011 mutavit,
2309 958 2364 1004 et
2395 950 2759 1007 Christianam
2800 955 2962 1010 fidem
3010 958 3297 1027 amplexus
3312 970 3429 1017 est.
3464 963 3609 1019 Viris

2020 1036 2210 1093 decem
2253 1042 2461 1111 plebeis
2489 1054 2642 1099 extra
2673 1045 2953 1103 civitatem
3004 1052 3331 1107 vestimenta
3382 1056 3612 1112 lavanti-

2019 1128 2143 1197 bus,
2184 1131 2561 1192 interveniens
2611 1150 2856 1205 sanctus,
2881 1141 3057 1196 dixit:
3092 1144 3314 1212 Adeste,
3354 1149 3524 1213 stulti,
3554 1159 3611 1204 et

2018 1225 2296 1292 apparabo
2353 1228 2510 1283 vobis
2567 1232 2914 1299 splendidum
2977 1236 3287 1305 prandium.
3357 1239 3609 1311 Quinque

2020 1314 2182 1386 igitur
2210 1333 2276 1373 ex
2304 1318 2413 1375 illis
2434 1321 2691 1379 dixerunt
2718 1343 2730 1379 :
2770 1325 2929 1381 Novit
2959 1328 3118 1395 Deus,
3161 1345 3373 1386 eamus.
3408 1331 3605 1387 Caeteri

2017 1411 2423 1481 prohibuerunt
2494 1415 2648 1486 ipsis,
2696 1420 2989 1477 dicentes:
3046 1420 3270 1479 Scilicet
3319 1427 3608 1497 apparabit

2017 1503 2178 1557 nobis
2210 1505 2500 1573 prandium
2526 1522 2557 1562 e
2582 1509 2845 1564 tenebris.
2879 1511 3003 1580 Ipse
3035 1515 3311 1570 mendicat
3339 1517 3604 1582 ostiatim,

2016 1602 2074 1650 et
2118 1596 2264 1652 unde
2316 1598 2584 1655 habebit?
2634 1601 2833 1657 Verum
2886 1604 3153 1662 duntaxat
3208 1610 3324 1664 vult
3375 1620 3435 1667 ut
3481 1627 3605 1667 ces-

2016 1701 2224 1743 semus.

2086 1777 2175 1833 55.
2216 1779 2577 1839 Crediderunt
2619 1784 2804 1854 itaque
2859 1788 3122 1857 quinque,
3175 1799 3230 1846 et
3287 1792 3547 1848 abierunt
3591 1812 3603 1848 :

2017 1869 2218 1939 quibus
2245 1870 2377 1926 dicit
2409 1890 2422 1926 :
2463 1873 2676 1929 Manete
2707 1876 2816 1932 hic.
2851 1876 2920 1931 Et
2952 1880 3158 1936 relictis
3189 1881 3505 1954 illis,‘quasi
3537 1888 3606 1941 ad

2018 1961 2111 2017 teli
2129 1962 2338 2031 jactum
2368 1966 2615 2031 recessit,
2643 1976 2701 2022 ut
2725 1968 2863 2023 clam
2887 1981 3089 2027 oraret.
3126 1971 3327 2028 Dicunt
3358 1975 3436 2029 illi
3458 1976 3607 2032 inter

2016 2067 2075 2107 se
2111 2070 2125 2106 :
2155 2052 2448 2109 Enimvero
2474 2056 2646 2111 delusi
2674 2074 2887 2116 sumus.
2931 2057 3163 2127 Fenum,
3199 2064 3413 2134 opinor,
3447 2068 3607 2123 nobis

2016 2141 2213 2198 aﬂ‘erre
2246 2145 2361 2199 vult
2388 2145 2555 2200 abbas
2584 2145 2843 2218 Symeon,
2869 2153 2989 2221 quo
3019 2168 3327 2222 pascamur.
3356 2155 3422 2210 Et
3451 2174 3602 2223 ecce.

2018 2234 2108 2289 ubi
2145 2234 2262 2291 haec
2300 2236 2570 2306 dixerant,
2619 2242 2988 2311 conspiciunt,
3034 2261 3160 2300 eum
3199 2247 3412 2319 signum
3448 2250 3602 2316 dare,

2017 2334 2077 2380 ut
2110 2328 2436 2383 accederent
2460 2331 2526 2385 ad
2556 2346 2636 2385 se.
2670 2332 2901 2400 Etenim,
2936 2338 3014 2391 uti
3044 2353 3209 2408 supra
3246 2350 3331 2396 est
3370 2341 3599 2409 dictum,

2016 2427 2289 2481 oraverat,
2318 2429 2372 2475 et
2398 2421 2603 2477 virtute
2636 2423 2731 2488 Dei
2776 2429 2959 2482 omnia
3008 2430 3141 2500 ipsis
3178 2446 3600 2503 praeparaverat.

2016 2509 2313 2580 Postquam
2351 2514 2419 2568 ad
2468 2515 2622 2571 illum
2671 2531 3060 2589 pervenerant,
3110 2524 3441 2581 invenerunt
3475 2541 3604 2584 ante

2015 2616 2162 2668 eum,
2198 2604 2386 2674 utique
2439 2621 2470 2660 a
2523 2606 2754 2663 Domino
2793 2612 3021 2681 positos,
3070 2615 3349 2686 siligineus
3403 2635 3600 2688 panes.

2015 2695 2314 2764 placentas,
2349 2706 2664 2769 tragemata,
2714 2703 2911 2771 pisces,
2943 2705 3148 2761 diversi
3194 2709 3410 2778 generis
3449 2711 3598 2777 vina,

2015 2792 2250 2862 psatyria
2278 2793 2389 2863 (85)
2427 2801 2483 2847 et
2509 2794 2668 2854 dulce
2709 2796 2842 2866 (86),
2875 2805 2948 2859 et,
2984 2812 3043 2852 ut
3064 2800 3253 2869 paucis
3297 2802 3597 2867 absolvam,

2008 2881 2276 2955 quidquid
2304 2884 2413 2938 vita
2444 2885 2609 2940 habet
2639 2886 2791 2941 lauti.
2829 2886 2967 2942 Dum
3005 2891 3395 2960 comedissent,
3424 2894 3557 2950 dicit
3584 2914 3596 2948 :

2012 2971 2279 3042 Accipite,
2316 2989 2351 3029 ο
2379 2975 2583 3043 miseri,
2621 2993 2717 3046 pro
2757 2981 2953 3034 vestris
2983 2981 3151 3035 etiam
3199 2985 3482 3042 uxoribus.
3534 2988 3602 3041 Et

2014 3064 2282 3134 siquidem
2308 3082 2417 3121 non
2456 3070 2691 3139 amplius
2721 3071 2861 3127 fiatis
2887 3075 3119 3143 populus
3150 3077 3369 3141 stultus,
3407 3094 3599 3135 revera

325 3149 421 3188 ται
460 3135 668 3208 ἔξηχοι,
713 3137 884 3203 ὅντως
917 3140 977 3192 οὐ
1022 3140 1097 3212 μὴ
1127 3141 1524 3214 ὑστερήσουσιν
1567 3144 1636 3197 τὰ
1672 3132 1905 3212 σιλίγνια

2016 3171 2127 3211 non
2155 3156 2409 3214 deficient
2448 3161 2504 3214 hi
2535 3177 2704 3229 panes
2733 3164 2969 3235 siliginei
2999 3167 3054 3220 in
3098 3168 3349 3225 domibus
3378 3174 3598 3235 vestris.

326 3228 504 3286 ταῦτα
529 3233 595 3285 ὲκ
623 3230 733 3285 τῶν
755 3231 920 3284 οἴκων
947 3232 1122 3303 ὑμῶν,
1147 3232 1253 3298 ἕως
1292 3227 1352 3287 οὗ
1391 3236 1667 3292 ἀποθάνω.
1709 3237 1914 3306 Λέγου-

330 3337 418 3375 σιν
439 3321 497 3375 ὲν
529 3322 742 3386 ἑαυτοῖς
766 3323 855 3376 ὅτε
881 3323 1144 3395 ἀπῆλθον’
1171 3326 1572 3397 Δοκιμάσωμεν
1605 3329 1737 3399 μίαν
1763 3329 1912 3384 ἑϐδο-

332 3412 498 3482 μάδα,
542 3414 637 3468 καὶ
663 3414 759 3468 ἑὰν
795 3415 868 3488 μὴ
903 3416 1270 3487 ἐκλείψουσιν,
1313 3421 1511 3490 μηκέτι
1551 3422 1909 3492 κατέλθωμεν

330 3504 471 3574 μετά
496 3507 605 3559 τῶν
637 3507 870 3579 ἑταίρων
899 3507 1056 3579 ἡμῶν
1086 3511 1167 3572 εἰς
1207 3510 1269 3564 τὸ
1309 3511 1625 3581 δημοτικόν.
1672 3513 1761 3578 Ὦς
1813 3513 1907 3568 οὖν

327 3598 439 3652 ἴδον
467 3600 548 3653 ὅτι
578 3599 676 3653 οὐκ
701 3599 978 3665 ἐξέλειπον
994 3600 1062 3654 τὰ
1104 3601 1362 3671 σιλίγνια,
1389 3604 1567 3658 καίτοι
1602 3605 1727 3658 καθ’
1760 3606 1905 3676 ἠμέ-

286 3707 430 3760 ..ραν
459 3691 519 3756 ἐξ
548 3692 728 3748 αὐτῶν
770 3692 1134 3749 δαπανώντων
1164 3695 1366 3762 αὐτῶν,
1414 3697 1600 3751 οὐκέτι
1626 3697 1906 3767 παρῆλθον

325 3780 415 3836 διὰ
453 3782 624 3838 κακοῦ
663 3785 1011 3856 πράγματος.
1052 3786 1192 3841 Ἀλλ’
1222 3789 1273 3842 οί
1307 3790 1458 3858 τρεῖς
1500 3788 1559 3856 ἐξ
1590 3789 1772 3843 αὐτῶν
1811 3791 1915 3845 καὶ

323 3873 604 3946 ἐμόνασαν
640 3878 1038 3945 κατανυγέντες
1071 3880 1163 3933 ἐπὶ
1205 3882 1270 3952 τῇ
1305 3880 1554 3953 πολιτείᾳ
1582 3880 1675 3937 τοῦ
1708 3882 1903 3939 Σαλοῦ.

324 3963 476 4035 Πλὴν
504 3966 585 4019 ὅτι
609 3967 717 4019 τινὶ
747 3969 923 4022 εἰπεῖν
951 3968 1003 4022 τί
1032 3986 1183 4035 ποτε,
1209 3970 1368 4042 ἀχρις
1413 3963 1474 4025 οὗ
1500 3972 1596 4042 ἔζη
1627 3975 1687 4027 ὲν
1739 3976 1907 4047 σαρκὶ

322 4055 354 4110 ὁ
379 4055 568 4123 Σαλὸς,
608 4058 708 4112 οὐκ
736 4059 1099 4132 ἠδυνήθησαν.

399 4154 507 4212 νς’.
565 4151 725 4203 Ποῖον
771 4150 829 4204 δὲ
873 4153 1107 4223 πρᾶγμα
1139 4154 1231 4208 καί
1258 4172 1364 4209 τινι
1395 4156 1585 4226 ἀθλίῳ,
1617 4159 1822 4230 μᾶλλον
1848 4161 1906 4216 δὲ

325 4233 731 4309 βουρδουναρίῳ
755 4240 1035 4312 ἐποίησεν,
1065 4241 1214 4308 ἀξιον
1250 4247 1315 4312 τῇ
1346 4250 1530 4318 γραφῇ
1568 4234 1903 4322 παραδοῦναι

320 4330 391 4398 τῇ
428 4328 549 4383 κατ’
583 4329 767 4386 αὐτόν.
807 4330 915 4387 Ἦν
963 4334 1070 4405 γὰρ
1119 4336 1368 4410 ἐλεήμων
1410 4341 1438 4393 ό
1468 4338 1901 4416 βουρδουνάριος,

2016 3249 2192 3307 donec
2236 3253 2460 3308 moriar.
2520 3254 2720 3311 Dicunt
2774 3273 2981 3325 secum,
3039 3263 3259 3331 quando
3318 3263 3591 3331 abierant,

2011 3341 2321 3398 Periculum
2356 3345 2619 3402 faciamus
2648 3349 2733 3403 vel
2782 3365 2891 3404 una
2937 3352 3303 3421 hebdomade,
3348 3364 3404 3410 et
3434 3356 3602 3427 siqui-

2011 3434 2135 3489 dem
2162 3443 2274 3489 non
2303 3436 2629 3502 defecerint,
2664 3454 2772 3493 non
2800 3442 3128 3510 prodeamus
3149 3445 3385 3515 amplius
3411 3448 3465 3501 in
3494 3466 3599 3519 pu-

2009 3525 2211 3580 blicum
2241 3543 2366 3582 cum
2404 3529 2586 3584 sociis.
2632 3530 2819 3600 Itaque
2864 3535 2957 3590 ubi
2994 3536 3249 3593 viderunt
3284 3554 3454 3607 panes
3482 3556 3598 3598 non

2008 3617 2263 3685 deﬁcere,
2303 3622 2518 3677 tametsi
2563 3624 2805 3693 quotidie
2838 3641 2902 3681 ex
2940 3627 3006 3683 iis
3040 3642 3452 3697 consumerent,
3482 3649 3594 3689 non

2013 3711 2247 3779 amplius
2279 3712 2483 3783 egressi
2511 3727 2657 3777 sunt,
2698 3725 2758 3771 ut
2780 3718 2858 3772 rei
2887 3719 3179 3790 quidquam
3210 3723 3366 3779 malae
3395 3726 3595 3781 comit-

2015 3806 2217 3866 terent,
2269 3803 2363 3858 sed
2410 3813 2522 3858 tres
2570 3806 2728 3862 exiis
2768 3808 2931 3864 vitam
2976 3812 3229 3868 vixerunt
3270 3816 3594 3886 solitariam,

2017 3888 2124 3946 Sali
2149 3895 2564 3951 conversatione
2593 3901 2927 3968 compuncti.
2955 3902 3023 3957 At
3059 3903 3197 3958 nihil
3223 3907 3476 3977 cuiquam
3507 3909 3596 3965 di-

2014 3999 2139 4041 cere
2178 3996 2496 4056 potuerunt,
2527 3990 2702 4062 quoad
2732 3992 2872 4047 "vixit
2899 3992 3076 4050 Salus.

2084 4168 2171 4223 56.
2212 4171 2531 4241 Cuiusmodi
2573 4180 2757 4230 autem
2800 4190 2916 4230 rem
2971 4176 3187 4233 misello
3224 4178 3462 4247 cuidam,
3494 4198 3594 4239 seu

2013 4261 2196 4329 potius
2223 4263 2555 4320 burdonario
2576 4265 2687 4338 (87)
2713 4267 3047 4337 praestiterit,
3077 4269 3299 4340 dignum
3330 4280 3415 4326 est
3435 4288 3594 4329 man-

2012 4352 2143 4408 dare
2182 4354 2272 4421 iis,
2316 4371 2435 4428 qua:
2491 4357 2559 4411 de
2587 4357 2679 4415 illo
2720 4366 2979 4427 tractant,
3026 4359 3244 4415 litteris.
3285 4363 3417 4417 Erat
3458 4380 3590 4424 vero

804 4480 813 4483 ‘
1838 4480 1882 4536 .N
2061 4527 2078 4544 .
3048 4542 3058 4553 .

398 4558 1560 4657 t@__§g{il_iitzl}ggaggqg§jyﬁopgonymo
1595 4481 2053 4656 τινίιιινεξοὺροιῖΔΕ
2076 4581 2188 4651 (84)
2214 4581 2483 4651 interpres
2503 4584 2668 4657 _apud
2708 4583 2929 4657 suum
2975 4586 3140 4640 etiam
3170 4585 3304 4657 legit
3335 4603 3588 4656 compun-

320 4630 700 4710 ἐπωνόμασεν,
726 4630 904 4710 eam
937 4630 1278 4710 βλάσφημον.
1300 4630 1540 4710 ’μηνίων
1570 4630 1901 4710 cognomini-

317 4702 414 4763 υἱι,
451 4699 589 4779 quod
621 4709 695 4781 est
720 4699 1098 4781 blaspheinum.
1129 4699 1299 4759 Porro
1326 4708 1586 4781 Μανσοὺρ
1617 4699 1758 4779 apud
1795 4711 1899 4767 Sa-

319 4767 554 4852 racenos
575 4767 1241 4852 indigi‘tarejedemptmn,
1278 4787 1470 4852 auctor
1498 4767 1594 4852 est
1624 4767 1896 4852 Cangius;

322 4838 993 4917 pavgbp‘yeroérabibus
1029 4838 1150 4917 esse
1171 4845 1693 4917 uictoriosissimum,
1727 4838 1901 4907 t‘ésta;

318 4904 696 4993 iurﬁcaliger.
730 4904 831 4993 §in
859 4910 1145 4993 legendum
1174 4931 1407 4993 m‘auzer,
1453 4921 1528 4974 uti
1551 4904 1897 4993 erstatvap'ud

315 4979 566 5061 Surium.
594 4977 1137 5062 Signiﬁcat-adigitur
1191 4977 1729 5062 Hebraeisunothum,
1771 4977 1899 5062 s‘pu;

314 5050 481 5114 rium,
514 5064 541 5102 e
578 5057 748 5102 scorto
769 5058 970 5103 natum.
996 5052 1036 5102 A
1066 5067 1174 5117 quo
1203 5050 1890 5117 indubie’Graacum'Métv-

311 5117 424 5195 ςὴρ
454 5119 600 5189 apud
653 5117 1026 5195 Cregentium,
1083 5117 1497 5195 Theophanem,
1557 5129 1890 5190 Cedrenum.

309 5188 709 5267 Deutoronomii
743 5190 815 5267 ‘2_5
844 5189 1075 5260 legitur:
1132 5211 1151 5243 ι
1190 5188 1308 5250 Non
1347 5188 1684 5267 ingredietur
1721 5188 1891 5259 Mam;

311 5274 431 5320 zer,
468 5259 571 5313 hoc
608 5268 711 5321 est,
744 5259 813 5314 de
843 5259 1021 5315 scorto
1048 5271 1228 5328 natus,
1262 5267 1316 5319 in
1342 5259 1636 5325 Ec'clcsiam
1676 5272 1890 5329 Domini

308 5343 492 5398 usque
516 5329 882 5411 addecimam
912 5336 1346 5411 generationem.
1386 5358 1405 5391 ι
1461 5340 1889 5406 Quomodocun-

306 5414 423 5481 gue
456 5415 558 5453 vox
590 5400 776 5483 istliaec
824 5400 1110 5483 scribenda
1142 5404 1211 5459 sit
1236 5407 1381 5483 (nam
1414 5400 1708 5483 μᾶντζερε,
1740 5415 1886 5483 quod

305 5469 390 5547 ing
403 5472 923 5547 apographonostro
946 5472 1158 5547 legitur,
1187 5469 1426 5547 necdum.
1447 5469 1651 5547 inveni}
1676 5469 1887 5540 videtur

301 5554 342 5592 a
382 5540 647 5618 §ymeone
671 5540 1291 5622 adhiberi,-u't‘hominis
1331 5549 1450 5604 irati
1496 5540 1758 5622 impetum
1791 5571 1880 5609 re-

354 5608 592 5674 rimeret,
625 5612 992 5689 nuncupanda
1019 5612 1169 5689 illum
1200 5608 1587 5689 “asp/remum;
1628 5608 1755 5678 cum
1786 5625 1885 5680 lle-

298 5623 592 5729 Brnneret,
626 5623 992 5678 nuncupanda
1019 5623 1169 5668 illum
1200 5623 1578 5689 blasp/zemum,
1628 5639 1753 5678 cum
1786 5625 1885 5680 lle-

328 5693 491 5760 .rueus
527 5695 591 5760 ac
614 5679 833 5760 iudieiis
861 5689 1038 5760 esset;
1081 5685 1438 5756 veispurium,
1467 5707 1628 5760 quem
1654 5694 1885 5751 fortasse

296 5746 498 5825 divino
527 5749 783 5829 iostinctu
816 5751 973 5805 talem
1001 5767 1121 5808 esse
1151 5746 1561 5829 cognoscebat.
1590 5746 1879 5822 Αάίειόἐὶ

296 5816 512 5871 sarium
543 5814 751 5890 Cangii.

638 5914 905 5978 Puncta
947 5918 1060 5979 Gn.
1108 5922 1315 5989 XCIII.

2004 4660 2117 4725 ctus
2140 4661 2429 4725 est,_atql_le
2453 4653 2947 4725 εᾱθοκατενύχθη.

2075 4722 2209 4806 (ἥδ).
2226 4721 2530 4806 Ψαθᾼιξριον,
2547 4723 2808 4806 placenta
2824 4721 3043 4806 species.
3076 4722 3217 4806 Hinc
3249 4726 3591 4806 Ψαθυριανοὶ

2003 4791 2161 4855 dicti,
2193 4791 2436 4865 haeretici
2468 4791 2655 4865 Ariani
2697 4791 3194 4865 Constantinopoli,
3225 4796 3317 4865 qui
3369 4791 3587 4853 Patrem

2002 4863 2411 4934 asseverabant,
2436 4864 2601 4918 etiam
2630 4880 2753 4919 cum
2782 4865 2972 4932 Filius,
2996 4863 3176 4934 utipsi
3212 4863 3582 4934 somniabant,

2003 4947 2114 5006 non
2144 4932 2436 5006 exsisteret
2455 4950 2524 5006 ;_c
2555 4935 3046 5006 proptereauquod,
3067 4932 3124 4990 ut
3154 4936 3320 4992 habet
3335 4932 3587 4992 Socrates

2001 5002 2095 5090 lib.
2128 5019 2159 5053 ν
2190 5000 2335 5090 Hist.
2369 5002 2511 5090 βρεί.
2534 5000 2675 5090 cap..-
2696 5005 2787 5069 22,
2816 5000 3426 5090 _Theoctistus_.quidam
3449 5024 3587 5090 _psa_-:

2005 5073 2317 5158 thuropola,
2372 5072 2427 5127 id
2451 5084 2572 5156 .est,
2606 5072 2989 5158 :placentarum
3039 5072 3311 5158 venditor,
3367 5072 3583 5158 ardenti

2000 5143 2185 5215 studio
2221 5144 2353 5215 huic
2375 5143 2632 5211 opinioni
2657 5146 3168 5215 patrocinatusrest.
3210 5164 3228 5195 ι
3272 5145 3348 5199 lla
3381 5147 3581 5203 ibidem

1997 5213 2290 5281 interpres.
2323 5212 2603 5269 Consonat
2632 5212 2971 5272 Sozomenus
2995 5214 3088 5270 lib.
3110 5213 3202 5271 Vll
3230 5216 3374 5271 Eccl.
3393 5218 3578 5273 histor.

1994 5299 2116 5353 cap.
2140 5283 2338 5354 717,7de
2364 5283 2739 5340 Psathurianis
2765 5300 2948 5354 agens.

2067 5353 2180 5424 (786)
2216 5353 2854 5424 Neephytusmonachus
2896 5356 2949 5409 in
2975 5354 3416 5412 Glossislatricis
3445 5373 3578 5413 mss.

2001 5441 2019 5475 ι
2068 5423 2300 5490 Quando
2339 5423 2571 5480 in’l'rbro
2605 5428 2817 5481 medico
2859 5427 3138 5481 inveneris
3176 5427 3349 5494 γλυκὺ
3391 5428 3583 5483 indeﬁ-

1993 5495 2108 5566 nite
2137 5496 2365 5559 dictum,
2398 5496 2536 5549 nihil
2570 5497 2718 5552 aliud
2746 5496 2898 5563 dicit,
2940 5512 3104 5566 quam
3135 5497 3293 5551 dulce
3315 5498 3524 5555 vinum.
3555 5519 3575 5551 ι

1993 5563 2115 5619 Vidi
2147 5573 2330 5639 textus
2364 5566 2537 5620 nostri
2572 5582 2764 5623 vocem
2796 5576 2854 5621 et
2888 5563 3045 5622 citari
3078 5576 3134 5622 et
3155 5569 3319 5623 scribi
3350 5567 3579 5639 γλυκὺν,

1989 5649 2090 5705 pro
2116 5634 2314 5702 φλυκύ.

1991 5774 2032 5832 C
2065 5706 2177 5787 (87)
2219 5705 2597 5763 Burdonarius
2626 5716 2702 5763 est
2734 5723 2922 5779 agaso.
2963 5707 3202 5765 Consule
3240 5707 3583 5769 Glossarium

2034 5791 2199 5832 anan.

2034 5791 2199 5848 angu.

3117 5936 3197 6000 55
