3976 6260
469 287 613 354 ’1739

1499 298 1816 360 LEONTII
1860 302 2369 365 NEAPOLITANI
2412 307 2752 370 EPISCOPI

3617 319 3736 386 1740

467 401 832 459 burdonarius
858 405 1187 470 misericors,
1218 420 1270 463 et
1324 427 1352 463 e
1387 412 1550 466 rebus
1570 455 1582 476 ,
1613 430 1733 482 qua:
1773 414 1837 469 ad
1878 416 2038 485 ipsun‘

2159 417 2251 468 καὶ
2275 419 2379 470 ἀπὸ
2414 419 2821 488 συμϐαινόντων
2851 423 3150 495 ὲφὺρασεν.
3200 422 3290 480 Ἐν
3317 424 3417 499 μιᾷ
3444 422 3542 483 οὖν
3591 433 3732 507 ἐξερ-

470 494 742 558 redibant,
785 497 1147 569 dispergebat.
1196 503 1439 566 Quadam
1474 504 1563 557 die
1599 507 1821 559 exeunti
1851 507 1947 570 illi,
1997 517 2054 560 ut

471 601 567 653 pro
605 588 768 644 domo
810 606 906 645 sua
947 591 1202 659 afferret,
1232 607 1290 648 et
1329 596 1516 650 vinum
1548 608 1776 664 emeret,
1818 600 2056 653 occurrit

468 679 680 745 beatus,
710 693 766 737 et
793 675 963 739 dicit:
1003 686 1122 752 Quo
1162 696 1212 742 te
1245 688 1378 759 agis,
1415 690 1617 745 stulte?
1659 691 1874 762 (Sermo
1903 693 2052 748 enim

467 773 570 827 iste
605 774 900 830 identidem
928 779 979 832 ei
1008 789 1126 834 erat
1159 780 1217 834 in
1252 783 1393 852 ore.)
1419 783 1519 838 Cui
1560 785 1691 841 ille:
1723 787 1802 841 Eo
1833 795 2051 857 emptu-

467 879 562 918 rus
613 866 825 934 vinum,
883 868 1026 924 Sale.
1078 870 1384 942 Respondit
1439 876 1486 930 ei
1537 877 1707 932 abbas
1763 879 2048 949 Symeon:

467 951 617 1005 Aﬂ‘er
645 953 807 1008 etiam
843 956 1118 1028 pulegium
1151 959 1289 1032 (88),
1328 963 1422 1016 ubi
1454 964 1704 1020 redieris.
1741 967 2052 1038 Auguratus

463 1044 645 1113 itaque
675 1046 1060 1116 burdonarius,
1089 1052 1307 1109 dicebat
1331 1071 1550 1121 secum,
1583 1060 1804 1128 quando
1833 1060 2046 1115 abiret:

463 1135 728 1201 Quisnam
762 1137 994 1194 Satanas
1031 1157 1059 1194 a
1094 1142 1343 1213 tempore
1381 1145 1652 1200 matutino
1687 1147 1754 1202 ad
1788 1163 1874 1201 me
1905 1147 2052 1202 misit

463 1229 611 1283 hunc
649 1230 935 1296 abbatem,
992 1233 1084 1302 qui
1138 1234 1312 1290 dicit:
1353 1236 1504 1292 Aﬂer
1543 1238 1677 1292 mihi
1737 1240 2050 1310 pulegium?

461 1320 606 1374 Sane
639 1321 840 1375 malum
895 1333 980 1378 est
1031 1323 1138 1380 hoc
1191 1326 1403 1394 vinum,
1459 1336 1514 1384 et
1558 1330 1644 1384 vel
1691 1332 1914 1396 acescit,
1962 1333 2048 1386 vel

459 1411 600 1484 [vitii
631 1413 815 1485 habet]
857 1415 1042 1470 nescio
1081 1417 1235 1487 quid.
1277 1418 1381 1473 Ubi
1419 1419 1604 1490 itaque
1645 1421 1830 1484 rediit,
1866 1421 2048 1476 ferens

458 1505 646 1560 vinum
693 1523 956 1578 perquam
1007 1509 1249 1574 bonum,
1305 1526 1419 1580 pra:
1460 1513 1658 1582 gaudio
1705 1513 1909 1568 oblitus
1964 1525 2049 1570 est

452 1599 655 1655 afferre
684 1601 980 1672 pulegium.
1014 1602 1151 1657 Dicit
1187 1603 1276 1657 ille
1311 1603 1510 1658 iterum
1544 1603 1801 1675 Symeoni
1832 1622 1844 1658 :
1882 1604 2044 1670 Vere,

456 1709 490 1745 o
522 1692 687 1748 miser
714 1695 910 1760 homo,
943 1695 1144 1748 oblitus
1182 1710 1325 1749 sum.
1359 1696 1660 1752 Subridens
1701 1698 1804 1767 ipsi
1833 1699 1999 1752 abbas
2030 1716 2043 1753 :

456 1784 558 1838 Abi
592 1784 772 1850 modo,
811 1784 1008 1854 inquit,
1041 1800 1129 1840 res
1155 1795 1245 1839 tua
1280 1786 1657 1842 administrata
1680 1765 1781 1843 est.
1819 1789 2048 1854 Quando
2082 1765 2121 1820 Β

455 1890 588 1944 ergo
619 1874 790 1938 venit,
815 1882 874 1928 ut
904 1883 1143 1929 mutaret
1175 1885 1344 1940 utres,
1373 1877 1581 1932 invenit
1609 1878 1662 1932 in
1685 1878 1765 1934 eis
1805 1889 2045 1947 acetum,

456 1978 679 2033 prorsus
720 1972 780 2016 ut
829 1963 995 2017 homo
1044 1965 1129 2018 vel
1172 1963 1389 2020 odorari
1455 1981 1550 2021 eos
1607 1969 2040 2036 pertimesceret.

456 2055 608 2110 Tunc
640 2057 824 2125 itaque
853 2071 968 2110 rem
1001 2056 1290 2123 intellexit,
1309 2067 1364 2113 et
1391 2059 1556 2129 coepit
1585 2060 1770 2116 dicere
1802 2077 1814 2112 :
1854 2062 2044 2116 Enim-

453 2148 832 2219 vcrojamjam
880 2147 1162 2203 afl‘erimus
1211 2150 1508 2221 pulegium.
1565 2152 1820 2206 Cucurrit
1853 2151 2040 2223 igitur,

441 2252 510 2294 et
539 2241 685 2296 venit
715 2241 780 2295 ad
805 2239 1014 2307 Salum,
1049 2250 1104 2296 et
1141 2241 1318 2297 oravit
1342 2258 1465 2298 eum
1496 2243 1736 2314 (dicebat
1774 2245 1920 2299 enim
1963 2245 2043 2300 fe-

449 2335 596 2388 cisse
626 2332 694 2387 de
741 2347 894 2388 more
927 2332 1360 2403 prmstigiatoris,
1407 2333 1499 2403 qui
1541 2335 1730 2390 oculos
1763 2335 2038 2407 fascinat).

459 2426 899 2493 Dissolve,Sale,
952 2427 1096 2496 quod
1148 2426 1344 2481 fecisti.
1392 2426 1658 2496 Reposuit
1709 2427 1835 2482 ille:
1899 2427 2042 2494 Quid

454 2519 603 2574 feci?
635 2519 735 2574 Hic
775 2519 852 2573 ait
887 2539 899 2574 :
936 2519 1146 2574 Bonum
1186 2519 1292 2574 emi
1325 2519 1536 2580 vinum,
1571 2527 1628 2573 et
1665 2529 1910 2589 tempore
1939 2521 2040 2574 ho-

449 2629 636 2668 rarum
667 2614 897 2668 duarum
935 2613 1222 2668 inventum
1265 2621 1351 2667 est
1389 2621 1627 2668 acetum.
1677 2612 1779 2666 Cui
1811 2613 1902 2667 ille
1933 2614 2039 2667 ite-

452 2719 575 2757 rum
610 2722 623 2758 :
657 2703 783 2767 Abi,
816 2703 930 2768 abi,
963 2703 1117 2757 mitte
1149 2703 1289 2756 hanc
1317 2718 1527 2768 curam,
1559 2703 1708 2773 aperi
1743 2719 1864 2757 mox
1892 2703 2037 2774 pbu-

450 2795 712 2858 scarium,
747 2802 804 2847 et
832 2791 1076 2863 proderit
1107 2791 1222 2845 tibi.

520 2886 608 2939 57.
652 2885 789 2938 Nam
833 2900 1033 2954 scopus
1076 2892 1132 2937 et
1176 2883 1352 2937 oratio
1397 2886 1546 2938 senis
1599 2894 1779 2948 erant,
1823 2895 1882 2940 ut
1911 2886 2038 2956 quia

449 2987 568 3032 erat
589 2977 922 3042 misericors,
964 2976 1119 3030 labor
1144 2975 1265 3046 ejus
1287 2975 1732 3031 benediceretur.
1762 2977 1869 3032 Sed
1901 2980 2038 3032 nihil

2159 508 2387 574 χομένου
2415 509 2580 562 αὑτοῦ
2616 513 2836 580 ἐνέγκαι
2869 513 3015 585 λόγῳ
3043 515 3136 568 τοῦ
3160 519 3309 570 οἷκον
3337 519 3529 584 αὐτοῦ,
3557 527 3644 576 καὶ
3665 530 3734 592 εἰς

2158 600 2358 667 πρᾶσιν
2387 602 2645 673 οἰνάριον,
2675 606 2891 677 ἀπαντᾷ
2911 608 3061 678 αὐτῷ
3108 611 3137 662 6
3167 611 3459 682 μακάριος,
3489 615 3580 667 καὶ
3600 616 3735 686 λέγει

2155 689 2339 762 αὐτῷ’
2378 693 2488 746 Ποῦ
2541 695 2794 764 ὑπάγεις,
2827 698 3024 771 ἓξηχε;
3065 699 3231 773 Εἴχεν
3278 705 3388 773 γὰρ
3419 707 3509 760 ἀεὶ
3560 709 3734 766 τοῦτον

2154 778 2245 831 τὸν
2280 779 2436 848 λόγον
2466 783 2558 836 ἐπὶ
2587 784 2647 836 τὸ
2668 787 2800 840 αὐτὸ
2827 789 2922 841 ἐπὶ
2952 791 3238 860 στόματος.
3270 793 3439 862 Λέγει
3478 795 3575 850 οὖν
3600 800 3736 862 αὐτῷ

2153 868 2378 938 ἐκεῖνος,
2404 873 2505 926 Διά
2530 876 2788 946 οἰνάριον,
2821 879 2979 933 Σαλέ.
3002 856 3301 955 ’Ᾰπεκρίθη
3336 856 3488 956 ab“?
3521 889 3549 939 ὁ
3575 856 3735 953 de“;

2155 958 2377 1028 Συμεών
2397 975 2410 991 ⁶
2447 964 2587 1034 Φέρε
2619 967 2712 1019 καὶ
2731 968 2987 1040 γλιχόνην
3010 971 3084 1035 ὡς
3112 971 3268 1046 ἔρχῃ.
3301 976 3622 1041 Diuum-305i;
3651 977 3734 1034 οὖν

2153 1050 2182 1142 6
2225 1051 2681 1126 βουρδουνάριος,
2741 1059 2928 1127 ἔλεγεν
2973 1063 3097 1116 καθ’
3137 1067 3330 1118 ἑαυτὸν
3360 1109 3374 1132 ,
3429 1071 3504 1132 ὡς
3547 1072 3735 1142 ἀπῄεισ

2157 1136 2227 1195 *Α
2238 1160 2306 1213 ρα
2335 1147 2484 1210 ποῖος
2512 1148 2759 1213 Σατανᾶς
2781 1152 2891 1206 ἀπὸ
2917 1152 3061 1222 πρωῒ
3092 1154 3338 1226 ἔπεμψέν
3385 1177 3480 1230 μοι
3521 1164 3612 1215 τδν
3634 1136 3732 1216 ἀϐ-

2151 1234 2255 1288 6ᾶν
2283 1236 2493 1308 τοῦτον,
2518 1239 2746 1309 λέγοντά
2765 1260 2856 1313 μοι
2878 1260 2892 1273 ·
2922 1245 3058 1316 Φέρε
3089 1264 3182 1316 μοι
3215 1249 3504 1322 γλιχόνην;
3537 1255 3734 1320 Ὄντως

2151 1330 2511 1386 κακοπόδινον
2536 1333 2745 1401 γίνεται
2773 1335 2833 1388 τὸ
2862 1338 3102 1408 οἰνάριον
3131 1340 3310 1406 τοῦτο,
3350 1347 3446 1396 καὶ
3486 1346 3520 1415 ἢ
3553 1345 3728 1414 όξὶζει,

2137 1417 2184 1500 ’ἢ
2213 1420 2313 1472 οὐκ
2360 1416 2478 1475 οἶδα
2535 1425 2608 1479 τι.
2669 1428 2757 1490 Ὡς
2807 1425 2900 1482 οὖν
2949 1430 3295 1503 ὑπέστρεψεν
3337 1437 3573 1504 ἐνέγκας
3600 1435 3730 1494 οἶνον

2150 1510 2316 1601 καλὸν
2343 1514 2509 1578 πάνυ,
2527 1515 2636 1570 ἀπὸ
2665 1521 2841 1590 χαρᾶς
2870 1521 3063 1576 ἔλαθεν
3085 1525 3311 1593 ἐνέγκαι
3339 1527 3438 1597 τὴν
3464 1529 3727 1601 γλιχόνην.

2150 1599 2314 1667 Λέγει
2353 1604 2502 1673 αὕτῷ
2542 1607 2705 1662 πάλιν
2732 1612 3209 1680 ἐκεῖνος,⁹οντως,
3242 1621 3494 1682 ταπεινὲ,
3529 1599 3726 1678 ἔλαθον.

2151 1691 2450 1782 Μειδιάσας
2490 1692 2584 1750 οὖν
2613 1701 2640 1752 6
2669 1700 2864 1765 ἀὸὁᾶς,
2893 1704 3042 1773 λέγει
3072 1708 3252 1779 αὐτῷ’
3283 1711 3505 1782 ’Υπαγε
3557 1715 3727 1782 μόνον’

2149 1781 2352 1876 τὸγὰρ
2388 1788 2626 1860 πρᾶγμά
2661 1807 2754 1844 σου
2788 1793 3090 1868 ὲδιοικήθη.
3138 1800 3230 1863 Ὠς
3263 1797 3358 1855 οὖν
3393 1781 3526 1874 ἦλθε
3560 1781 3730 1876 μετα-

2150 1875 2312 1966 θάλαι
2337 1879 2403 1932 τὰ
2434 1881 2687 1953 ἀσκήδια,
2719 1879 2877 1955 εὗρεν
2911 1889 3054 1943 αὐτὰ
3089 1891 3230 1956 ὅξος,
3279 1895 3363 1948 ὅτι
3416 1897 3610 1966 ἐψόφει
3641 1900 3729 1954 ἄν·

2149 1964 2367 2062 θρωπος
2422 1971 2519 2024 καὶ
2574 1974 2950 2046 όσφρανθῆναι
2991 1981 3180 2036 αὐτοῦ.
3223 1982 3359 2038 Τότε
3393 1964 3488 2041 οὖν
3513 1964 3732 2062 ἐνόησεν

2147 2057 2208 2110 τὸ
2254 2061 2489 2132 πρᾶγμα
2517 2103 2532 2130 ,
2568 2066 2666 2119 καὶ
2726 2067 2931 2138 ἧρξατο
2975 2071 3190 2141 λέγειν·
3229 2078 3438 2141 Ὄντως
3464 2080 3594 2149 ἄρτι
3629 2057 3731 2136 καὶ

2145 2149 2354 2243 ἄγομεν
2391 2155 2478 2208 διὰ
2512 2155 2788 2230 γλιχόνην.
2831 2162 3112 2235 Ἔδραμεν
3145 2163 3240 2220 οὕν
3271 2170 3367 2222 καὶ
3405 2165 3576 2241 ἦλθεν
3602 2174 3732 2243 πρὸς

2146 2241 2238 2332 τὸν
2268 2243 2474 2312 Σαλὸν,
2516 2247 2610 2302 καὶ
2659 2253 2960 2320 παρεκάλει
2984 2256 3164 2315 ,αὑτὸν
3218 2258 3451 2330 (ἔλεγεν
3495 2263 3606 2332 γὰρ
3648 2241 3731 2318 ότι

2145 2330 2336 2404 ὥσπερ
2361 2336 2389 2387 6
2413 2335 2602 2408 ψηφᾶς
2627 2343 2775 2393 ποιεῖ
2787 2341 3296 2414 ὀφθαλμοπλανιαν,
3327 2348 3500 2412 οὕτως
3524 2330 3618 2404 καὶ
3637 2352 3730 2404 αὕ-

2144 2421 2235 2488 τὺς
2251 2425 2556 2499 ὲποίησεν)·
2578 2431 2870 2485 Ἀνάλυσον
2888 2433 3212 2506 ὃὲποίησας,
3231 2439 3388 2493 Σαλέ.
3402 2441 3572 2510 Λέγει
3590 2444 3733 2514 αὐτῷ

2145 2517 2373 2579 ἐκεῖνος’
2401 2521 2467 2573 Τί
2507 2523 2778 2594 Enetum;
2817 2526 2874 2579 '0
2899 2528 2956 2580 δέ
2988 2546 3157 2600 φησι·
3186 2532 3366 2585 Καλὸν
3405 2529 3554 2588 οἶνον
3601 2536 3729 2604 ἠγόο

2143 2623 2308 2676 ρασα,
2345 2610 2442 2663 καὶ
2469 2611 2671 2684 εὑρέθη
2702 2613 2870 2679 ὀξιδιν
2900 2619 2982 2675 εἰς
3015 2617 3110 2670 δύο
3154 2619 3304 2690 ῶρας
3325 2639 3339 2652 ο
3381 2622 3553 2691 Λέγει
3590 2625 3732 2696 αὑτῷ

2143 2699 2308 2752 πάλιν
2329 2715 2341 2727 °
2378 2701 2625 2771 ’Ύπαγε,
2647 2703 2850 2774 ὕπαγε,
2879 2709 2940 2760 οὺ
2973 2709 3146 2782 μέλλῃ
3168 2728 3268 2778 σοι,
3288 2713 3507 2781 ἄνοιξον
3529 2718 3730 2786 ὲφετῶς

2143 2791 2500 2864 φουσκάριον,
2531 2797 2627 2849 καὶ
2657 2799 2929 2869 συμφέρει
2965 2817 3067 2856 σοι.

2213 2881 2309 2946 νζ’.
2340 2878 2449 2936 ’Ἥν
2479 2884 2590 2956 γὰρ
2631 2888 2659 2939 6
2703 2890 2904 2952 σκοπὸς
2947 2894 3041 2943 καὶ
3070 2894 3102 2962 ἡ
3130 2894 3265 2965 εὐχὴ
3301 2895 3394 2948 τοῦ
3439 2898 3728 2969 γέροντος,

2144 2973 2229 3026 ἵνα
2249 2975 2516 3048 εὐλογηθῇ
2542 2981 2570 3032 6
2600 2978 2852 3050 κάματος
2877 2982 3067 3048 αὐτοῦ,
3090 2986 3172 3037 ὅτι
3218 2982 3288 3055 ἦν
3313 2987 3593 3060 ἐλεήμων,
3619 2993 3727 3046 ἀλλ’

449 3074 744 3144 quidquam
774 3071 943 3127 voluit
976 3078 1165 3140 aperte
1198 3069 1402 3133 facere,
1446 3067 1540 3123 sed
1586 3071 1771 3124 omnia
1818 3086 1917 3140 per
1955 3074 2036 3125 lu-

2147 3066 2240 3118 οὐκ
2269 3067 2463 3137 ἤθελεν
2494 3072 2790 3140 προφανῶς
2829 3074 3055 3144 ποιῆσαί
3078 3076 3132 3128 τί
3167 3093 3320 3144 ποτε,
3353 3079 3470 3132 ἀλλ’
3499 3083 3601 3135 ὅλα
3649 3084 3730 3137 διὰ

448 3166 603 3219 dum.
625 3164 999 3231 Compunclus
1027 3161 1210 3230 itaque
1247 3156 1635 3225 burdonarius,
1660 3160 1796 3215 dixit
1821 3179 1835 3215 :
1857 3161 2034 3215 Bene-

443 3255 628 3310 dictus
666 3255 840 3319 Deus;
868 3253 1222 3323 phuscarium
1254 3251 1518 3321 aperiam.
1544 3249 1663 3316 Quo
1691 3262 1901 3322 aperto,
1937 3253 2036 3307 be-

448 3347 658 3402 nedixit
683 3347 787 3416 ipsi
819 3347 984 3402 Deus.
1015 3348 1084 3399 At
1110 3361 1207 3416 pro
1241 3345 1443 3416 quibus
1466 3345 1632 3400 rebus
1671 3346 1761 3399 ille
1799 3345 2037 3401 debebat

452 3442 578 3497 Salo
611 3441 810 3512 gratias
843 3455 1026 3510 agere,
1061 3438 1246 3508 potius
1289 3439 1628 3504 succensuit,
1675 3453 1785 3493 non
1829 3439 2035 3492 intelli-

449 3549 601 3603 gens,
639 3547 801 3602 quam
845 3530 986 3586 bene
1033 3529 1101 3585 de
1145 3544 1206 3584 se
1255 3538 1404 3588 esset
1453 3530 1708 3584 meritus.
1767 3527 1875 3583 Sed
1929 3529 2035 3586 hoc

449 3637 623 3680 totum
656 3625 838 3690 (iebat,
887 3634 948 3680 ut
1000 3623 1145 3679 Deus
1187 3631 1396 3694 tegeret
1441 3637 1671 3693 scopum
1721 3623 2030 3692 Symeonis.

446 3719 753 3790 {Egrotavit
783 3733 893 3774 non
925 3732 1086 3772 nemo
1129 3731 1160 3770 e
1215 3715 1548 3785 primoribus
1581 3714 1820 3770 civitatis
1853 3714 2033 3783 (acce-

446 3810 577 3865 dere
597 3824 684 3875 eo,
702 3809 829 3864 etin
849 3809 1012 3864 domo
1034 3809 1154 3879 ejus
1172 3807 1359 3862 ludere
1380 3813 1746 3863 consueverat
1763 3806 2029 3878 sanctus),

446 3911 502 3956 et
531 3901 678 3956 videt
705 3917 869 3972 aeger,
902 3916 961 3956 se
980 3901 1035 3955 in
1060 3916 1253 3956 somno
1273 3900 1462 3954 ludere
1485 3899 1617 3954 aleis
1647 3914 1771 3954 cum
1795 3901 2032 3970 quodam

445 3995 723 4064 IEthiope.
768 3992 898 4048 Erat
927 4003 1109 4048 autem
1147 3993 1238 4047 ille
1284 4007 1454 4047 mors.
1501 3990 1807 4046 Festinavit
1845 3993 2032 4061 itaque

446 4084 717 4151 inﬁrmus,
749 4093 804 4138 et
842 4084 1012 4148 venit,
1045 4090 1106 4137 ut
1131 4082 1448 4154 proliceret,
1490 4093 1544 4137 et
1573 4082 1678 4136 nisi
1708 4081 1918 4151 jaceret
1950 4090 2034 4136 ter

443 4191 560 4241 sex,
591 4175 768 4231 victus
805 4183 943 4230 erat.
993 4174 1262 4230 Convenit
1313 4175 1467 4229 illum
1512 4174 1566 4228 in
1621 4188 1815 4228 somno
1863 4174 2032 4230 abbas

445 4269 679 4339 Symeon
731 4275 787 4322 et
825 4267 996 4322 dicit:
1043 4266 1189 4333 Quid
1243 4271 1351 4334 est,
1397 4266 1626 4322 stolide?
1658 4264 1867 4321 Revera
1917 4267 2031 4337 jam

444 4362 662 4416 Maurus
699 4361 803 4414 iste
850 4368 903 4413 te
945 4359 1151 4415 vincet.
1199 4357 1308 4412 Sed
1355 4357 1425 4413 da
1459 4357 1646 4422 ﬁdem,
1694 4365 1747 4412 te
1799 4359 2031 4427 posthac

2141 3161 2486 3228 παιγνιδίων.
2521 3163 2812 3236 Κατενύγη
2845 3162 2938 3219 οὖν
2968 3167 2996 3220 6
3028 3166 3482 3242 βουρδουνάριος,
3516 3177 3613 3228 καὶ
3643 3175 3726 3229 λέ-

2139 3269 2228 3320 γει
2245 3267 2258 3281 ·
2279 3251 2586 3322 Εὐλογητὸς
2607 3255 2634 3305 6
2657 3253 3163 3328 Θεὸ;,,φουσκαριον
3189 3261 3391 3328 ἀνοίγω
3411 3279 3425 3292 ο
3463 3265 3561 3316 καὶ
3585 3267 3727 3318 ἀνοί-

2141 3339 2332 3405 ξαντος
2357 3343 2547 3406 αὐτοῦ,
2577 3345 2880 3417 ηὺλὸγησεν
2911 3349 3071 3403 αὐτὸν
3115 3350 3142 3401 6
3175 3351 3307 3413 Gs“
3354 3355 3451 3404 καὶ
3491 3354 3637 3427 ὑπὲρ
3657 3351 3726 3411 ὧν

2139 3437 2246 3490 ἔδει
2267 3438 2615 3509 εὐχαριστεῖν
2645 3440 2724 3509 τῷ
2753 3443 2931 3513 Σαλῷ,
2973 3444 3176 3513 μᾶλλον
3223 3445 3319 3498 καὶ
3363 3447 3535 3517 ἐχόλα
3560 3451 3722 3522 αὐτῷ,

2142 3526 2219 3599 μὴ
2252 3528 2402 3582 ’νοῶν
2443 3529 2506 3582 τὸ
2548 3531 2600 3583 τι
2647 3532 2799 3603 αὕτῴ
2847 3536 3230 3607 προεξένησεν.
3265 3539 3339 3591 Τὸ
3374 3539 3433 3591 δὲ
3491 3541 3607 3592 πᾶν
3638 3541 3726 3595 τοῦ

2139 3619 2472 3688 πράγματος
2507 3614 2576 3690 ἦν
2605 3620 2632 3672 6
2667 3620 2822 3685 Θεὸς,
2853 3623 3074 3676 σκέπων
3101 3624 3193 3676 τὸν
3223 3624 3428 3678 σκοπὸν
3463 3625 3563 3678 τοῦ
3591 3627 3726 3678 ἀόεᾶ

2138 3708 2388 3779 Συμεών.
2417 3709 2804 3783 Ἠρῤώστησέν
2840 3715 2970 3767 ποτέ
3005 3732 3087 3777 τις
3115 3716 3225 3767 τῶν
3262 3718 3611 3785 μεγιστάκων
3634 3720 3717 3784 τῆς

2137 3800 2368 3862 πόλεως.
2399 3797 2558 3872 Εἷχεν
2612 3803 2670 3856 δὲ
2719 3803 2838 3868 ἔθος
2873 3807 2900 3857 6
2925 3805 3068 3868 ὅσιος
3095 3806 3418 3877 ἀνέρχεσθαι
3461 3808 3561 3861 καὶ
3599 3808 3724 3861 “ml-

2137 3893 2251 3957 ζειν
2277 3895 2359 3958 εἰς
2411 3895 2505 3950 τὸν
2553 3890 2704 3950 οἶκον
2733 3897 2922 3963 αὑτοῦ,
2952 3899 3046 3951 καὶ
3073 3899 3148 3962 ὡς
3186 3898 3461 3970 ἐϐαρήθη,
3500 3899 3725 3972 ἐθεώρει

2135 3989 2327 4042 ἑαυτὸν
2359 3990 2499 4043 κατὰ
2529 3991 2659 4054 τοὺς
2691 3989 2898 4056 ὕπνους
2932 3990 3257 4057 ταυλίξοντα
3282 3994 3423 4063 μετά
3449 4010 3602 4058 τινος
3631 3996 3724 4048 Αι-

2136 4082 2345 4147 θίοπος.
2378 4078 2489 4136 Ἦν
2520 4083 2577 4136 δὲ
2605 4077 2766 4147 οὕτος
2787 4123 2800 4147 ,
2830 4085 2858 4136 6
2889 4083 3140 4148 θάνατος.
3195 4084 3476 4153 Ἔφθασεν
3516 4082 3614 4139 οὖν
3643 4087 3726 4137 καὶ

2133 4171 2318 4247 ἦλθεν,
2347 4176 2504 4248 φησι,
2533 4177 2874 4249 καταρῤίψαι
2910 4178 2938 4228 6
2966 4175 3230 4242 ἀσθενῶν,
3263 4178 3358 4230 καὶ
3393 4180 3444 4231 εἰ
3487 4179 3570 4249 μὴ
3602 4179 3724 4230 ἔϐα-

2135 4271 2226 4324 λεν
2258 4271 2506 4342 τρίεκτα,
2565 4271 2787 4340 ἡττᾶτο.
2819 4270 3016 4324 Φθάνει
3073 4265 3166 4324 οὖν
3217 4270 3368 4342 αὐτῷ
3413 4271 3568 4324 κατά
3610 4272 3726 4333 τοὺς

2137 4360 2339 4426 ὕπνους
2365 4364 2394 4415 6
2421 4362 2598 4426 ἀ66ἄς
2625 4361 2872 4433 Συμεὼν,
2897 4364 2990 4416 καὶ
3014 4361 3196 4432 λέγει’
3231 4361 3296 4414 Τί
3325 4364 3500 4425 ἐστιν,
3527 4363 3723 4433 ἐξηχες

446 4471 554 4510 non
579 4455 907 4510 violaturum
936 4454 1121 4507 uxoris
1156 4462 1262 4507 tua:
1293 4452 1495 4515 cubile,
1539 4460 1594 4505 et
1619 4459 1713 4505 tuo
1752 4451 1873 4506 loco
1907 4466 2034 4522 pro-

2147 4455 2349 4519 Ὄντως
2371 4454 2496 4525 ἄρτι
2526 4456 2654 4526 νικᾷ
2681 4471 2739 4507 σε
2773 4457 2802 4507 6
2821 4453 3046 4524 Μαῦρος
3079 4446 3258 4517 οὗτος.
3318 4453 3484 4506 Ἀλλά
3514 4454 3609 4518 δός
3645 4471 3724 4523 μοι

441 4549 650 4618 jiciam.
695 4557 749 4602 et
786 4562 898 4602 non
942 4547 1129 4601 vincet
1171 4555 1246 4600 te.
1283 4543 1582 4614 Postquam
1631 4545 1926 4615 jurassem,
1973 4555 2034 4599 ut

444 4640 650 4703 retulit,
673 4639 764 4709 qui
789 4639 889 4694 ista
917 4639 1054 4694 vidit
1085 4646 1141 4693 ct
1173 4637 1476 4707 accepisset
1513 4652 1546 4691 a
1580 4651 1668 4690 me
1702 4635 1870 4702 aleas,
1902 4651 2034 4706 pro-

441 4734 592 4804 jecit,
629 4742 685 4787 et
715 4733 1032 4788 ceciderunt
1079 4741 1163 4786 ter
1203 4745 1319 4785 sex.
1367 4729 1702 4800 Experrecto
1737 4727 1922 4798 itaque
1953 4728 2036 4782 in-

1888 4818 2036 4875 Beno
2135 4823 2206 4878 τὰ
2237 4824 2391 4896 βόλια
2428 4823 2672 4896 ἔρριψεν,
2699 4824 2794 4878 καὶ
2823 4823 3027 4878 ἔπεσαν
3057 4823 3304 4894 τρίεκτα.
3347 4821 3729 4888 Ἐξυπνισθένο

447 4827 621 4892 firmo,
669 4825 914 4881 ascendit
945 4825 1131 4879 statim
1169 4821 1365 4887 Salus,
1417 4831 1473 4877 et
1517 4821 1650 4877 dicit
1697 4821 1773 4876 illi
1817 4839 1832 4876 :

449 4931 530 4973 ter
557 4937 652 4974 sex
680 4919 861 4990 jecisti
901 4918 1036 4988 (89'),
1071 4917 1282 4970 insane.
1328 4915 1526 4979 Crede,
1560 4914 1604 4969 si
1655 4914 2028 4983 juramentum

448 5022 596 5067 tuum
626 5013 816 5077 violes,
849 5012 1074 5067 Maurus
1107 5009 1196 5065 ille
1221 5019 1274 5065 te
1297 5009 1607 5065 sutl‘ocabit.
1637 5008 1705 5063 Et
1740 5017 2027 5079 postquam

2137 4548 2295 4616 λόγον
2321 4587 2336 4612 ,
2376 4547 2458 4601 ὅτι
2490 4547 2673 4601 οὐκέτι
2704 4549 2940 4619 μιαίνεις
2974 4548 3072 4618 τὴν
3103 4547 3292 4618 κοίτην
3335 4547 3438 4618 τῆς
3467 4550 3727 4616 γυναικός

2140 4656 2256 4706 σου,
2281 4639 2376 4693 καὶ
2406 4639 2518 4708 ἐγὼ
2545 4639 2901 4710 καταῤῥίπτω
2929 4639 3052 4692 ἀντὶ
3085 4636 3204 4706 σοῦ,
3227 4639 3322 4692 καὶ
3355 4639 3454 4709 οὐχ
3483 4641 3635 4711 ἡττᾷ
3653 4656 3723 4691 σε.

2149 4734 2386 4804 Ὀμόσας
2414 4729 2530 4798 οὖν,
2550 4735 2713 4803 φησὶν
2736 4735 2765 4786 6
2786 4730 2957 4787 ταῦτα
2992 4731 3138 4798 ἰδὼν,
3165 4733 3259 4784 καὶ
3291 4731 3477 4785 λαὸὼν
3509 4731 3576 4798 ἐξ
3604 4729 3726 4801 ἐμοῦ

2134 4934 2225 4980 τος
2255 4914 2348 4972 οὖν
2392 4916 2487 4970 τοῦ
2541 4916 2849 4989 ἀρρώστου,
2902 4914 3130 4985 ἀνῆλθεν
3170 4913 3333 4978 εὐθὺς
3357 4914 3612 4977 όΣαλὸς,
3643 4915 3728 4965 καὶ
3833 4905 3837 4967 .⁴

2138 5007 2285 5075 λέγει
2315 5007 2466 5078 αὕτῷ
2490 5025 2504 5039 ·
2537 5007 2695 5061 Καλὰ
2725 5006 2952 5078 τρίεκτα
2993 5005 3204 5071 ἔϐαλες,
3241 5006 3462 5075 μάταιε.
3500 5006 3726 5058 [licun-
3829 4999 3833 5078 l‘

1997 5181 2229 5240 NOTAE.

515 5304 623 5376 (88)
657 5325 674 5358 ι
723 5305 898 5359 llerba
921 5312 1005 5359 est
1034 5302 1316 5376 fruticosa,
1349 5301 1665 5376 semipedali
1703 5299 2009 5365 altitudine,

447 5371 960 5445 foliis'sampsuchi,
1007 5373 1374 5445 surculisper
1416 5371 1700 5445 intervalla
1749 5386 2026 5445 purpureo

448 5451 576 5501 llorc
604 5441 906 5512 coronatis;
939 5445 1086 5499 unde
1119 5443 1304 5497 multis
1338 5442 1614 5512 pulegium
1648 5443 1826 5511 regale
1855 5441 2025 5494 nomi-

449 5528 625 5570 natur.
661 5519 898 5569 Alternm
925 5529 1100 5585 genus
1131 5523 1213 5567 est
1242 5513 1372 5566 ﬂore
1407 5513 1662 5585 candido,
1697 5513 1783 5565 cui
1835 5526 2030 5585 magna

446 5602 569 5638 eum
608 5595 823 5652 ιιιπιιριτι,
871 5583 949 5636 δι’
982 5585 1202 5637 mentha
1245 5585 1499 5644 societas,
1547 5584 1777 5635 multum
1819 5583 2032 5635 excale-

449 5656 594 5716 facit,
638 5664 693 5704 et
743 5663 1021 5705 extenuat.
1059 5654 1114 5706 Si
1169 5668 1198 5704 a
1239 5668 1439 5720 pecore
1485 5662 1754 5722 gustetnr,
1792 5652 2032 5706 balatum

451 5724 593 5777 illico
626 5723 822 5773 dicitur
851 5722 1145 5775 concitare.
1192 5722 1399 5776 Idcirco
1439 5724 1592 5790 quasi
1627 5724 1838 5792 βλήχων
1874 5735 2034 5775 voca-

2139 5311 2245 5357 tur.
2283 5301 2559 5374 Pulegiunt
2594 5310 2776 5356 autem
2815 5299 2993 5355 Latini
3024 5299 3321 5374 appellant,
3350 5299 3505 5368 quod
3532 5313 3729 5374 recens

2133 5369 2436 5428 incensuuf
2472 5372 2678 5443 pulices
2734 5379 2946 5425 enecet.
2993 5389 3011 5421 ι
3055 5373 3132 5443 Ita
3187 5371 3463 5443 Cori-tene.
3523 5369 3726 5443 Forsan

2136 5445 2227 5498 hic
2273 5439 2541 5514 pulegiu'm
2570 5443 2790 5514 ponitur
2828 5457 2927 5511 pro
2973 5442 3216 5513 qualibet
3264 5441 3370 5494 alia
3411 5439 3616 5504 herba,
3649 5447 3729 5492 aut

2136 5513 2306 5577 olere,
2335 5513 2474 5567 κατὰ
2505 5513 2848 5582 συνεκδοχήν.

2213 5586 2322 5654 (39)
2356 5584 2564 5638 Insulse
2596 5579 2795 5654 legitur
2817 5583 2959 5652 apud
2995 5581 3215 5637 Surium
3249 5598 3260 5633 :
3294 5599 3313 5632 ι
3353 5579 3601 5634 Pulchra
3630 5589 3726 5633 tra-

2137 5657 2278 5724 jecta
2307 5655 2585 5724 trajecisti,
2622 5654 2838 5708 stolide.
2877 5674 2895 5706 ι
