3976 6496
2441 2 3570 32 ___________________

363 438 499 504 ΠΜ
1642 439 1814 500 VITA
1855 439 1917 498 S.
1958 436 2361 498 SYMEONIS.
3484 428 3637 491 I74?

357 566 470 614 σον,
512 548 610 602 ἐὰν
638 546 893 619 παραδῇς
925 542 1015 599 τὸν
1047 544 1211 615 ὅρκον
1236 560 1351 607 σου,
1386 545 1416 597 ὁ
1456 543 1680 614 Μαῦρος
1726 547 1932 609 ἐκεῖνος

2070 549 2173 617 psis
2203 554 2257 600 et
2297 545 2553 605 omnibus
2582 544 2702 616 ejus
2739 540 3056 599 domesticis
3086 532 3422 605 iusultasset,
3457 553 3639 594 cursu.

354 639 540 709 πνίγει
569 638 770 705 σε,καὶ
799 636 1029 708 ὑϐρίσας
1067 635 1252 702 αὐτὸν,
1280 632 1384 688 ’καὶ
1420 634 1629 697 πάντας
1669 636 1798 699 τοὺς
1833 634 1927 688 τοῦ

2070 650 2098 689 e
2121 633 2248 689 inde
2275 633 2562 705 proripuit.

353 731 505 787 οῐκου
538 728 725 794 αὐτοῦ,
757 726 1028 797 κατῆλθεν
1061 727 1293 798 τρέχων.

1814 857 2040 915 CAPUT
2086 854 2178 911 XI.

643 998 922 1067 Symeom's
942 1000 1185 1066 virtutes,
1210 997 1487 1066 praedictio
1510 998 1702 1060 obitus,
1744 1006 1934 1053 sancta
1965 1017 2129 1063 mors,
2178 998 2493 1068 Angelorum
2530 1005 2741 1064 cantus,
2799 993 3091 1064 sepultura,
3160 1007 3347 1060 corpus

1702 1069 1959 1125 divinitus
2008 1071 2269 1124 ablatum.

2117 1182 2206 1238 58.
2249 1181 2344 1237 Vir
2383 1182 2476 1236 ille
2508 1195 2638 1235 vere
2668 1179 2890 1248 sapiens
2920 1174 3061 1231 nihil
3105 1173 3400 1244 quidquam
3449 1170 3630 1241 possi-

2048 1274 2213 1330 debat
2246 1274 2301 1329 in
2344 1289 2446 1330 suo
2486 1272 2703 1343 tugurio
2739 1271 2887 1341 (nam
2931 1266 3169 1322 habebat
3205 1264 3499 1335 tugurium,
3538 1259 3645 1339 ubi

366 1359 490 1415 σθαι
538 1361 722 1424 αὐτὸν,
775 1359 975 1430 μᾶλλον
1001 1360 1058 1413 δὲ
1102 1359 1189 1413 διὰ
1220 1360 1283 1414 τὸ
1327 1362 1629 1431 ἀγρυπνεῖν
1652 1361 1816 1414 αὐτὸν
1843 1361 1944 1424 τὰς

2070 1366 2331 1431 lormiret,
2371 1380 2469 1419 seu
2510 1362 2842 1433 potiuscubi
2894 1358 3142 1429 vigilaret
3198 1354 3381 1425 noctu)
3434 1362 3635 1423 praeter

364 1453 588 1518 νύκτας,
619 1444 667 1505 ει
692 1450 767 1522 μὴ
797 1450 855 1504 ἓν
884 1451 1104 1520 φορτίον
1124 1451 1517 1523 κληματιδίων.
1551 1452 1820 1515 Πολλάκις
1851 1448 1946 1507 οὖν

2070 1473 2224 1513 mum
2257 1455 2459 1511 fascem
2494 1460 2917 1509 sarmentorum.
2954 1449 3164 1519 Saepius
3204 1448 3385 1516 itaque
3412 1454 3647 1529 noctem}

362 1542 462 1612 τὴν
484 1541 656 1595 νύκτα
686 1540 947 1594 διατελῶν
985 1543 1091 1605 ἓως
1124 1540 1269 1611 πρωῒ
1307 1544 1367 1597 ἐν
1412 1546 1690 1614 προσευχῇ
1713 1582 1728 1607 ,
1774 1545 1867 1597 καὶ
1887 1544 1949 1597 τὸ

2070 1551 2366 1621 producens
2396 1550 2452 1603 in
2484 1547 2735 1603 oratione
2771 1558 2948 1613 usque
2993 1542 3058 1596 ad
3100 1542 3301 1603 lucem,
3339 1545 3394 1592 et
3433 1548 3633 1591 terram

363 1631 556 1699 ἔδαφος
600 1629 809 1702 βρέχων
845 1632 959 1695 τοῖς
987 1630 1286 1702 δάκρυσιν,
1343 1633 1604 1704 ἐξήρχετο
1651 1632 1760 1687 ἀπὸ
1783 1632 1950 1704 πρωῒ,

2073 1642 2306 1713 acrymis
2349 1640 2555 1712 rigans,
2603 1636 2985 1708 egrediebatur
3034 1646 3217 1693 mane,
3253 1639 3306 1684 et
3349 1627 3649 1682 scindebat-

363 1725 455 1777 καὶ
484 1724 714 1778 ἔκοπτεν
741 1724 774 1796 ἢ
798 1725 906 1778 ἀπὸ
934 1724 1139 1789 ἐλαίας,
1164 1724 1198 1796 ἢ
1231 1726 1343 1780 άπὸ
1364 1724 1628 1795 βοτανῶν,
1661 1728 1754 1780 καὶ
1777 1727 1952 1780 ἐποίει

2070 1734 2142 1789 vel
2178 1749 2243 1787 ex
2277 1733 2393 1787 olea
2443 1730 2529 1784 vel
2559 1744 2624 1782 ex
2671 1727 2875 1791 herbis,
2921 1724 3157 1779 faciebat
3199 1721 3302 1775 sibi
3354 1728 3651 1786 coronam,‘

361 1814 540 1886 ἐαυτῷ
580 1816 880 1884 στέφανον,
936 1816 1034 1869 καὶ
1089 1818 1298 1888 ἐφόρει,
1359 1819 1454 1872 καὶ
1481 1820 1702 1889 ἐκράτει
1726 1819 1818 1871 ἐπὶ
1850 1819 1950 1888 τῆς

2070 1840 2219 1895 luam
2279 1822 2542 1894 gestabat,
2581 1819 2908 1886 tenebatque
2948 1830 3112 1868 manu
3137 1828 3236 1868 sua
3293 1824 3531 1874 ramum,
3580 1817 3638 1863 et

361 1906 545 1976 χειρὸς
574 1905 739 1959 αὐτοῦ
764 1906 860 1960 ἕνα
888 1907 1103 1971 κλάδον,
1131 1909 1226 1961 καὶ
1249 1908 1476 1977 ἔστησεν
1500 1908 1741 1980 κράζων,
1770 1910 1949 1980 Νίκην

2070 1915 2233 1971 stabat
2267 1913 2511 1966 clamans
2550 1932 2561 1966 :
2593 1908 2727 1981 Regi
2778 1923 2841 1962 ac
2885 1905 3095 1961 civitati
3133 1903 3390 1959 victoria!
3432 1901 3647 1956 Civita-

365 1997 576 2067 βασιλεῖ
603 1998 696 2053 καὶ
725 2001 791 2069 τῇ
830 1997 1006 2052 πόλει.
1045 1999 1275 2068 Ἔλεγεν
1305 2000 1384 2063 δὲ,
1419 2000 1575 2055 πόλιν
1602 2002 1700 2071 μὲν
1719 2002 1818 2071 τὴν
1842 2001 1946 2070 ψυ-

2074 2023 2158 2061 em
2184 2005 2406 2076 quidem
2431 2018 2550 2058 esse
2577 2002 2840 2066 animam,
2881 2013 3060 2069 regem
3088 2012 3219 2051 vero
3252 1994 3517 2049 rationem
3550 1992 3638 2047 di-

437 1186 538 1253 νη’.
571 1179 686 1234 Οὐκ
707 1180 971 1250 ἐκέκτητο
1004 1179 1061 1233 δὲ
1083 1170 1241 1245 οὗτος
1278 1182 1309 1236 ὁ
1335 1181 1499 1250 σοφὸς
1535 1181 1756 1252 ἀληθῶς
1782 1182 1840 1236 ἐν
1863 1182 1941 1251 τῷ

363 1269 607 1339 καλυϐίῳ
632 1268 797 1322 αὑτοῦ
818 1286 890 1323 τι.
921 1264 1083 1339 Εἷχεν
1111 1272 1223 1341 γὰρ
1247 1269 1494 1339 καλύὸην
1536 1270 1624 1324 διὰ
1651 1271 1712 1324 τὸ
1742 1271 1942 1341 κοιμᾶ-

363 2092 484 2162 χὴν,
524 2091 749 2163 βασιλέα
774 2092 833 2146 δὲ
868 2093 960 2146 τὸν
986 2094 1368 2166 αὐτοκράτορα
1417 2094 1530 2148 τῶν
1563 2095 1752 2150 παθῶν
1796 2095 1946 2163 λογι-

365 2182 522 2253 σμόν.
572 2182 682 2237 Καὶ
715 2182 874 2237 τοῦτο
921 2183 978 2237 δέ
1012 2184 1249 2255 ⁴ᾐτήσατο
1279 2185 1370 2238 τὸν
1402 2184 1535 2238 Θεὸν
1566 2187 1594 2239 ὁ
1643 2186 1819 2253 ἅγιος,
1862 2186 1949 2238 ἵνα

367 2273 445 2345 μὴ
476 2273 688 2348 αὐξήσῃ
712 2275 742 2344 ἡ
769 2274 914 2344 κόμη
969 2276 1070 2346 τῆς
1088 2275 1332 2346 κεφαλῆς
1357 2275 1547 2339 αὑτοῦ,
1574 2276 1722 2348 ἢτοῦ
1750 2276 1950 2346 πώγω-

365 2382 481 2427 νος,
523 2364 596 2436 μή
636 2381 754 2430 πως
791 2364 880 2419 διὰ
899 2366 993 2419 τοῦ
1024 2366 1287 2437 καρῆναι,
1332 2368 1570 2439 φανερὸς
1614 2367 1839 2440 γένηται
1868 2369 1951 2423 ὅτι

365 2456 558 2510 ἑαυτὸν
596 2460 742 2510 ποιεῖ
787 2457 969 2512 σαλόν.
1007 2457 1099 2511 Διὸ
1157 2459 1253 2511 καὶ
1288 2459 1464 2513 πάντα
1496 2458 1588 2513 τὸν
1636 2460 1844 2531 χρόνον,
1892 2459 1953 2514 ὃν

366 2545 670 2599 διετέλεσεν
694 2548 751 2600 ἐν
774 2549 841 2618 τῇ
873 2547 1100 2621 τοιαύτῃ
1120 2548 1386 2621 πολιτείᾳ,
1414 2550 1592 2614 οὐδεὶς
1619 2552 1781 2604 αὐτὸν
1806 2551 1954 2605 ἐθεά-

370 2654 522 2701 σατο,
551 2639 633 2691 ὅτι
667 2638 874 2710 ηὐξήθη
910 2643 942 2707 ἠ
978 2640 1124 2709 κόμη
1164 2640 1263 2710 τῆς
1306 2641 1550 2711 κεφαλῆς
1589 2642 1787 2708 αὐτοῦ,
1827 2642 1952 2696 οὔτε

367 2729 459 2780 ὅτε
478 2730 732 2798 ἐκείρατο
762 2730 951 2799 αὐτήν.
984 2730 1194 2801 Πολλὴν
1222 2726 1315 2785 οὖν
1341 2732 1435 2785 καὶ
1472 2733 1731 2803 ἐπωφελῆ
1761 2751 1955 2786 συντυ-

369 2821 495 2891 χίαν
537 2821 798 2886 πολλάκις
827 2823 1117 2893 συνέτυχεν
1171 2822 1250 2894 τῷ
1295 2822 1446 2894 κυρῷ
1485 2825 1712 2899 Ἰωάννῃ
1740 2827 1817 2897 τῷ
1841 2828 1957 2880 δια-

369 2914 515 2983 κόνῳ
552 2913 717 2983 μόνῳ,
751 2914 846 2967 καὶ
884 2914 1121 2985 ἠπείλει,
1151 2915 1233 2967 ὅτι
1276 2916 1325 2967 εί
1360 2913 1666 2985 φανερώσει
1713 2916 1824 2970 τισὶ
1864 2917 1957 2970 τὸν

368 3005 628 3076 ἐνάρετον
678 3006 881 3060 σκοπὸν
919 3007 1109 3073 αὐτοῦ,
1167 3006 1387 3079 βασάνῳ
1435 3006 1648 3080 μεγάλῃ
1695 3007 1838 3063 κατὰ
1866 3007 1959 3062 τὸν

373 3093 647 3166 μέλλοντα
674 3095 845 3149 αἰῶνα
876 3096 1186 3168 περιπέσοι.

444 3185 541 3240 νθθ.
580 3186 806 3256 Ἔλεγεν
843 3186 901 3240 δὲ
931 3187 1079 3258 αὑτῷ
1105 3190 1195 3241 ὅτε
1229 3189 1447 3243 ἅπαντα
1475 3189 1564 3243 τὸν
1603 3187 1798 3242 ἑαυτοῦ
1843 3187 1958 3259 βίον

369 3274 591 3351 ἐξεῖπεν
615 3276 784 3349 αὐτῷ,
811 3278 958 3331 τοῦτ’
988 3276 1137 3331 ἐστιν
1170 3279 1277 3349 πρὸ
1308 3280 1404 3333 δύο
1423 3278 1648 3351 ἡμερῶν
1678 3278 1773 3332 τοῦ
1796 3296 1961 3349 μετα-

2049 2074 2266 2162 ctitans,
2292 2111 2412 2166 quae
2435 2093 2616 2164 pravis
2645 2092 2813 2147 animi
2843 2090 3227 2145 aﬂ‘ectionibus
3261 2074 3634 2141 dominantur.

2051 2187 2286 2243 Petierat
2330 2195 2511 2240 autem
2556 2192 2783 2238 sanctus
2817 2197 2848 2236 a
2878 2182 3013 2247 Deo,
3065 2187 3125 2232 ut
3168 2193 3280 2232 non
3326 2178 3647 2232 crescerent

2053 2279 2235 2335 crines
2270 2278 2465 2348 capitis
2496 2276 2600 2341 sui,
2633 2283 2727 2330 aut
2759 2274 2960 2339 barba;
3008 2287 3080 2326 ne
3114 2272 3246 2327 dum
3290 2268 3637 2330 tonderetur,

2053 2370 2424 2425 innotesceret
2477 2383 2603 2423 eum
2630 2381 2689 2422 se
2724 2366 2949 2420 stultum
2986 2363 3264 2418 simulare.
3308 2361 3513 2415 Idcirco
3540 2374 3653 2428 per,

2054 2469 2226 2518 totum
2259 2471 2494 2531 tempus,
2524 2459 2668 2529 quod
2708 2459 2887 2528 exegit
2921 2457 2973 2511 in
3017 2454 3328 2526 huiusmodi
3370 2452 3493 2507 vita;
3550 2444 3654 2505 in-L

2056 2554 2269 2616 stituto,
2311 2566 2473 2607 nemo
2492 2550 2626 2605 vidit
2650 2563 2898 2603 crescere
2926 2561 3112 2602 comas
3139 2543 3334 2614 capitis
3360 2545 3504 2607 eius,
3537 2555 3640 2596 nec

2054 2647 2125 2701 ab
2153 2660 2219 2701 eo
2250 2644 2483 2700 tonderi.
2526 2642 2819 2712 Frequenti
2863 2640 3064 2711 pariter
3107 2645 3270 2706 atque
3314 2635 3430 2689 utili
3472 2633 3649 2688 solius

2056 2737 2265 2793 domini
2305 2736 2532 2792 Joannis
2567 2734 2782 2790 diaconi
2827 2729 3228 2787 consuetudine
3274 2727 3549 2791 utebatur,
3585 2732 3649 2782 et

2057 2826 2386 2888 minabatur,
2416 2823 2581 2893 quod,
2627 2823 2671 2877 si
2721 2820 2879 2874 alicui
2911 2817 3283 2872 manifestaret
3320 2826 3481 2868 suum
3532 2809 3647 2864 vir-

2060 2924 2177 2973 tute
2227 2922 2575 2986 praestantem
2614 2926 2861 2980 scopum,
2908 2909 2965 2962 in
3014 2919 3273 2978 magnum
3339 2902 3641 2958 cruciatum

2059 3008 2325 3065 incideret
2357 3006 2409 3061 in
2436 3004 2622 3059 futuro
2649 3002 2872 3058 saeculo.

2132 3186 2220 3242 59.
2262 3185 2607 3240 Dixitautem
2638 3183 2735 3246 illi,
2771 3182 2901 3238 dum
2945 3181 3090 3237 viam
3134 3178 3185 3234 ei
3219 3191 3439 3233 omnem
3478 3187 3653 3243 expo-

2064 3279 2193 3343 suit,
2222 3278 2276 3333 id
2302 3285 2386 3332 est
2418 3277 2586 3331 biduo
2634 3284 2927 3344 antequam
2958 3287 2990 3327 e
3020 3271 3128 3326 vita
3169 3267 3459 3326 excederet
3492 3285 3504 3319 :
3535 3264 3649 3319 llo-

372 3338 568 3437 στῆναι
600 3338 849 3422 αὑτὸνὲκ
885 3368 979 3422 τοῦ
1013 3368 1151 3440 βίου,
1178 3338 1259 3423 ὅτι
1276 3338 1527 3442 Σήμερον
1540 3338 1959 3440 ⁸ιῐιι-ιῆλθονλιιρὸς

2070 3370 2155 3425 die
2197 3369 2342 3424 adivi
2387 3368 2606 3422 fratrem
2645 3366 2934 3430 Joannem,
2970 3373 3027 3419 et
3054 3361 3240 3417 inveni
3285 3361 3461 3430 ipsum
3491 3357 3661 3412 valde.

368 3457 466 3510 τὸν
501 3457 732 3526 ἀδελφὺν
780 3458 1056 3526 Ἰωάννην,
1085 3460 1179 3512 καὶ
1202 3452 1363 3530 εὗρον
1396 3459 1560 3513 αὐτὸν
1588 3458 1676 3511 διά
1700 3457 1793 3510 τοῦ
1820 3457 1956 3510 Θεοῦ

372 3548 731 3621 προκόψαντα
762 3549 1033 3619 μεγάλως,
1060 3550 1154 3604 καὶ
1178 3550 1404 3622 ἐχάρην.
1447 3546 1604 3603 Εἶδον
1654 3549 1764 3619 γάρ
1794 3548 1959 3601 αὐτὴν

268 3690 275 3697 .
373 3639 647 3712 φοροῦντα
671 3640 762 3695 τὸν
794 3641 1055 3710 στέφανον
1081 3641 1245 3694 αὐτοῦ
1265 3682 1279 3706 ,
1317 3640 1413 3695 καὶ
1445 3640 1954 3710 ἐπιγεγραμμένον*

372 3730 651 3799 Στέφανος
678 3729 956 3801 ὑπομονῆς
1015 3730 1113 3801 τῆς
1146 3731 1375 3802 ἐρήμου.
1423 3731 1534 3784 Καὶ
1574 3730 1737 3783 πάλιν
1792 3730 1960 3801 φησὶν

373 3823 627 3885 ἐκεῖνοςό
654 3820 1046 3890 εὐλογημένοςο
1088 3815 1267 3885 Εἶδον,
1303 3819 1492 3889 φησὶν,
1514 3818 1589 3882 ὡς
1622 3814 1804 3890 ἦλθες,
1839 3818 1960 3872 τινὰ

373 3911 609 3980 λέγοντά
649 3926 773 3981 μοι·
816 3911 986 3974 Ἐλθὲ,
1019 3909 1162 3976 ἐλθὲ,
1204 3910 1358 3975 Σαλὲ,
1383 3910 1470 3963 ἵνα
1496 3909 1696 3984 κομίσῃ
1728 3909 1827 3978 οὐχ
1865 3908 1962 3962 ἕνα

376 4005 668 4071 στέφανον,
703 4002 837 4056 άλλά
864 4002 989 4065 τοὺς
1012 4002 1329 4071 στεφάνους,
1356 3994 1430 4056 ὧν
1460 4002 1845 4073 προσήνεγκάς
1871 4017 1961 4071 μοι

375 4094 590 4165 ψυχῶν.
625 4095 773 4165 Ἔχω
800 4093 880 4160 δὲ,
929 4092 1058 4163 κῦρι
1097 4093 1464 4164 ἀρχιδιάκονε,
1498 4093 1582 4146 ὅτι
1633 4092 1786 4146 οὐδὲν
1823 4088 1962 4146 εἶδεν

374 4186 463 4244 είς
496 4185 595 4256 ἐμέ
620 4203 670 4239 τι
696 4182 957 4250 τοιοῦτον,
990 4183 1129 4239 ἀλλὰ
1156 4184 1600 4255 προσεχαρίσατὸ
1645 4202 1757 4256 μοι.
1793 4184 1963 4249 Σαλὸς

374 4277 492 4349 γάρ
521 4281 613 4332 καὶ
647 4276 838 4348 ἔξηχος
872 4275 1156 4346 ἄνθρωπος
1189 4279 1341 4331 ποῖον
1382 4275 1572 4345 μισθὸν
1596 4275 1705 4346 ἔχω
1724 4276 1963 4347 κομίσα-

382 4367 510 4420 σθαι
537 4385 550 4428 ;
589 4366 758 4419 Πάλιν
779 4367 986 4429 ἐκεῖνος
1010 4382 1024 4397 ο
1056 4365 1301 4418 Δυσωπῶ
1336 4382 1417 4429 σε,
1443 4364 1534 4419 ἵνα
1552 4366 1734 4419 πᾶσαν
1760 4365 1961 4437 ψυχὴν,

382 4457 626 4529 μάλιστα
653 4458 709 4510 δὲ
750 4459 987 4527 μοναχὸν
1022 4455 1055 4527 ἢ
1089 4456 1324 4526 πτωχὸν,
1360 4456 1631 4529 μηδέποτε
1670 4456 1961 4521 ἐξουδενώ-

381 4564 509 4618 σῃς,
533 4549 607 4613 ὡς
656 4548 864 4619 ἔτυχεν.
898 4545 1051 4601 Οἶδεν
1102 4548 1210 4618 γὰρ
1248 4550 1281 4617 ἡ
1320 4548 1533 4618 ἀγάπη,
1572 4548 1655 4601 ὅτι
1694 4549 1833 4602 εἰσὶν
1883 4549 1965 4613 είς

372 4641 509 4702 τοὺς
535 4640 804 4709 πτωχοὺς,
834 4638 1069 4709 μάλιστα
1095 4638 1152 4691 δὲ
1185 4641 1265 4701 είς
1295 4638 1424 4699 τοὺς
1447 4638 1702 4707 τυφλοὺς,
1741 4638 1963 4709 «ἄνθρω-

374 4747 499 4795 ποι,
527 4731 602 4793 ὡς
623 4733 651 4784 ὀ
675 4730 825 4801 ἥλιος
855 4730 1119 4801 καθάρσει
1154 4727 1523 4798 καθαρθέντες
1566 4728 1653 4781 διὰ
1691 4729 1790 4800 τῆς
1830 4729 1964 4782 ὑπο-

379 4821 582 4894 μονῆς,
613 4824 709 4875 καὶ
733 4823 831 4892 τῆς
856 4820 1231 4883 κακοπαθείας
1277 4819 1479 4877 αὐτῶν.
1525 4819 1745 4881 Πόσους
1769 4821 1969 4891 ἐπιχω-

380 4912 540 4983 ρίους
566 4913 845 4984 γεωργοὺς
871 4913 980 4966 ῐδον
1012 4915 1069 4965 ἐν
1097 4914 1165 4983 τῇ
1187 4910 1342 4964 πόλει
1366 4910 1624 4974 πολλάκις
1652 4911 1971 4982 εἰσερχομέ-

373 5021 513 5067 νους
545 5003 898 5075 κοινωνῆσαι,
932 5004 1025 5056 καὶ
1063 5003 1221 5065 ὂντας
1251 5000 1675 5073 καθαρωτέρους
1700 5000 1795 5055 τοῦ
1827 5018 1969 5072 χρυ-

373 5092 530 5157 σίου,
560 5091 650 5144 διὰ
700 5091 764 5144 τὸ
812 5091 1020 5146 ἄκακον
1059 5089 1243 5144 αὐτῶν
1270 5090 1362 5143 καὶ
1382 5091 1733 5161 ἀπερίεργον,
1759 5076 1852 5144 καὶ
1881 5090 1972 5145 διὰ

366 5181 448 5235 τὸ
474 5181 533 5233 ὲν
562 5181 748 5252 ἱδρῶτι
780 5181 873 5235 τοῦ
900 5179 1194 5254 προσώπου
1231 5180 1411 5234 αὐτῶν
1430 5177 1635 5233 ἐσθίειν
1660 5181 1751 5236 τὸν
1773 5184 1971 5237 οἰκεῖον

368 5273 572 5343 ἄρτονὶ

463 5365 527 5431 ξ’.
571 5366 732 5420 Ἀλλὰ
763 5366 933 5436 μηδέν
970 5383 1037 5436 με
1067 5365 1161 5419 ἐπὶ
1198 5367 1314 5428 τοῖς
1339 5364 1653 5435 λεγομένοις
1697 5365 1835 5435 πρὸς
1890 5366 1973 5432 σὲ,

373 5457 649 5518 δέσποτα,
676 5456 991 5528 ἑπιμὲμψῃ,
1015 5455 1107 5509 διὰ
1127 5457 1189 5508 τὸ
1203 5456 1331 5525 ὃλην
1347 5454 1612 5524 ἀμέλειαν
1636 5453 1730 5506 τοῦ
1753 5455 1973 5526 οἰκτροῦ

382 5565 497 5621 μου
531 5546 645 5617 βίου
677 5546 912 5611 ἐξειπεῖν
937 5563 1038 5599 σοι.
1067 5546 1311 5598 Γίνωσκε
1349 5544 1406 5597 δὲ
1438 5543 1519 5597 ὅτι
1568 5544 1662 5596 καὶ
1695 5543 1755 5596 σὲ
1797 5546 1825 5598 ό
1858 5544 1974 5598 Κύ-

386 5656 512 5711 ριος
535 5639 623 5693 διὰ
654 5638 851 5711 τάχους
873 5637 1376 5710 προσλαμϐάνεται.
1407 5633 1549 5688 Ἀλλ’
1583 5634 1685 5706 ὅση
1716 5652 1797 5689 σοι
1822 5637 1959 5709 ἰσχὺς

2078 5650 2209 5712 tem,
2242 5645 2389 5715 quod
2428 5644 2693 5700 Dominus
2740 5656 2790 5700 te
2819 5661 3037 5715 quoque
3076 5646 3228 5701 brevi
3275 5653 3673 5716 assumpturus

2000 4692 2047 4747 Β

2066 3474 2165 3530 per
2206 3459 2378 3512 Deum
2422 3455 2742 3527 profecisse,
2791 3463 2848 3508 et
2893 3453 3111 3524 gavisus
3154 3466 3298 3505 sum.
3331 3450 3452 3505 Vidi
3499 3449 3646 3504 enim

2067 3558 2183 3603 tum
2213 3558 2424 3619 gestare
2467 3560 2726 3601 coronam
2769 3559 2946 3610 suam,
2979 3542 3068 3597 cui
3113 3549 3233 3596 erat
3272 3540 3594 3609 inscriptum
3630 3556 3644 3592 :

2067 3639 2279 3693 Corona
2319 3636 2622 3691 tolerantia:
2654 3635 2711 3689 in
2760 3633 3072 3690 solitudine.
3106 3632 3185 3685 Ac
3215 3646 3431 3685 rursum
3477 3630 3647 3684 bene-

2068 3727 2248 3782 dictus
2272 3727 2361 3781 ille
2389 3726 2473 3782 vir
2510 3744 2524 3781 :
2560 3725 2703 3791 Vidi,
2732 3724 2930 3795 inquit,
2957 3724 3219 3794 aliquem,
3250 3723 3366 3793 qui,
3391 3723 3520 3777 dum
3552 3722 3655 3776 ad-

2068 3822 2286 3886 venisti.
2312 3823 2447 3878 mihi
2479 3823 2685 3878 diceret
2724 3838 2738 3875 :
2776 3820 2934 3886 Veni,
2964 3820 3088 3875 veni
3120 3819 3264 3881 Sale,
3311 3829 3370 3874 ut
3416 3817 3663 3889 accipias

2067 3928 2179 3968 non
2212 3927 2473 3967 coronam
2506 3928 2691 3976 unam,
2738 3912 2835 3967 sed
2885 3926 3119 3967 coronas
3151 3911 3481 3973 animarum,
3514 3925 3652 3979 quas

2069 4005 2203 4059 mihi
2244 4005 2508 4060 obtulisti.
2538 4003 2870 4079 Persuasum
2913 4018 3044 4057 vero
3072 4002 3269 4068 habeo,
3313 4001 3533 4057 domine
3564 4017 3652 4054 ar-

2070 4097 2410 4161 chidiacone,
2439 4110 2563 4150 eum
2593 4095 2730 4149 nihil
2758 4095 2865 4149 tale
2892 4094 2948 4148 in
2975 4109 3063 4150 me
3094 4094 3317 4159 vidisse,
3361 4093 3456 4148 sed
3486 4093 3653 4165 grati-

2072 4188 2389 4246 ﬁcari.mihi
2426 4187 2682 4243 voluisse.
2723 4186 2984 4253 Quaenam
3026 4185 3173 4241 enim
3207 4201 3421 4241 merces
3465 4194 3654 4239 manet

2072 4282 2349 4336 hominem
2377 4279 2588 4335 fatuum
2612 4287 2669 4334 et
2696 4287 2890 4334 emotae
2922 4279 3166 4334 mentis?
3197 4277 3462 4349 Pergcbat
3524 4277 3613 4331 il-le
3640 4299 3651 4331 :

2072 4372 2312 4430 Obsecro
2338 4382 2409 4440 te,
2445 4389 2516 4428 ne
2555 4374 2664 4428 ulla
2695 4373 2898 4438 anima,
2940 4372 3179 4426 maxime
3233 4378 3415 4426 autem
3462 4385 3655 4423 mona-

2072 4464 2210 4519 chus
2237 4464 2323 4517 vel
2354 4478 2584 4534 pauper,
2624 4478 2865 4533 unquam
2919 4462 3017 4518 tibi
3060 4462 3308 4527 vilescat,
3344 4466 3508 4531 prout
3541 4460 3655 4529 (90)

2072 4556 2315 4627 contigit.
2345 4556 2505 4612 Novit
2539 4557 2689 4612 enim
2716 4556 2961 4612 Charitas
2984 4556 3129 4627 quod
3162 4555 3304 4609 inter
3352 4567 3657 4624 pauperes,

2074 4664 2137 4703 ac
2162 4650 2464 4719 praesertim
2488 4649 2629 4703 inter
2657 4664 2851 4712 caecos,
2878 4648 3231 4702 inveniantur
3254 4646 3526 4710 homines,
3562 4646 3653 4714 qui

2065 4741 2248 4809 instar
2276 4741 2427 4807 solis,
2459 4742 2783 4813 purgatione
2807 4740 3020 4811 purgati
3053 4748 3181 4794 sunt
3211 4755 3309 4808 per
3338 4738 3654 4808 patientiam

2075 4843 2131 4888 et
2182 4848 2476 4888 mrummas
2517 4849 2664 4889 suas.
2722 4832 2868 4898 Quot
2922 4831 3156 4887 rusticos
3202 4828 3467 4901 agricolas
3512 4844 3657 4898 saepe

2076 4922 2188 4979 vidi
2220 4922 2592 4995 ingredientes
2621 4924 2924 4989 civitatem,
2962 4932 3021 4978 ut
3059 4919 3311 4995 [ibidem]
3349 4920 3663 5019 communi;

2075 5022 2284 5081 carent,
2318 5015 2409 5085 qui
2441 5015 2691 5085 puriores
2731 5023 2890 5070 erant
2924 5031 3082 5081 auro,
3137 5015 3264 5085 quia
3311 5013 3547 5068 innocue
3575 5012 3657 5065 vi-‘

2076 5105 2299 5171 vebant,
2340 5114 2393 5160 et
2418 5106 2546 5176 quia
2579 5121 2773 5176 panem
2806 5121 2966 5162 suum
3008 5106 3064 5161 in
3103 5105 3304 5161 sudore
3343 5104 3529 5158 vultus
3570 5103 3655 5157 sui

2076 5195 2461 5252 comedebant.

2150 5369 2240 5425 60.
2283 5370 2393 5427 Sed
2435 5387 2506 5427 ne
2544 5382 2769 5442 propter
2799 5384 2883 5437 ea,
2913 5387 3033 5441 quae
3072 5371 3218 5440 apud
3251 5379 3303 5426 te
3332 5370 3477 5425 dicta
3508 5377 3657 5432 sunt,
3694 5346 3703 5362 δ

2079 5462 2330 5528 Domine,
2360 5479 2450 5519 me
2479 5463 2876 5533 reprehendas;
2921 5463 3125 5518 etenim
3180 5462 3408 5533 exposui
3439 5476 3661 5515 onmem

2077 5552 2411 5607 miserabilis
2444 5552 2573 5607 vitae
2603 5569 2739 5607 meae
2783 5554 3197 5624 negligentiam.
3241 5552 3524 5626 Cognosce
3570 5566 3671 5605 aue

1905 5780 2138 5842 ΝΟΤΑΞ.

465 5846 580 5914 (90)
612 5846 699 5903 Uti
728 5857 1005 5902 narratum
1041 5846 1287 5902 invenies
1317 5846 1497 5916 capite
1529 5845 1580 5901 7.

3795 0 3976 39 “‘3'—
