3976 6102
444 211 586 279 1743

1457 214 1770 296 LEONTII
1798 217 2314 278 NEAPOLITANI
2342 210 2685 278 EPISCOPI

3582 216 3717 280 17M

441 330 532 383 sit.
565 323 694 391 Sed,
725 333 990 396 quantum
1017 328 1168 384 vales
1210 344 1274 385 ac
1308 338 1488 399 potes,
1517 344 1708 385 curam
1748 342 1878 397 gere
1913 326 2037 381 ani-

2158 328 2238 383 cal
2261 328 2517 400 δύναμις,
2551 329 2838 400 φρόντισον
2864 325 2969 396 τῆς
3001 324 3215 389 οἰκείας
3258 342 3355 379 σου
3397 325 3601 397 ψυχῆς,
3633 327 3720 381 [va

440 435 546 476 ma:
567 430 695 485 tuae,
729 430 790 476 ut
818 436 915 491 per
947 421 1225 492 principes
1268 423 1622 477 tenebrarum
1671 421 1838 491 hujus
1867 422 2032 486 aeris,

441 512 676 583 periculi
698 528 898 582 expers
933 514 1168 569 transire
1195 516 1396 584 possis.
1428 515 1546 569 Scit
1585 514 1735 570 enim
1766 514 2035 569 Dominus

442 623 640 674 magna
666 621 755 661 me
781 607 1150 663 sollicitudine
1180 617 1236 662 et
1281 608 1480 663 timore
1513 608 1678 673 allici,
1725 608 1903 663 donec
1945 623 2036 661 se-

445 710 613 752 curus
656 699 725 752 ab
787 699 920 768 ipsis
980 701 1348 769 requiescam.
1410 700 1536 753 llaec
1586 700 1734 754 enim
1784 707 1869 753 est
1920 698 2037 754 dies

446 792 610 858 mala,
657 793 725 848 de
760 808 866 863 qua
904 792 1259 862 Apostolus"
1299 802 1354 847 et
1388 793 1554 848 David
1581 794 1626 825 ³⁸
1666 793 1836 848 locuti
1883 800 2034 848 sunt.

445 881 574 937 Ideo
600 899 731 955 rogo
758 892 833 951 te,
871 884 946 939 [lli
987 901 1052 940 ac
1102 886 1268 941 frater
1316 885 1573 955 Joannes,
1625 896 1828 957 quanta
1879 896 2037 958 potes

444 976 823 1037 contentione,
869 976 1303 1033 misericordiam
1338 994 1569 1046 exerce;
1613 979 1732 1035 hac
1775 993 1879 1034 nos
1907 987 2040 1033 tunc

442 1065 644 1135 juverit
686 1065 811 1135 plus
864 1083 1029 1136 quam
1091 1083 1284 1122 omnes
1330 1070 1581 1123 virtutes.
1644 1068 1786 1123 Dicit
1837 1069 2035 1124 enim:

453 1176 472 1206 ‹
511 1157 709 1211 Βροιυε
730 1157 821 1227 qui
856 1158 1111 1229 intelligit
1152 1174 1317 1232 super
1345 1176 1578 1231 egenum
1613 1169 1667 1215 et
1700 1176 2034 1231 pauperem;

447 1245 504 1299 in
528 1246 616 1301 die
637 1248 776 1301 mala
806 1248 1058 1304 liberabit
1088 1265 1211 1304 eum
1238 1249 1503 1305 Dominus
1521 1250 1601 1317 ¹⁶;
1626 1269 1646 1302 ι
1676 1260 1731 1306 et
1756 1266 2038 1321 nunquam

448 1336 673 1393 assistas
701 1341 879 1406 altari,
915 1341 1123 1397 habens
1151 1344 1354 1413 aliquid
1373 1344 1660 1398 adversum
1687 1344 1948 1415 aliquem,
1970 1359 2041 1400 ne

448 1428 590 1484 forte
620 1431 877 1501 iniquitas
906 1441 996 1486 tua
1037 1434 1174 1489 alios
1207 1436 1373 1489 etiam
1417 1436 1671 1508 indignos
1711 1437 1905 1492 reddat
1941 1437 2039 1492 ad-

447 1530 619 1575 ventu
647 1523 885 1593 Spiritus
914 1525 1116 1580 sancti.

2135 424 2488 495 ἀχειμάστως
2536 423 2664 485 τοὺς
2717 420 3173 493 κοσμοκράτορας
3214 417 3312 472 τοῦ
3368 418 3598 482 σκότους
3627 420 3720 474 τοῦ

2136 517 2299 587 ἀέρος
2320 516 2511 569 τούτου
2533 514 2865 586 διαπερᾶσαι
2883 512 3138 584 δυνηθῇς.
3164 506 3321 565 Οἶδεν
3337 511 3450 584 γὰρ
3475 515 3504 567 6
3522 511 3724 583 Κύριος

2135 611 2217 664 ὅτι
2245 611 2450 681 πολλὴν
2482 609 2753 681 μέριμναν
2791 608 2889 662 καὶ
2916 606 3080 676 φόϐον
3126 604 3234 677 ἔχω
3256 647 3273 673 ,
3311 604 3420 669 ἕως
3443 599 3508 660 οὗ
3532 607 3726 677 ἀμερι-

2142 703 2332 774 μνήσω
2362 700 2423 767 ἐξ
2451 702 2650 756 αὐτῶν.
2679 700 2829 770 Αὕτη
2862 699 2971 770 γάρ
3010 699 3127 751 ἐστι
3174 697 3366 768 ἡμέρα
3404 698 3439 768 ἡ
3489 697 3722 767 πονηρά,

2137 796 2269 867 *πτερλ⁵
2289 791 2359 866 ἦς
2390 795 2420 847 6
2448 793 2798 857 Ἀπόστολος,
2826 791 2923 846 καὶ
2947 792 2976 844 6
3003 788 3170 842 Δαυτδ
3210 784 3389 844 εἶπεν.
3426 789 3522 842 Διὸ
3552 807 3727 859 παρα-

2139 887 2291 943 καλῶ
2324 906 2406 954 σε,
2442 886 2633 940 τέκνον
2663 886 2757 939 καὶ
2789 883 2989 953 ἀδελφὲ
3016 882 3263 955 Ἰωάννη,
3302 880 3455 954 πάσῃ
3506 898 3603 935 σου
3636 882 3725 934 δυ-

2138 980 2321 1051 νάμει,
2353 981 2402 1033 εί
2426 978 2576 1032 ἔστιν
2606 975 2820 1040 δεκτδν,
2870 975 3047 1039 ἐλέει,
3086 976 3181 1029 καὶ
3211 975 3315 1038 τάς
3373 973 3517 1043 ὑπὲρ
3546 973 3727 1037 πάσας

2137 1069 2340 1142 ἀρετὰς
2386 1066 2556 1139 βοηθῇ
2600 1068 2736 1137 ἡμῖν
2770 1064 2917 1118 τότε.
2955 1062 3123 1133 Φησὶν
3150 1060 3282 1133 γὰρ,
3319 1078 3341 1111 ι
3386 1059 3728 1129 Μακάριοςό

2142 1159 2341 1215 συνιὼν
2392 1158 2487 1212 ἐπὶ
2546 1157 2765 1228 πτωχὸν
2808 1155 2903 1210 καὶ
2936 1153 3169 1225 πένητα,
3192 1154 3261 1206 tv
3293 1150 3483 1223 ἡμέρᾳ
3518 1151 3727 1221 πονηρᾷ

2143 1251 2366 1323 ῥύσεται
2383 1248 2546 1305 αὐτὸν
2570 1249 2599 1301 6
2624 1247 2852 1317 Κύριοςο
2877 1264 2897 1298 ι
2921 1245 3014 1300 καὶ
3037 1244 3307 1315 μηδέποτε
3338 1241 3419 1312 τῷ
3465 1240 3612 1312 ἀγίῳ
3643 1240 3725 1293 θυ-

2143 1343 2443 1416 σιαστηρίῳ
2478 1343 2762 1413 παραστῇ,
2791 1339 2933 1409 ἔχων
2972 1337 3118 1392 κατά
3142 1352 3308 1399 τινος,
3354 1334 3429 1405 μή
3458 1350 3581 1395 πως
3602 1333 3636 1401 ἠ
3665 1332 3726 1402 σὴ

2141 1433 2341 1505 ἀνομία
2397 1430 2650 1496 ἀναξίους
2701 1433 2906 1501 ποιήσῃ
2938 1428 3037 1482 καὶ
3084 1425 3281 1489 ἄλλους
3309 1423 3412 1494 τῆς
3440 1421 3727 1491 ἐπιφοιτήο

2143 1542 2284 1589 σεως
2329 1522 2425 1578 τοῦ
2460 1523 2618 1593 ἁγίου
2641 1520 2985 1592 Πνεύματος.

521 1635 613 1689 Gl.
656 1635 783 1690 Haec
813 1646 869 1691 et
923 1639 1077 1707 plura
1122 1640 1224 1694 alia
1273 1641 1600 1707 enuntiavit,
1640 1651 1694 1696 et
1731 1642 2037 1712 prohibuit,

2216 1640 2318 1707 ξαθ.
2355 1639 2541 1695 Ταῦτα
2578 1638 2674 1693 καὶ
2700 1636 2835 1691 ἄλλα
2856 1636 2913 1689 δὲ
2940 1634 3171 1688 πλεῖστα
3214 1629 3597 1704 παρήγγειλεν
3635 1626 3729 1728 aio-

449 1742 523 1781 ne
556 1727 735 1796 aliqua
767 1745 833 1782 ex
863 1730 930 1783 iis
978 1746 1217 1800 unquam
1243 1734 1499 1803 cuiquam
1531 1734 1756 1797 diceret,
1786 1744 2041 1805 propter-

451 1833 519 1872 ea
564 1818 711 1887 quod
756 1836 867 1874 non
912 1835 1104 1874 omnes
1153 1822 1428 1892 accipiant
1466 1839 1589 1878 cum
1640 1824 1748 1879 [ide
1796 1825 1884 1879 illa
1920 1840 2041 1894 quae

451 1910 733 1964 dicuntur.
784 1911 899 1967 Hoc
949 1913 1042 1967 tibi
1084 1913 1157 1968 sit
1203 1915 1418 1980 solatio,
1486 1916 1629 1986 quod
1678 1926 1805 1987 post
1874 1918 2042 1972 hosce

453 2012 566 2056 trcs
600 2003 718 2058 dies
750 2002 1014 2059 Dominus
1036 2016 1421 2078 assumpturus
1456 2009 1528 2063 sit
1569 2008 1861 2063 minimum
1892 2009 2043 2064 hunc

452 2095 661 2163 Saltim,
689 2105 743 2151 et
770 2096 1055 2153 dominum
1081 2098 1378 2161 Joannem.
1409 2099 1631 2155 fratrem
1655 2100 1794 2170 ejus.
1825 2099 2043 2156 Etenim

454 2205 556 2260 ego
585 2190 700 2259 ipse
722 2191 1032 2256 discedens,
1053 2192 1162 2247 dixi
1193 2193 1241 2247 ei
1267 2193 1595 2258 :Adesdum,
1620 2193 1808 2259 frater,
1827 2194 2057 2251 eamus.

455 2277 696 2350 Tempus
729 2282 1029 2336 etiamnum
1057 2291 1344 2353 superest;
1386 2283 1480 2339 sed
1514 2293 1638 2354 post
1662 2285 1891 2340 biduum
1916 2286 2043 2341 veni

455 2368 524 2421 ad
567 2367 840 2437 tugurium
874 2385 1078 2435 meum,
1124 2381 1180 2425 et
1220 2370 1340 2425 vide
1368 2387 1435 2426 an
1475 2372 1681 2442 aliquid
1720 2372 2045 2429 inventurus

456 2458 553 2512 sis.
584 2458 718 2513 V'olo
740 2470 923 2514 autem
956 2473 1014 2513 ιιι
1049 2460 1254 2516 habeas
1291 2478 1688 2533 mnemosynon
1719 2464 1943 2520 humilis
1990 2472 2047 2519 et

460 2548 760 2615 peccatoris
790 2547 919 2602 Sall.
947 2548 1072 2605 llaec
1106 2559 1160 2605 et
1181 2551 1335 2621 plura
1378 2552 1481 2623 ipsi
1513 2553 1731 2619 effatus,
1764 2554 2043 2619 discessit,

459 2649 516 2693 et
543 2641 595 2693 in
630 2641 907 2711 tugurium
944 2657 1104 2697 suum
1139 2658 1199 2698 se
1235 2644 1465 2700 abdidit.
1507 2646 1664 2701 Nunc
1688 2656 1870 2702 autem
1905 2657 2046 2703 tem-

463 2746 565 2799 pus
586 2741 760 2794 vocat,
789 2748 823 2786 ο
851 2733 1035 2799 amici,
1068 2743 1128 2788 ut
1150 2735 1271 2805 ejus
1303 2752 1523 2807 quoque
1546 2748 1778 2795 mortem
1808 2742 2048 2797 admira-

464 2825 612 2879 tione
645 2825 1043 2896 dignissimam,
1070 2843 1168 2882 seu
1197 2843 1453 2883 somnum
1476 2831 1659 2900 potius
1693 2833 1848 2887 vobis
1877 2850 2047 2904 expo-

463 2933 613 2971 nam.
656 2916 782 2971 Haec
825 2918 973 2973 enim
1022 2935 1134 2974 non
1179 2920 1352 2974 levem
1399 2920 1564 2976 etiam
1597 2923 1752 2978 vobis
1786 2925 2050 2994 praebebit

2147 1734 2246 1806 τῷ,
2277 1734 2337 1799 ἐξ
2363 1726 2438 1787 ὧν
2469 1750 2591 1786 τινα
2624 1734 2761 1804 μήτε
2798 1731 2976 1784 εἰπεῖν
3026 1727 3169 1781 αὐτά
3197 1726 3329 1781 ποτέ
3366 1742 3473 1778 τινι
3502 1720 3729 1793 παρεκέι

2147 1826 2340 1880 λευσεν
2371 1825 2462 1880 διὰ
2486 1825 2547 1878 τὸ
2577 1824 2653 1895 μὴ
2682 1824 2889 1886 πάντας
2923 1819 3061 1893 μετά
3096 1819 3336 1881 πίστεως
3376 1813 3635 1886 δέχεσθαι
3671 1812 3735 1866 τά

2148 1918 2441 1989 λεγόμενα.
2498 1913 2896 1987 Παρακλήθητι
2943 1912 3021 1976 δὲ,
3057 1910 3247 1979 ἐπειδὴ
3300 1907 3391 1961 διὰ
3430 1907 3542 1959 τῶν
3570 1902 3733 1973 τριῶν

2149 2014 2355 2069 τούτων
2379 2011 2603 2085 ἡμερῶν
2636 2007 3121 2083 προσλαμϐάνεται
3150 2006 3179 2058 6
3201 2005 3408 2075 Κύριος
3440 1999 3537 2053 τὸν
3575 1996 3736 2051 Σαλὺν

2149 2106 2244 2160 τὸν
2280 2105 2584 2175 ἐλάχιστον,
2626 2102 2719 2156 καὶ
2753 2100 2844 2155 τὸν
2875 2098 3035 2171 κῦριν
3084 2097 3342 2166 Ἰωάννην
3378 2093 3474 2147 τὸν
3513 2088 3736 2160 ἀδελφὸν

2152 2197 2341 2254 αὐτοῦ.
2374 2196 2485 2250 Kal
2514 2195 2625 2266 γὰρ
2647 2191 2758 2263 ἐγὼ
2781 2192 2945 2255 αὐτὸς
2982 2187 3239 2244 ἀπελθὼν
3266 2182 3425 2240 εἶπον
3453 2182 3630 2252 αὐτῷ,
3661 2181 3738 2233 ὅτι

2165 2289 2408 2360 Ἀδελφὲ,
2442 2287 2636 2359 δεῦρο,
2669 2288 2915 2357 ἄγωμεν.
2945 2283 3151 2354 Καιρός
3178 2282 3294 2335 ἐστι
3345 2277 3561 2341 λοιπὸν,
3610 2270 3739 2328 ἀλλὰ

2157 2383 2298 2454 μετά
2326 2380 2420 2435 δύο
2443 2381 2655 2454 ἡμέρας
2678 2378 2801 2433 ὲλθὲ
2820 2381 2900 2442 είς
2919 2377 2980 2431 τὸ
3002 2373 3261 2431 καλύὸιόν
3292 2390 3417 2445 μου,
3446 2371 3547 2425 καὶ
3578 2367 3740 2438 βλέπε

2154 2476 2207 2530 εί
2236 2491 2287 2528 τι
2308 2475 2605 2545 εὑρίσκεις.
2645 2470 2797 2525 Θέλω
2831 2468 2919 2523 ἵνα
2946 2468 3078 2540 ἔχῃς
3129 2464 3475 2537 μνημόσυνον
3520 2459 3618 2512 τοῦ
3645 2472 3738 2510 τα·-

2156 2568 2343 2625 πεινοῦ
2373 2568 2469 2621 καὶ
2485 2562 2815 2637 ἀμαρτωλοῦ
2842 2560 3038 2616 Σαλοῦ.
3066 2559 3179 2613 Kal
3193 2556 3370 2610 ταῦτα
3396 2553 3492 2608 καὶ
3524 2551 3741 2604 πλείονα

2153 2663 2365 2717 τούτων
2389 2659 2558 2714 εἰπὼν
2588 2657 2757 2729 αὐτῷ,
2782 2652 3056 2720 ἀπελθὼν,
3081 2649 3427 2705 συνέστειλεν
3456 2645 3655 2698 ἑαυτὸν
3688 2642 3741 2694 ὲν

2153 2754 2234 2825 τῷ
2267 2752 2511 2823 καλυϐίῳ
2539 2747 2729 2805 αὐτοῦ.
2756 2747 2894 2801 Νυνὶ
2932 2744 2989 2798 δὲ
3038 2741 3231 2813 καιρὸς
3282 2738 3461 2801 καλεῖ,
3497 2729 3546 2788 ὦ
3581 2733 3741 2825 φίλοι,

2157 2823 2257 2903 κάι
2278 2848 2372 2902 τὸν
2406 2841 2852 2913 ἀξιοθαύμαστον
2898 2834 3064 2891 αὐτοῦ
3119 2833 3354 2886 θάνατον
3376 2867 3391 2892 ,
3447 2825 3656 2897 μᾶλλον
3690 2823 3743 2877 δὲ

2159 2941 2354 3006 ὕπνον,
2382 2938 2513 3008 ὑμῖν
2542 2929 2928 3004 διηγήσασθαι.
2966 2925 3078 2980 Kal
3116 2922 3225 2992 γάρ
3278 2922 3428 2974 ἐστιν
3461 2916 3562 2971 καὶ⁵
3589 2914 3744 3008 αὐτὸς

465 3010 780 3064 utilitatem.
816 3009 1095 3077 Quinimo,
1137 3011 1191 3065 id
1236 3012 1382 3081 quod
1425 3014 1700 3078 omnibus,
1751 3030 1873 3085 quae
1902 3032 2046 3087 prae-

2158 3036 2210 3089 οὐ
2261 3032 2364 3103 τὴν
2420 3005 2691 3099 τυχοῦσαν
2750 3015 3011 3092 παρέχων
3047 3015 3350 3085 ὠφέλειαν,
3384 3008 3524 3103 ἀλλά
3549 3024 3611 3060 τε
3657 3005 3742 3103 καί

466 3103 607 3158 dicta
638 3111 787 3169 sunt,
813 3112 897 3157 cst
923 3103 1301 3168 excellentius,
1335 3104 1429 3158 illa
1473 3106 1709 3177 sigillum
1741 3109 1949 3163 exstitit
1998 3118 2051 3165 et

466 3194 808 3249 confirmatio
862 3194 1197 3249 intaminatre
1246 3198 1686 3253 conversationis
1725 3200 1866 3271 ejus.
1913 3201 2051 3257 Dum

468 3286 614 3340 enim
638 3287 720 3341 vir
745 3303 974 3358 magnus
990 3288 1222 3343 sentiret
1246 3303 1592 3345 communem
1617 3293 1810 3347 adesse
1836 3293 2053 3361 horam,

469 3388 523 3431 et
552 3394 625 3431 ne
653 3368 772 3447 post
810 3389 1041 3433 mortem
1062 3380 1283 3449 quidem
1315 3380 1479 3435 vellet
1516 3380 1818 3438 humanum
1846 3383 2056 3441 referre

471 3468 757 3529 honorem.
792 3470 920 3539 quid
959 3469 1127 3525 facit?
1163 3462 1443 3542 Ingressus
1484 3474 1673 3529 subter
1700 3473 1904 3531 fascem
1933 3491 2056 3530 sar-

470 3570 813 3626 mentorum,
838 3562 928 3631 qui
978 3563 1031 3616 in
1079 3578 1241 3618 sacro
1276 3564 1395 3634 ejus
1423 3565 1641 3635 tugurio
1680 3574 1819 3633 erat,
1854 3568 2057 3625 ibidem

471 3654 843 3717 obdormiens,
871 3654 1128 3725 spiritum
1151 3672 1312 3711 suum
1344 3657 1578 3713 Domino
1603 3659 1659 3713 in
1695 3676 1830 3731 pace
1867 3662 2059 3717 reddi-

473 3745 576 3799 dit.
599 3745 916 3801 Familiares
937 3748 1074 3818 ejus,
1109 3748 1202 3819 qui
1228 3764 1258 3803 a
1278 3748 1444 3805 biduo
1468 3750 1619 3805 illum
1648 3766 1759 3807 non
1785 3753 2056 3821 viderant,

474 3835 704 3891 dicunt:
731 3837 959 3903 Eamus,
987 3839 1291 3907 videamus,
1331 3856 1463 3895 num
1517 3841 1661 3899 forte
1696 3842 1950 3901 inﬁrmus
1990 3845 2063 3900 sit

475 3927 655 3982 Salus.
690 3926 753 3983 Et
784 3929 1114 3992 invenerunt
1143 3946 1271 3985 eum
1313 3931 1587 4002 jacentem
1634 3934 1827 3989 subter
1854 3933 2059 3992 fascem

476 4018 899 4087 sarmentorum,
931 4031 1227 4078 mortuum.
1265 4023 1403 4079 Tum
1425 4025 1654 4081 dicunt:
1687 4027 1769 4081 An
1792 4029 1903 4098 jam
1938 4044 2062 4086 cre-

476 4114 611 4168 dent
638 4129 850 4181 omnes,
882 4116 1027 4185 quod
1057 4116 1258 4171 mentis
1285 4132 1509 4187 compos
1535 4119 1641 4173 iste
1665 4118 1870 4174 fuerit?
1899 4121 2061 4188 Ecce,

477 4204 594 4274 ipsa
636 4205 797 4260 etiam
843 4207 965 4275 ejus
1005 4223 1156 4263 mors
1191 4208 1260 4263 ad
1298 4209 1534 4264 scalmos
1578 4208 1688 4281 (9|)
1725 4220 1831 4267 est.
1865 4214 1931 4268 Et
1955 4214 2064 4271 duo

476 4294 700 4362 quidam
737 4294 980 4349 tulerunt
1008 4311 1131 4351 eum
1183 4313 1294 4351 non
1337 4298 1532 4363 lotum,
1572 4300 1691 4355 sine
1737 4303 2062 4372 psalmodia,

2162 3096 2384 3180 πάντων
2417 3096 2526 3173 τῶν
2558 3111 2971 3188 προειρημένων
3012 3103 3462 3177 ὲξαιρετώτερον,
3485 3102 3638 3161 ὅστις
3658 3096 3744 3149 καὶ

2164 3214 2404 3288 σφραγὶς
2451 3210 2547 3266 καὶ
2591 3206 2883 3279 βεϐαίωσις
2924 3204 3024 3273 τῆς
3055 3190 3563 3288 ἀμολὺντουᾷαὐτοῖι
3600 3188 3745 3243 πολι.

2161 3282 2698 3373 τείαςνκαθέστηκεν.
2735 3295 3067 3364 Αἱσθόμενος
3105 3290 3215 3361 γὰρ
3244 3290 3273 3343 6
3306 3286 3484 3358 μέγας
3509 3282 3611 3353 τὴν
3639 3297 3748 3335 κοι-

2163 3402 2262 3472 νὴν
2290 3398 2463 3470 ὥραν,
2491 3392 2815 3465 βουλόμενος
2853 3383 2987 3458 μηδὲ
3017 3382 3160 3436 κατά
3201 3380 3435 3472 θάνατον
3462 3373 3636 3472 τιμὴν

2165 3463 2445 3563 θρωπείαν
2467 3463 2900 3553 ἀπενέγκασθαι,
2925 3474 2978 3528 τί
3001 3472 3178 3563 ποιεῖ,
3199 3463 3475 3563 Εἰσελθὼν

2165 3547 2259 3633 τοῦ
2288 3576 2442 3638 ὄντος
2472 3547 2841 3642 φορτίου-τῶν
2881 3558 3257 3632 κληματιδίων
3293 3557 3349 3608 ὲν
3390 3552 3471 3625 τῷ
3516 3547 3750 3642 καλυβίῳ

2166 3666 2332 3725 αὑτοῦ
2361 3663 2441 3737 τῷ
2471 3639 2624 3731 ἱερῷ,
2643 3659 2826 3713 ἐκεῖσε
2856 3651 3157 3745 καθεύδων,
3180 3647 3259 3720 τῷ
3286 3643 3481 3745 ιξρρίῳ
3504 3639 3752 3745 amp-66a)-

2168 3781 2263 3819 κεν
2294 3760 2356 3814 τὸ
2389 3732 2608 3826 πνεῦμα
2637 3754 2695 3806 ὲν
2723 3749 2936 3821 εἰρήνῃ.
2968 3745 3034 3798 Οἱ
3069 3737 3163 3795 οὖν
3187 3736 3442 3807 συνήθεις
3467 3732 3659 3793 αὑτοῦ,
3684 3732 3753 3791 ὡς

2166 3856 2268 3910 οὐκ
2296 3848 2436 3907 εἶδον
2468 3846 2631 3902 αὐτὸν
2654 3842 2756 3908 τὰς
2781 3840 2876 3895 δύο
2906 3836 3141 3909 ἡμέρας,
3161 3830 3435 3899 λέγουσιν·
3478 3826 3753 3893 Ἄγωμεν,

2170 3950 2390 4018 ἴδωμεν,
2424 3942 2499 4015 μὴ
2529 3955 2648 4002 πως
2676 3933 2898 3990 ἀσθενεῖ
2924 3933 2954 3985 ό
2985 3926 3178 4018 Σαλός.
3241 3922 3356 4018 Kal
3398 3911 3560 4018 εὗρον
3602 3911 3755 3968 αὑτὸν

2171 4009 2706 4101 ὑπσκάτωνκείμενον
2725 4024 2819 4080 τοῦ
2859 4021 3080 4094 φορτίου
3110 4017 3237 4113 τῶνε
3254 4009 3637 4113 κληματιδίων
3670 4020 3753 4113 ves

2170 4126 2323 4197 κρόν.
2375 4121 2513 4177 Τότε
2562 4119 2847 4187 λέγουσιν⁸
2876 4108 3057 4187 ,Ἀρα
3098 4108 3179 4197 ,ἀν
3207 4106 3755 4197 ἄρτιῗπιστεόσουσιν

2172 4187 2412 4279 πάντες,
2442 4214 2526 4267 ὅτι
2548 4208 2680 4281 παρ’
2716 4203 2910 4261 ἑαυτὸν
2949 4198 3020 4273 ἦν
3058 4195 3250 4263 οὗτοςς
3299 4193 3434 4251 ’1δοῦ
3475 4191 3577 4247 καὶ
3604 4187 3758 4251 αὐτὸς

2171 4312 2200 4365 6
2233 4311 2463 4371 θάνατος
2485 4300 2649 4359 αὐτοῦ
2673 4297 3085 4365 κατάσκαλμος.
3118 4293 3232 4347 Kal
3262 4287 3645 4369 βαστάσαντες
3670 4281 3761 4337 αὓ-

478 4387 599 4440 sine
622 4386 798 4441 cereis
830 4394 887 4440 et
911 4388 1303 4455 odoramentis,
1338 4399 1395 4445 et
1428 4391 1694 4448 abeuntes
1730 4396 2051 4465 sepelierunl

2169 4404 2262 4457 τὸν
2291 4399 2384 4454 δύο
2413 4397 2578 4463 τινὲς,
2633 4391 2805 4465 χωρὶς
2853 4387 2945 4443 τοῦ
2977 4384 3178 4440 πλῦναι
3223 4381 3412 4447 αὑτὸν,
3449 4377 3547 4432 καὶ
3590 4372 3758 4447 χωρὶς

478 4478 660 4547 ipsum
686 4479 741 4533 in
769 4478 981 4535 tumulo
1007 4482 1443 4553 peregrinorum.

549 4680 641 4735 62.
681 4681 777 4737 His
806 4692 1013 4749 autem,
1063 4685 1156 4754 qui
1199 4700 1325 4741 eum
1373 4664 1684 4757 portabant,
1728 4698 1782 4745 et
1829 4693 2068 4747 tumula-

480 4773 589 4829 turi
634 4772 812 4844 ipsum
858 4776 1125 4841 abierant,
1176 4780 1481 4850 progressis
1519 4780 1587 4835 ad
1625 4796 1800 4853 usque
1840 4784 2064 4840 domum

479 4865 767 4936 cujusdam
790 4865 1021 4932 Hebraei,
1050 4868 1195 4939 ﬁguli
1222 4869 1508 4936 vitrorum,
1537 4888 1699 4942 quem
1729 4872 1889 4928 Salus
1915 4875 2071 4930 Chri-

482 4958 677 5012 stianis
714 4958 886 5013 sacris
917 4960 1249 5030 ascripserat
1273 5004 1287 5027 ,
1314 4964 1468 5019 audit
1491 4965 1788 5034 przedictus
1804 4965 2071 5025 Hebraeus

477 5048 844 5117 psalmodiam
874 5058 985 5105 tam
1018 5051 1363 5118 concinnam,
1393 5063 1453 5109 ut
1479 5055 1642 5110 talem
1662 5056 1808 5111 labia
1831 5058 2070 5116 humana

485 5149 707 5196 cantare
755 5158 863 5197 non
907 5145 1139 5214 possint,
1183 5154 1237 5200 et
1265 5147 1480 5202 turbam
1530 5158 1760 5213 tantam,
1811 5162 2070 5221 quantam

557 5303 606 5337 "
636 5301 845 5373 Ephes.
884 5321 937 5368 ν,
969 5320 1044 5358 vI.
1123 5304 1170 5337 “
1204 5302 1348 5358 Psal.
1385 5319 1474 5370 XL,
1504 5303 1561 5358 ἓ.
1640 5305 1685 5336 ’⁸
1716 5304 1855 5359 lhid.

2172 4490 2515 4567 ψαλμῳδίας,
2575 4487 2672 4541 καὶ
2726 4482 2898 4556 χωρὶς
2954 4479 3165 4552 κηρίων
3216 4474 3314 4533 καὶ
3355 4469 3758 4567 θυμιαμάτων,

2170 4565 2502 4646 ἀπελθόντες
2535 4579 2744 4650 ἔθαψαν
2776 4573 2939 4631 αὐτὸν
2970 4574 3052 4637 είς
3090 4570 3151 4624 τὸ
3175 4565 3523 4634 ξενοτάφιον.

2246 4698 2347 4769 ξβ’.
2397 4698 2487 4758 Ὦς
2518 4689 2611 4748 οὖν
2650 4689 2964 4760 ἀπήρχοντο
3003 4683 3096 4738 διὰ
3131 4682 3283 4736 οἴκου
3335 4677 3483 4741 τινὸς
3534 4672 3649 4730 ἀπὸ
3677 4670 3764 4769 tE-

2174 4762 2384 4863 6pa'lwv
2407 4784 2660 4856 ὐελεψοῦ,
2711 4782 2879 4851 ὅνπερ
2906 4777 3069 4840 αὐτὸς
3120 4762 3762 4863 ὲποίησενλξίριστιανδν,

2171 4853 2248 4947 ὡς
2280 4853 2899 4949 ἀνωτέρω-εἰρήκαμεν,
2937 4870 2988 4922 ol
3016 4866 3207 4920 τοῦτον
3236 4859 3630 4933 βαστάζοντες,
3674 4853 3765 4949 καλ

2173 4945 2523 5045 ἐξερχόμενοι
2575 4945 2745 5037 θάψαι
2798 4961 2986 5023 αὑτὸν,
3035 4957 3227 5014 ἀκούει
3256 4957 3286 5010 ό
3335 4951 3631 5045 εἰρημένος
3648 4945 3764 5045 ἀπὺ

2187 5038 2456 5138 Ἒέῥᾷἐων
2481 5057 2828 5133 ψαλμῳδίας,
2878 5048 2990 5107 οἷον
3026 5047 3191 5122 μέλος
3236 5047 3299 5101 οὗ
3339 5044 3569 5099 δύναται
3593 5038 3764 5138 esse:

2176 5132 2354 5232 χεῖλος
2375 5154 2705 5228 ἀνθρώπων,
2735 5148 2832 5204 xal
2860 5145 3069 5218 πλῆθος
3096 5142 3125 5197 ὃ
3166 5141 3228 5195 οὐ
3263 5138 3495 5194 δύναται
3537 5132 3765 5201 συνᾶξαι

2009 5398 2248 5456 ΝΟΤᾹΞ.

564 5511 899 5586 g9l)__Gr:rre
937 5514 1196 5586 σκαλμός,
1225 5515 1485 5586 paxillus,
1543 5515 1657 5571 sive
1687 5525 1820 5569 teres
1847 5516 2065 5586 lignum,

494 5581 577 5630 cui
606 5579 862 5656 alligatur
886 5579 1400 5656 remusf‘Deri‘vatur
1431 5579 1727 5656 a’ggmm,
1754 5579 1914 5656 (odia,
1936 5588 2067 5656 quia

497 5647 727 5713 paxillus
773 5664 904 5703 cavo
958 5652 1112 5717 quasi
1166 5652 1448 5710 inl‘oditur.
1494 5654 1633 5710 Hinc
1692 5647 1866 5710 facilis
1901 5647 2070 5711 notio

2174 5517 2327 5639 voci:
2365 5515 2775 5603 κατάσκαλμος,
2799 5525 2901 5584 pro
2946 5523 3053 5579 qua
3106 5506 3247 5564 forte
3292 5504 3588 5579 legendum
3625 5497 3762 5555 κατά

2178 5604 2282 5639 σκα
2324 5605 2478 5639 μους.

2178 5604 2478 5660 σκαλμους.
