3976 6162
350 269 489 314 Αίᾶο

1622 247 1803 315 VITA
1838 251 1901 315 S.
1938 251 2339 325 SYMEONIS.

3501 251 3638 315 1746

339 359 492 411 πᾶσα
521 357 554 428 ἠ
581 357 961 431 ἀνθρωπότης.
1000 359 1331 430 Ἐκπλαγεὶς
1357 358 1454 416 οὖν
1487 363 1698 425 ἐκεῖνος
1730 362 1825 417 ἐπὶ
1852 361 1930 436 τῷ

2045 367 2341 424 humanum
2384 384 2559 442 genus
2605 384 2939 443 congregare
2979 380 3239 441 nequeat.
3288 370 3488 429 Verum
3536 373 3629 429 ille

342 449 579 522 συντόνῳ
619 453 713 504 καὶ
739 453 1099 525 παναρμονίῳ
1127 454 1227 523 τῆς
1255 454 1559 525 άγγελικῆς
1600 455 1931 526 ήδυμελείας

339 545 477 615 ἤχῳ,
513 544 864 617 παρακύπτει
899 547 994 601 καὶ
1044 547 1242 619 θεωρεῖ
1268 546 1360 601 τὸν
1409 547 1559 602 ὅσιον
1600 548 1933 619 προκομιζό-

343 653 506 707 μενον
531 637 640 690 ὑπὸ
662 637 760 691 δύο
786 638 883 691 καὶ
919 638 1082 707 μόνον
1111 639 1222 693 τῶν
1254 637 1639 711 βασταζόντων
1665 640 1836 694 αὐτοῦ
1868 640 1931 693 τὸ

340 728 521 799 τίμιον
543 728 724 799 σῶμα.
757 729 891 783 Τότε
914 726 1069 784 εἶπεν
1101 733 1311 796 ἐκεῖνος
1340 733 1369 785 6
1391 731 1585 785 τούτου
1618 732 1711 787 τοῦ
1756 733 1930 805 ἀορά-

339 838 436 874 του
472 821 669 892 μέλους
694 823 952 887 ἀκούσας’
981 824 1270 895 Μακάριος
1289 820 1361 887 εἷ,
1384 824 1544 889 Σαλὲ,
1574 826 1657 878 ὅτι
1690 826 1764 896 μὴ
1791 824 1934 895 ἔχων

341 912 666 984 ἀνθρώπους
691 914 996 983 ψάλλοντάς
1031 933 1135 983 σοι,
1172 917 1318 987 ἔχεις
1349 916 1636 988 οὐρανίους
1674 918 1935 987 δυνάμεις

343 1004 401 1056 ὲν
427 1003 618 1072 ὕμνοις
656 1004 905 1075 τιμώσας
937 1022 1030 1059 σε·
1078 1007 1173 1060 καὶ⁵
1197 1005 1400 1069 εὐθέως
1435 1004 1738 1071 κατελθὼν,
1775 1007 1936 1069 ίδίαις

343 1095 534 1168 χερσὶν
563 1097 730 1151 αὐτὸν
767 1096 992 1167 ἔθαψεν.
1030 1098 1143 1152 Καὶ
1163 1086 1287 1152 τότε
1311 1100 1379 1152 τὰ
1409 1098 1748 1152 ἀκουσθέντα
1783 1098 1935 1170 αὐτῷ

342 1186 564 1259 ᾄσματα
590 1187 701 1242 τῶν
728 1190 1060 1260 ἀσωμάτων,
1096 1192 1264 1244 πᾶσιν
1290 1191 1620 1261 ἐξηγήσατο.
1660 1190 1935 1244 Ἤκουσεν

342 1275 436 1330 οὖν
459 1276 618 1332 τοῦτο
647 1281 741 1332 καὶ
769 1268 798 1332 6
826 1279 988 1350 κῦρις
1008 1280 1267 1351 Ἰωάννης
1292 1283 1320 1335 6
1347 1281 1618 1347 διάκονος,
1647 1281 1742 1335 καὶ
1765 1276 1934 1351 ἦλθεν

342 1370 620 1440 δρομαίως
668 1371 810 1442 μετὰ
845 1372 939 1448 καὶ
994 1372 1173 1428 ἄλλων
1210 1372 1421 1426 πολλῶν
1479 1374 1562 1437 εἰς
1601 1372 1695 1426 τὸν
1744 1372 1933 1437 τόπον,

344 1462 476 1515 ὅπου
506 1465 704 1535 ἐτάφη,
750 1464 1075 1533 βουλόμενος
1110 1464 1403 1521 ἀνελέσθαι
1449 1465 1512 1518 τὸ
1541 1464 1724 1536 τίμιον
1769 1463 1934 1519 αὐτοῦ

343 1551 596 1621 λείψανον
625 1555 719 1606 ἐπὶ
744 1555 805 1608 τὸ
852 1556 1092 1626 ἐντίμως
1142 1555 1309 1609 αὐτὸν
1364 1554 1651 1626 κηδεῦσαι.
1699 1556 1789 1619 Ὦς
1841 1550 1935 1609 οῦν

343 1647 561 1716 ἧνοιξαν
605 1649 698 1701 τὸν
730 1649 922 1718 τάφον,
968 1651 1067 1720 οὐχ
1097 1643 1259 1721 εὖρον
1306 1649 1459 1703 αὐτό·
1494 1649 1799 1720 μετέθηκεν
1826 1648 1935 1719 γὰρ

2035 458 2322 528 perculsus
2347 460 2603 516 ordinato
2628 476 2693 517 ac
2721 461 2995 517 concinno
3038 463 3298 534 angelicae
3325 463 3628 520 harmonia:

2030 563 2188 615 sono,
2215 550 2514 607 incurvans
2539 567 2620 615 se,
2670 552 2827 608 videt
2867 553 3048 608 virum
3095 562 3348 609 sanctum
3386 553 3568 610 efferri
3598 570 3631 609 a
3711 586 3717 605 ι

2031 637 2250 694 duobus
2286 640 2571 705 duntaxat,
2596 642 2690 710 qui
2721 643 3038 698 venerabile
3058 644 3178 713 eius
3206 659 3408 714 corpus
3438 652 3631 715 porta-
3707 658 3711 663 ’

2031 728 2185 784 bant.
2219 729 2375 786 Tunc
2395 732 2532 788 dixit
2556 734 2668 799 ille,
2711 733 2806 804 qui
2831 734 2935 790 hoc
2964 749 3078 790 non
3116 736 3420 805 spectabile
3456 737 3631 791 melos

2032 817 2313 872 audierat:
2342 819 2538 875 Beatus
2559 837 2641 887 es,
2684 820 2828 887 Sale,
2871 821 3021 891 quia,
3062 822 3155 892 qui
3196 837 3309 878 non
3331 823 3501 878 habes
3526 823 3633 877 ho-

2034 907 2231 974 mines,
2264 912 2355 980 qui
2404 912 2502 967 tibi
2549 913 2807 982 psallant,
2856 914 3032 969 habes
3078 914 3332 970 cmlcstes
3375 915 3628 983 virtutes,

2036 999 2255 1070 hymnis
2297 1008 2352 1055 te
2400 1002 2756 1069 honorantes,
2809 1012 2865 1059 et
2911 1019 3042 1059 mox
3093 1004 3455 1070 descendens,
3505 1021 3633 1061 eum

2035 1092 2150 1147 suis
2175 1094 2430 1150 manibus
2459 1097 2734 1166 sepelivit.
2766 1099 2833 1153 Et
2869 1107 3003 1154 tunc
3042 1099 3228 1156 audita
3260 1115 3291 1155 a
3334 1114 3394 1155 se
3418 1099 3633 1155 cantica

2034 1185 2374 1255 angelorum,
2408 1189 2667 1244 omnibus
2713 1190 2983 1245 narravit.
3040 1190 3268 1246 Audivit
3317 1191 3483 1247 etiam
3526 1192 3636 1248 hoc

2035 1276 2292 1333 dominus
2323 1277 2584 1334 Joannes
2635 1281 2918 1347 diaconus,
2975 1290 3033 1338 et
3072 1282 3350 1338 curriculo
3393 1284 3634 1339 accurrit

2035 1383 2161 1424 cum
2187 1368 2373 1425 multis
2397 1369 2517 1425 aliis
2545 1370 2613 1426 ad
2634 1371 2841 1436 locum,
2878 1372 2972 1428 ubi
3004 1374 3254 1444 sepultus
3277 1383 3416 1437 erat,
3438 1375 3635 1431 volens

2037 1458 2228 1514 tollere
2251 1459 2552 1529 pretiosum
2575 1456 2694 1531 ejus
2727 1477 2949 1531 corpus,
2984 1471 3046 1516 ut
3076 1464 3380 1519 honoriﬁce
3415 1465 3464 1519 ei
3485 1446 3635 1534 iusta

2035 1549 2394 1620 persolveret.
2443 1551 2652 1621 Aperto
2682 1552 2865 1623 itaque
2909 1554 3184 1624 sepulcro.
3221 1555 3356 1610 illud
3405 1571 3517 1610 nou
3550 1556 3638 1610 in-

2038 1640 2227 1706 venit;
2254 1656 2380 1695 nam
2405 1641 2690 1704 Dominus.
2726 1644 2817 1713 qui
2856 1660 2981 1699 eum
3008 1644 3365 1716 gloriﬁcabat,
3396 1654 3638 1700 transtu-

344 1739 507 1792 αὐτὸν
538 1739 767 1805 δοξάσας
818 1743 847 1795 6
888 1740 1114 1813 Κύριος.
1167 1741 1303 1794 Τότε
1362 1740 1602 1804 ἅπαντες
1651 1740 1841 1812 ῶσπερ
1873 1740 1933 1809 ἐξ

2045 1731 2198 1787 lerat.
2239 1731 2397 1789 Tunc
2447 1750 2641 1789 omnes
2704 1736 2876 1791 veluti
2913 1751 2944 1790 e
2990 1751 3185 1791 somno
3237 1738 3457 1792 excitati
3487 1746 3635 1805 sunt,

346 1831 516 1884 ὓπνου
548 1833 845 1903 ἀνένηψαν,
879 1835 974 1888 καὶ
996 1831 1293 1903 ἐξηγοῦντο
1322 1833 1579 1900 ἀλλήλοις
1607 1834 1708 1887 ὅσα
1735 1833 1930 1905 ὲποίη-

347 1941 439 1978 σευ
467 1926 550 1976 ἑνὶ
572 1926 788 1996 ἑκάστῳ
810 1925 1110 1997 θαυμάσια,
1134 1927 1229 1982 καὶ
1256 1928 1339 1981 ὅτι
1362 1926 1453 1981 διὰ
1480 1926 1572 1980 τὸν
1592 1926 1727 1981 Θεὸν
1761 1941 1935 1996 προσ-

345 2015 706 2071 εποιεῖτο’τὸν
730 2016 913 2080 σαλόν.

1939 2198 2007 2216 ﬂ

2040 1832 2096 1878 et
2133 1823 2431 1879 narrabant
2463 1824 2609 1879 inter
2659 1840 2738 1892 se,
2783 1842 3040 1897 quamam
3077 1828 3375 1898 unicuique
3419 1828 3640 1886 fecisset
3722 1876 3723 1879 η

2039 1912 2324 1982 miracula,
2356 1924 2413 1970 et
2450 1910 2598 1986 quod
2638 1927 2863 1989 propter
2894 1919 3068 1976 Deum
3122 1919 3374 1977 ﬁnxisset
3402 1936 3462 1978 se
3498 1922 3642 1977 stul-

2041 2013 2182 2060 tum.

1779 2283 2151 2346 EPILOGUS.

418 2466 516 2538 ξγθ.
553 2460 724 2535 Οὗτος
752 2472 781 2525 6
802 2470 917 2542 βίος
943 2471 1038 2527 καὶ
1086 2472 1121 2544 ὴ
1165 2470 1436 2540 πολιτεία,
1470 2464 1517 2527 ὧ
1560 2469 1924 2543 φιλόχριστοι,

341 2562 436 2615 τοῦ
468 2562 772 2632 θαυμασίου
812 2565 1007 2617 τούτου
1062 2565 1312 2635 Συμεών.
1368 2559 1543 2621 Abeat.
1576 2567 1633 2619 αἱ
1661 2563 1830 2618 αὑτοῦ
1865 2565 1930 2617 ὲκ

342 2653 556 2706 πολλῶν
609 2654 787 2722 ὀλίγαι
841 2656 1188 2725 συλλεγεῖσαι
1236 2658 1452 2728 ἀρεταί.
1500 2654 1674 2723 Οὗτος
1706 2658 1874 2712 αὐτοῦ
1902 2659 1932 2712 6

342 2746 585 2815 κρυπτὸς
609 2746 777 2808 ὅντως
811 2748 905 2801 καὶ
933 2749 1184 2817 οὐράνιος
1226 2751 1449 2820 δρόμος,
1507 2752 1536 2803 6
1589 2750 1783 2823 μηδενὶ
1831 2750 1932 2821 μὲν

340 2836 640 2907 ὁρώμενος,
701 2840 867 2893 πᾶσιν
915 2839 971 2893 δὲ
1010 2839 1270 2910 ἐξαίφνης
1315 2840 1559 2913 εὑρεθεὶς
1605 2839 1936 2909 κατάδηλος.

390 2922 515 2991 into;
547 2932 576 2982 6
601 2928 721 2990 νέος
748 2928 894 2994 Λὼτ,
927 2930 1116 3000 ὥσπερ
1136 2932 1193 2982 ὲν
1222 2931 1477 3000 Σοδόμοις
1505 2933 1732 2997 ἐκεῖνος,
1766 2929 1939 2994 οὓτως

343 3020 404 3074 ἐν
439 3021 518 3091 τῷ
552 3022 747 3092 κόσμῳ
783 3014 938 3085 οὗτος
992 3023 1218 3091 ἀφανῶς
1263 3022 1535 3077 ὑπελθών.
1594 3022 1705 3076 Καὶ
1730 3022 1798 3075 τὰ
1840 3021 1938 3091 μὲν

346 3110 640 3175 θαυμαστὰ
678 3111 868 3178 αὐτοῦ,
910 3113 1004 3166 καὶ
1044 3113 1407 3184 πολυύμνητα
1439 3112 1672 3176 ἔπαθλα,
1704 3112 1848 3167 κατά
1870 3128 1936 3179 γε

343 3205 406 3257 τὸ
444 3206 573 3274 ἡμῖν
606 3207 720 3267 τοῖς
750 3205 1059 3276 οὐδαμινοῖς
1086 3205 1389 3277 ἐγχωροῦν,
1435 3208 1620 3277 γραφῇ
1659 3204 1936 3276 παραδοῦ-

348 3312 435 3350 ναι
464 3297 903 3366 ἐσπουδάκαμεν,
957 3298 1006 3351 εί
1050 3299 1144 3350 καὶ
1202 3298 1398 3367 ἑτέραν
1449 3296 1558 3367 πρὸ
1604 3296 1811 3367 ταύτης
1846 3293 1938 3349 διὰ

350 3388 644 3458 συντομίας
705 3388 1133 3459 πεποιήκαμεν,
1186 3387 1275 3439 διὰ
1307 3387 1368 3439 τὸ
1422 3387 1590 3457 μήπω
1628 3385 1805 3439 ἐλθεῖν
1858 3387 1979 3448 είς’

347 3480 627 3552 ἡμετέραν
659 3478 883 3546 γνῶσιν,
929 3478 1028 3546 τὴν
1059 3477 1461 3547 λεπτομέρειαν
1492 3476 1588 3529 τοῦ
1628 3474 1936 3546 θαυμασίου

347 3570 540 3624 τούτου
567 3570 927 3641 διηγήματος.
959 3567 1034 3622 Τὸ
1059 3567 1118 3622 δὲ
1141 3566 1330 3620 τοῦτον
1356 3566 1655 3637 ἐγκωμίοις
1679 3566 1937 3636 τιμῆσαι,

347 3662 409 3715 οὐ
436 3663 534 3730 τῆς
567 3661 844 3733 ἡμετέρας
871 3658 1129 3729 γνώσεως
1160 3658 1523 3728 καθέστηκεν,
1546 3659 1661 3712 ἀλλ’
1688 3657 1939 3724 ἐκείνων,

348 3747 429 3817 οἷς
461 3753 692 3822 δύναμις
716 3753 1000 3824 πρόσεστι,
1043 3752 1139 3805 καὶ
1164 3754 1230 3821 τῇ
1260 3750 1453 3804 τούτου
1489 3752 1658 3821 ἀρετῇ
1701 3749 1939 3819 ἁμιλλᾶ-

353 3843 500 3899 σθαι.
553 3846 714 3909 Ποῖος
767 3844 877 3914 γὰρ
911 3843 1072 3912 λόγος
1126 3843 1473 3897 ἐπαινέσειεν
1500 3843 1592 3896 τὸν
1619 3843 1758 3914 ὑπὲρ
1783 3841 1942 3911 λόγον

348 3937 673 4008 τιμηθέντα’
715 3937 749 4007 ἢ
774 3936 893 3997 πῶς
917 3936 1150 4007 σάρκινα
1174 3935 1330 4006 χείλη
1363 3935 1453 3989 τὸν
1485 3937 1545 3989 έν
1573 3935 1738 4006 σαρκὶ
1772 3934 1943 4007 ἄσαρ-

350 4048 447 4086 κον
474 4031 848 4100 ἀναφανέντας
885 4028 1012 4093 Πῶς
1044 4028 1104 4082 δὲ
1140 4028 1304 4098 σοφία
1349 4026 1605 4098 γλώσσης
1637 4027 1731 4081 τὸν
1760 4028 1944 4080 πᾶσαν

351 4122 542 4193 σοφίαν
576 4124 671 4175 καὶ
701 4121 964 4193 φρόνησιν
991 4122 1056 4192 τῇ
1098 4118 1240 4174 κατὰ
1276 4119 1410 4173 Θεὸν
1460 4118 1646 4190 μωρίᾳ
1676 4117 1942 4189 ἐξαφανί-

351 4231 559 4280 σαντα;
594 4215 803 4277 Ὄντως
843 4212 1133 4285 ἄνθρωπος
1164 4213 1248 4276 εἰς
1295 4211 1612 4283 πρόσωπον,
1662 4211 1692 4264 6
1721 4210 1778 4265 δὲ
1808 4210 1944 4275 Θεὸς

349 4307 433 4369 είς
457 4306 703 4369 καρδίαν.
738 4306 948 4369 Ὄντως
973 4304 1073 4375 οὐχ
1101 4302 1277 4368 οὕτως
1297 4303 1490 4374 ὄψεται
1525 4302 1838 4376 ἄνθρωπος,
1868 4303 1945 4366 ὡς

244 4418 247 4419 ν
347 4399 540 4469 ὃψεται
575 4397 797 4469 Κύριος.
834 4398 1045 4462 Ὄντως
1092 4397 1268 4459 οὐδεὶς
1297 4395 1559 4464 γινώσκει
1601 4395 1671 4450 τὰ
1720 4395 1814 4450 τοῦ
1845 4395 1942 4449 άν-

351 4491 598 4561 θρώπου,
629 4492 677 4544 εἰ
708 4491 783 4562 μὴ
810 4489 874 4544 τὸ
902 4488 1123 4560 πνεῦμα
1142 4488 1238 4543 τοῦ
1272 4488 1587 4560 ἀνθρώπου.
1624 4488 1834 4551 Ὄντως
1867 4485 1944 4559 μὴ

2107 2465 2199 2522 63.
2242 2462 2368 2520 Haec
2388 2464 2503 2519 vita
2539 2471 2700 2519 estet
2727 2461 3095 2531 conversatio,
3144 2471 3393 2519 amantes
3426 2462 3638 2519 Christi

2037 2559 2258 2621 animae,
2306 2554 2572 2610 mirabilis
2617 2555 2784 2624 hujus
2819 2554 3129 2628 Symeonis.
3173 2556 3269 2611 Hae
3296 2571 3487 2626 pauca:
3512 2565 3642 2611 sunt

2039 2649 2183 2719 ejus,
2207 2663 2239 2703 e
2270 2646 2459 2702 multis
2489 2646 2734 2701 collectae
2758 2646 3014 2702 virtutes.
3061 2646 3161 2702 llic
3194 2647 3374 2716 ipsius
3403 2658 3484 2702 est
3514 2663 3644 2701 vere

2040 2740 2289 2798 occultus
2326 2756 2392 2795 ac
2427 2739 2669 2795 coalestis
2693 2755 2911 2805 cursus,
2933 2740 3027 2809 qui
3058 2754 3089 2793 a
3117 2739 3271 2794 nullo
3294 2739 3516 2809 quidem
3561 2738 3648 2793 vi-

2042 2834 2297 2898 debatur,
2341 2832 2440 2888 sed
2468 2833 2725 2889 omnibus
2750 2842 2977 2902 repente
3016 2831 3344 2886 manifestus
3377 2831 3642 2885 innotuit.

2044 2923 2234 2977 Novus
2257 2922 2349 2976 hic
2376 2921 2499 2984 Lot,
2526 2922 2639 2991 qui,
2676 2922 2821 2976 sicut
2862 2921 2952 2975 hic
2984 2919 3302 2985 Sodomam,
3336 2920 3418 2974 sic
3450 2920 3538 2974 ille
3589 2918 3647 2973 in

2045 3012 2314 3067 mundum
2354 3012 2495 3066 clam
2527 3012 2811 3082 ingressus
2844 3021 2952 3067 est.
2994 3011 3073 3066 Ac
3106 3011 3377 3066 mirabilia
3410 3011 3552 3079 ejus,
3593 3018 3648 3064 et

2044 3103 2477 3158 celebratissima
2526 3103 2865 3170 certamina,
2926 3102 3105 3172 quoad
3163 3117 3264 3172 per
3326 3106 3648 3156 tenuitatem

2045 3200 2289 3247 nostram
2318 3192 2493 3256 licuit,
2520 3192 2722 3247 litteris
2760 3193 3024 3247 mandare
3074 3191 3423 3246 studuimus:
3476 3193 3648 3261 siqui-

2039 3285 2162 3339 dem
2193 3294 2319 3339 ante
2349 3286 2492 3339 hanc
2519 3283 2731 3356 [vitam]
2772 3285 2937 3339 aliam
3000 3284 3330 3354 compendio
3406 3285 3651 3339 conscri-

2040 3377 2278 3447 psimus,
2314 3386 2570 3447 proterea
2618 3376 2764 3446 quod
2808 3375 3047 3430 necdum
3078 3374 3247 3430 nobis
3292 3376 3651 3430 innotuerant

2040 3468 2357 3540 singulatim
2398 3468 2586 3538 apices
2627 3482 2822 3523 omnes
2870 3467 3035 3537 hujus
3070 3467 3340 3522 mirabilis
3384 3467 3651 3547 narratio-

2040 3561 2146 3613 nis.
2176 3558 2312 3613 Eum
2337 3574 2470 3614 vero
2492 3559 2783 3628 praeconiis
2804 3559 3106 3619 celebrare,
3133 3574 3246 3613 non
3273 3567 3357 3613 est
3380 3559 3435 3612 in
3463 3567 3648 3615 nostra

2041 3651 2273 3709 scientia
2308 3650 2496 3717 situm,
2542 3652 2639 3708 sed
2687 3667 2902 3717 eorum,
2938 3653 3140 3723 quibus
3170 3651 3421 3707 rfacnltas
3455 3651 3641 3720 adest,

2043 3753 2106 3800 ut
2135 3744 2370 3800 dicendo
2391 3745 2651 3801 virtutem
2688 3746 2809 3816 ejus
2830 3753 3145 3816 exaequent.
3169 3744 3435 3813 Quaenam
3461 3753 3647 3801 autem

2044 3835 2283 3899 laudarit
2316 3836 2469 3890 illum
2510 3837 2710 3903 oratio,
2761 3837 2856 3907 qui
2899 3837 3054 3892 omni
3089 3838 3340 3893 oratione
3378 3838 3540 3893 altius
3562 3846 3650 3893 est

2046 3930 2308 3985 evectus?
2323 3928 2436 3983 Aut
2455 3931 2731 4000 quomodo
2761 3929 2914 3984 illum
2940 3930 3216 3985 laudarint
3244 3929 3402 3985 labra
3425 3946 3646 3994 carnea,

2044 4021 2139 4094 qui
2172 4022 2228 4076 in
2262 4037 2430 4078 carne
2453 4021 2641 4077 carnis
2664 4037 2861 4092 expers
2904 4021 3194 4093 apparuit?
3231 4021 3520 4089 Quomodo
3548 4020 3660 4075 lin-

2046 4131 2166 4188 quae
2186 4114 2454 4185 sapientia
2488 4114 2804 4185 praedicarit
2828 4114 3007 4180 illum,
3054 4113 3148 4185 qui
3177 4127 3396 4168 omnem
3433 4112 3652 4183 sapien-

2046 4208 2179 4263 tiam
2198 4222 2263 4262 ac
2301 4207 2649 4278 prudentiam
2673 4206 2928 4261 all‘ectata
2952 4217 3181 4278 propter
3207 4206 3375 4260 Deum
3419 4205 3651 4260 stultitia

2047 4280 2370 4372 superavit?
2402 4298 2544 4355 Vere
2584 4299 2643 4354 in
2677 4299 2876 4355 faciem
2924 4297 3206 4372 [respicit]
3250 4299 3449 4361 homo;
3502 4297 3650 4351 Deus

2047 4400 2230 4448 autem
2271 4392 2339 4447 ad
2382 4407 2498 4447 cor.
2540 4388 2683 4447 Vere
2723 4405 2839 4445 non
2883 4390 3029 4446 sicut
3072 4389 3283 4444 videbit
3332 4387 3518 4452 homo,
3576 4385 3656 4441 sic

2047 4484 2255 4542 videbit
2301 4483 2593 4539 Dominus.
2632 4483 2773 4538 Vere
2819 4496 2982 4537 nemo
3013 4481 3186 4547 novit,
3235 4494 3357 4551 quae
3391 4486 3521 4535 sunt
3555 4477 3660 4531 ho-

351 4584 461 4649 πρὸ
500 4582 694 4654 καιροῦ
733 4599 860 4637 τινα
891 4582 1194 4653 κρίνωμεν,
1257 4576 1304 4636 ὧ
1333 4580 1695 4653 φιλόχριστοι,
1736 4579 1842 4644 ἕως
1873 4579 1938 4634 ἂν

2049 4576 2233 4643 minis,
2263 4576 2375 4632 nisi
2402 4575 2628 4647 spiritus
2670 4573 2932 4629 hominis.
2973 4570 3120 4627 Vere
3167 4585 3237 4625 ne
3270 4579 3401 4625 ante
3438 4577 3656 4638 tempus

350 4676 483 4748 ἔλθῃ
508 4676 536 4729 6
571 4677 797 4748 Κύριος,
854 4674 915 4739 ὸς
953 4675 1050 4729 καὶ
1095 4674 1325 4743 φωτίσει
1358 4673 1557 4727 πάντα.
1599 4671 1699 4734 Τίς
1728 4671 1941 4741 ἔλεγεν,

319 4769 711 4839 κφιΜχριστοι,
744 4767 835 4820 τὸν
872 4766 1079 4821 Ἰούδαν
1105 4766 1244 4836 μετὰ
1269 4765 1379 4819 τῶν
1407 4764 1666 4837 μαθητῶν
1688 4763 1946 4833 διάγοντα

335 4834 705 4929 σωματικῶς,
749 4857 888 4929 μετὰ
917 4857 974 4911 δὲ
1004 4834 1117 4911 τῶν
1140 4834 1420 4910 Ἰουδαίων.
1448 4834 1769 4926 ὑπάρχοντα
1807 4870 1947 4925 καρ-

352 4949 584 5016 διακῶς;
619 4949 715 5015 Τίς
761 4953 818 5005 ἐν
867 4949 1083 5022 ’ῐεριχὼ
1119 4950 1220 5020 τὴν
1278 4948 1449 5002 Ῥαὰῦ
1498 4948 1557 5002 ὲν
1592 4946 1673 5019 τῷ
1713 4945 1950 5018 πορνείῳ

351 5037 521 5095 οὖσαν
564 5041 807 5113 σώματι,
857 5042 1034 5096 ἐδόκει
1078 5042 1138 5095 έν
1172 5040 1363 5114 Κυρίῳ
1402 5040 1482 5111 τῷ
1507 5038 1819 5111 πνεύματι;
1848 5038 1945 5103 Τίς

352 5133 447 5187 τὸν
468 5133 717 5205 Λάζαρον
746 5136 974 5199 ἐκεῖνον,
1000 5132 1092 5188 τὸν
1118 5133 1356 5204 πτωχὸν,
1378 5131 1610 5203 ἤλπιζεν
1633 5132 1690 5184 ὲν
1719 5128 1946 5201 τοιαύτῃ

349 5225 700 5298 ταλαιπωρίᾳ
726 5225 835 5279 τῶν
857 5225 1032 5281 ἑλκῶν
1067 5224 1437 5297 διατρίϐοντα,
1478 5225 1537 5277 έν
1580 5220 1810 5294 τοιαύτῃ
1856 5221 1949 5274 εύ-

352 5315 563 5386 ημερίᾳ
595 5315 653 5366 ἐν
682 5314 762 5387 τῷ
785 5315 879 5368 τοῦ
926 5316 1182 5389 Ἀϐραὰμ
1210 5316 1397 5387 κόλπῳ
1422 5304 1712 5385 γενέσθάις

426 5403 518 5469 ξδ’.
547 5405 734 5459 Ταῦτα
764 5406 986 5471 ἰδόντες,
1011 5407 1310 5480 ἀγαπητοὶ,
1329 5409 1424 5463 καὶ
1448 5408 1612 5479 ἡμεῖς
1635 5405 1948 5477 πεισθῶμεν

349 5495 432 5568 τῷ
461 5497 642 5562 καλῶς
668 5498 1097 5568 συμϐουλεύοντι
1121 5514 1134 5529 ⁸
1188 5499 1437 5571 Πρόσεχε
1484 5497 1698 5569 σεαυτῷ
1757 5496 1943 5567 μόνον,

353 5590 451 5642 καὶ
481 5591 616 5661 μηδὲ
642 5592 757 5654 τοῖς
780 5593 913 5655 σοῖς,
952 5591 1089 5662 μηδὲ
1126 5595 1239 5656 τοῖς
1269 5594 1398 5662 περὶ
1432 5592 1512 5657 σὲ,
1554 5590 1692 5645 ἀλλὰ
1727 5589 1941 5661 σεαυτῷ

356 5681 539 5751 μόνον.
573 5685 715 5762 Διιότι
745 5684 974 5749 ἕκαστος
1002 5685 1063 5739 τὸ
1085 5684 1214 5739 ίδιον
1244 5684 1467 5756 φορτίον
1509 5684 1795 5756 βαστάσει,
1841 5686 1936 5739 καὶ

2047 4669 2282 4740 aliquem
2316 4668 2651 4739 iudicemus,
2677 4682 2712 4722 ο
2744 4673 2994 4721 amantes
3019 4663 3223 4719 Christi
3242 4662 3462 4724 animae,
3481 4660 3657 4715 donec

2048 4762 2263 4819 venerit
2292 4761 2579 4826 Dominus,
2604 4761 2697 4831 qui
2721 4760 2907 4815 omnia
2942 4756 3295 4813 illuminabit.
3330 4754 3465 4821 Quis
3488 4752 3658 4808 dixis-

2051 4866 2159 4921 set,
2189 4855 2385 4912 Judam
2419 4854 2627 4911 versari
2668 4853 2890 4924 quidem
2933 4852 3165 4922 corpore
3191 4865 3318 4905 cum
3345 4843 3652 4916 discipulis,

2052 4951 2219 5006 corde
2247 4960 2434 5004 autem
2464 4964 2587 5004 esse
2609 4963 2736 5003 cum
2766 4945 3011 5002 Iudaeis?
3041 4943 3176 5010 Quis
3197 4940 3413 5001 Rahah.
3444 4953 3568 5009 quae
3598 4937 3656 4992 in

2054 5024 2274 5097 Jericho
2321 5053 2555 5110 corpore
2603 5046 2724 5094 erat
2771 5038 2828 5092 in
2892 5034 3220 5106 prostibula,
3287 5031 3659 5087 existimasset

2056 5131 2249 5204 Spiritu
2278 5146 2401 5189 esse
2433 5131 2491 5186 in
2530 5129 2807 5186 Domino?
2841 5126 2978 5195 Quis
3011 5132 3308 5198 sperasset,
3332 5121 3652 5179 mendicum

2056 5223 2212 5279 illum
2238 5221 2530 5286 Lazarum,
2553 5221 2608 5276 in
2636 5228 2786 5277 tanta
2816 5220 3065 5276 ulcerum
3096 5216 3318 5272 miseria
3339 5215 3652 5286 degentem,

2056 5314 2303 5372 futurum
2327 5315 2384 5370 in
2413 5315 2539 5370 sinu
2568 5314 2802 5370 Abrahae
2829 5312 2885 5367 in
2919 5318 3069 5366 tanta
3099 5307 3400 5365 felicitate?

2125 5408 2215 5464 64.
2260 5408 2388 5464 Haec
2442 5406 2715 5471 videntes,
2743 5420 2777 5461 o
2820 5401 3024 5466 dilecti,
3085 5409 3142 5456 et
3184 5414 3287 5454 nos
3332 5396 3653 5453 obediamus

2055 5499 2127 5564 ei,
2160 5498 2254 5569 qui
2302 5506 2454 5554 recte
2485 5497 2764 5553 consulit:
2805 5495 3039 5551 Attende
3084 5492 3184 5548 tibi
3218 5491 3318 5563 ipsi
3362 5489 3563 5554 solum,
3596 5495 3655 5542 et

2051 5602 2230 5658 neque
2253 5588 2379 5651 tuis,
2416 5602 2597 5658 neque
2629 5602 2752 5657 quae
2792 5593 2922 5640 sunt
2969 5584 3112 5638 circa
3148 5591 3221 5643 te.
3272 5581 3370 5637 sed
3412 5579 3507 5635 tibi
3538 5577 3644 5647 ipsi

2051 5681 2249 5737 solum.
2293 5678 2434 5747 Quia
2470 5680 2850 5750 unusquisque
2897 5694 3036 5734 onus
3081 5691 3239 5731 suum
3281 5672 3538 5746 portabit,
3592 5677 3650 5727 et
