3876 6304
492 253 599 317 607
1578 258 2097 321 OLYMPIODORI
2150 261 2678 325 ALEXANDRINI
3672 273 3775 337 608

492 372 703 432 partem
735 362 868 434 ipsis
896 371 1103 435 septem
1141 365 1287 433 dato,
1319 375 1375 422 et
1396 366 1526 437 ipsis
1558 376 1702 424 octo.
1737 367 2064 424 Aliter-:Se-

2191 371 2252 427 ῑιά
2300 375 2362 428 τὸ
2411 377 2478 447 τῇ
2532 377 2695 447 ὀγδόῃ
2733 375 2919 449 ἡμέρᾳ
2952 376 3408 449 περιτέμνεσθαι.
3442 379 3614 434 Ποίει
3658 397 3777 433 τοι-

495 464 642 516 ptem
662 453 809 511 dona
840 455 1079 527 Spiritus
1102 468 1355 515 numerat
1382 460 1549 515 Isaias
1576 460 1639 517 ".
1695 461 1879 515 Potest
1902 461 2065 533 igitur

2191 465 2397 536 rapoﬁv,
2429 467 2586 537 φησὶ,
2620 468 2719 538 τὴν
2750 468 3124 540 ἐλεημοσύνην
3150 471 3287 541 πρὸς
3317 471 3539 535 πάντας
3560 468 3779 541 ἀνθρώ-

495 548 845 605 ιῖιπὶειίιιηυε
874 553 1105 623 populus
1124 554 1369 623 apposita
1389 555 1624 625 quadam
1646 555 1939 611 collatione
1969 572 2066 627 per

2191 572 2330 619 τους.
2367 556 2442 609 Τὸ
2478 556 2557 619 δὲ,
2591 557 2680 610 ὅτι
2705 560 2778 612 οὐ
2807 559 3124 628 γινώσκεις
3151 561 3209 614 τι
3258 561 3434 615 ἔσται
3484 560 3777 628 πονηρὸν

496 642 864 711 septenarium
882 660 1168 700 numerum
1200 645 1497 716 designari,
1522 661 1657 705 cum,
1680 657 1889 717 septem
1905 648 2067 717 spiri-

2191 643 2271 698 iai
2316 645 2438 714 τὴν
2480 644 2617 716 γῆν,
2669 646 2814 701 κατά
2862 649 3044 713 πάσας
3091 651 3307 721 νοήσεις
3362 648 3469 712 τὰς
3508 648 3777 718 ὲκδσχάς.

500 731 738 786 tualibus
761 733 917 789 donis
945 735 1148 790 ditatus
1175 736 1355 792 fuerit.
1389 735 1684 792 Octonario
1730 747 1913 792 autem
1966 754 2068 793 nn-

2191 738 2342 810 ὶέχου
2389 740 2490 803 τὰς
2531 740 2637 793 δύο.
2669 741 2968 812 Διαθήκας,
3013 743 3101 797 ἵνα
3138 742 3202 796 τὸ
3253 743 3354 813 τῆς
3391 740 3635 810 ἀγνοίας
3680 738 3777 792 καὶ

504 815 656 877 mero
688 823 1063 899 designabiqu
1092 829 1325 899 populus
1365 827 1701 892 intimorum.
1744 831 1838 900 qui
1871 839 2069 887 octavo

2191 829 2444 899 πονηρίας
2511 829 2797 902 ἀποὸἁλῃς
2863 831 3074 896 σκότος.
3137 830 3515 902 Εὐσχημόνως
3568 828 3777 900 ,πράτ-

500 914 591 969 die
635 914 1080 993 Circumcisionis
1133 921 1345 991 accepit
1396 921 1635 993 signum.
1680 921 1864 993 lnquit
1894 939 2067 995 ergo:

2191 938 2238 974 rs
2264 921 2334 974 τὰ
2356 923 2414 973 tv
2458 919 2595 991 τῷδε
2621 919 2700 991 τῷ
2724 920 2825 991 βίῳ
2861 921 3197 994 καθήκοντα,
3243 924 3301 977 ὲν
3338 920 3595 994 φροντίδι
3622 920 3775 974 τιθέ-

500 1003 701 1061 Confer
717 1009 1115 1081 eleemosynam
1155 1015 1209 1066 in
1243 1028 1436 1069 omnes
1484 1014 1753 1068 homines.
1778 1013 1934 1080 Quod
1970 1033 2073 1072 au-

2191 1030 2340 1083 μενος
2387 1015 2483 1067 καὶ
2516 1013 2607 1066 τὸν
2636 1013 2900 1084 μέλλοντα
2921 1014 3109 1085 αἰῶνα,
3133 1030 3148 1045 ⁸
3180 1016 3240 1070 οὐ
3267 1016 3377 1087 γὰρ
3398 1012 3569 1068 οἶσθα
3620 1015 3775 1066 ποῖαι

501 1108 608 1161 tem
637 1100 833 1170 inquit.
860 1104 984 1172 quia
1008 1120 1111 1159 non
1133 1107 1396 1176 cognoscis
1444 1107 1571 1175 quid
1593 1108 1719 1161 mali
1741 1109 1977 1179 futurum
2004 1111 2073 1165 si:

2191 1106 2428 1179 ἐπίπονοι
2476 1105 2726 1169 κολάσεις
2780 1104 3106 1160 ἀπόκεινται
3162 1109 3280 1171 τοῖς
3330 1106 3407 1178 μὴ
3455 1104 3772 1175 παρέχουσι

501 1207 658 1262 super
688 1203 909 1261 terram,
930 1197 997 1251 ad
1026 1212 1229 1253 omnes.
1261 1208 1439 1269 potest
1456 1201 1858 1256 accommodari
1912 1217 2079 1272 expo-

2191 1194 2380 1266 μερίδα
2418 1196 2531 1257 τοῖς
2579 1194 2741 1256 ἑπτὰ,
2797 1195 2891 1248 καί
2914 1211 2980 1263 γε
3008 1197 3124 1259 τοῖς
3151 1196 3321 1250 ὀκτώ.
3346 1196 3502 1250 Ποίει
3532 1196 3773 1263 ἐλεημο-

502 1282 733 1339 sitiones
763 1300 899 1355 quas
932 1288 1095 1343 modo
1115 1290 1294 1354 attuli,
1328 1290 1399 1344 ita
1432 1288 1722 1345 videlicet:
1746 1290 1947 1362 Recipe
1968 1292 2078 1347 duo

2191 1288 2348 1352 σύνας
2373 1289 2469 1359 scp‘
2483 1305 2513 1352 ς
2534 1288 2742 1350 πάντας
2762 1288 3086 1359 ἀνθρώπους
3111 1290 3251 1359 μετά
3276 1289 3593 1359 ἁπλότητος
3633 1301 3771 1355 καρ-

504 1371 874 1438 Testamenta.
894 1386 954 1432 ut
978 1378 1297 1449 ignorantia:
1325 1382 1524 1452 pariter
1556 1396 1620 1437 ac
1644 1384 1900 1454 nequitiae
1921 1393 2077 1440 tene-

2191 1382 2301 1444 Βίας
2327 1397 2341 1412 ο
2384 1380 2451 1434 οὐ
2482 1379 2592 1451 γὰρ
2620 1379 2914 1433 ἐπίστασαι
2938 1380 3074 1445 τίςό
3092 1381 3308 1452 ἀληθῶς
3328 1383 3574 1454 χρῄζω,
3614 1377 3651 1450 ἦ
3688 1378 3768 1440 τίς

508 1463 632 1518 bras
664 1468 852 1535 procul
888 1469 987 1524 abs
1020 1480 1073 1526 te
1096 1473 1345 1541 repellas.
1396 1472 1514 1539 Vel,
1561 1475 1805 1530 modeste
1837 1491 1936 1546 age
1956 1491 2079 1546 qua-

2191 1478 2213 1527 ό
2236 1474 2379 1528 κατά
2415 1472 2681 1544 πονηρίαν
2709 1472 2802 1549 καὶ
2826 1472 3149 1538 πλεονεξίαν
3177 1473 3368 1528 αίτῶν.

507 1554 575 1606 ad
610 1555 772 1625 hujus
788 1561 1065 1627 pertinent
1079 1562 1203 1618 vitae
1218 1563 1412 1629 ollicia,
1439 1565 1685 1635 cogitans
1705 1566 1923 1622 assidue
1939 1578 1995 1623 et
2009 1567 2078 1622 de

510 1645 693 1701 futuro
714 1651 1163 1722 saeculo:neque
1194 1653 1340 1708 enim
1364 1655 1505 1710 nosti
1524 1671 1686 1724 quam
1706 1657 1887 1726 gravia
1925 1655 2160 1727 reposita
2215 1660 2345 1708 sunt
2366 1659 2636 1707 tormenta
2689 1650 2758 1707 iis
2810 1650 2900 1722 qui
2949 1667 3129 1723 neque
3176 1652 3505 1724 septenariis
3554 1660 3768 1721 partem

510 1750 662 1792 suam
688 1738 977 1804 dederunt,
1021 1758 1197 1811 neque
1234 1747 1547 1801 octonariis.
1581 1747 1748 1817 67o
1796 1748 1936 1810 Vel,»
1967 1749 2365 1817 eleemnsynam
2402 1743 2658 1803 omnibus
2708 1741 2899 1799 confer
2930 1743 2986 1796 in
3013 1743 3197 1799 cordis
3247 1743 3326 1797 tui
3369 1742 3767 1813 simplicitate:

510 1843 691 1897 neque
713 1833 858 1885 enim
884 1834 1028 1887 nosti
1053 1835 1175 1903 quis
1228 1836 1511 1891 hominum
1554 1853 1682 1893 vere
1733 1839 1991 1910 indigeat,
2028 1839 2218 1908 quisve
2273 1836 2526 1891 simulata
2545 1844 2865 1905 paupertate
2888 1850 2986 1906 per
3000 1836 3285 1899 avaritiam
3314 1842 3487 1904 petat.

584 1921 749 1978 Vens.
778 1925 830 1979 ὅ.
869 1943 890 1977 ι
966 1926 1020 1979 Si
1060 1928 1279 1997 repletae
1311 1927 1513 1983 fuerint
1559 1931 1734 1986 nubes
1771 1914 1975 2001 pluvia,
2025 1931 2079 1985 in

2256 1947 2277 1981 ι
2337 1928 2465 1982 Ἐὰν
2509 1928 2840 2000 πληρωθῶσι
2888 1930 2958 1982 τὰ
2994 1928 3129 2000 νέφη
3168 1927 3347 1993 ὑετοῦ,
3386 1928 3481 1982 ἐπὶ
3504 1928 3616 1996 τὴν
3668 1927 3769 1996 γῆν

509 2021 711 2068 terram
730 2015 1069 2071 eti'undlnnt:
1095 2027 1145 2072 et
1179 2018 1225 2073 si
1260 2020 1474 2075 decidat
1504 2020 1703 2092 lignum
1746 2022 1814 2077 ad
1834 2029 2081 2077 austrum

508 2104 622 2160 sive
643 2106 710 2161 ad
728 2107 973 2172 boream,
1001 2108 1055 2163 in
1083 2110 1203 2165 loco
1237 2111 1325 2165 ubi
1347 2107 1627 2168 reciderit.
1654 2114 1725 2168 ibi
1758 2114 2077 2169 dosidebit.»

511 2191 689 2248 Prima
708 2194 923 2263 quidem
947 2196 1212 2266 particula
1268 2198 1439 2268 hujus
1489 2199 1591 2254 loci
1636 2199 1854 2255 litterali
1915 2215 2082 2255 sensu

509 2294 690 2356 potest
722 2287 789 2343 ad
811 2288 1235 2361 eleemosynam-
1261 2290 1453 2347 referri
1485 2309 1501 2344 :
1549 2291 1675 2362 quia
1707 2292 1851 2348 sicut
1910 2293 2086 2349 nubes

505 2384 664 2452 jussu
715 2384 904 2441 divino
961 2384 1191 2442 imbrem
1237 2401 1405 2457 super
1443 2402 1638 2442 omnes
1661 2397 1921 2459 spargunt
1958 2426 1972 2453 ,
2006 2388 2083 2444 ita

509 2475 769 2532 convenit
799 2476 1199 2547 elcemosynam
1259 2479 1476 2534 cunctis
1523 2478 1840 2535 hominibus
1880 2481 2084 2552 impar-

648 2565 873 2637 Mystieo
897 2576 1080 2624 autem
1104 2575 1163 2623 et
1192 2568 1493 2629 sublimiori
1550 2584 1742 2633 sensu,
1780 2571 1940 2625 nubes
1988 2587 2086 2642 pro

510 2659 716 2715 sanctis
731 2658 861 2716 viris
879 2661 1226 2731 accipiuntur
1257 2676 1273 2714 :
1306 2676 1540 2731 quorum
1587 2676 1731 2719 unus
1756 2662 1861 2717 fuit
1884 2661 2082 2730 Moses,

512 2748 604 2819 qui
639 2748 772 2805 dicit
798 2768 813 2804 :
849 2749 1193 2820 Exspectatur
1231 2760 1288 2805 ut
1316 2751 1495 2821 pluvia
1523 2751 1787 2823 eloquium
1818 2765 1992 2808 meum
2017 2753 2083 2810 “.

490 2841 700 2897 Sancti
731 2857 861 2914 ergo
890 2842 1082 2913 repleti
1110 2842 1299 2898 divino
1323 2844 1509 2909 verbo,
1532 2842 1694 2913 quale
1731 2843 1942 2899 scilicet
2000 2842 2085 2899 fa-

511 2945 662 2991 ctum
690 2944 775 2991 cst
804 2935 872 2991 ad
898 2934 1040 2992 Osee
1059 2946 1384 3007 sanctosque
1412 2937 1568 3000 alios,
1585 2936 1872 2995 eﬂuudunt
1896 2937 2088 2992 fecun-

514 3025 894 3083 dumimbrem
914 3042 1024 3082 non
1056 3042 1223 3097 super
1257 3026 1427 3082 solam
1450 3025 1718 3093 ledaeam,
1761 3028 1860 3084 sed
1920 3038 1978 3085 et
2029 3028 2087 3084 in

515 3130 735 3171 omnem
765 3126 963 3172 terram
985 3119 1039 3172 in
1063 3133 1225 3188 quam
1255 3117 1424 3174 exivit
1448 3133 1644 3175 .sonus
1690 3128 1878 3175 eorum
1905 3120 1970 3175 ¹⁶.
2020 3117 2090 3176 Et

517 3209 638 3264 haec
671 3208 889 3280 quidem
925 3210 994 3265 de
1042 3210 1214 3281 prima
1236 3211 1496 3281 particula
1522 3211 1625 3266 loci
1659 3212 1824 3282 hujus
1849 3227 1972 3283 qua:
2018 3213 2088 3269 ad

517 3272 756 3370 pluviam
787 3272 1058 3371 pertinet:
1077 3272 1253 3374 Ligna
1266 3317 1396 3357 vero
1412 3303 1468 3358 in
1493 3272 1790 3373 Scripturis
1818 3272 1989 3359 sacris
2011 3305 2088 3361 si—
2114 3272 2158 3332 θ

516 3391 951 3462 gniﬁcantmodo
974 3393 1154 3462 justos
1180 3394 1349 3459 viros,
1374 3394 1539 3450 modo
1556 3394 1719 3449 etiam
1740 3404 2088 3466 peccatores;

512 3490 705 3540 auster
722 3494 903 3541 autem
921 3484 1193 3555 accipitur
1236 3501 1336 3555 pro
1382 3485 1581 3543 illustri
1612 3485 1734 3551 loco
1789 3501 1855 3542 ac
1887 3488 2091 3558 lu'eido,

518 3573 609 3630 vel
639 3590 738 3645 pro
763 3575 1043 3631 verissima
1079 3576 1168 3630 illa
1194 3575 1315 3630 luce
1343 3590 1464 3645 quae
1486 3584 1575 3631 est
1625 3575 1784 3635 Jesus
1842 3576 2094 3657 Christus

516 3663 784 3723 Dominus
818 3667 962 3723 Deus
988 3675 1207 3736 noster;
1239 3678 1429 3727 contra
1480 3684 1630 3736 vero,
1651 3669 1848 3726 boreas
1878 3687 1979 3742 pro
2003 3688 2095 3727 ca-

519 3757 751 3828 liginoso
772 3772 836 3812 ac
858 3759 1205 3815 tenebrarum
1241 3760 1400 3829 pleno
1430 3760 1697 3832 accipitur
1713 3762 1864 3827 loco,
1885 3778 2093 3833 proque

518 3848 640 3918 ipso
662 3847 879 3905 diabolo
893 3850 988 3920 qui
1046 3851 1102 3905 in
1145 3852 1385 3908 tenebris
1422 3853 1649 3908 habitat.
1684 3854 1741 3908 lu
1768 3868 2095 3925 quocunque

516 3939 688 4011 igitur
716 3940 836 3996 loco
866 3957 964 3996 seu
989 3942 1183 3998 illustri
1236 3959 1337 3998 seu
1374 3944 1701 4010 tenebroso,
1728 3943 1834 3999 hoc
1858 3951 1962 4010 est,
1979 3943 2096 4001 sive

520 4026 580 4082 in
630 4030 774 4099 turpi
806 4030 1073 4107 scelerum
1098 4033 1353 4100 statione,
1387 4033 1505 4087 sive
1549 4032 1606 4088 in
1659 4034 1889 4089 honesta
1921 4035 2096 4089 virtu-

429 4169 448 4194 ,
523 4127 660 4187 tum,
678 4121 1121 4192 deprehendatur
1152 4123 1728 4195 homocummoritur,
1750 4122 1816 4199 in
1837 4137 1904 4178 eo
1917 4122 2090 4209 gradu

2181 2021 2433 2095 ἐκχέουσι
2459 2035 2477 2053 ο
2526 2020 2619 2073 καὶ
2651 2019 2749 2074 ἐὰν
2788 2021 2936 2091 πέσῃ
2968 2019 3126 2085 ξύλον
3160 2022 3220 2074 tv
3246 2018 3324 2090 τῷ
3354 2020 3515 2089 νότῳ.
3542 2021 3650 2072 καὶ
3677 2021 3769 2073 ἐὰν

2182 2115 2276 2166 ἐπὶ
2332 2113 2409 2184 τῷ
2461 2112 2660 2183 Βορρᾅ
2718 2111 2870 2182 τόπῳ
2914 2106 2976 2166 οὗ
3034 2114 3285 2164 πεσεῖται
3320 2110 3382 2164 τὸ
3421 2110 3613 2175 ξύλον,
3656 2112 3772 2164 ἐκεῖ

2181 2204 2355 2258 ἐσται.
2386 2223 2405 2255 ι
2439 2204 2583 2273 Πρὸς
2615 2202 2715 2273 μὲν
2747 2201 2932 2274 ῥητὸν,
2967 2203 3002 2273 ή
3024 2200 3217 2273 πρώτη
3249 2199 3396 2266 λέξις
3420 2200 3657 2254 δύναται
3677 2200 3772 2254 καὶ

2185 2295 2315 2366 περὶ
2343 2292 2713 2364 ἐλεημοσύνης
2740 2293 3028 2346 νοεῖσθαι·
3060 2293 3144 2346 ὅτι
3183 2290 3375 2362 ὥσπερ
3399 2292 3471 2346 τὰ
3500 2292 3646 2363 νέφη
3679 2308 3769 2348 κε-

2181 2386 2367 2442 λεύσει
2404 2386 2526 2457 θείᾳ
2568 2371 2660 2441 τόν
2684 2384 2891 2457 ὕμσρον
2920 2385 3012 2438 ἐπὶ
3053 2385 3262 2450 πάντας
3284 2384 3614 2456 ἀνθρώπους
3648 2385 3768 2457 ῥαί-

2182 2494 2357 2541 νουσι,
2387 2474 2476 2530 τὸν
2489 2474 2651 2530 αὐτὸν
2673 2474 2873 2543 τρόπον
2891 2474 2972 2528 δεῖ
2990 2475 3086 2528 καὶ⁵
3114 2474 3216 2546 τὴν
3231 2474 3608 2545 ἐλεημοσύνην
3624 2474 3772 2542 γίνεαι

2185 2567 2331 2623 σθαι.
2354 2566 2497 2637 Πρὸς
2524 2566 2583 2620 δὲ
2628 2565 2891 2629 διάνοιαν,
2914 2565 3166 2635 νεφέλαι
3188 2566 3238 2620 oi
3272 2566 3418 2635 ἅγιοι
3468 2566 3670 2635 ἄνδρες
3700 2565 3768 2619 εί-

2186 2675 2400 2729 ρηνται,
2427 2651 2503 2713 ὧν
2522 2652 2603 2721 εἷς
2632 2653 2700 2728 ἦν
2720 2656 2926 2728 Μωσῆς
2939 2660 2969 2712 ό
2997 2656 3193 2726 λέγων,
3218 2656 3675 2731 Προσδοκάσθω
3693 2657 3770 2722 ὡς

2184 2752 2360 2817 ὑετὸς
2394 2750 2464 2805 τὸ
2495 2748 2849 2820 ἀπόφθεγμά
2880 2766 3024 2820 μου.
3062 2744 3221 2805 Οὗτοι
3248 2748 3643 2821 πληρωθέντες
3676 2748 3768 2802 τοῦ

2187 2842 2331 2896 θείου
2352 2841 2534 2909 λόγου,
2551 2840 2644 2895 τοῦ
2673 2842 2961 2912 γινομένου
2987 2842 3126 2914 πρὸς
3159 2841 3341 2912 Ὠσηὲ,
3377 2840 3473 2894 καὶ
3501 2841 3636 2915 τοῦς
3658 2840 3769 2893 λοι-

2186 2934 2325 2997 etab;
2360 2934 2550 3001 ἁγίους
2586 2934 2836 3003 ἐκχέουσι
2860 2932 2951 2987 τὸν
2994 2933 3278 3004 κάρπιμον
3314 2932 3492 2992 ὑετὸν,
3524 2931 3631 2985 οὐκ
3677 2932 3767 2985 επὶ

2186 3025 2285 3095 τὴν
2327 3024 2587 3087 Ἰουδαίαν
2633 3025 2823 3097 μόνην,
2851 3024 2986 3078 ἀλλά
3024 3025 3121 3077 καὶ
3164 3024 3259 3077 ἐπὶ
3304 3024 3487 3077 πᾶσαν
3510 3023 3615 3094 τὴν
3648 3023 3768 3091 γῆν,

2188 3116 2373 3188 είς,ἥν
2428 3116 2652 3186 ἐξῆλθεν
2682 3118 2710 3170 ὁ
2757 3115 2995 3185 φθόγγος
3039 3115 3240 3169 αὐτῶν.
3283 3114 3391 3168 Καὶ
3443 3112 3627 3168 ταῦτα
3675 3114 3769 3185 μιν

2190 3210 2316 3280 περὶ
2354 3206 2450 3261 τοῦ
2496 3207 2676 3263 ὑετοῦ.
2718 3204 2866 3263 Ξύλα
2888 3207 2947 3260 δὲ
2999 3208 3248 3278 εῐρηνται
3285 3204 3439 3277 παρὰ
3477 3209 3548 3274 τῇ
3576 3205 3769 3276 Γραφῇ

2189 3302 2287 3356 καὶ
2306 3300 2522 3369 οῑάγιοι
2545 3300 2638 3354 καὶ
2653 3302 2702 3354 οἱ
2730 3298 3046 3371 ἁμαρτωλοί
3073 3318 3086 3330 ·
3105 3299 3260 3363 νότος
3277 3298 3336 3351 δὲ
3356 3295 3771 3368 ἐπιλαμϐάνεται

2187 3394 2217 3448 ό
2250 3394 2510 3465 φωτεινὸς
2552 3393 2736 3460 τόπος,
2762 3393 2859 3446 καὶ
2888 3391 3018 3446 αὐτὸ
3066 3393 3128 3445 τὸ
3162 3390 3276 3462 φῶς
3316 3390 3382 3463 τὸ
3421 3389 3704 3465 ἀληθινόν,
3741 3391 3773 3444 6

2189 3488 2395 3560 Κύριος
2428 3486 2587 3559 ήμῶν
2634 3486 2841 3556 Ἰησοῦς
2870 3483 3105 3555 Χριστός
3136 3498 3151 3513 ο
3204 3482 3407 3554 βορρᾶς
3445 3481 3503 3534 δὲ
3533 3482 3563 3534 ό
3594 3478 3775 3549 ζοφώ-

2189 3580 2287 3650 δης
2311 3580 2407 3633 xui.
2435 3578 2661 3641 σκότους
2684 3577 2897 3647 πλήρης
2917 3574 3184 3638 διάϐολος.
3218 3574 3307 3627 Ἐν
3327 3568 3371 3641 ᾧ
3395 3573 3441 3626 δ’
3461 3572 3530 3626 ἂν
3553 3588 3775 3642 τοιγαρο

2191 3669 2292 3725 οὖν
2321 3670 2474 3741 τόπῳ
2494 3708 2511 3734 ,
2536 3668 2651 3722 εἴτε
2708 3658 2802 3723 τοῦ
2832 3667 3009 3738 φωτὸς
3032 3704 3050 3730 ,
3076 3668 3189 3721 εἴτε
3240 3665 3341 3720 τοῦ
3363 3665 3615 3731 σκότους,
3664 3663 3775 3717 εἴτε

2194 3760 2275 3832 τῷ
2308 3763 2409 3831 τῆς
2437 3759 2636 3823 κακίας
2658 3759 2806 3831 ἔργῳ
2827 3798 2844 3824 ,
2879 3757 2989 3811 εἴτε
3042 3757 3123 3829 τῷ
3155 3758 3255 3828 τῆς
3278 3758 3503 3829 ἀρετῆς,
3543 3755 3775 3825 καταλη-

2197 3851 2305 3923 φθῇ
2337 3853 2395 3905 tv
2432 3850 2499 3923 τῇ
2527 3850 2807 3922 τελευτῇό
2832 3849 3118 3920 ἅνθρωπος
3142 3887 3157 3913 ,
3188 3851 3247 3903 tv
3273 3849 3471 3918 ἐκείνῳ
3522 3847 3677 3918 μένει
3699 3844 3776 3917 τῷ

2197 3942 2393 4015 βαθμῷ
2432 3943 2528 3996 καὶ
2552 3945 2619 4013 τῇ
2648 3942 2841 4007 τάξει,
2876 3942 2910 4012 ἢ
2941 3944 2998 3995 ὲν
3032 3940 3175 4011 φωτὶ
3199 3939 3339 4011 μετά
3368 3939 3482 3993 τῶν
3531 3938 3774 4002 δικαίων,

2197 4037 2293 4089 καὶ
2318 4034 2414 4088 τοῦ
2446 4033 2842 4105 παμϐασιλέως
2867 4032 3132 4109 Χριστοῦ,
3161 4032 3195 4104 ἢ
3229 4031 3289 4085 tv
3316 4029 3395 4102 τῷ
3423 4030 3614 4085 σκότει
3640 4029 3775 4100 μετὰ

2192 4124 2304 4180 τῶν
2335 4124 2538 4180 ἀδίκων
2571 4126 2667 4179 καὶ
2687 4122 3272 4195 τοῦκοσμοκράτορος.

519 4222 687 4284 atque
721 4213 912 4268 ordine
925 4220 1210 4284 permanet
1231 4214 1289 4268 in
1315 4221 1604 4269 aeternum.
1624 4213 1760 4268 Nam
1784 4215 1870 4269 vel
1892 4216 2258 4285 requiescitin
2281 4217 2489 4273 lumine
2519 4217 2795 4272 felicitatis
2835 4209 3054 4273 aeternae
3098 4228 3222 4269 cum
3261 4210 3435 4281 iustis
3464 4218 3523 4267 et
3560 4208 3776 4267 Christo

521 4304 669 4376 Rege
713 4306 1115 4368 universorum,
1172 4303 1259 4358 vel
1280 4303 1334 4356 in
1377 4302 1619 4358 tenebris
1670 4303 1946 4358 cruciatur
1973 4320 2101 4361 cum
2136 4306 2340 4377 iniquis
2354 4315 2410 4363 et
2424 4306 2671 4378 principe
2688 4304 2879 4361 mundi
2910 4304 3074 4374 hujus
3104 4300 3343 4358 diabolo.

593 4398 761 4453 Vens.
789 4398 844 4462 4,
870 4395 924 4450 5.
955 4413 976 4447 ι
1012 4394 1115 4461 Qui
1153 4394 1408 4449 observat
1436 4402 1661 4449 ventum
1697 4408 1808 4449 non
1840 4394 2097 4464 seminat,

2282 4354 2879 4471 ῗῆξέιῖἓζε⁷μῖῗοῖ
2910 4354 3543 4467 Ῑτξέεὶρεἶξῗζςᾲιβλεποέν
3575 4354 3649 4444 si
3663 4390 3776 4452 ταῖς

523 4497 583 4546 et
605 4488 700 4560 qui
734 4485 1047 4543 considerat
1079 4486 1253 4540 nubes
1274 4499 1384 4538 non
1426 4492 1628 4540 metet.
1675 4483 1828 4541 Sicut
1874 4501 1987 4541 non
2015 4495 2088 4543 esl

2203 4490 2459 4560 νεφέλαις
2493 4490 2555 4543 οὐ
2599 4488 2829 4559 θερίσει.
2875 4488 2964 4543 ‘Ev
2995 4482 3079 4551 οἷς
3114 4486 3215 4540 οὐκ
3234 4484 3354 4538 ἐστι
3382 4481 3683 4553 γινώσκων·
3698 4480 3777 4543 τίς

520 4582 621 4654 qui
649 4579 786 4637 sciat
810 4592 934 4650 qua:
952 4577 1041 4634 via
1066 4577 1142 4634 sit
1166 4577 1408 4647 spiritus,
1454 4591 1630 4646 neque
1654 4564 1928 4648 quemodo
1942 4594 2088 4649 com:

2205 4587 2242 4656 ή
2269 4583 2389 4646 όδδς
2414 4580 2510 4635 τοῦ
2535 4577 2867 4649 πνεύματος,
2886 4577 2962 4640 ὡς
2983 4576 3118 4630 όστᾶ
3141 4576 3201 4629 tv
3223 4573 3427 4646 γαστρὶ
3446 4571 3552 4643 τῆς
3582 4587 3778 4640 κυοφο-

525 4673 820 4745 pingantur
846 4685 973 4726 ossa
997 4668 1055 4724 in
1076 4676 1266 4725 ventre
1310 4670 1641 4743 prmgnantis
1686 4685 1700 4722 :
1746 4671 1822 4725 ita
1857 4685 1967 4726 non
1998 4686 2088 4727 co-

2203 4674 2434 4748 ροιξοης·
2465 4670 2640 4734 οὕτως
2663 4669 2726 4722 οὐ
2758 4658 2945 4741 ἠνώσῃ
2968 4666 3040 4721 τά
3071 4666 3357 4737 ποιήματα
3380 4664 3479 4719 τοῦ
3511 4662 3653 4718 Θεοῦ
3681 4663 3778 4717 ὅσα

525 4785 759 4846 gnosees
781 4786 948 4841 opera
969 4770 1064 4826 Dei
1095 4768 1465 4841 quodcunque
1503 4765 1750 4825 facturus
1793 4775 1897 4825 est.
1939 4785 1960 4820 ι
1995 4766 2088 4833 Qui

2198 4767 2417 4837 ποιήσει
2441 4763 2511 4817 τὰ
2530 4760 2845 4831 σύμπαντα.
2881 4776 2902 4811 ι
2933 4759 2997 4813 Οἱ
3022 4757 3152 4821 τοὺς
3184 4755 3424 4846 ἀνέμους
3454 4752 3777 4846 ἐπιτηροῦν-

524 4842 719 4922 ventos
753 4864 1068 4930 observant,
1099 4861 1300 4919 sationi
1355 4860 1539 4915 minus
1565 4860 1907 4916 incumbunt.
1972 4859 2088 4916 Ple-

2194 4870 2288 4918 τες
2330 4854 2393 4906 οὐ
2450 4850 2758 4922 σπείρουσι.
2795 4846 3064 4911 Πολλάκις
3111 4847 3270 4917 γάρὸ
3315 4845 3559 4915 σήμερον
3600 4842 3778 4895 πνέων

523 4971 757 5028 rumque
784 4955 931 5012 enim
968 4953 1235 5025 contingit
1261 4962 1323 5008 ut
1348 4953 1443 5023 qui
1468 4951 1630 5007 hodie
1652 4950 1844 5022 perﬂat
1876 4957 2088 5017 ventus,

2195 4941 2387 5015 αὔριον
2423 4942 2484 4996 οὐ
2516 4942 2671 4995 ποιεῖ’
2698 4937 2797 4994 καὶ
2825 4937 2889 4992 τδ
2929 4936 3175 4992 ἐναντιον
3206 4952 3221 4969 ·
3250 4936 3360 5028 καὶ,
3689 4932 3782 5028 σή-

526 5023 766 5106 crastiua
789 5048 881 5105 die
912 5048 987 5103 sit
1014 5023 1330 5117 quieturus;
1370 5052 1678 5111 auteontra
1732 5043 2088 5101 baechaturus

2198 5051 2366 5108 μερον
2395 5034 2494 5106 μὲν
2523 5032 2633 5097 bst,’
2657 5030 2851 5104 αὔριον
2887 5030 2945 5084 δὲ
2973 5028 3162 5100 ἀνέχει
3219 5028 3316 5082 τὸν
3336 5025 3541 5096 ὄμϐρον
3563 5026 3596 5079 ό

528 5139 601 5196 sit
619 5140 711 5204 die
753 5138 1017 5203 crastina,
1033 5114 1151 5205 _qui
1202 5132 1783 5203 hodieconquiescit:
1840 5132 2005 5187 hodie
2050 5130 2088 5186 si

2199 5128 2364 5180 Ὥστε
2384 5126 2448 5179 οὐ
2470 5124 2552 5178 δεῖ
2572 5120 3035 5195 παρατηρεῖσθαι,
3058 5118 3176 5174 ἀλλ’
3199 5118 3289 5173 ἔπ’
3306 5117 3489 5172 ἐλπίδι
3512 5114 3775 5188 σπείρειν,

528 5216 827 5303 compleat,
854 5242 976 5286 eras
1004 5227 1109 5283 erit
1143 5241 1240 5282 aer
1281 5240 1528 5281 serenus.
1554 5224 1678 5279 Non
1716 5230 1934 5293 oportet
1972 5235 2088 5293 erg:

2199 5220 2266 5289 τῇ
2304 5215 2401 5271 τοῦ
2432 5212 2571 5268 Θεοῦ
2605 5212 2906 5283 ἀγαθότῃτι
2934 5210 3298 5284 θαρροῦντας.
3344 5208 3473 5312 ’ξαν
3605 5221 3778 5313 παραῖ

493 5296 508 5309 ’
531 5296 727 5381 ventos
760 5322 1097 5385 observarey
1126 5319 1222 5376 sed
1251 5334 1348 5389 spe
1385 5318 1527 5373 bona
1567 5315 1835 5370 sationem
1899 5312 2088 5375 facere.

2199 5307 2530 5379 τηρούμενοι
2560 5303 2933 5378 ὑπρθὼμεθα
2958 5304 3053 5357 τὸν
3086 5302 3279 5374 καιρὸν
3304 5298 3402 5355 τοῦ
3434 5299 3646 5398 σπόρου
3669 5337 3689 5364 ,

535 5416 647 5473 Deo
668 5412 1008 5472 conﬁdentes
1037 5411 1245 5468 auctori
1271 5411 1541 5466 bonorum
1572 5406 1818 5467 omnium
1869 5405 2006 5460 Nam
2053 5403 2088 5459 si

2202 5400 2517 5473 θερίζομεν.
2571 5398 2888 5475 Ἐπιτηρεῖν
2911 5396 2971 5451 δὲ
3011 5393 3260 5466 ἀκριϐῶς
3290 5393 3353 5447 οὐ
3381 5389 3665 5462 δυνάμεθα
3684 5389 3777 5442 τοῦ

539 5520 650 5576 prae
663 5503 1050 5563 observatione
1085 5500 1316 5559 nubium
1344 5514 1411 5556 ac
1463 5500 1750 5555 ventorum
1783 5493 2088 5552 din‘eramu:

2203 5490 2365 5565 ἀέρος
2406 5491 2504 5564 τὴν
2537 5490 2896 5558 κατάστασιν,
2926 5488 3118 5562 ἐπειδὴ
3158 5485 3468 5558 ἀγνοοῦμεν
3495 5482 3593 5539 τοῦ
3617 5478 3780 5540 πνεύ-

615 5677 661 5712 ⁸⁸
686 5677 798 5734 lsa.
819 5693 896 5751 ιι,
921 5677 980 5734 2.
1054 5678 1098 5710 "
1124 5675 1285 5734 Deut.
1318 5690 1490 5743 anu,
1510 5673 1566 5728 2.
1644 5668 1847 5728 |‘I’sal.
1879 5684 2033 5735 xvm,
2056 5667 2110 5725 5.
