3876 6304
88 242 213 309 609
1423 238 1507 300 ΙΝ
1541 239 2114 302 ECCLESIASTEN.
3295 241 3404 309 610

94 376 305 433 ματος
320 357 423 432 τὴν
446 357 586 423 ὁδὸν,
613 351 794 426 σοφῶς
821 354 920 412 καὶ
941 355 1202 421 ποικίλως
1227 355 1322 411 τοῦ
1345 357 1482 412 Θεοῦ
1502 360 1572 412 τὰ
1594 357 1710 412 καθ’

1821 357 2050 413 sationis
2085 364 2319 429 tempus,
2341 355 2552 414 irritam
2609 356 2806 416 deinde
2846 373 3083 416 messem
3149 362 3401 433 experie-

90 453 267 523 ἡμᾶς
337 451 522 510 πάντα,
561 449 861 512 διέποντος.
915 447 1106 514 Οὕτως
1155 467 1216 503 τε
1261 451 1566 523 ἀγνοοῦμεν
1613 450 1710 512 τὰς

1817 466 1961 505 mur.
1991 450 2100 505 Sed
2123 451 2333 506 etiamsi
2380 451 2616 507 maxime
2655 452 2909 517 velimus,
2967 452 3262 510 observare
3287 471 3398 510 non

96 543 250 614 περὶ
283 543 443 614 ἡμᾶς·
466 540 562 596 τοῦ
590 541 727 595 Θεοῦ
757 541 1074 612 διοικήσεις,
1102 541 1177 605 ὡς
1208 543 1275 595 τὰ
1300 542 1712 613 κυοφορούμενα

96 637 257 688 ὀστᾶ
301 635 407 704 τῆς
432 635 491 688 ἐν
543 633 745 705 γαστρὶ
783 632 1038 704 ἐχούσης.
1067 634 1165 698 Τίς
1202 634 1311 704 γὰρ
1335 630 1444 688 οἶδε
1480 638 1714 706 πότερον

97 727 295 798 ἄρρεν
330 725 365 795 ἢ
393 725 526 796 θῆλυ
552 725 614 778 τὸ
639 725 1084 798 κυοφορούμενον
1102 766 1118 789 ,
1146 725 1392 798 ἢᾶρτιον
1422 727 1455 796 ῆ
1485 727 1631 782 κατά
1656 743 1713 780 τι

103 820 294 890 μέρος
325 811 550 871 κολοϐόν
574 834 590 883 ;
620 819 683 871 Ei
705 816 760 870 δὲ
782 817 844 870 τὸ
875 817 1165 890 μορφωθὲν
1187 819 1288 871 οὐκ
1315 815 1472 887 ἴσμεν
1501 817 1555 870 τί
1579 818 1711 872 ποτὲ

100 915 260 976 ἐστι,
304 913 487 984 πολλῷ
525 912 688 966 πλέον
721 909 1028 982 ἀγνοοῦμεν
1059 911 1179 975 πῶς
1222 912 1284 965 τὸ
1316 911 1558 984 ἔμϐρυον
1585 929 1712 964 συν-

105 1005 370 1069 ίσταται,
395 1006 512 1070 πῶς
539 1004 607 1058 τὰ
649 1005 786 1057 ὀστᾶ
815 1003 1176 1070 συντίθενται,
1210 1003 1330 1068 πῶς
1375 1003 1712 1070 εύθετίζεται

101 1097 208 1151 τοῦ
241 1098 454 1162 παντὸς
476 1097 781 1168 σώματοςὴ
807 1097 1065 1168 ἁρμονία.
1087 1098 1199 1152 Καὶ
1233 1098 1299 1151 σὺ
1323 1097 1524 1162 τοίνυν,
1551 1097 1709 1168 φησὶ,

107 1190 196 1259 μὴ
253 1189 737 1261 πολυπραγμονῶν
786 1189 878 1241 καὶ
917 1188 1206 1257 ἀναζητῶν
1245 1189 1352 1242 τίνι
1393 1188 1579 1242 δοῦναι
1603 1229 1618 1253 ,
1675 1188 1710 1260 ἢ

104 1280 226 1332 τίνι
259 1279 338 1350 μὴ
363 1279 550 1332 δοῦναι
577 1261 838 1348 ὀφείλεις,
866 1279 958 1331 καὶ
991 1279 1222 1350 πότερον
1265 1279 1481 1343 πιστὸς,
1516 1279 1548 1350 ἢ
1584 1278 1714 1332 ἄπι-

109 1386 277 1434 στος,
309 1369 340 1440 ἦ
371 1370 604 1434 δίκαιος,
634 1369 668 1441 ἢ
703 1369 912 1434 ἄδικος,
941 1370 1218 1442 ἀπολέσῃς
1241 1370 1336 1423 τοῦ
1369 1373 1590 1442 σπεῖραι
1621 1371 1713 1423 τὸν

106 1463 341 1532 καιρὸν,
403 1465 498 1516 καὶ
549 1463 648 1532 οὐχ
698 1461 942 1532 εὑρήσῃς
990 1464 1048 1515 ἐν
1084 1462 1262 1532 καιρῷ
1299 1463 1515 1534 θερίσαι
1543 1479 1557 1494 ⁸
1591 1462 1712 1517 ἀλλ’

108 1553 514 1625 ἀνυπερθέτως
546 1559 641 1607 καὶ
691 1555 750 1606 ἐν
781 1555 1046 1623 ἁπλότητι
1089 1555 1318 1625 καρδίας
1344 1555 1443 1626 τὴν
1482 1555 1712 1627 ἐλεημο-

111 1644 296 1715 σύνην
322 1647 556 1716 ἐργάζου
599 1663 611 1676 ·
655 1647 717 1699 ού
754 1647 865 1716 γὰρ
891 1642 1039 1709 οἶδας
1079 1646 1125 1698 εί
1153 1646 1212 1699 ὃν
1241 1648 1306 1700 σὺ
1328 1647 1572 1717 νομίζεις
1593 1646 1713 1701 ἄδι-

112 1756 243 1800 κον,
273 1741 335 1792 τὸ
370 1739 592 1810 πνεῦμα
622 1741 844 1794 δικαιοῖ.
874 1739 983 1794 Καὶ
1007 1741 1067 1792 τὺ
1097 1739 1388 1795 ἀνάπαλιν.

1817 557 2111 614 possumus
2127 543 2270 598 acris
2297 544 2591 614 qualitates
2612 561 2627 610 ;
2655 559 2833 614 neque
2845 546 2994 601 enim
3028 547 3235 603 scimus
3252 548 3394 603 viam

1783 691 1794 699 κ
1819 634 1991 704 ipsius
2017 635 2264 704 spiritus.
2294 636 2581 706 Sapienter
2605 651 2842 706 namque
2871 652 2936 693 ac
2958 639 3107 694 varie
3130 639 3274 694 Deus
3298 640 3400 695 hu-

1817 724 1994 780 manis
2033 725 2269 780 consulit
2299 727 2495 793 rebus;
2546 742 2723 797 neque
2751 725 2913 782 aliter
2947 728 3262 800 ignoramus
3301 730 3398 785 Dei

1815 833 1942 889 erga
1981 833 2084 873 nos
2112 817 2348 875 consilia
2376 827 2433 874 et
2453 803 2915 888 'dispensationes,
2973 837 3137 892 quam
3176 832 3231 878 et
3269 838 3396 878 ossa

1813 925 1937 979 quae
1963 911 2387 981 compinguntur
2417 919 2473 965 et
2489 919 2772 981 gestantur
2789 910 2844 965 in
2894 921 3084 968 ventre
3107 930 3396 986 praegnan-

1816 1003 1907 1057 tis.
1937 1001 2072 1068 Quis
2095 1002 2242 1057 enim
2269 1003 2438 1068 novit,
2469 1002 2825 1058 masculusne
2866 1003 2938 1059 ibi
2997 1005 3283 1062 delitescat
3327 1024 3398 1062 an

1815 1088 2053 1146 femina?
2077 1091 2428 1162 iutegrumne
2449 1091 2719 1162 gignatur,
2745 1106 2814 1146 an
2845 1101 2998 1162 parte
3033 1095 3236 1164 aliqua
3273 1111 3399 1151 cor-

1814 1184 1964 1255 poris
1997 1183 2414 1253 imperfectum?
2445 1183 2601 1248 Quod
2662 1184 2705 1239 si
2733 1185 3048 1256 ignoramus
3105 1190 3395 1257 qualcuam

1815 1277 1886 1333 sit
1907 1278 2050 1347 quod
2075 1279 2126 1331 in
2163 1287 2318 1332 utero
2339 1277 2618 1348 genitricis
2637 1278 3026 1348 compingitur.
3048 1281 3218 1335 multo
3247 1281 3400 1352 igno-

1816 1369 2057 1425 rabimus
2087 1371 2260 1441 magis
2287 1385 2526 1440 quanam
2549 1369 2758 1424 ratione
2783 1371 2946 1425 olfula
2972 1373 3058 1426 illa
3089 1389 3251 1443 quam
3276 1390 3395 1428 em-

1814 1459 2078 1530 bryonem
2097 1471 2316 1522 vocant,
2342 1461 2394 1513 in
2415 1475 2616 1530 corpus
2633 1462 2882 1516 animalis
2905 1464 3174 1520 coalescat
3196 1489 3207 1515 l
3229 1475 3248 1519 t
3267 1482 3398 1521 con-

1814 1552 2113 1618 formetur;
2135 1568 2244 1622 quo
2263 1554 2426 1626 etiam
2449 1562 2606 1623 pacto
2627 1568 2751 1608 ossa
2778 1566 3197 1626 componantur,
3219 1574 3398 1628 quove

1817 1645 1985 1700 totius
2015 1644 2262 1715 corporis
2296 1645 2395 1699 sibi
2443 1655 2710 1716 congruat
2751 1646 3060 1703 harmonia.
3109 1649 3269 1720 671
3304 1649 3398 1704 ln-

1821 1739 1943 1808 quit
1999 1752 2129 1808 ergo
2165 1754 2180 1790 :
2235 1735 2316 1791 Tu
2351 1754 2568 1808 quoque
2593 1734 2964 1808 uetantopere
3012 1740 3088 1795 sis
3130 1742 3395 1796 sollicitus

112 1835 342 1890 curiose
370 1837 666 1905 quaerendo
696 1835 782 1890 cui
814 1836 892 1890 sis
927 1835 1330 1906 elecmosynam
1359 1835 1610 1898 daturus,
1630 1833 1718 1889 cui
1744 1846 1855 1887 non
1875 1832 2136 1896 daturus;
2184 1838 2245 1884 ut
2275 1839 2426 1900 puta,
2465 1830 2714 1887 fidelisne
2763 1833 2834 1886 sit
2880 1833 2968 1889 ille
3007 1850 3076 1889 an
3138 1835 3394 1903 inﬁdelis,

108 1925 373 1995 justusne
395 1944 462 1983 an
482 1929 740 1997 iniustus.
775 1928 990 1984 Etenim
1013 1930 1056 1984 si
1081 1929 1345 2000 pendebis
1377 1927 1562 1983 animo
1597 1927 1699 1982 ista
1729 1926 2067 1996 disquireus,
2099 1925 2318 1979 amittes
2364 1924 2592 1979 sationis
2654 1935 2888 1995 tempus,
2935 1942 3114 1997 neque
3147 1928 3395 1985 invenies

113 2019 175 2074 in
212 2017 461 2092 tempore
491 2025 686 2076 messis
718 2023 869 2092 quod
907 2033 1102 2076 metas.
1152 2021 1282 2078 Sine
1318 2023 1425 2076 ulla
1460 2022 1644 2092 itaque
1686 2019 1949 2077 dilatione
1981 2017 2264 2088 temporis,
2325 2016 2378 2070 in
2417 2016 2766 2085 simplicitate
2813 2019 2997 2073 cordis
3053 2023 3104 2074 ui
3147 2023 3394 2077 elocuto-

115 2129 312 2183 synam
361 2113 580 2179 confer;
642 2129 823 2183 neque
854 2115 1000 2186 enim
1049 2112 1156 2170 scis
1190 2130 1259 2168 an
1294 2114 1522 2184 spiritus
1583 2128 1709 2168 eum
1745 2111 1988 2168 viviﬁcet
2041 2125 2206 2180 quem
2261 2117 2319 2163 tu
2377 2108 2608 2163 fortasse
2669 2117 2830 2178 putas
2893 2109 3157 2180 injustim
3190 2154 3206 2180 ,
3256 2129 3393 2168 ιοιι-

116 2213 316 2272 traque
345 2205 494 2258 illum
526 2222 556 2259 a
587 2221 646 2260 se
673 2206 898 2275 repellat
923 2221 1086 2276 quem
1114 2216 1172 2262 tu
1202 2207 1410 2277 justum
1441 2207 1745 2262 existimas.
1963 2201 1966 2204 ’

127 2309 134 2315 ·
198 2317 217 2348 ι
242 2297 334 2350 Ἐν
362 2297 545 2368 πρωῖᾳ
575 2299 798 2368 σπεῖρον
819 2298 882 2350 τὸ
905 2297 1129 2369 σπέρμα
1147 2315 1242 2351 σου
1265 2318 1280 2331 ο
1307 2301 1401 2352 καὶ
1424 2300 1480 2352 ἐν
1502 2297 1710 2369 ἑσπέρᾳ

1882 2295 2044 2351 Vens.
2070 2295 2123 2350 6.
2154 2315 2172 2348 ι
2208 2295 2364 2350 Mane
2385 2295 2594 2350 semina
2625 2308 2812 2350 semen
2875 2303 3049 2361 tuum,
3077 2305 3134 2351 et
3162 2311 3393 2367 vespere

119 2388 202 2459 μὴ
235 2387 508 2459 ἀφιέτωή
542 2389 664 2459 χείρ
701 2405 818 2455 σου,
854 2390 936 2444 ὅτι
969 2390 1027 2443 ού
1063 2391 1352 2460 γινώσκεις
1386 2392 1538 2444 ποῖον
1569 2406 1711 2443 στοι-

117 2481 307 2548 χὴσει,
345 2477 506 2531 τοῦτο
549 2478 582 2548 ἢ
613 2478 773 2532 τοῦτο
794 2496 808 2510 ·
855 2481 949 2534 καὶ
981 2480 1075 2535 ἐὰν
1103 2481 1172 2535 τὰ
1215 2479 1310 2534 δύο
1340 2481 1434 2534 ἐπὶ
1458 2481 1519 2534 τὸ
1553 2480 1707 2546 αὐτὸ,

118 2568 354 2636 ἀγαθόν.
391 2587 409 2621 ι
448 2569 505 2622 '0
531 2570 592 2624 τὺ
624 2572 816 2635 σκότος
846 2573 946 2643 τῆς
974 2573 1200 2642 ἀγνοίας
1228 2574 1328 2644 τῆς
1352 2571 1550 2626 ἑαυτοῦ
1591 2572 1710 2626 δια-

122 2659 276 2722 νοίας
307 2660 610 2726 ἀπελάσας,
643 2663 1011 2735 ἐναρχόμενος
1039 2664 1150 2717 τῶν
1182 2665 1400 2735 ἀρετῶν
1439 2664 1496 2732 ἐν
1525 2663 1710 2734 πρωΐᾳ

126 2750 368 2823 σπείρει,
399 2752 542 2806 κατὰ
569 2753 815 2820 τὸ,”Εως
841 2755 1033 2824 ἡμέρα
1057 2755 1209 2822 ἐστὶ,
1231 2755 1564 2826 ἐργάζεσθε.
1582 2755 1710 2809 Ἐὰν

123 2843 184 2898 δὲ
215 2845 311 2918 καλ
341 2837 574 2918 διαμένῃ
609 2847 774 2915 μέχρι
803 2843 993 2909 τέλους
1031 2846 1130 2918 τὴν
1159 2847 1472 2919 πρακτικὴν
1507 2845 1710 2918 μετιὼν

125 2935 352 3005 ἀρετὴν,
383 2935 485 2998 Em;
523 2936 765 3006 ἑσπέρας
804 2936 906 2991 οὐκ
955 2938 1162 3014 ᾀφῆκε,
1187 2937 1309 2990 οὐδὲ
1353 2939 1710 3009 ἡπρὰκτησεν

127 3027 160 3096 ἡ
192 3026 317 3097 χεὶρ
357 3025 524 3080 αὑτοῦ
557 3027 999 3098 ἀγαθοεργοῦσα.
1020 3030 1352 3100 Ἀρχόμενος
1384 3025 1478 3083 οὖν
1505 3028 1710 3099 ἀρετῆς

130 3117 298 3189 μέχρι
319 3119 508 3184 τέλους
530 3121 752 3192 διάμενε
773 3137 787 3152 ⁸
811 3122 910 3175 οὐκ
934 3118 1080 3185 οἶδας
1105 3121 1236 3176 ποῖά
1261 3139 1353 3174 σου
1371 3121 1508 3193 ἔργα
1528 3121 1710 3192 ἀγαθὰ

127 3209 316 3278 ἁρέσει
344 3210 421 3282 τῷ
449 3214 629 3282 κριτῇ,
649 3211 717 3265 τὰ
751 3213 808 3264 ἐν
841 3213 1006 3282 ἀρχῇ,
1030 3211 1062 3283 ἢ
1093 3211 1159 3264 τὰ
1191 3215 1328 3284 πρὸς
1355 3213 1434 3284 τῷ
1456 3213 1620 3266 τέλει.
1649 3213 1710 3268 Εἰ

127 3299 185 3352 δὲ
213 3301 452 3374 ἑκάτερα
478 3303 570 3356 ἐπὶ
600 3302 660 3356 τὺ
685 3303 815 3356 αὐτὸ
845 3303 1294 3377 ἁρέσοι,·πλήρης
1315 3304 1655 3375 ἀγαθότητος
1676 3307 1710 3377 ἡ

127 3393 354 3464 τοιαύτη
385 3395 721 3465 ἐργασία.Ἢ
754 3397 851 3449 καὶ
874 3395 1047 3460 οὕτως
1068 3413 1082 3426 ·
1118 3397 1213 3449 Ἐκ
1240 3395 1466 3466 πρώτης
1493 3395 1712 3466 ἡλικίας

130 3479 366 3550 ἐργάζου
383 3481 490 3552 τὴν.
512 3483 738 3553 ἀρετὴν,
768 3485 864 3538 καὶ
892 3484 968 3557 μὴ
997 3485 1147 3554 λέγε,
1169 3485 1415 3556 Νὖνμέν
1449 3485 1711 3556 νεώτερος

129 3571 204 3626 ὣν
227 3573 525 3628 ἀπολαύσω
557 3574 667 3628 τῶν
704 3577 800 3630 τοῦ
835 3578 952 3648 βίου
975 3579 1248 3650 τερπνῶν,
1279 3579 1338 3633 ἐν
1369 3579 1426 3634 δὲ
1451 3579 1530 3650 τῷ
1564 3582 1712 3652 γήρᾳ

1811 2403 1883 2444 ne
1903 2397 2082 2444 cesset
2102 2404 2300 2443 manus
2339 2388 2597 2458 tua,quia
2629 2389 2812 2443 neseis
2863 2388 3034 2460 magis
3063 2404 3132 2443 ne
3152 2405 3390 2460 proven-

1810 2477 1994 2535 turum
2019 2479 2090 2535 sit
2120 2480 2224 2534 hoc
2247 2494 2316 2532 an
2350 2479 2482 2534 illud
2517 2498 2530 2532 :
2582 2479 2729 2549 quod
2793 2479 2839 2532 si
2883 2487 3111 2549 utraque
3152 2480 3206 2534 in"
3247 2481 3392 2538 idem

1810 2571 2060 2638 tendant,
2102 2571 2308 2626 bonum
2341 2570 2445 2625 hoc
2485 2569 2608 2624 erit.
2641 2589 2660 2621 ι
2709 2557 2819 2636 Qui
2855 2571 3111 2626 tenebras
3133 2571 3393 2641 ignorau-

1811 2663 1901 2718 tiaa
1921 2663 1989 2717 ab
2014 2662 2290 2716 intellectu
2321 2676 2423 2716 suo
2455 2661 2644 2731 procul
2672 2661 2916 2730 expellit,
2937 2677 3062 2716 cum
3091 2662 3161 2716 sit
3197 2663 3250 2717 in
3274 2663 3394 2733 ipso

1810 2754 2082 2825 principio
2131 2754 2416 2818 virtutum,
2472 2767 2633 2807 mane
2688 2753 2866 2822 primo
2915 2754 3184 2808 sationem
3242 2753 3392 2820 facit,

1751 2919 1757 2924 _
1805 2847 1959 2918 juxta
1992 2847 2163 2901 illud:
2211 2846 2523 2912 Donec‘dies
2579 2853 2653 2899 est
2701 2845 2996 2913 operamini
3027 2844 3089 2900 ιτ.
3143 2846 3298 2910 Quod
3348 2847 3393 2901 si

1811 2938 1901 2994 hic
1935 2938 2002 2992 ad
2035 2938 2197 2991 finem
2226 2944 2546 3006 permaneat
2571 2935 2812 2988 oﬂiciosc
2841 2935 3033 2989 vivens
3086 2937 3389 2990 secundum

1811 3031 2092 3095 virtutem,
2127 3027 2501 3097 operatusdici
2531 3035 2709 3096 potest
2744 3042 2915 3096 usque
2958 3027 3025 3080 ad
3082 3043 3390 3097 vesperam,

1812 3120 1888 3175 ita
1918 3128 1975 3174 ut
1997 3135 2219 3174 manum
2246 3133 2400 3172 suam
2424 3117 2492 3171 ab
2529 3131 2697 3187 opere
2731 3133 2857 3171 non-
2893 3117 3168 3172 remiserit
3216 3135 3394 3188 neque

1812 3212 2059 3268 cessarit.
2093 3211 2270 3280 lnquit
2300 3227 2429 3280 ergo
2463 3227 2477 3262 :
2527 3209 2792 3263 Virtutem
2845 3225 3154 3281 aggressus,
3209 3227 3395 3281 perse-

1815 3320 1941 3359 vera
1973 3319 2145 3373 usque
2175 3303 2229 3356 iu
2269 3303 2470 3367 tinem;
2509 3317 2685 3371 neque
2734 3302 2880 3354 enim
2906 3302 3105 3355 novisti
3141 3318 3393 3372 quaenam

1816 3412 1878 3452 ex
1900 3397 2008 3451 tuis
2043 3396 2202 3451 bonis
2235 3395 2492 3464 operibus
2533 3392 2796 3464 placitura
2827 3392 3133 3448 sintJudici
3162 3412 3172 3444 :
3233 3395 3395 3448 illane

1814 3509 1935 3563 quae
1955 3493 2106 3562 juxta
2137 3505 2385 3545 carceres
2414 3487 2691 3558 peregisti,
2715 3503 2784 3541 an
2807 3501 2869 3541 ea
2901 3501 3021 3555 qua:
3043 3485 3154 3556 jam
3188 3487 3392 3555 perdu-

1815 3595 1936 3640 ctus
1963 3584 2029 3639 ad
2061 3591 2282 3637 metam.
2311 3580 2468 3646 Quod
2501 3580 2543 3634 si
2567 3591 2797 3649 utraque
2831 3579 3034 3632 eodem
3054 3579 3254 3648 pariter
3273 3594 3392 3633 mo-

134 3665 381 3736 μετανοῶ
405 3681 418 3694 ·
455 3666 556 3719 οὐκ
585 3661 737 3730 οἶδας
765 3669 818 3722 τί
843 3687 926 3722 σοι
953 3671 1337 3742 ἀκολουθήσει,
1369 3673 1401 3745 ἢ
1435 3675 1564 3727 πότε
1596 3675 1710 3728 ἐπι-

1817 3679 1886 3733 do
1906 3675 2296 3745 approbeutur,
2326 3671 2585 3726 bonitatis
2613 3680 2669 3725 et
2706 3669 3057 3740 perfectionis
3084 3669 3241 3739 plena
3259 3685 3390 3724 cen-

133 3756 394 3829 στήσεταί
425 3774 506 3810 σοι
538 3759 570 3828 ἡ
599 3758 852 3830 τελευτή·
894 3760 1034 3814 ὥστε
1066 3762 1231 3816 καλὸν
1263 3765 1349 3816 ἀεὶ
1375 3764 1710 3834 ἐργάζεσθαι

130 3848 229 3918 τὴν
255 3847 478 3919 ἀρετὴν,
518 3849 615 3924 καὶ
659 3849 757 3922 τὴν
801 3852 985 3923 ἐαυτῷ
1009 3854 1208 3907 πᾶσαν
1236 3855 1465 3922 δύναμιν
1493 3859 1667 3908 ποιεῖν
1694 3873 1707 3886 ο

132 3939 265 3992 Θεὸν
293 3940 347 3993 δὲ
381 3927 749 4023 παρακαλεῖν,
785 3943 871 4013 ἐφ’
892 3937 936 4012 ᾧ
961 3946 1031 3999 τὰ
1061 3945 1193 4016 παρ’
1216 3945 1374 4016 ἡμῶν
1407 3947 1711 4019 ταττόμενα

134 4031 337 4115 ἀρεστὰ
361 4035 425 4103 τῇ
460 4033 628 4086 αὑτοῦ
655 4034 958 4107 ἀγαθότητι
992 4037 1396 4107 καταφανῆναι.
1668 4027 1670 4029 ί

1817 3767 2027 3822 sebitur
2068 3761 2377 3834 huiusmodi
2406 3761 2670 3830 operatio.
2701 3760 2808 3815 Aut
2838 3760 2996 3814 aliter
3026 3759 3097 3814 ita
3129 3759 3392 3830 intellige:

1816 3860 1900 3922 Ab
1931 3858 2157 3912 ineunte
2183 3855 2415 3925 pueritia
2439 3868 2668 3923 operare
2712 3853 2991 3918 virtutem,
3014 3869 3194 3923 neque
3239 3852 3396 3907 dixe-

1816 3950 1915 4011 ris,
1947 3948 2106 4002 Nunc
2130 3945 2534 4001 adolescentior
2553 3960 2676 4000 cum
2709 3945 2833 4010 sim,
2862 3945 3012 3999 fruar
3037 3944 3245 4000 deliciis
3259 3959 3396 4014 quas

1821 4040 1988 4096 habet
2016 4038 2160 4104 vita;
2195 4046 2382 4108 postea
2413 4051 2561 4096 vero,
2590 4051 2714 4090 cum
2744 4036 2809 4091 ad
2831 4045 3170 4092 senectutem
3204 4047 3396 4106 perve-

135 4125 383 4191 nero,'ad
420 4126 797 4196 pmnitentiam
830 4144 918 4183 me
956 4137 1277 4185 convertam
1321 4147 1336 4183 :
1369 4145 1711 4201 nequaquam
1751 4134 1898 4189 enim
1921 4135 2062 4186 nosti
2089 4129 2338 4200 quiiltibi
2374 4136 2698 4184 eventurum
2739 4127 2829 4193 sit,
2889 4138 2982 4183 aut
3031 4120 3266 4198 quando
3295 4127 3393 4182 tibi

138 4215 308 4270 aderit
341 4217 460 4272 linis
487 4217 630 4273 vitae.
662 4219 753 4274 Est
776 4221 958 4291 itaque
1011 4235 1192 4291 operae
1223 4223 1460 4293 pretium
1491 4225 1704 4294 operari
1735 4241 1952 4296 semper
1996 4225 2286 4302 virtutem,
2309 4236 2631 4290 summaque
2659 4219 3012 4276 contentione
3041 4221 3108 4274 ad
3142 4220 3281 4274 hanc
3303 4233 3394 4274 as-

139 4308 459 4378 sequendam
486 4308 695 4364 conari.
723 4308 952 4381 Oportet
984 4311 1148 4366 etiam
1185 4325 1328 4382 saepe
1363 4311 1537 4368 Deum
1564 4314 1798 4384 precari,
1817 4324 1878 4370 ut
1907 4329 2029 4385 qua-
2058 4313 2163 4383 ipsi
2195 4315 2519 4382 'operamur,
2569 4309 2691 4380 eius
2737 4309 2848 4366 sint
2875 4309 3146 4381 maiestati
3195 4309 3394 4380 placita

138 4411 194 4455 et
221 4401 462 4455 bonitati.

213 4514 232 4548 ι
259 4494 366 4549 Καὶ
389 4494 561 4563 γλυκὺ
582 4494 643 4547 τδ
672 4495 811 4565 φῶς,
840 4496 938 4550 καὶ
965 4480 1171 4564 ἀγαθὸν
1192 4498 1307 4560 τοῖς
1329 4497 1634 4570 ὀφθαλμοῖς
1651 4497 1712 4554 τδ

142 4587 352 4657 βλέπειν
380 4586 475 4639 σὺν
501 4586 594 4639 τὸν
621 4587 774 4656 ἣλιον
797 4603 814 4617 ⁸
845 4588 929 4641 ὅτι
967 4587 1062 4640 καὶ
1091 4587 1187 4641 ἐὰν
1219 4588 1313 4660 ἔτη
1345 4589 1517 4644 πολλὰ
1547 4589 1712 4662 ζήσε-

138 4697 228 4734 ται
251 4677 566 4748 ἄνθρωπος,
603 4679 659 4732 ἐν
691 4680 859 4734 πᾶσιν
894 4679 1080 4743 αὐτοῖς
1113 4681 1580 4753 εὐφρανθήσεται,
1617 4683 1713 4735 καὶ

145 4771 504 4844 μνησθήσεται
546 4772 615 4826 τὰ
647 4772 784 4844 ἔργα
812 4771 908 4826 τοῦ
941 4773 1187 4837 σκότους,
1216 4776 1298 4829 ὅτι
1343 4775 1515 4829 πολλὰ
1561 4774 1714 4828 ἔσον-

144 4880 256 4918 ταιο
303 4865 397 4917 καὶ
432 4864 544 4917 πᾶν
590 4864 655 4917 τὸ
694 4865 994 4935 ἐρχόμενον
1045 4867 1369 4937 ματαιότης.
1403 4887 1421 4918 ι
1462 4867 1713 4922 Διδάσκει

145 4954 296 5008 πσίαν
318 4953 530 5025 πρωῖαν
559 4955 733 5025 ἔφησε
764 4955 1032 5026 σπείρειν,
1069 4955 1386 5027 ἧγουν,’τὴν
1415 4957 1597 5026 ἡδεῖαν
1619 4959 1711 5012 καὶ

147 5043 394 5114 γλυκεῖαν
416 5048 530 5110 τοῖς
558 5049 772 5118 νοητοῖς
797 5033 1118 5119 ὀφθαλμοῖς,
1147 5048 1212 5119 ἢν
1239 5047 1533 5117 ἐργάζεται
1552 5051 1588 5103 ’ὃ
1613 5051 1709 5119 τῆς

147 5131 482 5202 δικαιοσύνης
524 5136 700 5210 ἣλιος,
747 5137 1116 5206 καταυγάζων
1161 5136 1321 5208 ἡμῶν
1368 5137 1468 5200 τὰς
1515 5137 1717 5208 ψυχάς.

153 5225 357 5293 Ὠσπερ
382 5223 491 5294 γὰρ
516 5229 564 5278 οῖ
589 5228 681 5281 τὸν
709 5227 969 5299 αἰσθητὸν
997 5228 1150 5299 ἥλιον
1183 5227 1496 5298 βλέποντες,
1527 5227 1595 5282 δι’
1618 5231 1719 5282 αύ-

151 5315 240 5370 τοῦ
273 5314 530 5386 βλέπουσι
570 5319 667 5371 καὶ
702 5318 772 5388 τὰ
803 5319 996 5391 ὁρατὰ,
1033 5321 1128 5374 καὶ
1163 5318 1307 5374 οὕτω
1336 5319 1437 5384 τὰς
1461 5318 1722 5389 αἰσθητὰς

154 5407 405 5478 ἐργασίας
434 5408 823 5478 μετέρχονταιο
850 5413 901 5463 οἱ
931 5411 988 5464 δέ
1013 5412 1089 5483 μὴ
1116 5411 1406 5483 βλέποντες
1429 5411 1523 5465 τὸν
1546 5410 1720 5482 ἥλιον,

155 5497 267 5554 οὐδὲ
307 5498 556 5570 ἐνεργεῖν
606 5499 884 5567 δύνανται,
911 5501 990 5574 τῷ
1034 5501 1113 5574 ,μὴ
1159 5504 1292 5576 ὀρᾷν
1325 5502 1394 5558 τὰ
1423 5501 1516 5556 ὑπ’
1549 5498 1715 5555 αὐτοῦ

256 5679 294 5711 "
317 5677 478 5736 Joan.
502 5694 577 5746 ιχ,
608 5678 664 5734 4.

1951 4490 2118 4546 Vens.
2151 4489 2274 4555 7,8.
2307 4508 2327 4542 ι
2351 4489 2520 4546 Dulce
2548 4490 2755 4555 lumen,
2800 4499 2856 4545 et
2877 4489 3082 4545 bonum
3113 4488 3196 4547 est
3221 4494 3396 4549 oculis

1812 4583 1998 4640 videre
2023 4583 2213 4637 solem.
2242 4580 2300 4635 Si
2324 4581 2482 4636 annis
2505 4581 2689 4635 multis
2715 4581 2908 4636 vixerit
2935 4582 3097 4637 homo
3129 4583 3184 4637 in
3219 4585 3396 4640 omni-

1813 4679 1914 4734 bus
1941 4677 2026 4730 his
2048 4675 2340 4737 laetabitur,
2365 4683 2420 4728 ct
2443 4675 2818 4728 recortlabitur
2840 4690 3003 4742 opera
3022 4677 3394 4742 tenebrarum,

1812 4769 2069 4841 quoniam
2101 4767 2286 4820 multa:
2317 4766 2555 4820 tenebras
2589 4773 2774 4828 erunt,
2827 4775 2883 4818 et
2903 4781 3068 4820 omne
3119 4769 3264 4835 quod
3285 4772 3394 4822 ad-

1814 4861 1984 4919 venit,
2012 4857 2246 4913 vanitas.
2287 4873 2305 4907 »
2338 4855 2508 4909 Docet
2550 4869 2653 4907 nos
2713 4854 2817 4908 hoc
2869 4853 2990 4908 loco
3039 4856 3396 4914 Ecclesiastes

1818 4953 1978 5023 quale
2005 4952 2076 5006 sit
2112 4949 2242 5005 illud
2265 4963 2426 5004 mane
2452 4962 2561 5017 quo
2588 4962 2689 5002 nos
2716 4946 2966 5002 hortatus
3009 4955 3100 5002 est
3129 4947 3394 5014 sationem

1818 5045 2020 5109 facere,
2050 5044 2155 5099 hoc
2183 5050 2287 5110 est,
2319 5057 2487 5099 suave
2509 5052 2733 5111 prorsus
2765 5054 2830 5094 ac
2850 5038 3010 5095 dulce
3037 5035 3397 5111 oculisipdius

1816 5137 2157 5204 intellectus;
2187 5149 2370 5200 mane,
2388 5134 2633 5203 inquam,
2657 5131 2786 5187 illud
2802 5131 2946 5201 quod
2963 5122 2965 5124 ’
2973 5129 3225 5202 producit
3233 5131 3396 5202 justi-

1818 5230 1908 5285 tiae
1957 5228 2073 5293 Sol,
2128 5227 2338 5281 animas
2389 5233 2603 5280 nostras
2653 5223 2870 5279 interno
2918 5221 3209 5293 splendore
3270 5223 3397 5280 illu-

1819 5329 2022 5376 strans.
2043 5318 2196 5372 Sicut
2225 5316 2316 5386 qui
2347 5315 2516 5370 solem
2547 5313 2694 5369 hunc
2723 5313 3037 5370 sensibilem
3061 5311 3269 5381 vident,
3296 5330 3397 5383 per

1821 5411 1996 5481 ipsius
2020 5409 2206 5464 lumen
2228 5406 2468 5470 visibilia
2491 5405 2798 5486 intuentur,
2857 5410 3026 5474 atque
3073 5403 3147 5459 ila
3200 5419 3396 5461 scmus

1824 5503 1975 5572 ipsos
2000 5498 2168 5557 variis
2194 5496 2384 5555 ciliciis
2419 5494 2716 5554 intendunt
2745 5511 2759 5550 :
2792 5495 2884 5566 qui
2908 5509 3038 5552 vero
3063 5495 3235 5552 solem
3283 5511 3394 5555 non
