3876 6304
490 245 588 311 6H

1562 231 2080 305 ULYMPIODO'RI
2122 235 2650 300 ALEXANDRINI

3653 235 3768 298 Gl!

483 357 694 426 vident,
724 359 1047 414 intenebris
1077 347 1324 413 desident
1349 321 1517 410 otiosi
1553 369 1619 408 eo
1641 352 1786 422 φηςι
1832 365 1943 406 non
1971 352 2052 406 vi-

2177 347 2534 420 ρωτιζνίμενυτ.⁸
2566 347 2746 409 οὕτως
2777 347 2869 400 καὶ
2901 348 2948 400 oi
2981 347 3073 400 τὸν
3106 348 3297 417 νοητὸν
3321 347 3474 419 ἥλιον
3496 353 3774 418 ἐνοπτρί-

483 450 650 506 deant
671 465 791 519 quae
818 451 947 505 solis
971 449 1174 503 lumine
1193 447 1563 501 illustrantur:
1599 445 1671 498 ita
1701 445 1814 514 pari
1844 444 2055 497 ratione

485 548 542 597 et
575 545 670 612 qui
702 541 1093 612 intelligibilem
1157 545 1487 596 contuentur
1532 538 1724 600 solem,
1776 536 1960 590 lumen
2001 535 2070 588 in'

487 641 671 694 mente
693 645 792 688 sua
829 633 1114 701 recipiunt,
1139 647 1236 701 per
1266 630 1411 700 quod
1455 629 1616 699 plane
1669 628 1855 681 vident
1895 635 2058 695 atque

489 730 830 793 cognoscunt
854 737 974 791 qure
1004 722 1071 776 ad
1092 721 1339 791 ejusdem
1393 720 1527 774 solis
1578 717 1909 773 voluntatem
1955 716 2055 772 sibi

487 814 695 883 agenda
723 822 870 878 sunt,
901 828 1091 882 quaeve
1114 813 1278 866 etiam
1303 810 1643 868 dimittenda.
1671 809 1722 864 ls
1752 817 1934 862 autem
1965 806 2057 876 qui

489 905 556 959 ad
591 905 762 960 divini
789 903 950 959 Verbi
974 906 1303 959 sententiam
1355 901 1794 958 vivendum-sibi
1851 899 2061 955 conslia

490 1004 623 1056 tuat,
657 995 868 1048 tametsi
903 994 1105 1048 multos
1131 1009 1305 1049 annos
1327 1003 1573 1047 versetur
1595 992 1648 1046 in
1673 992 1783 1048 vita
1810 992 1909 1044 hac
1939 1003 2060 1058 qua:

485 1083 718 1139 diﬁieilis
738 1085 910 1140 ferme
926 1086 994 1141 ab
1016 1086 1272 1139 omnibus
1289 1085 1647 1147 existimatur,
1673 1083 1853 1136 anima
1877 1089 2059 1135 tamen

486 1191 584 1230 sua
601 1177 878 1245 voluptate
902 1177 1192 1246 laetitiaque
1221 1176 1587 1246 perfunditur.
1615 1189 1737 1228 cum
1755 1187 1863 1226 non
1882 1170 2057 1225 solum

487 1268 884 1335 complectatur
920 1267 1103 1321 animo
1145 1276 1201 1320 et
1239 1266 1500 1336 intelligat
1544 1279 1666 1333 qua:
1693 1262 1899 1333 agenda
1954 1259 2058 1314 sibi

487 1339 618 1410 sunt
650 1357 702 1410 in
729 1359 966 1426 practice
993 1359 1114 1412 vitae
1142 1371 1327 1420 cursu,
1357 1372 1546 1411 verum
1573 1356 1736 1410 etiam
1765 1362 1948 1408 mente
1967 1367 2059 1422 pas

489 1448 765 1502 eatissima
792 1450 1191 1518 contempletur
1230 1442 1626 1517 pulcherrimas
1681 1446 1798 1500 illas
1847 1445 2057 1514 species

2153 440 2372 508 ζόμενοι
2406 438 2475 492 δι’
2500 436 2670 491 αὑτοῦ
2702 436 3204 507 καταφυγῑίζονται,
3229 439 3369 508 πρὸς
3403 440 3467 494 τὸ
3493 443 3634 512 δρᾷν
3665 445 3772 494 καὶ

2154 531 2374 602 βλέπειν
2401 529 2438 583 ἃ
2467 529 2550 582 δεῖ
2577 527 2843 599 πράττειν
2885 530 3028 582 κατὰ
3072 528 3136 582 τὺ
3178 522 3346 583 αὐτοῦ
3379 530 3628 602 θέλημα,
3662 535 3769 585 καὶ

2153 617 2229 676 ὧν
2255 620 2579 691 ἀπέχεσθαι.
2598 619 2658 672 '0
2685 619 2741 672 δὲ
2770 621 2914 672 κατὰ
2941 619 3004 673 τὸ
3027 620 3122 673 τοῦ
3148 619 3311 688 λόγου
3342 620 3596 693 βούλημα
3617 623 3763 688 ζῶν,

2157 713 2262 768 κᾶν
2290 712 2584 766 πολυετίαν
2613 711 2928 782 διαγένηται
2972 712 3032 763 ὲν
3070 710 3210 781 τῷδε
3243 711 3323 782 τῷ
3359 711 3462 782 βίῳ
3503 714 3588 783 τῷ
3634 717 3768 767 ἐπι-

2161 804 2346 876 μόχθῳ
2373 801 2514 857 εἶναι
2542 803 2811 869 δοκοῦντι,
2836 804 3302 875 κατευφραίνεται
3328 804 3430 875 τὴν
3450 805 3668 875 ψυχὴν,
3687 807 3770 859 τά

2154 913 2215 950 τε
2249 896 2503 967 πρακτέα
2535 896 2631 950 καὶ
2652 897 2721 950 τὰ
2747 895 2912 968 νοητὰ
2940 895 3112 966 κάλλη
3147 895 3487 967 περιαθρῶν,
3525 897 3621 951 διὰ
3642 900 3770 952 τῶν

2156 989 2436 1060 φωτεινῶν
2452 988 2546 1042 τοῦ
2566 988 2936 1061 προρηθέντος
2955 988 3109 1058 ἡλίου
3133 989 3525 1058 μαρμαρυγῶν
3541 991 3764 1059 ἔκλαμ-

2157 1080 2416 1149 πόμενος.
2434 1081 2844 1149 Ἀναλογίζεται
2875 1079 2932 1132 δὲ
2962 1081 2991 1132 ὁ
3019 1079 3260 1154 τοιοῦτος
3285 1081 3380 1132 καὶ
3404 1082 3510 1145 τὰς
3537 1083 3766 1152 ἡμέρας

2161 1173 2256 1224 τοῦ
2284 1171 2508 1234 σκότους
2533 1169 2628 1224 τοῦ
2657 1170 2948 1241 μέλλοντος
2969 1171 3098 1234 τοὺς
3132 1171 3350 1236 ἀσεϐεῖς
3381 1173 3760 1242 διαδέχεσθαι,

2163 1263 2262 1316 καὶ
2303 1261 2663 1332 μνημονεύων
2709 1263 2792 1316 ὅτι
2845 1262 3198 1332 ἀτελεύτητοι
3246 1265 3624 1334 τυγχάνουσι·
3659 1267 3760 1316 καὶ

2162 1354 2245 1406 ὅτι
2281 1356 2582 1425 ματαιότης
2611 1355 2891 1423 ἐκδέχεται
2923 1356 3050 1418 τοὺς
3085 1355 3471 1425 ἁμαρτωλοὺς,
3499 1356 3759 1410 τουτέστι

2163 1443 2406 1508 κόλασις,
2444 1443 2586 1496 κατᾶ
2620 1443 2824 1512 κράτος
2861 1443 3186 1512 ἐκτρέπεται
3217 1443 3319 1513 τὴν
3346 1445 3581 1498 κακίαν.

489 1556 663 1610 quma
693 1542 921 1596 materia
943 1542 1224 1610 seiunctae,
1270 1541 1386 1595 solo
1442 1539 1720 1594 intellectu
1778 1535 2172 1607 percipiuntur.
2222 1534 2390 1605 6⁵12
2448 1533 2772 1604 Speculatur
2829 1544 3012 1588 autem
3069 1535 3206 1601 haec,
3251 1535 3618 1591 lueidissimis
3667 1535 3761 1604 ju-

492 1635 654 1690 stitiat
701 1635 842 1690 Solis
893 1635 1192 1706 fulgoribus
1237 1634 1556 1688 illustratus.
1602 1631 1788 1700 Neque
1851 1643 1980 1683 vero
2017 1635 2224 1682 tantum
2292 1629 2408 1682 hate
2457 1628 2574 1697 ipsa
2599 1635 2909 1691 contuetur,
2955 1643 3148 1682 verum
3196 1637 3421 1698 reputat
3451 1629 3672 1683 animo,
3707 1639 3765 1682 et

493 1726 841 1780 tenebrarum
877 1727 994 1781 dies
1020 1727 1113 1796 qui
1153 1726 1208 1780 in
1243 1726 1425 1788 futuro
1453 1725 1649 1780 saeculo
1683 1730 1810 1779 sunt
1862 1721 2059 1791 impios
2106 1715 2580 1791 com‘prehensuri.
2620 1720 2687 1774 Et
2728 1736 2850 1775 cum
2897 1721 3210 1776 meminerit
3247 1721 3367 1778 dies
3401 1722 3530 1778 illos
3558 1737 3766 1792 peren-

494 1833 592 1872 nes
645 1817 784 1878 fore,
835 1827 1264 1888 peeeatoresque
1296 1818 1443 1887 ipsos
1483 1816 1782 1870 vanitatem
1825 1813 2098 1884 excipere,
2132 1811 2239 1870 hoc
2281 1821 2393 1876 est,
2425 1820 2628 1866 aeterna
2663 1811 2954 1882 supplicia,
2993 1814 3145 1868 omni
3169 1814 3369 1869 studio
3419 1823 3476 1868 et
3503 1865 3506 1868 _
3530 1825 3766 1867 conten-

495 1913 643 1966 tione
678 1909 915 1964 declinat
935 1925 966 1963 a
998 1909 1161 1974 malo,
1183 1910 1500 1977 bonumque
1531 1916 1801 1977 operatur.

566 1999 727 2054 Vens.
755 2001 806 2066 9,
846 2001 932 2053 10.
967 2019 986 2053 ι
1027 2000 1252 2066 Laetare,
1295 2001 1530 2070 iuvenis,
1595 2000 1647 2053 in
1703 1997 2066 2054 adolescentia

2243 2012 2266 2046 ι
2295 1992 2629 2063 Εὐφραίνου,
2655 1992 2930 2059 νεανίσκε,
2957 1995 3014 2046 ὲν
3041 1995 3257 2064 νεότητί
3279 2012 3392 2060 σου,
3420 1998 3520 2049 καὶ
3548 2000 3762 2067 ἀγαθο-

495 2098 608 2153 tua,
629 2099 685 2144 et
710 2089 1116 2145 bonisfruatur
1134 2105 1230 2145 cor
1257 2100 1408 2146 tuum
1441 2090 1495 2145 in
1530 2090 1732 2145 diebus
1747 2090 2066 2144 adolescen-

497 2180 584 2235 tiae
613 2196 738 2246 tute,
771 2183 1218 2238 etimmaeulatus
1238 2181 1524 2236 deambula
1552 2181 1610 2255 in,
1632 2181 1847 2235 semitis
1882 2179 2066 2235 cordis

495 2272 596 2336 tui,
619 2281 676 2327 et
705 2271 760 2326 in
781 2272 996 2328 visione
1022 2274 1305 2328 oculorum
1350 2281 1593 2328 tuorum.
1633 2290 1653 2324 ι
1710 2271 1848 2326 Cum
1887 2271 2018 2325 dicit
2049 2287 2064 2324 :

495 2362 723 2416 Ambula
758 2363 1136 2417 immaculatus
1163 2364 1220 2416 in
1265 2364 1464 2418 semitis
1522 2365 1692 2416 cordis
1745 2363 1863 2429 tui;
1906 2363 2068 2432 plano

494 2453 736 2508 ostendit
764 2453 911 2524 quod
941 2453 1007 2508 ad
1037 2452 1372 2523 spiritualem
1404 2453 1648 2507 laetitiam
1678 2452 1781 2508 hoc
1837 2455 1958 2508 loco
1973 2453 2068 2521 ,ᾖα-ι

498 2559 699 2598 veneni
731 2544 1071 2598 cohortatur:
1101 2543 1367 2598 Juvenem
1391 2558 1524 2599 vero
1576 2543 1957 2614 intelligit,qul
2001 2543 2071 2599 sit

497 2634 964 2688 animo-robustus
988 2648 1053 2689 ac
1087 2634 1265 2700 fortis,
1297 2642 1352 2689 et
1399 2635 1491 2704 qui
1546 2643 1662 2689 tuto
1697 2635 1873 2705 possit
1909 2643 2071 2704 atque

501 2725 772 2794 intrepide
811 2732 1006 2780 contra
1057 2725 1259 2790 diaboli
1295 2725 1708 2786 eolluctationes
1726 2726 1780 2780 in
1817 2740 2070 2796 campum

499 2815 856 2878 descendere,
889 2830 1095 2871 exuere
1131 2815 1414 2885 antiquum
1445 2817 1724 2872 hominem
1757 2833 1820 2873 ac
1846 2818 2074 2874 induere

501 2921 632 2964 eum
665 2907 756 2976 qui
775 2908 932 2962 sitad
963 2907 1254 2978 imaginem
1291 2909 1385 2965 Dei
1417 2908 1614 2979 factus.
1649 2907 1749 2964 llic
1770 2918 1952 2965 autem
1981 2909 2074 2980 qui
2120 2898 2132 2908 ’

503 2998 748 3053 ambulat
776 2997 1150 3054 immaculatus
1182 3000 1238 3054 in
1257 3000 1466 3055 semitis
1493 3000 1672 3056 cordis
1703 3000 1806 3066 sui,
1841 3001 1946 3055 hoc
1967 3007 2073 3065 cst,

504 3089 744 3144 animam
799 3089 852 3142 in
898 3099 1023 3144 tuto
1040 3090 1160 3146 loco
1211 3091 1574 3158 constituens,
1604 3101 1952 3161 mentemque
1979 3107 2076 3162 pu-

508 3181 744 3245 ritirans,
787 3181 951 3236 habet
980 3182 1166 3252 utique
1185 3192 1240 3237 et
1269 3199 1438 3254 puros
1477 3183 1559 3238 sui
1591 3183 1834 3252 corporis
1861 3198 2074 3250 sensus,

508 3271 862 3341 redditurque
892 3273 1208 3342 aptissimus
1249 3274 1318 3329 ad
1349 3275 1696 3330 admirabiles
1717 3276 2078 3346 pulchritudi-

509 3356 1110 3426 ncscontentplandas,
1141 3358 1382 3414 laetitiam
1440 3375 1708 3414 summam
1768 3359 2076 3430 percipiens

508 3445 561 3500 in
585 3447 853 3517 spirituali
895 3450 1266 3506 adolescentia
1330 3451 1654 3521 internaque
1699 3451 1898 3506 mentis
1950 3466 2077 3521 per-

507 3535 697 3605 Spieua
744 3536 978 3592 visione.
1033 3537 1172 3603 Quia
1202 3555 1330 3595 vero
1371 3541 1616 3595 mascula
1673 3543 2081 3596 nomenclatura

509 3643 753 3697 persaepe
782 3627 1061 3699 Scriptura
1090 3631 1260 3685 utitur
1301 3631 1356 3684 in
1384 3631 1470 3686 his
1497 3633 1632 3687 locis
1690 3633 1746 3686 in
1777 3633 1975 3702 quibus
2002 3632 2082 3687 fe.-

511 3718 685 3773 tninas
697 3733 851 3789 aeque
880 3735 942 3784 ac
968 3721 1197 3776 virosad
1217 3722 1471 3777 virtutem
1498 3724 1765 3790 hortatur,
1800 3723 2082 3780 sciendum

509 3812 765 3880 estquod
801 3812 1240 3883 aprincipaliori.
1266 3823 1421 3885 parte
1481 3829 1548 3870 ac
1600 3831 1733 3876 sexu
1776 3815 2080 3871 orationem

511 3903 854 3974 aggreditur:
887 3905 1121 3960 mulieris
1149 3922 1385 3977 namque
1433 3919 1590 3978 caput
1609 3916 1685 3963 est
1729 3909 1812 3964 uir
1834 3908 1914 3974 ης
1974 3922 2082 3962 una

512 4011 640 4050 vero
672 3997 885 4066 utrique
927 3997 1123 4052 animae
1157 4009 1240 4054 est
1270 3999 1594 4066 substantia,
1619 4009 1674 4056 et
1701 4015 1870 4054 unum
1895 4014 2083 4054 sumus

513 4101 704 4142 omnes
729 4087 783 4141 in
809 4086 1059 4166 Domino,
1087 4104 1211 4143 eum
1233 4089 1452 4145 feminei
1478 4105 1642 4146 sexus
1670 4089 1948 4160 virilisque
1975 4090 2082 4144 dif-

513 4177 743 4233 ferentia
772 4179 840 4233 ad
863 4195 1064 4251 corpus
1088 4182 1263 4235 solum
1302 4182 1593 4250 pertineat.
1621 4181 1799 4250 Quare
1851 4184 1953 4238 etsi
1975 4185 2081 4240 hoc

515 4267 635 4324 loco
659 4269 1063 4326 adolescentem
1093 4272 1268 4326 solum
1321 4273 1508 4327 videas
1536 4273 1972 4330 adhortationem
1989 4292 2082 4332 ac-

514 4359 718 4426 cipere,
755 4358 857 4412 sub
896 4359 1060 4429 hujus
1082 4369 1260 4414 tamen
1289 4361 1686 4428 adhortationis
1713 4362 1830 4434 lege
1857 4354 2085 4420 feminas

515 4455 706 4518 putato
731 4463 885 4518 aeque
935 4465 1001 4505 ac
1051 4449 1197 4506 viros
1242 4451 1389 4522 ipsos
1444 4455 1855 4524 comprehendi.
1909 4455 2086 4511 Verba

2164 2085 2310 2140 νάτω
2341 2101 2401 2137 σε
2435 2085 2470 2154 ἡ
2503 2083 2699 2154 καρδία
2730 2100 2824 2138 σου
2855 2085 2913 2138 ὲν
2947 2084 3182 2155 ἡμέραις
3213 2085 3472 2156 νεότητός
3503 2105 3643 2153 σου.
3670 2095 3766 2144 καὶ

2166 2174 2458 2247 περιπάτει
2484 2174 2543 2226 ὲν
2574 2173 2714 2237 ὁδοῖς
2745 2173 2973 2244 καρδίας
3011 2173 3104 2226 σου
3137 2173 3395 2243 ἄμωμος,
3415 2175 3518 2228 καὶ
3543 2177 3609 2228 ὲν
3632 2178 3764 2247 ὁρά-

2169 2283 2251 2320 σει
2287 2265 2584 2336 ὀφθαλμῶν
2619 2281 2732 2318 σου.
2757 2283 2785 2319 -ι
2820 2263 2911 2335 Τῷ
2947 2266 3148 2328 είπεῖν,
3190 2264 3302 2319 Καὶ
3341 2267 3665 2334 περιπάτει
3694 2271 3763 2322 ἐγ

2167 2357 2330 2424 ὁδοῖς
2349 2357 2601 2427 καρδίας
2625 2370 2742 2411 σου
2771 2341 3228 2432 ἇμωμοςηέδειξε
3259 2357 3342 2411 ὅτι
3367 2359 3472 2429 τὴν
3504 2375 3762 2431 πνευμα-

2168 2453 2328 2523 τικὴν
2356 2449 2695 2522 εὐφροσύνην
2723 2451 2982 2517 παραινεῖ
3009 2447 3090 2519 τῷ
3131 2438 3405 2522 νεανίσκῳ
3453 2452 3761 2522 εὐφραίνε-

2171 2541 2317 2595 σθαι.
2343 2538 2646 2596 Νεανίσκον
2675 2539 2732 2592 δὲ
2762 2537 2855 2591 τὸν
2886 2537 3031 2592 κατὰ
3063 2537 3245 2610 ψυχὴν
3276 2540 3518 2609 ἀκμαῖον
3537 2542 3642 2595 καὶ
3669 2541 3761 2593 δυ-

2170 2633 2400 2703 νάμενον
2427 2619 2831 2684 ἐπαποδύεσθαι
2863 2629 3006 2683 κατὰ
3037 2630 3132 2698 τοῦ
3165 2631 3405 2702 πονηροῦ
3465 2649 3639 2702 φησι,
3671 2633 3763 2687 τὸν

2171 2724 2615 2794 ἀπεκδυσάμενον
2665 2723 2760 2776 τὸν
2807 2721 3036 2776 παλαιὸν
3063 2723 3375 2792 ἄνθρωπον,
3408 2726 3504 2778 καὶ
3534 2725 3761 2779 ἐνδυσά-

2176 2829 2337 2886 μενον
2370 2814 2464 2868 τὸν
2486 2815 2636 2881 νέον,
2663 2811 2755 2867 τὸν
2797 2813 2918 2867 κατ’
2943 2814 3130 2868 εἰκόνα
3162 2813 3322 2868 Θεοῦ.
3341 2814 3399 2868 '0
3425 2816 3486 2869 δὲ
3510 2815 3761 2878 τοιοῦτος

2176 2909 2234 2962 έν
2262 2907 2404 2971 ὁδοῖς
2427 2906 2650 2978 καρδίας
2673 2905 3276 2978 περιπατῶνᾶμωμος,
3307 2908 3559 2962 τουτέστι
3588 2909 3762 2977 αὐτὴν

2173 2999 2273 3071 τὴν
2300 2999 2478 3069 ψυχὴν
2511 2983 2967 3068 ἀσφαλιζόμενος,
3003 2999 3099 3050 καὶ
3138 2997 3464 3069 καθαρεύων
3505 2998 3616 3068 τὴν
3645 3000 3762 3052 διὰ-

2177 3107 2345 3153 νοιαν,
2369 3090 2480 3161 ἔχει
2512 3090 2610 3161 μὲν
2639 3089 2950 3158 ἀναγκαίως
2975 3090 3197 3160 καθαρὰ
3222 3089 3317 3145 καὶ
3343 3089 3412 3143 τὰ
3438 3089 3534 3143 τοῦ
3571 3089 3765 3161 σῶμα·

2175 3197 2266 3244 τος
2289 3181 2641 3250 αἰσθητήρια.
2672 3179 2822 3250 Πλὴν
2845 3180 3055 3248 γίνεται
3074 3179 3404 3251 διορατικὺς,
3433 3180 3527 3232 καὶ
3556 3179 3765 3249 θεωρεῖ

2179 3270 2348 3340 κάλλη
2385 3269 3149 3340 θαυμάσι,α,,εὑφραινὸμενος
3178 3271 3238 3322 ὲν
3269 3271 3337 3340 τῇ
3379 3267 3543 3323 αὐτοῦ
3596 3286 3766 3323 πνευ-

2180 3363 2382 3432 ματικῇ
2408 3360 2754 3431 νεότητι,καὶ
2773 3362 2840 3431 τῇ
2863 3359 2972 3414 τῶν
2990 3361 3202 3430 νοητῶν
3225 3360 3494 3431 ὀμμάτων
3517 3359 3762 3430 θεωρίᾳ.

2189 3453 2408 3524 Ἐπειδὴ
2427 3453 2485 3508 δὲ
2504 3453 2584 3524 τῷ
2601 3453 2696 3507 τοῦ
2718 3453 2952 3525 ἄρρενος
2982 3453 3212 3523 ὀνόματι
3241 3453 3481 3522 συνεχῶς
3504 3453 3537 3522 ἡ
3559 3451 3764 3522 Γραφὴ

2181 3544 2454 3615 μέμνηται
2475 3585 2492 3610 ,
2519 3543 2652 3598 ἔνθα
2699 3542 2887 3608 κοινὰς
2929 3545 3165 3597 ποιεῖται
3210 3541 3311 3605 τὰς
3361 3542 3721 3613 παραινέσεις
3747 3558 3760 3570 ·

2181 3636 2359 3689 ἰστέον
2389 3635 2466 3699 ὼς
2497 3636 2563 3688 ὲκ
2605 3634 2700 3689 τοῦ
2731 3634 3067 3707 κυριωτέρου
3102 3634 3306 3705 μέρους
3338 3632 3608 3705 (Repulit
3651 3632 3765 3703 γὰρ

2180 3729 2471 3798 γυναικὸς
2499 3731 2533 3783 ό
2559 3726 2736 3797 ἀνὴρ)
2781 3730 3014 3781 ποιεῖται
3052 3725 3146 3780 τὸν
3184 3725 3362 3794 λόγον,
3418 3725 3566 3778 Ἐπὶ
3599 3725 3638 3792 ή
3662 3723 3764 3792 τῆς

2176 3816 2353 3886 ψυχῆς
2381 3817 2539 3870 οὐσία
2569 3815 2689 3886 μία,
2721 3816 2816 3870 καὶ
2849 3811 2930 3880 εἷς
2953 3817 3118 3886 ἐσμεν
3142 3815 3343 3878 πάντες
3366 3815 3424 3868 ὲν
3453 3812 3648 3884 Κυρίῳ
3667 3830 3682 3844 ο
3704 3814 3766 3866 τὸ

2177 3908 2287 3978 γὰρ
2318 3907 2418 3976 τῆς
2450 3907 2670 3978 θηλείας
2717 3908 2819 3962 καὶ
2861 3907 2955 3976 τοῦ
3003 3908 3254 3978 ἄρρενος,
3288 3907 3558 3976 σωμάτων
3597 3906 3765 3974 μόνον

2177 3999 2294 4053 ἐστὶ
2341 3999 2768 4070 διαφορά.Ὠστε
2811 3998 2914 4052 κᾶν
2965 3998 3250 4058 νεανίσκον
3280 3997 3522 4068 ἀκούσῃς
3553 4013 3765 4067 nepa-.-

2177 4089 2474 4155 νούμενον,
2506 4089 2705 4161 ἄνδρας
2753 4077 2888 4161 ὁμόῦ
2935 4089 3029 4143 καὶ
3079 4090 3348 4156 γυναῖκας
3394 4088 3525 4143 νόει.
3572 4080 3706 4141 Κᾶν
3738 4089 3765 4140 ό

2189 4181 2402 4244 Παῦλος
2434 4181 2584 4251 εῑπη,
2602 4180 2982 4250 Ἠρμοσάμην
3006 4178 3168 4248 ὖμᾶς
3187 4178 3279 4233 έ-νὶ
3317 4177 3515 4247 ἀνδρί,
3542 4178 3762 4245 «apes-

2186 4291 2297 4329 νον
2322 4271 2520 4342 ἁγνὴν
2551 4271 2931 4342 παραστῆσαι
2963 4270 3044 4336 τῷ
3077 4269 3330 4340 Χριστῷ,
3372 4271 3534 4324 πάλιν
3561 4271 3763 4339 ὁμοίως

2189 4365 2390 4436 ἄνδρας
2435 4381 2496 4417 τε
2541 4364 2636 4418 καὶ
2665 4367 2930 4432 γυναῖκας
2955 4361 3290 4433 έκλάμῦανε.
3321 4361 3430 4416 Καὶ
3459 4359 3641 4429 τνῶθι
3671 4361 3763 4412 ἐπὶ

2193 4455 2344 4510 πᾶσι
2372 4455 2622 4520 τούτοις,
2652 4453 2739 4507 ὅτι
2769 4454 2900 4518 ἄξει
2931 4470 3005 4508 σε
3034 4456 3068 4508 ὀ
3099 4453 3244 4518 Θεὸς
3278 4453 3350 4505 ἐν
3371 4450 3584 4516 κρίσει.

516 4529 733 4610 quoque
762 4539 911 4595 Pauli
932 4543 1184 4612 apostoli,
1216 4544 1417 4614 quibus
1455 4545 1631 4617 inquit
1658 4569 1674 4604 :
1703 4547 1966 4620 Despondi
2000 4566 2087 4604 vos
2118 4551 2210 4603 uni
2247 4550 2358 4603 viro
2389 4549 2644 4620 virginem
2681 4557 2884 4602 castam
2914 4547 3151 4602 exhibere
3195 4544 3397 4614 Christo
3419 4534 3499 4609 ";'
3541 4551 3655 4596 tam
3704 4545 3765 4592 ait

517 4632 664 4685 viros
691 4631 965 4701 pertinere
981 4648 1150 4703 quam
1193 4635 1262 4692 ad
1306 4635 1568 4696 mulieres
1621 4640 1954 4700 existimem.
2011 4641 2080 4695 Et
2109 4656 2356 4712 cognosce
2410 4640 2467 4694 in
2511 4639 2589 4692 his
2624 4638 2861 4692 omnibus
2908 4637 3044 4707 quod
3085 4638 3238 4691 ducet
3291 4645 3342 4688 te
3373 4633 3512 4688 Deus
3561 4633 3624 4686 in
3675 4632 3769 4700 ju-

517 4722 677 4778 dicio.

1111 4813 1339 4874 CAPUT
1391 4820 1510 4876 ΧΠ.

595 4921 615 4957 ι
643 4902 710 4960 Et
736 4919 954 4962 remove
983 4906 1119 4961 iram
1149 4923 1180 4962 a
1224 4909 1386 4966 corde
1410 4921 1523 4977 tuo,
1543 4920 1600 4967 et
1644 4912 1900 4970 abducito
1937 4913 2092 4968 mali-

521 4995 779 5066 gnitatem
806 5012 837 5050 a
855 5012 1018 5052 carne
1047 5005 1159 5061 tua,
1192 5001 1447 5068 quoniam
1470 5001 1730 5070 juventus
1749 5014 1804 5058 et
1822 5004 2084 5070 amentia,

2781 4816 3033 4871 ΚΕΦΑΛ.
3076 4815 3176 4868 IB’.

2263 4926 2282 4960 ι
2315 4909 2423 4961 Καὶ
2447 4907 2756 4979 ἀπόστησον
2779 4907 2950 4979 θυμὸν
2980 4906 3088 4960 ἀπὸ
3109 4879 3338 4976 καρδίας
3366 4920 3480 4967 σου,
3505 4900 3603 4954 καὶ
3626 4920 3770 4972 παρ-

2183 4998 2358 5066 άγαγε
2399 4998 2665 5070 πονηρίαν
2695 4998 2802 5052 ἀπὸ
2841 4997 3042 5069 σαρκός
3088 5013 3182 5049 σου
3209 5034 3225 5061 ,
3267 4997 3352 5049 ὅτι
3386 4994 3482 5048 καὶ
3505 4994 3542 5062 ἡ
3574 4993 3771 5061 νεότης

522 5087 735 5142 νεηίιεε
757 5090 794 5140 ⁸.
828 5085 1014 5159 [Vens
1045 5087 1122 5159 1.]
1155 5089 1224 5143 Et
1273 5100 1552 5145 memento
1606 5092 1880 5149 Creatoris
1909 5097 1986 5149 tui
2029 5095 2072 5150 in

2183 5093 2276 5144 καὶ
2296 5094 2329 5161 ἡ
2361 5092 2515 5146 ἄνοια
2549 5091 2870 5162 ματαιότης.
2897 5089 3009 5143 Καὶ
3039 5088 3309 5161 μνήσθητι
3337 5086 3436 5140 τοῦ
3471 5084 3771 5146 κτίσαν-τιὴ

526 5171 719 5229 diebus
746 5174 1126 5229 adolescentia:
1156 5185 1280 5240 tute,
1347 5167 1638 5244 antequam
1697 5179 1916 5234 veniant
1969 5181 2084 5236 dies

527 5263 858 5332 aqlllictionis,
887 5271 941 5318 et
975 5265 1101 5318 anni
1126 5265 1179 5318 in
1202 5265 1399 5334 quibus
1414 5265 1562 5321 dices
1586 5285 1597 5321 :
1631 5268 1752 5323 Non
1772 5279 1855 5324 est
1887 5271 2083 5326 volun-

594 5457 636 5488 ³⁸
669 5459 870 5530 Ephes.
898 5474 952 5525 ν,
980 5461 1070 5515 25.
1147 5461 1187 5493 ¹⁹
1221 5459 1263 5514 ιι
1290 5459 1413 5515 Cor.
1441 5475 1516 5525 χι,
1541 5461 1599 5516 2.

601 5641 622 5662 “
650 5637 750 5694 ilic
787 5652 978 5693 versus
1001 5639 1067 5694 ad
1112 5651 1273 5711 caput
1303 5641 1648 5700 undecimum
1679 5640 1934 5712 pertinet.

2184 5198 2265 5248 σε,
2293 5184 2350 5236 ὲν
2379 5184 2616 5256 ἡμέραις
2648 5183 2898 5255 νεότητός
2938 5199 3032 5235 σου
3052 5221 3068 5247 ,
3107 5181 3212 5244 ἕως
3250 5172 3311 5233 οὗ
3343 5181 3422 5250 μὴ
3453 5179 3684 5231 ἔλθωσιν
3717 5178 3768 5229 ai

2180 5273 2383 5344 ἡμέραι
2415 5274 2514 5345 τῆς
2542 5274 2764 5341 κακίας,
2791 5275 2886 5328 καὶ
2927 5273 3207 5343 φθάσωσιν
3237 5270 3359 5342 έτη,
3390 5271 3449 5325 ὲν
3487 5263 3572 5335 οἷς
3600 5268 3768 5338 ἐρεῖς,
