3876 6304
515 242 622 312 615
1595 248 2117 312 OLYMPIODORI
2156 249 2688 312 ALEXANDRINI
3677 252 3790 316 616

515 377 746 435 corpore
770 373 961 420 nostro
989 363 1160 421 exitu.
1185 364 1420 420 Possunt
1439 374 1492 421 et
1520 366 1754 420 custodes
1787 366 1974 422 domus
2003 365 2086 421 in-

2205 363 2309 418 ιῶν
2334 364 2392 418 ai
2418 364 2493 430 ὡς
2519 365 2588 419 δι’
2609 363 2758 418 ὀπῶν
2787 362 3108 436 βλέπουσαι,
3127 363 3306 436 σκὸτῲ
3329 364 3793 436 περιϐάλλονται,

516 457 708 530 telligi,
740 458 985 528 corporis
1009 458 1180 514 nostri
1216 458 1524 514 materiales
1543 458 2086 523 oculiacsensibiles.

2205 455 2625 528 Ιιποκλειομένης
2654 453 2836 528 πάσης
2867 456 3096 527 πορείας
3125 457 3183 510 ὲν
3209 457 3346 527 τῷδε
3375 456 3456 526 τῷ
3484 457 3614 528 βίῳ,
3654 459 3793 511 ὅταν

516 549 612 619 (ιυὶ
639 550 693 604 ἱη
712 551 904 606 mortis
925 551 1171 616 articulo,
1200 551 1500 606 eontuendi
1517 551 1658 606 vires
1673 551 1941 622 exstingui
1964 567 2090 606 sen-

2205 544 2422 616 ἱρξηται
2475 545 2680 618 ἀσθενῆ
2727 547 2824 601 καὶ
2871 547 3098 624 ἀμυδρά
3145 546 3507 617 φθέγγεσθαι,
3541 548 3635 601 διὰ
3687 547 3792 617 τῆς

519 643 682 698 ιίυιιι.
716 641 869 699 Tunc
906 643 1070 698 etiam
1125 643 1374 698 molentes
1417 644 1578 700 otiosi
1640 655 1770 700 sunt
1802 661 1816 698 :
1853 645 1958 700 hoc
1983 653 2088 710 est,

2205 639 2375 709 potvi};
2403 639 2502 709 τῆς
2523 638 2611 692 διά
2635 639 2743 692 τῶν
2769 638 2997 692 ὀδόντων
3019 638 3414 710 ὲξηχουμένης,
3441 640 3470 692 ὀ
3495 640 3569 693 τὰ
3595 638 3793 693 τελευ-

519 732 715 789 deutes
743 733 851 804 ipsi
889 749 952 790 ac
980 735 1212 789 molares
1233 733 1327 804 qui
1354 733 1558 790 inditos
1587 737 1668 790 ori
1694 735 1844 790 cibos
1879 735 2092 790 molunt

2205 732 2317 784 ιαῖα
2347 732 2656 786 ἀναπνέων.
2695 733 2830 804 Πρὶν
2877 728 2971 786 οὖν
3015 733 3075 785 ὲν
3117 734 3183 802 τῇ
3231 732 3458 804 τελευτῇ
3503 731 3693 787 ταῦτά
3725 749 3788 786 σε

518 831 681 892 atque
709 823 1118 890 comminuunt;
1139 838 1249 879 non
1272 824 1416 893 quod
1439 839 1665 895 prorsus
1690 840 1919 879 numero
1935 823 2091 894 pauci

2205 824 2542 890 καταλαϐεῖν,
2571 824 2806 896 ἐργάζου
2835 825 2935 894 τὴν
2957 823 3398 896 άρετήν.Ἀλλως
3425 841 3439 853 ο
3470 825 3564 877 Ἐν
3587 829 3658 896 τῇ
3690 843 3789 894 γε·

521 912 672 976 liant,
703 915 799 969 sed
839 915 965 983 quia
985 914 1050 968 ad
1083 914 1413 985 paucitatem
1454 916 1670 971 virtutis
1705 915 1979 986 olliciique
1995 915 2090 972 de-

2205 917 2316 984 νικῇ
2343 914 2642 986 συντελείᾳ,
2670 913 2861 985 ὥσπερ
2889 913 2978 968 διά
3001 913 3096 968 τοῦ
3126 913 3286 984 λόγου
3315 913 3411 967 τοῦ
3433 913 3576 968 Θεοῦ
3602 917 3638 987 ἡ
3667 916 3788 970 κτί-

521 1006 765 1062 veniant.
785 1006 954 1080 674
979 1006 1205 1079 Pupillae
1234 1022 1452 1078 quoque
1481 1009 1786 1074 oculorum,
1815 1024 1938 1080 qua:
1973 1008 2089 1063 vel-

2205 1026 2280 1072 ςις
2314 1008 2570 1078 συνέστη,
2602 1006 2744 1061 οὑτω
2778 1007 2876 1061 καὶ
2901 1006 2991 1061 διὰ
3029 1005 3125 1060 τοῦ
3168 1005 3316 1060 θείου
3347 1007 3788 1077 προστάγματος

522 1095 600 1149 uti
658 1108 758 1165 per
806 1097 1074 1152 foramina
1140 1097 1388 1167 quaedam
1438 1098 1800 1170 prospiciunt,
1850 1098 2092 1154 tenebris

520 1185 890 1254 abducuntur,
923 1202 1048 1243 cum
1105 1198 1318 1243 meatus
1367 1204 1560 1245 omnes
1613 1197 1668 1244 et
1713 1188 2094 1259 operationum

521 1279 622 1334 viae
652 1279 850 1348 quibus
879 1281 961 1334 usi
992 1296 1180 1336 sumus
1203 1282 1257 1335 in
1289 1283 1421 1349 vita,
1459 1283 1681 1353 penitus
1712 1265 2092 1336 occluduntur.

523 1370 720 1441 Incipit
741 1373 890 1426 enim
916 1382 1046 1428 tunc
1070 1375 1236 1430 homo
1267 1375 1419 1430 tenui
1463 1375 1613 1430 vocis
1639 1375 1728 1430 filo
1757 1390 1821 1430 ac
1879 1373 2095 1429 infirma

523 1481 659 1521 voce
701 1465 790 1519 vix
840 1475 895 1520 et
939 1482 1082 1538 aagre
1116 1467 1262 1538 loqui
1298 1483 1421 1523 cum
1449 1469 1507 1522 in
1545 1477 1794 1523 extremo
1841 1467 2093 1537 respirat.

523 1558 830 1626 Antequam
857 1563 916 1612 te
948 1560 1064 1612 haec
1096 1559 1290 1614 mortis
1335 1560 1680 1615 incommoda
1732 1560 2096 1629 comprehen-

527 1648 680 1713 dant,
699 1663 830 1702 cura
860 1659 921 1703 ut
955 1649 1009 1704 in
1062 1649 1238 1706 oliicio
1259 1652 1354 1716 sis,
1405 1651 1757 1722 opererisque
1815 1651 2092 1706 virtutem.

2193 1098 2502 1154 ἀναλύεται.
2531 1098 2960 1168 Συντελουμένου
2989 1097 3095 1168 γάρ
3122 1096 3217 1150 τοῦ
3249 1095 3514 1166 αἰσθητοῦ
3548 1099 3786 1167 κόσμου,

2195 1190 2428 1262 περιττὴ
2456 1191 2564 1243 τῶν
2595 1193 2900 1262 φωστήρων
2931 1192 2964 1261 ἡ
3005 1189 3197 1260 χρεία·
3229 1191 3351 1243 τότε
3383 1189 3472 1261 δὴ,
3504 1190 3633 1243 τότε
3666 1191 3785 1243 οὐδὲ

2194 1281 2305 1334 τῶν
2336 1281 2508 1334 ὑετῶν
2534 1283 2648 1334 ἐστι
2674 1281 2834 1353 χρεία
2868 1280 2976 1333 τῶν
3018 1280 3169 1334 κάτω
3210 1280 3476 1334 δευόντων
3500 1281 3606 1352 τὴν
3636 1281 3741 1349 γῆν
3765 1299 3780 1311 ·

2195 1371 2332 1425 ἀλλὰ
2376 1371 2576 1441 τρόπον
2621 1370 2744 1424 τινὰ
2788 1370 3226 1442 ἀποστρέψουσιν
3268 1371 3324 1424 αἱ
3357 1371 3587 1439 νεφέλαι
3612 1372 3783 1423 ὀπίσω

2196 1463 2292 1516 τοῦ
2343 1462 2522 1528 ὑετοῦ,
2549 1462 2670 1514 ἀντὶ
2713 1460 2830 1526 τοῦ,
2860 1461 2984 1514 οὔτε
3028 1460 3480 1532 ὀμϐροτοκοῦσιν,
3517 1461 3647 1515 οὔτε
3697 1463 3784 1514 τον

2199 1551 2353 1605 ὑετὸν
2383 1551 2840 1617 καταστάζουσιν,
2869 1552 2902 1622 ἢ
2936 1553 3029 1606 καὶ
3054 1551 3206 1622 αὑτῷ
3236 1552 3674 1606 συναναλύονται
3709 1555 3784 1623 τῷ

2200 1645 2369 1714 ὑετῷ·
2402 1643 2524 1698 οὔτε
2557 1645 2664 1716 γὰρ
2693 1644 2864 1698 ὑετῶν
2893 1643 3017 1697 οὔτε
3046 1644 3288 1713 νεφελῶν
3315 1645 3497 1715 χρεία.
3525 1645 3595 1697 Ei
3626 1645 3684 1697 δὲ
3707 1647 3784 1707 είς

528 1740 718 1805 Aliter,
743 1740 811 1795 ad
838 1741 1201 1797 universalem
1249 1718 1622 1798 mundi-tidem
1645 1718 1716 1796 ita
1742 1743 1856 1797 hate
1883 1755 2098 1796 accom-

2205 1738 2391 1808 ἑτέραν
2415 1736 2493 1806 τῷ
2515 1737 2840 1808 Δημιουργῷ
2857 1737 3046 1808 χρείαν
3073 1736 3463 1808 ὑπηρετοῦσιν,
3499 1738 3637 1799 ίσως
3657 1738 3782 1806 617';-

531 1833 753 1887 modare
773 1834 997 1903 poteris.
1041 1834 1213 1889 Sicuti
1260 1850 1360 1904 per
1396 1835 1623 1889 verbum
1671 1833 1788 1898 Dei,
1849 1843 2100 1889 creatura

530 1923 718 1978 mundi
744 1933 925 1978 creata
945 1933 1028 1978 est
1060 1941 1074 1977 :
1101 1925 1174 1978 ita
1201 1933 1257 1993 et
1274 1925 1460 1979 divino
1478 1925 1637 1995 jussu
1667 1926 1993 1995 quandoque
2010 1940 2097 1979 re-

529 2016 790 2072 solvetur.
825 2015 960 2070 Cum
994 2016 1139 2070 enim
1169 2016 1235 2070 ad
1261 2017 1583 2072 saeculorum
1640 2016 1804 2071 tinent
1863 2015 2102 2071 mundus

530 2105 863 2175 pervenerit,
886 2121 1256 2174 supervacuus
1285 2106 1389 2160 crit
1417 2123 1548 2161 usus
1577 2107 1950 2173 Iuminarium,
1971 2117 2102 2161 tunc

531 2198 708 2267 pluvia
745 2213 882 2267 opus
911 2214 1016 2251 non
1049 2199 1153 2252 erit
1182 2214 1302 2268 qua:
1345 2197 1530 2269 irriget
1563 2208 1782 2263 terram,
1808 2196 1901 2251 sed
1929 2196 2102 2251 nubes

528 2287 974 2356 quodammodoa
1007 2288 1182 2357 pluvia
1211 2296 1357 2342 retro
1396 2296 1806 2352 convertentur,
1855 2287 1959 2341 hoc
1993 2293 2097 2353 est,

530 2379 767 2448 pluviam
787 2379 990 2432 nullam
1020 2379 1246 2444 dabunt,
1272 2379 1358 2433 vel
1387 2394 1513 2432 cum
1545 2379 1737 2466 pluvia,
1757 2379 1959 2448 pariter
1989 2378 2100 2433 sol-

531 2477 749 2532 ventur,
781 2477 836 2522 et
867 2478 1217 2534 evanescent,
1251 2483 1373 2522 eum
1416 2483 1595 2538 neque
1635 2468 1881 2532 nubium,
1922 2481 2102 2538 neque

531 2561 789 2616 imbrium
811 2577 943 2614 usus
965 2561 1159 2629 aliquis
1185 2560 1256 2613 sit
1291 2560 1544 2614 futurus:
1589 2560 1673 2615 vel
1709 2569 1836 2614 tunc
1863 2561 1917 2613 in
1954 2560 2102 2615 aliud

533 2653 892 2708 ministerium
930 2652 1156 2707 Domino
1193 2653 1300 2706 Deo
1316 2651 1592 2714 obedient,
1613 2651 1857 2708 vehicula
1874 2652 2104 2708 fortasse

532 2746 808 2818 gestandis
830 2745 1034 2800 sanctis
1070 2744 1286 2798 etlecta.
1345 2743 1500 2798 Tunc
1545 2753 1601 2798 et
1644 2745 1878 2798 custodes
1921 2745 2104 2798 domus

533 2835 1160 2902 οοιυηιουεὺιιιιιιινξιιοο
1208 2843 1312 2900 est,
1365 2833 1560 2899 saneti,
1613 2833 1947 2890 fortitudinis
2004 2836 2104 2890 viri

536 2931 641 2984 hoc
671 2929 792 2983 loco
819 2925 1114 2996 nuneupati
1147 2943 1161 2981 :
1197 2926 1289 2996 qui
1321 2935 1450 2981 tunc
1499 2925 1553 2979 in
1584 2925 1864 2995 obliquum
1901 2927 2105 2994 paulis-

536 3037 633 3090 per
690 3018 1043 3074 declinabunt
1071 3025 1127 3072 et
1153 3017 1410 3072 secedent
1438 3025 1658 3086 propter
1686 3018 2100 3080 Antichristum,
2129 3047 2173 3106 α

535 3131 645 3168 non
671 3113 817 3181 quod
858 3112 1075 3182 penitus
1118 3109 1500 3166 rectitudinem
1542 3110 1768 3180 iustitia:
1827 3111 2104 3168 remissuri

535 3207 648 3261 sint
667 3215 761 3260 aut
788 3205 986 3260 casuri.
1020 3205 1122 3274 Ipsi
1152 3205 1296 3259 enim
1338 3211 1465 3257 sunt
1493 3203 1745 3258 custodes
1770 3204 2026 3261 Ecclesia:
2056 3215 2110 3262 et

537 3298 726 3352 mundi
763 3297 942 3366 hujus.
980 3311 1210 3366 quorum
1235 3294 1488 3364 praesidio
1532 3294 1785 3348 consistit
1805 3303 1861 3350 et
1884 3311 2103 3352 conser-

537 3401 712 3444 valur.
740 3389 894 3443 Tunc
937 3397 992 3442 et
1026 3387 1275 3441 molenles
1326 3388 1627 3456 redigentur
1655 3387 1726 3440 ad
1761 3389 2108 3457 paucitatem.

535 3482 784 3535 Molentes
818 3496 915 3550 pro
945 3479 1073 3549 ipsis
1095 3478 1294 3533 Judzcis
1343 3477 1646 3546 accipiendi
1675 3488 1824 3546 sunt,
1857 3481 1949 3549 qui
1983 3491 2102 3535 tan-

535 3589 696 3642 quam
717 3573 769 3624 in
790 3569 1020 3641 pistrino
1049 3570 1341 3628 molentes,
1374 3582 1536 3638 grave
1564 3567 1696 3638 legis
1714 3567 1905 3638 jugum
1949 3570 2102 3625 labo-

538 3665 851 3732 riosmnque
877 3661 1221 3732 pertrahunt.
1269 3658 1602 3730 Redigentur
1629 3657 1696 3714 ad
1753 3661 2101 3730 paucitatem,

537 3755 683 3825 quia,
717 3763 912 3824 praeter
932 3767 1150 3823 paucos,
1189 3750 1366 3806 caeteri
1398 3767 1586 3806 omnes
1602 3751 1666 3806 ad
1709 3753 1867 3808 fidem
1901 3753 2101 3811 Christi

2203 1846 2349 1900 ματα
2376 1831 2488 1890 τοῖς
2515 1829 2690 1896 ἁγίοις
2716 1830 2980 1899 γινόμενα
3000 1845 3015 1858 ο
3041 1829 3164 1882 τότε
3203 1829 3296 1881 καὶ
3326 1829 3707 1883 σαλεύονται
3733 1829 3784 1882 ci

2199 1917 2471 1990 φύλακες
2511 1919 2622 1988 τῆς
2669 1921 2882 1986 οἰκίας,
2917 1921 3064 1988 ἆγιοι
3110 1920 3302 1990 ἄνδρες
3349 1920 3451 1982 vi;
3496 1920 3786 1991 δυνάμεως

2200 2011 2501 2082 λεχθέντες,
2526 2011 2978 2082 διαστρεφόμενοι
3006 2013 3104 2082 μὲν
3129 2012 3234 2065 ὑπὸ
3259 2011 3352 2065 τοῦ
3379 2013 3784 2082 Ἀντιχρίστου,

2200 2106 2262 2158 οὑ
2322 2103 2430 2176 μὴν
2464 2103 2841 2171 ὲξατονοῦντες
2888 2105 2921 2174 ἢ
2971 2104 3429 2166 καταπίπτοντες.
3459 2101 3638 2157 Αὐτοὶ
3683 2105 3787 2175 γάρ

2202 2196 2338 2250 εἰσιν
2361 2197 2410 2248 οἱ
2435 2195 2672 2264 φύλακες
2721 2195 2819 2266 τῆς
2864 2212 2923 2248 τε
2977 2195 3322 2266 Ἐκκλησίας,
3357 2196 3451 2249 καὶ
3503 2194 3665 2248 τοῦδε
3698 2195 3787 2248 τοῦ

2203 2286 2430 2358 κόσμου,
2478 2286 2544 2340 δι’
2581 2286 2674 2350 οὓς
2725 2288 2819 2350 καὶ
2871 2287 3211 2341 συνίσταται.
3245 2287 3382 2340 Τότε
3434 2287 3790 2356 ὀλιγοῦνῖαι

2204 2379 2302 2434 καὶ
2328 2381 2388 2432 αἱ
2414 2379 2786 2446 ἀλήθουσαι·
2829 2379 3182 2447 ἀληθούσας
3230 2379 3286 2432 δὲ
3338 2379 3464 2441 τοὺς
3498 2380 3788 2443 Ἰουδαίους

2187 2471 2526 2542 .ὲκληπτέον,
2555 2471 2680 2535 τοὺς
2707 2472 2798 2526 τὸν
2837 2471 3009 2542 βαρὺν
3045 2471 3138 2524 καὶ
3166 2469 3466 2540 ὲπίμοχθον
3501 2471 3676 2539 ζυγὸν
3704 2472 3788 2525 Ei.-

2205 2581 2401 2628 κοντας
2438 2563 2534 2617 τοῦ
2583 2564 2771 2633 νόμου.
2809 2564 3146 2632 Ὀλιγοῦνται
3195 2563 3272 2630 δὲ,
3303 2564 3392 2617 διὰ
3437 2563 3502 2616 τὸ
3553 2565 3786 2627 πάντας,

2205 2653 2343 2725 πλὴν
2381 2642 2600 2722 ὀλίγων,
2633 2654 3031 2727 δεδραμηκέναι
3078 2658 3144 2726 τῇ
3191 2655 3367 2708 πίστει
3399 2656 3496 2708 τοῦ
3522 2656 3785 2726 Χριστοῦ.

2205 2747 2338 2800 Τότε
2352 2747 2460 2818 γὰρ
2478 2748 2585 2810 πᾶς
2600 2746 2816 2819 Ἰσραὴλ
2835 2748 3160 2818 σωθήσεται,
3174 2748 3292 2800 ἀντὶ
3313 2745 3430 2816 τοῦ,
3448 2747 3500 2801 οἱ
3517 2747 3784 2811 πλείονες.

2205 2835 2340 2888 Τότε
2388 2837 2545 2891 αὑτοὶ
2591 2839 2640 2891 οί
2680 2837 2853 2906 ὀλίγοι
2901 2839 2950 2891 ol
3006 2838 3081 2908 μὴ
3135 2837 3698 2910 προσδεδραμηκότες
3726 2841 3786 2910 τῇ

2207 2929 2414 2995 πίστει,
2450 2931 2498 2983 oi
2525 2927 2620 2984 νῦν
2653 2931 2729 2994 ὡς
2751 2930 2820 2982 δι’
2841 2929 2991 2983 ὀπῶν
3019 2930 3108 2983 διὰ.
3136 2929 3232 2983 τοῦ
3265 2931 3496 3000 νομικοῦ
3526 2932 3790 3003 γράμμα-

2205 3036 2296 3084 τος
2327 3019 2638 3090 βλέποντες,
2677 3019 2899 3083 τελείως
2925 3021 3287 3086 σκοτίζονται,
3308 3025 3373 3094 τῇ
3407 3022 3678 3094 ἐνεργείᾳ
3697 3025 3792 3092 τῆς

2208 3111 2414 3180 πλάνης
2441 3113 2773 3176 πεισθέντες,
2799 3113 2892 3166 καὶ
2919 3114 3338 3179 ἀποκλείσαντες
3367 3115 3585 3177 ἑαυτοῖς
3612 3115 3675 3165 ὲν
3694 3115 3793 3184 τῴ-

2205 3205 2263 3258 δε
2309 3203 2385 3274 τῷ
2422 3203 2524 3274 βίῳ
2557 3204 2655 3274 τὴν
2688 3203 2859 3276 θύραν
2908 3205 3008 3274 τῆς
3053 3205 3570 3275 σωτηρίας.“Αγορά
3624 3207 3792 3276 γάρό

2208 3295 2399 3367 παρὼν
2431 3295 2725 3367 ὠνομάσθη
2777 3296 2911 3366 βίος.
2947 3297 3118 3350 Τοῦτο
3167 3298 3222 3350 δὲ
3269 3299 3539 3368 ⁸πάσχουσι
3593 3298 3692 3351 διὰ
3735 3299 3793 3352 τὸ

2207 3389 2562 3458 ὲναπομεῖναι
2592 3391 2652 3442 ὲν
2693 3391 2760 3459 τῇ
2809 3389 3062 3460 ἀσθενείᾳ
3091 3390 3189 3460 τῆς
3219 3391 3402 3461 φωνῆς
3427 3391 3521 3462 τῆς
3549 3391 3794 3462 ἁληθοὺ-

2210 3496 2332 3549 σης,
2359 3479 2608 3533 τουτέστι
2640 3481 2735 3534 τοῦ
2763 3477 2991 3550 νομικοῦ
3021 3482 3371 3552 γράμματος.
3403 3482 3588 3552 Βαρὺς
3625 3483 3741 3556 γάρ
3768 3486 3793 3534 ὁ

2208 3568 2370 3639 νόμος
2403 3567 2497 3622 καὶ
2525 3568 2776 3640 ἀσθενὴς,
2809 3568 3013 3639 μηδένα
3052 3569 3348 3639 δυνάμενος
3378 3570 3696 3636 τελειῶσαι,
3720 3573 3792 3636 ὡς

2211 3663 2303 3715 καὶ
2326 3663 2354 3715 ὀ
2387 3659 2704 3722 Ἀπόστολός
2735 3677 2868 3730 φησι
2887 3678 2900 3692 ο
2935 3660 3004 3714 Τὸ
3025 3659 3135 3729 γὰρ
3155 3659 3412 3726 ἀσθενὲς
3442 3659 3546 3713 τοῦ
3569 3663 3789 3730 νόμου,

2210 3755 2278 3808 ὲν
2314 3747 2362 3820 ᾧ
2388 3751 2628 3820 ἠσθένει
2655 3751 2754 3804 διὰ
2777 3750 2888 3820 τῆς
2911 3752 3170 3820 σαρκός·
3205 3752 3298 3804 καὶ
3329 3751 3397 3806 τά
3434 3751 3585 3821 ἑξῆς.

537 3847 782 3902 conversi
817 3855 997 3900 erunt.
1035 3844 1188 3900 Tunc
1203 3845 1348 3900 enim
1377 3845 1557 3900 salvus
1607 3846 1710 3899 erit
1730 3848 1911 3914 omnis
1953 3849 2118 3905 Israel
2147 3869 2161 3904 :
2192 3849 2292 3904 hoc
2325 3857 2426 3913 est,
2459 3845 2676 3917 plurimi
2707 3860 2772 3900 ex
2803 3843 2993 3899 Israel.
3050 3841 3204 3902 Tunc
3255 3845 3412 3915 pauci
3447 3844 3522 3898 illi
3558 3846 3661 3913 qui
3726 3847 3791 3898 ad

539 3940 697 3994 fidem
728 3937 929 3991 Christi
958 3952 1069 3990 non
1119 3937 1469 3999 accesserint,
1523 3936 1615 4006 qui
1675 3953 1823 3994 nunc
1864 3939 1969 3994 diei
2025 3949 2253 4010 possunt
2283 3923 2555 3994 modicum
2585 3937 2716 4007 quid
2773 3954 2866 4006 per
2889 3937 3155 4008 foramina
3209 3938 3406 3994 littera:
3461 3937 3657 4010 legalis
3708 3956 3792 3994 as-

538 4035 738 4105 picere,
767 4035 1007 4088 caecitate
1053 4031 1239 4085 ultima
1279 4031 1587 4100 caligabunt
1617 4039 1672 4086 et
1727 4033 2125 4098 tenebreseent,
2163 4049 2285 4089 eum
2347 4034 2400 4087 in
2455 4032 2573 4102 ipso
2592 4047 2786 4091 errare.
2844 4034 3062 4102 penitus
3102 4032 3303 4089 fuerint
3359 4033 3697 4097 conﬁrmati.
3737 4045 3790 4088 ct

540 4125 782 4180 viventes
817 4125 869 4178 in
930 4109 1292 4179 obstinatione
1349 4131 1404 4175 ct
1447 4124 1792 4175 contumacia
1817 4123 2041 4192 januam
2073 4125 2265 4179 salutis
2291 4124 2390 4178 sibi
2424 4123 2555 4192 ipsis
2585 4123 2933 4178 occluserint.
2973 4119 3212 4180 Plateam
3247 4141 3376 4180 vero
3428 4127 3542 4181 sive
3577 4127 3786 4193 forum,

540 4235 640 4290 pro
669 4217 920 4288 prmsenti
946 4216 1053 4268 vita
1091 4214 1349 4284 intellige.
1403 4213 1540 4266 Illud
1599 4221 1781 4266 autem
1828 4215 2108 4283 patiuntur
2133 4215 2305 4270 Judaei
2350 4215 2494 4284 quod
2536 4216 2787 4284 superius
2817 4214 3022 4269 dictum
3041 4202 3144 4282 est,
3177 4231 3242 4271 eo
3289 4217 3432 4286 quod
3459 4233 3787 4286 pennanse-

545 4315 651 4366 rint
683 4318 1032 4385 contumaces
1067 4307 1120 4358 in
1162 4304 1479 4358 infirmitate
1521 4305 1670 4358 vocis
1729 4306 2002 4370 molcntis,
2063 4307 2166 4362 hoc
2191 4318 2292 4369 est,
2327 4307 2513 4378 legalis
2559 4306 2768 4362 littera.
2795 4306 2987 4363 Gravis
3016 4308 3161 4363 enim
3215 4307 3301 4362 lex
3323 4319 3407 4363 est
3435 4319 3598 4378 atque
3616 4312 3784 4367 etiam

542 4405 734 4462 debilis
762 4411 818 4456 et
849 4400 1079 4462 inﬁrma,
1122 4413 1246 4451 cum
1271 4391 1570 4467 iustificam
1623 4399 1894 4454 neminem
1935 4403 2107 4471 possit
2145 4419 2158 4456 :
2200 4403 2342 4458 sicut
2373 4410 2427 4456 et
2459 4399 2750 4472 Apostolus
2798 4400 2971 4472 inquit
3005 4419 3018 4455 :
3057 4401 3349 4470 Inﬁrmitas
3377 4403 3513 4456 enim
3539 4403 3696 4473 legis,
3728 4406 3782 4458 in

543 4517 646 4572 qua
679 4496 951 4564 inﬁrmata
978 4502 1051 4546 est
1073 4502 1283 4561 propter
1312 4508 1523 4544 carnem
1549 4495 1614 4558 ²¹,
1647 4501 1701 4548 et
1729 4511 1848 4564 quae
1869 4507 2188 4566 sequuntur.

627 4610 646 4642 ι
679 4590 745 4644 Et
767 4598 1055 4657 consurget
1097 4588 1163 4641 ad
1201 4602 1389 4642 vocem
1416 4587 1707 4658 passerculi
1750 4589 1834 4642 vel
1864 4590 2105 4652 aviculae,
2141 4594 2184 4647 D

544 4691 600 4736 et
636 4680 1062 4735 Inuniliabuntur
1090 4695 1279 4734 onmes
1303 4679 1424 4733 (ili-.e
1451 4681 1669 4743 cantici,
1724 4680 1908 4751 [νεεδ.
1941 4679 1996 4753 4]
2053 4691 2107 4736 ct

543 4775 612 4830 ab
633 4770 914 4826 altitudine
939 4768 1199 4824 videbunt
1223 4777 1277 4824 et
1293 4779 1513 4840 stupore
1542 4770 1595 4824 in
1636 4769 1740 4823 via.
1773 4789 1792 4822 ι
1828 4769 1941 4825 IIoe
1981 4771 2107 4825 loco

544 4865 764 4935 sapiens
789 4871 971 4916 noster
999 4859 1348 4916 Ecclesiastes
1387 4860 1624 4931 loquitur
1647 4860 1715 4914 de
1746 4869 1991 4914 extremo
2013 4862 2107 4931 ju—

543 4953 668 5010 dicii
697 4953 805 5016 die,
829 4951 1045 5022 quando
1075 4951 1274 5005 mortui
1308 4959 1637 5020 consurgent
1664 4951 1881 5025 injussu
1906 4959 1953 5004 et
1988 4966 2108 5004 voce

543 5049 680 5100 tuba:
701 5044 1003 5114 archangeli
1035 5045 1101 5096 ".
1133 5042 1295 5096 Iussu
1321 5053 1503 5094 autem
1556 5043 1811 5110 passeris,
1867 5043 1971 5096 hoc
2002 5051 2107 5106 est,

540 5135 702 5191 Verbi
737 5135 879 5204 quod
902 5147 1158 5214 cqrneum
1185 5146 1384 5199 corpus
1417 5132 1729 5201 assumpsit,
1762 5133 1855 5202 qui
1887 5144 2109 5202 propter

541 5227 833 5284 solitariam
855 5240 1006 5280 suam
1043 5223 1094 5276 in
1123 5237 1285 5277 cruce
1314 5223 1649 5276 mansionem
1679 5223 1746 5277 de
1768 5224 1946 5293 seipse
1974 5225 2110 5279 dixit

541 5317 637 5392 pet<
655 5319 972 5390 prophetam
1005 5315 1171 5370 David
1206 5331 1220 5369 :
1258 5315 1450 5369 Factus
1468 5317 1598 5368 sicut
1631 5332 1811 5383 passer
1834 5315 2106 5370 solitarius

543 5412 597 5463 in
623 5418 754 5463 tecto
774 5407 838 5458 ".
875 5405 1027 5459 'I‘une
1050 5403 1600 5471 lmmiliabunturﬁiia:
1615 5405 1807 5456 cantici
1834 5420 1852 5458 :
1875 5405 1976 5459 hoc
2001 5415 2104 5470 est,

541 5501 736 5552 anima:
768 5496 1058 5551 rationales
1089 5495 1397 5549 mortalium
1428 5494 1734 5560 hominum,
1771 5512 1891 5565 qua:
1913 5496 1970 5550 iu
2001 5499 2096 5552 dc-

2290 4607 2308 4640 ι
2338 4587 2857 4657 Καὶάναστήσεται
2888 4586 2966 4650 είς
2995 4584 3179 4657 φωνὴν
3211 4585 3306 4638 τοῦ
3337 4585 3622 4656 στρουθίου
3644 4628 3659 4649 ,
3691 4588 3785 4641 καὶ

2205 4675 2704 4741 ταπεινωθήσονται
2736 4677 2909 4729 πᾶσαι
2947 4676 3002 4728 αἰ
3039 4675 3338 4746 θυγατέρες
3366 4675 3459 4728 τοῦ
3491 4677 3738 4744 άτματος
3764 4695 3781 4706 ·

2206 4768 2298 4822 καί
2326 4785 2388 4836 γε
2421 4761 2529 4821 ἀπὸ
2561 4766 2729 4835 ὕψους
2762 4767 2983 4836 ὄψονται
3021 4766 3115 4819 καὶ
3146 4766 3392 4836 θάμϐους
3422 4768 3478 4820 ὲν
3503 4770 3567 4838 τῇ
3606 4768 3734 4838 ὀδῷ.
3760 4788 3778 4820 ι

2218 4856 2478 4910 Ἐνταῦθα
2503 4855 2662 4926 σοφὸς
2692 4858 2819 4927 περὶ
2847 4857 2946 4926 τῆς
2984 4855 3211 4914 καθόλου
3240 4859 3585 4920 ἀναστάσεως
3621 4876 3784 4928 φησι,

2203 4947 2292 5000 ὅτε
2335 4948 2382 5000 οἱ
2417 4948 2603 5018 νεκροὶ
2630 4947 2945 5001 ἀνίστανται
2972 4950 3042 5002 ὲν
3076 4951 3436 5018 κελεύσματι
3456 4989 3471 5014 ,
3509 4951 3577 5002 ἐν
3605 4950 3786 5020 φωνῇ

2203 5039 2599 5110 ἀρχαγγέλου.
2636 5039 2982 5111 Κελεύσματι
3012 5042 3069 5095 δὲ
3103 5041 3195 5094 τοῦ
3227 5041 3526 5112 στρουθίου,
3558 5041 3664 5095 τοῦ
3697 5045 3786 5095 iv-

2205 5137 2673 5207 ανθρωπήσαντος
2707 5139 2908 5205 Λόγου,
2933 5137 2992 5201 ὃς
3027 5137 3116 5192 διὰ
3140 5138 3239 5208 τὴν
3272 5139 3328 5190 ὲν
3361 5135 3576 5206 σταυρῷ
3606 5139 3790 5207 μόνω.

2209 5245 2294 5280 σιν
2341 5228 2861 5298 ἐλεγε,Ἐγενήθην
2899 5230 2975 5296 ὡς
3022 5231 3345 5298 στρουθίον
3378 5228 3643 5299 μονάζον
3682 5231 3786 5282 ἐπὶ

2205 5319 2498 5390 δώματος.
2553 5323 2687 5375 Τότε
2735 5321 3160 5376 ταπεινοῦνται
3203 5323 3260 5375 ai
3303 5320 3625 5391 θυγατέρες
3677 5319 3789 5374 τοῦ

2203 5407 2491 5477 ᾄσματος,
2519 5410 2577 5462 αἱ
2609 5411 2666 5462 ὲν
2693 5409 2829 5482 τῷδε
2859 5410 2936 5480 τῷ
2990 5410 3090 5480 βίῳ
3120 5411 3489 5480 τρυφήσασαι,
3522 5409 3613 5462 καὶ
3644 5425 3789 5461 σπα-

2203 5498 2507 5569 ταλήσασαι
2529 5501 2624 5553 καὶ
2653 5504 2720 5572 τῇ
2749 5505 2900 5574 φωνῇ
2932 5503 3040 5556 τῶν
3062 5502 3314 5574 ὀργάνων
3341 5504 3434 5556 καὶ
3465 5502 3573 5556 τῶν
3603 5503 3792 5574 gaga-

615 5652 658 5688 ⁸⁸
684 5653 844 5706 Rom.
877 5665 993 5714 vnt,
1019 5651 1074 5704 5.
1149 5647 1241 5701 “I
1277 5647 1468 5704 Thess.
1493 5664 1566 5702 tv.
1605 5647 1705 5710 15;
1757 5648 1774 5701 l
1803 5647 1927 5701 Cor.
1964 5666 2046 5716 xv,
2078 5649 2165 5704 5'2.
2241 5652 2286 5693 ³³
2316 5650 2458 5707 Psal.
2496 5668 2565 5718 cn,
2596 5654 2647 5707 8.
