3876 6304
447 243 552 310 619
1541 233 2062 296 ΟῘΧΜΡΙΟΒΟΒῙ
2099 215 2632 296 ALEXANDRINI
3635 227 3762 290 seu

449 355 576 427 quia
624 350 885 407 incolatus
934 368 1080 406 meus
1123 351 1464 423 prolongata:
1503 354 1665 418 est",
1705 369 1813 408 non
1839 369 2037 423 perpe—

2175 349 2506 424 μάκρύνθη,
2523 349 3021 422 οὐκοίκησιν,ἁλλά
3040 366 3115 402 πα
3124 347 3332 419 ροικίαν
3355 347 3446 401 τὸν
3465 348 3760 401 ἐνεστῶτι

451 453 600 500 tuam
641 441 1057 504 habitationem,
1082 442 1178 496 sed
1215 442 1512 496 incolalum
1556 458 1760 498 vocans
1796 458 2038 512 prazsen-

2175 449 2264 504 liov
2292 449 2489 518 λέγων.
2527 447 2662 500 Τότε
2689 443 2806 510 οὖν,
2828 445 2986 516 φησι,
3026 444 3304 516 μεταστάς
3334 445 3401 496 ὲκ
3425 444 3604 513 τῆσδε
3655 445 3760 512 τῆς

451 543 563 590 tem
593 535 779 589 vitam.
813 533 969 587 Tunc
1001 548 1128 601 ergo
1161 533 1383 604 (inquit)
1415 535 1784 606 commigrans
1814 537 1980 590 homo
2011 550 2040 589 e

2175 537 2442 607 παροικίας
2484 536 2514 589 ό
2536 535 2848 606 ἄνθρωπος,
2879 537 2961 599 είς
2995 535 3088 589 τὸν
3117 533 3339 588 αἰώνιον
3363 533 3538 588 αὑτοῦ
3579 529 3756 597 οἷκον,

452 625 707 694 pnesenli
753 624 1013 689 incolatu,
1046 624 1100 677 in
1147 631 1410 679 aeternam
1440 641 1597 681 suam
1627 627 1852 682 domum
1880 665 1897 686 .
1937 627 2042 681 hoc

2175 632 2238 685 δν
2262 630 2437 684 αἰῶνα
2471 629 2563 683 τὸν
2597 629 2886 700 μέλλοντα,
2918 627 3238 699 πορεύεται.

455 724 558 780 est,
591 716 832 770 futurum
857 716 1136 781 sarculum,
1169 718 1479 785 perveniet.

531 823 550 856 ι
589 803 654 860 Ει
691 804 1081 859 circumierunt
1112 805 1168 858 in
1210 805 1328 860 foro
1368 806 1714 878 plangentcs.
1752 825 1770 857 ›
1802 804 1957 865 Tune
1983 819 2040 866 et

2228 829 2247 862 ι
2289 809 2402 862 Καὶ
2428 808 2755 863 ἐκύκλωσαν
2789 813 2847 861 εν
2877 807 3054 878 ἀγορᾷ
3081 807 3132 860 οἱ
3168 805 3528 876 κοπτόμενοι.
3568 824 3590 858 ι
3619 805 3758 858 Τότε

455 895 547 966 qui
573 895 794 951 fuerunt
827 895 880 949 in
927 895 1026 950 hac
1057 896 1165 950 vita
1194 906 1535 966 peceatores,
1578 899 1873 968 plorabunt
1896 909 1953 954 et
1984 915 2044 958 se

2175 904 2250 960 ιαὶ
2277 905 2326 958 οἱ
2357 905 2428 960 ὲν
2450 902 2589 972 τῷδε
2619 901 2698 971 τῷ
2728 900 2830 971 βίῳ
2865 899 3188 970 ἁμαρτωλοὶ
3225 899 3480 953 κλαίουσι
3523 898 3627 952 καὶ
3665 900 3762 951 κός

455 989 785 1059 pereutient.
821 987 1020 1042 Forum
1064 1002 1197 1042 vero
1234 987 1349 1042 sive
1384 988 1583 1058 platea,
1635 1005 1876 1060 praesens
1905 991 2046 1048 dici-

2175 1013 2404 1050 ττονται.
2450 993 2654 1064 Ἀγορὰ
2682 994 2737 1048 δὲ
2768 993 2855 1048 ὅδε
2893 993 2923 1044 ὁ
2956 992 3070 1061 βίος
3099 989 3318 1061 ὲλέχθη,
3349 990 3439 1044 διὰ
3465 991 3538 1045 τὰ
3571 993 3635 1043 ἐν
3663 991 3761 1043 αὖ·

457 1088 545 1132 ιιιι·
596 1079 726 1143 vita,
779 1085 1001 1149 propter
1049 1079 1272 1134 crebras
1318 1079 1372 1134 in
1421 1095 1486 1134 ea
1535 1081 1940 1152 negotiationes
1991 1092 2048 1147 et

2175 1089 2233 1160 τῷ
2256 1089 2704 1159 συναλλάγματα.

457 1183 806 1224 commercna.
2813 1241 2818 1244 ξ

524 1259 692 1316 .Vnns.
740 1261 793 1315 6.
847 1279 864 1310 ι
905 1259 1204 1330 Quousque
1254 1275 1364 1315 non
1423 1271 1702 1317 evertatur
1776 1264 2051 1322 funiculus

2235 1289 2252 1323 ι
2287 1267 2435 1332 Ἕως
2477 1259 2540 1322 οῦ
2579 1265 2657 1336 μὴ
2682 1265 2974 1337 ἀνατραπῇ
3008 1263 3242 1335 σχοινίον
3279 1261 3378 1316 τοῦ
3419 1262 3749 1332 ἀργυρίου.»

456 1352 685 1422 argenti.
729 1369 745 1401 ι
787 1350 1104 1407 Orationem
1129 1354 1400 1408 convertit
1429 1355 1498 1408 ad
1529 1354 1858 1420 auditorem,
1889 1373 2050 1428 quem

2175 1361 2304 1433 Πρὸς
2334 1360 2426 1414 τὸν
2462 1359 2907 1431 παραινούμενον
2949 1361 2977 1412 ὁ
3018 1358 3202 1424 λόγοςδ
3255 1355 3602 1417 Σπούδασον,
3652 1373 3753 1423 φη-

458 1443 862 1497 admonendum
892 1443 1170 1512 suscepit,
1201 1444 1416 1514 aitque:
1445 1444 1606 1512 Cura,
1631 1447 1974 1515 adolescens,
1997 1461 2056 1504 ut

2175 1456 2237 1518 τὶ,
2267 1449 2312 1509 ὦ
2332 1453 2608 1518 νεανίσκε,
2643 1451 2990 1522 ἀγαθοεργίᾳ
3029 1447 3378 1520 μειλίξασθαι
3408 1448 3505 1501 τὸν
3538 1448 3753 1519 κριτὴν,

459 1533 566 1604 piis
599 1533 860 1604 operibus
903 1531 1104 1604 tuaque
1148 1535 1420 1604 probitate
1464 1551 1717 1592 severum
1757 1547 2054 1596 venturum

2175 1543 2292 1614 πρὶν
2332 1541 2720 1612 ἀνατραπῆναι
2761 1541 2854 1596 τὸν
2895 1540 3148 1604 πλοῦτον,
3182 1539 3276 1592 καὶ
3310 1539 3372 1592 τδ
3407 1539 3516 1608 τῆς
3566 1538 3759 1607 φιλαρ-

457 1624 700 1695 jndiccm
749 1625 844 1680 tibi
892 1625 1216 1694 placabilem
1262 1627 1458 1682 reddas
1502 1634 1668 1698 atque
1720 1629 2052 1697 demulceas,

2175 1635 2357 1706 γυρίας
2383 1633 2639 1705 σχοινίον,
2663 1633 2725 1686 τὸ
2757 1633 2962 1696 πάσαις
2983 1631 3284 1702 ἁμαρτίαις
3309 1627 3753 1698 καταδεσμεῦον·

461 1727 753 1786 antequam
802 1732 902 1786 per
932 1732 1244 1786 supremam
1283 1719 1785 1788 judicis-ﬂammam
1820 1723 2049 1780 delean-

2175 1726 2285 1791 δίζα
2318 1726 2428 1797 γὰρ
2488 1725 2708 1780 πάντων
2756 1724 2864 1780 τῶν
2915 1722 3103 1777 κακῶν
3135 1723 3168 1793 ἡ
3199 1719 3572 1792 φιλαργυρία.
3626 1720 3760 1788 Πρὶν

463 1822 553 1864 tur
603 1811 766 1881 hujus
817 1811 1004 1866 mundi
1079 1811 1300 1877 divitim,
1355 1813 1742 1884 funiculusque
1814 1818 2057 1872 avaritia:

2175 1814 2258 1871 οὖν
2302 1817 2456 1871 τόνδε
2483 1815 2575 1870 τὸν
2617 1815 2733 1886 βίον
2761 1814 3076 1885 παρελθεῖν,
3111 1815 3170 1866 ὲν
3199 1807 3244 1881 ᾧ
3272 1813 3590 1883 χρημάτων
3621 1812 3759 1864 ἀπά-

463 1902 762 1966 scindatur,
801 1903 892 1972 qui
939 1903 1223 1958 materiam
1258 1905 1466 1974 prazbet
1505 1907 1765 1964 omnibus
1811 1909 2054 1978 peccatis

2175 1921 2252 1973 ιη,
2285 1903 2382 1958 καὶ
2430 1902 2802 1975 φιλαργυρίας
2832 1901 2997 1972 ἔρως,
3039 1900 3365 1970 εὑτρέπισόν
3398 1916 3497 1954 σου
3523 1900 3598 1952 τὰ.
3624 1899 3759 1970 ἔργα

461 1994 531 2048 ad
557 1993 803 2048 homines
829 1992 1219 2062 implicandos;
1258 1995 1407 2050 radix
1441 1987 1590 2050 enim
1631 1999 1900 2053 malorum
1931 2015 2052 2053 om-

2175 2000 2296 2069 πρὸς
2317 1998 2420 2070 τὴν
2447 1997 2647 2062 ἔξοδον.

461 2084 612 2140 nium
646 2085 868 2140 avaritia
909 2085 1309 2155 perhibetur.".
1338 2091 1648 2158 Antequam
1699 2089 1862 2160 igitur
1888 2090 2124 2146 excedas
2151 2092 2220 2146 ab
2254 2092 2355 2146 hac
2411 2089 2520 2144 vita
2580 2088 2634 2141 in
2661 2101 2770 2158 qua
2822 2086 2966 2156 viget
3002 2085 3192 2140 dolosa
3239 2081 3477 2154 pecunia
3512 2093 3572 2136 et
3629 2098 3759 2137 ava-

463 2181 601 2236 ritiae
642 2179 904 2244 studium,
955 2181 1185 2252 dispone
1227 2197 1422 2236 omnes
1460 2185 1812 2253 operationes
1845 2193 1966 2242 tuas
1991 2197 2051 2241 ut
2077 2185 2516 2256 securusjudicii
2545 2183 2714 2238 futuri
2741 2181 2924 2252 egredi
2942 2181 3149 2252 possis.

537 2291 557 2324 ι
598 2273 666 2327 Ει
713 2281 1004 2342 antequam
1060 2283 1380 2331 conteratur
1421 2273 1522 2331 llos
1575 2276 1715 2330 auri.
1765 2295 1783 2329 ι
1840 2277 2057 2333 Florem

2240 2299 2260 2331 ι
2303 2280 2413 2333 Καὶ
2454 2276 2716 2346 συντριϐῇ
2749 2277 2809 2328 τὸ
2857 2275 3117 2342 ἀνθεμιον
3153 2271 3248 2325 τοῦ
3281 2270 3538 2340 χρυσίου.
3574 2288 3593 2320 ι
3643 2270 3756 2323 ’Λν-

462 2367 602 2432 auri,
635 2367 1102 2437 pulchritudinem
1153 2368 1396 2440 intcllige
1439 2369 1525 2425 vel
1571 2385 1756 2426 arcam
1789 2371 2060 2442 reposito-

2175 2371 2373 2442 θέμιον,
2407 2369 2526 2440 ἢτδ
2567 2367 2751 2434 ἄνθος,
2775 2367 2870 2419 καὶ
2902 2368 2936 2435 ἡ
2969 2365 3246 2435 ὡραιότης
3275 2363 3370 2416 τοῦ
3413 2363 3673 2433 χρυσίου,
3721 2363 3754 2430 ἦ

463 2461 714 2530 riumque
759 2461 814 2513 in
848 2475 958 2529 quo
995 2475 1192 2514 aurum
1224 2461 1527 2531 repositum
1571 2477 1939 2520 asservamus.
1972 2465 2064 2520 Ait

2175 2463 2259 2517 καὶ
2288 2463 2321 2533 ἡ
2351 2461 2522 2532 θήκη,
2564 2459 2625 2512 ὲν
2755 2456 3084 2527 πεφύκαμεν
3129 2453 3493 2508 ἀποτίθεσθαι
3522 2455 3594 2506 τὸ
3629 2471 3758 2524 χρυ-

464 2565 633 2622 ergo:
674 2549 980 2618 Antequam
1033 2550 1274 2619 pretiosa
1324 2551 1515 2606 mundi
1570 2552 1732 2624 hujus
1811 2555 2059 2624 supellex

2175 2553 2300 2607 τίον.
2327 2552 2464 2623 Πρὶν
2496 2551 2611 2615 οὑν,
2659 2548 2818 2619 φησὶ,
2859 2547 2928 2602 τά
2959 2547 3090 2618 τῇδε
3123 2546 3372 2618 παρέλθῃ
3423 2546 3755 2616 πράγματα,

464 2641 758 2710 dispercat,
795 2642 997 2698 accede
1045 2643 1113 2698 ad
1158 2627 1438 2698 virtutem.
1491 2643 1706 2699 Aliter:
1755 2646 2057 2718 Argentum

2175 2641 2395 2714 μέτελθε
2449 2641 2546 2713 τὴν
2592 2641 2821 2710 ἀρετήν.
2869 2637 3100 2700 "nam:
3147 2635 3440 2705 ’Δργύριον
3481 2634 3755 2705 πολλαχοῦ

463 2731 713 2804 plurimis
760 2733 816 2787 in
864 2732 1162 2803 Scriptura:
1219 2735 1354 2789 locis
1398 2739 1512 2806 pro’
1549 2736 1736 2792 divino
1807 2753 2060 2794 sermone

2175 2733 2267 2802 τῆς
2295 2733 2523 2804 Γραφῆς
2550 2733 2579 2784 ό
2605 2730 2746 2792 θεῖος
2776 2730 2994 2801 εἴρηται
3016 2728 3173 2796 λόγος
3197 2745 3210 2756 ·
3237 2726 3443 2797 χρυσὸν
3468 2725 3523 2778 δὲ
3550 2726 3759 2794 ἐκλαμ-

467 2823 753 2894 accipitur,
804 2841 1002 2880 aurum
1055 2841 1188 2880 vero
1247 2841 1346 2895 pro
1403 2827 1682 2883 intellectu
1731 2844 1794 2883 ac
1851 2838 2056 2885 mente.

2175 2826 2404 2896 Εάνομεν
2433 2824 2526 2878 τὸν
2573 2823 2721 2878 νοῦν·
2762 2821 3028 2891 ἀνθέμων
3059 2821 3115 2874 δὲ
3150 2820 3376 2891 χρυσίου
3392 2818 3473 2872 ’τὸ
3519 2820 3584 2870 ὲν
3629 2820 3758 2888 ἡμῖν

467 2914 682 2972 Fbrem
709 2932 840 2973 vero
868 2917 1009 2984 auri,
1057 2917 1412 2989 intelligimus
1441 2919 1638 2975 animae
1664 2930 1867 2977 nostra:
1903 2922 2058 2992 prin-

2175 2916 2516 2988 ἡγεμονικόν.
2546 2916 2684 2987 Πρὶν
2711 2911 2827 2978 οὖν,
2864 2914 3020 2985 φησι,
3067 2912 3346 2982 παύσηται
3373 2913 3403 2963 ό
3430 2911 3600 2979 λόγος
3632 2914 3660 2963 ό
3679 2912 3760 2963 δι-

475 3009 672 3079 cipale.
695 3009 777 3063 lta
823 3009 988 3080 igitur
1017 3010 1181 3065 verba
1213 3011 1326 3067 haec
1359 3013 1684 3081 exponenda
1712 3035 1723 3068 :
1755 3015 2060 3084 Antequam

2175 3007 2517 3074 Βασκαλικδς,
2541 3007 2570 3059 ό
2607 3007 2766 3076 δίκην
2805 3004 3101 3074 τριπλόκου
3153 3003 3411 3072 σχοινίου,
3448 3003 3574 3072 ἦτοι
3617 3017 3760 3070 φρα-

469 3109 713 3154 transeat
749 3101 845 3155 tibi
887 3101 1136 3157 doctrina
1175 3118 1342 3158 saera:
1381 3103 1699 3174 Scripturte,
1738 3121 1862 3175 qua:
1895 3105 2065 3161 instar

2175 3100 2380 3170 γελλίου
2437 3100 2506 3153 τὰ
2556 3101 2615 3152 ὲν
2665 3101 2798 3169 ἡμῖν
2845 3095 3168 3152 ἀπελαύνων
3201 3095 3374 3164 πάθη,
3423 3093 3492 3146 δι’
3517 3087 3585 3146 οῦ
3627 3093 3762 3166 δύνῃ

470 3189 699 3260 triplicis
723 3189 952 3248 funiculi
985 3207 1049 3247 ac
1089 3191 1285 3264 ﬂagelli
1317 3193 1486 3247 malas
1510 3203 1726 3249 nostras
1745 3194 2065 3252 all‘ectioues

2175 3193 2410 3264 καθᾶραι
2441 3192 2501 3244 τὸ
2532 3193 2590 3245 ὲν
2630 3192 2715 3244 co‘t
2765 3187 3120 3260 ἡγεμονικόν
3169 3187 3292 3241 ἀντὶ
3337 3185 3454 3249 τοῦ,
3480 3187 3590 3248 ἕως
3625 3181 3680 3239 εἴ
3705 3188 3761 3237 ἐν

467 3282 709 3352 vitiaque
750 3283 992 3353 depellit,
1041 3285 1172 3340 dum
1221 3299 1378 3357 potes
1427 3286 1715 3341 cerebrum
1748 3294 1901 3341 tuum
1931 3303 2061 3358 pur-

2175 3285 2302 3356 τῷδε
2330 3284 2409 3354 τῷ
2439 3284 2562 3355 βίῳ,
2599 3281 2800 3353 πολλὴν
2829 3278 3028 3335 σαυτοῦ
3061 3279 3290 3350 ποίησον
3329 3278 3683 3349 ἐπιμέλειαν.

469 3390 619 3447 gare,
665 3376 948 3444 donecque
993 3391 1054 3432 es
1102 3378 1157 3432 in
1207 3378 1338 3443 vita,
1397 3378 1625 3430 multam
1678 3377 1756 3432 tui
1796 3378 2064 3435 rationem

471 3465 690 3520 habeto.

546 3578 566 3610 ι
601 3557 668 3613 Et
693 3569 986 3630 antequam
1010 3568 1324 3614 conteratur
1347 3559 1536 3628 hydria
1567 3574 1731 3628 super
1762 3559 1992 3614 fontem.
2031 3581 2048 3612 ι

470 3648 584 3706 lloe
611 3648 731 3705 loco
760 3649 1122 3706 Ecclesiastes
1151 3657 1340 3703 noster
1371 3648 1788 3719 philosophatur
1821 3650 1888 3704 de
1913 3665 2063 3704 mas-

470 3755 529 3796 sa
559 3756 625 3796 ac
647 3741 809 3813 globo
841 3739 1068 3796 humani
1099 3739 1362 3810 corporis.
1408 3738 1484 3794 Ne
1514 3741 1636 3810 quis
1670 3741 1815 3796 enim
1852 3749 2068 3810 putaret

471 3834 577 3890 hoc
614 3849 814 3904 corpus
858 3843 1109 3890 nostrum
1152 3832 1297 3902 quod
1342 3831 1398 3886 in
1444 3842 1619 3887 morte
1661 3833 1975 3898 resolvitur,
2008 3832 2064 3886 in

472 3923 703 3978 nihilum
740 3931 1012 3994 perpetuo
1060 3923 1337 3977 abiturum
1370 3937 1526 3989 esse,
1566 3922 1863 3994 symbolice
1908 3922 2065 3976 nobis

471 4015 710 4070 ostendit
761 4029 944 4091 suam_
980 4015 1341 4084 reparabilem
1412 4015 1838 4084 perennitatem.
1911 4013 2066 4069 Sicut

471 4106 621 4161 enim
666 4105 854 4178 hydria
901 4105 1062 4176 juxla
1101 4104 1309 4159 fontem
1349 4105 1556 4166 aurita,
1597 4119 1737 4174 aqua
1771 4120 1882 4160 non
1924 4107 2067 4175 perit

472 4215 574 4255 nec
597 4200 902 4264 evanescit,
933 4198 1030 4254 sed
1062 4199 1117 4252 in
1143 4198 1348 4253 fontem
1389 4212 1546 4251 suum
1579 4199 1890 4264 revertitur,
1941 4215 2066 4254 rur-

471 4303 671 4360 susque
712 4305 838 4345 cum
893 4289 1019 4358 quis
1053 4287 1305 4352 voluerit,
1353 4301 1547 4355 aquam
1595 4289 1797 4356 poterit
1849 4290 2066 4343 hauri-re

473 4381 543 4435 de
584 4380 770 4434 fonte:
807 4379 879 4432 ita
907 4387 964 4432 et
1007 4392 1206 4447 corpus
1237 4376 1384 4445 quod
1420 4377 1473 4429 in
1523 4377 1795 4432 elementa
1839 4380 2067 4434 resolvi~

476 4481 587 4538 tur,
617 4472 673 4525 in
709 4471 920 4526 fontem
949 4485 1112 4526 suum
1146 4468 1368 4540 (terram
1414 4469 1668 4526 videlicet
1695 4473 1887 4545 ipsam)
1928 4475 2069 4528 redit

475 4571 720 4634 paratum
784 4563 981 4617 iterum
1058 4563 1115 4617 in
1183 4563 1427 4620 membra
1489 4565 1779 4634 componi,
1847 4570 2069 4636 quando

475 4657 682 4712 Auctor
728 4655 818 4710 ille
887 4655 1122 4736 voluerit
1172 4657 1265 4726 qui
1307 4657 1376 4713 ab
1407 4657 1565 4712 initio
1599 4657 1727 4714 illud
1757 4658 2068 4728 plasmavit.

475 4747 648 4803 Aliter
692 4749 902 4818 :‘Aqua
965 4747 1273 4819 hydrizejn
1337 4749 1489 4806 fonte
1554 4764 1668 4804 non
1741 4750 1915 4821 perit,
1971 4753 2070 4808 sed

476 4837 546 4894 ad
641 4853 794 4893 suam
876 4837 1270 4908 plenitudinem
1365 4839 1845 4912 integritatemque
1910 4857 2072 4898 acce-

478 4930 558 4986 dit
612 4929 668 4986 in
748 4928 900 4986 fonte
958 4930 1088 5001 ipso
1149 4931 1526 4986 exsistentem.
1604 4929 1834 4998 Quando
1907 4932 2072 5003 igitur

479 5023 623 5094 quod
664 5039 729 5079 ex
763 5031 938 5094 parte,
997 5031 1322 5078 evacuatum
1373 5021 1558 5090 fuerit,
1623 5025 1780 5094 juxta
1835 5025 2071 5095 Aposto-

478 5113 672 5181 lum“,
747 5121 875 5169 tunc
946 5113 1133 5168 veniet
1217 5113 1364 5182 quod
1425 5116 1726 5186 perlectum
1774 5125 1880 5170 est.
1937 5115 2074 5171 Par-

2241 3567 2262 3600 ι
2298 3551 2405 3604 Καὶ
2434 3549 2694 3621 συντριϐῇ
2716 3553 2750 3620 ἡ
2781 3549 2940 3620 ὑδρία
2964 3549 3056 3602 ἐπὶ
3085 3550 3184 3620 τῆς
3217 3549 3420 3619 πηγῆς.
3463 3569 3483 3602 ι
3532 3549 3761 3603 Ἐνταῦ-

2167 3643 2238 3698 θα
2263 3643 2550 3713 φιλοσοφεῖ
2576 3643 2708 3712 περὶ
2734 3641 2830 3696 τοῦ
2874 3641 3220 3714 ἀνθρωπίνου
3253 3642 3606 3714 φυράματος.
3642 3646 3758 3696 Ἵνα

2167 3736 2277 3806 γὰρ
2314 3737 2388 3807 μή
2428 3751 2512 3799 τις
2551 3735 2746 3806 νομίσῃ
2776 3737 2856 3799 εἰς
2897 3734 3240 3804 ἀνυπαρξίαν
3272 3737 3472 3806 χωρεῖν
3503 3735 3562 3788 τὺ
3596 3735 3758 3806 σῶμα

2165 3827 2545 3898 διαλυόμενον,
2581 3827 2669 3880 διὰ
2723 3827 2998 3898 συμϐόλου
3043 3826 3282 3881 διδάσκει
3313 3827 3411 3898 τὴν
3445 3828 3617 3882 αὑτοῦ
3651 3847 3755 3881 πα-

2169 3922 2432 3992 ραμονήν.
2475 3921 2685 3990 Ὠσπερ
2713 3921 2821 3991 γὰρ
2844 3920 3034 3990 ὑδρίας
3074 3920 3212 3991 πρὸς
3243 3923 3310 3990 τῇ
3346 3922 3498 3992 πηγῇ
3535 3937 3755 3992 συντρι-

2166 4012 2424 4084 ϐομένης,
2462 4012 2521 4066 τὸ
2559 4010 2839 4082 ὑδωρ¹οὑκ
2869 4011 3193 4076 ἀπόλλυται,
3241 4012 3356 4066 ἀλλ’
3393 4014 3472 4075 εἰς
3503 4012 3602 4083 τὴν
3630 4013 3754 4065 ἑαυ-

2167 4105 2262 4160 τοῦ
2289 4105 2473 4176 πηγὴν
2507 4104 2745 4176 ἔρχεται·
2789 4106 2884 4159 καὶ
2920 4105 3084 4160 πάλιν
3106 4106 3234 4159 ὅταν
3267 4123 3354 4168 τις
3377 4105 3562 4176 ἐθέλῃ,
3590 4105 3752 4158 τοῦτο

2167 4196 2431 4264 ὲξαντλεῖ·
2479 4195 2626 4249 οὑτω
2669 4196 2762 4249 καὶ
2804 4196 2864 4249 τὸ
2916 4195 3075 4266 σῶμα
3119 4195 3473 4265 διαλυόμενον
3523 4197 3619 4248 ἐπὶ
3657 4197 3750 4266 τὴν

2169 4287 2364 4343 ἑαυτοῦ
2392 4287 2573 4360 πηγὴν
2614 4288 2734 4359 (τὴν
2765 4287 2892 4358 γῆν)
2924 4289 3228 4352 ἐπάνεισιν,
3251 4288 3474 4357 ἕτοιμον
3496 4287 3558 4340 δν
3587 4287 3748 4340 πάλιν

2173 4381 2458 4451 συστῆναι,
2505 4381 2634 4434 ὅταν
2667 4382 2695 4432 ό
2727 4379 2826 4449 τὴν
2856 4380 3030 4450 ἀρχὴν
3061 4379 3194 4434 αὑτὸ
3231 4379 3535 4442 διαπλάσας
3560 4379 3748 4449 βούλη-

2165 4491 2277 4528 ται⁴
2316 4473 2528 4537 ’Ἄλλως
2578 4473 2638 4526 τὸ
2676 4475 2774 4543 τῆς
2809 4472 2999 4543 ὑδρίας
3029 4471 3174 4543 ὓδωρ
3204 4473 3284 4535 είς
3311 4473 3412 4543 τὴν
3447 4474 3635 4542 πηγὴν
3661 4474 3747 4524 ἐκ·

2167 4566 2426 4636 χεόμενον
2470 4567 2573 4619 οὐκ
2624 4565 2946 4628 ἀπόλλυται,
2981 4564 3118 4617 ἀλλὰ
3149 4565 3292 4635 μετὰ
3318 4565 3412 4618 τοῦ
3446 4565 3747 4635 πληρώμαο

2167 4658 2256 4722 τός
2282 4659 2398 4712 ἐστι
2425 4656 2520 4710 τοῦ
2554 4659 2612 4711 ὲν
2639 4661 2705 4728 τῇ
2746 4659 2918 4728 πηγῆ.
2957 4658 3126 4711 Ὅταν
3170 4652 3266 4712 οῦν
3309 4659 3375 4711 ὲκ
3405 4657 3502 4712 τοῦ
3550 4658 3747 4728 μέρους

2170 4751 2516 4821 καταργηθῇ,
2551 4750 2696 4804 κατὰ
2734 4749 2826 4804 τὸν
2870 4749 3219 4812 Ἀπόστολον,
3266 4749 3390 4802 τότε
3433 4749 3492 4802 τὺ
3541 4749 3747 4801 τέλειον

2169 4843 2410 4913 ἔρχεται.
2455 4844 2517 4896 'H
2553 4838 2645 4896 οὖν
2678 4841 2879 4914 μερικὴ
2919 4842 3123 4911 γνῶσις
3154 4843 3189 4912 ή
3216 4841 3312 4896 νῦν
3342 4843 3399 4896 ὲν
3426 4844 3557 4911 ἡμῖν
3589 4836 3745 4900 οὖσα,

2169 4935 2292 4988 τότε
2334 4935 2433 5005 τὴν
2481 4933 2799 5004 τελειότητα
2856 4932 3266 5005 προσλαϐοῦσα,
3321 4932 3396 4996 ὡς
3451 4932 3600 5002 ὕδωρ
3633 4934 3749 4986 ἐστὶ

2171 5026 2360 5097 ὑδρίας
2387 5029 2453 5080 ἐν
2474 5027 2571 5098 δλῃ
2615 5029 2790 5098 πηγῇ,
2830 5025 2892 5079 τὸ
2931 5025 3098 5097 μέρος
3137 5023 3545 5097 προσλαϐοῦσα,
3582 5026 3749 5095 ἡγουν

2169 5117 2269 5188 τὴν
2293 5117 2628 5187 τελειότητα.

481 5207 719 5263 ticularis
773 5207 953 5276 itaque
981 5205 1099 5260 hac
1149 5215 1337 5261 nostra
1401 5209 1643 5279 cognitio
1677 5222 1800 5278 quae
1842 5223 1992 5264 nunc
2054 5210 2214 5265 nobis
2263 5211 2426 5276 inest,
2489 5218 2623 5266 tunc
2672 5209 3068 5280 perfectionem
3112 5224 3267 5267 suam
3305 5211 3606 5282 accipiens,
3644 5211 3749 5267 erit

481 5300 631 5369 velut
659 5317 794 5370 aqua
818 5301 921 5372 hyd
932 5301 1021 5354 riae
1041 5301 1109 5356 ad
1135 5302 1531 5372 plenitudinem
1557 5302 1722 5358 fontis
1744 5303 2064 5370 devenicns,
2091 5305 2232 5371 ,l‘onti
2263 5313 2414 5375 parte
2437 5311 2567 5360 tunc
2592 5304 2773 5360 addita
2799 5320 2907 5374 qua
2935 5306 3057 5360 fons
3077 5305 3231 5374 prius
3259 5305 3500 5360 carebat.

545 5391 710 5463 677
739 5410 758 5443 ‹
802 5392 872 5446 Ει
895 5392 1250 5450 convolvatur
1279 5403 1397 5448 rota
1424 5409 1590 5464 super
1621 5394 1820 5456 lacum.
1863 5413 1882 5446 ι
1916 5396 2054 5451 Aliis

479 5481 726 5535 eamdem
750 5482 1075 5536 sententiam
1099 5483 1280 5538 verbis
1303 5484 1589 5553 expressit.
1625 5484 1884 5541 Convolvi
1911 5485 2057 5540 enim

440 5642 446 5647 ’
554 5653 602 5684 ⁸⁸
626 5654 764 5711 Psal.
796 5670 940 5721 ουκ,
978 5658 1031 5712 5.
1131 5658 1210 5712 ’τι
1243 5658 1383 5714 Tim.
1420 5677 1494 5728 vi,
1531 5659 1615 5715 ιο.

2236 5416 2255 5449 ι
2287 5399 2394 5454 Καὶ
2427 5397 2771 5469 συντροχάσῃ
2798 5398 3045 5477 ότροχὸς
3075 5399 3167 5451 ἐπὶ
3194 5398 3286 5452 τὸν
3312 5398 3534 5452 λάκκον.
3570 5416 3590 5451 ι
3632 5400 3747 5452 Ka-

2169 5489 2235 5542 τὰ
2274 5487 2616 5559 ἐτερολεξίαν
2649 5489 2710 5542 τὸ
2737 5488 2876 5542 αὑτὸ
2918 5489 3098 5561 νόημα
3135 5487 3328 5562 ἔφησε.
3376 5490 3750 5560 Συντροχάσαι

1711 5663 1756 5694 ³⁸
1791 5661 1807 5716 l
1833 5661 2104 5730 Cornum,
2132 5661 2220 5717 lO.
