3876 6304
53 313 60 317 .
153 245 266 316 621

1212 249 1676 312 FRAGMENTA
1718 253 1801 313 ΙΝ
1828 253 2401 317 ECCLESIAS’I‘EN.

3318 263 3427 330 6‘29.

151 360 274 431 γάρ
297 359 414 412 ἐστι
440 357 534 412 τὸν
573 358 765 430 τροχὸν
797 358 890 411 ἐτεθι⁵
936 358 1029 414 τ⁴δν
1069 359 1292 426 λάκκον,
1331 362 1394 415 τὸ
1437 364 1739 434 κλασθῆναι

1855 376 2016 420 rotam
2047 382 2212 436 super
2233 364 2432 429 lacum,
2456 376 2562 430 est,
2595 375 2768 424 rotam
2792 373 3166 431 convolvcndo
3204 376 3426 449 infringi

147 451 253 505 τδν
278 450 490 523 τροχὸν,
536 452 632 504 καὶ
675 451 863 504 πεσεῖν
897 452 955 504 ὲν
996 451 1075 522 τῷ
1107 452 1316 524 λάκκῳ,
1352 455 1490 524 μετὰ
1521 455 1618 509 τοῦ
1645 473 1740 508 κε-

155 543 361 614 ραμίου
394 541 490 596 τοῦ
521 541 732 607 ὕδατος.
760 545 967 616 Τροχὸν
997 545 1056 598 δὲ
1092 543 1243 614 λέγει
1271 545 1364 598 τὸν
1392 549 1742 618 ἐπικείμενον

150 635 244 704 τῷ
273 633 480 704 λάκκῳ,
506 633 576 687 δι’
599 627 662 687 οὗ
709 635 995 689 ποιοῦνται
1023 635 1123 708 τὴν
1143 685 1148 690 ,
1168 635 1451 708 ἀνίμησιν.
1509 637 1744 708 Ὁμοίως

151 725 221 780 δὲ
250 725 527 780 κάνταῦθα
552 725 614 780 τὸ
646 726 790 798 ὕδωρ
821 728 916 781 ἐπὶ
942 727 1034 781 τὸν
1055 728 1260 785 λάκκον
1314 731 1580 801 ἐκχεῖται.
1614 732 1744 786 Ἀλ-

153 816 299 881 λως·
331 817 539 889 Τροχδς
590 819 678 872 ὅδε
706 820 734 871 6
770 817 886 888 βίος
911 820 1181 885 καλεῖται,
1212 821 1301 875 διὰ
1353 821 1415 874 τὸ
1449 825 1741 887 κινεῖσθαι,

155 912 255 963 καὶ
283 909 588 976 κυλίεσθαι,
632 910 775 964 κατά
806 911 890 964 τό·
923 913 1095 980 Φωνὴ
1131 912 1243 982 τῆς
1279 912 1549 983 ,βροντῆς
1573 915 1643 967 ἐν
1663 915 1744 981 τῷ

153 999 374 1069 τρογῷ.
421 1001 560 1072 Πρὶν
593 997 710 1068 οὖν,
751 1003 908 1072 φησὶ,
944 1004 1266 1074 κυλιόμενος
1287 1001 1444 1070 οὗτος
1475 1008 1504 1059 6
1530 1006 1742 1076 τροχὸς,

150 1093 288 1151 ,ἀντὶ
323 1091 440 1157 τοῦ,
471 1094 499 1145 6
535 1093 670 1163 βίος,
722 1095 1036 1168 ἀποκυλίσῃ
1074 1097 1224 1166 ἡμᾶς
1273 1101 1353 1159 εἰς
1385 1098 1476 1150 τὸν
1519 1097 1743 1160 λάκκον,

151 1183 257 1253 τῆς
287 1182 496 1236 ἑαυτῶν
514 1183 788 1254 σωτηρίας
815 1187 1218 1254 φροντίσωμεν.
1247 1187 1464 1251 Λάκκος
1480 1187 1537 1240 δὲ
1563 1188 1591 1238 6
1611 1186 1748 1258 ᾇδης

153 1273 479 1344 ὠνομάσθη,
512 1278 654 1329 κατά
673 1276 754 1328 τό·
792 1277 1069 1341 Ἕσωσάζ·
1095 1294 1172 1345 με
1207 1278 1277 1331 ἐκ
1304 1279 1536 1333 λάκκου
1557 1270 1747 1336 uano-

154 1369 367 1432 tritov,
418 1367 516 1422 καὶ
543 1365 820 1422 ἀπὸ-τῶν
849 1371 1334 1424 καταϐαινόντων·
1355 1374 1444 1436 εἰς
1491 1372 1744 1425 λάκκον.

236 1564 257 1597 ι
294 1547 405 1600 Καὶ
462 1547 772 1619 ἐπιστρέψῃ
811 1549 841 1601 6
887 1548 1016 1618 χοῦς
1043 1550 1123 1611 εἰς
1170 1550 1271 1620 τὴν
1317 1551 1449 1621 γῆν,
1488 1552 1564 1634 ὡς
1602 1547 1690 1622 ἦν.
1722 1571 1738 1602 ›

155 1639 306 1710 Πρὸς
353 1638 460 1709 γὰρ
480 1640 542 1691 τὸ
577 1640 841 1707 συγγενὲς
870 1645 1129 1710 στοιχεῖον
1155 1642 1451 1695 ἀναλύεται
1478 1643 1540 1696 τὺ
1561 1644 1742 1714 σῶμα,

156 1731 306 1784 κατά
329 1731 410 1796 τὸ,
442 1729 534 1798 Γῆ
566 1727 642 1796 εἷ,
670 1731 769 1784 καὶ
799 1735 887 1796 εις
905 1731 1025 1800 γῆν
1046 1733 1381 1800 (ueletiam.

237 1923 256 1956 ι
293 1905 404 1957 Καὶ
451 1905 512 1958 τὸ
562 1903 787 1975 πνεῦμα
839 1906 1146 1979 ἐπιστρέψῃ
1183 1906 1319 1976 πρὸς
1365 1907 1456 1960 τὸν
1489 1907 1643 1971 Θεὸν,
1688 1909 1746 1973 ὃς

154 1995 364 2051 ἔδωκεν
388 1996 538 2052 αὐτό.
578 2016 596 2048 ι
654 1997 728 2061 Τὸ
761 1997 980 2068 πνεῦμα
1005 2001 1054 2052 εἰ
1088 2001 1188 2069 μὲν
1225 2001 1436 2066 λέγοιτο
1471 2001 1608 2070 μετά
1641 2002 1747 2072 ψυ-

154 2086 286 2155 χῆς,
311 2085 370 2138 τδ
394 2085 822 2156 συνεζευγμένον
861 2090 926 2158 τῇ
971 2088 1115 2158 ψυχῇ
1152 2088 1212 2141 τὸ
1244 2089 1462 2159 πνεῦμα
1486 2090 1744 2160 νοοῦμεν⁹

155 2179 210 2230 εί
255 2178 313 2230 δὲ
350 2178 538 2242 ἁπλῶς
583 2179 758 2243 οὕτως
812 2179 1000 2251 ὥσπερ
1049 2181 1167 2246 νῦν,
1220 2182 1392 2253 αὐτὴν
1426 2182 1526 2254 τὴν
1566 2185 1746 2256 ψυχὴν

152 2268 392 2339 νοοῦμεν
419 2270 480 2322 τὸ
513 2269 747 2341 πνεῦμα.
781 2271 887 2324 Τοῦ
917 2269 1010 2326 οὖν
1038 2275 1310 2344 σώματος,
1353 2278 1507 2346 φησὶ,
1541 2280 1620 2342 εἰς
1650 2279 1748 2349 τὴν

155 2361 264 2431 γῆν
292 2361 688 2430 ἀναλυομένου,
726 2364 758 2431 ἡ
791 2362 938 2434 ψυχὴ
977 2365 1113 2436 πρὸς
1147 2367 1240 2419 τὸν
1283 2367 1418 2421 Θεὸν
1444 2371 1744 2440 ἐπανέρχε-

153 2470 277 2516 ται,
329 2453 438 2506 τῶν
480 2454 828 2524 βεϐιωμένων
867 2459 995 2521 τοὺς
1036 2459 1230 2528 λόγους
1268 2461 1645 2528 ἀποδώσουσα,
1687 2466 1748 2530 ὃς

155 2546 422 2616 ἐποίησεν
474 2547 662 2617 αὐτήν.
699 2547 776 2601 Οὐ
809 2549 919 2619 γὰρ
949 2550 1057 2603 ἀπὸ
1102 2551 1269 2622 γῆςή
1315 2551 1410 2605 τοῦ
1451 2554 1744 2625 ἀνθρώπου

153 2637 313 2707 ψυχή
335 2652 348 2664 °
385 2635 502 2690 ἀλλ’
537 2638 610 2700 ὡς
649 2639 812 2702 αὐτὸς
839 2635 950 2692 οἶδε
985 2639 1147 2710 μόνος
1171 2644 1199 2694 6
1230 2641 1439 2714 ταύτης
1469 2648 1745 2718 Δημιουρο

159 2729 281 2794 γὺς,
326 2729 419 2782 καὶ
466 2729 811 2794 συνίσταται,
869 2731 963 2783 καὶ
1017 2732 1403 2802 συνδεσμείται
1450 2737 1530 2806 τῷ
1577 2739 1747 2808 χοϊκῷ

156 2820 339 2892 τούτῳ
369 2820 605 2892 σώματι,
623 2822 1024 2893 ὡσπεροῦνικαὶ
1045 2823 1300 2892 ἐξάγεται
1325 2827 1430 2880 ὑπὸ
1455 2830 1619 2898 μόνου
1651 2831 1745 2884 τοῦ

161 2913 548 2983 συνδήσαντος.

243 3230 262 3264 ι
294 3212 604 3282 Ματαιότης
638 3212 1038 3283 ματαιοτήτων,
1070 3209 1224 3265 εἶπεν
1244 3213 1741 3284 ὁἘκκλησιαστῆς,

159 3304 236 3357 τὰ
266 3303 441 3357 πάντα
465 3304 786 3374 ματαιότης·
819 3305 915 3358 κα)⁸
947 3303 1211 3370 περισσὸν
1243 3305 1325 3357 ὅτι
1352 3304 1574 3373 ἐγένετο
1617 3306 1743 3360 Ἐκ-

161 3392 502 3463 κλησιαστὴς
535 3392 713 3460 σοφὸς,
761 3394 856 3445 καὶ
886 3394 968 3446 ὅτι
999 3393 1244 3446 ἐδίδασκε
1280 3393 1480 3461 γνῶσιν
1519 3396 1617 3448 σὺν
1655 3395 1746 3448 τὸν

161 3483 476 3555 ἄνθρωπον.
497 3485 604 3538 Καὶ
617 3483 710 3546 οὓς
731 3484 1096 3553 ἐξιχνιάσεται
1113 3485 1337 3557 κόσμιον
1350 3487 1700 3557 παραϐολῶν.
1722 3505 1739 3538 ι

161 3577 274 3630 Τὸν
302 3575 566 3640 πολλάκις
599 3576 858 3646 ἀνωτέρω
886 3576 1045 3644 λόγον
1080 3579 1474 3650 ἀναλαμϐάνει,
1504 3580 1600 3632 καὶ
1621 3580 1747 3632 ἀπο-

160 3669 422 3739 φαίνεται
452 3667 520 3720 τά
565 3668 623 3719 ὲν
670 3667 862 3736 κόσμῳ
890 3669 1068 3721 πάντα
1106 3671 1466 3742 ματαιότηταο
1503 3671 1598 3724 καί
1639 3689 1746 3742 φη-

162 3780 276 3825 σιν,
313 3762 396 3814 ὅτι
419 3759 579 3814 τοῦτο
612 3761 873 3832 περισσὸν
897 3759 1055 3829 ἔσχεν
1076 3763 1104 3814 6
1145 3762 1599 3833 Ἐκκλησιαστὴς,
1627 3765 1747 3816 ἀντὶ

159 3854 284 3921 τοῦ,
316 3853 706 3925 κατεξαιρετον
722 3853 821 3906 καὶ
857 3852 1010 3916 ἴδιον,
1038 3853 1234 3923 κτῆμα
1253 3856 1354 3924 τῆς
1384 3855 1597 3922 σοφίας·
1624 3857 1750 3924 κτῆ-

165 3963 246 4016 μα
279 3945 388 4016 γάρ
419 3944 589 4006 ὅντως
623 3944 784 4014 μόνου
834 3943 930 3996 τοῦ
983 3943 1147 4012 σοφοῦ
1222 3945 1256 4014 ἡ
1289 3943 1469 4011 σοφία.
1510 3945 1621 3997 Καὶ
1665 3945 1748 3997 ὅτι

161 4036 415 4108 ἐσχηκὼς
443 4035 646 4106 ταύτην
690 4036 965 4106 ’ἐφθόνησε
1018 4037 1132 4098 τοῖς
1165 4035 1379 4097 λοιποῖς
1413 4035 1744 4105 ἀνθρώποις·

163 4124 284 4184 ἀλλ’
311 4130 464 4199 ’ἅπερ
518 4128 690 4200 ἔμαθε
722 4129 782 4196 ἐξ
839 4129 1030 4198 αὐτῆς,
1062 4127 1240 4182 ταῦτα
1277 4130 1396 4191 τοῖς
1435 4127 1752 4200 ἀνθρώποις

163 4220 472 4293 παρέδωκεο
521 4221 623 4291 τήν
649 4237 710 4273 τε
744 4221 952 4290 γνῶσιν
994 4219 1197 4291 δηλαδὴ
1227 4219 1336 4273 τῶν
1380 4237 1441 4272 τε
1472 4220 1750 4292 αἰσθητῶν

166 4314 265 4368 καὶ
296 4313 524 4384 νοητῶν.
568 4309 700 4368 Εἶτά
731 4329 885 4383 φησι,
903 4311 1064 4366 Καὶό
1093 4310 1234 4383 ἔχων
1268 4307 1363 4375 οὖς
1394 4311 1750 4384 κεκαθαρμέ-

1843 471 1906 510 ac
1959 457 2214 512 decidere
2280 459 2333 512 in
2388 459 2562 514 lacum
2621 461 2737 518 sive
2789 466 3083 521 cisternam
3152 479 3260 524 una
3297 485 3426 533 cum

1844 546 2021 615 aquali
2094 556 2356 604 testaceo.
2403 548 2598 604 Rotam
2667 552 2814 606 enim
2871 554 2978 609 hoc
3047 556 3169 613 loco
3229 562 3432 632 accipit

1843 638 2096 694 cisterna:
2128 640 2216 694 vel
2265 649 2430 710 puteo
2465 641 2790 710 appositam.
2819 660 2924 714 qua
2954 647 3090 701 solet
3122 658 3263 720 aqua
3289 652 3430 708 hau-

1843 727 1960 781 riri.
2000 728 2258 782 Similiter
2279 738 2464 784 autem
2494 730 2583 788 hic
2613 745 2832 801 quoque
2861 749 3060 804 aquam
3089 737 3348 812 intelligit
3371 742 3431 797 in

1844 820 2020 874 lacum
2046 821 2268 886 deferri,
2305 823 2448 878 sicut
2477 825 2730 894 superius
2769 843 2928 882 suum
2965 829 3020 883 in
3054 831 3283 888 fontem.
3309 834 3431 887 Ali-

1847 921 1946 971 ter.
1987 921 2102 968 rota
2127 915 2394 986 accipitur
2424 932 2522 985 pro
2553 927 2740 972 nostra
2763 919 2866 973 hac
2898 921 3026 984 vita,
3056 923 3126 977 ob
3157 923 3305 994 ipsas
3332 941 3426 980 re-
3463 908 3471 914 ’

1849 1005 2151 1060 volutiones
2180 1021 2243 1061 ac
2270 1015 2474 1072 motus,
2504 1008 2658 1078 juxta
2688 1009 2814 1066 illud
2843 1029 2856 1065 :
2894 1011 2998 1066 Vox
3021 1016 3241 1069 tonitrui
3264 1018 3342 1070 tm'
3368 1018 3427 1070 in

1847 1101 2047 1154 rota”.
2084 1101 2261 1170 lnquit
2287 1117 2454 1172 ergo:
2504 1097 2806 1173 Antequam
2840 1117 2957 1160 rota
2990 1109 3154 1178 hujus
3179 1112 3302 1166 vitze
3326 1127 3428 1167 nos

1845 1206 2030 1246 secum
2075 1193 2384 1262 praecipites
2423 1192 2674 1248 devolvat
2702 1197 2756 1248 in
2802 1197 3001 1264 lacum,
3027 1202 3305 1271 propriam
3327 1219 3427 1258 cu-

1849 1298 2032 1337 remus
2075 1285 2327 1338 salutem.
2368 1284 2542 1337 Lacus
2589 1301 2721 1339 vero
2751 1302 2850 1355 pro
2895 1287 3112 1344 inferno
3140 1293 3426 1362 accipitur.

1843 1377 1998 1444 juxta
2032 1377 2176 1445 quod
2207 1377 2334 1430 alibi
2356 1377 2587 1431 dicitur:
2611 1375 2848 1432 Salvam”
2876 1396 2956 1432 me
2985 1381 3049 1433 de
3066 1381 3186 1434 lacu
3211 1384 3426 1453 inferio-

1848 1469 1916 1530 ri,
1942 1478 1991 1521 et
2014 1485 2046 1521 α
2078 1468 2500 1522 descendentibus
2524 1467 2581 1520 iu
2603 1467 2859 1524 lacum”.
2898 1511 2900 1513 -

1919 1559 2081 1614 Vens.
2121 1563 2172 1615 7.
2219 1579 2238 1611 ι
2286 1559 2344 1612 Et
2375 1564 2666 1629 antequam
2697 1569 3001 1617 revertatur
3029 1565 3209 1634 pulvis
3237 1565 3292 1620 in
3324 1576 3434 1620 ter-

1851 1665 1991 1714 ram,
2018 1653 2163 1706 sicut
2187 1659 2326 1705 erat.
2370 1671 2388 1702 ι
2427 1651 2639 1720 Corpus
2658 1667 2894 1723 namque
2914 1658 3162 1710 nostrum
3194 1657 3246 1711 in
3275 1658 3440 1713 aliine

1854 1742 2587 1809 sibi'elemcutum,terram,
2624 1747 2876 1814 solvitur,
2912 1747 3065 1816 juxta
3091 1748 3243 1812 illud,
3272 1749 3435 1803 Terra

1849 1851 1936 1900 es,_
1955 1843 2002 1888 et
2036 1837 2091 1888 in
2113 1847 2310 1890 terram
2330 1842 2598 1892 reverteris
2614 1839 2682 1895 ³¹.

1925 1945 1943 1977 ι
1982 1929 2048 1981 Et
2106 1929 2330 1997 spiritus
2379 1939 2686 1984 revertatur
2737 1931 2805 1984 ad
2853 1931 3020 1985 Deum
3054 1933 3145 2001 qui
3186 1932 3337 1988 dedit
3367 1933 3436 1986 il-

1849 2017 1981 2070 lum.
2015 2036 2034 2070 ι
2069 2017 2302 2087 Spiritus
2337 2021 2379 2072 si
2411 2035 2533 2073 cum
2582 2020 2778 2074 animae
2813 2022 3075 2076 vocabulo
3105 2022 3436 2092 coniunctus

1849 2109 2076 2180 legatur,
2131 2109 2395 2178 potiorem
2427 2111 2592 2163 animi
2627 2111 2734 2164 vim
2759 2151 2772 2176 ,
2823 2112 2925 2166 hoc
2951 2120 3054 2178 est,
3091 2113 3432 2170 intellectum

1849 2197 2226 2272 mentemque,
2269 2203 2566 2272 signiﬁcat;
2604 2201 2686 2255 sin
2723 2218 2852 2256 vero
2895 2202 2967 2256 ita
3015 2204 3333 2274 simpliciter
3377 2216 3435 2260 et

1849 2294 2094 2348 absolute
2141 2294 2380 2363 positum
2416 2293 2664 2347 invenias
2704 2294 2823 2348 sine
2851 2295 2959 2349 ulla
2991 2297 3272 2351 mentione
3307 2301 3432 2352 ani-

1849 2400 1972 2450 ma),
2004 2385 2146 2440 sicut
2175 2386 2277 2439 hoc
2300 2386 2420 2439 loco
2440 2385 2690 2454 ponitur,
2725 2400 2824 2453 pro
2850 2386 3030 2440 anima
3069 2387 3186 2457 ipsa
3219 2391 3438 2459 positus

1850 2475 2188 2547 intelligitur.
2219 2475 2402 2544 lnquit
2425 2491 2586 2546 ergo:
2617 2475 2750 2530 Cum
2795 2477 2850 2530 in
2886 2485 3086 2532 terram
3115 2494 3316 2549 corpus
3349 2472 3430 2534 re-

1849 2568 2096 2631 solvitur,
2118 2567 2297 2620 anima
2320 2569 2610 2620 revertitur
2633 2569 2698 2622 ad
2726 2567 2915 2630 Deum,
2948 2569 3230 2624 redditura
3262 2573 3431 2624 ratio-

1849 2671 1972 2709 nem
1999 2671 2178 2710 rerum
2213 2672 2350 2725 quas
2373 2657 2541 2726 gessit
2569 2657 2624 2710 in
2655 2660 2764 2712 vita
2816 2657 3058 2713 Creatori
3083 2674 3204 2714 suo.
3243 2660 3434 2730 Neque

1849 2746 1994 2799 enim
2025 2747 2093 2800 de
2129 2755 2268 2800 terra
2300 2747 2560 2815 plasmata
2593 2756 2677 2802 est
2702 2747 2882 2801 anima
2903 2759 3089 2803 nostra
3121 2751 3432 2816 rationalis.

1849 2837 1944 2891 sed
1973 2837 2093 2890 talis
2140 2837 2350 2891 exsistit
2388 2839 2604 2906 qualem
2653 2838 2802 2892 solus
2855 2839 2944 2893 ille
2986 2841 3138 2908 novit
3188 2844 3280 2912 qui
3310 2859 3434 2898 eam

1849 2926 2074 2990 creavit,
2100 2938 2397 2996 nostroque
2432 2928 2561 2981 huic
2603 2937 2821 2984 terreno
2856 2932 3072 2999 corpori
3101 2932 3428 3002 colligatur:

1774 3041 1816 3097 ο
1853 3015 1993 3070 sicut
2023 3018 2185 3071 etiam
2219 3027 2275 3071 et
2304 3034 2333 3070 a
2365 3033 2594 3088 corpore
2634 3019 2886 3074 educitur
2913 3037 3036 3077 cum
3082 3023 3157 3077 illi
3187 3025 3286 3079 soli
3313 3027 3432 3095 pla-

1849 3108 2023 3163 cuerit
2041 3108 2130 3179 qui
2164 3125 2284 3163 eam
2319 3111 2536 3180 corpori
2570 3111 2862 3180 colligavit.

1918 3200 2081 3258 Vsus.
2107 3203 2226 3257 8-9.
2250 3202 2507 3257 «Vanitas
2539 3204 2861 3270 vanitatum,
2882 3206 3021 3260 dixit
3050 3206 3427 3274 Ecclesiastes.

1847 3296 2028 3350 omnia
2055 3297 2298 3360 vanitas;
2327 3303 2384 3349 et
2419 3296 2674 3366 amplius,
2705 3298 2848 3366 quod
2881 3297 3043 3352 fuerit
3083 3299 3200 3369 ipse
3239 3300 3432 3356 Eccle-

1847 3391 2038 3445 siastes
2064 3390 2300 3458 sapiens,
2333 3399 2388 3443 et
2414 3389 2661 3445 docuerit
2701 3391 2976 3445 hominem
3017 3393 3324 3449 scientiam.
3367 3395 3434 3450 Et

1847 3483 1994 3536 auris
2027 3482 2374 3552 investigabit
2403 3481 2725 3552 elegantiam
2755 3481 3158 3552 parabolarum.
3197 3503 3217 3537 ι
3248 3485 3431 3556 Repe-

1849 3574 1911 3627 tit
1941 3574 2046 3628 boc
2075 3573 2196 3627 loco
2221 3587 2382 3642 quem
2421 3573 2946 3645 superiusperstepe
2994 3577 3278 3645 usurpavit
3313 3593 3435 3646 ser_-

1849 3679 2088 3729 monem,
2119 3664 2420 3734 asseritque
2445 3665 2628 3718 omnia
2663 3680 3003 3736 quacunque
3025 3676 3151 3721 sunt
3180 3669 3236 3722 in
3267 3673 3443 3725 mun-'

1848 3758 1919 3811 do
1942 3757 2238 3812 vanitatem
2265 3771 2416 3812 esse:
2453 3770 2514 3810 se
2542 3771 2674 3811 vero
2716 3757 2896 3826 ipsum
2927 3759 3174 3812 nonnihil
3201 3761 3434 3830 amplius

1848 3863 2011 3919 quam
2059 3857 2288 3904 cateros
2317 3847 2568 3902 homines
2599 3848 2894 3917 accepisse,
2930 3848 3034 3903 hoc
3072 3860 3175 3916 est,
3201 3854 3434 3924 egregiae

1850 3953 1914 3992 ac
1929 3938 2216 4008 singularis
2239 3937 2518 4005 sapientiae
2546 3937 2820 4007 propriam
2852 3939 3286 4009 possessionem;
3318 3944 3434 3998 sola

1851 4045 2086 4100 namque
2109 4028 2375 4100 sapientia
2397 4029 2568 4084 solius
2600 4038 2684 4084 est
2714 4029 2977 4100 sapientis
3013 4033 3310 4102 possessio.
3342 4035 3436 4090 Ait

1851 4132 2110 4191 praeterea
2151 4137 2211 4176 se
2248 4121 2388 4176 hanc
2429 4121 2710 4191 sapientiae
2743 4123 3146 4191 possessionem
3199 4125 3318 4179 sine
3348 4125 3437 4178 in-

1857 4214 2005 4269 vidia
2036 4213 2250 4270 caeteris
2278 4214 2709 4269 communicasse
2739 4214 3090 4270 hominibus:
3123 4226 3232 4272 tam
3281 4217 3438 4273 vide-

1853 4307 1982 4362 licet
2011 4322 2074 4362 ea
2117 4307 2422 4362 tradentem
2457 4322 2582 4377 qua:
2627 4307 2694 4362 ad
2729 4307 3067 4362 sensibilium
3099 4323 3280 4363 rerum
3306 4324 3436 4380 spe-

166 4424 280 4469 vov,
310 4407 554 4476 δηλονότι
590 4402 703 4470 οἷος
738 4402 808 4478 ἦν
839 4407 868 4460 6
891 4405 1088 4474 λέγων,
1134 4405 1480 4474 Προσέθηκέ
1503 4425 1608 4476 μοι
1645 4407 1745 4461 cirri

1855 4407 2004 4455 ctant
2041 4399 2429 4470 cognitionem,
2461 4414 2625 4469 quam
2648 4415 2712 4456 ea
2745 4415 2866 4470 quae
2884 4415 2915 4456 a
2943 4401 3438 4472 materia-sejuncta-

164 4499 275 4554 τοῦ
299 4500 566 4566 ἀκούειν,
607 4499 834 4554 δύναται
866 4499 1171 4570 ἀνιχνεύειν
1202 4499 1268 4554 τὰ
1300 4500 1505 4570 κόσμια
1540 4501 1600 4553 ὲν
1635 4501 1745 4555 Πα-

1855 4493 2128 4547 intellectu
2161 4493 2276 4548 solo
2327 4494 2728 4563 percipiuntur.
2765 4491 2906 4547 Tum
2948 4493 3242 4558 subinfert,
3288 4495 3439 4564 quod

168 4589 423 4662 ραῦολαῖς
443 4589 735 4660 λεγόμενα.
767 4589 838 4642 Ἦ
864 4591 960 4643 καὶ
1001 4588 1196 4653 οὕτως·
1239 4589 1302 4642 Ὀ
1347 4589 1490 4660 ἔχων
1518 4591 1745 4660 κόσμιον

1855 4586 1939 4655 qui
1973 4594 2255 4657 purgatam
2289 4585 2541 4640 habuerit
2574 4600 2786 4648 aurem,
2815 4586 3031 4655 qualem
3063 4583 3318 4641 videlicet
3343 4587 3438 4641 ille

161 4679 283 4746 οὖς,
320 4683 744 4753 κεχρυσωμένον
773 4683 880 4737 ὑπὸ
923 4683 1018 4737 τοῦ
1047 4683 1232 4753 λόγου,
1266 4677 1380 4736 οἷον
1429 4679 1498 4750 ἦν
1543 4683 1605 4736 τὸ
1649 4685 1745 4753 τῆς

1855 4680 1938 4748 qui
1970 4679 2140 4734 dicit:
2175 4677 2430 4744 Apposuit
2472 4677 2602 4729 mihi
2635 4694 2817 4731 aurem
2845 4685 2900 4729 ut
2926 4679 3168 4732 audirem
3182 4677 3248 4742 ",
3281 4687 3437 4747 pote-

175 4773 500 4837 Ῥεδὲκκας,
535 4775 596 4827 τὸ
648 4775 940 4847 δεξάμενον
969 4775 1038 4829 τὰ
1065 4775 1262 4829 ἐνώτια
1301 4774 1394 4828 τοῦ
1425 4774 1617 4852 παιδὸς
1658 4776 1746 4827 Ἀ-

165 4868 376 4938 εραὰμ,
404 4867 632 4921 δύναται
665 4869 886 4922 ἀκούειν
930 4868 1000 4923 τά
1029 4867 1416 4939 παρασολικῶς
1441 4867 1734 4937 λεγόμενα.

1841 4769 1914 4823 rit
1955 4767 2114 4822 facile
2149 4765 2478 4834 investigare
2529 4765 2826 4833 elegantias
2875 4767 3270 4821 sententiarum
3313 4781 3440 4835 quae

1860 4866 1915 4919 in
1963 4856 2274 4915 Proverbiis
2318 4854 2686 4906 continentur.
2733 4854 2840 4906 Aut
2872 4853 3030 4908 aliter
3056 4855 3131 4908 ita
3160 4853 3438 4929 intelliget

166 4961 270 5027 Qui
316 4961 568 5017 habuerit
628 4962 929 5034 elegantem
963 4977 1151 5016 aurem
1179 4969 1426 5015 ornatam
1471 4957 1947 5037 inauribus‘verbi
1980 4951 2151 5008 divini
2177 4988 2193 5011 ,
2235 4946 2451 5017 qualem
2509 4943 2698 4999 habuit
2737 4943 2987 5000 Rebecca
3055 4961 3177 5015 quae
3225 4945 3440 5014 accepit;

168 5156 280 5204 tur.

175 5265 194 5300 ι
229 5244 410 5300 Πολλά
452 5244 710 5316 ἐζήτησεν
751 5248 780 5302 6
831 5239 1266 5317 Ἐκκλησιαστὴς
1294 5243 1390 5297 τοῦ
1422 5243 1611 5316 εὑρεῖν
1659 5243 1748 5298 λό-

165 5354 298 5407 γους
329 5335 657 5407 θελήματος,
679 5338 776 5392 ml
791 5337 1214 5409 γεγραμμένους
1242 5333 1537 5406 εὐθύτητος
1555 5333 1749 5402 λόγους

167 5425 448 5500 ἀληθείας.
505 5424 670 5493 Λόγοι
722 5428 900 5496 σοφῶν
953 5429 1030 5492 ὡς
1056 5427 1126 5482 τὰ
1177 5426 1500 5498 βούκεντρα,
1545 5425 1641 5478 καὶ
1673 5423 1750 5488 ὡς

164 5516 285 5595 ἧλοι
313 5518 726 5591 πεπυρωμένοι,
747 5519 796 5574 οἳ
824 5520 976 5591 παρὰ
1001 5519 1112 5574 τῶν
1140 5519 1539 5590 συνταγμάτων
1572 5517 1752 5587 ἐδόθη·

247 5708 312 5772 ."
349 5717 494 5774 Psal.
536 5733 724 5782 LXXVI,
759 5716 845 5771 l9.
924 5716 967 5748 ³⁸
992 5713 1136 5769 Psal.
1171 5729 1319 5778 xxrx,
1346 5712 1398 5766 4.
1479 5713 1518 5744 ³⁸
1543 5710 1681 5765 Gen.
1721 5725 1745 5762 ιτ

1864 5709 1916 5763 9.
2000 5708 2043 5740 ”
2077 5707 2174 5761 lsa.
2211 5725 2260 5774 t.,
2289 5709 2344 5763 4.

168 5054 390 5110 inaures
423 5047 666 5130 a'puero
722 5073 822 5112 seu
872 5069 1031 5110 servo
1087 5043 1404 5117 Abraham,
1468 5054 1557 5109 hic
1617 5055 1822 5124 poterit
1854 5048 2046 5106 audire
2119 5051 2283 5113 atque
2334 5040 2617 5113 percipere
2671 5054 2793 5111 quae
2844 5038 3154 5110 parabolice
3205 5041 3436 5096 tradun-

1923 5234 2090 5289 νεεδ.
2136 5229 2224 5297 lo,
2265 5227 2352 5281 Η.
2390 5243 2410 5277 ι
2459 5223 2682 5282 Multum
2711 5225 2963 5296 quaesivit
2998 5224 3354 5284 Ecclesiastes
3376 5238 3439 5286 ut

1857 5327 2128 5386 inveniret
2155 5336 2436 5379 sermones
2464 5321 2778 5385 voluntatis,
2805 5328 2860 5374 et
2886 5320 3119 5390 scriptos
3148 5321 3438 5379 rectitudi-

1858 5424 1944 5478 nis
1981 5431 2262 5475 sermones
2287 5415 2550 5470 veritatis.
2580 5414 2748 5485 678
2765 5413 2937 5468 Verba
2977 5414 3283 5484 sapientum
3326 5417 3438 5472 sic.

1861 5522 1918 5569 ut
1957 5511 2161 5569 stimuli
2183 5509 2408 5576 'boum,
2442 5515 2498 5562 et
2526 5507 2666 5561 sicut
2688 5506 2825 5561 clavi
2853 5506 3027 5577 igniti,
3057 5521 3178 5576 quae
3203 5521 3268 5563 ex
3301 5522 3442 5564 con-

2587 5768 2640 5799 ‘v‘
