3876 6304
464 248 571 315 623

1551 249 2091 312 'OLYMPIODORI
2123 250 2654 311 ALEXANDRINI

3648 248 3764 311 624

468 358 845 425 stitutionihus
882 359 1074 417 tradita
1107 368 1235 415 sunt
1264 374 1294 414 a
1337 369 1553 431 pastore
1585 377 1693 416 uno
1721 381 1733 416 :
1768 372 1823 418 et
1850 379 2033 434 super-

2144 380 2276 431 ισαν,
2296 366 2360 417 ὲκ
2390 365 2651 436 ποιμένος
2682 362 2824 426 ἑνός·
2858 361 2954 416 καὶ
2985 361 3255 433 περισσὸν
3276 361 3335 428 ἐξ
3360 359 3568 415 αὐτῶν.
3600 380 3622 414 ι
3647 365 3771 417 Λό-

468 453 637 529 iluum
693 467 761 510 ex
806 453 964 524 ipsis.
1018 470 1038 505 ι
1100 451 1374 509 Sermones
1426 453 1734 521 uoluntatis,
1793 456 2049 527 intelligit

469 564 750 607 sermones
788 547 1098 605 conformes
1135 547 1401 604 voluntati
1450 548 1671 613 divinas,
1719 564 1858 619 quos
1907 550 2051 619 quis-

467 643 593 713 quis
619 648 840 698 secutus
863 641 1028 695 homo
1061 638 1242 703 fuerit,
1272 639 1546 710 percipiet
1575 641 1805 711 gloriam
1837 642 1962 698 vitae
1983 657 2049 699 ac

465 733 744 790 felicitatis
782 740 1024 805 aeternae.
1058 730 1156 786 Vel
1187 746 1473 787 sermones
1502 733 1754 805 intelligit
1794 736 2047 805 mysteria

467 818 830 891 continentes,
875 824 943 879 de
980 825 1179 894 quibus
1217 825 1294 878 ait
1339 824 1587 879 Salvator
1613 825 1666 878 in
1694 825 1922 881 Psalmis
1943 827 2048 881 Da-

463 919 557 975 vid
593 935 609 973 :
655 919 717 975 Ut
762 918 988 987 facerem
1030 914 1354 968 voluntatem
1388 923 1556 981 tuam,
1593 914 1732 991 Dens
1762 932 1926 981 meus,
1960 933 2048 969 υσ-

466 1008 642 1074 lui”;
676 1007 929 1062 voluntas
965 1012 1150 1059 autem
1183 1004 1287 1060 fuit
1315 1005 1510 1071 Patris,
1535 1015 1596 1061 ut
1622 1007 1933 1078 unigenitus
1966 1005 2048 1081 Fi-

461 1086 568 1155 lius
611 1099 733 1155 eius
764 1097 1063 1152 humanam
1113 1092 1338 1151 carnem
1373 1105 1698 1152 assumeret.
1739 1097 2046 1153 Voluntatis

459 1189 641 1260 itaque
688 1188 887 1245 divinae
933 1201 1237 1251 sermones,
1286 1184 1565 1258 ipsiusque
1609 1190 1893 1259 sapientiae
1923 1206 2046 1260 quae

458 1289 517 1338 et
544 1279 813 1336 rectitudo
837 1286 891 1334 et
910 1279 1114 1335 veritas
1131 1280 1258 1349 jure
1278 1279 1486 1349 optimo
1509 1289 1880 1350 nuncupatur,
1903 1296 2048 1351 qua»

459 1374 562 1431 sivi
602 1374 800 1446 (inquit
831 1384 1018 1431 noster
1047 1374 1437 1445 Ecclesiastes)
1483 1391 1552 1431 ex
1582 1377 1649 1431 iis
1672 1377 2046 1432 monumentis

458 1483 581 1539 quae
630 1468 831 1537 scripta
893 1453 1177 1538 prophetat
1225 1467 1387 1523 nobis
1441 1469 1800 1539 reliquerunt.
1858 1468 2046 1547 Neque

458 1557 607 1614 enim
650 1558 782 1613 satis
808 1567 892 1615 est
924 1558 1303 1614 tantummodo
1343 1556 1602 1623 voluisse,
1649 1559 1756 1614 nisi
1788 1567 1843 1614 et
1874 1560 2043 1615 muito

459 1665 676 1722 quoque
720 1649 903 1706 studio
933 1649 1332 1721 perquiramus.
1358 1648 1478 1714 ,Qui
1511 1651 1660 1705 enim
1706 1651 1917 1722 quwrit,
1958 1653 2043 1706 in-

456 1745 616 1811 uenit,
658 1752 707 1799 et
733 1732 966 1814 pulsanti
995 1743 1340 1812 aperietur“.
1374 1740 1499 1797 Haec
1536 1730 1702 1814 igitur
1733 1756 1855 1798 cum
1886 1745 2041 1813 quaa-

455 1831 619 1888 sisset
657 1830 1037 1897 Ecclesiastes,
1068 1829 1322 1902 cognovit
1351 1830 1500 1900 quod
1531 1832 1697 1885 verba
1741 1833 2044 1901 propheta-

456 1938 576 1978 rum
602 1922 798 1993 pieque
817 1922 887 1977 de
912 1921 1023 1976 Deo
1048 1920 1402 1976 sentientium
1434 1921 1672 1987 Patrum,
1706 1932 1836 1987 sunt
1865 1923 2042 1993 persi-

455 2011 607 2069 milis
654 2012 905 2077 stimulis
945 2012 1136 2068 boum.
1191 2010 1345 2068 Sicut
1385 2014 1535 2068 enim
1605 2014 1810 2070 stimuli
1871 2017 2042 2071 boves

453 2112 704 2175 pungunt
750 2111 1056 2174 urgentque
1079 2112 1260 2159 aratro
1300 2105 1513 2161 sulcum
1560 2106 1933 2175 proscindere,
1958 2108 2040 2162 ita

453 2203 512 2251 et
551 2195 923 2267 theologorum
975 2197 1144 2251 verba
1182 2196 1422 2252 excitant
1463 2211 1568 2251 nos
1608 2197 1704 2267 qui
1752 2213 1851 2268 spe
1892 2198 2038 2253 bona

451 2300 689 2353 aramus,
736 2287 1103 2357 proscindere
1128 2287 1341 2342 sulcum
1385 2288 1760 2358 spiritualem,
1804 2297 1867 2344 ut
1909 2305 2035 2344 cum

451 2385 715 2448 purgatus
752 2377 917 2433 fuerit
962 2392 1093 2449 ager
1132 2378 1315 2433 cordis
1362 2378 1554 2442 nostri,
1590 2378 1853 2448 pulchros
1882 2379 1935 2433 in
1962 2394 2037 2435 eo

448 2467 665 2524 virtutis
712 2469 963 2531 surculos
994 2482 1377 2523 conseramus.~
1415 2468 1621 2524 Similia
1655 2484 1874 2540 quoque
1904 2479 2034 2525 sunt

450 2559 618 2614 clavis
649 2559 845 2630 ignitis
865 2568 1029 2629 atque
1053 2556 1418 2615 candentibus
1465 2560 1560 2630 qui
1602 2559 1774 2615 altius
1805 2576 1871 2617 ac
1896 2560 2032 2617 faci-

2152 473 2300 525 γους
2341 456 2678 525 θελήματος
2734 454 2887 525 φησὶ⁸
2942 455 3070 517 τοὺς
3131 453 3227 507 τοῦ
3291 452 3610 524 θελήματος
3663 455 3764 507 τοῦ

2150 546 2310 608 Θεοῦ,
2345 547 2469 600 καθ’
2504 546 2596 610 οὒς
2646 536 3083 617 πολιτευόμενος
3135 544 3427 616 ἄνθρωπος
3470 545 3574 613 τῆς
3624 544 3763 598 ait».

2150 638 2268 690 νίου
2300 635 2446 708 ζωῆς
2474 637 2909 708 ἐπιλαμϐάνεται
2937 652 2955 670 ο
2988 638 3021 709 ἢ
3059 637 3314 699 καὶτοὺς
3345 635 3765 706 μυστηριώδεις

2148 729 2385 799 λόγους,’
2411 730 2542 801 περὶ
2595 723 2670 783 ὧν
2700 729 2871 801 ἔφησε
2917 730 2979 784 ὲν
3018 728 3311 800 ψαλμοῖςὸ
3347 728 3566 798 Σωτὴρ,
3636 725 3759 781 Τοῦ

2148 817 2423 889 ποιῆσαι,
2447 815 2493 874 ὦ
2514 819 2692 886 Θεὸς,’
2705 821 2772 874 τὸ
2801 818 3033 890 θέλημά
3054 837 3170 874 σου
3188 818 3553 887 ἐϐουλήθην.
3577 818 3761 888 89.1;-

2152 896 2228 983 μα
2260 912 2319 964 δὲ
2346 909 2415 983 ἦν
2445 912 2539 966 τοῦ
2564 913 2778 982 Πατρὸς
2809 915 2841 984 ὴ
2869 913 2963 966 τοῦ
2999 911 3347 981 Μονογενοῦς
3386 911 3760 982 ὲνανθρὼπη-

2149 1020 2253 1066 σις.
2284 1002 2393 1056 Τοῦ
2440 1002 2589 1056 θείου
2635 1003 2819 1056 τοίνυν
2873 1002 3225 1073 βουλήματος
3245 1002 3375 1064 τοὺς
3402 1001 3625 1069 λόγους,
3656 1002 3756 1054 καὶ

2148 1094 2322 1163 αὐτῆς
2350 1095 2450 1164 τῆς
2480 1094 2697 1166 σοφίας,
2727 1097 2762 1167 ἥ
2792 1113 2878 1161 τις
2903 1096 3134 1168 εὐθύτης
3158 1094 3526 1172 καὶθάλήθεια
3572 1094 3755 1149 καλεῖ·

2147 1204 2262 1252 ται,
2321 1189 2387 1241 ὲκ
2431 1188 2545 1241 τῶν
2596 1190 3004 1261 γεγραμμένων
3056 1189 3213 1261 παρά
3257 1192 3374 1252 τοῖς
3403 1188 3747 1259 προφήταις,

2146 1277 2465 1348 ἀνεζήτουν,
2519 1279 2705 1350 φησίν·
2739 1280 2800 1332 οὐ
2832 1279 2944 1351 γὰρ
2965 1279 3158 1344 ἁπλῶς
3185 1279 3421 1349 θελῆσαι
3444 1280 3534 1333 δεῖ
3561 1278 3746 1351 μόνον,

2146 1370 2282 1425 ἀλλὰ
2312 1373 2407 1425 καὶ
2432 1374 2526 1426 ἐπὶ
2555 1372 2692 1426 πολὺ
2719 1372 2976 1443 ζητῆσαι.
3009 1373 3069 1425 ’0
3086 1373 3199 1443 γὰρ
3218 1370 3433 1440 ζητῶν-
3449 1373 3742 1439 εὑρίσκει,

2145 1463 2246 1517 καὶ
2272 1461 2354 1529 τῷ
2381 1465 2662 1533 κρούοντι
2696 1463 3110 1535 ἀνοιγήσεται.
3145 1464 3334 1517 Ταῦτα
3362 1460 3460 1518 οὖν
3495 1463 3682 1533 ζητῶν
3714 1465 3744 1515 ό

2158 1554 2614 1626 Ἐκκλησιαστὴς,
2642 1556 2785 1626 ἔγνω
2811 1557 2895 1610 ὅτι
2923 1557 2973 1610 οι
3011 1557 3161 1626 λόγοι
3189 1556 3301 1609 τῶν
3333 1555 3617 1610 θεοσεόὦν
3637 1557 3742 1608 ἐοί-

2144 1662 2274 1700 κασι
2309 1645 2681 1718 βουκέντροις.
2712 1648 2929 1718 Ὠσπερ
2960 1650 3070 1718 γὰρ
3112 1646 3189 1717 τὰ,
3230 1646 3537 1719 βούκεντρα
3567 1646 3747 1716 πλήτ-

2076 1708 2117 1766 Β
2147 1708 2322 1791 τουσι.
2355 1739 2486 1803 τοὺς
2538 1708 2688 1809 βόας,
2726 1738 2820 1793 ἐπὶ
3136 1708 3355 1794 αὔλακα
3390 1708 3474 1810 ut};
3523 1708 3745 1810 ἀρότρῳ

2145 1830 2384 1901 τέμνειψ
2414 1828 2559 1883 οὕτω
2611 1830 2709 1883 καὶ
2738 1830 2789 1883 oi
2832 1829 2944 1883 τῶν
2986 1830 3266 1899 θεοσόφων
3313 1830 3532 1902 ἀνδρῶν
3595 1830 3745 1898 λόγοι

2143 1919 2504 1990 διεγείρουσιν
2522 1922 2675 1990 ἡμᾶς
2691 1921 2818 1982 τοὺς
2843 1919 2933 1973 ἐπ’
2967 1920 3145 1975 ἑλπίδι
3180 1922 3590 1993 ἀροτριῶντας.
3613 1922 3745 1974 ἀνα-

2142 2013 2360 2084 τέμνειν
2385 2013 2492 2083 τῆς
2535 2011 2721 2083 ψυχῆς
2751 2012 2850 2084 τὴν
2908 2012 3145 2079 αὔλακα,
3185 2015 3282 2071 καὶ
3332 2006 3741 2084 διακαθαίρειν,

2142 2107 2237 2158 καὶ
2283 2106 2693 2177 κατάφυτεύειν
2723 2108 2792 2161 τὰ
2819 2105 2960 2160 καλά
2998 2106 3099 2177 τῆς
3124 2106 3335 2178 ἀρετῆς
3352 2106 3740 2176 μοσχεύματα.

2152 2196 2398 2251 Ἐοίκασι
2424 2199 2485 2251 δὲ
2522 2198 2618 2252 καὶ
2645 2199 2800 2270 ἥλοις
2830 2198 3275 2271 πεπυρωμένοις,
3305 2196 3545 2262 οἵτινες
3579 2197 3742 2269 βαθύ-

2137 2307 2299 2360 τερον
2322 2291 2420 2344 καὶ
2453 2292 2863 2364 εὐμαρέστερον
2894 2294 3008 2355 τοῖς
3048 2289 3229 2358 ξύλοις
3251 2283 3736 2361 προσπηγνυνται·

2136 2381 2280 2435 οὕτω
2310 2383 2406 2436 καὶ
2436 2385 2484 2436 οἱ
2538 2382 2747 2436 τούτων
2777 2383 2925 2452 λόγοι
2971 2384 3050 2446 είς
3081 2381 3144 2436 τὸ
3184 2381 3323 2452 βαθὺ
3357 2382 3460 2453 τῆς
3494 2383 3741 2447 διανοίας

2135 2472 2293 2542 ἡμῶν
2344 2472 2888 2545 ἐγκαταπήγνυνται.
2925 2469 3085 2530 Οὗτοι
3136 2473 3194 2528 δὲ
3228 2475 3278 2527 οἱ
3325 2473 3501 2541 λόγοι,
3550 2475 3736 2544 φησὶν,

2133 2561 2297 2631 παρὰ
2347 2563 2469 2617 τῶν
2526 2562 2965 2635 συνταγμάτων
3002 2564 3328 2632 ἐδόθησαν*
3375 2564 3549 2635 ἕτερα
3573 2564 3631 2618 δὲ
3668 2565 3741 2633 βι-

450 2652 556 2708 lius
598 2650 760 2722 lignis
802 2651 1101 2723 inﬁguntur
1128 2670 1142 2706 :
1174 2652 1247 2707 ita
1275 2652 1422 2706 enim
1445 2659 1501 2706 et
1524 2652 1836 2723 sapientum
1867 2654 2031 2709 verba

2144 2654 2272 2707 ϐλία
2294 2655 2458 2723 παρὰ
2500 2653 2619 2709 τῶν
2660 2655 3098 2725 συν-θεαμάτων
3125 2654 3331 2726 έχουσι.
3363 2654 3738 2726 Συντάγματα

450 2745 851 2816 theologorum,
885 2744 943 2799 in
976 2743 1350 2815 penitissimus
1383 2744 1537 2800 sinus
1588 2745 1901 2802 intellectus
1926 2762 2029 2801 no-

2137 2746 2196 2799 ὁὲ
2253 2745 2386 2811 νόει,
2438 2745 2471 2816 ἢ
2530 2745 2901 2815 συνθὲσματα,
2947 2746 3017 2799 τὰ
3066 2745 3164 2800 τοῦ
3223 2745 3361 2799 Θεοῦ
3420 2744 3736 2818 ποιήματα,

449 2836 550 2895 atri
578 2837 742 2911 altius
782 2836 1039 2907 ﬁguntur.
1091 2834 1218 2892 Haec
1250 2846 1430 2892 autem
1462 2837 1627 2892 verba
1671 2838 1871 2892 tradita
1902 2849 2026 2893 sunt

2137 2836 2202 2888 τὰ
2260 2834 2557 2909 ἀκροφυῶς
2607 2836 3040 2907 συντεταγμένα,
3084 2835 3180 2889 καὶ
3223 2836 3569 2907 ὲναρμονίως
3608 2853 3737 2890 συν·

448 2930 609 2986 nobis
650 2946 715 2984 ea:
748 2929 1230 2995 constitutionibus;
1265 2929 1367 2984 alia
1398 2944 1528 2985 vero
1573 2929 1904 2999 exemplaria
1937 2931 2030 2984 ha-

2137 2924 2376 2991 τεθέντα,
2447 2923 2511 2990 ἐξ
2577 2919 2652 2980 ὧν
2696 2926 2983 2996 ἀναλόγως
3044 2926 3137 2980 τὸν
3191 2926 3583 2999 γενεσιουργὸν
3637 2927 3739 2980 αὖ·

448 3020 584 3076 bent
651 3018 1126 3089 compositionibus.
1189 3018 1622 3074 Constitutiones
1682 3027 1861 3074 autem
1912 3021 2027 3074 sive

2137 3016 2245 3069 τῶν
2303 3017 2844 3089 καταλαμϐάνομεν·
2911 3020 3009 3074 καὶ
3048 3020 3431 3090 συντάγματα,
3489 3020 3592 3083 τὰς
3641 3018 3737 3109 ξύει

449 3112 892 3183 compositiones,
942 3110 1179 3183 intellige
1228 3127 1393 3182 opera
1437 3111 1530 3166 Dei
1576 3127 1697 3181 qua:
1725 3110 2030 3167 admirabili

2137 3108 2431 3180 Διαθήκας,
2502 3110 2746 3163 Παλαιὰν
2803 3112 2896 3165 καὶ
2944 3113 3172 3183 Καινήν.
3235 3106 3410 3166 Πόθεν
3485 3111 3545 3164 δὲ
3599 3106 3737 3182 ἡμῖν

448 3218 798 3275 ac.supremo
826 3203 1016 3259 ordine
1045 3212 1100 3259 et
1131 3204 1411 3260 harmonia
1441 3204 1702 3275 disposita
1728 3213 1785 3259 et
1815 3205 2028 3260 consti-

448 3303 565 3351 tuta
606 3301 766 3351 sunt:
797 3311 867 3350 ex
897 3295 1097 3366 quibus
1128 3298 1482 3366 proportione
1517 3296 1753 3365 quadam
1778 3310 1843 3349 ac
1875 3295 2032 3350 simi-

448 3386 680 3442 litudine
723 3386 976 3442 ducimur
1018 3386 1072 3440 in
1120 3387 1358 3457 aliquam
1390 3387 1483 3442 Dei
1514 3386 1725 3457 opiﬁcis
1756 3388 2032 3458 cognitio-

446 3491 595 3532 nem.
641 3474 854 3532 Poteris
893 3484 949 3531 et
984 3476 1403 3532 conStitutiones
1448 3476 1554 3530 hoc
1601 3475 1721 3530 loco
1753 3476 2027 3546 accipere,

445 3578 736 3639 utrumque
787 3569 1219 3636 Testamentum,
1261 3566 1430 3623 Vetus
1465 3568 1673 3623 scilicet
1704 3584 1768 3623 ac
1795 3568 2026 3624 Novum.

444 3660 601 3717 Unde
626 3667 809 3713 autem
834 3657 1073 3729 cognitio
1101 3657 1225 3712 data
1259 3666 1347 3712 est
1375 3657 1536 3713 nobis
1569 3666 1627 3712 ut
1656 3666 1714 3712 et
1751 3657 2029 3713 sensibilia

446 3753 873 3825 specularemur,
921 3760 978 3805 et
1022 3750 1449 3822 intelligeremus
1490 3764 1611 3820 quae
1642 3751 2029 3806 intellectualia

445 3830 616 3900 sunt?
644 3842 723 3898 Ex
747 3859 851 3896 uno
882 3857 1080 3912 nempe
1118 3853 1348 3911 pastore.
1380 3841 1501 3909 Quo
1529 3853 1712 3897 autem
1737 3842 1760 3895 ?
1788 3843 1880 3911 qui
1921 3842 2029 3897 sci-

442 3933 581 4003 licet
617 3944 674 3990 et
718 3934 771 3988 in
801 3934 955 3989 uelis
985 3942 1041 3988 et
1069 3933 1122 3987 in
1148 3944 1291 3988 terra
1323 3933 1825 4009 rationalespascit
1869 3949 2031 3988 crea-

444 4028 622 4092 turas;
668 4025 761 4095 qui
809 4035 866 4080 et
895 4024 1065 4080 dixit:
1115 4024 1225 4095 Ego
1268 4042 1384 4079 sum
1432 4034 1616 4095 pastor
1650 4025 1813 4079 bonus
1830 4025 1896 4077 ³⁸.
1931 4023 2030 4079 Se—

441 4118 627 4190 quitur
675 4128 896 4175 autem:
942 4116 1015 4172 Et
1063 4120 1389 4189 superﬂuum
1427 4134 1492 4172 ea:
1538 4119 1684 4187 ipsis.
1739 4117 2028 4184 Quodnam

440 4199 818 4282 superﬂuum?
864 4210 943 4265 Ex
974 4210 1167 4263 harum
1218 4209 1425 4263 scilicet
1466 4223 1648 4262 rerum
1685 4208 2025 4278 cognitione;

2134 3199 2167 3269 ἡ
2211 3198 2414 3266 γνῶσις
2463 3198 2621 3268 ἐδόθη
2672 3199 2772 3267 τῆς
2822 3199 2932 3253 τῶν
2982 3201 3259 3272 αἰσθητῶν
3314 3201 3587 3272 θεωρίας,
3637 3203 3735 3254 καὶ

2133 3290 2233 3359 τῆς
2252 3289 2361 3345 τῶν
2400 3292 2607 3359 νοητῶν
2647 3290 3042 3361 καταλήψεωςς
3085 3293 3182 3345 Ἐκ
3218 3292 3507 3361 ποιμένος
3567 3292 3731 3357 ἑνός.

2134 3381 2633 3451 Ποίου.ποιμένος;
2680 3382 2775 3435 τοῦ
2807 3383 2903 3437 καὶ
2937 3383 3005 3436 τὰ
3028 3385 3083 3435 ὲν
3105 3384 3380 3454 οὐρανοῖς,
3418 3383 3515 3435 καὶ
3541 3384 3611 3435 τὰ
3639 3385 3733 3435 ἐπὶ

2132 3472 2237 3541 γῆς
2281 3472 2474 3540 λογικά
2513 3474 3034 3544 ποιμαίνοντος,τοῦ
3089 3477 3388 3545 φήσαντος·
3426 3474 3574 3545 Ἐγώ
3613 3478 3733 3545 εἶμι

2133 3566 2166 3616 ό
2194 3564 2420 3633 ποιμὴν
2446 3570 2479 3618 ό
2510 3568 2718 3632 καλός.
2778 3567 2960 3629 Ἀλλὰ,
2990 3566 3097 3621 Καὶ
3116 3566 3438 3636 περισσὸν,
3474 3568 3636 3637 φησὶ,
3664 3567 3731 3631 ἐξ

2130 3651 2350 3707 αὐτῶν.
2376 3654 2532 3708 Ποῖον
2563 3656 2624 3708 τὸ
2654 3657 2952 3726 περισσόνς
2989 3658 3052 3710 ὲκ
3082 3659 3180 3728 τῆς
3208 3657 3416 3711 τούτων
3445 3658 3727 3725 γνώσεως,

2130 3746 2214 3799 ὅτι
2271 3744 2417 3816 ζωὴν
2466 3742 2686 3801 αἰώνιον
2738 3748 3209 3820 κληρονομοῦμεν,
3268 3750 3353 3802 ὅτι
3412 3748 3510 3803 καὶ
3562 3751 3727 3803 αὑτὸν

2132 3838 2437 3909 ἀξιούμεθα
2462 3840 2555 3893 τὸν
2587 3840 2752 3894 καλὸν
2788 3841 3033 3912 Ποιμένα
3067 3842 3214 3911 ἔχειν
3252 3841 3601 3907 διδάσκαλον,
3633 3843 3726 3895 καὶ

2127 3931 2282 3985 ano:
2315 3930 2521 4000 ταύτης
2570 3933 2669 4001 τῆς
2713 3932 2973 3999 γνώσεως.
3020 3933 3078 3985 ὲν
3124 3933 3259 4004 τῷδε
3294 3932 3375 4004 τῷ
3410 3933 3514 4004 βίῳ
3555 3952 3726 3988 κατα·-

2130 4023 2441 4089 ξιωθέντες,
2475 4023 2572 4077 καὶ
2599 4023 2701 4092 τῆς
2728 4024 2941 4089 τελείας
2970 4025 3231 4093 γνώσεως
3257 4027 3317 4079 ἐν
3353 4026 3433 4097 τῷ
3470 4026 3722 4099 μέλλοντι

2130 4113 2540 4179 καταξιοῦνται,
2582 4114 2833 4186 καθαροὶΔ
2853 4115 3111 4186 καθαρῶς
3145 4116 3251 4169 ὑπὸ
3290 4116 3392 4187 τῆς
3417 4118 3581 4186 ἁγίας
3626 4117 3719 4170 καὶ

2127 4204 2419 4276 ὁμοουσίου
2445 4206 2487 4257 Τ
2492 4205 2676 4274 ριάδος
2713 4207 3142 4278 ὲλλαμπόμενοι.

439 4302 618 4372 ampla
640 4303 786 4358 enim
840 4313 898 4355 et
948 4297 1336 4371 permagniﬁca
1393 4295 1811 4366 cognoscimus,
1855 4306 1915 4350 ut
1946 4306 2094 4366 puta,
2125 4294 2273 4365 quod
2318 4294 2605 4350 hereditas
2656 4304 2861 4362 nostra,
2928 4297 3037 4350 vita
3093 4306 3297 4353 aeterna
3357 4300 3541 4356 futura
3592 4312 3712 4357 est:

439 4394 583 4464 quod
617 4394 797 4449 bonus
825 4392 916 4446 ille
937 4391 1132 4445 Pastor
1154 4389 1407 4459 dignatus
1437 4396 1523 4442 est
1564 4394 1754 4440 noster
1813 4386 1930 4442 ﬁeri
1988 4387 2282 4458 magister;
2346 4395 2403 4441 et
2438 4386 2603 4457 (quod
2640 4386 2877 4457 denique
2916 4386 2971 4441 in
3008 4403 3273 4457 suprema
3311 4390 3573 4447 felicitate
3632 4394 3714 4450 lo-

437 4485 679 4543 candum
700 4482 803 4549 est)
829 4482 974 4552 quod
1003 4481 1097 4551 qui
1126 4480 1274 4550 digni
1301 4479 1471 4536 habiti
1519 4480 1710 4535 sumus
1739 4478 2057 4548 imperfecta
2095 4482 2198 4535 hac
2239 4478 2551 4551 cognitione
2592 4495 2715 4550 qua:
2755 4490 2931 4535 estex
2967 4491 3123 4551 parte
3182 4484 3313 4540 dum
3348 4486 3607 4550 vivimus.
3648 4489 3714 4544 ad

437 4572 740 4649 perfectum
783 4574 1066 4631 deindein
1099 4573 1287 4629 futuro
1325 4571 1524 4629 saeculo
1578 4570 2079 4656 ,veriicmus,tpuri
2115 4572 2327 4642 puriter
2387 4588 2418 4627 a
2474 4581 2662 4629 sancta
2730 4574 3181 4629 consubstantiali
3251 4576 3523 4635 Trinitate
3582 4582 3713 4638 illu-

438 4667 670 4815 “r323;
700 4759 789 4814 12.
826 4774 849 4810 ι
883 4757 1004 4824 Fili,
1050 4771 1183 4812 cave
1214 4755 1316 4811 tibi
1362 4771 1395 4810 a
1440 4754 1708 4811 faciendis
1738 4755 1925 4811 multis
1953 4754 2020 4807 li-

433 4853 569 4916 bris,
611 4852 873 4923 quoniam
921 4865 1031 4905 non
1084 4858 1169 4905 est
1200 4848 1331 4903 linis
1359 4866 1375 4914 ;
1407 4856 1462 4903 et
1490 4847 1776 4902 meditatio
1825 4846 2017 4909 multa,

433 4944 613 5001 carnis
642 4944 816 4999 labor.
852 4961 871 4995 ι
923 4941 1076 4997 Multi
1122 4941 1249 4996 libri
1298 4940 1568 5009 multique
1611 4953 1894 4994 sermones
1924 4938 2017 5007 qui

433 5038 557 5100 που·
585 5036 817 5091 tendunt
852 5034 921 5087 ad
980 5046 1147 5086 unum
1178 5030 1540 5100 eumdemq‘ue
1588 5029 1931 5100 propositum
1960 5028 2019 5082 li-

433 5141 579 5191 nem,
600 5127 927 5181 conturbant
945 5123 1181 5177 animam
1200 5120 1428 5192 legentis
1455 5130 1618 5190 atque
1648 5120 2014 5175 confundunt.

429 5219 599 5291 079
615 5218 1061 5287 Quotiescunque
1108 5230 1240 5271 vero
1265 5215 1334 5270 de
1363 5232 1492 5270 vera
1521 5214 1783 5283 religione
1804 5228 2013 5268 sermo-

432 5323 559 5364 nem
593 5309 715 5377 quis
734 5307 916 5366 faciat,
943 5304 1159 5360 tametsi
1190 5306 1245 5358 in
1279 5306 1499 5375 longum
1534 5302 1773 5371 spatium
1799 5310 2012 5370 tempo-

431 5398 511 5452 ris
556 5398 707 5452 illum
756 5396 1040 5466 protrahat
1079 5394 1222 5450 sicut
1266 5394 1428 5449 divus
1479 5392 1757 5462 apostolus
1788 5392 2017 5471 fecit“,

431 5489 525 5559 qui
547 5489 603 5543 in
633 5487 815 5542 schola
832 5487 1064 5555 tyranni,
1097 5484 1409 5541 trinoctium
1428 5484 1496 5541 de
1515 5484 1783 5554 mysteriis
1803 5483 2011 5541 Christi

2202 4771 2220 4802 ι
2254 4749 2370 4829 Υἱὲ,
2398 4750 2678 4819 φυλάσσου
2706 4752 2802 4807 τοῦ
2830 4756 3055 4827 ποιῆσαι
3071 4757 3253 4827 βιϐλία
3282 4744 3476 4830 πολλὰ,
3508 4765 3592 4819 ὅτι
3613 4768 3714 4819 οὐκ

2122 4840 2237 4896 ἔστι
2258 4845 2543 4914 περασμός
2560 4860 2574 4873 ⁸
2599 4847 2695 4899 καὶ
2717 4846 2921 4920 μελέτη
2948 4849 3139 4920 πολλὴ,
3169 4852 3412 4923 κόπωσις
3430 4858 3659 4925 σαρκός.
3689 4877 3712 4912 ι

2121 4934 2299 4988 Πολλὰ
2354 4935 2562 5005 βιϐλία,
2606 4940 2703 4991 καὶ
2760 4939 2909 5008 λόγοι
2966 4942 3155 4996 πολλοὶ
3214 4947 3265 4997 οἱ
3310 4947 3383 5015 μὴ
3432 4948 3570 5016 πρὸς
3622 4951 3719 5006 τὸν

2119 5027 2283 5087 αὑτὸν
2353 5029 2560 5083 σκοπὸν
2611 5033 2958 5098 νενευκότες,
3016 5035 3066 5086 οἰ
3118 5036 3353 5090 τοιοῦτοι
3399 5036 3548 5105 λόγοι
3615 5042 3719 5096 καὶ

2085 5117 2341 5189 -ὀχληροὶ
2369 5119 2757 5189 τυγχάνουσιν.
2793 5122 2964 5175 Ὅταν
3015 5123 3116 5193 μὲν
3160 5127 3270 5197 γάρ
3315 5143 3398 5191 τις
3442 5127 3535 5181 τὸν
3578 5130 3717 5201 περὶ

2116 5209 2350 5280 ἀληθοῦς
2396 5210 2709 5276 θεοσεϐείας
2754 5212 3043 5283 ὲκτιθῆται
3079 5214 3258 5282 λόγον,
3295 5217 3401 5272 κᾶν
3435 5220 3495 5272 ὲν
3532 5220 3715 5293 πολλῷ

2114 5300 2192 5372 τῷ
2227 5302 2404 5371 χρόνῳ
2440 5300 2795 5371 διαλέγηται,
2839 5304 2913 5365 ὡς
2943 5304 2972 5354 ό
3021 5303 3165 5374 ἱερὸς
3206 5305 3508 5369 ἀπόστολος
3542 5310 3601 5361 ἐν
3642 5312 3711 5380 τῇ

2119 5394 2283 5464 σχολῇ
2318 5393 2588 5463 τυράννου
2623 5394 2718 5445 ἐπὶ
2759 5397 2910 5465 τρεῖς
2940 5395 3144 5461 νύκτας
3189 5397 3438 5453 ἐδίδασκε
3469 5400 3537 5452 τὰ
3576 5404 3714 5471 περὶ

2118 5483 2213 5535 τοῦ
2250 5482 2457 5553 Κυρίου
2487 5500 2500 5512 ·
2538 5478 2693 5545 οὗτος
2737 5483 2860 5538 οὕτε
2909 5485 3080 5541 πολλὰ
3115 5486 3285 5559 λέγει,
3319 5487 3446 5544 οὔτε
3476 5489 3713 5563 ὀχληρός

503 5694 548 5727 ³³
586 5692 728 5748 Psal.
768 5706 951 5761 xxxix,
979 5695 1034 5751 9.
1122 5695 1180 5779 ..³⁵
1209 5697 1343 5753 Luc.
1374 5714 1436 5767 ιι,
1467 5698 1556 5754 10.
1607 5761 1624 5773 μ
1662 5696 1705 5728 ³⁸
1728 5695 1887 5752 Joan.
1922 5693 2025 5763 x,l

2170 5693 2215 5727 “
2249 5693 2371 5750 Act.
2410 5710 2504 5763 xx,
2600 5707 2754 5766 seqq.
