3876 6304
104 369 218 435 625

1208 373 1690 435 FRAGMENTA
1720 373 1803 434 IN
1838 360 2256 465 JEnnMIAM.

3269 352 3380 447 ιιι

103 487 252 549 ἐστι,
281 481 416 538 ἀλλά
447 482 543 537 καὶ
582 481 877 554 ἀκόρεστος
924 483 1036 547 τοῖς
1071 482 1385 540 ἁκούουσιν.
1416 487 1574 553 Οὗτω
1602 486 1692 540 καὶ

1800 485 2104 556 perdocuit,
2136 486 2187 539 is
2198 499 2378 555 neque
2398 494 2529 541 tunc
2555 487 2724 541 multa
2745 485 2899 553 dicit,
2921 501 3099 558 neque
3117 489 3387 550 molestus

101 576 178 632 τὰ
204 577 319 630 τῶν
346 574 506 630 θείων
532 574 766 645 Γραφῶν
798 573 1309 647 βιϐλίανηπολύστιχα
1326 579 1685 647 τυγχάνοντα,

102 669 171 722 οὺ
203 668 378 723 πολλά
413 666 687 733 λέγονται,
721 664 858 717 ἀλλὰ
890 665 1054 734 νόμος
1104 667 1307 737 Κυρίου
1334 683 1349 698 ⁸
1382 668 1573 740 ἐπειδὴ
1608 663 1688 733 εἷς

103 760 441 831 ἀμφοτέρων
490 756 600 811 τῶν
649 756 939 825 Διαθηκῶν
982 759 1010 810 ὁ
1042 759 1373 830 νομοθέτης,
1414 761 1510 815 καὶ
1553 760 1689 831 πρὸς

102 850 207 906 ἕνα
239 851 444 906 σκοπὸν
471 850 688 904 ἅπαντα
725 843 1046 919 βλέπουσιν,
1073 850 1149 915 ὡς
1172 853 1268 904 καὶ
1293 852 1455 916 αὐτὸς
1478 851 1639 922 ἡμῶν
1659 853 1690 906 6

104 944 316 1014 Κύριος
360 942 591 1007 ἐδίδαξε,
621 944 650 996 6
699 941 872 1011 μέγας
926 941 1380 1013 Ἐκκλησιαστὴς,
1437 946 1471 1014 ἡ
1528 945 1691 1017 σοφία

103 1037 205 1088 τοῦ
226 1036 339 1087 Πατ
349 1035 460 1105 ρὺς,
479 1033 865 1103 Ἀγαπήσεις,
888 1035 1146 1103 λέγουσα,
1170 1037 1392 1103 Κύριον
1412 1037 1520 1091 τὸν
1543 1037 1692 1092 Θεόν

102 1124 327 1194 σουέξ
360 1125 519 1191 ὅλης,
540 1123 650 1191 τῆς
680 1122 929 1192 καρδίας
955 1139 1094 1188 σου,
1136 1124 1235 1179 καὶ
1271 1124 1381 1178 τὸν
1419 1124 1691 1190 πλησίον

104 1235 228 1272 σου
249 1217 332 1282 ὡς
359 1216 600 1271 ἑαυτόν.
618 1217 722 1270 Ἐν
750 1202 861 1285 γὰρ
889 1216 1134 1281 ταύταις
1164 1217 1289 1280 ταῖς
1314 1216 1501 1271 δυσίν
1523 1217 1690 1291 ἐντο-

102 1309 250 1375 λαῖς
287 1309 486 1375 ὅλοςό
512 1308 850 1377 νόμοςνκαὶ
897 1310 952 1362 οὶ
998 1308 1300 1377 προφῆται
1343 1310 1684 1378 κρέμανται.

118 1402 290 1472 Ὀρᾷς
322 1403 378 1455 ὲν
406 1401 486 1454 ἐνὶ
515 1401 660 1471 λόγῳ
686 1401 752 1454 τὰ
778 1399 1027 1469 πολυετῄ
1046 1399 1230 1469 βιϐλία
1256 1400 1691 1471 συγκεφαλαιού-

110 1510 279 1564 μενα,
311 1493 406 1547 καὶ
431 1491 521 1547 διὰ
549 1493 706 1549 τοῦτο
742 1492 819 1563 μὴ
846 1492 975 1545 ὄντα
1006 1493 1218 1559 πολλά;
1244 1495 1378 1547 Ποῖα
1399 1493 1691 1563 τοιγαροῦν

104 1589 139 1641 6
179 1584 615 1658 Ἐκκλησιαστὴς
646 1583 949 1655 ἀποτρέπει
1001 1582 1183 1654 βιϐλία
1227 1586 1439 1651 ποιεῖν;
1473 1584 1555 1638 Τὰ
1581 1583 1691 1638 τῶν

120 1677 419 1747 Ἑλλήνων,
473 1675 584 1729 τῶν
613 1675 714 1738 τὰς
761 1671 1009 1744 ἀλλήλων
1054 1674 1690 1747 ἀνατρεπόντωνδόξας,

107 1767 211 1820 καὶ
250 1766 562 1836 ἀκήρυκτον
597 1763 737 1834 πρὸς
780 1764 1010 1826 ἑαυτοὺς
1044 1765 1280 1834 ἐχόντων
1315 1765 1552 1835 πόλεμον
1577 1782 1592 1795 ⁸
1623 1765 1692 1820 τὰ

1796 585 1881 629 est
1909 584 1965 630 et
1989 575 2352 644 importunus,
2383 576 2493 630 imo
2520 591 2651 631 vero
2677 577 2859 645 potius
2878 575 3154 633 auditores
3182 579 3379 636 satiare

1796 681 1907 721 non
1967 674 2169 736 potest.
2220 666 2371 728 Talia
2426 667 2599 726 etiam
2635 675 2765 722 sunt
2825 677 3031 727 sanctzn
3072 669 3380 741 Scriptum

1794 758 2074 814 volumina
2102 773 2243 827 'quae
2283 758 2464 813 multis
2514 758 2823 830 conseripta
2879 761 3149 828 versibus,
3207 761 3378 817 multa
3490 776 3493 779 '

1795 856 1978 906 tamen
2021 865 2366 920 nequaquam
2408 851 2692 915 dicuntur,
2725 851 2820 906 sed
2865 852 2950 927 lex
2983 852 3200 909 Domini
3230 867 3381 909 nun-

1795 950 2082 1012 cupantur,
2125 941 2565 1013 quandoquidem
2606 954 2753 997 unus
2792 939 3135 1014 in.'utroque
3182 943 3377 1000 Testa-

1796 1041 1982 1097 mento
2045 1033 2180 1106 legis
2228 1043 2323 1088 .est
2386 1034 2545 1096 lator,
2612 1033 2865 1102 librique
2917 1049 3123 1089 omnes
3169 1042 3374 1089 sancta

1799 1123 2092 1199 Scriptura:
2144 1125 2201 1179 in
2231 1123 2678 1180 eumdem'iinem
2712 1138 3053 1195 scopumque
3095 1110 3372 1188 feruntur,

1796 1217 1938 1277 sicut
1970 1225 2026 1273 et
2052 1232 2157 1272 nos
2196 1216 2458 1272 Dominus
2488 1215 2697 1280 docuit,
2733 1215 2829 1285 qui
2860 1231 2988 1289 vere
3031 1231 3265 1287 magnus
3289 1221 3376 1270 est

1796 1306 2174 1371 Ecclesiastes,
2204 1309 2511 1377 Patrisque
2533 1306 2824 1376 sapientia,
2854 1306 2955 1363 .bis
2986 1307 3222 1361 maxime
3247 1320 3375 1360 ver-

1794 1399 1879 1461 bis
1906 1417 1920 1452 :
1956 1396 2127 1469 Dilige
2155 1377 2462 1453 Dominum.
2486 1396 2654 1452 Deum
2680 1406 2829 1453 tuum
2848 1413 2914 1452 ea:
2936 1405 3047 1450 toto
3075 1396 3227 1450 corde
3258 1404 3375 1459 tuo,

1797 1500 1844 1545 et
1868 1492 2169 1559 proximum
2212 1498 2359 1544 tuum
2408 1491 2543 1544 sicut
2587 1490 2810 1557 teipaum
2842 1506 2861 1543 :
2881 1489 2935 1542 in
2959 1488 3043 1542 his
3069 1488 3208 1542 enim
3238 1488 3374 1541 duo-

1798 1582 1891 1637 bus
1923 1582 2212 1645 mandatis,
2244 1590 2354 1636 tota
2384 1580 2469 1635 lea:
2497 1588 2545 1635 et
2566 1581 2830 1650 prophetae
2856 1578 3085 1650 pendent
3100 1577 3376 1634 ".Vides-

1796 1686 1867 1726 ne
1906 1673 2071 1744 igitur
2106 1681 2167 1726 ut
2204 1672 2268 1727 .in
2296 1685 2551 1727 sermone
2582 1686 2694 1730 uno
2734 1677 2790 1725 et
2838 1671 3005 1725 verbo
3034 1668 3373 1734 abbreviato,

1797 1763 2104 1833 multiloqui
2149 1763 2273 1818 libri
2308 1771 2365 1818 et
2402 1760 2772 1833 argumentosi
2807 1760 3371 1831 comprehendantur,

106 1856 225 1910 τῶν
264 1853 582 1927 αἱρετικῶν,
628 1854 747 1910 τῶν
786 1852 1039 1924 ἀλλήλοις
1068 1853 1517 1924 ἀντιμαχομένων
1543 1869 1556 1883 ·
1587 1852 1687 1916 τὰς

1794 1872 1967 1927 neque
1994 1856 2135 1912 .ideo
2170 1855 2325 1913 multi
2359 1853 2510 1910 sint?
2551 1853 2683 1919 Quae
2708 1862 2838 1909 sunt
2883 1853 3069 1923 itaque
3095 1852 3375 1907 volumina

107 1948 227 2001 τῶν
261 1945 532 2008 Ἰουδαίων
568 1944 931 2013 δευτερώσεις
958 1940 1057 2007 τὰς
1081 1944 1422 2013 ἀπεράντους
1450 1943 1548 1998 καὶ
1582 1961 1691 2014 μυτ

112 2037 297 2099 θικάς.
323 2034 684 2106 Ἐρμηνεύειν
699 2035 810 2105 γὰρ
830 2052 931 2105 σχη
942 2035 1294 2105 ματιζόμενοι
1324 2035 1422 2099 τὰς
1442 2035 1689 2106 Γραφάς,

109 2130 198 2192 είς
227 2127 431 2197 μύθους
456 2126 553 2182 καὶ
577 2125 932 2195 γενεαλογίας
955 2125 1357 2197 ἐξετράπησαν,
1387 2127 1481 2179 καὶ
1513 2143 1690 2196 παρα-

108 2221 294 2284 δόσεις
312 2219 465 2285 τινὰς
502 2218 583 2273 οὑ-
604 2220 749 2273 κατὰ
777 2218 839 2271 τδ
868 2217 962 2270 τοῦ
991 2217 1283 2288 νομοθέτου
1314 2218 1582 2289 βούλημα.
1629 2217 1693 2273 Ἦ

111 2314 178 2366 ἒν
222 2313 339 2375 τοῖς
383 2310 645 2374 τοιούτοις
702 2309 929 2380 βιϐλίοις
973 2309 1145 2381 πολλὴ
1205 2310 1405 2380 μελέτη
1453 2308 1693 2386 κόπωσίς

111 2406 237 2457 ἔστι
287 2401 517 2474 σαρκὸς.
550 2402 729 2473 ,μόνον
773 2400 836 2455 τὸ
884 2401 1048 2471 σῶμα
1101 2399 1550 2472 ταλαιπωροῦσα,
1598 2399 1694 2454 καὶ

111 2495 335 2566 καρπὸν
365 2493 568 2564 μηδένα
597 2492 858 2565 φέρουσα.
900 2492 968 2545 Ἦ
1000 2491 1057 2546 δὲ
1097 2492 1225 2562 περὶ⁵
1261 2491 1332 2544 τὰ
1356 2491 1477 2545 θεῖα
1515 2490 1695 2563 βιϐλία

116 2585 328 2658 μελέτη
383 2582 513 2654 περὶ
557 2583 623 2654 ἥν
671 2583 821 2653 ἡμᾶς
872 2580 1281 2652 ἔνασχολεῖσθαι
1335 2581 1553 2653 ἡμέρας
1601 2582 1695 2634 καὶ

111 2678 313 2741 νυκτὸς
329 2679 356 2730 6
376 2676 529 2744 ᾶγιος
547 2673 751 2747 [Δαυῒδ]
776 2673 1124 2743 ὲγκελεύεται
1146 2672 1321 2742 λέγων
1336 2689 1352 2704 ’
1387 2671 1495 2727 Καὶ
1521 2671 1592 2726 ἐν
1616 2671 1696 2737 τῷ

112 2771 280 2840 νόμῳ
295 2767 480 2822 αὐτοῦ
502 2766 836 2838 μελετῆσαι
856 2764 1215 2835 ἡμέραςκαὶ
1237 2763 1460 2828 νυκτός
1479 2779 1492 2795 ο
1516 2763 1577 2816 οὐ
1604 2761 1697 2817 κό-

113 2871 299 2916 πωσις
318 2855 552 2927 ὑπάρχει
581 2853 809 2927 σαρκὸς,
843 2853 982 2908 ἀλλά
1008 2852 1189 2925 ψυχῆς
1206 2852 1550 2922 ἀγαλλίασις.
1576 2851 1696 2905 Κᾶν

111 2947 229 3019 γὰρ
250 2948 307 3000 ὲν
324 2946 510 3018 ίδρῶσι
528 2945 623 3001 καὶ
637 2945 899 3015 δάκρυσι
920 2944 1256 3015 σπείρωμεν,
1282 2939 1697 3012 φιλοπονοῦντες

112 3039 251 3111 περὶ
273 3039 333 3092 τὸ
356 3038 543 3104 καλὸν,
572 3029 1029 3108 ἐν,ἀγιιλλιάοέι
1060 3035 1352 3107 θερίσομεν
1374 3033 1463 3087 τὸν
1497 3031 1696 3089 εὐκλέα

1790 1962 1921 2018 qum;
1937 1964 2037 2003 nos
2060 1946 2382 2002 dehortatur
2398 1961 2742 2019 componere
2780 1944 3183 2002 Ecclesiastes?
3206 1943 3372 2023 Nem-

1790 2056 1861 2111 pe
1904 2040 2187 2113 gentilium
2225 2039 2504 2095 volumina
2533 2048 2590 2093 et
2617 2046 2993 2117 mopumenta,
3029 2035 3127 2109 qui
3161 2035 3373 2092 scilicet

1790 2129 2285 2206 alteriuslevertunt
2322 2139 2378 2186 et
2418 2130 2740 2201 impugnant
2773 2129 3095 2192 sententias,
3120 2142 3369 2197 semper-

1790 2235 1897 2291 que
1940 2221 2083 2276 inter
2111 2237 2171 2277 se
2199 2221 2578 2293 gravissimum
2618 2220 2820 2277 bellum
2852 2228 3068 2292 gerunt.
3117 2217 3230 2274 Nec
3255 2233 3379 2275 non

1792 2311 2061 2369 absterret
2101 2327 2203 2369 nos
2231 2313 2300 2368 ab
2332 2312 2719 2369 haereticorum
2745 2311 2905 2367 libris
2940 2309 3373 2367 invicemdissit-

1793 2402 2061 2467 dentium,
2106 2403 2526 2473 recentibusque
2551 2400 2864 2458 Iudaeorum
2908 2400 3275 2458 voluminibus
3295 2415 3367 2458 ac
3478 2426 3489 2433 η

1793 2493 2128 2559 secundariis
2176 2509 2300 2564 quae
2354 2494 2566 2549 inﬁnita
2619 2509 2792 2565 prope
2854 2499 3004 2558 sunt,
3055 2490 3368 2560 fabulisque

1793 2584 2057 2645 conferta.
2102 2584 2240 2639 Dum
2288 2584 2435 2639 enim
2483 2584 2793 2655 Scripturas
2839 2582 2996 2639 novis
3036 2580 3364 2652 quihusdam

1794 2676 1981 2748 ﬁguris
2004 2676 2347 2747 interpretari
2391 2676 2633 2744 student,
2676 2676 2735 2731 in
2767 2675 3021 2731 ridiculas
3063 2672 3274 2741 fabulas
3307 2683 3366 2730 et

1794 2769 2135 2841 genealogias
2166 2768 2416 2824 conversi
2447 2776 2597 2834 sunt,
2616 2767 3051 2838 traditionesque
3075 2764 3371 2821 ediderunt

1792 2876 1825 2916 a
1849 2859 2120 2917 sententia
2159 2859 2441 2929 scriptoris
2475 2859 2787 2932 longissime
2815 2859 3151 2917 aberrantes.
3193 2855 3365 2912 Multa

1794 2954 1975 3024 itaque
2023 2953 2329 3010 meditatio
2354 2969 2475 3024 qua:
2517 2953 2573 3008 in
2635 2950 2948 3023 huiusmodi
3013 2949 3370 3007 conﬁciendis

1794 3045 2284 3111 librisoadhibetur,
2324 3045 2500 3101 solum
2537 3043 2694 3099 affert
2732 3043 2974 3100 laborem
3002 3043 3203 3108 carnis,
3232 3042 3371 3098 afﬂi-

108 3130 220 3201 τῆς
248 3132 445 3203 ἀρετῆς
476 3130 710 3203 καρπόν.
742 3127 1016 3207 Ἀγαθῶν
1043 3127 1152 3198 γὰρ
1195 3126 1397 3183 πόνων
1433 3125 1692 3191 εὐκλεὴς

1796 3136 1872 3208 git
1911 3152 2109 3207 corpus
2151 3137 2270 3193 sine
2319 3136 2427 3192 ulla
2466 3135 2701 3191 utilitate
2741 3149 2808 3190 ac
2851 3134 3058 3191 fructu.
3089 3133 3372 3190 Meditatio

110 3227 149 3279 ὀ
458 3191 588 3275 Υἱδν
620 3221 675 3275 δὲ
705 3191 899 3275 ἑαυτοῦ
929 3219 1020 3275 τὸν
1047 3191 1480 3286 νουθετούμενον
1506 3216 1534 3268 6
1567 3216 1692 3270 Ἐκ-

1796 3242 1926 3283 vero
1971 3223 2134 3297 quam
2182 3227 2518 3284 intendimus
2572 3226 2715 3283 circa
2764 3224 2983 3283 divinos
3044 3224 3257 3290 Libros,
3312 3224 3372 3279 in

110 3312 451 3385 κλησιαστὴς
479 3311 636 3367 καλεί
665 3327 678 3341 ·
716 3311 798 3365 διὸ
857 3310 1126 3381 προσήκει
1156 3309 1215 3361 τὸ
1249 3308 1516 3385 πατρικὸν
1545 3308 1692 3378 ἡμᾶς

1794 3336 1901 3391 qua
1928 3334 2029 3375 nos
2058 3319 2263 3379 versari
2294 3319 2384 3375 die
2424 3328 2703 3389 noctuque
2729 3325 2953 3373 sanctus
2980 3316 3148 3372 David
3182 3316 3377 3373 horta-

109 3404 409 3474 φυλάττειν
437 3403 676 3475 ἀξίωμα,
714 3401 790 3473 μὴ
822 3399 1266 3471 παραϐαίνοντας
1285 3396 1385 3462 τὰς
1420 3399 1692 3468 πατρικὰς

1794 3415 1905 3471 tur,
1948 3422 2073 3461 cum
2105 3407 2278 3462 dicit:
2338 3406 2409 3461 Et
2439 3408 2495 3461 in
2523 3406 2635 3479 lege
2659 3407 2781 3477 .ejus
2811 3405 3156 3461 meditabitur
3190 3406 3277 3459 die
3308 3420 3378 3458 ac

86 3492 358 3558 ,ὲντολάςς
402 3495 477 3548 Τὸ
519 3495 597 3560 δὲ,
650 3496 772 3549 Οὐκ
823 3492 957 3548 ἐστι
1014 3490 1345 3569 ἕτερασμὸς,
1398 3491 1520 3545 ἀντὶ
1574 3491 1691 3556 τοῦ,

1794 3504 1940 3551 nocte
1955 3497 2028 3563 ³⁸,
2063 3512 2174 3552 non
2220 3484 2378 3552 labor
2413 3503 2500 3552 est
2528 3498 2728 3562 carnis,
2761 3496 2857 3552 sed
2886 3493 3179 3551 exsultatio
3205 3493 3373 3564 spiri-

110 3585 294 3657 πέρας
332 3585 445 3638 τῶν
474 3583 655 3638 πόνων
697 3583 926 3653 περὶτὰ
972 3583 1209 3653 μάταια·
1263 3581 1295 3652 ἥ
1330 3582 1412 3636 ὅτι
1460 3580 1582 3636 τινὰ
1635 3582 1692 3649 ἐξ

1794 3594 1894 3642 lus.
1922 3585 2180 3653 Quamvis
2208 3589 2354 3663 enim
2384 3589 2441 3645 in
2462 3589 2659 3645 sudore
2688 3598 2744 3644 et
2766 3587 3015 3661 lacrymis
3037 3587 3372 3642 seminemus

108 3675 301 3729 αὐτῶν
333 3673 552 3744 καρπὸν
579 3674 679 3726 οὐκ
709 3673 861 3733 ἐστιν
889 3674 1070 3743 εὑρεῖν
1095 3689 1109 3702 °
1144 3673 1177 3743 ἢ
1209 3673 1292 3726 ὅτι
1331 3671 1690 3744 ἀναρίθμητοι

1794 3677 2104 3734 laborantes
2151 3680 2295 3736 circa
2334 3680 2646 3747 honestum,
2705 3680 2762 3735 in
2793 3677 3157 3734 exsultatione
3188 3684 3389 3739 tamen.

106 3768 169 3820 αί
200 3764 467 3836 μυριάδες
508 3762 716 3817 τῶν.ὲν
750 3762 831 3833 τῷ
885 3763 1078 3834 κόσμῳ
1111 3762 1429 3834 φερομένων
1468 3762 1689 3833 βιϐλίων

1798 3770 2119 3831 metemus"
2165 3771 2425 3843 inclytum
2476 3770 2695 3835 virtutis
2745 3770 3033 3825 fructum:
3101 3767 3383 3823 Bonorum'

105 3860 501 3929 τυγχάνουσιν.

1797 3859 2063 3930 siquidem
2090 3862 2329 3938 laborum
2354 3862 2610 3934 gloriosus
2645 3870 2720 3919 est
2750 3863 2949 3933 fructus
2963 3862 3031 3916 ⁸ο.
3074 3861 3379 3921 ᾼόνοιιειιι

108 3956 243 4009 dum
271 3960 356 4025 est
380 3958 562 4005 autem
586 3949 730 4020 quod
778 3948 947 4003 ﬁlium
973 3963 1133 4029 suum
1179 3958 1339 4004 vocat
1365 3947 1743 4027 Ecclesiastes,
1797 3966 1960 4022 quem
2005 3955 2407 4010 admonendum
2439 3954 2710 4025 suscepit;
2753 3954 3057 4015 cavendum
3087 3963 3175 4010 est
3209 3953 3372 4025 igitur

108 4044 274 4099 nobis
332 4053 391 4100 ut
422 4043 567 4100 omni
613 4043 793 4099 studio
830 4053 1111 4113 paternam
1148 4043 1293 4097 hanc
1324 4042 1691 4115 dignationem
1729 4058 2029 4112 servemus,
2059 4048 2204 4118 quod
2252 4047 2494 4119 proiecto
2534 4046 2807 4103 faciemus
2851 4047 2894 4102 si
2923 4056 3151 4118 paterna
3211 4062 3373 4102 man-

106 4136 240 4192 data
298 4152 410 4192 non
456 4137 936 4209 transgrediamur.
993 4124 1304 4215 Quodgvero
1337 4135 1430 4217 ait,
1462 4134 1584 4221 Non
1615 4142 1688 4190 est
1716 4136 1867 4219 ﬁnis,
1890 4198 1895 4205 ,
1918 4141 2158 4214 intellige
2188 4143 2307 4203 sine
2337 4142 2443 4198 ﬁne
2472 4136 2674 4199 versari
2727 4141 2872 4197 circa
2912 4156 2999 4197 res
3023 4156 3228 4207 vanas;
3280 4145 3370 4201 vel

108 4229 379 4300 quod‘res
408 4244 580 4294 vanae,
604 4231 947 4302 propositum
978 4229 1143 4284 ﬁnem
1175 4227 1522 4305 fructumque
1574 4228 1724 4285 illum
1754 4247 1862 4288 non
1921 4235 2146 4303 habent,
2174 4252 2356 4307 ,quem
2390 4236 2657 4307 consequi
2684 4234 2979 4306 possimus.
3025 4234 3149 4290 illas
3176 4248 3397 4307 perstet,

110 4328 383 4392 quentes;
428 4323 515 4376 vel
540 4323 684 4392 quod
731 4323 943 4377 inﬁnita
979 4322 1238 4376 librorum
1262 4328 1347 4375 est
1375 4320 1685 4390 multitudo,
1711 4325 1801 4393 qui
1836 4341 1935 4396 per
1962 4327 2150 4383 orbem
2180 4337 2448 4384 terrarum
2477 4326 2958 4383 circumferuntur.

190 4432 210 4466 ι
248 4413 415 4478 Τέλος
435 4414 598 4483 λόγου
634 4415 697 4467 τὸ
726 4416 837 4468 πᾶν
863 4414 1028 4468 ἄκουε
1050 4429 1063 4443 ·
1098 4413 1189 4471 τὸν
1217 4411 1357 4472 Θεὸν
1384 4410 1576 4482 φοϐοῦ,
1601 4413 1692 4467 καὶ

1847 4404 2031 4492 Νέης.
2063 4419 2147 4483 15,
2180 4418 2263 4473 14.
2297 4438 2316 4471 ι
2351 4412 2490 4475 Audi
2517 4432 2833 4490 supremum
2863 4416 3027 4472 ﬁnem
3058 4414 3329 4471 sermonis
3352 4396 3389 4471 ι’

106 4506 214 4571 τὰς
245 4500 465 4569 ἐντολὰς
490 4505 657 4559 αὐτοῦ
682 4505 948 4575 φύλασσε,
975 4506 1059 4558 ὅτι
1082 4503 1243 4556 τοῦτο
1263 4504 1369 4566 πᾶς
1386 4502 1692 4573 ἄνθρωπος’

1794 4506 1965 4566 Deum
1991 4511 2142 4576 time,
2172 4519 2227 4566 et
2255 4512 2509 4567 mandata
2544 4511 2664 4582 ejus
2698 4493 2952 4571 observa,
2983 4507 3241 4578 quoniam
3266 4507 3375 4563 hoc

108 4598 197 4650 ὅτι
238 4595 479 4675 σύμπαν.
513 4595 576 4649 τὸ
608 4594 824 4665 ποίημα
852 4588 971 4659 ἄξει
1016 4596 1044 4647 6
1093 4592 1228 4656 Θεὸς
1272 4593 1341 4646 ὲν.
1378 4593 1578 4664 κρίσει,
1639 4593 1692 4646 ὲν

1794 4605 1878 4651 est
1897 4596 2076 4651 omnis
2101 4596 2283 4653 homo.
2323 4602 2496 4653 Omne
2530 4612 2668 4667 opus
2691 4597 2924 4653 adducet
2955 4595 3101 4651 Deus
3131 4594 3184 4649 in
3222 4594 3375 4665 india

108 4685 282 4738 ’παντὶ¹
311 4659 760 4756 παρεωραμένιρ,
776 4685 874 4739 ὲὰν
901 4683 1107 4753 ἀγαθὸν
1130 4684 1225 4737 καὶ
1255 4683 1351 4736 ἐὰν
1373 4659 1634 4756 πονηρόν.
1671 4704 1690 4738 ι

1794 4688 1961 4756 cium,
1994 4688 2057 4744 in
2094 4690 2241 4744 omni
2291 4690 2436 4758 quod
2481 4690 2747 4745 omissum
2792 4688 2960 4743 fuerit
3008 4688 3125 4743 sive
3163 4659 3390 4745 bonuml

121 4762 272 4845 Ἐγῶ
299 4776 357 4830 δέ
388 4784 494 4841 σοι,
545 4778 702 4846 φησὶ,
748 4776 1095 4849 κεφαλαιῲδη
1132 4777 1228 4835 καὶ
1276 4777 1714 4849 ἐπιτομωτάτην

111 4867 393 4938 σωτηρίας
420 4867 542 4920 ὁδὸν
589 4867 947 4938 ὑποδείκνυμι
967 4884 983 4899 ·
1006 4867 1153 4922 ’Τὸν-³
1178 4867 1332 4921 Θεὸν
1359 4867 1568 4932 φοϐοῦ,
1595 4868 1695 4921 καὶ

106 4959 218 5025 τὰς
246 4959 505 5026 ἐντολὰς
544 4944 731 5014 αὐτοῦ
774 4961 1063 5029 φύλασσε
1093 4975 1108 4989 ο
1139 4946 1305 5036 φόϐον
1346 4959 1407 5010 οὐ
1438 4958 1531 5012 τὸν
1578 4961 1695 5012 εἰσ-

110 5035 392 5121 αγωγικδν
422 5053 519 5105 καὶ
566 5051 790 5122 ἐμπαθῆ
821 5052 909 5106 δνιά
953 5050 1053 5115 τὰς
1086 5046 1382 5114 ¹κολιιὶἔιιεις,
1426 5049 1561 5103 ἀλλὰ
1605 5050 1697 5106 τὸν

108 5142 281 5212 ἁγνὸν
306 5143 402 5195 καὶ
427 5143 741 5209 ἁγνοποιὸν,
770 5143 863 5196 τὸν
886 5137 975 5196 διὰ
1004 5140 1104 5212 τὴν
1131 5138 1368 5212 στόργὴν
1394 5130 1493 5195 τοῦ
1518 5159 1692 5213 προσ-

108 5231 381 5301 τάξαντος
425 5234 631 5304 πατρὸς
673 5234 1052 5305 ὀφειλόμενον.
1091 5234 1152 5291 Εἰ
1192 5233 1294 5305 μὲν
1348 5233 1457 5305 γὰρ
1491 5233 1581 5288 διὰ
1629 5235 1691 5288 τὸ

108 5326 230 5390 δέος
246 5324 362 5396 »τῆς
397 5323 674 5390 κολάσεως
715 5326 790 5397 μὴ
836 5312 1248 5397 πορνεύσωμεν,
1280 5323 1503 5397 εὔδηλον
1538 5325 1615 5390 ὡς
1643 5326 1692 5379 εἰ

114 5418 193 5490 μὴ
223 5417 518 5489 προέκειτο
548 5416 616 5471 τὰ
660 5418 764 5488 τῆς
804 5419 1099 5490 τιμωρίας,
1146 5416 1560 5488 ὲπορνεύσαμεν
1599 5417 1689 5483 ἂν,

111 5510 382 5582 πορνικὴν
402 5508 620 5580 ἔχοντες
643 5510 985 5582 προαίρεσιν.
1015 5511 1125 5564 Καὶ
1144 5511 1320 5574 οὕτως
1346 5511 1430 5578 ἐφ’
1454 5510 1687 5564 ἑκάστου

110 5601 221 5656 τῶν
246 5588 727 5673 ἀπηγορευμένων
750 5601 883 5656 νόει.
923 5601 1050 5655 Ἐὰν
1078 5588 1137 5654 δὲ
1173 5600 1248 5672 μὴ
1273 5600 1368 5654 διὰ
1400 5600 1500 5672 τὴν
1529 5600 1687 5654 ἀπει-

94 5691 214 5766 ¹ὶιὴν
248 5695 350 5765 τῆς
378 5694 677 5762 κολάσεως,
711 5692 829 5748 ἀλλ’
850 5682 989 5749 αὐτὰ
1015 5696 1349 5764 μισήσαντες
1379 5692 1451 5748 τὰ
1485 5691 1685 5762 φαῦλα,

196 5826 244 5863 ⁸⁷
273 5825 465 5884 Matth.
494 5844 627 5897 xm,
664 5826 858 5885 57-40.
936 5826 979 5861 ³⁸
1018 5826 1159 5882 Psal.
1187 5843 1223 5896 ι,
1250 5827 1305 5885 2.

1795 4777 1910 4834 sive
1964 4780 2188 4835 malum.
2227 4797 2246 4829 ι
2291 4766 2425 4848 Ego,
2459 4778 2655 4846 inquit,
2691 4777 2788 4831 tibi
2837 4777 3281 4845 compendiosam
3313 4786 3374 4835 et

1794 4856 2174 4926 brevissimam
2215 4868 2412 4922 salutis
2436 4867 2587 4945 ‘viam
2628 4860 2859 4920 ostendo
2894 4883 2909 4918 :
2944 4862 3112 4919 Deum
3154 4866 3298 4933 time,
3318 4873 3370 4920 et

1792 4961 2049 5015 mandata
2081 4960 2195 5029 ejus
2224 4958 2458 5012 observa.
2495 4956 2771 5029 Timorem
2799 4969 2931 5012 vero
2958 4954 3219 5027 intellige,
3251 4970 3387 5033 non

1790 5052 1884 5123 qui
1917 5058 2001 5107 est
2032 5036 2666 5121 valdeimperl‘cctdrum
2696 5048 2957 5120 quasique
2985 5045 3220 5114 servilis,
3256 5035 3388 5130 quo:

1792 5144 2116 5215 incipientes
2164 5158 2228 5197 ac
2277 5140 2449 5197 timidi
2498 5141 2921 5198 introducuntur
2962 5139 3017 5194 in
3048 5137 3268 5195 virtutis
3301 5133 3387 5196 ac'

1794 5236 2011 5307 pietatis
2062 5235 2209 5289 viam
2250 5232 2389 5303 \(hic
2439 5248 2676 5303 namque
2741 5240 2966 5303 propter
3015 5226 3376 5285 imminentes.

1795 5328 1972 5384 minas
2016 5314 2414 5397 forrnidataque
2457 5323 2756 5394 supplicia,
2793 5319 3202 5393 perturbatione
3251 5334 3375 5376 non.

1792 5419 1996 5486 caret);
2021 5418 2189 5490 680
2212 5417 2306 5473 sed
2337 5415 2578 5487 intelligo
2609 5414 2860 5471 timorem
2878 5411 3092 5469 Domini
3115 5418 3364 5467 sanctum

1796 5516 1853 5564 et
1904 5507 2370 5573 sanctificantem,
2427 5518 2609 5574 quem,
2651 5502 2912 5557 debemus
2971 5515 3041 5556 ex
3097 5498 3366 5555 charitate

1796 5598 1996 5670 pioque
2040 5597 2238 5660 aﬂ‘ectu
2271 5610 2397 5668 erga
2445 5594 2595 5650 illum
2636 5593 2731 5665 qui
2769 5591 2916 5665 leges
2957 5590 3100 5656 tulit,
3133 5591 3365 5647 manda-

1798 5651 1957 5761 iaqtie
1989 5687 2195 5744 servari
2232 5701 2330 5742 sua
2370 5685 2624 5741 instituit.
2662 5682 2718 5737 Si
2758 5683 2903 5759 enim
2940 5696 3159 5750 carnem
3186 5694 3217 5736 a
3247 5651 3387 5756 τοι-τί

1403 5829 1447 5862 ³⁹
1470 5826 1611 5883 Psal.
1632 5840 1790 5894 cxxv,
1823 5823 1877 5879 5.
1953 5821 1999 5854 ἰο
2035 5818 2162 5883 Sap.
2189 5835 2269 5885 ιιι,
2303 5819 2388 5874 15.
