3876 6304
1579 354 2102 415 OLYMPlODOHl
2141 353 2675 414 ALEXANDRINI
3092 407 3100 415 .
3675 349 3794 412 628

490 363 563 428 02

491 361 597 429 021
1579 361 2070 415 υιΥΜΡιυυυιι

491 467 772 530 nlcatione
807 477 1224 536 compescamus
1253 461 1507 532 supplicii
1547 470 1720 528 uictu,
1739 477 1849 516 non
1893 460 2073 518 chari-

2180 361 2675 414 ιιιΕΧΑΝ-ΒΚΙΝΕ
3092 407 3100 415 .
3675 361 3792 412 ω

2181 460 2389 515 τούτων
2420 460 2818 532 ἀποσχώμεθα,
2844 461 2999 533 φιλίᾳ
3032 463 3099 534 τῇ
3140 461 3278 532 πρὸς
3301 461 3392 516 τὸν
3423 461 3590 515 τοῦτο
3615 478 3792 531 νομο-

491 573 607 620 tate
659 559 937 634 iubentis,
986 557 1112 628 quis
1168 554 1380 612 dubitet
1432 553 1565 624 quin
1623 553 1838 610 sublato
1883 551 2072 623 iudicii

2183 551 2507 623 θετήσαντα,
2541 552 2892 625 ἐργαζόμεθα
2926 553 3027 618 τάς
3055 553 3300 618 ἐντολὰς,
3332 554 3427 606 καὶ
3450 552 3790 622 φοϐούμεθα

491 667 893 726 ρωιιιπιιωίιιιε
924 659 1152 714 terrore,
1185 648 1244 702 in
1281 645 1456 706 foedas
1483 645 1740 702 libidines
1769 643 2073 716 proiapsuri

2184 645 2260 717 μὴ
2290 646 2727 718 παραρρυῶμεν.
2770 645 2862 700 Ἐν
2906 646 3016 718 γάρ
3055 646 3134 718 τῷ
3164 645 3454 714 φοϐεῖσθαι
3489 644 3552 698 τὸ
3602 645 3788 716 ἐργά-

493 748 687 812 simus,
721 760 845 802 cum
881 741 1056 812 stupri
1104 737 1436 796 desiderium
1491 738 1548 792 in
1599 747 1821 808 pectore
1867 736 2073 792 habea-

493 838 660 892 mus?
687 835 843 902 Quod
895 841 952 889 et
994 831 1063 888 de
1103 830 1320 886 caeteris
1362 829 1580 900 ﬂagitiis
1607 844 1731 899 quae
1762 830 1881 900 tege
1911 828 2073 884 nobis

493 930 872 1000 prohibentur,
898 923 1310 996 intelligendum
1339 933 1444 979 est.
1497 921 1555 977 Si
1589 937 1724 978 vero
1754 937 1862 976 non
1896 919 2074 986 mina-

493 1034 617 1074 rum
650 1026 803 1072 metu
847 1025 1013 1086 atque
1061 1014 1332 1085 supplicii,
1364 1013 1458 1069 sed
1490 1013 1615 1069 odio
1655 1012 1911 1069 vitiorum
1940 1025 2076 1081 pec-

488 1126 615 1167 care
642 1109 922 1176 nolumus,
954 1117 1086 1164 tunc
1117 1107 1386 1164 charitate
1414 1115 1807 1177 prosequentes
1843 1106 2074 1161 latorem

489 1203 641 1275 legis,
674 1201 932 1258 mandata
961 1201 1083 1270 ejus
1115 1214 1396 1258 servamus
1431 1207 1487 1253 et
1512 1212 1771 1254 cavemus
1800 1197 1975 1254 seduli
2002 1213 2074 1254 ne

487 1295 818 1351 deﬂeamus.
848 1292 1053 1349 Sancte
1083 1293 1234 1349 enim
1276 1292 1457 1370 timori
1483 1293 1739 1362 adjuncta
1765 1301 1851 1347 est
1875 1307 2072 1362 opera—

488 1389 586 1453 tio,
623 1387 766 1444 sicut
815 1394 872 1441 et
915 1384 1009 1454 qui
1061 1392 1344 1454 operatur,
1394 1383 1538 1438 idem
1586 1385 1750 1438 etiam
1800 1382 1954 1439 timet
2004 1399 2074 1440 ne

487 1477 634 1545 quod
698 1483 1034 1548 praeceptum
1106 1481 1424 1528 conteumat
1502 1481 1666 1542 atque
1729 1474 2069 1543 posthabeat.

489 1566 681 1620 Timor
723 1567 814 1621 hic
850 1565 1034 1635 itaque
1076 1573 1300 1618 sanctus
1328 1578 1451 1616 cum
1480 1563 1549 1617 ab
1590 1563 1879 1619 honestate
1909 1563 2073 1634 preti-

489 1658 748 1720 ciscatur,
804 1663 1026 1710 nostras
1078 1653 1383 1725 sanctiﬁcat
1442 1653 1654 1707 animas
1713 1662 1770 1708 et
1822 1651 2073 1708 eharitati

489 1749 821 1819 aequipollet.
857 1746 964 1813 Qui
997 1761 1129 1801 vero
1158 1745 1410 1800 timorem
1442 1745 1592 1800 hunc
1618 1744 1802 1808 habet,
1832 1755 1888 1799 et
1915 1760 2072 1805 tuan-

491 1843 620 1896 data
661 1839 755 1895 Dei
802 1839 1062 1902 custodit,
1096 1837 1187 1894 hic
1230 1847 1315 1893 est
1366 1836 1586 1906 sapiens
1632 1835 1810 1892 omnis
1859 1837 2026 1892 homo
2053 1875 2071 1903 ,

493 1936 600 1990 hoc
649 1943 765 1998 est,
810 1933 1023 2004 integer
1071 1941 1128 1986 et
1180 1930 1544 1999 undecunque
1594 1927 1887 1999 perfectus.
1951 1929 2076 1994 Haec

491 2025 704 2094 itaque,
746 2024 948 2094 inquit,
977 2036 1207 2101 securus
1241 2034 1490 2092 operare,
1521 2027 1707 2074 certus
1733 2019 1880 2088 quod
1911 2034 2076 2075 omne

489 2131 638 2186 opus
661 2117 964 2171 humanum
995 2131 1028 2170 a
1053 2114 1210 2170 liberi
1239 2112 1450 2168 arbitrii
1481 2111 1739 2170 facultate
1767 2112 2074 2183 profectum

487 2209 725 2264 adducet
773 2206 920 2263 Deus
974 2207 1030 2262 in
1075 2205 1365 2276 judicium,
1395 2207 1665 2260 rationem
1699 2220 1730 2258 a
1757 2205 1918 2259 nobis
1961 2205 2075 2260 exi-

487 2315 622 2370 gens
649 2314 840 2355 eorum
878 2315 1002 2370 quae
1033 2299 1368 2373 gesserimus
1401 2298 1458 2351 in
1491 2297 1620 2360 vita,
1652 2312 1880 2366 (tuaique
1907 2297 2074 2352 etiam

449 2457 451 2459 _
487 2391 671 2445 facere
696 2389 1068 2454 omiserimus,
1115 2389 1232 2442 sive
1277 2388 1365 2441 illa
1404 2387 1549 2442 bona
1591 2386 1719 2451 sint,
1754 2386 1871 2442 sive
1909 2387 2072 2440 etiam

486 2483 652 2538 maia.
686 2482 1030 2538 Omittuntur
1061 2489 1244 2544 autem
1282 2495 1528 2550 persaepe
1565 2480 1734 2540 multa
1790 2479 1979 2533 sedule
2010 2495 2076 2534 ac

486 2572 801 2626 volentibus
848 2572 1054 2626 nobis:
1093 2572 1375 2638 multaque
1431 2586 1621 2624 rursus
1668 2569 1826 2624 nobis
1867 2570 2071 2626 invitis.

401 2735 410 2743 '
487 2661 627 2717 Nam
671 2662 718 2716 si
757 2678 883 2717 cum
923 2662 1126 2732 possim
1158 2663 1298 2716 bene
1333 2661 1463 2730 quid
1494 2661 1693 2726 facere,
1727 2661 1858 2716 illud
1892 2670 2074 2717 tamen

487 2754 676 2808 sciens
722 2753 928 2808 bonum
975 2767 1098 2806 esse
1148 2751 1343 2808 emitto
1388 2761 1554 2821 atque
1597 2752 1920 2821 posthabeo,
1957 2754 2076 2810 haec

487 2844 800 2899 voluntaria
848 2853 933 2899 est
983 2843 1210 2899 emissio
1246 2859 1262 2896 :
1297 2842 1340 2898 si
1392 2857 1526 2898 vero
1571 2858 1669 2913 per
1712 2843 2073 2915 ignorantiam

486 2936 640 3002 boni,
693 2936 857 2992 omisi
907 2935 1124 3006 operari
1176 2936 1382 2991 bonum
1429 2937 1579 3005 quod
1638 2946 1906 3006 poteram,
1959 2937 2074 2993 hac

487 3029 608 3097 ipsa
655 3028 881 3084 emissio
937 3037 1138 3100 praeter
1177 3028 1515 3083 voluntatem
1570 3029 1818 3100 contigit.
1863 3029 2074 3084 Accidit

487 3126 672 3173 autem
708 3131 771 3174 ut
797 3119 956 3176 Inviti
985 3120 1314 3189 quandoque
1344 3121 1552 3175 bonum
1588 3136 1912 3190 operemur;
1945 3136 2070 3190 per-

2182 738 2392 804 ζεσθαι,
2444 739 2541 792 καὶ.
2566 740 2625 793 ἐν
2663 737 2744 809 τῷ
2791 739 3128 810 ἐργάζεσθαι
3177 738 3238 791 τὸ
3282 737 3577 808 φοϐεῖσθαι
3606 739 3686 807 μή
3729 756 3786 790 τι

2180 828 2290 884 τῶν
2317 829 2733 900 ἐντεταγμένων
2758 831 3104 902 παρίδωμεν.
3131 824 3302 894 Οὗτος
3342 832 3372 884 ὁ
3400 830 3574 899 φόϐος
3606 830 3787 897 ἁγνὸς

2179 925 2442 995 τυγχάνει
2471 924 2540 978 δι’
2579 923 2715 980 αὐτὸ
2736 924 2798 979 τὸ
2829 924 2995 979 καλὸν
3025 924 3344 993 γινόμενος,
3372 922 3470 976 καὶ
3514 922 3788 990 ἀφανίζει

2180 1018 2279 1082 τάς
2313 1018 2590 1090 ἡμετέρας
2633 1017 2837 1089 ψυχὰς,
2889 1017 3215 1086 ἰσοδυναμος
3243 1013 3320 1070 ὣν
3353 1017 3419 1085 τῇ
3453 1015 3677 1084 ἀγάπῃ.
3722 1012 3787 1065 Ὁ

2179 1112 2234 1165 δὲ
2268 1111 2460 1166 τοῦτον
2499 1111 2642 1182 ἔχων
2686 1110 2778 1166 τὸν
2810 1109 3002 1178 φόὸον,
3047 1111 3144 1164 καὶ
3179 1109 3280 1172 τάς
3310 1108 3535 1170 ἐντολὰς
3564 1107 3786 1176 φυλασ-

2183 1221 2314 1269 σων,
2362 1198 2519 1268 οὗτός
2554 1207 2675 1258 ἐστι
2721 1203 2886 1274 σοφὸς
2925 1204 3035 1266 πᾶς
3071 1203 3383 1274 ἄνθρωπος,
3436 1202 3566 1255 ἀντῖ⁵
3596 1200 3717 1263 τοῦ,
3749 1203 3783 1253 ό

2178 1294 2386 1358 τέλειος
2423 1296 2516 1350 καὶ
2540 1294 2864 1366 ἀνελλιπὴς.
2890 1294 3080 1348 Ταῦτα
3110 1295 3192 1360 δὲ,
3230 1295 3387 1362 φησὶ,
3422 1293 3568 1346 ποίει
3594 1293 3780 1360 ἀσᾳαο

2179 1387 2309 1454 λῶς,
2339 1381 2708 1458 ἐπιστάμενος
2735 1387 2818 1440 ὅτι
2851 1389 2963 1442 πᾶν
2986 1387 3045 1440 τὸ
3069 1386 3290 1454 λογικὸν
3319 1385 3558 1454 ποίημα,
3591 1383 3656 1436 τὸ
3679 1383 3776 1436 καὶ

2179 1480 2514 1550 αὑτεξουσίῳ
2545 1480 2869 1551 προαιρέσει
2898 1481 3287 1550 τετιμημένον,
3317 1478 3432 1542 ἄξει
3458 1480 3488 1529 ὀ
3520 1477 3661 1539 Θεὸς
3692 1477 3774 1536 εἰς

2180 1571 2387 1641 κρίσιν,
2438 1571 2634 1639 λόγους
2679 1572 2830 1641 ἡμᾶς
2857 1571 3110 1625 ἀπαιτῶν
3141 1569 3251 1624 τῶν
3267 1568 3706 1638 πεπραγμένων,
3738 1567 3771 1635 ἦ

2179 1661 2277 1716 καὶ
2325 1662 2796 1733 παρεωραμένων,
2833 1663 2929 1716 ἐάν
2965 1678 3026 1714 τε
3056 1659 3302 1729 ἀγαθῶν,
3349 1659 3446 1712 ἐάν
3490 1675 3554 1711 τε
3598 1675 3772 1727 ποτη-

2181 1753 2313 1824 ρῶν.
2358 1754 2780 1824 Παρεωραμένα
2820 1755 2878 1806 δέ
2926 1753 3036 1806 εισι
3079 1751 3342 1816 πολλάκις
3393 1750 3495 1821 μὲν
3541 1750 3643 1804 καὶ
3704 1751 3776 1801 τὰ

2177 1844 2425 1909 ἑκούσια,
2454 1845 2715 1909 πολλάκις
2745 1845 2803 1899 δὲ
2837 1845 2931 1899 καὶ
2973 1844 3042 1898 τά
3083 1843 3340 1900 ἀκούσια.
3367 1842 3526 1896 Ἐσθ’
3554 1843 3649 1896 ὅτε
3682 1842 3774 1893 δυ-

2176 1937 2411 2008 νάμενος
2436 1933 2494 1990 εὖ
2519 1941 2769 2009 ποιῆσαι,
2803 1936 3033 2009 παρορῶ
3065 1938 3162 1990 καὶ
3189 1935 3601 2007 ὑπερτίθεμαι·
3649 1934 3776 1987 καί-

2175 2045 2259 2081 τοι
2298 2046 2363 2097 γε
2411 2031 2469 2082 ἐν
2512 2029 2717 2100 εἱδήσει
2763 2027 2860 2081 τοῦ
2898 2027 3070 2081 καλοῦ
3113 2026 3280 2081 τοῦτο
3318 2026 3573 2080 ἑκούσιον
3625 2044 3774 2095 παρ-

2175 2119 2386 2189 όραμαο
2421 2121 2470 2172 εἰ
2513 2119 2816 2190 δυνάμενος
2856 2115 2914 2173 εὖ
2947 2120 3196 2191 ποιῆσαι,
3225 2119 3371 2172 κατά
3404 2119 3639 2186 ἄγνοιαν
3673 2120 3775 2172 οὐκ

2177 2211 2433 2281 ἐποίησα,
2464 2212 2624 2265 τοῦτο
2663 2212 2945 2266 ἀκούσιον.
2986 2210 3146 2265 Ἐσθ’
3175 2214 3267 2265 ὅτε
3299 2211 3395 2266 καὶ
3435 2212 3674 2272 ’ἄκοντες
3709 2204 3774 2262 εὖ

2177 2301 2461 2372 ποιοῦμεν,
2497 2303 2764 2368 πολλάκις
2801 2303 2858 2356 δὲ
2909 2303 3007 2356 καὶ
3052 2303 3294 2369 ἑκόντες,
3337 2303 3436 2356 καὶ
3490 2301 3661 2356 πάλιν
3707 2303 3773 2353 ἐκ

2174 2393 2284 2447 τῶν
2315 2396 2579 2450 ἐναντίων
2605 2413 2618 2426 ·
2667 2396 2781 2448 ἔσθ’
2831 2397 2922 2450 ὅτε
2948 2395 3155 2468 φαῦλόν
3200 2414 3256 2449 τι
3308 2393 3670 2466 ἐργαζόμεθα
3714 2395 3776 2445 ἐν

2177 2488 2502 2558 συνειδήσει,
2556 2487 2880 2553 ἀθετοῦντες
2925 2489 3140 2544 ἑαυτῶν
3192 2488 3255 2543 τὸ
3287 2487 3532 2550 συνειδός
3559 2504 3574 2518 ·
3610 2485 3773 2539 τοῦτο

2176 2579 2429 2634 ἑκούσιον
2479 2581 2804 2653 παρόραμα.
2853 2582 3012 2636 Ἐσθ’
3053 2584 3145 2636 ὅτε
3202 2583 3299 2637 καὶ
3351 2582 3493 2635 κατά
3542 2583 3772 2648 ἄγνοιαν

2175 2672 2526 2744 ἐργαζόμεθα
2545 2693 2598 2728 τι
2627 2674 2740 2728 τῶν
2770 2675 3243 2746 ἀπηγορευμένων
3268 2690 3283 2705 ο
3315 2675 3476 2727 τοῦτο
3507 2673 3769 2727 ἀκούσιον

2175 2766 2498 2835 παρόραμα.
2532 2766 2670 2836 Περὶ
2692 2765 2802 2819 τῶν
2826 2765 3090 2819 τοιούτων
3114 2765 3210 2818 καὶ
3236 2767 3263 2818 ὁ
3297 2765 3577 2835 μακάριος
3602 2762 3768 2815 Acuta

2175 2856 2374 2928 ηὖχετο
2404 2856 2612 2925 λέγων’
2660 2855 3115 2925 Παραπτώματα
3158 2855 3251 2920 τίς
3299 2853 3610 2919 συνήσει;
3670 2852 3768 2905 Ἐκ

2176 2948 2298 3002 τῶν
2321 2949 2592 3017 κρυφίων
2611 2965 2730 3017 μου
2753 2947 3086 3015 καθάρισόν
3101 2964 3200 3017 με,
3220 2946 3332 3000 τῶν
3365 2947 3508 2999 κατά
3541 2947 3768 3014 ἄγνοιαν

2174 3040 2416 3112 δηλονότι
2439 3039 2970 3114 πλημμεληθέντων.
2994 3039 3182 3094 Ταῦτα
3203 3035 3297 3093 οὖν
3327 3038 3657 3107 ἐγνωκότες,
3676 3038 3769 3089 τὸν

2175 3136 2310 3190 Θεὸν
2343 3136 2694 3208 φοϐηθῶμεν,
2725 3138 2820 3189 καὶ
2849 3137 2950 3201 τὰς
2982 3137 3203 3200 ἐντολὰς
3232 3134 3400 3190 αὐτοῦ
3429 3137 3768 3206 τηρήσωμεν

487 3223 634 3278 saepe
663 3225 814 3272 vero,
845 3211 1086 3266 scientes
1125 3222 1287 3281 atque
1316 3213 1605 3279 consulto;
1644 3228 1902 3274 rursusve
1934 3229 2070 3268 con-

2180 3229 2320 3282 κατά
2474 3205 2707 3280 ήὲαυτῶν
2737 3228 2989 3298 δύναμιν.
3022 3229 3096 3281 Τὸ
3139 3229 3248 3298 γὰρ
3276 3227 3398 3280 ὅλον
3454 3205 3617 3296 ἡμῶν
3661 3226 3767 3292 τῆς

489 3300 658 3354 traria
701 3301 913 3357 ratione
959 3303 1160 3358 malum
1205 3319 1450 3373 persaepe
1487 3304 1831 3375 aggredimur
1867 3305 2072 3360 conscii

2180 3319 2446 3390 ςωτηρίας
2481 3320 2538 3371 ἐν
2585 3320 2891 3388 οἰκτιρμοίς
2942 3323 3144 3386 κεῖται,
3193 3321 3290 3374 καὶ
3326 3321 3395 3390 τῇ
3434 3319 3530 3372 τοῦ
3573 3317 3770 3388 κριτοῦ

487 3392 620 3459 quid
652 3398 963 3462 patremus,
998 3403 1354 3465 nostramque
1393 3397 1784 3452 conscientiam
1821 3406 2070 3452 contem-

2180 3410 2584 3482 ριλανθρωπίᾳ·
2638 3413 2706 3466 δι’
2759 3407 2845 3477 οὗ,
2882 3413 2978 3466 καὶ
3035 3405 3244 3483 μεθόὗ
3284 3411 3365 3483 τῷ
3411 3411 3592 3479 Harp}.
3634 3409 3766 3475 δόξα

489 3487 730 3537 nentes:
784 3483 1070 3538 hoc-sane
1116 3484 1298 3554 ipsum
1334 3487 1699 3541 voluntarium
1743 3496 1828 3544 est
1871 3505 2068 3558 pecca-

2180 3505 2264 3555 ῖὺν
2295 3501 2376 3572 τῷ
2423 3503 2564 3574 ἁγίῳ
2595 3504 2905 3576 Πνεύματι,
2942 3504 3038 3558 νῦν
3086 3504 3184 3559 καὶ
3222 3505 3335 3572 ἀεὶ,
3382 3503 3480 3556 καὶ
3508 3505 3593 3566 εἰς
3636 3503 3768 3562 τοὺς

490 3579 628 3626 tum.
668 3570 1008 3644 Quandoque
1052 3591 1186 3629 vero
1234 3592 1332 3645 per
1377 3576 1737 3648 ignorantiam
1791 3590 2068 3650 patramus

2180 3593 2369 3658 ιίῶνας
2398 3595 2508 3650 τῶν
2540 3595 2776 3651 αἰώνων.
2817 3598 3014 3667 Ἀμήν.

488 3661 695 3732 aliquid
721 3665 868 3734 quod
905 3665 1024 3736 lege
1055 3667 1238 3724 divina
1271 3668 1593 3737 prohibetur
1637 3686 1710 3725 ne
1742 3671 1832 3726 fiat
1875 3691 1888 3726 :
1919 3675 2064 3743 quod

488 3771 623 3812 sane
668 3771 976 3828 peccatum,
1038 3771 1237 3832 praeter
1281 3772 1520 3817 nostram
1564 3766 1902 3822 voluntatem
1956 3769 2249 3840 contigisse
2303 3773 2607 3842 putandum
2662 3787 2766 3831 est.
2819 3776 2897 3831 De
2939 3761 3256 3846 hujusmedi
3324 3789 3458 3830 vero
3522 3773 3771 3842 peccatis

486 3857 546 3902 et
566 3849 760 3908 beatus
786 3852 956 3909 David
993 3856 1186 3914 orabat
1221 3855 1446 3911 dicens:
1482 3857 1685 3912 Delicta
1742 3861 1859 3930 quia
1889 3861 2185 3933 intelliget?
2214 3865 2289 3918 Ab
2334 3867 2550 3922 occultis
2599 3869 2726 3923 meis
2758 3871 2953 3924 mumla
2988 3886 3089 3932 me,
3119 3869 3343 3922 Domine
3367 3868 3444 3932 δ’,
3497 3867 3604 3921 hoc
3656 3875 3763 3919 est‘

488 3955 612 4039 «tuae
638 3956 737 4010 per
763 3943 1127 4039 ignorantiam
1154 3948 1375 4039 peccavi
1407 3964 1532 4004 cum
1561 3953 1711 4006 ~mala
1745 3969 1868 4010 esse
1896 3957 2186 4014 nescirem.
2247 3957 2358 4015 Nos
2398 3969 2581 4016 autem
2636 3963 2778 4038 bene
2827 3964 2938 4033 jam
2975 3979 3070 4034 per
3130 3963 3502 4018 Ecclesiasten
3563 3961 3761 4024 edocti,

492 4031 783 4088 timeamus
845 4033 1020 4100 Deum
1075 4046 1135 4092 et
1193 4037 1344 4093 illius.
1395 4042 1646 4096 mandata
1705 4047 2076 4102 custodiamus
2122 4050 2274 4106 omni
2305 4061 2496 4106 nostra
2551 4031 2908 4110 contentione
2965 4031 3028 4110 ac
3073 4054 3288 4120 studio;
3358 4068 3575 4108 summa
3615 4052 3768 4106 enim

489 4124 680 4220 salutis
704 4137 907 4185 nostra:
935 4131 992 4187 in
1024 4131 1413 4190 misericordiis
1446 4135 1683 4203 Domini,
1737 4155 1800 4194 ac
1832 4141 2168 4213 benignitate
2219 4145 2428 4202 indicis
2496 4149 2732 4218 reposita
2791 4161 2877 4205 est
2917 4169 2930 4204 :
2983 4132 3107 4206 cuni
3153 4166 3285 4220 quo,
3342 4159 3398 4204 et
3455 4164 3554 4219 per
3601 4161 3766 4220 quem

489 4218 604 4276 Deo
637 4219 792 4280 Patri
837 4233 924 4282 est
968 4228 1163 4298 gloria,
1195 4238 1497 4300 sanctoque
1544 4233 1798 4304 Spiritui,
1830 4246 1886 4292 et
1927 4253 2077 4295 nunc
2097 4249 2154 4297 et
2187 4241 2242 4297 in
2285 4243 2483 4299 saecula
2515 4245 2861 4303 saeculorum.
2892 4247 3088 4304 Amen.

1200 4717 1272 4737 ”
1352 4773 1907 4870 EJUS‘DEM
2021 4782 2884 4886 OLYMPIODOBI

985 4988 1968 5142 FRAGMENTA
2097 5019 2256 5148 IN
2368 5023 3250 5159 JERE‘MIAM.

1401 5249 1410 5256 ’
1480 5249 1578 5322 (Ex
1611 5249 1813 5308 Catena
1845 5253 2003 5309 Mtcn.
2035 5254 2335 5324 Gmsuanu,
2386 5257 2560 5332 Lugd.
2599 5259 2790 5335 1623.).

1013 5532 1237 5590 CAPUT
1276 5529 1572 5590 PRIMUM.
2105 5548 2150 5602 ι)

562 5620 635 5679 ν.
672 5623 725 5678 Ι.
761 5642 782 5678 ι
817 5622 920 5691 Qui
973 5625 1255 5682 habitabat
1305 5627 1360 5681 in
1408 5627 1710 5683 Anatheth.
1753 5648 1772 5681 ›
1822 5629 2074 5700 Quinque

497 5712 738 5858 ngillilbus
779 5730 1040 5785 passuum
1082 5717 1247 5773 distat
1281 5720 1350 5773 ab
1388 5721 1522 5774 urbe
1555 5719 1896 5776 Hierusalem
1923 5721 2072 5776 Ana-

501 5807 522 5856 l.
565 5809 620 5857 οι
664 5837 700 5858 ο.

501 5807 700 5873 uxorm,

2676 5549 2926 5604 ΚΕΦΑΛ.
2961 5551 3235 5604 ΠΡΩΤΟΝ
3252 5593 3270 5611 ι
3289 5573 3294 5578 ·

2258 5656 2277 5689 ι
2327 5641 2419 5702 "0;
2447 5637 2690 5710 κατῴκει
2722 5642 2781 5694 ἐν
2825 5640 3092 5701 Ἀναθὼθ.
3137 5661 3158 5695 ι
3202 5641 3334 5700 Ἀπὸ
3360 5642 3518 5699 πέντε
3547 5645 3761 5717 μυρίων

2192 5729 2548 5801 Ἰερουσαλὴμ
2601 5730 2862 5790 ’Δναθώα
