3876 6304
151 265 282 330 629

1239 269 1707 334 FRAGMENTA
1753 270 1852 332 IN
1886 250 2328 332 JEREMIAM.‘

3318 255 3426 324 630

241 395 265 430 ί
323 375 644 449 Επ.σταμαί
689 395 773 436 σε.
803 399 822 434 ι
869 382 1028 436 Κατὰ
1061 380 1188 448 τοὺς
1232 384 1329 454 τῆς
1379 383 1741 456 προγνώσεως

1925 375 1991 434 ν.
2026 378 2080 432 5.
2121 395 2140 428 ‹
2178 351 2312 431 Novi
2366 381 2439 429 te.
2481 391 2500 426 ι
2557 371 2869 429 Secundum
2926 369 3280 442 praenotionis
3332 387 3424 428 ra-

149 475 383 544 λόγους.
1068 515 1070 518 -
1507 505 1510 508 -

241 583 263 611 ε
317 561 624 634 Ἐκριζοῢν.
662 581 683 616 ι
724 557 1010 631 Ἐκριζοῧν
1045 562 1146 629 τὴν
1172 567 1395 618 κακίαν.

242 676 263 709 ι
301 658 367 710 Τί
398 658 463 710 σὺ
498 658 668 728 ὁρᾷς;
701 656 811 708 Καὶ
835 651 1343 728 εἶπαοιΒακτηρίαν
1381 655 1672 727 καρυῖνην.
1721 672 1742 707 ι

157 751 355 805 Ταῦτα
388 751 454 803 ὲκ
501 749 918 820 διαλείμματος,
974 749 1108 804 ὅταν
1157 751 1328 822 εἴπῃ·
1370 748 1482 804 Καὶ
1529 747 1748 818 ἐγένετο

155 841 325 910 λόγος
353 838 562 911 Κυρίου
597 838 738 908 πρός
767 856 836 908 με
873 839 1080 907 λέγων·
1116 839 1176 892 οὐ
1217 837 1328 909 γὰρ
1373 837 1596 911 ἐφεξῆς,
1631 839 1747 894 ἀλλ’

157 931 339 986 ἐδίδου
371 927 605 984 συνιδεῖν
633 927 706 981 τὰ
736 918 1031 1000 λεγόμενα.

236 1107 315 1162 Τὸ
340 1107 452 1180 γὰρ
475 1106 636 1174 ξύλον
667 1106 830 1159 τοῦτο
859 1103 1108 1178 στερρὸν,
1138 1105 1234 1158 καὶ
1264 1103 1426 1176 βαρὺ.
1457 1104 1555 1158 καὶ
1608 1117 1750 1176 πλη-

139 1193 573 1280 ’κτικόνκΤίνος
597 1198 786 1252 ἕνεκεν
820 1199 996 1251 ταῦτα
1023 1197 1286 1265 ἐϐλεπον;
1322 1197 1446 1251 Ὅτι
1464 1197 1536 1252 τὰ
1564 1198 1747 1269 πράγ-

165 1309 320 1364 ματα
365 1293 461 1346 καὶ
486 1292 544 1345 at
593 1291 746 1360 δψεις
780 1290 1187 1363 ὲναργέοτεραι,
1218 1285 1381 1363 ἦσαν,
1416 1294 1513 1345 καὶ
1545 1291 1747 1362 μᾶλλον

162 1385 435 1457 ἔπλητ’-εον
463 1385 557 1438 τὸν
584 1384 882 1454 ἀκροατήν.
929 1383 994 1436 Ἦ
1020 1384 1128 1455 γὰρ
1156 1383 1351 1455 ῥάϐδος
1381 1372 1601 1456 πληγῆξ
1629 1383 1749 1436 ἐστι

166 1476 461 1546 σύμϐολον.
1511 1488 1515 1493 ’

241 1569 437 1636 Λόγος,
455 1569 518 1621 τὸ
538 1568 743 1639 κάρυον
769 1567 1078 1638 ἀγρυπνίας
1100 1564 1240 1624 εἶναι
1266 1568 1551 1640 ποιητικόν
1566 1581 1580 1598 ο
1605 1557 1748 1620 εῖναι

161 1658 227 1711 δὲ
284 1659 378 1712 καὶ
425 1656 731 1728 εὖθραστον
756 1658 826 1712 τὸ·
858 1657 1034 1724 ξύλον,
1089 1658 1185 1711 καὶ
1220 1659 1475 1729 σημαίνει
1510 1659 1611 1728 τὴν
1647 1672 1744 1726 με-

1741 487 1746 492 ·
1846 469 2043 525 tiones.

1914 560 1980 616 ν.
2013 561 2102 617 10.
2143 578 2163 613 ι
2200 559 2274 616 Ut
2301 556 2566 614 eradices.
2604 576 2622 610 ι
2661 557 2950 612 Eradicare
2979 555 3263 612 malitiam.

1915 649 1980 707 ν.
2009 651 2094 708 Η.
2126 670 2146 704 ι
2171 647 2314 718 Quid
2329 659 2390 706 tu
2403 649 2593 706 vides?
2616 641 2681 704 Et
2696 647 2805 704 dixi
2827 667 2840 704 :
2860 639 3117 704 Baculum
3133 657 3422 703 nuceum.)

1916 743 2025 797 Alii
2055 742 2239 814 Chrys.
2270 741 2397 800 Haec
2416 742 2726 812 interrupto"
2749 747 3023 808 sermone,
3049 751 3172 797 eum
3221 740 3298 796 ait
3325 756 3338 792 :
3365 738 3431 792 Et

1844 835 2048 891 factum
2095 843 2182 890 est
2217 835 2445 891 verbum
2499 833 2716 889 Domini
2770 831 2837 889 ad
2885 836 2974 888 me
3031 832 3256 894 dicens;
3316 845 3426 885 non

1847 928 1996 982 enim
2033 925 2408 982 narrationem
2451 925 2757 992 continuat,
2796 924 2998 996 quippe
3023 922 3145 978 vult
3179 919 3430 978 conside-

1849 1018 1954 1072 rari
1988 1033 2073 1086 ea,
2103 1032 2228 1090 quas
2257 1018 2535 1074 dicuntur.

1913 1109 2147 1181 Lignum
2178 1110 2323 1166 enim
2364 1109 2468 1164 hoc
2485 1110 2680 1166 durum
2710 1122 2789 1162 ac
2809 1121 3000 1178 grave,
3030 1116 3086 1161 et
3110 1097 3430 1160 verberibus

1847 1210 2055 1272 aptum.
2086 1201 2267 1267 Quare
2297 1201 2412 1255 haec
2449 1200 2743 1256 videbant?
2780 1199 2918 1263 Quia
2957 1212 3067 1262 res,
3104 1207 3162 1252 et
3191 1196 3431 1252 visiones

1849 1291 2267 1362 signiﬁcatiores
2334 1299 2492 1346 erant
2552 1299 2608 1345 et
2649 1289 2822 1359 magis
2865 1287 3172 1343 atllciebant
3216 1285 3429 1342 audito-

1849 1399 1964 1438 rem
1994 1401 2008 1438 :
2040 1382 2187 1454 virga
2227 1383 2372 1438 enim
2405 1383 2683 1453 pl‘agamm
2713 1389 2795 1437 est
2821 1381 3144 1451 symbolum.

1914 1570 2118 1630 Nucem
2166 1575 2319 1630 aiunt
2363 1575 2601 1646 vigiliam
2636 1575 2918 1642 inducere,
2947 1574 3263 1648 lignumque
3311 1573 3430 1645 ejus

1849 1665 2006 1724 facile
2044 1666 2240 1739 frangi,
2269 1675 2324 1722 et
2355 1667 2625 1739 significat
2673 1668 3007 1723 moderatam
3051 1666 3426 1730 iracundiam;

162 1749 470 1821 τριωτέραν
507 1750 682 1821 ὀργήν
707 1764 721 1779 ·
752 1750 828 1813 ὠς
879 1749 1289 1820 ἁγρυπνοῦντος
1335 1751 1435 1820 μὲν
1473 1748 1570 1803 τοῦ
1607 1746 1741 1802 Θεοῦ

1870 1758 1961 1812 )eo
2004 1758 2206 1828 quippe
2244 1774 2410 1829 super
2453 1768 2767 1844 peceatores
2812 1752 3104 1830 vigilante,
3151 1757 3429 1813 moderate

165 1844 261 1897 ἐπὶ
284 1846 399 1906 τοῖς
417 1842 858 1913 ἁμαρτάνουσιν,
886 1839 1210 1906 κολάζοντος
1223 1840 1281 1895 δὲ
1320 1840 1707 1912 μετριώτερον.

245 1951 266 1986 ι
289 1934 423 1987 Ἀπὸ
446 1931 745 2004 προσώπου
767 1933 864 1988 τοῦ
892 1934 1092 2006 Βορρᾱ.
1129 1953 1152 1987 ι
1173 1933 1272 1988 Διὰ
1295 1934 1388 1988 τὸν
1403 1927 1748 1988 Βαδυλώνιόν

138 2009 147 2020 ⁷
167 2016 326 2096 tinet.
361 2024 692 2096 Βορειοτέρα
718 2024 831 2095 γὰρ
859 2027 894 2096 ἡ
943 2023 1203 2082 Βαϐυλὼν
1233 2024 1312 2088 ὡς
1340 2026 1477 2094 πρὸς
1517 2023 1618 2096 τὴν
1649 2024 1749 2078 Ἱε-

169 2117 479 2188 ρουσαλήμ.
507 2115 654 2187 Πρὸς
673 2116 730 2169 δὲ
745 2109 1008 2182 διάνοιας,
1037 2119 1119 2181 είς
1145 2117 1439 2189 πρόσωπον
1454 2114 1548 2170 τοῦ
1579 2115 1748 2186 σκλη-

170 2207 266 2277 ροὖ
296 2207 499 2278 Βορέου
526 2210 554 2259 6
577 2207 827 2273 διάϐολος
851 2209 1215 2281 λαμϐάνεται.

243 2318 264 2352 ι
306 2301 528 2372 Λέδητα
555 2304 976 2373 ὑποκαιόμενον.
1019 2323 1038 2357 ι
1073 2302 1234 2357 Κατὰ
1262 2303 1363 2373 μὲν
1405 2303 1466 2358 τὸ
1512 2306 1748 2378 γράμμα

136 2381 270 2464 ’τὴν
319 2394 702 2464 Ἰερουσαλὴμ,
731 2395 984 2459 ’καὶτοὺς
1015 2397 1072 2449 ὲν
1106 2396 1246 2466 αὐτῇ
1285 2396 1583 2466 ἄρχοντας·
1611 2397 1748 2467 πρὸς

162 2485 225 2539 δὲ
250 2484 507 2557 θεωρίαν,
529 2487 628 2558 τὴν
651 2487 955 2558 συνείδησιν
977 2487 1077 2557 τὴν
1105 2486 1302 2557 ἑαυτὴν
1323 2486 1745 2556 δοκιμάζουσαν.

244 2596 265 2630 ι
305 2578 418 2632 Καὶ
443 2580 508 2634 σὺ
543 2579 870 2651 περίζωσαι.
906 2599 926 2632 ι
977 2577 1126 2632 Ἀντί
1157 2577 1276 2647 τοῦ,
1309 2578 1581 2649 ἄνδρισαι,
1613 2579 1748 2651 οαρῳ

167 2669 281 2740 ῥῶν
309 2671 576 2742 πορεύου.
622 2670 771 2742 Πρὸς
816 2671 874 2724 δὲ
914 2671 1180 2736 διάνοιαν,
1219 2669 1622 2741 περιζώννυται
1649 2670 1746 2742 τὴν

165 2761 338 2828 ὀσφὺν
369 2762 398 2815 ὁ
432 2765 687 2834 σώφρων.
743 2763 835 2816 Ἐν
858 2761 967 2834 γὰρ
999 2764 1067 2834 τῇ
1094 2759 1257 2830 ὀσφύϊ
1306 2761 1564 2830 λέγουσιν
1604 2757 1746 2816 εἶναι

166 2853 236 2906 τὰ
269 2849 586 2924 σπέρματα.
613 2855 845 2934 Εἴρηται
877 2855 989 2926 γὰρ
1025 2852 1272 2927 περὶτοῦ
1308 2853 1464 2908 Λευῖο
1496 2855 1617 2910 Ἔτι
1637 2855 1747 2925 γὰρ

163 2946 225 2997 ἐν
254 2946 319 3016 τῇ
353 2945 519 3014 ὀσφύϊ
544 2941 640 2998 τοῦ
665 2946 875 3016 πατρός
901 2962 995 2999 σου
1030 2941 1121 3016 ἦν.

139 3027 145 3031 ’
243 3058 262 3091 ι
299 3038 390 3110 Μὴ
429 3038 677 3112 φοϐηθῇς
721 3042 806 3094 ὅτι
844 3040 986 3111 μετὰ
1016 3037 1111 3097 σοῦ
1136 3039 1277 3110 είμί.
1319 3058 1339 3092 ›
1389 3038 1743 3112 Περιφρὰξας

163 3121 286 3196 ταῖς
313 3133 634 3202 ἀγγελικαῖς
662 3133 987 3204 δυνάμεσιν.

873 3253 976 3308 ΕΦ.
1015 3251 1091 3307 B'.

873 3255 976 3308 ΕΦ.
1015 3255 1091 3307 B'.

241 3359 261 3392 ι
313 3342 622 3414 Ἐμνήσοην
655 3255 862 3416 suo:
873 3341 1130 3413 νεότητός
1178 3357 1296 3396 σου.
1341 3361 1360 3394 ι
1395 3341 1485 3412 Τῷ
1524 3341 1743 3412 Σωτῆρι

166 3431 390 3504 Χριστῷ
457 3433 616 3502 ἅγιος
685 3434 908 3506 Ἰσραὴλ
963 3433 1042 3504 τῷ
1104 3433 1330 3504 Κυρίῳ·
1388 3435 1417 3486 6
1492 3432 1786 3503 ἀληθινὸς-

177 3525 420 3598 Ἰσραὴλ,
470 3528 500 3580 6
533 3524 661 3589 νοῦς
700 3527 730 3579 6
772 3526 917 3599 ὁρῶν
967 3525 1122 3592 Θεὸν,
1169 3524 1230 3578 ὃν
1283 3525 1378 3580 καὶ
1419 3525 1592 3596 ήδέως
1643 3527 1746 3597 ὁρᾷ

165 3618 363 3688 ὥσπερ
429 3618 690 3687 ἀπαρχήν
739 3634 861 3670 τινα
913 3616 1292 3690 γεννημάτων.
1369 3616 1605 3684 Λέγεται
1652 3611 1747 3670 οὖν

177 3705 400 3778 Ἰσραὴλ
431 3705 564 3759 ποτὲ
596 3705 695 3776 μὲν
727 3708 761 3760 6
795 3706 1070 3760 Ἰουδαίων
1121 3707 1270 3771 λαὸς,
1323 3706 1455 3759 ποτὲ
1482 3706 1542 3760 δὲ
1582 3707 1632 3760 οἱ
1663 3705 1745 3759 δι-

160 3795 579 3870 ορατικώτεροι,
605 3798 702 3852 καὶ
717 3797 880 3863 αὐτὸς
903 3797 958 3850 δὲ
988 3800 1016 3852 ὁ
1039 3797 1386 3869 πατριάρχης
1427 3796 1522 3852 καὶ
1549 3799 1577 3852 ὁ
1603 3795 1746 3852 κατὰ

165 3892 350 3963 σάρκα
382 3893 441 3961 ἐξ
493 3892 712 3965 Ἰσραὴλ
741 3893 1008 3965 Χριστός..
1203 3885 1206 3888 Λ

237 4074 395 4128 Κατὰ
420 4073 592 4138 ἔλεος,
618 4073 777 4144 φησὶ,
804 4065 900 4128 καὶ
923 4075 1156 4145 ἀγάπην
1191 4071 1392 4142 ὲχρισά
1419 4088 1478 4125 σε
1512 4074 1592 4136 εἰς
1614 4089 1747 4144 προ-

167 4165 376 4238 φήτην·
408 4166 470 4219 οὐ
498 4165 609 4236 γὰρ
639 4167 705 4220 ὲκ
732 4165 1186 4236 κατορθωμάτων
1209 4163 1277 4218 τὰ
1297 4163 1636 4234 χαρίσματα.

244 4275 264 4307 ι
297 4256 405 4310 Καὶ
443 4256 820 4328 ἐπορεύθησαν
858 4255 1034 4309 ὀπίσω
1081 4254 1191 4308 τῶν
1243 4253 1511 4324 ματαίων.
1567 4273 1589 4306 ι
1623 4252 1745 4308 Τῶν

165 4346 404 4401 εἰδώλων
438 4349 533 4401 καὶ
562 4347 672 4402 τῶν
710 4347 931 4420 τρόπων
958 4347 1060 4418 τῆς
1083 4346 1310 4411 κακίας.

1849 1862 1981 1903 vero
2011 1849 2330 1919 castigante.
2734 1882 2740 1888 -

1921 1937 1986 1993 ν.
2028 1939 2116 1993 12.
2163 1957 2182 1991 ι
2217 1939 2261 1994 Δ
2313 1939 2451 1994 facie
2496 1939 2802 2010 Aquilonis.
2849 1957 2870 1991 ι
2920 1937 3150 2010 PrOptcr
3196 1937 3429 2012 Babylo-

1849 2031 2002 2086 nium
2045 2031 2206 2098 dicit;
2255 2032 2602 2102 Aquilonaris
2642 2031 2790 2086 enim
2826 2039 2913 2087 est
2956 2030 3192 2101 Babylon
3232 2031 3299 2086 ad
3334 2031 3426 2086 Je-

1849 2123 2086 2179 rusalem
2118 2132 2474 2194 comparata:
2505 2123 2652 2193 quod
2699 2123 2770 2178 ad
2819 2137 3040 2182 sensum
3080 2131 3262 2177 autem
3301 2124 3428 2178 atti-

1848 2221 1965 2277 net,
1999 2213 2166 2268 facies
2211 2213 2390 2284 asperi
2421 2212 2712 2284 Aquilonis
2750 2221 2856 2283 pro
2882 2211 3100 2268 diabolo
3137 2213 3424 2282 accipitur.

1923 2301 1987 2358 V.
2020 2303 2105 2358 15.
2145 2323 2164 2354 ι
2199 2303 2844 2359 Lebetem-suceensum.
2882 2322 2900 2354 ι
2940 2303 3253 2361 Secundum
3281 2303 3428 2358 litte-

1849 2409 1961 2448 ram
1991 2395 2210 2463 quidem
2241 2393 2570 2461 Jerusalem,
2601 2404 2657 2449 et
2687 2395 2967 2464 principes
2994 2395 3050 2448 in
3085 2408 3148 2450 ea
3182 2413 3194 2449 :
3231 2409 3425 2450 recon-

1847 2483 2031 2540 ditiori
2056 2498 2184 2540 vero
2205 2501 2394 2550 sensu,
2420 2486 2814 2541 conscientiam
2831 2486 3066 2556 seipsam
3082 2487 3424 2556 probantem.

1921 2573 1986 2631 V.
2018 2576 2105 2630 l7.
2143 2595 2160 2628 ι
2193 2575 2277 2631 Tu
2305 2592 2436 2649 ergo
2472 2576 2716 2648 accinge.
2757 2595 2776 2630 ι
2819 2575 3055 2632 Perinde
3087 2575 3154 2632 ac
3198 2577 3245 2631 si
3285 2577 3430 2631 dicc-

1848 2676 1931 2722 ret
1961 2685 1975 2721 :
2005 2665 2249 2723 Viriliter
2294 2684 2416 2738 age,
2471 2669 2645 2724 audax
2697 2669 3012 2741 aggredere.
3055 2669 3242 2724 Morali
3294 2685 3426 2724 vero

1848 2775 2038 2828 sensu,
2070 2771 2384 2832 temperans
2429 2763 2646 2818 lumbos
2689 2762 2894 2833 cingit;
2925 2763 3127 2817 lumbis
3164 2763 3310 2816 enim
3339 2777 3427 2817 se-

1846 2868 1972 2908 men
2005 2854 2187 2909 inesse
2229 2855 2403 2908 aiunt.
2447 2853 2583 2908 Nam
2603 2862 2660 2908 et
2697 2853 2765 2910 de
2796 2852 2927 2908 Levi
2954 2852 3161 2908 dictum
3189 2868 3204 2906 :
3235 2851 3428 2907 Adhuc

1846 2944 1901 2998 in
1928 2944 2132 3000 lumbis
2159 2946 2331 3014 patris
2361 2945 2444 3000 sui
2473 2954 2614 3000 erat.

1924 3055 1943 3089 ‹
1983 3035 2063 3091 Ne
2095 3037 2309 3102 timeas,
2333 3047 2464 3101 etc.,
2495 3037 2622 3108 quia
2665 3053 2766 3109 ego
2803 3047 2980 3094 tecum
3023 3053 3164 3094 sum.
3198 3055 3218 3089 ›
3249 3038 3428 3111 Ange-

1770 3107 1814 3167 ο
1847 3125 1968 3182 licis
1994 3126 2291 3182 virtutibus
2317 3107 2628 3198 obsepiens.

2483 3237 2638 3294 CAP.
2669 3239 2737 3292 ll.

1917 3331 1985 3388 ν.
2018 3333 2073 3388 2.
2115 3349 2134 3383 ι
2169 3331 2510 3388 Recordatus
2537 3346 2657 3386 sum
2687 3331 3076 3387 misericordiae
3106 3333 3424 3389 adolescen-

1847 3425 1937 3480 tite
1973 3433 2099 3480 tuae”.
2133 3443 2154 3478 ι
2185 3425 2450 3480 Salvatori
2476 3423 2695 3480 Christo
2721 3433 2943 3480 sanctus
2966 3424 3131 3479 Israel
3158 3425 3421 3491 Domino;

1846 3535 2009 3576 verus
2047 3518 2213 3576 Israel
2256 3534 2412 3574 mens
2449 3519 2620 3574 Deum
2665 3517 2880 3583 videns,
2911 3533 3072 3588 quem
3104 3527 3160 3573 et
3184 3517 3423 3588 jucunde

1847 3613 1994 3668 videt
2014 3612 2180 3667 veluti
2213 3626 2396 3668 rerum
2421 3610 2662 3666 omnium
2692 3618 3062 3665 creaturarum
3094 3607 3422 3680 principium

1847 3705 2140 3775 quoddam.
2185 3701 2435 3770 Vocatur
2468 3703 2635 3774 igitur
2677 3701 2838 3758 Israel
2879 3702 3156 3757 interdum
3201 3700 3422 3771 quidem

1846 3785 2156 3850 Iudaeorum
2209 3793 2464 3864 populus,
2507 3793 2781 3848 interdum
2831 3808 2982 3859 vero,
3023 3793 3118 3862 qui
3167 3792 3236 3847 ad
3287 3807 3422 3847 con-

1849 3886 2221 3957 templandum
2248 3884 2696 3955 perspicaciores,
2730 3885 2958 3954 ipseque
2995 3882 3331 3949 Patriarcha,
3369 3892 3424 3938 et

1846 3977 1939 4046 qui
1967 3975 2267 4032 secundum
2294 3989 2514 4039 carnem
2539 3988 2608 4028 ex
2636 3973 2801 4029 Israel
2826 3972 3198 4029 estChristus.

1919 4068 1995 4121 Ex
2035 4065 2406 4122 misericordia
2447 4065 2544 4129 ait,
2569 4072 2626 4120 et
2649 4064 2912 4120 cbaritate
2945 4062 3075 4120 unxi
3113 4075 3170 4120 te-
3198 4065 3254 4118 in
3291 4078 3420 4134 pro-

1845 4159 2088 4231 phetam,
2117 4175 2227 4215 non
2254 4166 2382 4216 sunt
2409 4157 2556 4212 enim
2581 4172 2649 4212 ex
2675 4157 2886 4212 meritis
2915 4157 3086 4214 dona.
3212 4143 3220 4151 ’
3306 4177 3312 4184 ·
3411 4209 3415 4211 ,

1915 4251 1980 4306 ν.
2017 4252 2069 4306 5.
2115 4271 2135 4304 ι
2170 4253 2238 4308 Ει
2278 4249 2694 4306 ambulaverunt
2743 4257 2868 4320 post
2913 4263 3075 4322 vana.
3106 4265 3124 4300 ι
3163 4247 3331 4314 Idola,
3363 4256 3419 4303 et

1845 4342 2150 4414 iniquitatis
2180 4359 2384 4399 mores.

299 4435 395 4504 Είς
422 4441 513 4495 τὸν
550 4415 870 4514 Κάρμτίλον.
901 4449 934 4494 ἰ
971 4415 1138 4511 Ὄρος
1191 4440 1356 4523 τοῦτο
1398 4441 1500 4512 τῆς
1530 4439 1740 4494 Παλαι-

1917 4435 1982 4490 ν.
2021 4437 2072 4490 7.
2126 4454 2146 4487 ι
2182 4433 2244 4489 In
2283 4434 2614 4492 Carmelum.
2652 4452 2672 4486 ι
2713 4433 3020 4491 Palaestinae
3061 4447 3222 4490 mons
3271 4432 3363 4488 hic
3401 4447 3418 4486 :
3455 4415 3458 4418 ’

165 4530 370 4604 στίνης.
404 4533 799 4606 Ἕρμηνεύεται
827 4533 883 4587 δὲ
911 4533 1239 4604 ἐπίπνῳσις
1271 4532 1596 4605 περιτομῆς
1625 4550 1639 4564 ·
1674 4534 1742 4588 δι’

162 4617 232 4695 ἧς
261 4625 640 4696 ἁποτὲμνομεν
670 4626 740 4680 τὰ
770 4625 952 4694 ἀγαθὰ
987 4626 1096 4680 ἀπὸ
1125 4625 1234 4681 τῶν
1269 4627 1512 4696 φαύλων.

247 4737 266 4770 ι
299 4718 550 4772 Διέλθετε
597 4721 678 4783 είς
715 4724 914 4792 νήσους
945 4721 1230 4792 Χεττιείμ.
1265 4742 1285 4775 ι
1311 4723 1468 4787 Τινὲς
1503 4723 1604 4795 μὲν
1626 4724 1746 4777 Ku-

164 4809 361 4880 πρίους
400 4811 555 4880 φασὶ,
599 4811 746 4876 τινὲς
785 4809 845 4865 δὲ
905 4811 1083 4868 Ἰνδῶν
1119 4813 1269 4886 ἔθνη.
1313 4815 1374 4869 '0
1418 4815 1609 4888 Κηδὰρ
1647 4813 1742 4869 τοῦ

175 4902 402 4974 Ἰσμαὴλ
445 4902 750 4973 ἀπόγονος·
799 4904 1158 4978 σημαίνονται
1196 4905 1252 4959 δὲ
1305 4906 1393 4961 διὰ
1439 4906 1628 4962 τούτου
1674 4907 1744 4963 τὰ

163 4994 497 5065 Σαρακηνῶν
526 4995 676 5068 ἔθνη.
715 4995 1119 5068 Ἐρμηνεύεται
1144 4995 1201 5049 δὲ
1237 4999 1580 5069 σκοτασμόςο
1611 4999 1744 5070 φασὶ

163 5082 222 5135 δὲ
252 5084 346 5136 καὶ
365 5084 695 5158 ὀστρακίνην
723 5086 1026 5160 δηλοῦσθαι,
1047 5085 1134 5142 διὰ
1161 5078 1257 5142 τοῦ
1285 5087 1503 5160 Κηδάρ.

241 5384 265 5423 ι
307 5367 432 5423 Ἐπ’
479 5369 644 5436 αὐτὸν
689 5372 929 5444 ὠρύοντο
972 5374 1213 5442 λέοντες.
1263 5393 1282 5427 ι
1329 5373 1560 5438 Λέοντες
1604 5373 1743 5445 πρὸς

165 5458 265 5531 μὲν
288 5461 350 5515 τὸ
381 5463 549 5534 ῥητὸν
572 5465 622 5518 οί
647 5461 1001 5536 Βαϐυλώνιοι,
1031 5468 1169 5540 πρὸς
1195 5467 1252 5521 δὲ
1275 5467 1516 5522 διάνοιαν
1537 5466 1742 5538 ἀνήμε-

163 5568 249 5624 ροι
281 5552 561 5624 δαίμονες.
782 5565 788 5572 ·
1017 5557 1020 5562 ’

232 5659 255 5695 ί
288 5643 449 5716 Παρὰ
484 5645 547 5700 τὸ
589 5647 664 5718 μὴ
697 5645 1067 5703 κατοικεῖσθαι
1095 5667 1109 5680 ·
1169 5671 1187 5702 ι
1220 5649 1316 5705 Διὰ
1363 5649 1423 5703 τὸ
1477 5649 1551 5721 μὴ
1595 5647 1740 5720 ἔχειν

161 5731 452 5805 οἰκήτορας
487 5737 751 5807 ἀγαθούς.

1846 4528 2133 4599 recognitio
2179 4535 2362 4581 autem
2413 4527 2824 4581 oircumcisionis
2873 4526 3278 4598 interpretatur,
3322 4540 3423 4597 per

1845 4635 2004 4692 quam
2033 4619 2177 4675 bona
2204 4633 2235 4672 a
2265 4618 2420 4673 malis
2449 4611 2763 4674 recidimus.

1914 4708 1981 4765 V.
2029 4711 2116 4766 10.
2162 4728 2182 4761 ‹
2234 4709 2443 4764 Idcirco
2488 4708 2672 4764 venite
2729 4709 2798 4762 ad
2851 4707 3061 4764 insulas
3103 4703 3358 4764 Chetiim.
3395 4725 3415 4757 ι

1843 4803 2074 4871 Quidam
2118 4799 2363 4870 Cyprios,
2395 4798 2614 4868 quidam
2666 4797 2923 4851 Indorum
2972 4781 3203 4868 populos
3246 4798 3422 4854 Cedar

1842 4889 2067 4943 nomine
2107 4885 2348 4940 fatentur
2392 4882 2704 4953 signiﬁcari.
2746 4882 2920 4938 Cedar
2950 4886 3020 4938 ab
3048 4885 3290 4940 .Ismaele
3327 4901 3420 4939 or-

1844 4988 1960 5036 tum
1998 4978 2249 5034 ducens:
2281 4989 2382 5047 per
2425 4974 2573 5030 hunc
2615 4987 2749 5029 vero
2775 4971 3174 5030 Saracenorum
3213 4974 3422 5046 signiﬁ-

1843 5079 2038 5129 cantur
2075 5066 2291 5140 populi.
2340 5066 2738 5137 Interpretatur
2783 5073 2975 5122 autem'
3019 5067 3420 5123 tenebricosus.

1839 5149 2078 5230 Quidam
2107 5169 2291 5216 autem
2321 5173 2426 5232 per
2462 5156 2655 5230 Cedat.
2671 5164 2973 5215 testaceum
3010 5157 3235 5231 intelligi
3268 5172 3422 5214 asse-

1843 5264 1993 5311 runt.

1915 5347 1978 5402 γ.
2009 5347 2096 5401 l5.
2135 5364 2155 5398 ι
2192 5344 2370 5417 Super
2398 5358 2526 5400 eum
2560 5341 2847 5415 rugierunt
2875 5340 3086 5402 leones.
3118 5359 3139 5394 ι
3185 5342 3420 5410 Leones,

1838 5421 1992 5508 juxta
2048 5435 2278 5504 dictum,
2323 5434 2624 5506 Babylonii,
2656 5439 2713 5487 at
2761 5432 2916 5503 juxta
2969 5447 3221 5501 sensum,
3267 5431 3422 5488 οπετί

1844 5529 2144 5583 daemones.
2370 5534 2372 5536 ’

1918 5636 1939 5669 ‹
1976 5619 2055 5673 Eo
2100 5619 2246 5688 quod
2302 5631 2410 5673 non
2462 5616 2757 5674 habitetur.
2806 5637 2825 5670 ι
2867 5616 2947 5672 Ex
3003 5631 3070 5672 eo
3111 5619 3254 5690 quod
3308 5632 3418 5674 non

1845 5708 2040 5763 habuit
2068 5711 2244 5767 bonos
2271 5709 2496 5764 incolas.
