  <div class='ocr_page' id='page_1' title='image "/cluster/home/n/w/nwhite01/storage/ocr_20150623/93/pst.000005712991/334.png"; bbox 0 0 3876 6304; ppageno 0'>
   <div class='ocr_carea' id='block_1_1' title="bbox 99 295 201 358">
    <p class='ocr_par' dir='ltr' id='par_1_1' title="bbox 99 295 201 358">
     <span class='ocr_line' id='line_1_1' title="bbox 99 295 201 358; baseline 0 0"><span class='ocrx_word' id='word_1_1' title='bbox 99 295 201 358; x_wconf 67' lang='grc'><strong>619</strong></span> 
     </span>
    </p>
   </div>
   <div class='ocr_carea' id='block_1_2' title="bbox 1207 296 2238 362">
    <p class='ocr_par' dir='ltr' id='par_1_2' title="bbox 1207 296 2238 362">
     <span class='ocr_line' id='line_1_2' title="bbox 1207 296 2238 362; baseline -0.008 -1"><span class='ocrx_word' id='word_1_2' title='bbox 1207 300 1674 362; x_wconf 74' lang='lat' dir='ltr'><strong>FRAGMENTA</strong></span> <span class='ocrx_word' id='word_1_3' title='bbox 1704 297 1787 358; x_wconf 85' lang='lat' dir='ltr'><strong>IN</strong></span> <span class='ocrx_word' id='word_1_4' title='bbox 1823 296 2238 359; x_wconf 78' lang='lat' dir='ltr'><strong>JEREMIAM.</strong></span> 
     </span>
    </p>
   </div>
   <div class='ocr_carea' id='block_1_3' title="bbox 3257 296 3362 360">
    <p class='ocr_par' dir='ltr' id='par_1_3' title="bbox 3257 296 3362 360">
     <span class='ocr_line' id='line_1_3' title="bbox 3257 296 3362 360; baseline 0.01 -1"><span class='ocrx_word' id='word_1_5' title='bbox 3257 296 3362 360; x_wconf 81' lang='lat'><strong>650</strong></span> 
     </span>
    </p>
   </div>
   <div class='ocr_carea' id='block_1_4' title="bbox 176 396 1717 484">
    <p class='ocr_par' dir='ltr' id='par_1_4' title="bbox 176 410 1717 484">
     <span class='ocr_line' id='line_1_4' title="bbox 176 410 1717 484; baseline -0.001 -18"><span class='ocrx_word' id='word_1_6' title='bbox 176 433 195 466; x_wconf 76' lang='grc' dir='ltr'><strong>ι</strong></span> <span class='ocrx_word' id='word_1_7' title='bbox 232 413 340 465; x_wconf 79' lang='grc' dir='ltr'>Καὶ</span> <span class='ocrx_word' id='word_1_8' title='bbox 370 410 462 465; x_wconf 63' lang='lat' dir='ltr'><strong>Eni.</strong></span> <span class='ocrx_word' id='word_1_9' title='bbox 498 411 678 466; x_wconf 83' lang='grc' dir='ltr'>πάντα</span> <span class='ocrx_word' id='word_1_10' title='bbox 720 413 1196 484; x_wconf 83' lang='grc' dir='ltr'>περικειρόμενον.</span> <span class='ocrx_word' id='word_1_11' title='bbox 1227 433 1246 464; x_wconf 78' lang='grc' dir='ltr'><strong>ι</strong></span> <span class='ocrx_word' id='word_1_12' title='bbox 1292 412 1432 477; x_wconf 78' lang='grc' dir='ltr'>Τοὺς</span> <span class='ocrx_word' id='word_1_13' title='bbox 1457 413 1520 468; x_wconf 85' lang='grc' dir='ltr'>τδ</span> <span class='ocrx_word' id='word_1_14' title='bbox 1550 429 1676 482; x_wconf 88' lang='grc' dir='ltr'>φαι-</span> <span class='ocrx_word' id='word_1_15' title='bbox 1704 441 1717 475; x_wconf 62' lang='grc' dir='ltr'><em>λ</em></span> 
     </span>
    </p>
   </div>
   <div class='ocr_carea' id='block_1_5' title="bbox 1849 396 3361 484">
    <p class='ocr_par' dir='ltr' id='par_1_5' title="bbox 1854 396 3361 480">
     <span class='ocr_line' id='line_1_5' title="bbox 1854 396 3361 480; baseline 0.004 -17"><span class='ocrx_word' id='word_1_16' title='bbox 1854 429 1875 463; x_wconf 79' lang='grc' dir='ltr'><strong>ι</strong></span> <span class='ocrx_word' id='word_1_17' title='bbox 1938 410 2004 464; x_wconf 84' lang='lat' dir='ltr'><strong>Et</strong></span> <span class='ocrx_word' id='word_1_18' title='bbox 2089 426 2254 480; x_wconf 84' lang='lat' dir='ltr'><strong>super</strong></span> <span class='ocrx_word' id='word_1_19' title='bbox 2321 425 2538 466; x_wconf 91' lang='lat' dir='ltr'><strong>omnem</strong></span> <span class='ocrx_word' id='word_1_20' title='bbox 2574 396 2584 400; x_wconf 17' lang='lat'><strong>5</strong></span> <span class='ocrx_word' id='word_1_21' title='bbox 2607 420 2882 467; x_wconf 88' lang='lat' dir='ltr'><strong>attonsum</strong></span> <span class='ocrx_word' id='word_1_22' title='bbox 2955 411 3102 467; x_wconf 89' lang='lat' dir='ltr'><strong>circa</strong></span> <span class='ocrx_word' id='word_1_23' title='bbox 3169 412 3361 469; x_wconf 80' lang='lat' dir='ltr'><strong>faciem</strong></span> 
     </span>
    </p>
   </div>
   <div class='ocr_carea' id='block_1_6' title="bbox 106 501 1717 578">
    <p class='ocr_par' dir='ltr' id='par_1_6' title="bbox 106 503 1676 578">
     <span class='ocr_line' id='line_1_6' title="bbox 106 503 1676 578; baseline -0.002 -18"><span class='ocrx_word' id='word_1_24' title='bbox 106 507 325 578; x_wconf 82' lang='grc' dir='ltr'><strong>νόμενον</strong></span> <span class='ocrx_word' id='word_1_25' title='bbox 369 503 836 570; x_wconf 77' lang='grc' dir='ltr'><strong>καλλωπίζοντας.</strong></span> <span class='ocrx_word' id='word_1_26' title='bbox 896 506 1062 575; x_wconf 82' lang='grc' dir='ltr'><strong>Λέγει</strong></span> <span class='ocrx_word' id='word_1_27' title='bbox 1109 507 1166 560; x_wconf 85' lang='grc' dir='ltr'><strong>δὲ</strong></span> <span class='ocrx_word' id='word_1_28' title='bbox 1205 506 1338 570; x_wconf 73' lang='grc' dir='ltr'>τοὺς</span> <span class='ocrx_word' id='word_1_29' title='bbox 1390 506 1676 577; x_wconf 79' lang='grc' dir='ltr'><strong>μόρφωσιν</strong></span> 
     </span>
    </p>
   </div>
   <div class='ocr_carea' id='block_1_7' title="bbox 1849 501 3371 578">
    <p class='ocr_par' dir='ltr' id='par_1_7' title="bbox 1850 501 3371 572">
     <span class='ocr_line' id='line_1_7' title="bbox 1850 501 3371 572; baseline 0.005 -16"><span class='ocrx_word' id='word_1_30' title='bbox 1850 517 1955 556; x_wconf 88' lang='lat' dir='ltr'><strong>am.</strong></span> <span class='ocrx_word' id='word_1_31' title='bbox 1989 521 2007 554; x_wconf 70' lang='grc' dir='ltr'><strong>ι</strong></span> <span class='ocrx_word' id='word_1_32' title='bbox 2039 501 2096 556; x_wconf 92' lang='lat' dir='ltr'><strong>ld</strong></span> <span class='ocrx_word' id='word_1_33' title='bbox 2123 501 2267 572; x_wconf 89' lang='lat' dir='ltr'><strong>quod</strong></span> <span class='ocrx_word' id='word_1_34' title='bbox 2297 511 2523 572; x_wconf 81' lang='lat' dir='ltr'><strong>apparet</strong></span> <span class='ocrx_word' id='word_1_35' title='bbox 2557 513 2837 559; x_wconf 87' lang='lat' dir='ltr'><strong>ornantes.</strong></span> <span class='ocrx_word' id='word_1_36' title='bbox 2865 503 3027 559; x_wconf 54' lang='lat' dir='ltr'><strong>Nota‘t</strong></span> <span class='ocrx_word' id='word_1_37' title='bbox 3049 513 3230 560; x_wconf 90' lang='lat' dir='ltr'><strong>autem</strong></span> <span class='ocrx_word' id='word_1_38' title='bbox 3272 523 3371 564; x_wconf 87' lang='lat' dir='ltr'><strong>eos</strong></span> 
     </span>
    </p>
   </div>
   <div class='ocr_carea' id='block_1_8' title="bbox 108 596 1680 670">
    <p class='ocr_par' dir='ltr' id='par_1_8' title="bbox 108 596 1680 670">
     <span class='ocr_line' id='line_1_8' title="bbox 108 596 1680 670; baseline -0.002 -18"><span class='ocrx_word' id='word_1_39' title='bbox 108 599 324 669; x_wconf 82' lang='grc' dir='ltr'>ἔχοντας</span> <span class='ocrx_word' id='word_1_40' title='bbox 377 596 688 661; x_wconf 75' lang='grc' dir='ltr'>εὐσεϐείας,</span> <span class='ocrx_word' id='word_1_41' title='bbox 723 598 826 669; x_wconf 83' lang='grc' dir='ltr'>τὴν</span> <span class='ocrx_word' id='word_1_42' title='bbox 886 598 942 651; x_wconf 85' lang='grc' dir='ltr'><strong>δὲ</strong></span> <span class='ocrx_word' id='word_1_43' title='bbox 995 598 1229 670; x_wconf 79' lang='grc' dir='ltr'>δύναμιν</span> <span class='ocrx_word' id='word_1_44' title='bbox 1284 599 1458 669; x_wconf 82' lang='grc' dir='ltr'>αὐτῆς</span> <span class='ocrx_word' id='word_1_45' title='bbox 1509 601 1680 669; x_wconf 72' lang='grc' dir='ltr'>ἠρνη-</span> 
     </span>
    </p>
   </div>
   <div class='ocr_carea' id='block_1_9' title="bbox 113 689 322 761">
    <p class='ocr_par' dir='ltr' id='par_1_9' title="bbox 113 689 322 761">
     <span class='ocr_line' id='line_1_9' title="bbox 113 689 322 761; baseline -0.005 -18"><span class='ocrx_word' id='word_1_46' title='bbox 113 689 322 761; x_wconf 81' lang='grc' dir='ltr'><strong>μένους.</strong></span> 
     </span>
    </p>
   </div>
   <div class='ocr_carea' id='block_1_10' title="bbox 727 818 1081 875">
    <p class='ocr_par' dir='ltr' id='par_1_10' title="bbox 727 818 1081 875">
     <span class='ocr_line' id='line_1_10' title="bbox 727 818 1081 875; baseline -0.006 0"><span class='ocrx_word' id='word_1_47' title='bbox 727 821 982 875; x_wconf 79' lang='grc' dir='ltr'><strong>ΚΕΦΛΛ.</strong></span> <span class='ocrx_word' id='word_1_48' title='bbox 1025 818 1081 873; x_wconf 91' lang='lat' dir='ltr'><strong>l&#39;.</strong></span> 
     </span>
    </p>
   </div>
   <div class='ocr_carea' id='block_1_11' title="bbox 183 952 1682 1027">
    <p class='ocr_par' dir='ltr' id='par_1_11' title="bbox 183 952 1682 1027">
     <span class='ocr_line' id='line_1_11' title="bbox 183 952 1682 1027; baseline -0.003 -17"><span class='ocrx_word' id='word_1_49' title='bbox 183 975 202 1010; x_wconf 80' lang='grc' dir='ltr'><strong>ι</strong></span> <span class='ocrx_word' id='word_1_50' title='bbox 235 957 346 1011; x_wconf 67' lang='grc' dir='ltr'>Καὶ</span> <span class='ocrx_word' id='word_1_51' title='bbox 370 956 480 1011; x_wconf 78' lang='grc' dir='ltr'><strong>άπὸ</strong></span> <span class='ocrx_word' id='word_1_52' title='bbox 513 956 625 1009; x_wconf 87' lang='grc' dir='ltr'><strong>τῶν</strong></span> <span class='ocrx_word' id='word_1_53' title='bbox 646 956 892 1027; x_wconf 82' lang='grc' dir='ltr'>σημείων</span> <span class='ocrx_word' id='word_1_54' title='bbox 925 955 1017 1009; x_wconf 81' lang='grc' dir='ltr'>τοῦ</span> <span class='ocrx_word' id='word_1_55' title='bbox 1047 955 1278 1025; x_wconf 82' lang='grc' dir='ltr'>οὐρανοῦ</span> <span class='ocrx_word' id='word_1_56' title='bbox 1311 955 1386 1024; x_wconf 81' lang='grc' dir='ltr'>μὴ</span> <span class='ocrx_word' id='word_1_57' title='bbox 1409 952 1682 1021; x_wconf 80' lang='grc' dir='ltr'>φοϐεῖσθε,</span> 
     </span>
    </p>
   </div>
   <div class='ocr_carea' id='block_1_12' title="bbox 113 1046 1686 1119">
    <p class='ocr_par' dir='ltr' id='par_1_12' title="bbox 113 1046 1686 1119">
     <span class='ocr_line' id='line_1_12' title="bbox 113 1046 1686 1119; baseline -0.006 -13"><span class='ocrx_word' id='word_1_58' title='bbox 113 1052 210 1106; x_wconf 82' lang='grc' dir='ltr'>ὅτι.</span> <span class='ocrx_word' id='word_1_59' title='bbox 225 1070 242 1101; x_wconf 74' lang='grc' dir='ltr'><strong>ι</strong></span> <span class='ocrx_word' id='word_1_60' title='bbox 259 1050 370 1114; x_wconf 83' lang='grc' dir='ltr'><strong>Τάς</strong></span> <span class='ocrx_word' id='word_1_61' title='bbox 399 1049 653 1119; x_wconf 76' lang='grc' dir='ltr'>ἡλιακὰς,</span> <span class='ocrx_word' id='word_1_62' title='bbox 669 1049 857 1119; x_wconf 74' lang='grc' dir='ltr'>φησὶν,</span> <span class='ocrx_word' id='word_1_63' title='bbox 875 1046 1286 1112; x_wconf 85' lang='grc' dir='ltr'>ἀνακυκλὼσεις</span> <span class='ocrx_word' id='word_1_64' title='bbox 1309 1048 1568 1117; x_wconf 86' lang='grc' dir='ltr'>ὁρῶντες,</span> <span class='ocrx_word' id='word_1_65' title='bbox 1589 1047 1686 1099; x_wconf 75' lang='grc' dir='ltr'><strong>καὶ</strong></span> 
     </span>
    </p>
   </div>
   <div class='ocr_carea' id='block_1_13' title="bbox 117 1138 1687 1214">
    <p class='ocr_par' dir='ltr' id='par_1_13' title="bbox 117 1138 1687 1214">
     <span class='ocr_line' id='line_1_13' title="bbox 117 1138 1687 1214; baseline -0.004 -18"><span class='ocrx_word' id='word_1_66' title='bbox 117 1143 340 1214; x_wconf 84' lang='grc' dir='ltr'>σελήνην</span> <span class='ocrx_word' id='word_1_67' title='bbox 397 1141 692 1211; x_wconf 84' lang='grc' dir='ltr'>φθίνουσαν</span> <span class='ocrx_word' id='word_1_68' title='bbox 730 1141 828 1194; x_wconf 75' lang='grc' dir='ltr'>καὶ</span> <span class='ocrx_word' id='word_1_69' title='bbox 869 1140 1268 1210; x_wconf 74' lang='grc' dir='ltr'><strong>αὐξανομένην,</strong></span> <span class='ocrx_word' id='word_1_70' title='bbox 1315 1138 1408 1192; x_wconf 71' lang='grc' dir='ltr'>καὶ</span> <span class='ocrx_word' id='word_1_71' title='bbox 1441 1138 1687 1208; x_wconf 81' lang='grc' dir='ltr'><strong>ἀστέρων</strong></span> 
     </span>
    </p>
   </div>
   <div class='ocr_carea' id='block_1_14' title="bbox 119 1227 1689 1306">
    <p class='ocr_par' dir='ltr' id='par_1_14' title="bbox 119 1227 1689 1306">
     <span class='ocr_line' id='line_1_14' title="bbox 119 1227 1689 1306; baseline -0.006 -18"><span class='ocrx_word' id='word_1_72' title='bbox 119 1237 296 1306; x_wconf 79' lang='grc' dir='ltr'>σχέσιν</span> <span class='ocrx_word' id='word_1_73' title='bbox 345 1236 444 1288; x_wconf 69' lang='grc' dir='ltr'><strong>καὶ</strong></span> <span class='ocrx_word' id='word_1_74' title='bbox 481 1233 808 1296; x_wconf 85' lang='grc' dir='ltr'>ἀπόστασιν,</span> <span class='ocrx_word' id='word_1_75' title='bbox 840 1232 936 1284; x_wconf 79' lang='grc' dir='ltr'>καὶ</span> <span class='ocrx_word' id='word_1_76' title='bbox 967 1231 1065 1294; x_wconf 78' lang='grc' dir='ltr'><strong>τάς</strong></span> <span class='ocrx_word' id='word_1_77' title='bbox 1096 1231 1238 1284; x_wconf 80' lang='grc' dir='ltr'>κατὰ</span> <span class='ocrx_word' id='word_1_78' title='bbox 1275 1229 1466 1300; x_wconf 83' lang='grc' dir='ltr'>καιρὸν</span> <span class='ocrx_word' id='word_1_79' title='bbox 1504 1227 1689 1280; x_wconf 86' lang='grc' dir='ltr'>αὐτῶν</span> 
     </span>
    </p>
   </div>
   <div class='ocr_carea' id='block_1_15' title="bbox 117 1320 1691 1394">
    <p class='ocr_par' dir='ltr' id='par_1_15' title="bbox 117 1320 1691 1394">
     <span class='ocr_line' id='line_1_15' title="bbox 117 1320 1691 1394; baseline -0.006 -16"><span class='ocrx_word' id='word_1_80' title='bbox 117 1325 404 1394; x_wconf 84' lang='grc' dir='ltr'>ἐκφάνσεις</span> <span class='ocrx_word' id='word_1_81' title='bbox 471 1323 566 1376; x_wconf 76' lang='grc' dir='ltr'><strong>καὶ</strong></span> <span class='ocrx_word' id='word_1_82' title='bbox 631 1321 1012 1393; x_wconf 79' lang='grc' dir='ltr'>ἀποκρύψεις,</span> <span class='ocrx_word' id='word_1_83' title='bbox 1059 1321 1154 1374; x_wconf 75' lang='grc' dir='ltr'>καὶ</span> <span class='ocrx_word' id='word_1_84' title='bbox 1205 1321 1305 1392; x_wconf 81' lang='grc' dir='ltr'>τὴν</span> <span class='ocrx_word' id='word_1_85' title='bbox 1353 1320 1691 1389; x_wconf 77' lang='grc' dir='ltr'>εὐάρμοστον</span> 
     </span>
    </p>
   </div>
   <div class='ocr_carea' id='block_1_16' title="bbox 117 1407 1694 1483">
    <p class='ocr_par' dir='ltr' id='par_1_16' title="bbox 117 1407 1694 1483">
     <span class='ocr_line' id='line_1_16' title="bbox 117 1407 1694 1483; baseline -0.006 -15"><span class='ocrx_word' id='word_1_86' title='bbox 117 1414 292 1468; x_wconf 83' lang='grc' dir='ltr'>αὐτῶν</span> <span class='ocrx_word' id='word_1_87' title='bbox 319 1415 541 1483; x_wconf 85' lang='grc' dir='ltr'>κίνησιν</span> <span class='ocrx_word' id='word_1_88' title='bbox 563 1453 580 1477; x_wconf 91' lang='grc'><strong>,</strong></span> <span class='ocrx_word' id='word_1_89' title='bbox 612 1411 688 1482; x_wconf 84' lang='grc' dir='ltr'>μὴ</span> <span class='ocrx_word' id='word_1_90' title='bbox 723 1409 1006 1482; x_wconf 76' lang='grc' dir='ltr'>φοὸηθῆτε</span> <span class='ocrx_word' id='word_1_91' title='bbox 1052 1410 1194 1466; x_wconf 75' lang='grc' dir='ltr'>αὐτὰ</span> <span class='ocrx_word' id='word_1_92' title='bbox 1229 1411 1306 1474; x_wconf 88' lang='grc' dir='ltr'>ὡς</span> <span class='ocrx_word' id='word_1_93' title='bbox 1338 1409 1517 1472; x_wconf 82' lang='grc' dir='ltr'>θεοὺς,</span> <span class='ocrx_word' id='word_1_94' title='bbox 1557 1407 1694 1461; x_wconf 86' lang='grc' dir='ltr'><strong>ἀλλά</strong></span> 
     </span>
    </p>
   </div>
   <div class='ocr_carea' id='block_1_17' title="bbox 117 1505 757 1573">
    <p class='ocr_par' dir='ltr' id='par_1_17' title="bbox 117 1505 757 1573">
     <span class='ocr_line' id='line_1_17' title="bbox 117 1505 757 1573; baseline -0.005 -15"><span class='ocrx_word' id='word_1_95' title='bbox 117 1505 203 1559; x_wconf 84' lang='grc' dir='ltr'><strong>τὸν</strong></span> <span class='ocrx_word' id='word_1_96' title='bbox 226 1505 403 1558; x_wconf 76' lang='grc' dir='ltr'>ταῦτα</span> <span class='ocrx_word' id='word_1_97' title='bbox 432 1506 757 1573; x_wconf 86' lang='grc' dir='ltr'>ποιήσαντα.</span> 
     </span>
    </p>
   </div>
   <div class='ocr_carea' id='block_1_18' title="bbox 192 1591 1688 1665">
    <p class='ocr_par' dir='ltr' id='par_1_18' title="bbox 192 1591 1688 1665">
     <span class='ocr_line' id='line_1_18' title="bbox 192 1591 1688 1665; baseline -0.003 -17"><span class='ocrx_word' id='word_1_98' title='bbox 192 1614 210 1647; x_wconf 80' lang='grc' dir='ltr'><strong>ι</strong></span> <span class='ocrx_word' id='word_1_99' title='bbox 231 1596 285 1648; x_wconf 88' lang='lat'><strong>&#39;0</strong></span> <span class='ocrx_word' id='word_1_100' title='bbox 309 1593 628 1665; x_wconf 82' lang='grc' dir='ltr'>ἀνορθώσας</span> <span class='ocrx_word' id='word_1_101' title='bbox 657 1594 756 1663; x_wconf 83' lang='grc' dir='ltr'>τὴν</span> <span class='ocrx_word' id='word_1_102' title='bbox 777 1591 1106 1662; x_wconf 84' lang='grc' dir='ltr'>οἰκουμένην</span> <span class='ocrx_word' id='word_1_103' title='bbox 1129 1592 1187 1644; x_wconf 91' lang='grc' dir='ltr'><strong>ἐν</strong></span> <span class='ocrx_word' id='word_1_104' title='bbox 1203 1593 1266 1662; x_wconf 81' lang='grc' dir='ltr'>τῇ</span> <span class='ocrx_word' id='word_1_105' title='bbox 1289 1591 1452 1661; x_wconf 74' lang='grc' dir='ltr'>σοφίᾳ</span> <span class='ocrx_word' id='word_1_106' title='bbox 1468 1591 1654 1645; x_wconf 82' lang='grc' dir='ltr'>αὐτοῦ.</span> <span class='ocrx_word' id='word_1_107' title='bbox 1669 1609 1688 1643; x_wconf 73' lang='grc' dir='ltr'><strong>ι</strong></span> 
     </span>
    </p>
   </div>
   <div class='ocr_carea' id='block_1_19' title="bbox 131 1676 1529 1756">
    <p class='ocr_par' dir='ltr' id='par_1_19' title="bbox 131 1676 1529 1756">
     <span class='ocr_line' id='line_1_19' title="bbox 131 1676 1529 1756; baseline -0.003 -16"><span class='ocrx_word' id='word_1_108' title='bbox 131 1687 216 1740; x_wconf 89' lang='grc' dir='ltr'><strong>Ἐν</strong></span> <span class='ocrx_word' id='word_1_109' title='bbox 243 1685 318 1756; x_wconf 84' lang='grc' dir='ltr'>τῷ</span> <span class='ocrx_word' id='word_1_110' title='bbox 348 1683 496 1754; x_wconf 80' lang='grc' dir='ltr'><strong>Υἱῷο</strong></span> <span class='ocrx_word' id='word_1_111' title='bbox 516 1685 574 1737; x_wconf 92' lang='grc' dir='ltr'><strong>ἐν</strong></span> <span class='ocrx_word' id='word_1_112' title='bbox 605 1682 754 1754; x_wconf 81' lang='grc' dir='ltr'>αὐτῷ</span> <span class='ocrx_word' id='word_1_113' title='bbox 784 1683 894 1753; x_wconf 81' lang='grc' dir='ltr'><strong>γάρ</strong></span> <span class='ocrx_word' id='word_1_114' title='bbox 923 1682 1149 1752; x_wconf 83' lang='grc' dir='ltr'>ἐκτίσθη</span> <span class='ocrx_word' id='word_1_115' title='bbox 1181 1682 1250 1735; x_wconf 86' lang='grc' dir='ltr'><strong>τά</strong></span> <span class='ocrx_word' id='word_1_116' title='bbox 1281 1681 1478 1736; x_wconf 88' lang='grc' dir='ltr'>πάντα.</span> <span class='ocrx_word' id='word_1_117' title='bbox 1523 1676 1529 1682; x_wconf 73' lang='grc'><em>’</em></span> 
     </span>
    </p>
   </div>
   <div class='ocr_carea' id='block_1_20' title="bbox 1781 591 3368 666">
    <p class='ocr_par' dir='ltr' id='par_1_20' title="bbox 1781 591 3368 666">
     <span class='ocr_line' id='line_1_20' title="bbox 1781 591 3368 666; baseline 0.003 -21"><span class='ocrx_word' id='word_1_118' title='bbox 1781 591 1874 661; x_wconf 88' lang='lat' dir='ltr'><strong>qui</strong></span> <span class='ocrx_word' id='word_1_119' title='bbox 1933 592 2170 661; x_wconf 84' lang='lat' dir='ltr'><strong>speciem</strong></span> <span class='ocrx_word' id='word_1_120' title='bbox 2213 593 2430 662; x_wconf 86' lang='lat' dir='ltr'><strong>pietatis</strong></span> <span class='ocrx_word' id='word_1_121' title='bbox 2488 592 2722 662; x_wconf 85' lang='lat' dir='ltr'><strong>habent,</strong></span> <span class='ocrx_word' id='word_1_122' title='bbox 2776 594 2872 650; x_wconf 86' lang='lat' dir='ltr'><strong>sed</strong></span> <span class='ocrx_word' id='word_1_123' title='bbox 2942 593 3052 648; x_wconf 89' lang='lat' dir='ltr'><strong>vim</strong></span> <span class='ocrx_word' id='word_1_124' title='bbox 3105 594 3226 666; x_wconf 86' lang='lat' dir='ltr'><strong>ejus</strong></span> <span class='ocrx_word' id='word_1_125' title='bbox 3269 612 3368 652; x_wconf 84' lang='lat' dir='ltr'><strong>ne-</strong></span> 
     </span>
    </p>
   </div>
   <div class='ocr_carea' id='block_1_21' title="bbox 1787 693 1944 755">
    <p class='ocr_par' dir='ltr' id='par_1_21' title="bbox 1787 693 1944 755">
     <span class='ocr_line' id='line_1_21' title="bbox 1787 693 1944 755; baseline -0.013 -17"><span class='ocrx_word' id='word_1_126' title='bbox 1787 693 1944 755; x_wconf 85' lang='lat' dir='ltr'><strong>gant.</strong></span> 
     </span>
    </p>
   </div>
   <div class='ocr_carea' id='block_1_22' title="bbox 2462 821 2706 876">
    <p class='ocr_par' dir='ltr' id='par_1_22' title="bbox 2462 821 2706 876">
     <span class='ocr_line' id='line_1_22' title="bbox 2462 821 2706 876; baseline -0.004 0"><span class='ocrx_word' id='word_1_127' title='bbox 2462 821 2612 876; x_wconf 77' lang='lat' dir='ltr'><strong>CAP.</strong></span> <span class='ocrx_word' id='word_1_128' title='bbox 2642 821 2706 876; x_wconf 83' lang='lat' dir='ltr'><strong>X.</strong></span> 
     </span>
    </p>
   </div>
   <div class='ocr_carea' id='block_1_23' title="bbox 1858 956 3365 1034">
    <p class='ocr_par' dir='ltr' id='par_1_23' title="bbox 1858 956 3365 1034">
     <span class='ocr_line' id='line_1_23' title="bbox 1858 956 3365 1034; baseline 0.005 -26"><span class='ocrx_word' id='word_1_129' title='bbox 1858 956 1924 1013; x_wconf 75' lang='grc' dir='ltr'><strong>ν.</strong></span> <span class='ocrx_word' id='word_1_130' title='bbox 1950 959 2003 1012; x_wconf 70' lang='lat'><strong>2.</strong></span> <span class='ocrx_word' id='word_1_131' title='bbox 2048 977 2066 1006; x_wconf 77' lang='grc' dir='ltr'><strong>ι</strong></span> <span class='ocrx_word' id='word_1_132' title='bbox 2101 957 2167 1012; x_wconf 86' lang='grc' dir='ltr'>Ει</span> <span class='ocrx_word' id='word_1_133' title='bbox 2196 975 2225 1013; x_wconf 87' lang='lat' dir='ltr'><strong>a</strong></span> <span class='ocrx_word' id='word_1_134' title='bbox 2256 959 2423 1030; x_wconf 78' lang='lat' dir='ltr'><strong>signis</strong></span> <span class='ocrx_word' id='word_1_135' title='bbox 2463 960 2585 1014; x_wconf 64' lang='grc' dir='ltr'>εαξιί</span> <span class='ocrx_word' id='word_1_136' title='bbox 2631 963 2796 1016; x_wconf 92' lang='lat' dir='ltr'><strong>nolitc</strong></span> <span class='ocrx_word' id='word_1_137' title='bbox 2860 971 3123 1027; x_wconf 88' lang='lat' dir='ltr'><strong>metuere,</strong></span> <span class='ocrx_word' id='word_1_138' title='bbox 3159 965 3307 1034; x_wconf 86' lang='lat' dir='ltr'><strong>quia.</strong></span> <span class='ocrx_word' id='word_1_139' title='bbox 3348 983 3365 1015; x_wconf 76' lang='grc' dir='ltr'><strong>ι</strong></span> 
     </span>
    </p>
   </div>
   <div class='ocr_carea' id='block_1_24' title="bbox 1791 1048 3372 1124">
    <p class='ocr_par' dir='ltr' id='par_1_24' title="bbox 1791 1048 3372 1124">
     <span class='ocr_line' id='line_1_24' title="bbox 1791 1048 3372 1124; baseline 0.005 -22"><span class='ocrx_word' id='word_1_140' title='bbox 1791 1048 2026 1115; x_wconf 90' lang='lat' dir='ltr'><strong>Solares,</strong></span> <span class='ocrx_word' id='word_1_141' title='bbox 2063 1049 2260 1120; x_wconf 82' lang='lat' dir='ltr'><strong>inquit,</strong></span> <span class='ocrx_word' id='word_1_142' title='bbox 2295 1051 2557 1108; x_wconf 83' lang='lat' dir='ltr'><strong>circuitus</strong></span> <span class='ocrx_word' id='word_1_143' title='bbox 2608 1053 2875 1118; x_wconf 79' lang='lat' dir='ltr'><strong>videntes,</strong></span> <span class='ocrx_word' id='word_1_144' title='bbox 2919 1054 3172 1124; x_wconf 68' lang='lat' dir='ltr'><strong>lunaeque</strong></span> <span class='ocrx_word' id='word_1_145' title='bbox 3221 1056 3372 1110; x_wconf 88' lang='lat' dir='ltr'><strong>defe-</strong></span> 
     </span>
    </p>
   </div>
   <div class='ocr_carea' id='block_1_25' title="bbox 1789 1143 3373 1233">
    <p class='ocr_par' dir='ltr' id='par_1_25' title="bbox 1789 1143 3373 1233">
     <span class='ocr_line' id='line_1_25' title="bbox 1789 1143 3373 1233; baseline 0.001 -35"><span class='ocrx_word' id='word_1_146' title='bbox 1789 1150 1934 1198; x_wconf 93' lang='lat' dir='ltr'><strong>ctum</strong></span> <span class='ocrx_word' id='word_1_147' title='bbox 1973 1143 2501 1214; x_wconf 78' lang='lat' dir='ltr'><strong>incremenmmque,</strong></span> <span class='ocrx_word' id='word_1_148' title='bbox 2534 1154 2592 1233; x_wconf 62' lang='lat' dir='ltr'><strong>et</strong></span> <span class='ocrx_word' id='word_1_149' title='bbox 2623 1147 2901 1200; x_wconf 82' lang='lat' dir='ltr'><strong>stellarum</strong></span> <span class='ocrx_word' id='word_1_150' title='bbox 2945 1157 3247 1218; x_wconf 86' lang='lat' dir='ltr'><strong>aspectum,</strong></span> <span class='ocrx_word' id='word_1_151' title='bbox 3296 1162 3373 1201; x_wconf 81' lang='lat' dir='ltr'><strong>nt-</strong></span> 
     </span>
    </p>
   </div>
   <div class='ocr_carea' id='block_1_26' title="bbox 1791 1235 3376 1310">
    <p class='ocr_par' dir='ltr' id='par_1_26' title="bbox 1791 1235 3376 1310">
     <span class='ocr_line' id='line_1_26' title="bbox 1791 1235 3376 1310; baseline 0.002 -21"><span class='ocrx_word' id='word_1_152' title='bbox 1791 1249 1898 1305; x_wconf 87' lang='lat' dir='ltr'><strong>que</strong></span> <span class='ocrx_word' id='word_1_153' title='bbox 1941 1235 2246 1301; x_wconf 86' lang='lat' dir='ltr'><strong>distantias,</strong></span> <span class='ocrx_word' id='word_1_154' title='bbox 2267 1245 2321 1291; x_wconf 90' lang='lat' dir='ltr'><strong>et</strong></span> <span class='ocrx_word' id='word_1_155' title='bbox 2352 1237 2508 1290; x_wconf 90' lang='lat' dir='ltr'><strong>statis</strong></span> <span class='ocrx_word' id='word_1_156' title='bbox 2540 1239 2872 1308; x_wconf 88' lang='lat' dir='ltr'><strong>temporibus</strong></span> <span class='ocrx_word' id='word_1_157' title='bbox 2894 1240 3131 1309; x_wconf 81' lang='lat' dir='ltr'><strong>ipsarum</strong></span> <span class='ocrx_word' id='word_1_158' title='bbox 3155 1240 3376 1310; x_wconf 76' lang='lat' dir='ltr'><strong>appari~</strong></span> 
     </span>
    </p>
   </div>
   <div class='ocr_carea' id='block_1_27' title="bbox 1792 1321 3377 1399">
    <p class='ocr_par' dir='ltr' id='par_1_27' title="bbox 1792 1321 3377 1399">
     <span class='ocr_line' id='line_1_27' title="bbox 1792 1321 3377 1399; baseline 0.002 -19"><span class='ocrx_word' id='word_1_159' title='bbox 1792 1326 1970 1381; x_wconf 90' lang='lat' dir='ltr'><strong>tiones</strong></span> <span class='ocrx_word' id='word_1_160' title='bbox 1999 1321 2520 1396; x_wconf 77' lang='lat' dir='ltr'><strong>oecultationesque,</strong></span> <span class='ocrx_word' id='word_1_161' title='bbox 2539 1343 2602 1383; x_wconf 90' lang='lat' dir='ltr'><strong>ac</strong></span> <span class='ocrx_word' id='word_1_162' title='bbox 2632 1330 2848 1383; x_wconf 88' lang='lat' dir='ltr'><strong>tandem</strong></span> <span class='ocrx_word' id='word_1_163' title='bbox 2876 1331 3204 1385; x_wconf 89' lang='lat' dir='ltr'><strong>concinnum</strong></span> <span class='ocrx_word' id='word_1_164' title='bbox 3231 1331 3377 1399; x_wconf 84' lang='lat' dir='ltr'><strong>ipsa-</strong></span> 
     </span>
    </p>
   </div>
   <div class='ocr_carea' id='block_1_28' title="bbox 1793 1419 3378 1488">
    <p class='ocr_par' dir='ltr' id='par_1_28' title="bbox 1793 1419 3378 1488">
     <span class='ocr_line' id='line_1_28' title="bbox 1793 1419 3378 1488; baseline 0.003 -18"><span class='ocrx_word' id='word_1_165' title='bbox 1793 1432 1914 1471; x_wconf 89' lang='lat' dir='ltr'><strong>rum</strong></span> <span class='ocrx_word' id='word_1_166' title='bbox 1951 1427 2181 1484; x_wconf 89' lang='lat' dir='ltr'><strong>motum,</strong></span> <span class='ocrx_word' id='word_1_167' title='bbox 2215 1435 2283 1473; x_wconf 89' lang='lat' dir='ltr'><strong>nc</strong></span> <span class='ocrx_word' id='word_1_168' title='bbox 2325 1419 2615 1474; x_wconf 89' lang='lat' dir='ltr'><strong>timueritis</strong></span> <span class='ocrx_word' id='word_1_169' title='bbox 2652 1433 2714 1474; x_wconf 87' lang='lat' dir='ltr'><strong>ea</strong></span> <span class='ocrx_word' id='word_1_170' title='bbox 2776 1422 2855 1476; x_wconf 89' lang='lat' dir='ltr'><strong>uti</strong></span> <span class='ocrx_word' id='word_1_171' title='bbox 2910 1422 3062 1488; x_wconf 90' lang='lat' dir='ltr'><strong>deos,</strong></span> <span class='ocrx_word' id='word_1_172' title='bbox 3110 1422 3206 1476; x_wconf 83' lang='lat' dir='ltr'><strong>sed</strong></span> <span class='ocrx_word' id='word_1_173' title='bbox 3253 1437 3378 1476; x_wconf 92' lang='lat' dir='ltr'><strong>eum</strong></span> 
     </span>
    </p>
   </div>
   <div class='ocr_carea' id='block_1_29' title="bbox 1794 1507 2273 1577">
    <p class='ocr_par' dir='ltr' id='par_1_29' title="bbox 1794 1507 2273 1577">
     <span class='ocr_line' id='line_1_29' title="bbox 1794 1507 2273 1577; baseline 0.006 -17"><span class='ocrx_word' id='word_1_174' title='bbox 1794 1507 1885 1577; x_wconf 84' lang='lat' dir='ltr'><strong>qui</strong></span> <span class='ocrx_word' id='word_1_175' title='bbox 1929 1507 2017 1562; x_wconf 87' lang='lat' dir='ltr'><strong>illa</strong></span> <span class='ocrx_word' id='word_1_176' title='bbox 2048 1509 2273 1565; x_wconf 89' lang='lat' dir='ltr'><strong>creavit.</strong></span> 
     </span>
    </p>
   </div>
   <div class='ocr_carea' id='block_1_30' title="bbox 1867 1599 3376 1672">
    <p class='ocr_par' dir='ltr' id='par_1_30' title="bbox 1867 1599 3376 1672">
     <span class='ocr_line' id='line_1_30' title="bbox 1867 1599 3376 1672; baseline 0.006 -22"><span class='ocrx_word' id='word_1_177' title='bbox 1867 1599 1934 1654; x_wconf 79' lang='grc' dir='ltr'><strong>ν.</strong></span> <span class='ocrx_word' id='word_1_178' title='bbox 1970 1601 2055 1654; x_wconf 74' lang='grc'><strong>12.</strong></span> <span class='ocrx_word' id='word_1_179' title='bbox 2097 1619 2116 1651; x_wconf 79' lang='grc' dir='ltr'><strong>ι</strong></span> <span class='ocrx_word' id='word_1_180' title='bbox 2146 1599 2248 1667; x_wconf 85' lang='lat' dir='ltr'><strong>Qui</strong></span> <span class='ocrx_word' id='word_1_181' title='bbox 2281 1602 2457 1656; x_wconf 84' lang='lat' dir='ltr'><strong>erexit</strong></span> <span class='ocrx_word' id='word_1_182' title='bbox 2483 1603 2670 1657; x_wconf 90' lang='lat' dir='ltr'><strong>orbem</strong></span> <span class='ocrx_word' id='word_1_183' title='bbox 2707 1602 2763 1657; x_wconf 91' lang='lat' dir='ltr'><strong>in</strong></span> <span class='ocrx_word' id='word_1_184' title='bbox 2797 1602 3066 1672; x_wconf 87' lang='lat' dir='ltr'><strong>sapientia</strong></span> <span class='ocrx_word' id='word_1_185' title='bbox 3095 1619 3212 1658; x_wconf 88' lang='lat' dir='ltr'><strong>sua.</strong></span> <span class='ocrx_word' id='word_1_186' title='bbox 3255 1624 3274 1657; x_wconf 72' lang='grc' dir='ltr'><strong>ι</strong></span> <span class='ocrx_word' id='word_1_187' title='bbox 3317 1607 3376 1659; x_wconf 89' lang='lat' dir='ltr'><strong>In</strong></span> 
     </span>
    </p>
   </div>
   <div class='ocr_carea' id='block_1_31' title="bbox 1800 1689 2995 1760">
    <p class='ocr_par' dir='ltr' id='par_1_31' title="bbox 1800 1689 2995 1760">
     <span class='ocr_line' id='line_1_31' title="bbox 1800 1689 2995 1760; baseline 0.003 -17"><span class='ocrx_word' id='word_1_188' title='bbox 1800 1689 1938 1744; x_wconf 85' lang='lat' dir='ltr'><strong>Filio</strong></span> <span class='ocrx_word' id='word_1_189' title='bbox 1971 1707 1985 1744; x_wconf 90' lang='lat'>:</span> <span class='ocrx_word' id='word_1_190' title='bbox 2015 1691 2066 1744; x_wconf 90' lang='lat' dir='ltr'><strong>in</strong></span> <span class='ocrx_word' id='word_1_191' title='bbox 2098 1691 2215 1760; x_wconf 90' lang='lat' dir='ltr'><strong>ipso</strong></span> <span class='ocrx_word' id='word_1_192' title='bbox 2245 1692 2389 1746; x_wconf 78' lang='lat' dir='ltr'><strong>enim</strong></span> <span class='ocrx_word' id='word_1_193' title='bbox 2418 1702 2600 1747; x_wconf 85' lang='lat' dir='ltr'><strong>creata</strong></span> <span class='ocrx_word' id='word_1_194' title='bbox 2631 1703 2760 1748; x_wconf 92' lang='lat' dir='ltr'><strong>sunt</strong></span> <span class='ocrx_word' id='word_1_195' title='bbox 2792 1694 2995 1749; x_wconf 88' lang='lat' dir='ltr'><strong>omnia.</strong></span> 
     </span>
    </p>
   </div>
   <div class='ocr_carea' id='block_1_32' title="bbox 193 1741 1717 1850">
    <p class='ocr_par' dir='ltr' id='par_1_32' title="bbox 193 1741 1711 1848">
     <span class='ocr_line' id='line_1_32' title="bbox 193 1741 1711 1848; baseline -0.003 -18"><span class='ocrx_word' id='word_1_196' title='bbox 193 1796 212 1830; x_wconf 80' lang='grc' dir='ltr'><strong>ι</strong></span> <span class='ocrx_word' id='word_1_197' title='bbox 257 1741 590 1848; x_wconf 57' lang='grc' dir='ltr'>Ἐμωέάνθη</span> <span class='ocrx_word' id='word_1_198' title='bbox 638 1741 748 1838; x_wconf 77' lang='grc' dir='ltr'>πᾶς</span> <span class='ocrx_word' id='word_1_199' title='bbox 796 1741 1082 1846; x_wconf 72' lang='grc' dir='ltr'>άνθρωπος</span> <span class='ocrx_word' id='word_1_200' title='bbox 1117 1741 1225 1826; x_wconf 82' lang='grc' dir='ltr'><strong>άπὸ</strong></span> <span class='ocrx_word' id='word_1_201' title='bbox 1257 1773 1532 1841; x_wconf 85' lang='grc' dir='ltr'>γνώσεως,</span> <span class='ocrx_word' id='word_1_202' title='bbox 1577 1791 1711 1827; x_wconf 89' lang='grc' dir='ltr'>κατ-</span> 
     </span>
    </p>
   </div>
   <div class='ocr_carea' id='block_1_33' title="bbox 1849 1741 3384 1850">
    <p class='ocr_par' dir='ltr' id='par_1_33' title="bbox 1894 1781 3384 1842">
     <span class='ocr_line' id='line_1_33' title="bbox 1894 1781 3384 1842; baseline 0.005 -8"><span class='ocrx_word' id='word_1_203' title='bbox 1894 1781 1951 1834; x_wconf 80' lang='grc' dir='ltr'><strong>ν.</strong></span> <span class='ocrx_word' id='word_1_204' title='bbox 1994 1781 2078 1836; x_wconf 72' lang='grc'>14.</span> <span class='ocrx_word' id='word_1_205' title='bbox 2120 1800 2137 1831; x_wconf 84' lang='grc' dir='ltr'><strong>ι</strong></span> <span class='ocrx_word' id='word_1_206' title='bbox 2170 1781 2379 1838; x_wconf 89' lang='lat' dir='ltr'><strong>Stultus</strong></span> <span class='ocrx_word' id='word_1_207' title='bbox 2411 1784 2584 1839; x_wconf 87' lang='lat' dir='ltr'><strong>factus</strong></span> <span class='ocrx_word' id='word_1_208' title='bbox 2636 1793 2718 1840; x_wconf 90' lang='lat' dir='ltr'><strong>est</strong></span> <span class='ocrx_word' id='word_1_209' title='bbox 2745 1785 2925 1840; x_wconf 88' lang='lat' dir='ltr'><strong>omnis</strong></span> <span class='ocrx_word' id='word_1_210' title='bbox 2957 1786 3120 1840; x_wconf 88' lang='lat' dir='ltr'><strong>homo</strong></span> <span class='ocrx_word' id='word_1_211' title='bbox 3151 1803 3180 1841; x_wconf 87' lang='lat' dir='ltr'><strong>a</strong></span> <span class='ocrx_word' id='word_1_212' title='bbox 3207 1787 3384 1842; x_wconf 83' lang='lat' dir='ltr'><strong>scien-</strong></span> 
     </span>
    </p>
   </div>
   <div class='ocr_carea' id='block_1_34' title="bbox 122 1865 1700 1941">
    <p class='ocr_par' dir='ltr' id='par_1_34' title="bbox 122 1865 1700 1941">
     <span class='ocr_line' id='line_1_34' title="bbox 122 1865 1700 1941; baseline -0.004 -18"><span class='ocrx_word' id='word_1_213' title='bbox 122 1869 434 1941; x_wconf 76' lang='grc' dir='ltr'>ῃσχύνθη...</span> <span class='ocrx_word' id='word_1_214' title='bbox 467 1869 550 1921; x_wconf 84' lang='grc' dir='ltr'>ὅτι</span> <span class='ocrx_word' id='word_1_215' title='bbox 575 1867 745 1936; x_wconf 80' lang='grc' dir='ltr'>ψευδῆ</span> <span class='ocrx_word' id='word_1_216' title='bbox 774 1865 1130 1935; x_wconf 74' lang='grc' dir='ltr'>ἐχώνευσεν.»</span> <span class='ocrx_word' id='word_1_217' title='bbox 1175 1866 1233 1918; x_wconf 81' lang='grc'><strong>’0</strong></span> <span class='ocrx_word' id='word_1_218' title='bbox 1270 1865 1344 1936; x_wconf 83' lang='grc' dir='ltr'>μὴ</span> <span class='ocrx_word' id='word_1_219' title='bbox 1371 1866 1470 1936; x_wconf 82' lang='grc' dir='ltr'>τὴν</span> <span class='ocrx_word' id='word_1_220' title='bbox 1501 1865 1700 1932; x_wconf 84' lang='grc' dir='ltr'>γνῶσιν</span> 
     </span>
    </p>
   </div>
   <div class='ocr_carea' id='block_1_35' title="bbox 123 1957 1378 2032">
    <p class='ocr_par' dir='ltr' id='par_1_35' title="bbox 123 1957 1378 2032">
     <span class='ocr_line' id='line_1_35' title="bbox 123 1957 1378 2032; baseline -0.002 -19"><span class='ocrx_word' id='word_1_221' title='bbox 123 1962 255 2032; x_wconf 80' lang='grc' dir='ltr'>ἔχων</span> <span class='ocrx_word' id='word_1_222' title='bbox 285 1960 496 2030; x_wconf 84' lang='grc' dir='ltr'>ταύτης</span> <span class='ocrx_word' id='word_1_223' title='bbox 525 1960 626 2030; x_wconf 79' lang='grc' dir='ltr'><strong>τῆς</strong></span> <span class='ocrx_word' id='word_1_224' title='bbox 656 1957 958 2026; x_wconf 79' lang='grc' dir='ltr'>θεολογίας,</span> <span class='ocrx_word' id='word_1_225' title='bbox 996 1957 1178 2028; x_wconf 85' lang='grc' dir='ltr'>μωρός</span> <span class='ocrx_word' id='word_1_226' title='bbox 1212 1959 1378 2010; x_wconf 89' lang='grc' dir='ltr'>ἐστιν.</span> 
     </span>
    </p>
   </div>
   <div class='ocr_carea' id='block_1_36' title="bbox 197 2047 1706 2122">
    <p class='ocr_par' dir='ltr' id='par_1_36' title="bbox 197 2047 1706 2122">
     <span class='ocr_line' id='line_1_36' title="bbox 197 2047 1706 2122; baseline -0.003 -17"><span class='ocrx_word' id='word_1_227' title='bbox 197 2074 215 2105; x_wconf 76' lang='grc' dir='ltr'><strong>ι</strong></span> <span class='ocrx_word' id='word_1_228' title='bbox 241 2053 468 2107; x_wconf 85' lang='grc' dir='ltr'>Μάταιά</span> <span class='ocrx_word' id='word_1_229' title='bbox 491 2054 638 2104; x_wconf 89' lang='grc' dir='ltr'>ἐστιν</span> <span class='ocrx_word' id='word_1_230' title='bbox 667 2051 874 2122; x_wconf 82' lang='grc' dir='ltr'>ἔργα...</span> <span class='ocrx_word' id='word_1_231' title='bbox 905 2051 963 2102; x_wconf 86' lang='grc' dir='ltr'><strong>ἐν</strong></span> <span class='ocrx_word' id='word_1_232' title='bbox 994 2047 1174 2119; x_wconf 83' lang='grc' dir='ltr'>καιρῷ</span> <span class='ocrx_word' id='word_1_233' title='bbox 1205 2048 1510 2117; x_wconf 85' lang='grc' dir='ltr'>ἐπισκοπῆς</span> <span class='ocrx_word' id='word_1_234' title='bbox 1527 2048 1706 2101; x_wconf 83' lang='grc' dir='ltr'>αὐτῶν</span> 
     </span>
    </p>
   </div>
   <div class='ocr_carea' id='block_1_37' title="bbox 126 2139 1703 2211">
    <p class='ocr_par' dir='ltr' id='par_1_37' title="bbox 126 2139 1703 2211">
     <span class='ocr_line' id='line_1_37' title="bbox 126 2139 1703 2211; baseline -0.006 -11"><span class='ocrx_word' id='word_1_235' title='bbox 126 2145 477 2200; x_wconf 81' lang='grc' dir='ltr'>ἀπολοῦνται.</span> <span class='ocrx_word' id='word_1_236' title='bbox 517 2161 534 2195; x_wconf 73' lang='grc' dir='ltr'><strong>ι</strong></span> <span class='ocrx_word' id='word_1_237' title='bbox 568 2143 739 2197; x_wconf 83' lang='grc' dir='ltr'>Ὅταν</span> <span class='ocrx_word' id='word_1_238' title='bbox 783 2141 812 2193; x_wconf 88' lang='grc' dir='ltr'>ὁ</span> <span class='ocrx_word' id='word_1_239' title='bbox 853 2139 986 2204; x_wconf 82' lang='grc' dir='ltr'>Θεὸς</span> <span class='ocrx_word' id='word_1_240' title='bbox 1029 2141 1397 2210; x_wconf 79' lang='grc' dir='ltr'>ἐπισκέψηται</span> <span class='ocrx_word' id='word_1_241' title='bbox 1438 2139 1536 2210; x_wconf 80' lang='grc' dir='ltr'>τὴν</span> <span class='ocrx_word' id='word_1_242' title='bbox 1578 2142 1703 2211; x_wconf 81' lang='grc' dir='ltr'>γῆν,</span> 
     </span>
    </p>
   </div>
   <div class='ocr_carea' id='block_1_38' title="bbox 127 2232 1272 2308">
    <p class='ocr_par' dir='ltr' id='par_1_38' title="bbox 127 2232 1272 2308">
     <span class='ocr_line' id='line_1_38' title="bbox 127 2232 1272 2308; baseline -0.005 -17"><span class='ocrx_word' id='word_1_243' title='bbox 127 2239 181 2292; x_wconf 77' lang='grc' dir='ltr'><strong>ἐν</strong></span> <span class='ocrx_word' id='word_1_244' title='bbox 208 2241 271 2308; x_wconf 85' lang='grc' dir='ltr'>τῇ</span> <span class='ocrx_word' id='word_1_245' title='bbox 306 2235 587 2307; x_wconf 82' lang='grc' dir='ltr'>παρουσίᾳ</span> <span class='ocrx_word' id='word_1_246' title='bbox 619 2234 868 2306; x_wconf 85' lang='grc' dir='ltr'>δηλονότι</span> <span class='ocrx_word' id='word_1_247' title='bbox 891 2232 986 2286; x_wconf 82' lang='grc' dir='ltr'>τοῦ</span> <span class='ocrx_word' id='word_1_248' title='bbox 1013 2232 1272 2305; x_wconf 82' lang='grc' dir='ltr'>Χριστοῦ.</span> 
     </span>
    </p>
   </div>
   <div class='ocr_carea' id='block_1_39' title="bbox 199 2323 1709 2399">
    <p class='ocr_par' dir='ltr' id='par_1_39' title="bbox 199 2323 1709 2399">
     <span class='ocr_line' id='line_1_39' title="bbox 199 2323 1709 2399; baseline -0.004 -19"><span class='ocrx_word' id='word_1_249' title='bbox 199 2348 218 2380; x_wconf 79' lang='grc' dir='ltr'><strong>ι</strong></span> <span class='ocrx_word' id='word_1_250' title='bbox 256 2329 577 2399; x_wconf 84' lang='grc' dir='ltr'>Συνήγαγεν</span> <span class='ocrx_word' id='word_1_251' title='bbox 622 2326 822 2393; x_wconf 73' lang='grc' dir='ltr'>ἔξωθεν</span> <span class='ocrx_word' id='word_1_252' title='bbox 868 2326 969 2396; x_wconf 72' lang='grc' dir='ltr'>τὴν</span> <span class='ocrx_word' id='word_1_253' title='bbox 1016 2325 1318 2378; x_wconf 82' lang='grc' dir='ltr'>ὑπόστασιν</span> <span class='ocrx_word' id='word_1_254' title='bbox 1358 2323 1528 2378; x_wconf 80' lang='grc' dir='ltr'>αὐτοῦ</span> <span class='ocrx_word' id='word_1_255' title='bbox 1579 2339 1709 2375; x_wconf 88' lang='grc' dir='ltr'>κατ-</span> 
     </span>
    </p>
   </div>
   <div class='ocr_carea' id='block_1_40' title="bbox 129 2414 1711 2496">
    <p class='ocr_par' dir='ltr' id='par_1_40' title="bbox 129 2414 1711 2496">
     <span class='ocr_line' id='line_1_40' title="bbox 129 2414 1711 2496; baseline -0.004 -23"><span class='ocrx_word' id='word_1_256' title='bbox 129 2421 406 2474; x_wconf 77' lang='grc' dir='ltr'>οικοῦσαν.</span> <span class='ocrx_word' id='word_1_257' title='bbox 435 2437 454 2470; x_wconf 71' lang='grc' dir='ltr'><strong>ι</strong></span> <span class='ocrx_word' id='word_1_258' title='bbox 481 2414 553 2472; x_wconf 85' lang='grc' dir='ltr'><strong><em>Ὦ</em></strong></span> <span class='ocrx_word' id='word_1_259' title='bbox 581 2416 782 2486; x_wconf 85' lang='grc' dir='ltr'>γνῶσις</span> <span class='ocrx_word' id='word_1_260' title='bbox 811 2416 972 2496; x_wconf 85' lang='grc' dir='ltr'>Θεοῦ,</span> <span class='ocrx_word' id='word_1_261' title='bbox 995 2416 1105 2487; x_wconf 85' lang='grc' dir='ltr'><strong>ήέν</strong></span> <span class='ocrx_word' id='word_1_262' title='bbox 1131 2418 1244 2480; x_wconf 86' lang='grc' dir='ltr'>τοῖς</span> <span class='ocrx_word' id='word_1_263' title='bbox 1277 2415 1551 2477; x_wconf 73' lang='grc' dir='ltr'>ἐκλεκτοῖς</span> <span class='ocrx_word' id='word_1_264' title='bbox 1579 2431 1711 2467; x_wconf 83' lang='grc' dir='ltr'>κατ-</span> 
     </span>
    </p>
   </div>
   <div class='ocr_carea' id='block_1_41' title="bbox 133 2504 1707 2578">
    <p class='ocr_par' dir='ltr' id='par_1_41' title="bbox 133 2504 1707 2578">
     <span class='ocr_line' id='line_1_41' title="bbox 133 2504 1707 2578; baseline -0.004 -14"><span class='ocrx_word' id='word_1_265' title='bbox 133 2511 380 2577; x_wconf 83' lang='grc' dir='ltr'>οικοῦσα,</span> <span class='ocrx_word' id='word_1_266' title='bbox 415 2509 522 2564; x_wconf 80' lang='grc' dir='ltr'><strong>άπὸ</strong></span> <span class='ocrx_word' id='word_1_267' title='bbox 559 2509 668 2562; x_wconf 89' lang='grc' dir='ltr'><strong>τῶν</strong></span> <span class='ocrx_word' id='word_1_268' title='bbox 713 2509 1011 2578; x_wconf 84' lang='grc' dir='ltr'>θαυμάτων</span> <span class='ocrx_word' id='word_1_269' title='bbox 1040 2507 1206 2561; x_wconf 81' lang='grc' dir='ltr'>αὑτοῦ</span> <span class='ocrx_word' id='word_1_270' title='bbox 1231 2546 1246 2572; x_wconf 90' lang='grc'><strong>,</strong></span> <span class='ocrx_word' id='word_1_271' title='bbox 1277 2507 1376 2560; x_wconf 73' lang='grc' dir='ltr'><strong>καὶ</strong></span> <span class='ocrx_word' id='word_1_272' title='bbox 1407 2504 1517 2558; x_wconf 89' lang='grc' dir='ltr'><strong>τῶν</strong></span> <span class='ocrx_word' id='word_1_273' title='bbox 1548 2521 1707 2575; x_wconf 86' lang='grc' dir='ltr'>ποιη-</span> 
     </span>
    </p>
   </div>
   <div class='ocr_carea' id='block_1_42' title="bbox 137 2597 1707 2673">
    <p class='ocr_par' dir='ltr' id='par_1_42' title="bbox 137 2597 1707 2673">
     <span class='ocr_line' id='line_1_42' title="bbox 137 2597 1707 2673; baseline -0.006 -16"><span class='ocrx_word' id='word_1_274' title='bbox 137 2604 323 2673; x_wconf 80' lang='grc' dir='ltr'>μάτων</span> <span class='ocrx_word' id='word_1_275' title='bbox 392 2599 875 2671; x_wconf 74' lang='grc' dir='ltr'>καταλαμϐᾀνεταί</span> <span class='ocrx_word' id='word_1_276' title='bbox 922 2617 1016 2653; x_wconf 89' lang='grc' dir='ltr'><strong>σου</strong></span> <span class='ocrx_word' id='word_1_277' title='bbox 1065 2601 1098 2670; x_wconf 85' lang='grc' dir='ltr'><strong>ή</strong></span> <span class='ocrx_word' id='word_1_278' title='bbox 1159 2599 1482 2662; x_wconf 85' lang='grc' dir='ltr'>ὑπόστασις.</span> <span class='ocrx_word' id='word_1_279' title='bbox 1519 2597 1629 2650; x_wconf 79' lang='grc' dir='ltr'><strong>Καὶ</strong></span> <span class='ocrx_word' id='word_1_280' title='bbox 1673 2598 1707 2668; x_wconf 78' lang='grc' dir='ltr'><strong>ἠ</strong></span> 
     </span>
    </p>
   </div>
   <div class='ocr_carea' id='block_1_43' title="bbox 146 2688 1709 2764">
    <p class='ocr_par' dir='ltr' id='par_1_43' title="bbox 146 2688 1709 2764">
     <span class='ocr_line' id='line_1_43' title="bbox 146 2688 1709 2764; baseline -0.006 -17"><span class='ocrx_word' id='word_1_281' title='bbox 146 2693 445 2764; x_wconf 85' lang='grc' dir='ltr'>Ἐκκλησία</span> <span class='ocrx_word' id='word_1_282' title='bbox 474 2692 532 2746; x_wconf 85' lang='grc' dir='ltr'><strong>δέ</strong></span> <span class='ocrx_word' id='word_1_283' title='bbox 558 2691 781 2757; x_wconf 72' lang='grc' dir='ltr'>ἔξωθεν,</span> <span class='ocrx_word' id='word_1_284' title='bbox 833 2690 1116 2744; x_wconf 82' lang='grc' dir='ltr'>τουτέστιν</span> <span class='ocrx_word' id='word_1_285' title='bbox 1145 2691 1210 2742; x_wconf 88' lang='grc' dir='ltr'><strong>ἐκ</strong></span> <span class='ocrx_word' id='word_1_286' title='bbox 1238 2690 1349 2742; x_wconf 88' lang='grc' dir='ltr'><strong>τῶν</strong></span> <span class='ocrx_word' id='word_1_287' title='bbox 1379 2688 1547 2742; x_wconf 85' lang='grc' dir='ltr'>ἐθνῶν</span> <span class='ocrx_word' id='word_1_288' title='bbox 1587 2705 1709 2739; x_wconf 79' lang='grc' dir='ltr'>συν·</span> 
     </span>
    </p>
   </div>
   <div class='ocr_carea' id='block_1_44' title="bbox 138 2785 299 2858">
    <p class='ocr_par' dir='ltr' id='par_1_44' title="bbox 138 2785 299 2858">
     <span class='ocr_line' id='line_1_44' title="bbox 138 2785 299 2858; baseline -0.012 0"><span class='ocrx_word' id='word_1_289' title='bbox 138 2785 299 2858; x_wconf 67' lang='grc' dir='ltr'>ἢχθη-</span> 
     </span>
    </p>
   </div>
   <div class='ocr_carea' id='block_1_45' title="bbox 210 2871 1714 2944">
    <p class='ocr_par' dir='ltr' id='par_1_45' title="bbox 210 2871 1714 2944">
     <span class='ocr_line' id='line_1_45' title="bbox 210 2871 1714 2944; baseline -0.004 -17"><span class='ocrx_word' id='word_1_290' title='bbox 210 2894 228 2927; x_wconf 77' lang='grc' dir='ltr'><strong>ι</strong></span> <span class='ocrx_word' id='word_1_291' title='bbox 266 2875 379 2930; x_wconf 74' lang='grc' dir='ltr'>Καὶ</span> <span class='ocrx_word' id='word_1_292' title='bbox 411 2875 502 2927; x_wconf 82' lang='grc' dir='ltr'><strong>τὸν</strong></span> <span class='ocrx_word' id='word_1_293' title='bbox 536 2874 702 2928; x_wconf 87' lang='grc' dir='ltr'>τόπον</span> <span class='ocrx_word' id='word_1_294' title='bbox 734 2872 901 2926; x_wconf 73' lang='grc' dir='ltr'>αὐτοῦ</span> <span class='ocrx_word' id='word_1_295' title='bbox 948 2873 1278 2944; x_wconf 82' lang='grc' dir='ltr'>ὴρήμωσαν.</span> <span class='ocrx_word' id='word_1_296' title='bbox 1320 2890 1339 2924; x_wconf 71' lang='grc' dir='ltr'><strong>ι</strong></span> <span class='ocrx_word' id='word_1_297' title='bbox 1375 2871 1490 2925; x_wconf 81' lang='grc' dir='ltr'>Οὐκ</span> <span class='ocrx_word' id='word_1_298' title='bbox 1515 2871 1714 2934; x_wconf 71' lang='grc' dir='ltr'>ἐῶντες</span> 
     </span>
    </p>
   </div>
   <div class='ocr_carea' id='block_1_46' title="bbox 139 2965 1713 3039">
    <p class='ocr_par' dir='ltr' id='par_1_46' title="bbox 139 2965 1713 3039">
     <span class='ocr_line' id='line_1_46' title="bbox 139 2965 1713 3039; baseline -0.002 -19"><span class='ocrx_word' id='word_1_299' title='bbox 139 2967 496 3039; x_wconf 73' lang='grc' dir='ltr'>ἐντρέφεσθαι</span> <span class='ocrx_word' id='word_1_300' title='bbox 546 2968 612 3037; x_wconf 82' lang='grc' dir='ltr'>τῇ</span> <span class='ocrx_word' id='word_1_301' title='bbox 669 2965 854 3018; x_wconf 85' lang='grc' dir='ltr'>πίστει</span> <span class='ocrx_word' id='word_1_302' title='bbox 912 2966 1006 3019; x_wconf 76' lang='grc' dir='ltr'><strong>καὶ</strong></span> <span class='ocrx_word' id='word_1_303' title='bbox 1049 2968 1170 3028; x_wconf 83' lang='grc' dir='ltr'>ταῖς</span> <span class='ocrx_word' id='word_1_304' title='bbox 1217 2965 1410 3027; x_wconf 83' lang='grc' dir='ltr'>καλαῖς</span> <span class='ocrx_word' id='word_1_305' title='bbox 1458 2965 1713 3018; x_wconf 68' lang='grc' dir='ltr'>διδασκαα</span> 
     </span>
    </p>
   </div>
   <div class='ocr_carea' id='block_1_47' title="bbox 139 3056 1714 3130">
    <p class='ocr_par' dir='ltr' id='par_1_47' title="bbox 139 3056 1714 3130">
     <span class='ocr_line' id='line_1_47' title="bbox 139 3056 1714 3130; baseline -0.001 -20"><span class='ocrx_word' id='word_1_306' title='bbox 139 3059 276 3122; x_wconf 85' lang='grc' dir='ltr'>λίαις</span> <span class='ocrx_word' id='word_1_307' title='bbox 296 3076 310 3090; x_wconf 89' lang='grc'><strong>·</strong></span> <span class='ocrx_word' id='word_1_308' title='bbox 346 3059 384 3130; x_wconf 81' lang='grc' dir='ltr'>ἢ</span> <span class='ocrx_word' id='word_1_309' title='bbox 415 3058 584 3130; x_wconf 80' lang='grc' dir='ltr'>ἄρδην</span> <span class='ocrx_word' id='word_1_310' title='bbox 614 3057 925 3121; x_wconf 87' lang='grc' dir='ltr'>ἀνελόντες,</span> <span class='ocrx_word' id='word_1_311' title='bbox 958 3057 992 3128; x_wconf 81' lang='grc' dir='ltr'>ἢ</span> <span class='ocrx_word' id='word_1_312' title='bbox 1019 3057 1430 3126; x_wconf 87' lang='grc' dir='ltr'>εἰδωλολατρεῖν</span> <span class='ocrx_word' id='word_1_313' title='bbox 1471 3056 1714 3122; x_wconf 72' lang='grc' dir='ltr'>ἀναγκά-</span> 
     </span>
    </p>
   </div>
   <div class='ocr_carea' id='block_1_48' title="bbox 143 3166 351 3213">
    <p class='ocr_par' dir='ltr' id='par_1_48' title="bbox 143 3166 351 3213">
     <span class='ocr_line' id='line_1_48' title="bbox 143 3166 351 3213; baseline 0.019 -11"><span class='ocrx_word' id='word_1_314' title='bbox 143 3166 351 3213; x_wconf 81' lang='grc' dir='ltr'>σαντες.</span> 
     </span>
    </p>
   </div>
   <div class='ocr_carea' id='block_1_49' title="bbox 729 3283 1133 3338">
    <p class='ocr_par' dir='ltr' id='par_1_49' title="bbox 729 3283 1133 3338">
     <span class='ocr_line' id='line_1_49' title="bbox 729 3283 1133 3338; baseline 0 0"><span class='ocrx_word' id='word_1_315' title='bbox 729 3284 986 3338; x_wconf 80' lang='grc' dir='ltr'><strong>ΚΕΦΑΛ.</strong></span> <span class='ocrx_word' id='word_1_316' title='bbox 1026 3283 1133 3338; x_wconf 83' lang='lat' dir='ltr'><strong>IA&#39;.</strong></span> 
     </span>
    </p>
   </div>
   <div class='ocr_carea' id='block_1_50' title="bbox 222 3417 1721 3492">
    <p class='ocr_par' dir='ltr' id='par_1_50' title="bbox 222 3417 1721 3492">
     <span class='ocr_line' id='line_1_50' title="bbox 222 3417 1721 3492; baseline -0.003 -17"><span class='ocrx_word' id='word_1_317' title='bbox 222 3441 242 3475; x_wconf 78' lang='grc' dir='ltr'><strong>ι</strong></span> <span class='ocrx_word' id='word_1_318' title='bbox 273 3422 416 3478; x_wconf 83' lang='grc' dir='ltr'><strong>Τάδε</strong></span> <span class='ocrx_word' id='word_1_319' title='bbox 442 3420 594 3490; x_wconf 81' lang='grc' dir='ltr'>λέγει</span> <span class='ocrx_word' id='word_1_320' title='bbox 620 3419 844 3492; x_wconf 83' lang='grc' dir='ltr'>Κύριος·</span> <span class='ocrx_word' id='word_1_321' title='bbox 885 3419 1324 3488; x_wconf 81' lang='grc' dir='ltr'>Ἐπικατάρατος</span> <span class='ocrx_word' id='word_1_322' title='bbox 1357 3421 1386 3473; x_wconf 85' lang='grc' dir='ltr'><strong>ὁ</strong></span> <span class='ocrx_word' id='word_1_323' title='bbox 1414 3417 1721 3489; x_wconf 76' lang='grc' dir='ltr'>ἄνθρωπος,</span> 
     </span>
    </p>
   </div>
   <div class='ocr_carea' id='block_1_51' title="bbox 145 3509 1724 3580">
    <p class='ocr_par' dir='ltr' id='par_1_51' title="bbox 145 3509 1724 3580">
     <span class='ocr_line' id='line_1_51' title="bbox 145 3509 1724 3580; baseline -0.004 -11"><span class='ocrx_word' id='word_1_324' title='bbox 145 3513 201 3578; x_wconf 81' lang='grc' dir='ltr'>ὃς</span> <span class='ocrx_word' id='word_1_325' title='bbox 223 3515 326 3569; x_wconf 82' lang='grc' dir='ltr'><strong>οὐκ</strong></span> <span class='ocrx_word' id='word_1_326' title='bbox 356 3512 654 3567; x_wconf 85' lang='grc' dir='ltr'>ἀκούσεται</span> <span class='ocrx_word' id='word_1_327' title='bbox 685 3511 796 3565; x_wconf 89' lang='grc' dir='ltr'><strong>τῶν</strong></span> <span class='ocrx_word' id='word_1_328' title='bbox 828 3511 1025 3580; x_wconf 88' lang='grc' dir='ltr'>λόγων.</span> <span class='ocrx_word' id='word_1_329' title='bbox 1059 3528 1079 3562; x_wconf 76' lang='grc' dir='ltr'><strong>ι</strong></span> <span class='ocrx_word' id='word_1_330' title='bbox 1128 3509 1184 3562; x_wconf 87' lang='lat'><strong>&#39;0</strong></span> <span class='ocrx_word' id='word_1_331' title='bbox 1218 3509 1352 3574; x_wconf 81' lang='grc' dir='ltr'>Θεὸς</span> <span class='ocrx_word' id='word_1_332' title='bbox 1395 3510 1724 3578; x_wconf 81' lang='grc' dir='ltr'>καταρᾶται,</span> 
     </span>
    </p>
   </div>
   <div class='ocr_carea' id='block_1_52' title="bbox 146 3602 1726 3673">
    <p class='ocr_par' dir='ltr' id='par_1_52' title="bbox 146 3602 1726 3673">
     <span class='ocr_line' id='line_1_52' title="bbox 146 3602 1726 3673; baseline -0.003 -13"><span class='ocrx_word' id='word_1_333' title='bbox 146 3607 260 3660; x_wconf 85' lang='grc' dir='ltr'>ἀλλ’</span> <span class='ocrx_word' id='word_1_334' title='bbox 293 3607 345 3660; x_wconf 84' lang='grc' dir='ltr'>οἱ</span> <span class='ocrx_word' id='word_1_335' title='bbox 388 3605 515 3666; x_wconf 75' lang='grc' dir='ltr'>τοὺς</span> <span class='ocrx_word' id='word_1_336' title='bbox 567 3602 746 3665; x_wconf 80' lang='grc' dir='ltr'>θείους</span> <span class='ocrx_word' id='word_1_337' title='bbox 796 3602 1228 3673; x_wconf 76' lang='grc' dir='ltr'>παραϐαίνοντες</span> <span class='ocrx_word' id='word_1_338' title='bbox 1262 3603 1462 3673; x_wconf 86' lang='grc' dir='ltr'>νόμους</span> <span class='ocrx_word' id='word_1_339' title='bbox 1513 3603 1726 3668; x_wconf 78' lang='grc' dir='ltr'>ἑαυτοῖς</span> 
     </span>
    </p>
   </div>
   <div class='ocr_carea' id='block_1_53' title="bbox 149 3693 795 3752">
    <p class='ocr_par' dir='ltr' id='par_1_53' title="bbox 149 3693 795 3752">
     <span class='ocr_line' id='line_1_53' title="bbox 149 3693 795 3752; baseline -0.008 0"><span class='ocrx_word' id='word_1_340' title='bbox 149 3698 496 3752; x_wconf 83' lang='grc' dir='ltr'>ἐπισπῶνται</span> <span class='ocrx_word' id='word_1_341' title='bbox 531 3693 598 3747; x_wconf 78' lang='grc' dir='ltr'><strong>τά</strong></span> <span class='ocrx_word' id='word_1_342' title='bbox 625 3693 795 3747; x_wconf 82' lang='grc' dir='ltr'>δεινά.</span> 
     </span>
    </p>
   </div>
   <div class='ocr_carea' id='block_1_54' title="bbox 225 3783 1724 3854">
    <p class='ocr_par' dir='ltr' id='par_1_54' title="bbox 225 3783 1724 3854">
     <span class='ocr_line' id='line_1_54' title="bbox 225 3783 1724 3854; baseline -0.004 -13"><span class='ocrx_word' id='word_1_343' title='bbox 225 3809 244 3841; x_wconf 84' lang='grc'><strong><em>‹</em></strong></span> <span class='ocrx_word' id='word_1_344' title='bbox 273 3787 382 3840; x_wconf 77' lang='grc' dir='ltr'>Τοῦ</span> <span class='ocrx_word' id='word_1_345' title='bbox 415 3785 598 3838; x_wconf 81' lang='grc' dir='ltr'>δοῦναι</span> <span class='ocrx_word' id='word_1_346' title='bbox 631 3783 816 3847; x_wconf 80' lang='grc' dir='ltr'>αὐτοῖς</span> <span class='ocrx_word' id='word_1_347' title='bbox 845 3783 946 3854; x_wconf 84' lang='grc' dir='ltr'><strong>γῆν</strong></span> <span class='ocrx_word' id='word_1_348' title='bbox 978 3783 1210 3853; x_wconf 76' lang='grc' dir='ltr'>ῥέουσαν</span> <span class='ocrx_word' id='word_1_349' title='bbox 1240 3783 1404 3850; x_wconf 90' lang='grc' dir='ltr'>γάλα,</span> <span class='ocrx_word' id='word_1_350' title='bbox 1423 3783 1518 3836; x_wconf 83' lang='grc' dir='ltr'>καὶ</span> <span class='ocrx_word' id='word_1_351' title='bbox 1548 3783 1724 3854; x_wconf 72' lang='grc' dir='ltr'>μέλι.»</span> 
     </span>
    </p>
   </div>
   <div class='ocr_carea' id='block_1_55' title="bbox 151 3875 1731 3954">
    <p class='ocr_par' dir='ltr' id='par_1_55' title="bbox 151 3875 1731 3954">
     <span class='ocr_line' id='line_1_55' title="bbox 151 3875 1731 3954; baseline -0.004 -20"><span class='ocrx_word' id='word_1_352' title='bbox 151 3882 295 3954; x_wconf 74' lang='grc' dir='ltr'>Πρὸς</span> <span class='ocrx_word' id='word_1_353' title='bbox 335 3879 438 3951; x_wconf 80' lang='grc' dir='ltr'><strong>μὲν</strong></span> <span class='ocrx_word' id='word_1_354' title='bbox 478 3876 746 3949; x_wconf 82' lang='grc' dir='ltr'>ἱστορίαν,</span> <span class='ocrx_word' id='word_1_355' title='bbox 789 3876 893 3948; x_wconf 80' lang='grc' dir='ltr'><strong>τὴν</strong></span> <span class='ocrx_word' id='word_1_356' title='bbox 925 3876 1291 3945; x_wconf 86' lang='grc' dir='ltr'>Παλαιστίνην</span> <span class='ocrx_word' id='word_1_357' title='bbox 1314 3891 1329 3906; x_wconf 79' lang='grc' dir='ltr'><strong>ο</strong></span> <span class='ocrx_word' id='word_1_358' title='bbox 1364 3875 1498 3947; x_wconf 79' lang='grc' dir='ltr'>πρὸς</span> <span class='ocrx_word' id='word_1_359' title='bbox 1525 3877 1580 3929; x_wconf 80' lang='grc' dir='ltr'><strong>δὲ</strong></span> <span class='ocrx_word' id='word_1_360' title='bbox 1617 3875 1731 3929; x_wconf 80' lang='grc' dir='ltr'>διά-</span> 
     </span>
    </p>
   </div>
   <div class='ocr_carea' id='block_1_56' title="bbox 153 3967 1734 4041">
    <p class='ocr_par' dir='ltr' id='par_1_56' title="bbox 153 3967 1734 4041">
     <span class='ocr_line' id='line_1_56' title="bbox 153 3967 1734 4041; baseline -0.006 -13"><span class='ocrx_word' id='word_1_361' title='bbox 153 3990 326 4036; x_wconf 82' lang='grc' dir='ltr'>νοιαν,</span> <span class='ocrx_word' id='word_1_362' title='bbox 353 3970 452 4041; x_wconf 79' lang='grc' dir='ltr'><strong>τὴν</strong></span> <span class='ocrx_word' id='word_1_363' title='bbox 469 3969 819 4038; x_wconf 85' lang='grc' dir='ltr'>Ἐκκλησίαν·</span> <span class='ocrx_word' id='word_1_364' title='bbox 838 3967 980 4037; x_wconf 80' lang='grc' dir='ltr'>γάλα</span> <span class='ocrx_word' id='word_1_365' title='bbox 1009 3968 1108 4037; x_wconf 87' lang='grc' dir='ltr'><strong>μέν</strong></span> <span class='ocrx_word' id='word_1_366' title='bbox 1135 3967 1461 4032; x_wconf 81' lang='grc' dir='ltr'>ποτίζουσαν</span> <span class='ocrx_word' id='word_1_367' title='bbox 1484 3967 1608 4030; x_wconf 80' lang='grc' dir='ltr'>τοὺς</span> <span class='ocrx_word' id='word_1_368' title='bbox 1631 3967 1734 4037; x_wconf 84' lang='grc' dir='ltr'>ἀρ-</span> 
     </span>
    </p>
   </div>
   <div class='ocr_carea' id='block_1_57' title="bbox 155 4053 1737 4134">
    <p class='ocr_par' dir='ltr' id='par_1_57' title="bbox 155 4053 1737 4134">
     <span class='ocr_line' id='line_1_57' title="bbox 155 4053 1737 4134; baseline -0.008 -17"><span class='ocrx_word' id='word_1_369' title='bbox 155 4063 454 4134; x_wconf 79' lang='grc' dir='ltr'>τιφύτους,</span> <span class='ocrx_word' id='word_1_370' title='bbox 505 4059 627 4130; x_wconf 90' lang='grc' dir='ltr'>μέλι</span> <span class='ocrx_word' id='word_1_371' title='bbox 668 4058 724 4111; x_wconf 82' lang='grc' dir='ltr'><strong>δὲ</strong></span> <span class='ocrx_word' id='word_1_372' title='bbox 767 4059 894 4120; x_wconf 81' lang='grc' dir='ltr'>τοὺς</span> <span class='ocrx_word' id='word_1_373' title='bbox 949 4056 1285 4126; x_wconf 84' lang='grc' dir='ltr'>δυναμένους</span> <span class='ocrx_word' id='word_1_374' title='bbox 1324 4053 1737 4123; x_wconf 78' lang='grc' dir='ltr'>ἀπογεύσασθαι</span> 
     </span>
    </p>
   </div>
   <div class='ocr_carea' id='block_1_58' title="bbox 155 4147 1042 4219">
    <p class='ocr_par' dir='ltr' id='par_1_58' title="bbox 155 4147 1042 4219">
     <span class='ocr_line' id='line_1_58' title="bbox 155 4147 1042 4219; baseline -0.01 -12"><span class='ocrx_word' id='word_1_375' title='bbox 155 4154 266 4207; x_wconf 83' lang='grc' dir='ltr'><strong>τῶν</strong></span> <span class='ocrx_word' id='word_1_376' title='bbox 293 4149 648 4219; x_wconf 85' lang='grc' dir='ltr'>τελειοτέρων</span> <span class='ocrx_word' id='word_1_377' title='bbox 679 4147 1042 4218; x_wconf 87' lang='grc' dir='ltr'>μαθημάτων.</span> 
     </span>
    </p>
   </div>
   <div class='ocr_carea' id='block_1_59' title="bbox 235 4231 1738 4313">
    <p class='ocr_par' dir='ltr' id='par_1_59' title="bbox 235 4231 1738 4313">
     <span class='ocr_line' id='line_1_59' title="bbox 235 4231 1738 4313; baseline -0.007 -15"><span class='ocrx_word' id='word_1_378' title='bbox 235 4264 254 4298; x_wconf 80' lang='grc' dir='ltr'><strong>ι</strong></span> <span class='ocrx_word' id='word_1_379' title='bbox 284 4243 484 4306; x_wconf 80' lang='grc' dir='ltr'>Καθὼς</span> <span class='ocrx_word' id='word_1_380' title='bbox 511 4245 543 4313; x_wconf 81' lang='grc' dir='ltr'>ἡ</span> <span class='ocrx_word' id='word_1_381' title='bbox 571 4240 755 4312; x_wconf 79' lang='grc' dir='ltr'>ἡμέρα</span> <span class='ocrx_word' id='word_1_382' title='bbox 777 4238 940 4310; x_wconf 73' lang='grc' dir='ltr'>αὕτη.</span> <span class='ocrx_word' id='word_1_383' title='bbox 976 4238 1087 4292; x_wconf 84' lang='grc' dir='ltr'><strong>Καὶ</strong></span> <span class='ocrx_word' id='word_1_384' title='bbox 1120 4236 1448 4308; x_wconf 80' lang='grc' dir='ltr'>ἀπεκρίθην,</span> <span class='ocrx_word' id='word_1_385' title='bbox 1466 4236 1562 4290; x_wconf 75' lang='grc' dir='ltr'><strong>καὶ</strong></span> <span class='ocrx_word' id='word_1_386' title='bbox 1589 4231 1738 4299; x_wconf 84' lang='grc' dir='ltr'>εἶπα,</span> 
     </span>
    </p>
   </div>
   <div class='ocr_carea' id='block_1_60' title="bbox 161 4327 1741 4404">
    <p class='ocr_par' dir='ltr' id='par_1_60' title="bbox 161 4327 1741 4404">
     <span class='ocr_line' id='line_1_60' title="bbox 161 4327 1741 4404; baseline -0.008 -13"><span class='ocrx_word' id='word_1_387' title='bbox 161 4337 402 4400; x_wconf 86' lang='grc' dir='ltr'>Γένοιτο,</span> <span class='ocrx_word' id='word_1_388' title='bbox 444 4334 642 4404; x_wconf 82' lang='grc' dir='ltr'>Κύριε.</span> <span class='ocrx_word' id='word_1_389' title='bbox 677 4351 699 4388; x_wconf 75' lang='grc' dir='ltr'><strong>ι</strong></span> <span class='ocrx_word' id='word_1_390' title='bbox 736 4331 848 4402; x_wconf 79' lang='grc' dir='ltr'><strong>Τὴν</strong></span> <span class='ocrx_word' id='word_1_391' title='bbox 878 4331 1163 4400; x_wconf 88' lang='grc' dir='ltr'>θεοφάνιον</span> <span class='ocrx_word' id='word_1_392' title='bbox 1192 4329 1404 4400; x_wconf 81' lang='grc' dir='ltr'>ἡμέραν</span> <span class='ocrx_word' id='word_1_393' title='bbox 1436 4327 1532 4381; x_wconf 83' lang='grc' dir='ltr'><strong>τοῦ</strong></span> <span class='ocrx_word' id='word_1_394' title='bbox 1563 4327 1741 4396; x_wconf 84' lang='grc' dir='ltr'>Σωτῆ-</span> 
     </span>
    </p>
   </div>
   <div class='ocr_carea' id='block_1_61' title="bbox 1807 1875 3386 1948">
    <p class='ocr_par' dir='ltr' id='par_1_61' title="bbox 1807 1875 3386 1948">
     <span class='ocr_line' id='line_1_61' title="bbox 1807 1875 3386 1948; baseline 0.007 -21"><span class='ocrx_word' id='word_1_395' title='bbox 1807 1876 1898 1938; x_wconf 85' lang='lat' dir='ltr'><strong>tia,</strong></span> <span class='ocrx_word' id='word_1_396' title='bbox 1929 1875 2189 1930; x_wconf 89' lang='lat' dir='ltr'><strong>confusus</strong></span> <span class='ocrx_word' id='word_1_397' title='bbox 2217 1884 2319 1938; x_wconf 87' lang='lat' dir='ltr'><strong>est,</strong></span> <span class='ocrx_word' id='word_1_398' title='bbox 2347 1885 2476 1942; x_wconf 90' lang='lat' dir='ltr'><strong>ctc.,</strong></span> <span class='ocrx_word' id='word_1_399' title='bbox 2513 1878 2638 1947; x_wconf 90' lang='lat' dir='ltr'><strong>quia</strong></span> <span class='ocrx_word' id='word_1_400' title='bbox 2659 1877 2791 1933; x_wconf 88' lang='lat' dir='ltr'><strong>falsa</strong></span> <span class='ocrx_word' id='word_1_401' title='bbox 2821 1879 3093 1935; x_wconf 80' lang='lat' dir='ltr'><strong>conflavit.</strong></span> <span class='ocrx_word' id='word_1_402' title='bbox 3136 1901 3153 1932; x_wconf 75' lang='grc' dir='ltr'><strong>ι</strong></span> <span class='ocrx_word' id='word_1_403' title='bbox 3187 1881 3289 1948; x_wconf 87' lang='lat' dir='ltr'><strong>Qui</strong></span> <span class='ocrx_word' id='word_1_404' title='bbox 3317 1883 3386 1937; x_wconf 89' lang='lat' dir='ltr'><strong>ab</strong></span> 
     </span>
    </p>
   </div>
   <div class='ocr_carea' id='block_1_62' title="bbox 1811 1963 3255 2037">
    <p class='ocr_par' dir='ltr' id='par_1_62' title="bbox 1811 1963 3255 2037">
     <span class='ocr_line' id='line_1_62' title="bbox 1811 1963 3255 2037; baseline 0.005 -19"><span class='ocrx_word' id='word_1_405' title='bbox 1811 1963 1976 2033; x_wconf 84' lang='lat' dir='ltr'><strong>hujus</strong></span> <span class='ocrx_word' id='word_1_406' title='bbox 2012 1965 2299 2035; x_wconf 67' lang='lat' dir='ltr'><strong>theologia:</strong></span> <span class='ocrx_word' id='word_1_407' title='bbox 2337 1966 2651 2037; x_wconf 83' lang='lat' dir='ltr'><strong>cognitione</strong></span> <span class='ocrx_word' id='word_1_408' title='bbox 2679 1968 2917 2034; x_wconf 83' lang='lat' dir='ltr'><strong>aberrat,</strong></span> <span class='ocrx_word' id='word_1_409' title='bbox 2950 1968 3130 2024; x_wconf 91' lang='lat' dir='ltr'><strong>fatuus</strong></span> <span class='ocrx_word' id='word_1_410' title='bbox 3151 1979 3255 2025; x_wconf 90' lang='lat' dir='ltr'><strong>est.</strong></span> 
     </span>
    </p>
   </div>
   <div class='ocr_carea' id='block_1_63' title="bbox 1876 2054 3385 2129">
    <p class='ocr_par' dir='ltr' id='par_1_63' title="bbox 1876 2054 3385 2129">
     <span class='ocr_line' id='line_1_63' title="bbox 1876 2054 3385 2129; baseline 0.007 -22"><span class='ocrx_word' id='word_1_411' title='bbox 1876 2054 1943 2108; x_wconf 74' lang='grc' dir='ltr'><strong>ν.</strong></span> <span class='ocrx_word' id='word_1_412' title='bbox 1976 2055 2094 2110; x_wconf 80' lang='grc'>15.‹</span> <span class='ocrx_word' id='word_1_413' title='bbox 2121 2055 2266 2110; x_wconf 80' lang='lat' dir='ltr'><strong>Vana</strong></span> <span class='ocrx_word' id='word_1_414' title='bbox 2294 2065 2420 2112; x_wconf 87' lang='lat' dir='ltr'><strong>sunt</strong></span> <span class='ocrx_word' id='word_1_415' title='bbox 2437 2073 2624 2127; x_wconf 83' lang='lat' dir='ltr'><strong>opera,</strong></span> <span class='ocrx_word' id='word_1_416' title='bbox 2649 2068 2756 2113; x_wconf 87' lang='lat' dir='ltr'><strong>etc.</strong></span> <span class='ocrx_word' id='word_1_417' title='bbox 2796 2077 2808 2111; x_wconf 91' lang='lat'><strong>:</strong></span> <span class='ocrx_word' id='word_1_418' title='bbox 2834 2060 2889 2113; x_wconf 92' lang='lat' dir='ltr'><strong>in</strong></span> <span class='ocrx_word' id='word_1_419' title='bbox 2919 2067 3168 2129; x_wconf 86' lang='lat' dir='ltr'><strong>tempore</strong></span> <span class='ocrx_word' id='word_1_420' title='bbox 3193 2062 3385 2117; x_wconf 84' lang='lat' dir='ltr'><strong>visita-</strong></span> 
     </span>
    </p>
   </div>
   <div class='ocr_carea' id='block_1_64' title="bbox 1809 2147 3383 2218">
    <p class='ocr_par' dir='ltr' id='par_1_64' title="bbox 1809 2147 3383 2218">
     <span class='ocr_line' id='line_1_64' title="bbox 1809 2147 3383 2218; baseline 0.006 -19"><span class='ocrx_word' id='word_1_421' title='bbox 1809 2147 1974 2201; x_wconf 90' lang='lat' dir='ltr'><strong>tionis</strong></span> <span class='ocrx_word' id='word_1_422' title='bbox 2005 2163 2116 2202; x_wconf 65' lang='lat' dir='ltr'><strong>suae</strong></span> <span class='ocrx_word' id='word_1_423' title='bbox 2143 2149 2417 2218; x_wconf 89' lang='lat' dir='ltr'><strong>peribunt.</strong></span> <span class='ocrx_word' id='word_1_424' title='bbox 2448 2169 2467 2201; x_wconf 74' lang='grc' dir='ltr'><strong>ι</strong></span> <span class='ocrx_word' id='word_1_425' title='bbox 2499 2149 2634 2204; x_wconf 90' lang='lat' dir='ltr'><strong>Cum</strong></span> <span class='ocrx_word' id='word_1_426' title='bbox 2669 2152 2812 2205; x_wconf 88' lang='lat' dir='ltr'><strong>Deus</strong></span> <span class='ocrx_word' id='word_1_427' title='bbox 2831 2159 3032 2206; x_wconf 89' lang='lat' dir='ltr'><strong>terram</strong></span> <span class='ocrx_word' id='word_1_428' title='bbox 3061 2153 3383 2218; x_wconf 81' lang='lat' dir='ltr'><strong>visitaverit,</strong></span> 
     </span>
    </p>
   </div>
   <div class='ocr_carea' id='block_1_65' title="bbox 1810 2238 3087 2295">
    <p class='ocr_par' dir='ltr' id='par_1_65' title="bbox 1810 2238 3087 2295">
     <span class='ocr_line' id='line_1_65' title="bbox 1810 2238 3087 2295; baseline 0.004 -4"><span class='ocrx_word' id='word_1_429' title='bbox 1810 2238 1864 2291; x_wconf 91' lang='lat' dir='ltr'><strong>in</strong></span> <span class='ocrx_word' id='word_1_430' title='bbox 1899 2241 2141 2293; x_wconf 88' lang='lat' dir='ltr'><strong>adventu</strong></span> <span class='ocrx_word' id='word_1_431' title='bbox 2170 2240 2425 2295; x_wconf 78' lang='lat' dir='ltr'><strong>videlicet</strong></span> <span class='ocrx_word' id='word_1_432' title='bbox 2441 2239 2668 2295; x_wconf 86' lang='lat' dir='ltr'><strong>Christi.</strong></span> <span class='ocrx_word' id='word_1_433' title='bbox 3068 2243 3087 2275; x_wconf 87' lang='lat'>‘</span> 
     </span>
    </p>
   </div>
   <div class='ocr_carea' id='block_1_66' title="bbox 1883 2327 3384 2403">
    <p class='ocr_par' dir='ltr' id='par_1_66' title="bbox 1883 2327 3384 2403">
     <span class='ocr_line' id='line_1_66' title="bbox 1883 2327 3384 2403; baseline 0.005 -20"><span class='ocrx_word' id='word_1_434' title='bbox 1883 2327 1948 2383; x_wconf 84' lang='lat' dir='ltr'><strong>V.</strong></span> <span class='ocrx_word' id='word_1_435' title='bbox 1977 2331 2061 2385; x_wconf 87' lang='grc'>17.</span> <span class='ocrx_word' id='word_1_436' title='bbox 2097 2348 2118 2382; x_wconf 77' lang='grc' dir='ltr'><strong>ι</strong></span> <span class='ocrx_word' id='word_1_437' title='bbox 2157 2332 2522 2403; x_wconf 84' lang='lat' dir='ltr'><strong>Congregavit</strong></span> <span class='ocrx_word' id='word_1_438' title='bbox 2549 2333 2617 2386; x_wconf 91' lang='lat' dir='ltr'><strong>de</strong></span> <span class='ocrx_word' id='word_1_439' title='bbox 2648 2333 2780 2388; x_wconf 89' lang='lat' dir='ltr'><strong>foris</strong></span> <span class='ocrx_word' id='word_1_440' title='bbox 2803 2334 3165 2390; x_wconf 86' lang='lat' dir='ltr'><strong>substantiam</strong></span> <span class='ocrx_word' id='word_1_441' title='bbox 3227 2350 3384 2390; x_wconf 86' lang='lat' dir='ltr'><strong>suam</strong></span> 
     </span>
    </p>
   </div>
   <div class='ocr_carea' id='block_1_67' title="bbox 1810 2419 3390 2494">
    <p class='ocr_par' dir='ltr' id='par_1_67' title="bbox 1810 2419 3390 2494">
     <span class='ocr_line' id='line_1_67' title="bbox 1810 2419 3390 2494; baseline 0.006 -21"><span class='ocrx_word' id='word_1_442' title='bbox 1810 2434 1932 2489; x_wconf 62' lang='lat' dir='ltr'><strong>qua</strong></span> <span class='ocrx_word' id='word_1_443' title='bbox 1950 2419 2177 2475; x_wconf 86' lang='lat' dir='ltr'><strong>habitat.</strong></span> <span class='ocrx_word' id='word_1_444' title='bbox 2209 2440 2229 2472; x_wconf 71' lang='grc' dir='ltr'><strong>ι</strong></span> <span class='ocrx_word' id='word_1_445' title='bbox 2280 2421 2324 2474; x_wconf 95' lang='lat'>0</span> <span class='ocrx_word' id='word_1_446' title='bbox 2376 2422 2469 2477; x_wconf 87' lang='lat' dir='ltr'><strong>Dei</strong></span> <span class='ocrx_word' id='word_1_447' title='bbox 2502 2422 2775 2486; x_wconf 89' lang='lat' dir='ltr'><strong>notitiam,</strong></span> <span class='ocrx_word' id='word_1_448' title='bbox 2827 2438 2949 2494; x_wconf 79' lang='lat' dir='ltr'><strong>quae</strong></span> <span class='ocrx_word' id='word_1_449' title='bbox 2993 2427 3049 2479; x_wconf 90' lang='lat' dir='ltr'><strong>in</strong></span> <span class='ocrx_word' id='word_1_450' title='bbox 3081 2425 3272 2481; x_wconf 88' lang='lat' dir='ltr'><strong>electis</strong></span> <span class='ocrx_word' id='word_1_451' title='bbox 3289 2427 3390 2483; x_wconf 83' lang='lat' dir='ltr'><strong>ha-</strong></span> 
     </span>
    </p>
   </div>
   <div class='ocr_carea' id='block_1_68' title="bbox 1810 2511 3392 2585">
    <p class='ocr_par' dir='ltr' id='par_1_68' title="bbox 1810 2511 3392 2585">
     <span class='ocr_line' id='line_1_68' title="bbox 1810 2511 3392 2585; baseline 0.006 -19"><span class='ocrx_word' id='word_1_452' title='bbox 1810 2511 1966 2577; x_wconf 85' lang='lat' dir='ltr'><strong>bitat,</strong></span> <span class='ocrx_word' id='word_1_453' title='bbox 1989 2527 2057 2566; x_wconf 77' lang='lat' dir='ltr'><strong>ex</strong></span> <span class='ocrx_word' id='word_1_454' title='bbox 2087 2512 2251 2567; x_wconf 85' lang='lat' dir='ltr'><strong>rebus</strong></span> <span class='ocrx_word' id='word_1_455' title='bbox 2289 2513 2712 2568; x_wconf 86' lang='lat' dir='ltr'><strong>admirabilibus</strong></span> <span class='ocrx_word' id='word_1_456' title='bbox 2765 2516 3138 2585; x_wconf 90' lang='lat' dir='ltr'><strong>creaturisque</strong></span> <span class='ocrx_word' id='word_1_457' title='bbox 3164 2527 3216 2572; x_wconf 92' lang='lat' dir='ltr'><strong>te</strong></span> <span class='ocrx_word' id='word_1_458' title='bbox 3270 2533 3392 2575; x_wconf 86' lang='lat' dir='ltr'><strong>esse</strong></span> 
     </span>
    </p>
   </div>
   <div class='ocr_carea' id='block_1_69' title="bbox 1813 2603 3392 2675">
    <p class='ocr_par' dir='ltr' id='par_1_69' title="bbox 1813 2603 3392 2675">
     <span class='ocr_line' id='line_1_69' title="bbox 1813 2603 3392 2675; baseline 0.004 -17"><span class='ocrx_word' id='word_1_459' title='bbox 1813 2605 2167 2674; x_wconf 88' lang='lat' dir='ltr'><strong>percipimus.</strong></span> <span class='ocrx_word' id='word_1_460' title='bbox 2215 2603 2454 2660; x_wconf 81' lang='lat' dir='ltr'><strong>Ecclesia</strong></span> <span class='ocrx_word' id='word_1_461' title='bbox 2525 2620 2744 2675; x_wconf 91' lang='lat' dir='ltr'><strong>quoque</strong></span> <span class='ocrx_word' id='word_1_462' title='bbox 2797 2606 3024 2675; x_wconf 81' lang='lat' dir='ltr'><strong>deforis,</strong></span> <span class='ocrx_word' id='word_1_463' title='bbox 3057 2608 3161 2664; x_wconf 88' lang='lat' dir='ltr'><strong>hoc</strong></span> <span class='ocrx_word' id='word_1_464' title='bbox 3189 2617 3272 2664; x_wconf 90' lang='lat' dir='ltr'><strong>est</strong></span> <span class='ocrx_word' id='word_1_465' title='bbox 3323 2625 3392 2665; x_wconf 81' lang='lat' dir='ltr'><strong>ex</strong></span> 
     </span>
    </p>
   </div>
   <div class='ocr_carea' id='block_1_70' title="bbox 1813 2695 2560 2766">
    <p class='ocr_par' dir='ltr' id='par_1_70' title="bbox 1813 2695 2560 2766">
     <span class='ocr_line' id='line_1_70' title="bbox 1813 2695 2560 2766; baseline -0.004 -19"><span class='ocrx_word' id='word_1_466' title='bbox 1813 2695 2081 2764; x_wconf 77' lang='lat' dir='ltr'><strong>gentibus,</strong></span> <span class='ocrx_word' id='word_1_467' title='bbox 2109 2701 2430 2766; x_wconf 85' lang='lat' dir='ltr'><strong>congregata</strong></span> <span class='ocrx_word' id='word_1_468' title='bbox 2460 2702 2560 2749; x_wconf 89' lang='lat' dir='ltr'><strong>est.</strong></span> 
     </span>
    </p>
   </div>
   <div class='ocr_carea' id='block_1_71' title="bbox 1891 2863 3396 2942">
    <p class='ocr_par' dir='ltr' id='par_1_71' title="bbox 1891 2863 3396 2942">
     <span class='ocr_line' id='line_1_71' title="bbox 1891 2863 3396 2942; baseline 0.007 -26"><span class='ocrx_word' id='word_1_469' title='bbox 1891 2863 2065 2920; x_wconf 71' lang='lat' dir='ltr'><strong>v.25.</strong></span> <span class='ocrx_word' id='word_1_470' title='bbox 2105 2885 2122 2917; x_wconf 76' lang='grc' dir='ltr'>ε</span> <span class='ocrx_word' id='word_1_471' title='bbox 2148 2865 2214 2920; x_wconf 88' lang='lat' dir='ltr'><strong>Et</strong></span> <span class='ocrx_word' id='word_1_472' title='bbox 2235 2881 2498 2936; x_wconf 88' lang='lat' dir='ltr'><strong>pascuum</strong></span> <span class='ocrx_word' id='word_1_473' title='bbox 2529 2867 2650 2937; x_wconf 86' lang='lat' dir='ltr'><strong>ejus</strong></span> <span class='ocrx_word' id='word_1_474' title='bbox 2685 2867 2752 2922; x_wconf 83' lang='lat' dir='ltr'><strong>ad</strong></span> <span class='ocrx_word' id='word_1_475' title='bbox 2790 2867 3138 2924; x_wconf 85' lang='lat' dir='ltr'><strong>solitudinem</strong></span> <span class='ocrx_word' id='word_1_476' title='bbox 3170 2871 3396 2942; x_wconf 88' lang='lat' dir='ltr'><strong>redege-</strong></span> 
     </span>
    </p>
   </div>
   <div class='ocr_carea' id='block_1_72' title="bbox 1818 2953 3396 3027">
    <p class='ocr_par' dir='ltr' id='par_1_72' title="bbox 1818 2953 3396 3027">
     <span class='ocr_line' id='line_1_72' title="bbox 1818 2953 3396 3027; baseline 0.008 -21"><span class='ocrx_word' id='word_1_477' title='bbox 1818 2962 1962 3007; x_wconf 89' lang='lat' dir='ltr'><strong>runt.</strong></span> <span class='ocrx_word' id='word_1_478' title='bbox 2003 2974 2022 3006; x_wconf 73' lang='grc' dir='ltr'><strong>ι</strong></span> <span class='ocrx_word' id='word_1_479' title='bbox 2055 2953 2210 3020; x_wconf 86' lang='lat' dir='ltr'><strong>Quod</strong></span> <span class='ocrx_word' id='word_1_480' title='bbox 2239 2958 2298 3009; x_wconf 89' lang='lat' dir='ltr'><strong>in</strong></span> <span class='ocrx_word' id='word_1_481' title='bbox 2328 2955 2432 3010; x_wconf 87' lang='lat' dir='ltr'><strong>fide</strong></span> <span class='ocrx_word' id='word_1_482' title='bbox 2487 2956 2816 3027; x_wconf 78' lang='lat' dir='ltr'><strong>optimisque</strong></span> <span class='ocrx_word' id='word_1_483' title='bbox 2871 2957 3136 3014; x_wconf 87' lang='lat' dir='ltr'><strong>doctrinis</strong></span> <span class='ocrx_word' id='word_1_484' title='bbox 3163 2963 3396 3020; x_wconf 86' lang='lat' dir='ltr'><strong>enutriri</strong></span> 
     </span>
    </p>
   </div>
   <div class='ocr_carea' id='block_1_73' title="bbox 1819 3045 3398 3119">
    <p class='ocr_par' dir='ltr' id='par_1_73' title="bbox 1819 3045 3398 3119">
     <span class='ocr_line' id='line_1_73' title="bbox 1819 3045 3398 3119; baseline 0.004 -21"><span class='ocrx_word' id='word_1_485' title='bbox 1819 3061 1928 3098; x_wconf 86' lang='lat' dir='ltr'><strong>non</strong></span> <span class='ocrx_word' id='word_1_486' title='bbox 1961 3045 2140 3102; x_wconf 87' lang='lat' dir='ltr'><strong>sinant</strong></span> <span class='ocrx_word' id='word_1_487' title='bbox 2179 3046 2300 3100; x_wconf 85' lang='lat' dir='ltr'><strong>:vel</strong></span> <span class='ocrx_word' id='word_1_488' title='bbox 2323 3047 2390 3100; x_wconf 88' lang='lat' dir='ltr'><strong>ad</strong></span> <span class='ocrx_word' id='word_1_489' title='bbox 2441 3046 2871 3102; x_wconf 83' lang='lat' dir='ltr'><strong>internecionem</strong></span> <span class='ocrx_word' id='word_1_490' title='bbox 2911 3049 3267 3119; x_wconf 84' lang='lat' dir='ltr'><strong>&#39;perimentes,</strong></span> <span class='ocrx_word' id='word_1_491' title='bbox 3312 3051 3398 3108; x_wconf 85' lang='lat' dir='ltr'><strong>vel</strong></span> 
     </span>
    </p>
   </div>
   <div class='ocr_carea' id='block_1_74' title="bbox 1748 3127 2872 3211">
    <p class='ocr_par' dir='ltr' id='par_1_74' title="bbox 1748 3127 2872 3211">
     <span class='ocr_line' id='line_1_74' title="bbox 1748 3127 2872 3211; baseline 0.002 -19"><span class='ocrx_word' id='word_1_492' title='bbox 1748 3127 1789 3183; x_wconf 70' lang='grc' dir='ltr'><strong>(ἶ</strong></span> <span class='ocrx_word' id='word_1_493' title='bbox 1826 3139 1890 3194; x_wconf 82' lang='lat' dir='ltr'><strong>ad</strong></span> <span class='ocrx_word' id='word_1_494' title='bbox 1925 3140 2191 3194; x_wconf 91' lang='lat' dir='ltr'><strong>idolorum</strong></span> <span class='ocrx_word' id='word_1_495' title='bbox 2225 3140 2428 3193; x_wconf 82' lang='lat' dir='ltr'><strong>cultum</strong></span> <span class='ocrx_word' id='word_1_496' title='bbox 2460 3141 2872 3211; x_wconf 87' lang='lat' dir='ltr'><strong>compellentes.</strong></span> 
     </span>
    </p>
   </div>
   <div class='ocr_carea' id='block_1_75' title="bbox 2457 3268 2752 3324">
    <p class='ocr_par' dir='ltr' id='par_1_75' title="bbox 2457 3268 2752 3324">
     <span class='ocr_line' id='line_1_75' title="bbox 2457 3268 2752 3324; baseline -0.007 0"><span class='ocrx_word' id='word_1_497' title='bbox 2457 3268 2614 3324; x_wconf 87' lang='lat' dir='ltr'><strong>CAP.</strong></span> <span class='ocrx_word' id='word_1_498' title='bbox 2660 3270 2752 3324; x_wconf 85' lang='lat' dir='ltr'><strong>Xl.</strong></span> 
     </span>
    </p>
   </div>
   <div class='ocr_carea' id='block_1_76' title="bbox 1897 3399 3402 3475">
    <p class='ocr_par' dir='ltr' id='par_1_76' title="bbox 1897 3399 3402 3475">
     <span class='ocr_line' id='line_1_76' title="bbox 1897 3399 3402 3475; baseline 0.005 -22"><span class='ocrx_word' id='word_1_499' title='bbox 1897 3400 1960 3453; x_wconf 75' lang='grc' dir='ltr'><strong>ν.</strong></span> <span class='ocrx_word' id='word_1_500' title='bbox 2002 3401 2054 3454; x_wconf 75' lang='lat'><strong>5.</strong></span> <span class='ocrx_word' id='word_1_501' title='bbox 2088 3418 2106 3449; x_wconf 77' lang='grc' dir='ltr'><strong>ι</strong></span> <span class='ocrx_word' id='word_1_502' title='bbox 2135 3399 2260 3454; x_wconf 69' lang='grc' dir='ltr'>Πίος</span> <span class='ocrx_word' id='word_1_503' title='bbox 2281 3400 2412 3454; x_wconf 90' lang='lat' dir='ltr'><strong>dicit</strong></span> <span class='ocrx_word' id='word_1_504' title='bbox 2449 3399 2708 3455; x_wconf 87' lang='lat' dir='ltr'><strong>Dominus</strong></span> <span class='ocrx_word' id='word_1_505' title='bbox 2734 3418 2749 3454; x_wconf 91' lang='lat'><strong>:</strong></span> <span class='ocrx_word' id='word_1_506' title='bbox 2774 3399 3090 3458; x_wconf 87' lang='lat' dir='ltr'><strong>Maledictus</strong></span> <span class='ocrx_word' id='word_1_507' title='bbox 3117 3405 3278 3458; x_wconf 89' lang='lat' dir='ltr'><strong>homo</strong></span> <span class='ocrx_word' id='word_1_508' title='bbox 3307 3406 3402 3475; x_wconf 89' lang='lat' dir='ltr'><strong>qui</strong></span> 
     </span>
    </p>
   </div>
   <div class='ocr_carea' id='block_1_77' title="bbox 1828 3491 3402 3567">
    <p class='ocr_par' dir='ltr' id='par_1_77' title="bbox 1828 3491 3402 3567">
     <span class='ocr_line' id='line_1_77' title="bbox 1828 3491 3402 3567; baseline 0.005 -23"><span class='ocrx_word' id='word_1_509' title='bbox 1828 3506 1936 3546; x_wconf 89' lang='lat' dir='ltr'><strong>non</strong></span> <span class='ocrx_word' id='word_1_510' title='bbox 1985 3491 2168 3545; x_wconf 87' lang='lat' dir='ltr'><strong>audiet</strong></span> <span class='ocrx_word' id='word_1_511' title='bbox 2225 3491 2414 3555; x_wconf 89' lang='lat' dir='ltr'><strong>verba,</strong></span> <span class='ocrx_word' id='word_1_512' title='bbox 2441 3500 2548 3546; x_wconf 92' lang='lat' dir='ltr'><strong>etc.</strong></span> <span class='ocrx_word' id='word_1_513' title='bbox 2587 3510 2606 3544; x_wconf 76' lang='grc' dir='ltr'><strong>ι</strong></span> <span class='ocrx_word' id='word_1_514' title='bbox 2657 3493 2801 3548; x_wconf 85' lang='lat' dir='ltr'><strong>Deus</strong></span> <span class='ocrx_word' id='word_1_515' title='bbox 2847 3494 3140 3561; x_wconf 88' lang='lat' dir='ltr'><strong>maledicit,</strong></span> <span class='ocrx_word' id='word_1_516' title='bbox 3179 3497 3271 3551; x_wconf 91' lang='lat' dir='ltr'><strong>sed</strong></span> <span class='ocrx_word' id='word_1_517' title='bbox 3309 3499 3402 3567; x_wconf 91' lang='lat' dir='ltr'><strong>qui</strong></span> 
     </span>
    </p>
   </div>
   <div class='ocr_carea' id='block_1_78' title="bbox 1829 3582 3405 3656">
    <p class='ocr_par' dir='ltr' id='par_1_78' title="bbox 1829 3582 3405 3656">
     <span class='ocr_line' id='line_1_78' title="bbox 1829 3582 3405 3656; baseline 0.004 -21"><span class='ocrx_word' id='word_1_518' title='bbox 1829 3582 2042 3637; x_wconf 88' lang='lat' dir='ltr'><strong>divinas</strong></span> <span class='ocrx_word' id='word_1_519' title='bbox 2098 3582 2620 3654; x_wconf 84' lang='lat' dir='ltr'><strong>praetergrediuntur</strong></span> <span class='ocrx_word' id='word_1_520' title='bbox 2691 3583 2856 3654; x_wconf 87' lang='lat' dir='ltr'><strong>leges,</strong></span> <span class='ocrx_word' id='word_1_521' title='bbox 2907 3584 3010 3640; x_wconf 84' lang='lat' dir='ltr'><strong>sibi</strong></span> <span class='ocrx_word' id='word_1_522' title='bbox 3069 3586 3202 3656; x_wconf 83' lang='lat' dir='ltr'><strong>ipsis</strong></span> <span class='ocrx_word' id='word_1_523' title='bbox 3255 3587 3405 3642; x_wconf 85' lang='lat' dir='ltr'><strong>diras</strong></span> 
     </span>
    </p>
   </div>
   <div class='ocr_carea' id='block_1_79' title="bbox 1829 3676 2128 3730">
    <p class='ocr_par' dir='ltr' id='par_1_79' title="bbox 1829 3676 2128 3730">
     <span class='ocr_line' id='line_1_79' title="bbox 1829 3676 2128 3730; baseline 0.003 -1"><span class='ocrx_word' id='word_1_524' title='bbox 1829 3676 2128 3730; x_wconf 87' lang='lat' dir='ltr'><strong>attrahunt.</strong></span> 
     </span>
    </p>
   </div>
   <div class='ocr_carea' id='block_1_80' title="bbox 1903 3767 3405 3830">
    <p class='ocr_par' dir='ltr' id='par_1_80' title="bbox 1903 3767 3405 3830">
     <span class='ocr_line' id='line_1_80' title="bbox 1903 3767 3405 3830; baseline 0.001 -8"><span class='ocrx_word' id='word_1_525' title='bbox 1903 3767 1968 3822; x_wconf 87' lang='lat' dir='ltr'><strong>V.</strong></span> <span class='ocrx_word' id='word_1_526' title='bbox 1993 3769 2046 3824; x_wconf 84' lang='lat'><strong>5.</strong></span> <span class='ocrx_word' id='word_1_527' title='bbox 2087 3788 2106 3820; x_wconf 86' lang='grc'><strong><em>‹</em></strong></span> <span class='ocrx_word' id='word_1_528' title='bbox 2145 3767 2406 3823; x_wconf 89' lang='lat' dir='ltr'><strong>Daturum</strong></span> <span class='ocrx_word' id='word_1_529' title='bbox 2432 3783 2520 3824; x_wconf 88' lang='lat' dir='ltr'><strong>me</strong></span> <span class='ocrx_word' id='word_1_530' title='bbox 2550 3770 2630 3824; x_wconf 91' lang='lat' dir='ltr'><strong>eis</strong></span> <span class='ocrx_word' id='word_1_531' title='bbox 2665 3777 2866 3830; x_wconf 89' lang='lat' dir='ltr'><strong>terram</strong></span> <span class='ocrx_word' id='word_1_532' title='bbox 2896 3769 3157 3825; x_wconf 82' lang='lat' dir='ltr'><strong>ﬂuentem</strong></span> <span class='ocrx_word' id='word_1_533' title='bbox 3185 3771 3326 3826; x_wconf 88' lang='lat' dir='ltr'><strong>lacte</strong></span> <span class='ocrx_word' id='word_1_534' title='bbox 3348 3779 3405 3826; x_wconf 90' lang='lat' dir='ltr'><strong>et</strong></span> 
     </span>
    </p>
   </div>
   <div class='ocr_carea' id='block_1_81' title="bbox 1834 3852 3412 3929">
    <p class='ocr_par' dir='ltr' id='par_1_81' title="bbox 1834 3852 3412 3929">
     <span class='ocr_line' id='line_1_81' title="bbox 1834 3852 3412 3929; baseline -0.001 -16"><span class='ocrx_word' id='word_1_535' title='bbox 1834 3859 2015 3914; x_wconf 88' lang='lat' dir='ltr'><strong>melle.</strong></span> <span class='ocrx_word' id='word_1_536' title='bbox 2049 3878 2068 3910; x_wconf 68' lang='grc' dir='ltr'><strong>ι</strong></span> <span class='ocrx_word' id='word_1_537' title='bbox 2106 3857 2163 3913; x_wconf 86' lang='lat' dir='ltr'><strong>Si</strong></span> <span class='ocrx_word' id='word_1_538' title='bbox 2192 3858 2473 3912; x_wconf 88' lang='lat' dir='ltr'><strong>historiam</strong></span> <span class='ocrx_word' id='word_1_539' title='bbox 2527 3866 2760 3929; x_wconf 88' lang='lat' dir='ltr'><strong>spectes,</strong></span> <span class='ocrx_word' id='word_1_540' title='bbox 2785 3852 3156 3924; x_wconf 65' lang='lat' dir='ltr'><strong>Palaestinam;</strong></span> <span class='ocrx_word' id='word_1_541' title='bbox 3187 3858 3234 3912; x_wconf 92' lang='lat' dir='ltr'><strong>si</strong></span> <span class='ocrx_word' id='word_1_542' title='bbox 3279 3874 3412 3913; x_wconf 80' lang='lat' dir='ltr'><strong>sen-</strong></span> 
     </span>
    </p>
   </div>
   <div class='ocr_carea' id='block_1_82' title="bbox 1838 3951 3406 4022">
    <p class='ocr_par' dir='ltr' id='par_1_82' title="bbox 1838 3951 3406 4022">
     <span class='ocr_line' id='line_1_82' title="bbox 1838 3951 3406 4022; baseline -0.003 -15"><span class='ocrx_word' id='word_1_543' title='bbox 1838 3967 1979 4018; x_wconf 84' lang='lat' dir='ltr'><strong>sum,</strong></span> <span class='ocrx_word' id='word_1_544' title='bbox 2004 3951 2326 4017; x_wconf 87' lang='lat' dir='ltr'><strong>Ecclesiam,</strong></span> <span class='ocrx_word' id='word_1_545' title='bbox 2379 3967 2502 4022; x_wconf 74' lang='lat' dir='ltr'><strong>quae</strong></span> <span class='ocrx_word' id='word_1_546' title='bbox 2545 3951 2685 4006; x_wconf 89' lang='lat' dir='ltr'><strong>lacte</strong></span> <span class='ocrx_word' id='word_1_547' title='bbox 2725 3958 2876 4020; x_wconf 89' lang='lat' dir='ltr'><strong>potat</strong></span> <span class='ocrx_word' id='word_1_548' title='bbox 2934 3958 3180 4005; x_wconf 89' lang='lat' dir='ltr'><strong>recenter</strong></span> <span class='ocrx_word' id='word_1_549' title='bbox 3227 3959 3406 4016; x_wconf 86' lang='lat' dir='ltr'><strong>natos,</strong></span> 
     </span>
    </p>
   </div>
   <div class='ocr_carea' id='block_1_83' title="bbox 1837 4025 3409 4116">
    <p class='ocr_par' dir='ltr' id='par_1_83' title="bbox 1837 4025 3409 4116">
     <span class='ocr_line' id='line_1_83' title="bbox 1837 4025 3409 4116; baseline -0.001 -15"><span class='ocrx_word' id='word_1_550' title='bbox 1837 4046 1946 4101; x_wconf 91' lang='lat' dir='ltr'><strong>mel</strong></span> <span class='ocrx_word' id='word_1_551' title='bbox 1969 4060 2098 4101; x_wconf 88' lang='lat' dir='ltr'><strong>vero</strong></span> <span class='ocrx_word' id='word_1_552' title='bbox 2126 4045 2194 4100; x_wconf 93' lang='lat' dir='ltr'><strong>iis</strong></span> <span class='ocrx_word' id='word_1_553' title='bbox 2217 4045 2308 4100; x_wconf 88' lang='lat' dir='ltr'><strong>dat</strong></span> <span class='ocrx_word' id='word_1_554' title='bbox 2332 4045 2424 4116; x_wconf 93' lang='lat' dir='ltr'><strong>qui</strong></span> <span class='ocrx_word' id='word_1_555' title='bbox 2462 4043 2803 4115; x_wconf 79' lang='lat' dir='ltr'><strong>perfectioris</strong></span> <span class='ocrx_word' id='word_1_556' title='bbox 2850 4025 3151 4113; x_wconf 65' lang='lat' dir='ltr'><strong>disciplina</strong></span> <span class='ocrx_word' id='word_1_557' title='bbox 3193 4053 3409 4116; x_wconf 77' lang='lat' dir='ltr'><strong>gustum</strong></span> 
     </span>
    </p>
   </div>
   <div class='ocr_carea' id='block_1_84' title="bbox 1837 4139 2335 4208">
    <p class='ocr_par' dir='ltr' id='par_1_84' title="bbox 1837 4139 2335 4208">
     <span class='ocr_line' id='line_1_84' title="bbox 1837 4139 2335 4208; baseline 0 -16"><span class='ocrx_word' id='word_1_558' title='bbox 1837 4139 2046 4194; x_wconf 86' lang='lat' dir='ltr'><strong>habere</strong></span> <span class='ocrx_word' id='word_1_559' title='bbox 2084 4146 2335 4208; x_wconf 89' lang='lat' dir='ltr'><strong>possunt.</strong></span> 
     </span>
    </p>
   </div>
   <div class='ocr_carea' id='block_1_85' title="bbox 1917 4219 3410 4294">
    <p class='ocr_par' dir='ltr' id='par_1_85' title="bbox 1917 4219 3410 4294">
     <span class='ocr_line' id='line_1_85' title="bbox 1917 4219 3410 4294; baseline -0.003 -15"><span class='ocrx_word' id='word_1_560' title='bbox 1917 4246 1936 4279; x_wconf 75' lang='grc' dir='ltr'><strong>ι</strong></span> <span class='ocrx_word' id='word_1_561' title='bbox 1967 4227 2121 4283; x_wconf 87' lang='lat' dir='ltr'><strong>Sicut</strong></span> <span class='ocrx_word' id='word_1_562' title='bbox 2145 4236 2227 4283; x_wconf 89' lang='lat' dir='ltr'><strong>est</strong></span> <span class='ocrx_word' id='word_1_563' title='bbox 2254 4228 2369 4282; x_wconf 88' lang='lat' dir='ltr'><strong>dies</strong></span> <span class='ocrx_word' id='word_1_564' title='bbox 2399 4226 2533 4281; x_wconf 63' lang='lat' dir='ltr'><strong>haec.</strong></span> <span class='ocrx_word' id='word_1_565' title='bbox 2579 4224 2646 4280; x_wconf 86' lang='lat' dir='ltr'><strong>Et</strong></span> <span class='ocrx_word' id='word_1_566' title='bbox 2678 4223 2956 4294; x_wconf 88' lang='lat' dir='ltr'><strong>respondi,</strong></span> <span class='ocrx_word' id='word_1_567' title='bbox 3005 4231 3060 4278; x_wconf 92' lang='lat' dir='ltr'><strong>et</strong></span> <span class='ocrx_word' id='word_1_568' title='bbox 3090 4223 3203 4277; x_wconf 81' lang='lat' dir='ltr'><strong>dixi</strong></span> <span class='ocrx_word' id='word_1_569' title='bbox 3231 4240 3244 4276; x_wconf 90' lang='lat'>:</span> <span class='ocrx_word' id='word_1_570' title='bbox 3270 4219 3410 4287; x_wconf 88' lang='lat' dir='ltr'><strong>Fiat,</strong></span> 
     </span>
    </p>
   </div>
   <div class='ocr_carea' id='block_1_86' title="bbox 1845 4316 3414 4390">
    <p class='ocr_par' dir='ltr' id='par_1_86' title="bbox 1845 4316 3414 4390">
     <span class='ocr_line' id='line_1_86' title="bbox 1845 4316 3414 4390; baseline -0.003 -16"><span class='ocrx_word' id='word_1_571' title='bbox 1845 4319 2092 4375; x_wconf 86' lang='lat' dir='ltr'><strong>Domine.</strong></span> <span class='ocrx_word' id='word_1_572' title='bbox 2108 4339 2126 4372; x_wconf 73' lang='grc' dir='ltr'><strong>ι</strong></span> <span class='ocrx_word' id='word_1_573' title='bbox 2147 4319 2322 4387; x_wconf 90' lang='lat' dir='ltr'><strong>Diem,</strong></span> <span class='ocrx_word' id='word_1_574' title='bbox 2340 4334 2446 4390; x_wconf 91' lang='lat' dir='ltr'><strong>qua</strong></span> <span class='ocrx_word' id='word_1_575' title='bbox 2463 4319 2605 4374; x_wconf 90' lang='lat' dir='ltr'><strong>Deus</strong></span> <span class='ocrx_word' id='word_1_576' title='bbox 2635 4317 2956 4372; x_wconf 88' lang='lat' dir='ltr'><strong>mortalibus</strong></span> <span class='ocrx_word' id='word_1_577' title='bbox 2979 4316 3250 4388; x_wconf 87' lang='lat' dir='ltr'><strong>apparuit,</strong></span> <span class='ocrx_word' id='word_1_578' title='bbox 3273 4329 3414 4384; x_wconf 69' lang='lat' dir='ltr'><strong>pm-</strong></span> 
     </span>
    </p>
   </div>
   <div class='ocr_carea' id='block_1_87' title="bbox 164 4405 1717 4500">
    <p class='ocr_par' dir='ltr' id='par_1_87' title="bbox 164 4420 1712 4500">
     <span class='ocr_line' id='line_1_87' title="bbox 164 4420 1712 4500; baseline -0.006 -19"><span class='ocrx_word' id='word_1_579' title='bbox 164 4445 254 4500; x_wconf 85' lang='grc' dir='ltr'><strong>ρος</strong></span> <span class='ocrx_word' id='word_1_580' title='bbox 283 4429 311 4480; x_wconf 81' lang='grc' dir='ltr'><strong>ὁ</strong></span> <span class='ocrx_word' id='word_1_581' title='bbox 343 4427 634 4497; x_wconf 80' lang='grc' dir='ltr'>προφήτης</span> <span class='ocrx_word' id='word_1_582' title='bbox 666 4424 966 4495; x_wconf 78' lang='grc' dir='ltr'>προϐλέπει</span> <span class='ocrx_word' id='word_1_583' title='bbox 994 4464 1008 4488; x_wconf 91' lang='grc'><strong>,</strong></span> <span class='ocrx_word' id='word_1_584' title='bbox 1035 4421 1157 4476; x_wconf 82' lang='grc' dir='ltr'>καθ’</span> <span class='ocrx_word' id='word_1_585' title='bbox 1185 4422 1253 4494; x_wconf 76' lang='grc' dir='ltr'>ἢν</span> <span class='ocrx_word' id='word_1_586' title='bbox 1294 4420 1471 4474; x_wconf 76' lang='grc' dir='ltr'>ταῦτα</span> <span class='ocrx_word' id='word_1_587' title='bbox 1509 4423 1620 4484; x_wconf 90' lang='grc' dir='ltr'>τοῖς</span> <span class='ocrx_word' id='word_1_588' title='bbox 1652 4437 1712 4472; x_wconf 88' lang='grc' dir='ltr'><strong>πι</strong></span> 
     </span>
    </p>
   </div>
   <div class='ocr_carea' id='block_1_88' title="bbox 1849 4405 3419 4500">
    <p class='ocr_par' dir='ltr' id='par_1_88' title="bbox 1849 4405 3419 4480">
     <span class='ocr_line' id='line_1_88' title="bbox 1849 4405 3419 4480; baseline -0.003 -15"><span class='ocrx_word' id='word_1_589' title='bbox 1849 4411 1993 4466; x_wconf 86' lang='lat' dir='ltr'><strong>videt</strong></span> <span class='ocrx_word' id='word_1_590' title='bbox 2021 4411 2313 4480; x_wconf 88' lang='lat' dir='ltr'><strong>propheta,</strong></span> <span class='ocrx_word' id='word_1_591' title='bbox 2344 4426 2450 4480; x_wconf 90' lang='lat' dir='ltr'><strong>qua</strong></span> <span class='ocrx_word' id='word_1_592' title='bbox 2477 4410 2595 4466; x_wconf 72' lang='lat' dir='ltr'><strong>haec</strong></span> <span class='ocrx_word' id='word_1_593' title='bbox 2622 4409 2872 4465; x_wconf 74' lang='lat' dir='ltr'><strong>fidelibus</strong></span> <span class='ocrx_word' id='word_1_594' title='bbox 2897 4408 3097 4463; x_wconf 91' lang='lat' dir='ltr'><strong>tributa</strong></span> <span class='ocrx_word' id='word_1_595' title='bbox 3129 4415 3272 4462; x_wconf 89' lang='lat' dir='ltr'><strong>sunt.</strong></span> <span class='ocrx_word' id='word_1_596' title='bbox 3287 4405 3419 4471; x_wconf 72' lang='lat' dir='ltr'><strong>Quze</strong></span> 
     </span>
    </p>
   </div>
   <div class='ocr_carea' id='block_1_89' title="bbox 167 4511 1737 4588">
    <p class='ocr_par' dir='ltr' id='par_1_89' title="bbox 167 4511 1737 4588">
     <span class='ocr_line' id='line_1_89' title="bbox 167 4511 1737 4588; baseline -0.007 -14"><span class='ocrx_word' id='word_1_597' title='bbox 167 4519 311 4586; x_wconf 82' lang='grc' dir='ltr'>στοῐς</span> <span class='ocrx_word' id='word_1_598' title='bbox 367 4518 618 4580; x_wconf 82' lang='grc' dir='ltr'>δέδοται,</span> <span class='ocrx_word' id='word_1_599' title='bbox 677 4518 743 4588; x_wconf 76' lang='grc' dir='ltr'>ἣν</span> <span class='ocrx_word' id='word_1_600' title='bbox 797 4515 892 4569; x_wconf 73' lang='grc' dir='ltr'><strong>καὶ</strong></span> <span class='ocrx_word' id='word_1_601' title='bbox 945 4513 1237 4584; x_wconf 83' lang='grc' dir='ltr'>εὐχόμενος</span> <span class='ocrx_word' id='word_1_602' title='bbox 1291 4511 1737 4584; x_wconf 82' lang='grc' dir='ltr'>παραγενέσθαι,</span> 
     </span>
    </p>
   </div>
   <div class='ocr_carea' id='block_1_90' title="bbox 167 4607 856 4682">
    <p class='ocr_par' dir='ltr' id='par_1_90' title="bbox 167 4607 856 4682">
     <span class='ocr_line' id='line_1_90' title="bbox 167 4607 856 4682; baseline -0.009 -17"><span class='ocrx_word' id='word_1_603' title='bbox 167 4613 323 4682; x_wconf 72' lang='grc' dir='ltr'>φησὶ,</span> <span class='ocrx_word' id='word_1_604' title='bbox 350 4609 621 4673; x_wconf 76' lang='grc' dir='ltr'>Γέγόιτο,</span> <span class='ocrx_word' id='word_1_605' title='bbox 656 4607 856 4676; x_wconf 82' lang='grc' dir='ltr'>Κύριε.</span> 
     </span>
    </p>
   </div>
   <div class='ocr_carea' id='block_1_91' title="bbox 246 4694 1742 4774">
    <p class='ocr_par' dir='ltr' id='par_1_91' title="bbox 246 4694 1742 4774">
     <span class='ocr_line' id='line_1_91' title="bbox 246 4694 1742 4774; baseline -0.008 -17"><span class='ocrx_word' id='word_1_606' title='bbox 246 4724 266 4757; x_wconf 72' lang='grc' dir='ltr'><strong>ι</strong></span> <span class='ocrx_word' id='word_1_607' title='bbox 298 4701 512 4774; x_wconf 82' lang='grc' dir='ltr'>Εὑρέθη</span> <span class='ocrx_word' id='word_1_608' title='bbox 550 4700 851 4771; x_wconf 84' lang='grc' dir='ltr'>σύνδεσμος</span> <span class='ocrx_word' id='word_1_609' title='bbox 887 4698 945 4750; x_wconf 87' lang='grc' dir='ltr'><strong>ἐν</strong></span> <span class='ocrx_word' id='word_1_610' title='bbox 992 4697 1250 4768; x_wconf 85' lang='grc' dir='ltr'>ἀνδράσιν</span> <span class='ocrx_word' id='word_1_611' title='bbox 1289 4695 1476 4749; x_wconf 80' lang='grc' dir='ltr'>Ἰούδα.</span> <span class='ocrx_word' id='word_1_612' title='bbox 1524 4714 1543 4747; x_wconf 73' lang='grc' dir='ltr'><strong>ι</strong></span> <span class='ocrx_word' id='word_1_613' title='bbox 1596 4694 1742 4763; x_wconf 82' lang='grc' dir='ltr'>Συμ·</span> 
     </span>
    </p>
   </div>
   <div class='ocr_carea' id='block_1_92' title="bbox 169 4786 1030 4864">
    <p class='ocr_par' dir='ltr' id='par_1_92' title="bbox 169 4786 1030 4864">
     <span class='ocr_line' id='line_1_92' title="bbox 169 4786 1030 4864; baseline -0.006 -17"><span class='ocrx_word' id='word_1_614' title='bbox 169 4791 350 4864; x_wconf 86' lang='grc' dir='ltr'>φωνία</span> <span class='ocrx_word' id='word_1_615' title='bbox 382 4791 598 4845; x_wconf 84' lang='grc' dir='ltr'>πάντων</span> <span class='ocrx_word' id='word_1_616' title='bbox 627 4787 720 4841; x_wconf 78' lang='grc' dir='ltr'>ἐπὶ</span> <span class='ocrx_word' id='word_1_617' title='bbox 740 4786 801 4840; x_wconf 83' lang='grc' dir='ltr'>τὸ</span> <span class='ocrx_word' id='word_1_618' title='bbox 825 4788 1030 4859; x_wconf 82' lang='grc' dir='ltr'>χεῖρον.</span> 
     </span>
    </p>
   </div>
   <div class='ocr_carea' id='block_1_93' title="bbox 249 4875 1748 4954">
    <p class='ocr_par' dir='ltr' id='par_1_93' title="bbox 249 4875 1748 4954">
     <span class='ocr_line' id='line_1_93' title="bbox 249 4875 1748 4954; baseline -0.009 -16"><span class='ocrx_word' id='word_1_619' title='bbox 249 4904 268 4938; x_wconf 81' lang='grc' dir='ltr'><strong>ι</strong></span> <span class='ocrx_word' id='word_1_620' title='bbox 309 4884 376 4937; x_wconf 87' lang='grc' dir='ltr'><strong>Τί</strong></span> <span class='ocrx_word' id='word_1_621' title='bbox 425 4884 459 4954; x_wconf 82' lang='grc' dir='ltr'>ἡ</span> <span class='ocrx_word' id='word_1_622' title='bbox 497 4879 875 4952; x_wconf 80' lang='grc' dir='ltr'>ὴγαπημένη;</span> <span class='ocrx_word' id='word_1_623' title='bbox 914 4897 933 4930; x_wconf 72' lang='grc' dir='ltr'><strong>ι</strong></span> <span class='ocrx_word' id='word_1_624' title='bbox 984 4877 1134 4931; x_wconf 73' lang='grc' dir='ltr'>Ἀντὶ</span> <span class='ocrx_word' id='word_1_625' title='bbox 1165 4875 1282 4941; x_wconf 76' lang='grc' dir='ltr'>τοῦ,</span> <span class='ocrx_word' id='word_1_626' title='bbox 1314 4875 1436 4937; x_wconf 89' lang='grc' dir='ltr'>Πῶς</span> <span class='ocrx_word' id='word_1_627' title='bbox 1462 4877 1496 4945; x_wconf 71' lang='grc' dir='ltr'><strong>ἡ</strong></span> <span class='ocrx_word' id='word_1_628' title='bbox 1530 4875 1748 4943; x_wconf 78' lang='grc' dir='ltr'>ἠγαπη-</span> 
     </span>
    </p>
   </div>
   <div class='ocr_carea' id='block_1_94' title="bbox 176 4979 349 5050">
    <p class='ocr_par' dir='ltr' id='par_1_94' title="bbox 176 4979 349 5050">
     <span class='ocr_line' id='line_1_94' title="bbox 176 4979 349 5050; baseline -0.029 1"><span class='ocrx_word' id='word_1_629' title='bbox 176 4979 349 5050; x_wconf 74' lang='grc' dir='ltr'>μένης</span> 
     </span>
    </p>
   </div>
   <div class='ocr_carea' id='block_1_95' title="bbox 252 5055 1750 5139">
    <p class='ocr_par' dir='ltr' id='par_1_95' title="bbox 252 5055 1750 5139">
     <span class='ocr_line' id='line_1_95' title="bbox 252 5055 1750 5139; baseline -0.009 -19"><span class='ocrx_word' id='word_1_630' title='bbox 252 5087 271 5120; x_wconf 74' lang='grc' dir='ltr'><strong>ι</strong></span> <span class='ocrx_word' id='word_1_631' title='bbox 319 5069 540 5123; x_wconf 86' lang='grc' dir='ltr'>Ἐλαίαν</span> <span class='ocrx_word' id='word_1_632' title='bbox 574 5065 802 5139; x_wconf 85' lang='grc' dir='ltr'>ὡραίαν,</span> <span class='ocrx_word' id='word_1_633' title='bbox 836 5062 1055 5117; x_wconf 71' lang='grc' dir='ltr'>εὔσκιον</span> <span class='ocrx_word' id='word_1_634' title='bbox 1103 5058 1181 5129; x_wconf 82' lang='grc' dir='ltr'>τῷ</span> <span class='ocrx_word' id='word_1_635' title='bbox 1223 5056 1378 5111; x_wconf 76' lang='grc' dir='ltr'>εῖδει.</span> <span class='ocrx_word' id='word_1_636' title='bbox 1408 5056 1588 5132; x_wconf 56' lang='grc' dir='ltr'>ιὀτε</span> <span class='ocrx_word' id='word_1_637' title='bbox 1625 5055 1750 5117; x_wconf 70' lang='grc' dir='ltr'>τοὺς</span> 
     </span>
    </p>
   </div>
   <div class='ocr_carea' id='block_1_96' title="bbox 179 5151 1278 5231">
    <p class='ocr_par' dir='ltr' id='par_1_96' title="bbox 179 5151 1278 5231">
     <span class='ocr_line' id='line_1_96' title="bbox 179 5151 1278 5231; baseline -0.01 -17"><span class='ocrx_word' id='word_1_638' title='bbox 179 5160 528 5231; x_wconf 83' lang='grc' dir='ltr'>πατριάρχας</span> <span class='ocrx_word' id='word_1_639' title='bbox 561 5158 928 5230; x_wconf 81' lang='grc' dir='ltr'>ἐκλεξάμενος</span> <span class='ocrx_word' id='word_1_640' title='bbox 959 5151 1278 5222; x_wconf 83' lang='grc' dir='ltr'>ἐφύτευσεν.</span> 
     </span>
    </p>
   </div>
   <div class='ocr_carea' id='block_1_97' title="bbox 262 5235 1752 5321">
    <p class='ocr_par' dir='ltr' id='par_1_97' title="bbox 262 5235 1752 5321">
     <span class='ocr_line' id='line_1_97' title="bbox 262 5235 1752 5321; baseline -0.01 -19"><span class='ocrx_word' id='word_1_641' title='bbox 262 5269 281 5302; x_wconf 80' lang='grc' dir='ltr'><strong>ι</strong></span> <span class='ocrx_word' id='word_1_642' title='bbox 316 5248 407 5314; x_wconf 83' lang='lat' dir='ltr'><strong>El;</strong></span> <span class='ocrx_word' id='word_1_643' title='bbox 461 5250 646 5321; x_wconf 79' lang='grc' dir='ltr'>φωνὴν</span> <span class='ocrx_word' id='word_1_644' title='bbox 695 5245 1000 5320; x_wconf 83' lang='grc' dir='ltr'>περιτομῆς</span> <span class='ocrx_word' id='word_1_645' title='bbox 1029 5242 1220 5312; x_wconf 78' lang='grc' dir='ltr'>αὐτῆς,</span> <span class='ocrx_word' id='word_1_646' title='bbox 1257 5237 1474 5309; x_wconf 83' lang='grc' dir='ltr'>ἀνήφθη</span> <span class='ocrx_word' id='word_1_647' title='bbox 1524 5237 1633 5306; x_wconf 84' lang='grc' dir='ltr'>πῦρ</span> <span class='ocrx_word' id='word_1_648' title='bbox 1667 5235 1752 5288; x_wconf 86' lang='grc' dir='ltr'>ἐπ’</span> 
     </span>
    </p>
   </div>
   <div class='ocr_carea' id='block_1_98' title="bbox 182 5328 1755 5413">
    <p class='ocr_par' dir='ltr' id='par_1_98' title="bbox 182 5328 1755 5413">
     <span class='ocr_line' id='line_1_98' title="bbox 182 5328 1755 5413; baseline -0.012 -15"><span class='ocrx_word' id='word_1_649' title='bbox 182 5341 378 5413; x_wconf 74' lang='grc' dir='ltr'>αὐτὴν,</span> <span class='ocrx_word' id='word_1_650' title='bbox 415 5341 629 5413; x_wconf 82' lang='grc' dir='ltr'>μεγάλη</span> <span class='ocrx_word' id='word_1_651' title='bbox 659 5343 693 5411; x_wconf 80' lang='grc' dir='ltr'>ἠ</span> <span class='ocrx_word' id='word_1_652' title='bbox 723 5339 902 5409; x_wconf 76' lang='grc' dir='ltr'>θλίψις</span> <span class='ocrx_word' id='word_1_653' title='bbox 929 5338 1023 5390; x_wconf 71' lang='grc' dir='ltr'><strong>ἐπὶ</strong></span> <span class='ocrx_word' id='word_1_654' title='bbox 1050 5337 1132 5387; x_wconf 86' lang='grc' dir='ltr'><strong>σέ.</strong></span> <span class='ocrx_word' id='word_1_655' title='bbox 1175 5353 1194 5386; x_wconf 75' lang='grc' dir='ltr'><strong>ι</strong></span> <span class='ocrx_word' id='word_1_656' title='bbox 1237 5332 1390 5396; x_wconf 85' lang='grc' dir='ltr'>Ὅτε,</span> <span class='ocrx_word' id='word_1_657' title='bbox 1425 5330 1616 5400; x_wconf 75' lang='grc' dir='ltr'>φησὶν,</span> <span class='ocrx_word' id='word_1_658' title='bbox 1648 5328 1755 5380; x_wconf 78' lang='grc' dir='ltr'>ἔδει</span> 
     </span>
    </p>
   </div>
   <div class='ocr_carea' id='block_1_99' title="bbox 1845 4500 3417 4575">
    <p class='ocr_par' dir='ltr' id='par_1_99' title="bbox 1845 4500 3417 4575">
     <span class='ocr_line' id='line_1_99' title="bbox 1845 4500 3417 4575; baseline -0.004 -18"><span class='ocrx_word' id='word_1_659' title='bbox 1845 4513 1904 4558; x_wconf 89' lang='lat' dir='ltr'><strong>ut</strong></span> <span class='ocrx_word' id='word_1_660' title='bbox 1929 4503 2180 4560; x_wconf 86' lang='lat' dir='ltr'><strong>adveniat</strong></span> <span class='ocrx_word' id='word_1_661' title='bbox 2196 4503 2533 4575; x_wconf 87' lang='lat' dir='ltr'><strong>supplicibus</strong></span> <span class='ocrx_word' id='word_1_662' title='bbox 2549 4503 2732 4558; x_wconf 81' lang='lat' dir='ltr'><strong>verbis</strong></span> <span class='ocrx_word' id='word_1_663' title='bbox 2760 4503 3101 4572; x_wconf 86' lang='lat' dir='ltr'><strong>deprecatur,</strong></span> <span class='ocrx_word' id='word_1_664' title='bbox 3131 4500 3417 4572; x_wconf 88' lang='lat' dir='ltr'><strong>inquiens:</strong></span> 
     </span>
    </p>
   </div>
   <div class='ocr_carea' id='block_1_100' title="bbox 1845 4581 3464 4659">
    <p class='ocr_par' dir='ltr' id='par_1_100' title="bbox 1845 4581 3464 4659">
     <span class='ocr_line' id='line_1_100' title="bbox 1845 4581 3464 4659; baseline -0.003 -13"><span class='ocrx_word' id='word_1_665' title='bbox 1845 4591 1994 4659; x_wconf 83' lang='lat' dir='ltr'><strong>Fiat,</strong></span> <span class='ocrx_word' id='word_1_666' title='bbox 2031 4593 2271 4649; x_wconf 86' lang='lat' dir='ltr'><strong>Domine.</strong></span> <span class='ocrx_word' id='word_1_667' title='bbox 2525 4641 2528 4644; x_wconf 89' lang='lat'><strong>.</strong></span> <span class='ocrx_word' id='word_1_668' title='bbox 3460 4581 3464 4624; x_wconf 69' lang='grc' dir='ltr'><strong>ί</strong></span> 
     </span>
    </p>
   </div>
   <div class='ocr_carea' id='block_1_101' title="bbox 1916 4677 3427 4752">
    <p class='ocr_par' dir='ltr' id='par_1_101' title="bbox 1916 4677 3427 4752">
     <span class='ocr_line' id='line_1_101' title="bbox 1916 4677 3427 4752; baseline -0.005 -13"><span class='ocrx_word' id='word_1_669' title='bbox 1916 4683 1980 4739; x_wconf 76' lang='grc' dir='ltr'><strong>ν.</strong></span> <span class='ocrx_word' id='word_1_670' title='bbox 2011 4681 2060 4739; x_wconf 90' lang='lat'><strong>9.</strong></span> <span class='ocrx_word' id='word_1_671' title='bbox 2093 4702 2112 4735; x_wconf 83' lang='grc' dir='ltr'><strong>ι</strong></span> <span class='ocrx_word' id='word_1_672' title='bbox 2154 4683 2377 4737; x_wconf 86' lang='lat' dir='ltr'><strong>Inventa</strong></span> <span class='ocrx_word' id='word_1_673' title='bbox 2405 4687 2489 4736; x_wconf 87' lang='lat' dir='ltr'><strong>est</strong></span> <span class='ocrx_word' id='word_1_674' title='bbox 2517 4681 2786 4752; x_wconf 80' lang='lat' dir='ltr'><strong>colligatio</strong></span> <span class='ocrx_word' id='word_1_675' title='bbox 2813 4681 2870 4735; x_wconf 88' lang='lat' dir='ltr'><strong>in</strong></span> <span class='ocrx_word' id='word_1_676' title='bbox 2897 4679 3200 4736; x_wconf 86' lang='lat' dir='ltr'><strong>virisJuda.</strong></span> <span class='ocrx_word' id='word_1_677' title='bbox 3242 4699 3260 4730; x_wconf 70' lang='grc' dir='ltr'><strong>ι</strong></span> <span class='ocrx_word' id='word_1_678' title='bbox 3281 4677 3427 4732; x_wconf 85' lang='lat' dir='ltr'><strong>Cou-</strong></span> 
     </span>
    </p>
   </div>
   <div class='ocr_carea' id='block_1_102' title="bbox 1849 4769 2831 4828">
    <p class='ocr_par' dir='ltr' id='par_1_102' title="bbox 1849 4769 2831 4828">
     <span class='ocr_line' id='line_1_102' title="bbox 1849 4769 2831 4828; baseline -0.005 0"><span class='ocrx_word' id='word_1_679' title='bbox 1849 4788 1973 4828; x_wconf 90' lang='lat' dir='ltr'><strong>cors</strong></span> <span class='ocrx_word' id='word_1_680' title='bbox 1999 4773 2244 4827; x_wconf 91' lang='lat' dir='ltr'><strong>omnium</strong></span> <span class='ocrx_word' id='word_1_681' title='bbox 2266 4771 2481 4824; x_wconf 89' lang='lat' dir='ltr'><strong>animus</strong></span> <span class='ocrx_word' id='word_1_682' title='bbox 2505 4770 2573 4824; x_wconf 89' lang='lat' dir='ltr'><strong>ad</strong></span> <span class='ocrx_word' id='word_1_683' title='bbox 2607 4769 2831 4823; x_wconf 88' lang='lat' dir='ltr'><strong>malum.</strong></span> 
     </span>
    </p>
   </div>
   <div class='ocr_carea' id='block_1_103' title="bbox 1922 4859 3430 4926">
    <p class='ocr_par' dir='ltr' id='par_1_103' title="bbox 1922 4859 3430 4926">
     <span class='ocr_line' id='line_1_103' title="bbox 1922 4859 3430 4926; baseline -0.001 -8"><span class='ocrx_word' id='word_1_684' title='bbox 1922 4863 1989 4918; x_wconf 76' lang='grc' dir='ltr'><strong>ν.</strong></span> <span class='ocrx_word' id='word_1_685' title='bbox 2013 4863 2100 4917; x_wconf 82' lang='grc'>15.</span> <span class='ocrx_word' id='word_1_686' title='bbox 2129 4881 2147 4913; x_wconf 81' lang='grc' dir='ltr'><strong>ι</strong></span> <span class='ocrx_word' id='word_1_687' title='bbox 2181 4861 2323 4926; x_wconf 83' lang='lat' dir='ltr'><strong>Quid</strong></span> <span class='ocrx_word' id='word_1_688' title='bbox 2353 4860 2594 4915; x_wconf 82' lang='lat' dir='ltr'><strong>dilecta?</strong></span> <span class='ocrx_word' id='word_1_689' title='bbox 2626 4878 2644 4911; x_wconf 71' lang='grc' dir='ltr'><strong>ι</strong></span> <span class='ocrx_word' id='word_1_690' title='bbox 2666 4859 2783 4913; x_wconf 83' lang='lat' dir='ltr'><strong>Hoc</strong></span> <span class='ocrx_word' id='word_1_691' title='bbox 2805 4869 2909 4924; x_wconf 89' lang='lat' dir='ltr'><strong>est,</strong></span> <span class='ocrx_word' id='word_1_692' title='bbox 2949 4860 3196 4924; x_wconf 86' lang='lat' dir='ltr'><strong>Quanam</strong></span> <span class='ocrx_word' id='word_1_693' title='bbox 3222 4861 3430 4916; x_wconf 86' lang='lat' dir='ltr'><strong>ratione</strong></span> 
     </span>
    </p>
   </div>
   <div class='ocr_carea' id='block_1_104' title="bbox 1851 4951 2512 5024">
    <p class='ocr_par' dir='ltr' id='par_1_104' title="bbox 1851 4951 2512 5024">
     <span class='ocr_line' id='line_1_104' title="bbox 1851 4951 2512 5024; baseline -0.006 -16"><span class='ocrx_word' id='word_1_694' title='bbox 1851 4969 1973 5024; x_wconf 70' lang='lat' dir='ltr'><strong>quae</strong></span> <span class='ocrx_word' id='word_1_695' title='bbox 1998 4953 2135 5007; x_wconf 90' lang='lat' dir='ltr'><strong>mihi</strong></span> <span class='ocrx_word' id='word_1_696' title='bbox 2167 4953 2364 5007; x_wconf 90' lang='lat' dir='ltr'><strong>dilecta</strong></span> <span class='ocrx_word' id='word_1_697' title='bbox 2394 4951 2512 5006; x_wconf 88' lang='lat' dir='ltr'><strong>est?</strong></span> 
     </span>
    </p>
   </div>
   <div class='ocr_carea' id='block_1_105' title="bbox 1925 5041 3432 5116">
    <p class='ocr_par' dir='ltr' id='par_1_105' title="bbox 1925 5041 3432 5116">
     <span class='ocr_line' id='line_1_105' title="bbox 1925 5041 3432 5116; baseline 0 -17"><span class='ocrx_word' id='word_1_698' title='bbox 1925 5043 1991 5100; x_wconf 83' lang='lat' dir='ltr'><strong>V.</strong></span> <span class='ocrx_word' id='word_1_699' title='bbox 2012 5044 2099 5099; x_wconf 87' lang='grc'><strong>16.</strong></span> <span class='ocrx_word' id='word_1_700' title='bbox 2125 5063 2143 5096; x_wconf 80' lang='grc' dir='ltr'><strong>ι</strong></span> <span class='ocrx_word' id='word_1_701' title='bbox 2163 5043 2375 5099; x_wconf 87' lang='lat' dir='ltr'><strong>Olivam</strong></span> <span class='ocrx_word' id='word_1_702' title='bbox 2395 5043 2706 5116; x_wconf 89' lang='lat' dir='ltr'><strong>pulchram,</strong></span> <span class='ocrx_word' id='word_1_703' title='bbox 2736 5041 2878 5098; x_wconf 88' lang='lat' dir='ltr'><strong>bene</strong></span> <span class='ocrx_word' id='word_1_704' title='bbox 2903 5055 3147 5112; x_wconf 87' lang='lat' dir='ltr'><strong>opacam.</strong></span> <span class='ocrx_word' id='word_1_705' title='bbox 3162 5059 3180 5093; x_wconf 73' lang='grc' dir='ltr'><strong>ι</strong></span> <span class='ocrx_word' id='word_1_706' title='bbox 3203 5041 3432 5108; x_wconf 84' lang='lat' dir='ltr'><strong>Quando</strong></span> 
     </span>
    </p>
   </div>
   <div class='ocr_carea' id='block_1_106' title="bbox 1856 5137 2760 5210">
    <p class='ocr_par' dir='ltr' id='par_1_106' title="bbox 1856 5137 2760 5210">
     <span class='ocr_line' id='line_1_106' title="bbox 1856 5137 2760 5210; baseline -0.003 -16"><span class='ocrx_word' id='word_1_707' title='bbox 1856 5139 2196 5210; x_wconf 88' lang='lat' dir='ltr'><strong>patriarchas</strong></span> <span class='ocrx_word' id='word_1_708' title='bbox 2226 5138 2432 5210; x_wconf 87' lang='lat' dir='ltr'><strong>eligens</strong></span> <span class='ocrx_word' id='word_1_709' title='bbox 2479 5137 2760 5208; x_wconf 86' lang='lat' dir='ltr'><strong>plantavit.</strong></span> 
     </span>
    </p>
   </div>
   <div class='ocr_carea' id='block_1_107' title="bbox 1932 5227 3438 5298">
    <p class='ocr_par' dir='ltr' id='par_1_107' title="bbox 1932 5227 3438 5298">
     <span class='ocr_line' id='line_1_107' title="bbox 1932 5227 3438 5298; baseline -0.003 -14"><span class='ocrx_word' id='word_1_710' title='bbox 1932 5251 1951 5284; x_wconf 78' lang='grc' dir='ltr'><strong>ι</strong></span> <span class='ocrx_word' id='word_1_711' title='bbox 1980 5232 2061 5288; x_wconf 84' lang='lat' dir='ltr'><strong>Ad</strong></span> <span class='ocrx_word' id='word_1_712' title='bbox 2116 5247 2306 5286; x_wconf 85' lang='lat' dir='ltr'><strong>vocem</strong></span> <span class='ocrx_word' id='word_1_713' title='bbox 2362 5229 2794 5286; x_wconf 90' lang='lat' dir='ltr'><strong>circumcisionis</strong></span> <span class='ocrx_word' id='word_1_714' title='bbox 2867 5227 2986 5298; x_wconf 85' lang='lat' dir='ltr'><strong>ejus</strong></span> <span class='ocrx_word' id='word_1_715' title='bbox 3049 5241 3310 5282; x_wconf 84' lang='lat' dir='ltr'><strong>accensus</strong></span> <span class='ocrx_word' id='word_1_716' title='bbox 3354 5236 3438 5280; x_wconf 81' lang='lat' dir='ltr'><strong>est</strong></span> 
     </span>
    </p>
   </div>
   <div class='ocr_carea' id='block_1_108' title="bbox 1859 5317 3435 5398">
    <p class='ocr_par' dir='ltr' id='par_1_108' title="bbox 1859 5317 3435 5398">
     <span class='ocr_line' id='line_1_108' title="bbox 1859 5317 3435 5398; baseline -0.004 -17"><span class='ocrx_word' id='word_1_717' title='bbox 1859 5326 1998 5398; x_wconf 81' lang='lat' dir='ltr'><strong>ignis</strong></span> <span class='ocrx_word' id='word_1_718' title='bbox 2019 5339 2184 5395; x_wconf 88' lang='lat' dir='ltr'><strong>super</strong></span> <span class='ocrx_word' id='word_1_719' title='bbox 2213 5339 2366 5379; x_wconf 87' lang='lat' dir='ltr'><strong>eam:</strong></span> <span class='ocrx_word' id='word_1_720' title='bbox 2402 5339 2597 5394; x_wconf 89' lang='lat' dir='ltr'><strong>magna</strong></span> <span class='ocrx_word' id='word_1_721' title='bbox 2621 5322 2898 5377; x_wconf 87' lang='lat' dir='ltr'><strong>tribulatio</strong></span> <span class='ocrx_word' id='word_1_722' title='bbox 2925 5335 3089 5390; x_wconf 87' lang='lat' dir='ltr'><strong>super</strong></span> <span class='ocrx_word' id='word_1_723' title='bbox 3111 5328 3183 5374; x_wconf 90' lang='lat' dir='ltr'><strong>te.</strong></span> <span class='ocrx_word' id='word_1_724' title='bbox 3216 5337 3233 5370; x_wconf 75' lang='grc' dir='ltr'><strong>ι</strong></span> <span class='ocrx_word' id='word_1_725' title='bbox 3296 5317 3435 5374; x_wconf 82' lang='lat' dir='ltr'><strong>Cum</strong></span> 
     </span>
    </p>
   </div>
   <div class='ocr_carea' id='block_1_109' title="bbox 180 5411 1717 5508">
    <p class='ocr_par' dir='ltr' id='par_1_109' title="bbox 180 5411 1717 5508">
     <span class='ocr_line' id='line_1_109' title="bbox 180 5411 1717 5508; baseline -0.014 -16"><span class='ocrx_word' id='word_1_726' title='bbox 180 5411 648 5508; x_wconf 74' lang='grc' dir='ltr'>καλλιεργηθῆναι</span> <span class='ocrx_word' id='word_1_727' title='bbox 685 5431 782 5503; x_wconf 83' lang='grc' dir='ltr'>τὴν</span> <span class='ocrx_word' id='word_1_728' title='bbox 821 5427 1172 5497; x_wconf 77' lang='grc' dir='ltr'>Συναγωγὴν,</span> <span class='ocrx_word' id='word_1_729' title='bbox 1204 5425 1326 5477; x_wconf 89' lang='grc' dir='ltr'>τότε</span> <span class='ocrx_word' id='word_1_730' title='bbox 1356 5423 1526 5493; x_wconf 73' lang='grc' dir='ltr'>πυρὸς</span> <span class='ocrx_word' id='word_1_731' title='bbox 1558 5420 1717 5485; x_wconf 53' lang='lat' dir='ltr'><strong>enini&quot;</strong></span> 
     </span>
    </p>
   </div>
   <div class='ocr_carea' id='block_1_110' title="bbox 1849 5411 3437 5508">
    <p class='ocr_par' dir='ltr' id='par_1_110' title="bbox 1861 5411 3437 5487">
     <span class='ocr_line' id='line_1_110' title="bbox 1861 5411 3437 5487; baseline -0.004 -14"><span class='ocrx_word' id='word_1_732' title='bbox 1861 5433 1999 5487; x_wconf 89' lang='lat' dir='ltr'><strong>opus</strong></span> <span class='ocrx_word' id='word_1_733' title='bbox 2030 5424 2164 5482; x_wconf 87' lang='lat' dir='ltr'><strong>erat,</strong></span> <span class='ocrx_word' id='word_1_734' title='bbox 2196 5416 2394 5486; x_wconf 91' lang='lat' dir='ltr'><strong>inquit,</strong></span> <span class='ocrx_word' id='word_1_735' title='bbox 2420 5415 2597 5470; x_wconf 82' lang='lat' dir='ltr'><strong>excoli</strong></span> <span class='ocrx_word' id='word_1_736' title='bbox 2634 5413 2994 5487; x_wconf 85' lang='lat' dir='ltr'><strong>Synagogam,</strong></span> <span class='ocrx_word' id='word_1_737' title='bbox 3019 5421 3148 5468; x_wconf 89' lang='lat' dir='ltr'><strong>tunc</strong></span> <span class='ocrx_word' id='word_1_738' title='bbox 3170 5412 3299 5483; x_wconf 86' lang='lat' dir='ltr'><strong>igne</strong></span> <span class='ocrx_word' id='word_1_739' title='bbox 3349 5411 3437 5467; x_wconf 89' lang='lat' dir='ltr'><strong>di-</strong></span> 
     </span>
    </p>
   </div>
   <div class='ocr_carea' id='block_1_111' title="bbox 183 5502 1717 5597">
    <p class='ocr_par' dir='ltr' id='par_1_111' title="bbox 183 5502 1717 5597">
     <span class='ocr_line' id='line_1_111' title="bbox 183 5502 1717 5597; baseline -0.012 -14"><span class='ocrx_word' id='word_1_740' title='bbox 183 5527 344 5597; x_wconf 81' lang='grc' dir='ltr'>άξίαν</span> <span class='ocrx_word' id='word_1_741' title='bbox 377 5502 745 5594; x_wconf 75' lang='grc' dir='ltr'>κατέστησεν·</span> <span class='ocrx_word' id='word_1_742' title='bbox 804 5522 913 5575; x_wconf 73' lang='grc' dir='ltr'>ἔδει</span> <span class='ocrx_word' id='word_1_743' title='bbox 971 5520 1025 5573; x_wconf 75' lang='grc' dir='ltr'><strong>δὲ</strong></span> <span class='ocrx_word' id='word_1_744' title='bbox 1077 5517 1246 5590; x_wconf 77' lang='grc' dir='ltr'>αὐτὴν</span> <span class='ocrx_word' id='word_1_745' title='bbox 1297 5513 1717 5585; x_wconf 77' lang='grc' dir='ltr'>καλλιεργηθῆνε</span> 
     </span>
    </p>
   </div>
   <div class='ocr_carea' id='block_1_112' title="bbox 1849 5502 3440 5597">
    <p class='ocr_par' dir='ltr' id='par_1_112' title="bbox 1864 5502 3440 5580">
     <span class='ocr_line' id='line_1_112' title="bbox 1864 5502 3440 5580; baseline -0.003 -18"><span class='ocrx_word' id='word_1_746' title='bbox 1864 5524 2021 5580; x_wconf 90' lang='lat' dir='ltr'><strong>gnam</strong></span> <span class='ocrx_word' id='word_1_747' title='bbox 2047 5522 2106 5562; x_wconf 89' lang='lat' dir='ltr'><strong>se</strong></span> <span class='ocrx_word' id='word_1_748' title='bbox 2129 5507 2385 5580; x_wconf 76' lang='lat' dir='ltr'><strong>praestitit</strong></span> <span class='ocrx_word' id='word_1_749' title='bbox 2411 5525 2424 5562; x_wconf 91' lang='lat'><strong>:</strong></span> <span class='ocrx_word' id='word_1_750' title='bbox 2452 5505 2749 5562; x_wconf 78' lang='lat' dir='ltr'><strong>excolenda</strong></span> <span class='ocrx_word' id='word_1_751' title='bbox 2783 5520 2945 5575; x_wconf 90' lang='lat' dir='ltr'><strong>porro</strong></span> <span class='ocrx_word' id='word_1_752' title='bbox 2974 5511 3092 5558; x_wconf 89' lang='lat' dir='ltr'><strong>erat</strong></span> <span class='ocrx_word' id='word_1_753' title='bbox 3116 5502 3170 5557; x_wconf 88' lang='lat' dir='ltr'><strong>in</strong></span> <span class='ocrx_word' id='word_1_754' title='bbox 3203 5502 3440 5567; x_wconf 86' lang='lat' dir='ltr'><strong>adventu</strong></span> 
     </span>
    </p>
   </div>
   <div class='ocr_carea' id='block_1_113' title="bbox 187 5612 1068 5692">
    <p class='ocr_par' dir='ltr' id='par_1_113' title="bbox 187 5612 1068 5692">
     <span class='ocr_line' id='line_1_113' title="bbox 187 5612 1068 5692; baseline -0.014 -17"><span class='ocrx_word' id='word_1_755' title='bbox 187 5623 244 5675; x_wconf 80' lang='grc' dir='ltr'><strong>ἐν</strong></span> <span class='ocrx_word' id='word_1_756' title='bbox 272 5621 342 5691; x_wconf 76' lang='grc' dir='ltr'>τῇ</span> <span class='ocrx_word' id='word_1_757' title='bbox 369 5617 648 5692; x_wconf 75' lang='grc' dir='ltr'>παρουσίᾳ</span> <span class='ocrx_word' id='word_1_758' title='bbox 679 5612 774 5666; x_wconf 83' lang='grc' dir='ltr'>τοῦ</span> <span class='ocrx_word' id='word_1_759' title='bbox 808 5612 1068 5684; x_wconf 78' lang='grc' dir='ltr'>Χριστοῦ.</span> 
     </span>
    </p>
   </div>
   <div class='ocr_carea' id='block_1_114' title="bbox 264 5697 1763 5786">
    <p class='ocr_par' dir='ltr' id='par_1_114' title="bbox 264 5697 1763 5786">
     <span class='ocr_line' id='line_1_114' title="bbox 264 5697 1763 5786; baseline -0.011 -20"><span class='ocrx_word' id='word_1_760' title='bbox 264 5731 283 5766; x_wconf 81' lang='grc' dir='ltr'><strong>ι</strong></span> <span class='ocrx_word' id='word_1_761' title='bbox 324 5714 524 5786; x_wconf 77' lang='grc' dir='ltr'>Κύριε,</span> <span class='ocrx_word' id='word_1_762' title='bbox 574 5707 844 5779; x_wconf 79' lang='grc' dir='ltr'>γνὼρισόν</span> <span class='ocrx_word' id='word_1_763' title='bbox 900 5723 1010 5776; x_wconf 86' lang='grc' dir='ltr'>μοι,</span> <span class='ocrx_word' id='word_1_764' title='bbox 1059 5704 1154 5758; x_wconf 72' lang='grc' dir='ltr'>καὶ</span> <span class='ocrx_word' id='word_1_765' title='bbox 1203 5705 1508 5774; x_wconf 83' lang='grc' dir='ltr'>γνώσομαι.</span> <span class='ocrx_word' id='word_1_766' title='bbox 1545 5718 1563 5753; x_wconf 75' lang='grc' dir='ltr'><strong>ι</strong></span> <span class='ocrx_word' id='word_1_767' title='bbox 1601 5697 1763 5752; x_wconf 86' lang='grc' dir='ltr'>Θείαν</span> 
     </span>
    </p>
   </div>
   <div class='ocr_carea' id='block_1_115' title="bbox 428 5795 1124 5866">
    <p class='ocr_par' dir='ltr' id='par_1_115' title="bbox 428 5795 1124 5866">
     <span class='ocr_line' id='line_1_115' title="bbox 428 5795 1124 5866; baseline -0.016 0"><span class='ocrx_word' id='word_1_768' title='bbox 428 5807 703 5866; x_wconf 74' lang='grc' dir='ltr'>ΡΑτειοι..</span> <span class='ocrx_word' id='word_1_769' title='bbox 741 5800 858 5862; x_wconf 80' lang='lat' dir='ltr'><strong>Gn.</strong></span> <span class='ocrx_word' id='word_1_770' title='bbox 904 5795 1124 5860; x_wconf 85' lang='lat' dir='ltr'><strong>XClll.</strong></span> 
     </span>
    </p>
   </div>
   <div class='ocr_carea' id='block_1_116' title="bbox 1867 5598 2940 5654">
    <p class='ocr_par' dir='ltr' id='par_1_116' title="bbox 1867 5598 2940 5654">
     <span class='ocr_line' id='line_1_116' title="bbox 1867 5598 2940 5654; baseline -0.003 0"><span class='ocrx_word' id='word_1_771' title='bbox 1867 5598 2090 5654; x_wconf 89' lang='lat' dir='ltr'><strong>Christi.</strong></span> <span class='ocrx_word' id='word_1_772' title='bbox 2937 5649 2940 5651; x_wconf 81' lang='lat'><strong>.</strong></span> 
     </span>
    </p>
   </div>
   <div class='ocr_carea' id='block_1_117' title="bbox 1943 5687 3438 5780">
    <p class='ocr_par' dir='ltr' id='par_1_117' title="bbox 1943 5687 3438 5780">
     <span class='ocr_line' id='line_1_117' title="bbox 1943 5687 3438 5780; baseline -0.007 -36"><span class='ocrx_word' id='word_1_773' title='bbox 1943 5689 2007 5744; x_wconf 84' lang='lat' dir='ltr'><strong>V.</strong></span> <span class='ocrx_word' id='word_1_774' title='bbox 2042 5688 2160 5780; x_wconf 77' lang='grc' dir='ltr'>18.ι</span> <span class='ocrx_word' id='word_1_775' title='bbox 2195 5688 2439 5757; x_wconf 89' lang='lat' dir='ltr'><strong>Domine,</strong></span> <span class='ocrx_word' id='word_1_776' title='bbox 2471 5695 2659 5746; x_wconf 90' lang='lat' dir='ltr'><strong>notum</strong></span> <span class='ocrx_word' id='word_1_777' title='bbox 2683 5688 2769 5744; x_wconf 87' lang='lat' dir='ltr'><strong>fac</strong></span> <span class='ocrx_word' id='word_1_778' title='bbox 2793 5687 2949 5751; x_wconf 91' lang='lat' dir='ltr'><strong>mihi,</strong></span> <span class='ocrx_word' id='word_1_779' title='bbox 2969 5693 3023 5742; x_wconf 91' lang='lat' dir='ltr'><strong>et</strong></span> <span class='ocrx_word' id='word_1_780' title='bbox 3043 5696 3386 5758; x_wconf 81' lang='lat' dir='ltr'><strong>cognoscam.</strong></span> <span class='ocrx_word' id='word_1_781' title='bbox 3417 5698 3438 5734; x_wconf 69' lang='grc' dir='ltr'><strong>ι</strong></span> 
     </span>
    </p>
   </div>
   <div class='ocr_carea' id='block_1_118' title="bbox 3052 5779 3124 5838">
    <p class='ocr_par' dir='ltr' id='par_1_118' title="bbox 3052 5779 3124 5838">
     <span class='ocr_line' id='line_1_118' title="bbox 3052 5779 3124 5838; baseline 0.014 -1"><span class='ocrx_word' id='word_1_782' title='bbox 3052 5779 3124 5838; x_wconf 75' lang='lat'><strong>‘21</strong></span> 
     </span>
    </p>
   </div>
  </div>
