3876 6304
523 294 620 360 851
1094 322 1097 327 λ
1600 282 2054 345 ΟΙΧΜΡῖΟΒΟἰ

2274 277 2707 339 EXANDRINI
3704 266 3805 329 62-2

522 405 771 461 ltevelari
791 403 897 460 sibi
929 403 1194 459 divinitus
1243 399 1378 471 petit
1402 406 1460 452 et
1500 412 1625 467 quae
1644 398 1720 452 ad
1767 411 1848 461 se,
1881 403 1936 449 et
1981 408 2049 463 qu

2274 388 2547 458 τοκάλυψιν
2578 387 2723 440 αἰτεῖ
2754 383 2944 439 λαϐεῖν
2991 384 3122 455 περι
3168 398 3229 434 τε
3274 380 3384 434 τῶν
3413 378 3545 435 καθ·
3584 378 3805 447 ἐαυτὸν,

520 496 585 549 ad
612 496 889 551 Christum
929 493 1182 549 attinent.

2202 483 2296 535 καὶ
2334 481 2444 534 τῶν
2473 481 2567 533 ἐπὶ
2594 479 2689 533 τοῦ
2720 478 2996 531 Δεσπότου
3027 473 3288 548 Χριστοῦ.

594 590 661 644 ν.
701 589 782 643 l9.
819 607 838 639 ι
867 585 982 657 Ego
1015 593 1197 640 autem
1250 581 1401 651 quasi
1431 595 1609 651 agnus
1632 581 1920 634 innocens.
1954 595 1973 628 ι
2032 575 2102 631 Ut

2278 592 2296 624 ι
2335 571 2478 641 Ἐγὼ
2507 572 2563 625 δὲ
2598 572 2673 634 ὡς
2701 570 2892 641 ἀρνίον
2916 570 3151 623 ἄκακον.
3189 586 3210 620 ι
3257 567 3347 628 Ὠς
3372 566 3487 637 γὰρ
3517 563 3802 637 πρόϐατον

525 695 670 734 emm
704 676 821 733 ovis
845 676 911 731 ad
928 656 1269 729 occisionem
1295 672 1492 727 ductus
1514 678 1602 725 est
1659 669 1945 735 Dominus,
2010 680 2056 721 st

2271 664 2299 716 τὶ
2329 663 2547 735 σφαγὴν
2575 662 2717 733 ἤχθη
2753 663 2781 714 ό
2806 660 3039 731 Κύριος,
3071 659 3213 712 κατὰ
3247 656 3341 709 τὸν
3378 656 3649 709 Ἡσαΐαν.
3694 656 3802 707 Οὐκ

526 772 766 828 cundum
799 770 987 823 Isaiam
1015 769 1058 820 ².
1088 766 1205 820 Non
1243 764 1460 819 restitit.
1494 783 1511 814 ι
1537 762 1656 817 Νοη
1696 762 1841 817 enim
1875 775 2057 814 concei

2264 758 2461 826 ιτέστη.
2498 773 2516 807 ι
2542 756 2617 808 Οὐ
2671 755 2781 824 γὰρ
2825 752 3021 824 ἐρίσει,
3052 751 3240 822 φησὶν,
3272 748 3395 802 οὐδὲ
3454 748 3795 819 κραυγάσει,

527 863 684 925 tahit,
714 862 805 924 ait,
844 875 945 913 nec
970 856 1315 919 exclamabit,
1333 870 1436 909 nec
1461 853 1798 924 intelligetur
1833 850 2058 905 forasvo

1894 865 2104 905 ras.vox
2204 849 2325 901 οὐδὲ
2359 846 2768 917 ἀκουσθήσεται
2796 842 2902 908 ἔξω
2926 844 2959 912 ἡ
2986 841 3141 912 φωνὴ
3175 838 3366 893 αὐτοῦ.
3405 857 3425 890 ι

524 956 643 1015 eius
659 956 695 1006 ³.
712 974 729 1005 ι

609 1064 628 1096 ι
660 1045 936 1097 Mittamus
971 1041 1196 1110 lignum.
1237 1057 1254 1089 ι
1332 1037 1413 1090 Ad
1468 1036 1788 1105 prophetam
1862 1031 2104 1103 quidem,

2284 1042 2303 1075 ι
2350 1022 2714 1094 Ἐμὸἁλωμεν
2746 1020 2925 1088 ξύλον.
2962 1038 2981 1071 ι
3021 1017 3168 1090 Πρὸς
3206 1016 3307 1088 μὲν
3337 1016 3433 1069 τὸν
3478 1014 3800 1085 προφήτην,

526 1138 748 1192 herbam
796 1105 1085 1203 quamdam
1124 1130 1403 1190 lethalem.
1452 1137 1512 1182 ut
1553 1126 1847 1182 eomedens
1900 1138 2057 1193 magn

2275 1114 2447 1184 τάνην
2485 1114 2610 1167 τινὰ
2652 1112 2977 1182 θανάσιμον,
3021 1111 3113 1164 ἵνα
3155 1108 3356 1163 ἐσθίων
3383 1107 3679 1162 όδυνᾶται.
3720 1105 3804 1177 Τῷ

526 1236 813 1298 urgeretur
854 1221 1154 1276 doloribus.
1197 1221 1270 1273 At
1302 1218 1559 1290 pretiosa).
1600 1216 1750 1271 cruci
1780 1228 1977 1284 panem
2027 1227 2056 1265 a

2208 1209 2263 1259 δὲ
2290 1206 2459 1276 τιμίῳ
2488 1203 2707 1275 σταυρῷ
2745 1204 2839 1257 τὸν
2869 1204 3034 1276 ἄρτον
3061 1200 3163 1271 τῆς
3189 1200 3335 1270 ζωῆς
3370 1197 3678 1268 ἐνέπηξαν.

526 1318 766 1370 lixcrunt
805 1314 956 1367 vitae.

604 1425 623 1457 ι
657 1406 725 1459 Et
756 1413 1070 1457 exteramus
1105 1417 1229 1454 eum
1296 1400 1363 1454 de
1404 1409 1548 1453 terra
1585 1398 1903 1459 viventium,
1934 1404 1989 1448 et
2010 1407 2101 1446 ιιοι

2284 1400 2301 1432 ι
2343 1382 2453 1434 Καὶ
2482 1377 2830 1448 ἐπιτρίψωμεν
2855 1376 3017 1431 αὐτὸν
3047 1375 3157 1428 ἀπὸ
3185 1373 3292 1443 γῆς
3327 1371 3579 1439 ζώντων,
3618 1373 3717 1425 καὶ
3743 1372 3799 1424 τὸ

528 1510 651 1548 men
683 1494 801 1562 ejus
827 1507 934 1544 non
964 1499 1295 1544 memoretur
1323 1489 1574 1557 amplius.
1616 1506 1633 1537 ι
1662 1486 1794 1540 Vide
1841 1493 1899 1538 ut
1920 1491 1973 1538 et
2008 1498 2059 1536 nt

2267 1490 2383 1543 Ιομα
2406 1470 2573 1524 αὐτοῦ
2598 1471 2657 1523 οὐ
2695 1469 2771 1540 μὴ
2805 1469 3017 1539 μνησθῇ
3052 1467 3261 1519 οὐκέτι.
3296 1484 3315 1516 ι
3357 1466 3502 1536 Ὅρα
3544 1465 3675 1527 πῶς
3709 1466 3798 1516 καὶ

530 1599 658 1639 men
688 1583 809 1651 ejus
830 1581 1175 1649 exstinguere
1208 1578 1445 1647 cupiant,
1479 1591 1548 1629 ne
1566 1574 1883 1629 memoriam
1897 1572 2061 1642 quide:

2265 1563 2498 1633 “iraun
2539 1562 2702 1616 αὑτὸν
2752 1563 2983 1630 ποιῆσαι
3043 1559 3326 1621 θέλουσιν,
3378 1558 3507 1611 οὐδὲ
3572 1559 3796 1627 μνήμην

535 1675 707 1745 ipsius
732 1680 948 1726 exstare
967 1671 1231 1726 volentes.
1264 1668 1396 1722 Nam
1433 1684 1541 1722 non
1574 1675 1782 1720 tantum
1843 1665 2066 1719 vivente:

2269 1654 2336 1708 νᾶ
2369 1652 2536 1706 αὑτοῦ
2582 1648 2722 1705 εἶναι
2753 1650 3089 1722 βουλόμενοι.
3118 1650 3193 1703 Οὐ
3227 1650 3340 1719 γὰρ
3368 1649 3432 1720 δὴ
3465 1648 3639 1718 μόνον
3667 1648 3797 1714 ζῶν-

535 1738 630 1821 sed
660 1773 715 1818 et
733 1762 932 1818 mortui
961 1761 1090 1832 justi
1122 1775 1312 1832 graves
1345 1768 1471 1813 sunt
1503 1752 2066 1828 peccatoribus.“ch

2266 1760 2334 1806 ις,
2377 1744 2515 1796 ἀλλὰ
2561 1743 2657 1796 καὶ
2702 1742 3139 1812 τελευτήσαντας
3180 1738 3508 1810 βαρύνονται
3548 1740 3691 1803 τοὺς
3727 1740 3797 1792 δι-

534 1865 592 1910 ut
620 1855 865 1909 Herodes
885 1830 1049 1907 etiam
1072 1830 1282 1906 Joanne
1318 1858 1601 1919 perempto
1651 1847 1827 1901 adhuc
1858 1844 2008 1898 illum
2041 1845 2065 1897 ti

2265 1836 2400 1899 ιίους
2468 1835 2519 1887 οἱ
2585 1833 2926 1906 ἁμαρτωλοί.
2984 1833 3146 1904 Ὁρᾷς
3212 1830 3483 1902 Ἡρώδην,
3524 1831 3655 1895 πῶς
3710 1831 3796 1885 τὸν

533 1958 705 2000 meret
736 1945 889 2015 quasi
919 1944 1191 1998 viventem
1228 1942 1285 1994 εἳ
1310 1942 1544 1995 Tantum
1584 1941 1728 1995 valet
1760 1938 1956 2000 virtus,
1991 1944 2064 1989 tat

2265 1928 2481 1995 ωόιννην
2511 1923 2739 1987 ἀνελὼν,
2769 1924 2843 1987 ὡς
2877 1922 3079 1988 ζῶντος
3108 1920 3253 1992 εἶχεν
3286 1925 3344 1976 ἐν
3369 1922 3555 1993 ἐαυτῷ
3597 1922 3791 1993 φόὸονς

532 2047 647 2094 tum
677 2037 918 2106 nequitia
955 2037 1125 2090 :adeo
1162 2036 1347 2089 timida
1381 2043 1435 2088 et
1478 2036 1598 2089 \ilis
1656 2034 1760 2087 ista
1818 2047 1923 2095 res,
1971 2030 2063 2085 ade

2262 2017 2463 2071 ισοῦτόν
2490 2020 2644 2070 ἐστιν
2679 2016 2873 2089 ἁρετὴ,
2903 2013 3163 2067 τοσοῦτον
3197 2013 3589 2079 κακία,οὖτως
3614 2016 3793 2083 ἐκείνη

529 2127 687 2184 tor-tis
707 2104 796 2180 illa
818 2136 874 2181 ct
912 2126 1175 2180 libertatis
1201 2125 1380 2195 plena.

2261 2110 2355 2181 illi]
2393 2110 2487 2162 καὶ
2525 2107 2814 2177 ἄνανδρος,
2844 2105 2967 2178 [ἄλ.
2996 2104 3175 2159 δειλὸν
3211 2106 3308 2159 καὶ
3332 2105 3656 2177 ἄνανδρον,]
3707 2105 3792 2159 οὗ·

2204 2219 2310 2266 τως
2339 2201 2479 2273 αὕτη
2512 2200 2735 2271 ἀνδρεία
2771 2199 2865 2251 καὶ
2894 2196 3459 2268 πεπαρῤησιασμένη.

602 2309 664 2362 V.
691 2308 778 2363 20.
808 2327 827 2358 ι
865 2306 946 2362 Ad
999 2316 1049 2361 te
1092 2307 1324 2361 revelavi
1370 2303 1814 2374 justiﬁcationem
1850 2316 2047 2356 meum.
2082 2317 2101 2351 ι

2283 2310 2300 2343 ι
2338 2292 2479 2362 Πρὸς
2510 2290 2569 2343 σὲ
2597 2287 2926 2357 ἁπεκάλυψα
2953 2286 3015 2339 τὸ
3043 2286 3330 2357 δικαίωμα
3360 2303 3486 2357 μου.
3524 2304 3545 2338 ι
3583 2286 3789 2342 Ambo.

531 2402 661 2456 Cum
690 2401 838 2454 enim
900 2398 1325 2462 maledicerctur,
1372 2411 1474 2447 non
1527 2393 1949 2458 remaledicebat,
1989 2407 2062 2444 cui

2258 2385 2493 2452 ιύμενος
2548 2382 2658 2452 γὰρ
2705 2384 2817 2435 οὐκ
2870 2378 3275 2446 ἀντελοιδόρει
3302 2421 3317 2446 ,
3375 2378 3643 2448 πάσχων
3686 2380 3789 2435 οὐκ

529 2503 817 2563 pateretur,
855 2506 956 2543 non
982 2487 1422 2551 comminabatur,
1453 2502 1507 2540 se
1550 2493 1729 2537 autem
1771 2484 1915 2552 juste
1959 2482 2060 2552 jud

2256 2475 2441 2528 πείλει
2467 2489 2482 2503 ο
2554 2472 2881 2540 παρεδίδου
2941 2472 3010 2527 δὲ
3062 2470 3146 2539 τῷ
3185 2473 3454 2540 κρίνοντι
3513 2471 3787 2537 δικαίως,

530 2562 672 2638 conti
703 2580 990 2652 prwbebat,
1024 2580 1177 2649 juxta
1210 2578 1452 2632 divinum
1479 2577 1782 2644 apostolum
1809 2576 1850 2629 '.

1479 2577 1782 2644 apostolum
1809 2576 1850 2629 '.
2206 2568 2349 2621 κατὰ
2377 2566 2467 2620 τὸν
2501 2566 2647 2635 ἱερὸν
2676 2562 2996 2619 ἀπόστολον.

602 2672 668 2727 V.
695 2674 782 2725 9.5.
821 2688 839 2721 ι
879 2670 1055 2738 Super
1083 2667 1413 2721 habitatores
1470 2665 1726 2718 Anathot.
1758 2682 1778 2716 ι
1822 2662 2108 2733 Prophetas

2280 2678 2298 2711 ι
2345 2659 2468 2711 Ἐπὶ
2517 2657 2647 2720 τοὺς
2702 2656 3096 2720 κατοικοῦντας
3149 2658 3208 2710 ἐν
3256 2655 3529 2710 Ἀναθὼθ.
3581 2673 3603 2708 ι
3652 2657 3789 2721 Τοὺς

533 2764 700 2828 cives,
731 2758 823 2831 qui
858 2760 1021 2813 etiam
1047 2758 1126 2813 illi
1154 2757 1440 2813 struebant
1469 2755 1718 2809 insidias.

2207 2750 2427 2812 πολίτας
2449 2748 2544 2803 τοῦ
2573 2751 2878 2820 προφήτου,
2906 2747 2955 2802 οἳ
2980 2747 3076 2801 καὶ
3105 2748 3472 2803 ἐπεϐούλευον
3507 2748 3684 2819 αὐτῷ.

1080 2958 1089 2965 _
1166 2889 1321 2945 CAP.
1352 2889 1468 2943 xu.
2221 2891 2253 2914 -

2221 2891 2253 2914 ⁸
2787 2881 3039 2935 ΚΕΦΔΛ.
3081 2878 3184 2937 lB'.

604 3011 668 3069 V.
693 3013 743 3065 1.
780 3028 797 3060 ι
835 3008 1021 3062 Justus
1052 3021 1135 3072 es,
1166 3004 1392 3059 Domine
1419 3021 1433 3057 :
1464 3005 1590 3073 quia
1619 2970 1944 3061 satisfaciam
1984 3003 2100 3058 tibi.

2292 3016 2310 3049 ι
2340 2996 2559 3071 Δίκαιος
2600 2991 2685 3063 εἴ,
2718 2995 2923 3068 Κύριε,
2953 2996 3036 3050 ὅτι
3074 2995 3489 3068 ἀπολογήσομαι
3525 2998 3666 3068 πρὸς
3704 2999 3785 3052 σέ.

533 3100 942 3155 Verumtamen.
984 3117 1002 3149 ι
1040 3097 1183 3162 Scio,
1210 3097 1303 3160 ait,
1349 3105 1399 3150 te
1437 3096 1642 3165 justum
1665 3111 1806 3161 esse,
1834 3095 1929 3150 sed
1982 3110 2056 3149 re.

2260 3090 2382 3160 λήν.
2417 3066 2453 3140 ιδ
2474 3087 2625 3153 Οἶδα,
2662 3066 2848 3160 φησὶν,
2875 3088 2956 3141 ὅτι
2997 3087 3207 3152 δίκαιος
3238 3066 3316 3141 si;
3359 3066 3520 3157 λόγον
3562 3066 3622 3142 δὲ
3654 3091 3788 3143 ἀπο-

535 3190 727 3244 dendae
765 3188 990 3243 rationis
1043 3188 1150 3243 vim
1195 3188 1249 3240 in
1299 3187 1404 3241 tuis
1444 3187 1667 3257 judiciis
1710 3186 1956 3255 exquiro.
2011 3184 2066 3240 Vt

2258 3181 2398 3248 ιγίας
2430 3181 2522 3235 ἐπὶ
2550 3179 2659 3232 τῶν
2702 3179 2808 3232 σῶν
2843 3179 3128 3249 χριμάτων
3159 3178 3425 3249 ἐπιζητῶ.
3463 3180 3538 3233 ’Ἠ
3572 3182 3673 3234 καὶ
3698 3179 3789 3234 οὒ-

535 3280 616 3335 sic
647 3299 658 3333 :
688 3277 828 3343 Tibi,
864 3278 1266 3347 Domine,quod
1293 3278 1473 3346 justus
1493 3277 1587 3341 sis,
1611 3277 1745 3331 mihi
1774 3277 2066 3347 praemittcr

2253 3292 2316 3338 ιυς
2338 3289 2352 3304 ·
2382 3273 2504 3345 Χρή
2540 3290 2609 3343 με
2652 3274 2922 3344 πρότερον
2955 3272 3407 3343 ἀπολογήσασθαί
3447 3290 3555 3339 σοι,
3589 3273 3784 3345 Κύριε,

536 3365 696 3430 dum;
726 3365 921 3420 deinde
953 3381 1128 3421 causae
1158 3366 1450 3421 dubiorum
1475 3365 1830 3435 inquirendae.

2256 3384 2291 3420 :t
2328 3366 2538 3429 δίκαιος
2576 3364 2656 3429 εἶ,
2693 3363 2812 3417 εἷτα
2845 3364 3079 3436 ζητῆσαι
3116 3364 3225 3418 τῶν
3255 3365 3658 3436 ἀπορουμένων
3692 3370 3787 3434 τὴν

2210 3458 2412 3513 αἰτίαν.

610 3563 629 3596 ι
660 3544 802 3610 Quid
858 3552 943 3598 est
992 3543 1136 3612 quod
1185 3543 1272 3597 via
1331 3540 1623 3612 impiorum
1651 3543 2041 3612 prosperatur?
2083 3562 2101 3595 ι

2290 3568 2309 3602 ι
2359 3551 2424 3603 Tt
2460 3550 2541 3603 ὅτι
2586 3548 2707 3614 ὁδὸς
2750 3546 2964 3602 ἀσεϐῶν
3006 3547 3319 3616 εὐοδοῦται;
3357 3567 3376 3601 ι
3406 3545 3572 3615 Οἶδας
3608 3551 3694 3605 ὅτι
3727 3551 3782 3602 οὐ

534 3635 685 3689 Nosti
718 3634 867 3703 quod
894 3648 1003 3687 non
1038 3631 1239 3686 invidia
1294 3640 1473 3686 motus
1497 3630 1709 3700 loquor,
1758 3632 1852 3686 sed
1885 3633 2065 3702 perqui

1518 3646 1709 3700 oquor,
1758 3632 1852 3686 sed
1885 3632 2106 3702 perqui-
2213 3637 2426 3705 φθονῶν
2455 3637 2622 3704 λαλῶ,
2652 3636 2768 3691 ἀλλ’
2800 3636 3043 3707 ἐρωτῶν.

535 3742 686 3780 rens.
2702 3724 2705 3729 λ

613 3814 672 3870 ν.
706 3815 760 3871 ‘2.
798 3834 816 3867 ι
853 3814 1114 3870 Plantasti
1143 3818 1257 3869 e'os.
1306 3833 1324 3866 ι
1379 3813 1496 3867 Iloc
1525 3824 1630 3879 est,
1660 3813 1946 3868 condidisti
1992 3829 2103 3878 eos,

2283 3830 2303 3865 ι
2346 3812 2680 3882 Ἐφύτευσας
2717 3812 2935 3878 αὐτούς.
2976 3832 2995 3867 ι
3024 3814 3173 3870 ’Δντὶ
3196 3813 3315 3883 τοῦ,
3344 3815 3778 3889 ἐδημιούργησας

534 3919 590 3963 ιιι
622 3910 863 3963 omnium
888 3908 1089 3979 Opifex,
1145 3923 1265 3973 nec,
1321 3922 1446 3961 cum
1472 3906 1875 3976 delinquerent,
1941 3906 2065 3961 exci:

2248 3905 2427 3970 ὑτοὺς,
2464 3904 2540 3968 ὡς
2581 3905 2798 3960 πάντων
2848 3905 3104 3979 ποιητὴς,
3153 3908 3249 3962 καὶ
3297 3909 3402 3963 οὐκ
3444 3909 3779 3982 ἐξεκόπησαν

533 4008 680 4054 sunt.

2208 3998 2639 4069 ἁμαρτάνοντες.

608 4110 626 4139 ο
665 4088 838 4157 Prope
870 4103 930 4144 es
962 4097 1017 4142 tu
1046 4089 1128 4143 ori
1159 4104 1370 4154 eorum,
1425 4094 1479 4142 et
1511 4087 1669 4159 longe
1704 4103 1733 4141 a
1763 4087 1984 4142 renibus
2013 4102 2107 4140 eo-

2285 4108 2303 4141 ι
2351 4088 2549 4158 Ἐγγὺς
2581 4084 2634 4142 εἴ
2677 4090 2741 4143 σὺ
2769 4088 2864 4143 τοῦ
2893 4089 3164 4163 στόματος
3203 4092 3410 4158 αὐτῶν,
3460 4094 3559 4149 καὶ
3597 4096 3779 4168 πόρῤω

536 4194 675 4232 rum.
715 4198 732 4230 ι
761 4178 939 4242 Nosti,
970 4179 1069 4243 ait,
1099 4179 1246 4248 quod
1274 4178 1430 4232 labiis
1463 4186 1673 4232 tantum
1733 4188 1782 4231 te
1816 4178 2067 4231 honorant

2248 4180 2316 4232 πὸ
2343 4180 2452 4233 τῶν
2501 4181 2714 4251 νεφρῶν
2746 4182 2951 4238 αὐτῶν.
2991 4203 3011 4236 ι
3044 4181 3207 4249 οἶδας
3231 4226 3247 4253 ,
3279 4188 3472 4259 φησὶν,
3499 4189 3589 4243 δτι
3623 4191 3777 4259 μέχρι

534 4286 636 4323 nec
659 4285 755 4323 eos
792 4269 1178 4323 aﬂlictionibus
1203 4284 1448 4333 exerces,
1474 4276 1533 4322 ut
1574 4267 1845 4337 profunda
1906 4268 2065 4323 menti

2266 4271 2434 4325 ,ιλέων
2462 4272 2667 4344 τιμῶσί
2708 4291 2768 4328 σε
2790 4316 2805 4341 ,
2844 4277 2940 4331 καὶ
2979 4278 3080 4331 οὐκ
3104 4279 3337 4348 ἐπάγεις
3365 4282 3559 4345 αὐτοῖς
3588 4299 3797 4353 πειρα-.

530 4377 720 4416 eorum
750 4362 968 4430 probes.
1811 4427 1815 4431 ὓ

2275 4364 2404 4429 ιοὺς,
2434 4363 2522 4417 ἵνα
2558 4364 2864 4437 δοκιμάσῃς
2908 4367 3088 4421 αὐτῶν
3115 4368 3179 4422 τὰ
3206 4367 3350 4441 βάθη
3395 4369 3495 4441 τῆς
3524 4371 3773 4432 διανοίας.
3802 4356 3806 4361 ’

606 4414 672 4503 V.
709 4414 766 4504 δῖ
799 4469 816 4500 ι
849 4414 1080 4503 Puriﬁca
1102 4462 1196 4502 eos
1219 4448 1275 4502 in
1306 4449 1393 4503 die
1424 4450 1733 4503 occisionis.
1772 4427 1951 4506 {Non
1985 4450 2103 4507 illos
2135 4417 2137 4469 ἶ

2283 4474 2300 4506 ι
2332 4455 2593 4524 Ἃγνισον
2617 4414 2830 4522 αὐτοὺς⁸
2856 4459 2936 4522 εις
2963 4458 3178 4531 ἡμέραν
3206 4414 3465 4533 ⁸σφαγῆς.⁵
3492 4480 3511 4514 ι
3549 4464 3626 4517 οὐ
3655 4444 3804 4517 κατε.

532 4540 884 4609 imprccando
917 4540 1035 4593 haec
1058 4538 1211 4603 dicit,
1256 4539 1351 4593 sed
1377 4548 1527 4594 certo
1575 4539 1773 4602 sciens,
1809 4540 1948 4607 illos,
2006 4550 2060 4596 et

2235 4547 2499 4618 υχόμενος
2532 4545 2713 4601 αὐτῶν
2738 4546 2896 4600 τοῦτό
2930 4564 3116 4618 φησιν,
3152 4550 3290 4604 ἀλλὰ
3322 4551 3766 4626 πληροφορούμει

535 4629 711 4695 tarde,
738 4644 928 4698 punias
957 4639 1138 4682 tamen
1163 4630 1386 4683 omnino
1406 4629 1649 4685 daturos.
1679 4630 1814 4685 lllud
1840 4647 1988 4697 vero,
2006 4649 2066 4702 pu

2241 4655 2314 4703 ος,
2344 4638 2429 4691 ὅτι
2470 4639 2522 4689 εἰ
2558 4638 2653 4690 καὶ
2679 4637 2871 4708 βραδὺ,
2906 4638 3046 4709 πλὴν
3077 4639 3198 4709 ἥξει
3228 4642 3263 4713 ή
3295 4645 3547 4716 τιμωρία
3576 4646 3772 4707 αὐτοῖς.

536 4720 885 4788 riﬁca,valct
908 4722 1049 4775 idem
1081 4720 1246 4790 quod,
1311 4719 1581 4791 Prmpara,
1627 4730 1687 4776 ut
1741 4722 1796 4777 in
1852 4735 2067 4795 prompt

2243 4730 2276 4782 ’ὸ
2321 4730 2399 4796 δὲ,
2449 4729 2723 4799 ἅγνισον,
2776 4731 2898 4785 ἀντὶ
2952 4730 3080 4796 τοῦ,
3119 4732 3463 4805 Ἑτοίμασον,
3524 4736 3774 4807 εὐτρέπι-

530 4814 660 4879 sint,
691 4814 847 4884 quasi
881 4814 1068 4869 hostia:
1108 4815 1469 4869 immolandas.

2206 4839 2320 4888 σον,
2352 4822 2425 4885 ὼς
2448 4824 2541 4875 ἐπὶ
2568 4822 2673 4875 τῶν
2709 4823 3016 4894 μελλόντων
3043 4825 3292 4885 θύεσθαι.

597 4904 663 4960 ν.
697 4906 749 4961 4.
785 4926 803 4958 ι
843 4907 1026 4961 Deleta
1058 4919 1187 4961 sunt
1215 4908 1462 4976 jumenta
1489 4913 1545 4960 et
1570 4906 1827 4962 volatilia.
1872 4926 1890 4959 ι
1916 4905 1997 4963 Ob
2019 4908 2103 4963 in-

2281 4931 2300 4965 ι
2347 4914 2757 4985 Ἠφανὶσθησαν
2804 4919 2976 4989 κτήνη
3031 4922 3125 4971 καὶ
3178 4919 3425 4973 πετεινά.
3460 4936 3481 4971 ι
3531 4920 3638 4974 Διὰ
3682 4921 3776 4990 τὴν

525 5001 921 5056 fecunditatem
956 5000 1370 5056 terrae.Sensus
1421 5008 1603 5052 autem
1657 4998 1988 5053 erit:Bruta
2047 5019 2056 5052 ι

2244 5004 2437 5101 φορίαν
2476 5006 2576 5076 τῆς
2622 5007 2745 5077 γῆς.
2792 5011 2937 5080 Πρὸς
2977 5009 3036 5064 δὲ
3064 5010 3328 5079 διάνοιαν,
3374 5011 3545 5081 κτήνη
3580 5011 3653 5065 ἂν
3690 5013 3775 5067 καὶ

528 5091 791 5155 volatilia,
829 5090 1080 5144 homines
1108 5096 1519 5153 evanescentes,
1550 5089 1641 5158 qui
1673 5089 1771 5144 etsi
1794 5090 2059 5145 caelestiut

2242 5096 2436 5151 ιετεινὰ
2467 5098 2667 5193 νοήσῃς
2707 5100 3147 5171 ἀφανιζομένους
3174 5100 3524 5175 ἀνθρώπους,
3548 5102 3661 5157 τῶν
3684 5104 3773 5172 μὲν

529 5180 802 5237 desiderio
871 5189 1196 5246 teneantur,
1269 5197 1297 5235 a
1355 5180 1589 5240 terrenis
1645 5186 1821 5234 tamen
1877 5196 1988 5236 non
2041 5196 2060 5237 ε

2242 5186 2472 5257 ὒρανιων
2501 5185 2923 5258 ἐπιθυμοῦντας,
2941 5190 3050 5245 τῶν
3077 5191 3133 5244 δὲ
3159 5192 3419 5260 ἐπιγείων
3443 5192 3521 5263 μὴ
3550 5193 3773 5263 ἀφιστα-

527 5273 789 5327 avellunt.
1757 5308 1761 5312 .

1757 5308 1761 5312 ~
2204 5279 2417 5335 μένους.

598 5297 789 5327 ιςιιυιιι.
1757 5308 1761 5312 ”

598 5364 661 5419 ν.
693 5365 745 5420 5.
786 5384 804 5416 ι
844 5362 943 5418 Tui
966 5365 1131 5435 pedes
1167 5373 1414 5430 currunt,
1447 5375 1501 5419 et
1529 5365 1833 5421 dissolvunt
1861 5374 1932 5421 te.
1975 5365 2095 5472 ).Ad

2247 5297 2418 5335 evow.

2277 5390 2297 5426 ι
2335 5313 2436 5424 Σοῦ
2470 5372 2521 5425 οἱ
2562 5370 2726 5434 πόδες
2752 5371 3039 5442 τρέχουσι,
3066 5371 3162 5426 καὶ
3183 5373 3442 5428 ἐκλύουσι
3472 5391 3551 5429 σε.
3577 5392 3599 5426 ι
3637 5374 3774 5447 Πρὸς

526 5464 816 5527 peccantes
856 5456 913 5510 lit
955 5456 1045 5510 hic
1095 5472 1322 5510 sermo:
1355 5454 1650 5511 Currentes
1695 5457 1862 5523 enim,
1899 5454 2057 5526 ait,'a

2241 5463 2330 5526 οὺς
2361 5461 2778 5534 ἁμαρτάνοντας
2815 5462 2843 5514 ό
2873 5461 3030 5530 λόγος
3049 5477 3063 5492 ·
3096 5461 3398 5533 Τρέχοντες
3419 5463 3552 5536 γὰρ,
3590 5463 3772 5535 φησιν,

527 5548 685 5612 mala,
729 5563 927 5602 nervos
962 5547 1177 5602 virtutis
1212 5546 1531 5603 dissolvitis.

2206 5553 2297 5607 ἐπὶ
2324 5554 2393 5607 τὰ
2423 5553 2660 5625 πονηρὰ,
2693 5553 2914 5608 ἐκλύετε
2948 5556 3074 5619 τοὺς
3106 5554 3297 5631 τόνους
3325 5554 3427 5628 τῆς
3451 5556 3677 5629 ἀρετῆς.

2704 5636 2733 5662 f

597 5679 616 5710 ¹
642 5680 748 5739 lsa.
778 5698 892 5751 un,
923 5685 973 5738 7.
1052 5660 1212 5740 a‘lsa.
1235 5700 1365 5753 xui,
1393 5687 1446 5741 2.
1525 5687 1549 5721 ⁸
1571 5687 1803 5757 Luc.1x,
1837 5690 1892 5770 ξ).
1969 5694 1988 5725 ⁸
2022 5692 2038 5747 l
2074 5692 2318 5767 Petra",
2351 5692 2441 5748 25.
