3876 6304
182 258 315 324 653

284 388 306 421 ε
344 365 468 429 Πῶς
517 362 916 436 παρασκευάσῃ
968 363 1053 430 ἐφ’
1102 363 1324 426 ἵππους.
1365 381 1382 412 t
1437 361 1562 425 Πῶς
1618 375 1788 428 ἐτροτῖ·⁸
1821 398 1860 449 Δ

187 460 426 533 κρούων
459 455 612 527 Θεῷ,
648 455 703 510 δί
752 454 983 523 ἱππικῆς
1020 452 1273 525 βοηθείας
1309 453 1586 516 πιστεύεις
1623 449 1791 514 σώζε-

191 553 381 618 σθαις
433 549 577 621 Πρὸς
630 552 688 600 δὲ
726 546 992 611 διάνοιαν,
1044 547 1200 600 ἵπποι
1247 546 1337 600 τὸν
1385 548 1528 601 θεῖον
1577 546 1792 616 ἔχοντες

187 644 582 716 ὶποχούμενον
612 642 792 709 λόγον,
822 641 1114 695 ἀπόστολοι
1166 643 1261 695 καὶ
1299 644 1599 713 προφῆται.
1669 639 1792 702 Πῶς

188 735 307 792 οὖν
331 735 587 798 δύνασαι,
620 732 777 803 φησὶ,
802 729 1327 801 παρασκευάζεσθαι
1352 733 1431 793 εἰς
1458 729 1555 801 τὴν
1585 728 1792 783 τούτων

190 829 509 900 ὠφέλειαν,
543 825 614 879 τά
647 824 750 893 τῆς
781 821 981 885 κακίας
1015 820 1152 892 ἔργα
1187 820 1576 892 μεταδιώκων;

287 1023 305 1056 ι
334 1004 447 1057 Καὶ
493 1004 550 1056 ὲν
588 1004 659 1073 γῇ
713 1001 938 1073 εἰρήνης
995 1015 1088 1051 σου
1131 997 1432 1062 πέποιθας;
1465 1016 1482 1048 ι
1532 997 1623 1067 Μὴ
1656 996 1816 1068 θάῤ-’

199 1098 335 1169 ρει,
391 1094 587 1165 φησὶν,
622 1092 717 1145 ἐπὶ
755 1094 822 1163 τῇ
861 1090 955 1143 νῦν
988 1092 1183 1161 εἰρήνῃ
1219 1090 1315 1159 τῆς
1345 1088 1480 1159 γῆς*
1534 1087 1655 1159 ἥξει.
1682 1087 1790 1157 γὰρ

196 1189 432 1251 πάντως
472 1188 501 1239 ὁ
547 1184 816 1255 πόλεμος,
872 1181 966 1236 σοῦ
1016 1181 1490 1253 πλημμελοῦντος.
1548 1180 1692 1251 Πρὸς
1735 1180 1792 1233 δὲ

197 1281 488 1334 διάνοιανο
523 1276 645 1339 Πῶς
693 1274 846 1345 δύνῃ,
892 1275 1081 1345 φησὶν,
1114 1273 1206 1326 ἐπὶ
1234 1275 1300 1344 τῇ
1335 1270 1535 1341 γνώσει
1572 1273 1671 1338 τῆς
1703 1270 1792 1322 εὐ-

202 1372 434 1436 σεϐείας
468 1370 698 1442 θαρρεῖν
733 1368 1106 1439 άμαρτάνων;
1139 1365 1219 1436 Γῆ
1252 1365 1361 1435 γὰρ
1391 1365 1616 1436 εἰρήνης
1647 1364 1792 1416 ἐστὶν

200 1471 243 1541 ἡ
275 1465 551 1530 εὐσέϐεια,
582 1465 650 1518 δι’
680 1458 749 1536 ἦς
781 1462 917 1532 πρὸς
949 1460 1081 1514 Θεὸν
1108 1459 1491 1532 είρηνεύομεν.

290 1582 310 1614 ι
347 1561 467 1624 Πῶς
516 1558 766 1629 ποιήσεις
807 1558 865 1609 ἐν
914 1556 1236 1626 φρυάγματι
1285 1552 1381 1606 τοῦ
1426 1551 1725 1622 Ἰορδάνου;
1771 1569 1787 1599 ι

201 1653 492 1723 Καύχημα
536 1650 630 1718 τοῦ
670 1648 971 1718 Ἰορδάνου,
1016 1646 1078 1699 τὸ
1129 1647 1274 1698 θεῖον
1319 1644 1624 1715 βάπτισμα.
1671 1643 1793 1705 Πῶς

1350 251 1815 313 FRAGMENTA
1848 248 1926 307 IN
1956 246 2383 307 JEREMIAM.

1966 374 1983 405 ι
2023 355 2310 420 Quomodo
2365 355 2760 427 pracparaheris
2811 355 2865 410 in
2915 357 3110 427 equis?
3143 377 3161 410 ι
3197 358 3485 425 Quomodo

1898 442 2069 498 Deum
2132 446 2418 501 oil'endcns
2478 446 2721 516 equestri
2802 448 3009 504 auxilio
3092 449 3322 507 salutem
3383 455 3482 512 tibi

1897 536 2138 590 futuram
2177 539 2372 607 putas?
2411 536 2740 608 Spiritaliter
2786 549 2991 605 autem,
3052 541 3177 612 equi
3233 545 3479 604 divinum

1897 644 2208 684 sermonem
2264 630 2595 686 it‘sidentem
2646 640 2923 703 gestantes
2971 635 3205 704 apostoli
3259 650 3387 693 sunt
3426 650 3484 695 et

1896 722 2198 791 prophetae.
2225 721 2512 788 Quomodo
2540 723 2720 795 igitur,
2753 724 2949 797 inquit,
2972 728 3038 782 ad
3061 728 3386 799 capiendam
3413 747 3483 788 ex

1896 812 1962 868 iis
1992 814 2278 869 utilitatem
2314 823 2363 870 te
2388 831 2706 887 comparare
2733 827 2914 888 potes,
2946 820 3037 890 qui
3064 821 3283 878 malitia:
3313 839 3480 897 opera

1896 906 2141 975 sequeris
2161 906 2185 959 ?

1972 1016 1991 1050 ι
2034 999 2098 1052 Ει
2125 1000 2176 1053 in
2209 1007 2351 1055 terra
2392 1003 2543 1071 pacis
2593 1012 2698 1058 tuae
2730 1004 3046 1083 confidisti?
3084 1025 3101 1059 ι
3138 1007 3215 1063 Ne
3241 1010 3475 1080 confide,

1894 1089 1988 1155 ait,
2024 1091 2165 1160 paci,
2200 1108 2305 1161 qua
2368 1109 2516 1148 nunc
2548 1101 2692 1149 terra
2736 1095 2973 1165 fruitur;
3025 1098 3283 1157 adveniet
3327 1104 3475 1158 enim

1895 1184 2122 1239 omnino
2156 1185 2382 1249 bellum,
2413 1194 2464 1241 te
2492 1202 2721 1255 peccare
2751 1203 2863 1243 non
2907 1189 3211 1248 desinente.
3254 1193 3478 1265 Mystice

1895 1290 2025 1330 vero
2049 1295 2060 1328 :
2085 1275 2369 1343 Quomodo
2393 1289 2565 1348 potes,
2589 1279 2684 1343 ait,
2702 1280 2979 1337 conlidere
3008 1284 3216 1340 notitia:
3238 1285 3476 1355 pietatis,

1896 1368 2262 1438 delinquens?
2285 1369 2451 1425 Terra
2485 1372 2632 1425 enim
2661 1372 2809 1442 pacis
2838 1382 2924 1428 est
2957 1373 3151 1444 pietas,
3186 1392 3285 1446 per
3313 1394 3474 1448 quam

1896 1475 2003 1529 pax
2034 1473 2118 1516 est
2147 1462 2308 1516 nobis
2341 1478 2467 1517 cum
2492 1462 2622 1517 Deo.

1973 1571 1990 1601 ι
2048 1552 2333 1617 Quomodo
2384 1553 2551 1609 facies
2611 1554 2666 1609 in
2728 1554 2951 1612 fremitu
2979 1558 3273 1615 Iordanis?
3318 1563 3475 1620 rites

1896 1659 2059 1713 quam
2120 1643 2389 1701 Jordanes
2457 1647 2720 1717 gloriatur
2760 1663 2975 1705 sacrum
3044 1652 3313 1723 baptisma
3366 1666 3471 1712 est.

200 1740 309 1798 οὖν
363 1742 494 1812 δύνῃ
549 1739 858 1810 καυχᾶσθαι
912 1738 1005 1792 ἐπὶ
1070 1737 1148 1809 τῷ
1203 1735 1541 1807 βαπτίσματι
1607 1736 1786 1806 ἁμαρο

1912 1734 2176 1799 ὶιιοιιιοιῖι)
2219 1751 2347 1807 ergo
2394 1748 2550 1806 potes
2601 1737 2822 1809 gloriari
2862 1741 2915 1795 in
2978 1744 3305 1813 baptismate
3342 1761 3475 1817 pec-

200 1838 390 1893 tdtuwv
411 1852 426 1898 ;

290 1948 308 1979 ι
350 1929 445 1981 Ἐκ
474 1926 582 1979 τῶν
612 1926 787 1979 ὀπίσω
825 1943 920 1979 σου
956 1921 1424 1994 ἑπισυνήχθησαν,
1456 1921 1533 1994 μὴ
1565 1921 1791 1975 πιστεύ-

207 2037 313 2094 σῃς
351 2023 408 2072 ὲν
435 2020 637 2083 αὐτοῖς.
675 2039 692 2070 ι
727 2021 788 2072 Εἰ
816 2018 914 2087 μὲν
950 2017 1089 2088 πρὸς
1117 2016 1209 2069 τὸν
1240 2015 1527 2086 προφήτην
1553 2016 1580 2067 ὁ
1611 2014 1787 2084 λόγος,

208 2184 503 2256 ἐϐούλοντο
533 2201 697 2253 αὐτὸν
728 2199 961 2253 ἀνελεῖν.
995 2199 1057 2251 Et
1083 2197 1138 2251 δὲ
1163 2197 1300 2268 πρὸς
1325 2196 1416 2249 τὸν
1444 2196 1788 2266 ἁμαρτωλόνο

208 2294 279 2345 Οί
310 2291 496 2352 πάλαι,
541 2290 708 2360 φησὶ,
744 2290 834 2343 διὰ
868 2288 962 2359 τὴν
993 2288 1277 2343 εὐσέϐειαν
1308 2288 1789 2359 προσῳκειωμένοι

213 2402 325 2447 σοι,
356 2382 450 2437 νῦν
475 2381 859 2453 βδελύσσονταί
888 2398 970 2446 σε,
1001 2383 1095 2436 καὶ
1123 2381 1379 2452 πολέμιοί
1399 2398 1485 2433 σοι
1507 2380 1787 2452 γεγόνασι,

208 2478 314 2533 καὶ
343 2475 665 2530 ὲκδώκουσί
691 2492 774 2530 σε.
1254 2522 1259 2525 ,

299 2588 318 2620 ι
356 2568 448 2638 Μὴ
474 2566 737 2638 σπήλαιον
769 2565 979 2635 ὑαίνης.
1018 2585 1036 2616 ι
1076 2566 1148 2618 Τὸ
1174 2568 1271 2635 τῆς
1311 2565 1499 2635 ὑαίνης
1529 2564 1792 2635 σπήλαιον

217 2660 424 2733 μεστόν
461 2661 610 2726 ἐστιν
657 2656 1039 2729 ἀκαθαρσίας,
1093 2659 1189 2711 καὶ
1239 2657 1442 2709 ὀστέων
1483 2656 1695 2727 νεκρῶν
1728 2657 1793 2707 ἐκ

214 2749 497 2821 διαφόρων
542 2749 832 2819 σωμάτων.
867 2747 1110 2801 Τοιοῦτοι
1137 2746 1193 2798 δὲ
1239 2742 1380 2817 ἦσαν
1421 2747 1472 2800 oi
1507 2746 1616 2799 τῶν
1661 2747 1790 2798 ἰου-

213 2843 386 2897 δαίων
419 2840 755 2912 καθηγηταὶ,
782 2840 947 2910 τάφοι
972 2838 1375 2910 κεκονιαμένοι,
1404 2837 1603 2890 ἔσωθεν
1624 2837 1681 2889 δὲ
1702 2836 1790 2903 γέ-

221 2951 420 3006 μοντες
449 2918 652 2987 ὀστέων
692 2931 920 3002 νεκρῶν,
950 2931 1194 2985 τουτέστι
1234 2929 1415 3000 πάσης
1449 2926 1793 2998 ἀκαθαρσίας

216 3024 668 3093 πεπληρωμένοι.

299 3134 318 3168 ι
344 3115 681 3169 Ἐλθέτωσαν
710 3113 803 3168 τοῦ
830 3116 1028 3184 φαγεῖν
1058 3114 1278 3183 αὐτὴν.»
1309 3112 1492 3166 Πάντα
1524 3111 1586 3164 δι’
1614 3112 1793 3181 ἁμαρ-
1821 3111 1861 3138 “

218 3208 344 3263 τίαν
377 3204 719 3277 πολεμοῦντα
761 3205 851 3259 τὸν
892 3204 1216 3276 ἄνθρωπον·
1263 3204 1400 3274 πρὸς
1443 3203 1497 3255 δὲ
1553 3202 1793 3272 ἱστορίαν

218 3301 351 3363 τοὺς
393 3299 699 3371 Ῥωμαίους
743 3297 927 3368 φησίν.

301 3412 319 3443 ι
348 3391 613 3460 Ποιμένες
642 3380 827 3443 πολλοὶ
844 3388 1159 3459 διέφθειραν
1188 3389 1278 3442 τὸν
1309 3385 1607 3457 ἀμπελῶνά
1633 3402 1733 3456 μου
1771 3404 1787 3434 ι

234 3482 305 3537 Ἦ
354 3483 496 3536 κατὰ
533 3480 668 3535 Θεὸν
718 3480 1051 3548 ποιμαντικὴ
1098 3478 1199 3550 μία
1233 3478 1401 3531 ἐστίν.
1434 3479 1497 3529 0t
1527 3476 1581 3529 δε
1610 3475 1795 3527 πολλοὶ

219 3572 485 3642 ποιμένες
509 3612 522 3636 ,
562 3569 674 3623 εἴτε
711 3568 974 3633 Ἰουδαῖοι,
1016 3569 1124 3621 εἴτε
1163 3567 1421 3636 Ἕλληνες
1445 3607 1459 3632 ,
1492 3565 1604 3618 εἴτε
1639 3566 1792 3634 αἱρε-

217 3664 390 3728 τικοὶ,
419 3660 713 3732 διαφόρους
737 3659 1087 3730 εἰσηγοῦνται
1117 3659 1463 3722 διδασκαλίας
1491 3699 1506 3724 ,
1537 3658 1632 3712 καὶ
1663 3656 1793 3710 ἓκα-

220 3773 348 3819 στος
375 3754 472 3826 τήν
510 3751 705 3808 ἑαυτοῦ
733 3752 996 3823 κρατῦναι
1024 3740 1270 3824 βούλεται
1291 3769 1305 3784 ο
1336 3752 1456 3807 ὅθεν
1490 3753 1583 3806 καὶ
1610 3751 1796 3819 διάφο-

223 3864 312 3920 ροι
340 3846 448 3900 τῶν
473 3845 881 3917 διδασκομένων
915 3846 966 3899 οἱ
998 3844 1212 3915 τρόποι.

300 3957 319 3991 ι
355 3938 432 3992 Δι’
466 3940 569 4010 ἐμὲ
615 3936 909 4008 ἀφανισμῷ
948 3935 1221 4006 ἠφανίσθη
1256 3937 1406 3989 πᾶσα
1449 3937 1482 4006 ἠ
1516 3935 1607 4005 γῆ.
1637 3954 1654 3986 ι
1700 3935 1795 3987 Ἐκ

223 4033 328 4104 μὲν
353 4031 446 4085 τοῦ
481 4029 777 4104 προσώπου
810 4027 906 4085 τοῦ
949 4028 1157 4100 Κυρίου
1186 4028 1477 4098 λεγόμενον
1502 4027 1672 4096 δηλοῖ,
1713 4025 1794 4080 ὅτι

221 4123 315 4177 διὰ
343 4123 440 4195 τήν
471 4126 551 4186 είς
575 4122 740 4176 αὐτὸν
764 4120 982 4192 σφαγὴν
1007 4119 1283 4191 ἠφανίσθη
1311 4119 1419 4171 τῶν
1457 4117 1722 4172 Ἰουδαίων
1759 4118 1793 4189 ἠ

225 4214 382 4287 χώρα
402 4232 415 4246 ·
454 4218 520 4268 ἐκ
542 4214 599 4268 δὲ
628 4212 723 4267 τοῦ
770 4211 952 4267 κοινοῦ
983 4213 1083 4284 τῆς
1116 4211 1539 4284 ἀνθρωπότητος
1566 4211 1794 4280 λεγόμε-

223 4323 316 4361 νον
348 4306 630 4376 σημαίνει,
669 4306 751 4360 ὅτι
776 4306 864 4359 διὰ
891 4305 983 4359 τὸν
1012 4305 1299 4375 ἄνθρωπον
1340 4292 1433 4357 τὸν
1463 4301 1794 4357 ἐνδεδωκότα

1892 1826 2105 1880 cando?

1967 1912 2028 1966 V.
2066 1914 2116 1967 6.
2159 1932 2176 1965 ι
2219 1915 2288 1968 Ex
2333 1917 2722 1985 posterioribus
2753 1919 2862 1973 tuis
2891 1926 3198 1995 congregati
3231 1936 3379 1993 sunt,
3405 1943 3476 1984 ue

1894 2006 2085 2059 credas
2138 2008 2238 2072 eis,
2276 2008 2424 2084 quia,
2467 2028 2485 2059 ι
2537 2019 2643 2064 etc.
2683 2010 2740 2064 Si
2793 2012 2860 2066 ad
2909 2015 3233 2084 prophetam
3265 2029 3477 2088 sper-tat

1894 2096 1985 2151 hic
2014 2113 2212 2162 sermo,
2261 2100 2329 2152 de
2387 2099 2469 2154 his
2513 2099 2605 2169 qui
2653 2114 2809 2158 erant
2840 2103 2894 2158 in
2945 2103 3223 2162 Anathoth
3263 2110 3475 2167 civibus

1893 2189 2011 2257 ejus
2037 2190 2131 2248 ait.
2170 2191 2258 2259 qui
2307 2207 2431 2245 eum
2474 2193 2791 2250 interimere
2827 2196 3108 2253 volebant.
3159 2199 3216 2256 Si
3244 2218 3375 2258 vero
3404 2206 3476 2261 ad

1895 2290 2285 2349 pec-calorem:
2336 2281 2437 2349 Qui
2481 2285 2576 2340 tibi
2633 2287 2783 2349 olim,
2829 2287 3024 2358 inquit,
3081 2291 3299 2361 pietatis
3345 2310 3475 2368 ergo

1893 2377 2051 2423 erant
2078 2371 2456 2436 addictissimi,
2481 2390 2631 2430 nunc
2672 2384 2723 2430 te
2751 2377 3155 2449 abominantur,
3188 2392 3245 2438 et
3290 2383 3475 2442 hostes

1894 2460 2072 2515 eti‘ecti
2108 2468 2159 2515 te
2188 2475 2614 2534 persequuntur.

1968 2549 2030 2603 V.
2063 2550 2115 2605 9.
2161 2570 2178 2603 ι
2216 2552 2410 2608 Nonne
2462 2557 2723 2625 spelunca
2760 2558 2999 2629 hymnite,
3043 2581 3060 2612 ι
3115 2570 3222 2619 etc.
3267 2565 3478 2637 Ilyatne

1892 2650 2106 2694 antrum
2136 2643 2388 2698 sordibus
2416 2646 2635 2715 plenum
2670 2657 2773 2715 est,
2806 2660 2860 2706 ct
2890 2652 3108 2710 Ossibus
3132 2655 3477 2715 diversorum

1893 2733 2241 2789 cadaverum.
2302 2735 2460 2794 Tales
2489 2723 2672 2795 autem
2729 2753 2887 2799 erant
2929 2744 3244 2803 Judasorum
3283 2750 3479 2808 docto-

1895 2839 2003 2891 res,
2060 2829 2311 2898 sepuicra
2366 2832 2639 2898 dealbata,
2688 2835 2837 2891 intus
2885 2854 3014 2893 vero
3064 2840 3226 2910 plena
3259 2845 3480 2903 ossibus

1896 2923 2295 2989 mortuorum“,
2331 2924 2435 2978 hoc
2466 2935 2550 2981 est
2589 2928 2736 2982 omni
2770 2929 3111 3000 impuritate.

1972 3116 1989 3147 ι
2027 3095 2258 3150 Veniant
2289 3099 2355 3153 ad
2378 3101 2769 3157 comedendam
2799 3119 2944 3160 eam.
2982 3123 3002 3157 ι
3034 3104 3229 3161 Omnia
3256 3118 3480 3178 propter

1896 3191 2180 3249 peccatum
2227 3200 2349 3238 cum
2393 3187 2614 3243 homine
2668 3190 2811 3245 bello
2865 3193 3168 3249 certantia:
3218 3193 3480 3255 historice

1896 3286 2023 3325 vero
2063 3273 2295 3329 Romani
2330 3277 2629 3346 accipiendi
2653 3291 2802 3335 sunt.

1967 3363 2033 3418 V.
2111 3367 2195 3423 lO.
2245 3387 2263 3419 ι
2323 3368 2575 3425 Pastores
2625 3374 2780 3430 multi
2843 3376 3200 3449 disruperunt
3259 3388 3478 3446 vineam

1895 3473 2088 3512 meam.
2146 3480 2163 3511 ι
2208 3460 2468 3518 Pascendi
2519 3464 2747 3519 scientia
2803 3465 2912 3522 Deo
2969 3472 3199 3539 probata
3230 3493 3337 3532 una
3369 3489 3475 3535 est.

1897 3549 2047 3604 Multi
2076 3566 2203 3606 vero
2223 3564 2496 3623 pastores,
2520 3557 2634 3612 sive
2657 3558 2735 3613 illi
2754 3558 2922 3615 Judmi
2941 3562 3067 3629 sint,
3099 3566 3211 3622 sive
3249 3571 3475 3641 ethnici,

1896 3642 2010 3697 sive
2043 3644 2302 3712 hseretiei,
2325 3646 2566 3703 diversas
2588 3650 2811 3706 tradunt
2839 3653 3136 3723 doctrinas,
3167 3670 3220 3714 et
3243 3662 3477 3734 quisque

1896 3747 2050 3826 suam
2092 3737 2325 3806 probare
2354 3738 2569 3805 nititur,
2601 3742 2747 3797 unde
2780 3752 2834 3797 et
2873 3746 3202 3818 multiplices
3230 3752 3475 3826 discipua

1897 3821 2069 3877 lorum
2094 3840 2290 3882 mores.

1969 3912 2028 3967 V.
2073 3915 2160 3969 ll.
2207 3932 2227 3966 ι
2266 3914 2498 3986 Propter
2549 3934 2636 3975 me
2678 3920 3034 3993 dissipatione
3086 3928 3349 4000 dissipata
3390 3946 3475 3991 est

1897 4006 2145 4061 universa
2195 4015 2358 4062 terra.
2412 4028 2431 4060 ι
2489 4008 2545 4064 Si
2576 4026 2643 4065 ex
2699 4029 2930 4082 persona
2980 4016 3192 4075 Domini
3248 4024 3470 4094 dicitur,

1894 4097 2161 4169 signiﬁcat
2212 4097 2523 4155 Judaeorum
2572 4103 2869 4174 regionem,
2911 4106 2980 4161 ob
3030 4108 3232 4167 Christi
3281 4129 3471 4172 necem

1893 4189 2112 4258 penitus
2141 4204 2405 4245 eversam.
2436 4189 2493 4246 Si
2524 4209 2654 4249 vero
2682 4194 2937 4252 universo
2969 4198 3253 4257 hominum
3282 4208 3471 4275 generi

1899 4279 2160 4334 tribuitur
2188 4281 2303 4338 haec
2331 4297 2457 4348 vox,
2490 4284 2759 4356 signiﬁcat
2789 4295 2987 4343 terram
3021 4305 3140 4346 esse
3173 4293 3471 4353 desolatam

224 4372 599 4467 éaurbv'ndon
648 4395 971 4466 διδασκαλίᾳ
1010 4372 1283 4465 ἠφανίσθη
1316 4394 1348 4464 ἠ
1379 4393 1471 4464 γῆ.
1506 4393 1621 4446 Οὐκ
1653 4392 1788 4457 ἔστι,

1912 4380 2112 4441 iropter
2141 4372 2437 4439 hominem,
2473 4376 2566 4446 qui
2601 4392 2659 4433 se
2706 4376 3060 4436 imbuendum
3091 4385 3282 4453 quavis
3305 4388 3472 4445 disci-

223 4492 406 4565 φησὶν,
449 4461 736 4560 ἄνθρωπος
779 4461 1009 4552 ἐννοῶν,
1036 4461 1139 4540 *δτι
1171 4487 1200 4540 ὁ
1244 4461 1400 4548 Crede
1426 4461 1573 4537 ἐστιν
1612 4484 1640 4536 ὀ
1682 4483 1793 4537 τῶν
1826 4461 1864 4473 υ
1891 4461 2037 4565 ΡΙίηίξ
2108 4465 2358 4565 "adid":
2400 4465 2517 4522 Non
2564 4477 2669 4536 es"
2715 4470 2813 4565 fit:
2845 4470 3011 4527 homo
3063 4476 3161 4545 qui
3211 4482 3472 4552 Υθοοὲίῑοῑ

220 4585 528 4656 ἀνθρώπων
573 4582 782 4653 κύριος,
808 4580 906 4634 καὶ
931 4580 1032 4634 οὐκ
1057 4577 1366 4648 ὀφείλουσιν
1395 4576 1552 4631 αὐτοὶ
1573 4575 1661 4628 διά
1693 4575 1795 4645 τῆς

217 4677 431 4739 οἰκείας
463 4674 811 4738 διδασκαλίας
845 4672 1048 4744 κλῆρον
1096 4670 1305 4724 ἑαυτῶν
1347 4668 1625 4724 ποιεῖσθαι
1664 4669 1792 4730 τοὺς

218 4768 660 4840 διδασκομένους,
689 4767 778 4821 ἵνα
806 4764 1168 4838 κυριεύσωσιν
1200 4761 1400 4818 αὐτῶν.

296 4884 314 4916 ι
359 4863 483 4917 Ἐπὶ
531 4861 714 4915 πᾶσαν
740 4858 1023 4929 διεκϐολήν
1061 4859 1120 4910 ὲν
1158 4859 1225 4928 τῇ
1263 4857 1475 4927 ἐρήμῳ.
1515 4873 1534 4907 ι
1577 4856 1641 4908 Οἱ
1678 4853 1789 4907 τῶν

232 4953 500 5015 Ἰουδαίων
543 4952 903 5023 αἰχμάλωτοι.
962 4948 1107 5020 Πρὸς
1151 4948 1209 5002 δὲ
1263 4947 1527 5011 διάνοιαν,
1577 4947 1628 4998 ot
1688 4944 1788 5016 τήν

218 5048 468 5117 ἄκαρπον
515 5045 623 5102 τῶν
662 5043 875 5099 πολλῶν
924 5041 1200 5115 ποιμένων
1238 5038 1670 5112 παραδεχόμενοι
1706 5038 1781 5091 διο

220 5137 535 5194 δασκσλίαν.

296 5248 315 5282 ι
349 5228 474 5281 Ὅτι
533 5230 777 5302 μάχαιρα
836 5228 932 5283 τοῦ
994 5216 1225 5298 Κυρίου
1256 5224 1642 5294 καταφάγεται
1690 5221 1784 5274 ἀπ’

216 5322 387 5393 ἄκρου
427 5318 526 5389 τῆς
571 5320 694 5389 γῆς.
731 5339 751 5374 ι
789 5319 932 5393 Πρὸς
981 5320 1080 5391 μὲν
1126 5317 1384 5392 ἱστορίαν,
1436 5318 1470 5386 ἠ
1511 5314 1618 5370 τῶν
1651 5315 1787 5368 Ῥω-

221 5414 398 5486 μαίων
439 5410 561 5482 χεὶρ
604 5411 882 5482 πορθοῦσα
917 5411 1014 5483 τήν
1058 5409 1323 5465 Ἰουδαίων
1388 5408 1513 5480 γῆνο
1555 5406 1693 5477 πρὸς
1727 5406 1783 5460 δὲ

1891 4552 2174 4608 hominum
2215 4556 2495 4614 dominum
2538 4574 2659 4615 esse
2698 4558 2913 4628 'Deum;
2952 4577 3054 4619 nec
3081 4565 3284 4624 debere
3325 4569 3466 4636 illos,
3524 4614 3531 4628 ς

1893 4649 1954 4698 ιιι
2007 4661 2067 4701 se
2119 4649 2410 4718 magistros
2449 4659 2708 4715 statuant,
2756 4665 3010 4722 arrogare
3037 4655 3141 4711 sibi
3170 4658 3468 4732 discipulos
3542 4667 3552 4676 '

1888 4738 2039 4808 quasi
2069 4741 2343 4808 propriam
2371 4741 2740 4795 hatreditatem
2765 4743 2851 4795 cui
2882 4743 3254 4826 dominentur.

1968 4850 2032 4905 V.
2087 4852 2170 4905 12.
2210 4869 2228 4901 ι
2267 4852 2349 4907 Ad
2382 4866 2545 4906 omne
2581 4850 2963 4907 diverticulum
2992 4855 3137 4925 (seu,
3162 4859 3220 4914 in
3247 4838 3464 4916 omnem

1893 4940 2240 5013 eiectionem)
2273 4941 2325 4995 in
2349 4940 2586 4996 deserto.
2612 4958 2630 4991 ι
2665 4939 2974 4997 Judaeorum
3002 4945 3235 5015 captivi;
3273 4958 3331 5005 at
3354 4952 3465 5023 spi-

1892 5033 2143 5099 ritaliter,
2212 5034 2306 5104 qui
2334 5033 2761 5093 ‘infructuosam
2829 5035 3121 5092 multorum
3184 5048 3462 5109 pastorum

1889 5128 2189 5201 doctrinam
2222 5126 2510 5198 recipiunt.

1964 5240 1983 5299 ι
2019 5198 2153 5288 Quia
2178 5220 2390 5293 gladius
2418 5219 2631 5275 Domini
2666 5218 2946 5275 devorabit
2987 5198 3323 5282 abem-emo
3351 5237 3461 5283 ter-

1888 5332 1981 5371 rae.
2020 5334 2039 5368 »
2085 5317 2375 5383 Historiee,
2420 5317 2794 5373 Romanorum
2822 5316 3090 5373 exercitus
3124 5327 3321 5374 terram
3359 5321 3459 5379 Ju-

1877 5406 2128 5473 Qiaeorum
2156 5407 2459 5478 diripiens;
2485 5407 2709 5478 mystice
2739 5422 2896 5475 vero,
2923 5408 3341 5479 permissionem
3367 5428 3460 5469 ac-

218 5504 498 5571 διάνοιαν,
552 5502 655 5573 τὴν
703 5502 1051 5576 συγχώρησιν
1118 5501 1211 5558 τοῦ
1267 5500 1515 5573 Κυρίου,
1581 5499 1670 5554 διὰ
1725 5498 1787 5552 τὸ

1912 5495 2055 5566 :ipies
2095 5498 2225 5557 Dei.
2270 5512 2432 5554 uuam
2472 5512 2594 5555 esse
2640 5498 2878 5572 gladium
2922 5498 3140 5586 Domini
3191 5499 3465 5576 intelliges

285 5681 306 5712 ⁶
333 5676 524 5736 Matth.
560 5693 716 5750 nm,
758 5677 848 5733 27.
