3876 6304
466 293 571 357 655

1541 286 2059 348 OLYMPIODORI
2104 285 2632 347 ALEXANDRINI

3665 279 3782 341 656

468 415 690 479 propter
768 405 1001 461 liberum
1098 402 1440 474 pascentium
1511 413 1566 457 ct
1653 403 2050 473 pascendorum

2198 401 2507 468 ὐτεξούσιον
2540 400 2650 454 τῶν
2682 417 2741 454 τε
2774 399 3076 470 ποιμένων,
3126 397 3223 453 καὶ
3272 397 3777 468 ποιμαινομένων.

468 499 777 564 arbitrium,
832 506 889 553 et
925 496 1355 552 interimentium
1397 495 1542 561 illos,
1585 495 1676 565 qui
1730 511 1828 566 per
1880 500 2053 550 totum

469 593 659 648 orbem
684 591 862 646 varias
891 598 1167 647 sectantur
1195 589 1492 656 doctrinas,
1518 604 1622 643 nec
1659 590 1803 644 inter
1838 603 1896 643 se
1924 604 2058 643 con-

471 684 718 739 veniunt.

543 774 608 831 V.
650 778 733 832 i5.
772 795 791 828 ι
832 774 1200 829 Seminabatis
1235 774 1665 840 frumcntum,et
1691 775 1878 846 spinas
1915 790 2057 830 mes-

473 869 675 923 suistis.
707 889 724 921 ›
754 869 830 923 Ad
861 869 1058 923 multos
1081 877 1327 939 pastores
1363 868 1456 923 hic
1481 884 1681 934 sermo,
1727 868 1819 939 qui
1850 884 2057 923 sermo-

473 961 558 1014 nis
606 961 772 1030 lepori
808 963 1113 1025 studentes,
1159 977 1285 1016 cum
1320 961 1610 1016 videantur
1664 962 1891 1017 solidam
1927 977 2056 1033 pro-

472 1052 614 1106 ferre
649 1054 970 1117 doctrinam,
1013 1054 1314 1123 perniciem
1346 1053 1447 1107 sibi
1478 1063 1710 1109 metunt.

547 1164 565 1192 ε
598 1142 739 1196 Cleri
788 1159 980 1198 eorum
1026 1160 1135 1197 non
1186 1145 1491 1213 proderunt
1530 1143 1631 1200 eis.
1678 1162 1696 1195 ι
1739 1143 2057 1200 Pastoribus

471 1234 602 1288 nihil
632 1236 931 1304 pastorales
968 1245 1143 1290 sortes
1172 1236 1489 1306 proderunt.

554 1407 1018 1461 «Confundimini
1068 1424 1096 1461 a
1138 1408 1437 1476 jactatione
1474 1418 1675 1462 vestra.
1719 1429 1737 1461 ι
1787 1409 2058 1463 Dedecore

473 1508 528 1553 et
555 1501 753 1569 probro
783 1500 943 1570 digna
973 1508 1057 1553 est
1077 1500 1305 1570 jactatio
1327 1500 1467 1571 apud
1504 1500 1694 1555 Deum.

546 1673 611 1727 V.
651 1674 740 1729 M.
802 1693 822 1724 ‹
859 1673 996 1739 Quia
1056 1674 1175 1728 haec
1220 1674 1352 1729 dicit
1396 1673 1658 1728 Dominus
1703 1674 1771 1728 de
1808 1674 2060 1729 omnibus

2159 496 2438 567 μάχαιραν
2491 492 2703 565 Κυρίου
2756 495 2974 564 νοήσεις
3016 489 3448 562 διαφθείρουσαν
3495 489 3647 553 τοὺς
3718 491 3778 542 ὲν

2156 587 2309 661 πάσῃ
2351 589 2422 657 γῇ
2463 588 2586 650 ταῖς
2635 585 2912 648 ποικίλαις
2943 583 3323 647 διδασκαλίαις
3352 581 3774 654 πειθομένους,

2155 679 2357 743 οἵτινες
2376 678 2501 732 οὐδὲ
2534 677 2883 750 εἰρηνεύουσι
2914 678 3055 750 πρὸς
3078 676 3364 748 ἀλλήλους.

2233 787 2252 819 ι
2299 767 2619 838 Ἐσπείρετε
2669 768 2899 837 πυροὺς,
2944 768 3040 821 καὶ
3085 767 3330 830 ἀκάνθας
3377 765 3711 837 ὲθερίσατε.
3748 785 3767 817 ι

2157 856 2303 928 Πρὸς
2327 857 2458 920 τοὺς
2481 855 2710 920 πολλοὺς
2737 858 3008 927 ποιμένας
3034 858 3064 911 ό
3095 857 3277 926 λόγος,
3315 858 3525 920 οἵτινες
3546 856 3644 910 διὰ
3668 857 3773 925 τῆς

2159 945 2546 1015 πιθανολογίας
2564 988 2579 1010 ,
2610 947 2878 1017 τῲφιμον
2906 947 3194 1008 δοκοῦντες
3226 947 3591 1018 εἰσηγεῖσθαι
3615 947 3769 1000 διδα-

2160 1037 2416 1101 σκαλίαν,
2446 1037 2670 1110 ὄλεθρον
2696 1039 2908 1102 ἑαυτοῖς
2941 1040 3383 1113 ἀποθερίζουσιν.

2236 1150 2255 1183 ι
2296 1131 2361 1184 Ol
2412 1130 2607 1203 κλῆροι
2655 1131 2837 1184 αὐτῶν
2882 1133 2986 1186 οὐκ
3039 1132 3424 1207 ὠφελήσουσιν
3472 1132 3707 1196 αὐτούς.
3743 1149 3762 1182 ι

2162 1223 2305 1288 Τοὺς
2363 1223 2637 1296 ποιμένας
2694 1224 2848 1278 οὐδὲν
2900 1227 2948 1277 οἱ
3020 1227 3373 1294 ποιμαντικοὶ
3400 1224 3770 1295 ὠφελήσουσι

2161 1314 2375 1387 κλῆροι.

2238 1426 2273 1459 ι
2298 1390 2640 1479 Ᾱίσέύνθητε
2675 1405 2784 1460 ἀπὸ
2814 1406 3140 1477 καυχήσεως
3170 1405 3347 1477 ὑμῶν.
3373 1425 3392 1459 ι
3447 1406 3758 1477 Αἰσχύνης.

2168 1501 2326 1572 φησὶ,
2375 1500 2471 1554 καὶ
2515 1498 2827 1572 ὀνειδισμοῦ
2877 1499 3002 1564 ἀξία
3034 1498 3183 1552 ἐστὶν
3209 1501 3244 1570 ἡ
3284 1498 3567 1571 καύχησις
3611 1499 3764 1570 παρὰ

2158 1593 2237 1664 τῷ
2267 1592 2405 1664 Θεῷ.
2765 1663 2769 1667 1
2919 1604 2941 1665 ;

2246 1703 2265 1736 ι
2304 1685 2429 1737 Ὅτι
2461 1685 2588 1739 τάδε
2618 1685 2773 1754 λέγει
2812 1686 3019 1756 Κύριος
3054 1684 3185 1756 περὶ
3224 1685 3446 1739 πάντων
3493 1684 3618 1740 τῶν
3657 1703 3763 1755 γει-

474 1766 673 1822 vicinis
725 1765 1000 1836 pessimis,
1050 1765 1165 1835 qui,
1213 1785 1231 1818 ι
1277 1775 1384 1820 etc.
1434 1764 1607 1819 Vicini
1655 1765 1804 1835 pravi
1838 1765 1930 1835 qui
1968 1765 2060 1820 Dei

2202 1771 2340 1826 όνων
2362 1771 2472 1827 τῶν
2508 1773 2782 1844 πονηρῶν.
2813 1793 2831 1826 ι
2872 1775 3117 1838 Γείτονες
3145 1775 3373 1846 πονηροὶ
3402 1775 3454 1828 oi
3489 1776 3589 1828 τὸν
3620 1775 3761 1829 θεῖον

475 1861 702 1915 verbum
786 1859 1117 1921 adulterant,
1199 1858 1293 1927 qui
1366 1858 1529 1913 etiam
1605 1859 1814 1913 callidis
1861 1859 2061 1914 distra-

475 1950 752 2006 ctionibus
803 1958 1053 2014 utuntur,
1101 1948 1342 2003 divinam
1385 1933 1690 2004 doctrinam
1729 1948 1835 2004 alio
1878 1950 2062 2005 tradu-

473 2050 681 2097 centes.

552 2152 571 2186 ι
606 2132 748 2187 Ecce
774 2148 874 2203 ego
897 2133 1070 2187 evello
1100 2147 1193 2187 eos
1224 2130 1291 2186 de
1319 2139 1463 2185 terra
1490 2146 1606 2186 sua.
1648 2150 1666 2183 ι
1692 2131 1938 2199 Eradico,
1963 2133 2060 2199 ait,

473 2242 589 2292 eos,
639 2227 729 2295 qui
763 2226 1006 2280 salvandi
1050 2232 1178 2279 sunt
1208 2239 1238 2279 e
1264 2224 1469 2295 populo
1518 2240 1663 2289 meo,
1696 2240 1727 2279 e
1762 2236 1903 2280 terra
1936 2241 2062 2297 pra-

473 2333 666 2374 vorum
730 2318 1123 2382 ﬁnitimorum,
1184 2317 1290 2371 hoc
1335 2325 1439 2380 est,
1500 2315 1765 2371 idolorum
1824 2317 1973 2373 cultu
2009 2326 2065 2373 et

472 2410 608 2464 falsa
634 2409 907 2463 doctrina.
940 2406 1137 2461 Judam
1160 2422 1291 2460 vero
1320 2414 1479 2460 vocat
1506 2406 1765 2475 populum
1809 2407 1900 2477 qui
1930 2424 2062 2464 con-

473 2501 661 2555 ﬁtetur
703 2507 757 2552 et
802 2497 1075 2563 salvatur;
1125 2510 1289 2565 quem
1332 2503 1386 2549 et
1444 2493 1683 2548 eximere
1718 2495 2003 2565 pollicetur
2034 2513 2065 2551 e

474 2602 619 2646 terra
652 2603 837 2658 prava.

550 2679 615 2735 V.
660 2672 748 2735 15.
789 2696 807 2730 ι
843 2678 912 2733 Ει
944 2678 1068 2741 erit,
1096 2685 1383 2748 postquam
1415 2677 1629 2747 ejecero
1655 2693 1769 2743 eos,
1798 2688 2063 2745 revertar,

476 2781 532 2831 et
584 2770 885 2827 miserebor
931 2784 1143 2823 eorum.
1192 2786 1211 2819 ι
1260 2767 1326 2822 Ει
1354 2769 1621 2839 ipsorum,
1657 2769 1752 2837 ait,
1785 2769 2063 2841 gentilium

476 2866 803 2930 miserebor,
867 2863 1081 2917 donans
1134 2862 1215 2917 eis
1301 2861 1441 2916 sacri
1508 2861 1707 2917 lavacri
1787 2861 2103 2918 remissio-'

476 2974 625 3015 nem.

529 3047 615 3102 'V.
640 3046 726 3101 l6.
751 3065 769 3097 ι
793 3046 862 3100 Ει
892 3044 1090 3110 erit...,
1122 3042 1190 3099 ad
1215 3044 1510 3113 iurandum
1539 3042 1592 3097 in
1611 3043 1832 3097 nomine
1862 3057 2002 3096 meo.
2040 3061 2058 3093 ι

481 3143 554 3201 Ut
582 3158 692 3197 non
726 3140 961 3211 amplius
986 3153 1087 3210 per
1120 3138 1285 3204 idola,
1332 3138 1427 3193 sed
1457 3152 1555 3209 per
1579 3136 1854 3193 Christum
1884 3136 2067 3190 Domi-

479 3248 610 3289 num
638 3233 844 3303 jurent.

1113 3319 1266 3376 CAP.
1293 3319 1434 3377 Xlll.

552 3413 619 3472 V.
648 3415 701 3470 1.
753 3435 771 3468 σ
802 3413 951 3470 Vade
994 3422 1049 3469 et
1096 3414 1313 3485 posside
1357 3415 1451 3470 tibi
1486 3415 1733 3470 lumbare
1777 3414 2006 3470 lineum.
2044 3433 2063 3467 ι

483 3495 888 3579 Subligaculum
936 3502 1175 3570 lineum,
1213 3504 1358 3575 quod
1411 3507 1611 3575 smpius
1654 3506 1822 3561 lavari
1856 3515 2065 3578 potest;

480 3617 578 3657 eos
616 3607 803 3655 autem
847 3597 1135 3669 signiﬁcat,
1186 3597 1304 3667 qui,
1332 3612 1454 3651 cum
1503 3598 1778 3653 multoties
1808 3599 1872 3653 iis
1911 3599 2068 3653 venia

480 3692 662 3755 detur,
693 3691 896 3745 nullam
930 3698 1111 3743 tamen
1151 3697 1320 3759 agunt
1349 3688 1744 3758 pmnitcntiam.

548 3781 619 3836 γ.
670 3784 725 3836 7.
783 3801 801 3833 ι
850 3782 915 3835 Et
964 3780 1097 3835 abii.
1139 3780 1207 3835 Et
1240 3794 1368 3835 ecce
1423 3788 1740 3851 corruptum
1800 3788 1935 3845 erat,
1994 3781 2068 3835 ita

481 3883 562 3942 ut,
591 3892 611 3926 ›
636 3881 741 3929 etc.
767 3873 1036 3927 Lumbare
1067 3886 1205 3942 aqua
1233 3880 1582 3942 corruperat:
1608 3887 1747 3942 aqua
1777 3888 1909 3928 vero
1939 3887 2068 3943 pec-

420 3962 427 3979 ¹
483 3975 665 4022 catum
696 3973 796 4029 est,
828 3963 1111 4019 humidum
1143 3972 1200 4018 et
1234 3962 1509 4031 dililuens,
1544 3972 1599 4018 et
1628 3979 1686 4019 se
1717 3971 1929 4020 utentes
1991 3965 2067 4019 in-

483 4057 648 4113 utiles
677 4057 931 4112 reddens.

551 4150 616 4204 V.
644 4150 729 4204 10.
798 4167 816 4200 ι
856 4148 960 4203 Eos
1011 4163 1101 4217 qui
1150 4147 1445 4202 uoluerunt
1488 4147 1713 4203 obedire
1760 4148 1961 4213 verbis,
2014 4158 2068 4204 et

483 4241 901 4295 ambulaverunt
930 4246 1053 4308 post
1085 4238 1217 4292 deos
1257 4238 1486 4303 alienos,
1523 4257 1542 4289 ι
1576 4247 1681 4292 etc.
1717 4237 1917 4306 lujuria
1955 4239 2067 4294 Deo

411 4399 423 4410 .
481 4326 560 4396 ﬁt,
594 4331 642 4385 si
685 4330 868 4384 debita
902 4329 979 4382 illi
1013 4329 1254 4381 adoratio
1285 4327 1489 4380 feratur
1515 4327 1693 4383 idolis.

413 4526 419 4611 ς
520 4491 623 4583 ’ν.
651 4530 738 4582 12.
775 4547 793 4578 ί
831 4526 896 4582 Et
932 4528 1083 4583 dices
1116 4528 1183 4582 ad
1210 4527 1469 4598 populum
1497 4528 1690 4583 istum:
1723 4527 1915 4585 Omnis
1942 4538 2065 4586 uter

482 4620 797 4692 iinplchitur
825 4620 970 4674 vino.
1008 4639 1026 4671 ι
1053 4619 1275 4675 Utribus
1302 4635 1397 4674 eos
1426 4620 1709 4686 assimilat,
1734 4621 1816 4676 vel
1842 4631 2066 4692 propter

484 4713 802 4767 inanitatem
837 4720 892 4766 et
919 4712 1212 4765 humanam
1239 4719 1447 4766 tantum
1471 4712 1523 4766 in
1556 4711 1659 4766 illis
1690 4712 1953 4784 ﬁguram;
1982 4714 2065 4768 vel

482 4808 628 4876 quod
659 4803 885 4873 possint.
920 4804 1049 4858 dum
1094 4803 1281 4869 velint,
1312 4804 1523 4858 divinas
1570 4804 1871 4859 etiamnum
1932 4805 2065 4860 reci-

483 4911 614 4968 pere
645 4896 763 4949 lidei
798 4895 850 4948 in
877 4893 1154 4949 Christum
1190 4894 1576 4948 institutiones.

561 4988 621 5043 ν.
656 4989 743 5043 13.
775 5007 793 5040 ‹
832 4988 967 5042 Ecce
1012 4987 1214 5057 impleo
1258 4985 1567 5043 sacerdotes
1589 4986 1873 5042 ebrietate.
1903 5003 1922 5036 ι
1960 4982 2067 5040 Pu-

485 5081 691 5137 nitione
719 5081 1016 5150 iniustitiae.

562 5170 620 5226 V.
655 5171 740 5226 t6.
772 5191 790 5222 ι
825 5170 955 5224 Date
982 5167 1212 5223 Domino
1246 5166 1355 5222 Deo
1392 5176 1574 5238 vestro
1619 5168 1867 5239 gloriam,
1911 5176 2067 5222 ante-

489 5282 648 5339 quam
681 5265 1145 5320 coutcnebrescat.
1180 5283 1198 5316 ι
1233 5264 1494 5320 Dominus
1522 5272 1711 5317 noster
1732 5261 2063 5318 JesusChri-

490 5364 604 5413 ctus
633 5358 720 5412 lux
751 5365 832 5412 est
857 5378 868 5412 τ
915 5356 1231 5428 Usquedum,
1263 5358 1359 5425 ait,
1386 5357 1552 5411 lucem
1584 5355 1804 5423 habetis,
1825 5357 1882 5410 in
1911 5354 2063 5410 illam

490 5451 735 5504 aedile".

554 5558 585 5599 ,ο
627 5539 694 5598 Et
732 5548 1020 5607 antequam
1050 5537 1329 5593 offendant
1356 5538 1522 5608 pedes
1544 5544 1735 5593 vestri.
1778 5558 1795 5590 ι
1849 5536 2062 5594 Montes

560 5712 582 5745 ⁷
613 5714 768 5770 Joau.
790 5728 884 5779 xu,
926 5712 1015 5766 56.

2172 1862 2330 1931 λόγον
2366 1866 2922 1937 παραχαράττοντες,
2955 1867 3155 1931 οἵτινες
3199 1870 3295 1922 καὶ
3341 1867 3641 1932 διεκϐολὰς
3672 1870 3761 1939 ἑρ-

2173 1955 2460 2024 γάζονται,
2494 1957 2960 2029 παροχετεύοντες
2982 1960 3083 2030 τὴν
3114 1960 3265 2015 θείαν
3288 1960 3680 2018 διδασκαλίαν.

2243 2151 2265 2186 ε
2309 2134 2447 2188 Ἰδοὺ
2502 2135 2616 2205 ἐγὼ
2660 2135 2901 2190 ἀποσπῶ
2934 2137 3155 2202 αὐτούς.
3188 2158 3209 2192 ι
3257 2139 3537 2206 ’Δνασπῶ,
3579 2142 3755 2212 φησὶ,

2169 2224 2304 2289 τοὺς
2332 2224 2681 2296 σωζομένους
2700 2225 2796 2305 τοῦ
2823 2224 2955 2281 λαοῦ
2983 2245 3086 2298 μου
3114 2229 3224 2284 ἀπὸ
3250 2230 3350 2297 τῆς
3379 2231 3485 2302 γῆς
3515 2231 3636 2285 τῶν
3663 2250 3755 2287 που

2166 2317 2349 2389 γηρῶν
2379 2317 2672 2388 γειτόνωνο
2700 2310 2971 2388 τουτέστι,
3028 2323 3128 2392 τῆς
3166 2321 3626 2395 εἱδωλολατρείας
3664 2327 3755 2379 καὶ

2167 2409 2404 2480 ψευδοῦς
2451 2411 2828 2474 διδασκαλίας.
2877 2412 3081 2467 Ἰούδαν
3123 2414 3181 2468 δέ
3206 2431 3341 2484 φησι
3380 2414 3474 2469 τὸν
3497 2414 3752 2487 ἐξομολο-

2165 2504 2266 2574 γού
2277 2521 2436 2576 μενον
2475 2505 2571 2559 καὶ
2615 2504 2926 2573 σωζόμενον
2971 2498 3121 2572 λαὸν,
3146 2505 3205 2558 ὃν
3226 2506 3323 2561 καὶ
3350 2505 3612 2563 ἐκϐαλεῖν
3654 2508 3753 2561 ὑπ-

2166 2598 2434 2665 ισχνεῖται
2459 2594 2568 2649 ἀπὸ
2597 2595 2699 2666 τῆς
2731 2596 2976 2668 πονηρᾶς
3007 2597 3132 2667 γῆς.

2242 2702 2261 2736 ι
2275 2686 2380 2738 Καὶ
2392 2684 2569 2752 ἔσται,
2586 2685 2726 2756 μετὰ
2741 2685 2801 2739 τὸ
2815 2685 3065 2740 ἐκϐαλεῖν
3084 2704 3152 2758 με
3163 2689 3382 2755 αὐτοὺς,
3398 2689 3750 2761 ἀναστρέψω,

2166 2777 2263 2830 καὶ
2297 2778 2505 2849 ὲλεήσω
2536 2778 2756 2843 αὐτούς.
2790 2798 2808 2832 ι
2841 2780 2954 2834 Καὶ
2986 2781 3188 2846 αὐτοὺς
3210 2782 3289 2849 δὲ,
3316 2784 3505 2854 φησὶν,
3540 2784 3754 2855 ἐλεήσω

2166 2872 2296 2936 τοὺς
2328 2871 2578 2937 ὲθνικοὺς
2599 2915 2614 2940 ,
2644 2873 2744 2943 τὴν
2773 2874 2871 2928 τοῦ
2905 2874 3063 2944 ἁγίου
3104 2874 3334 2947 λουτροῦ
3365 2877 3565 2947 ἄφεσιν
3597 2894 3755 2949 χαρι-

2168 2963 2227 3030 ζό
2234 2982 2394 3036 μενος
2424 2966 2629 3031 αὐτοῖς.

2248 3074 2267 3107 ι
2301 3056 2411 3108 Καὶ
2439 3055 2683 3122 Eccam...
2716 3056 2812 3112 τοῦ
2839 3058 3062 3130 ὀμνύειν
3082 3058 3161 3131 τῷ
3175 3059 3406 3130 ὀνόματί
3438 3077 3566 3131 μου.
3592 3081 3615 3114 ι
3637 3062 3752 3119 Ἵνα
3806 3049 3813 3054 ’

2175 3146 2477 3217 μηκέτι-τὰ
2516 3148 2743 3218 εἴδωλα,
2779 3150 2915 3205 ἀλλὰ
2942 3150 3035 3206 τὸν
3064 3153 3349 3226 Δεσπότην
3384 3154 3626 3224 Χριστὸν
3662 3158 3751 3227 6p-

2171 3255 2290 3291 κιον
2321 3240 2539 3310 ἔχωσιν.

2756 3330 3010 3388 ΚΕΦΔΛ.
3048 3331 3153 3386 II".

2251 3444 2270 3472 ι
2307 3421 2534 3475 Βάδισον
2561 3423 2656 3477 καὶ
2684 3423 2888 3492 κτῆσαι
2919 3422 3131 3492 σεαυτῷ
3160 3423 3454 3496 περίζωμα
3493 3425 3694 3481 λινοῦν.
3723 3445 3741 3477 ι

2172 3514 2473 3585 Περίζωμα
2502 3513 2681 3567 λινοῦν
2709 3514 2772 3569 τὸ
2799 3515 3064 3579 πολλάκις
3097 3516 3399 3571 πλύνεσθαι
3426 3518 3744 3590 δυνάμενονο

2172 3605 2430 3675 σημαίνει
2456 3603 2515 3657 δὲ
2554 3606 2680 3669 τοὺς
2722 3605 2989 3673 πολλάκις
3017 3608 3482 3679 συγχωρηθέντας
3502 3651 3519 3675 ,
3549 3611 3644 3664 καὶ
3674 3611 3744 3682 μὴ

2174 3700 2635 3768 μετανοήσαντας.

2247 3808 2266 3841 ι
2296 3791 2406 3843 Καὶ
2429 3789 2886 3861 ὲπορεύθην.Καὶ
2920 3791 3030 3845 ίδοὺ
3057 3788 3739 3865 διεφθαρμὲωνῆν,δοῦ.ι

2171 3883 2245 3936 Τὸ
2275 3881 2423 3955 ὕδωρ
2469 3882 2748 3954 διέφθειρε
2781 3883 2841 3937 τὸ
2870 3881 3192 3955 περίζωμαο
3234 3883 3381 3957 ὕδωρ
3419 3886 3478 3940 δὲ
3509 3889 3544 3958 ἠ
3572 3888 3743 3959 ἁμαρο

2169 3972 2282 4036 τία,
2329 3972 2607 4043 κάθυγρος
2666 3969 2822 4037 οὖσα,
2871 3974 2969 4027 καὶ
3014 3974 3380 4046 διαρῤέουσα,
3461 3977 3561 4030 καὶ
3625 3979 3743 4042 sub;

2171 4066 2311 4137 αὐτῇ
2344 4065 2668 4137 χρωμένους
2699 4066 2956 4138 ἀχρείους
2984 4067 3431 4140 ἀπεργαζομένη.

2244 4176 2264 4208 ι
2307 4157 2446 4220 Τοὺς
2516 4158 2592 4228 μὴ
2651 4157 3011 4228 βουλομένους
3066 4159 3368 4215 ὑπακούειν
3415 4158 3532 4214 τῶν
3580 4159 3741 4229 λόγων

2171 4266 2314 4320 μου,
2377 4250 2475 4303 καὶ
2527 4249 2896 4321 πορευθέντας
2944 4251 3121 4304 ὀπίσω
3174 4251 3313 4305 θεῶν
3364 4251 3686 4324 ἀλλοτρίων.
3717 4271 3734 4304 ι

2171 4343 2373 4413 Ὕϐρις
2400 4345 2482 4407 είς
2510 4343 2667 4410 Θεὸν,
2694 4343 2757 4395 τὸ
2784 4345 2887 4413 τὴν
2914 4342 3086 4398 αὐτοῦ
3108 4343 3486 4415 προσκύνησιν
3513 4345 3741 4408 εἰδώλοις

2094 4425 2140 4481 D
2172 4434 2525 4507 προσφέρειν.

2246 4548 2267 4582 ι
2320 4529 2431 4582 Καὶ¹
2478 4529 2624 4598 ἐρεῖς
2677 4526 2816 4599 πρὸς
2844 4526 2938 4581 τὸν
2982 4526 3113 4581 λαὸν
3164 4525 3391 4582 τοῦτ-ον’
3428 4529 3549 4593 Πᾶς
3582 4529 3740 4593 ἀστοὺς

2170 4619 2594 4693 πληρωθήσεται
2632 4619 2798 4678 οίνου.
2844 4639 2864 4673 ι
2916 4620 3127 4684 ’Δσκοῖς
3167 4620 3369 4684 αὐτοὺς
3403 4621 3739 4692 παρεικάζει,

2171 4714 2204 4786 ἢ
2238 4714 2330 4767 διὰ
2385 4714 2446 4767 τὸ
2480 4713 2731 4767 διάκενον
2778 4713 2874 4766 καὶ
2922 4716 3109 4783 σχῆμα
3153 4712 3318 4783 μόνον
3358 4712 3505 4784 ἔχειν

2173 4822 2312 4871 πων,
2341 4805 2480 4876 ῆότι
2514 4804 2564 4857 εί
2598 4802 2932 4874 βουληθεῖεν,
2968 4804 3226 4858 δύνανται
3261 4804 3357 4858 καί⁸
3408 4799 3571 4868 αὖθις
3600 4803 3744 4869 δέξα-

2173 4896 2298 4951 σθαι
2321 4898 2440 4952 θεῖα
2468 4896 2767 4969 μαθήματα
2793 4895 2863 4950 τὰ
2889 4896 2990 4968 τῆς
3014 4898 3102 4960 είς
3121 4897 3361 4969 Χριστὸν
3383 4896 3642 4962 πίστεως.

2248 5009 2268 5042 ι
2312 4989 2444 5044 Ἰδοὺ
2480 4987 2593 5059 ἐγὼ
2624 4989 2819 5065 πληρῶ
2844 4991 2973 5053 τοὺς
3017 4991 3187 5063 ίερεῖς
3222 4989 3553 5061 μεθύσματι.
3607 5009 3630 5045 ι
3668 4990 3741 5062 Τῇ

2169 5084 2418 5156 τιμωρίᾳ
2454 5084 2556 5155 τῆς
2584 5085 2912 5157 ἁδικήσεως.

2250 5192 2269 5226 ι
2309 5174 2441 5228 Δότε
2463 5173 2543 5244 τῷ
2574 5175 2768 5246 Κυρίῳ
2806 5175 2963 5247 ὑμῶν
3001 5174 3160 5240 δόξαν
3189 5176 3298 5247 πρὸ
3343 5175 3443 5233 τοῦ
3489 5174 3741 5230 dumd-

2177 5275 2290 5314 σαι.
2341 5278 2360 5311 ι
2399 5259 2458 5314 '0
2482 5259 2689 5332 Κύριος
2713 5261 2868 5333 ὑμῶν
2910 5262 3120 5333 Ἰησοῦς
3149 5264 3389 5335 Χριστὸς
3413 5265 3534 5334 φῶς
3562 5266 3702 5321 ἐστιν
3722 5280 3738 5296 ·

2171 5348 2327 5417 Ἕως
2359 5346 2472 5406 οὖν
2515 5351 2705 5421 ἔχετε,
2736 5355 2918 5426 οφησὶ,
2966 5356 3037 5411 τὸ
3078 5354 3224 5425 φῶς,
3258 5357 3629 5412 πιστεύσατε
3659 5360 3740 5425 είς

2167 5444 2334 5497 αὐτό.

2246 5555 2265 5588 ι
2312 5537 2422 5590 Καὶ
2472 5537 2577 5608 πρὸ
2625 5536 2719 5592 τοῦ
2758 5541 3071 5612 προσκόψαι
3108 5542 3236 5607 τοὺς
3286 5543 3457 5609 πόδας
3713 5560 3733 5597 ι
