3876 6304
139 355 236 420 651

1256 354 1723 418 FRAGMENTA
1758 357 1842 419 IN
1879 355 2297 418 JEREMIAM.

3304 362 3409 427 658

149 465 294 536 Ὀρη
320 460 574 516 σκοτεινὰ
599 460 675 514 αί-
695 461 934 531 πονηραὶ
960 459 1243 532 δυνάμεις,
1265 463 1361 518 καὶ
1390 435 1449 515 αῖ
1488 461 1725 517 διαόολιο

1859 462 2107 533 aliginosi
2174 470 2476 532 potestates
2536 463 2756 534 iniqua},
2830 464 3219 537 diabolicaeque
3275 485 3409 539 epe-

149 554 243 609 καὶ
276 551 574 623 ἐνέργειαι.
604 550 717 621 Πρὸ
747 550 847 621 τῆς
870 548 964 603 οὖν
994 549 1306 623 παρρησίας
1336 550 1430 604 τοῦ
1448 550 1723 619 διαϐόλου,

148 644 304 717 φησὶ,
337 643 671 699 πιστεύσατε
703 645 787 708 είς
822 642 884 697 τὸ
913 642 1052 712 φῶς.

224 757 246 791 ε
288 740 398 793 Καὶ
424 739 744 810 ἀναμενεῖτε
771 737 850 800 είς
881 736 1019 807 φῶς,
1055 736 1148 790 καὶ
1170 737 1290 790 ἐκεῖ
1312 735 1441 789 σκιὰ
1462 735 1723 801 θανάτου,

158 830 251 886 καὶ
300 831 622 902 τεθήσονται
664 829 744 891 εἰς
776 827 989 892 σκότος.
1029 846 1048 879 ι
1095 828 1160 880 Δί
1187 826 1297 897 γὰρ
1322 825 1540 896 ψευδείς
1578 825 1726 879 διδα-

150 923 370 977 σκαλίαι
416 922 534 991 φῶς
572 919 1042 991 ὑπισχνούμεναι,
1101 917 1338 973 θανάτου
1391 918 1724 989 τυγχάνουσι

146 1014 419 1088 πρόξενοι.

218 1124 236 1155 ι
274 1100 696 1172 Κεκρυμμὲνως
749 1099 1047 1154 κλαύσεται
1097 1101 1132 1170 ἡ
1176 1099 1345 1171 ψυχή.
1403 1119 1421 1152 ι
1462 1101 1533 1153 Ἢ
1587 1099 1726 1172 πρὸς

145 1195 268 1258 τοὺς
292 1192 648 1255 διδασκάλους
674 1193 702 1244 ό
726 1191 904 1259 λόγος,
929 1191 1013 1244 ὅτι
1033 1191 1427 1262 Αίσχυνόμενοι
1457 1191 1554 1255 οὓς
1576 1192 1721 1261 ἠπα-

145 1291 371 1359 τὴσατε,
406 1284 810 1357 κεκρυμμένως
849 1282 1156 1337 κλαύσατε·
1210 1285 1244 1356 ἢ
1282 1283 1378 1338 καὶ
1427 1284 1566 1354 πρὸς
1596 1283 1725 1346 τοὺς

145 1376 547 1449 αἰχμαλώτους,
584 1378 668 1431 ὅτι
707 1376 944 1447 Τοιαύτη
973 1374 1126 1446 ὑμῶν
1172 1375 1387 1446 ἔσταιὴ
1423 1376 1726 1446 αἰχμαλω-

148 1471 255 1534 σία,
288 1470 405 1523 εἴτε
437 1470 626 1540 νοητὴ,
658 1467 771 1522 εἴτε
801 1466 1058 1539 αίσθητὴ,
1099 1467 1175 1530 ὡς
1206 1467 1343 1539 μηδὲ
1370 1467 1580 1539 τολμᾷν
1615 1484 1721 1537 ερα-

80 1571 89 1581 ·
145 1579 197 1616 νε
205 1558 314 1635 ρῶς
349 1561 641 1616 δεικνύειν.

220 1674 239 1707 ι
278 1655 472 1718 Πόλεις
507 1653 562 1708 αἶ
591 1652 727 1724 πρὸς
756 1652 910 1707 νότον
936 1651 1429 1722 συνεκλείσθησαν.
1460 1670 1480 1705 ι
1505 1652 1572 1705 Al.
1595 1651 1720 1705 κατ’

150 1746 433 1800 εὐσέϐειαν
469 1744 759 1810 πολιτεῖαι,
799 1745 857 1799 αἱ
903 1743 1284 1816 ἁντικείμεναι
1326 1742 1404 1815 τῷ
1438 1743 1717 1815 νοουμένῳ

152 1835 338 1910 509:5?-

219 1947 240 1981 ι
297 1927 619 1999 Ἀπῳκίσθη
671 1928 892 1993 Ἰούδας,
929 1927 1287 1983 συνετέλεσαν
1332 1927 1594 1982 ἀποικίαν
1636 1944 1724 1981 τε-

147 2019 314 2074 λείαν.
359 2039 381 2073 ι
420 2019 576 2073 Μετὰ
612 2018 723 2073 τῶν
751 2001 1028 2089 αἶσθητῶν
1057 2020 1190 2085 νοεῖ,
1222 2018 1307 2072 ὅτι
1337 2018 1446 2073 τῶν
1476 2019 1600 2073 κατ’
1632 2020 1722 2072 εὐ-

120 2099 129 2106 ’
148 2112 364 2167 σέσειαν
394 2110 541 2182 ἠθῶν
579 2110 840 2182 μετέστη.

218 2220 237 2252 ι
286 2200 553 2255 ’Δνάλασε
590 2200 717 2264 τοὺς
762 2198 1079 2272 ὀφθαλμούς
1112 2217 1230 2267 σου,
1267 2200 1654 2273 Ἰερουσαλήμ.
1695 2220 1717 2256 ι

146 2292 300 2347 Τοῦτ’
330 2291 473 2356 ἔστι,
506 2289 866 2360 κατανόησον.

220 2403 239 2435 ι
273 2383 341 2438 Τί
377 2384 523 2454 ἐρεῖς
572 2383 701 2437 ὃταν
732 2381 1177 2436 ἐπισκέπτωνται
1210 2398 1305 2448 σε;
1344 2402 1364 2435 ι
1402 2384 1573 2439 Ὅταν
1606 2384 1723 2454 ἐφι-

147 2473 310 2528 στῶσί
335 2490 425 2527 σοι
453 2474 504 2527 οί
521 2471 794 2545 αἰσθητοὶ,
824 2472 858 2544 ἢ
883 2473 981 2528 καὶ
1012 2473 1199 2545 vomat
1220 2473 1497 2547 πολέμιοι.

223 2671 242 2705 ι
280 2651 397 2706 Καὶ
443 2651 509 2705 σὺ
541 2651 787 2717 ἐδίδαξας
840 2652 1042 2716 αὐτοὺς
1085 2652 1179 2706 ἐπὶ
1208 2653 1269 2706 σὲ
1303 2653 1603 2724 μαθήματα
1638 2653 1721 2717 είς

146 2746 338 2818 ἀρχήν.
376 2763 396 2797 ›
448 2744 575 2798 Ἐὰν
607 2745 685 2815 μὴ
731 2744 838 2816 γὰρ
869 2742 1119 2815 ὲκδῶμεν
1148 2744 1378 2807 ἑαυτοὺς
1418 2745 1486 2814 τῇ
1531 2743 1722 2815 ἁμαρ·

145 2836 253 2907 τίᾳ,
293 2836 400 2889 οὐκ
422 2834 582 2906 ἄρχει
612 2832 794 2905 ἡμῶν.
1384 2884 1403 2900 ,

218 2947 236 2980 ι
268 2927 387 2991 Τὰς
421 2926 660 2998 πτέρνας
695 2943 809 2980 σου.
853 2944 872 2977 ι
908 2926 974 2979 Αἱ
1014 2925 1123 2980 ὁδοί
1153 2942 1269 2992 σου,
1311 2926 1406 2980 καὶ
1436 2924 1506 2979 τὰ
1530 2925 1721 2996 ἐπιτη-

142 3019 233 3074 δεύ
241 3037 394 3091 ματα
424 3020 610 3089 γήϊνα.

1828 555 2086 609 rationes.
2125 555 2266 610 Ante
2297 555 2460 626 igitur
2488 555 2690 612 diaboli
2725 558 3019 613 adventrum
3047 561 3270 628 credite,
3311 565 3408 627 ait.

1827 643 1885 697 in
1915 643 2113 699 lucem.

1903 754 1921 786 ι
1958 736 2023 790 Et
2048 738 2430 808 exspectabitis
2458 738 2526 793 ad
2555 738 2756 803 lucem,
2784 749 2839 796 et
2869 740 2943 797 ibi
2969 742 3163 797 umbra
3194 745 3406 808 mortis,

1825 833 1878 880 et
1910 838 2182 896 ponentur
2225 829 2279 882 in
2315 830 2585 887 tenebras.
2627 850 2646 882 ι
2686 831 2926 889 Fallaces
2969 835 3116 889 enim
3146 836 3409 892 doctrinae

1825 933 1949 973 cum
1978 920 2526 993 lumenpromittant,
2560 932 2790 979 mortem
2828 924 3084 982 all'erunt.

1893 1093 1957 1148 V.
1994 1097 2079 1151 l7.
2125 1115 2144 1149 ι
2185 1098 2245 1151 ln
2285 1098 2603 1154 abscondito
2643 1100 2879 1171 plorabit
2927 1102 3108 1158 anima
3136 1112 3336 1161 vestra.
3382 1121 3403 1155 ι
3490 1166 3495 1171 ,

1825 1183 1920 1239 Vel
1934 1186 1998 1241 ad
2016 1188 2300 1258 magistros
2320 1204 2499 1244 sermo
2530 1190 2618 1245 hic
2645 1199 2746 1255 est,
2775 1206 3007 1259 nempe:
3035 1193 3237 1251 Eorum
3269 1210 3409 1264 quos

1821 1275 2110 1347 decepistis
2136 1280 2340 1350 pudore
2373 1281 2585 1348 sull‘usi,
2616 1282 2669 1335 in
2699 1283 3018 1337 abscondito
3057 1285 3296 1353 plorato;
3322 1286 3407 1340 vel

1823 1368 1989 1423 etiam
2008 1372 2074 1425 ad
2095 1373 2361 1442 captivos,
2379 1389 2579 1443 nempe
2605 1393 2618 1428 :
2647 1373 2821 1429 Tanta
2850 1384 3031 1430 vestra
3065 1376 3170 1430 erit
3187 1378 3411 1446 captivi-

1822 1468 1923 1526 tas,
1964 1462 2078 1517 sive
2111 1479 2174 1518 ea
2217 1464 2554 1534 spiritaliter,
2585 1465 2699 1520 sive
2743 1467 3100 1536 corporaliter
3139 1468 3408 1537 intelliga-

1823 1562 1931 1620 tur,
1966 1563 2024 1609 ιιι
2054 1571 2125 1610 nc
2154 1556 2327 1626 palam
2357 1572 2475 1611 earn
2500 1557 2791 1637 ostendere
2817 1558 3088 1612 audeatis.

1894 1642 1958 1697 V.
2004 1645 2087 1701 l9.
2148 1663 2166 1696 ι
2219 1644 2479 1701 Civitates
2528 1662 2649 1716 quze
2693 1647 2760 1701 ad
2814 1651 3078 1701 Austrum
3138 1647 3411 1703 conclusa:

1822 1745 1971 1790 sunt.
2009 1755 2027 1788 ι
2074 1736 2325 1793 Instituta
2356 1737 2574 1793 vivendi
2602 1738 2906 1794 secunddm
2948 1738 3120 1795 Deum
3140 1754 3260 1808 qua:
3293 1737 3409 1808 spi-

1755 1849 1798 1904 Β
1826 1825 1967 1879 ritali
1998 1825 2183 1882 Borea:
2214 1838 2591 1897 opponuntur.

1899 1935 1919 1967 ι
1956 1914 2271 1971 Translatus
2286 1926 2368 1972 est
2386 1918 2553 1973 Judas
2573 1935 2585 1971 :
2611 1925 3131 1977 consummaverunt
3153 1916 3411 1972 transmi-

1823 2007 2121 2079 grationem
2160 2008 2477 2078 perlectam.
2537 2029 2554 2061 ι
2602 2010 2737 2064 Cum
2784 2011 3078 2064 sensilibus
3139 1992 3405 2082 intellige,

1822 2100 1967 2170 quod
2005 2114 2185 2156 mores
2218 2101 2287 2156 ad
2320 2102 2574 2172 pietatem
2606 2104 2937 2172 compositos
2968 2103 3289 2171 deseruerit.

1891 2190 1957 2246 V.
1998 2192 2085 2249 20.
2119 2212 2136 2244 ι
2176 2193 2318 2249 Leva
2341 2194 2533 2250 oculos
2566 2202 2711 2260 tuos,
2743 2194 3065 2250 Jerusalem.
3104 2214 3121 2246 ι
3150 2192 3265 2248 Hoc
3297 2203 3399 2259 est,

1823 2288 2211 2358 contemplare,
2242 2288 2508 2358 perspice,
2540 2287 2803 2358 intellige.

1896 2379 1960 2432 ν.
1993 2378 2080 2434 2|.
2132 2399 2150 2431 ι
2184 2378 2322 2446 Quid
2363 2380 2515 2436 dices
2561 2395 2683 2435 cum
2723 2379 3069 2452 visitaverint
3098 2379 3187 2434 te?
3216 2398 3234 2431 ι
3267 2378 3405 2434 Cum

1825 2471 1920 2525 tibi
1959 2471 2230 2526 astiterint
2279 2472 2603 2537 sensibiles,
2650 2471 2733 2527 vel
2781 2471 3148 2543 intelligibiles
3211 2471 3406 2527 adver—

1826 2562 1976 2618 sarii.
3407 2585 3410 2588 ~

1901 2672 1919 2706 ι
1957 2654 2025 2708 Ει
2080 2662 2139 2709 ιιι
2163 2654 2392 2709 docuisti
2429 2668 2526 2709 eos
2582 2654 2875 2708 adversum
2934 2661 2987 2708 te
3041 2652 3317 2708 doctrinas
3351 2651 3407 2706 in

1825 2745 2209 2817 principatum.
2249 2766 2266 2797 ι
2333 2746 2450 2802 Nisi
2498 2747 2646 2801 enim
2701 2762 2804 2801 nos
2857 2746 2961 2817 ipsi
3008 2746 3274 2801 dedamus
3304 2744 3407 2799 ini-

1824 2835 2035 2905 quitati,
2068 2851 2133 2891 ea
2157 2837 2315 2891 nobis
2342 2852 2454 2891 non
2492 2837 2824 2891 dominatur.

1893 2925 1959 2982 V.
1985 2926 2076 2981 ‘22.
2118 2946 2137 2980 ‹
2177 2927 2431 2983 Calcanci
2467 2929 2566 2983 tui.
2603 2947 2622 2981 ι
2681 2926 2796 2983 Via:
2830 2935 2957 2994 tria},
2988 2935 3045 2983 et
3077 2927 3261 2984 studia
3289 2934 3408 2984 ter-

1825 3030 1979 3071 rena.

216 3128 235 3160 c
270 3110 333 3164 Ei
365 3108 659 3175 ἀλλάξεται
687 3107 900 3178 Αἰθίοψ.
937 3126 956 3159 ι
1000 3107 1221 3178 Φυσικῷ
1254 3107 1545 3178 πράγματι
1573 3122 1717 3177 παρ-

1897 3105 1964 3160 V.
1998 3106 2089 3162 23.
2144 3126 2159 3159 ι
2216 3105 2272 3161 Si
2318 3107 2549 3164 mutabit
2590 3106 2864 3179 1Ethiops.
2933 3129 2951 3162 ι
3032 3109 3131 3165 Rei
3176 3110 3407 3166 naturali

118 3200 381 3266 ἐικάζει,
434 3198 534 3270 τὴν
583 3201 649 3254 ὲκ
700 3199 903 3271 πολλῆς
955 3197 1246 3270 συνηθείας
1296 3196 1594 3268 ἁμαρτίαν.
1633 3195 1720 3248 ἵνα

1863 3207 2107 3255 eccatum
2158 3199 2327 3253 multa
2368 3200 2764 3255 consuetudine
2805 3200 3056 3256 inolitnin
3117 3202 3409 3269 assimilat,

143 3290 289 3366 δείξῃ
336 3292 646 3361 ἀναγκαίαν
676 3286 820 3347 εἷναι
848 3290 947 3364 τὴν
997 3291 1161 3362 χάριν
1201 3288 1297 3344 τοῦ
1341 3286 1572 3361 λουτροῦ
1612 3286 1715 3359 τῆς

148 3383 591 3454 παλιγγενεσίας.

219 3490 239 3525 ι
265 3473 381 3527 Καὶ
406 3474 435 3526 ό
460 3471 831 3543 χρεμετισμός
858 3488 975 3527 σου.
1020 3489 1039 3523 ι
1070 3471 1169 3527 Διὰ
1190 3470 1286 3525 τοῦ
1319 3470 1717 3543 χρεμετισμοῢ,

148 3566 427 3635 σημαίνει,
459 3563 560 3634 τὴν
583 3562 718 3635 πρὸς
749 3563 850 3635 τὴν
887 3563 1112 3634 θήλειαν
1155 3562 1358 3634 μίξεως
1382 3562 1480 3634 τὴν
1510 3563 1719 3633 ἔφεσιν.

146 3657 315 3711 Τοῦτο
343 3651 441 3710 οὖν
471 3671 657 3725 φησιν,
687 3655 770 3708 ὅτι
797 3655 911 3709 Καὶ
950 3656 1010 3708 ὲν
1042 3654 1464 3724 συγκαταθέσει,
1511 3654 1607 3709 καὶ
1656 3655 1715 3708 ἐν

147 3750 285 3821 αὑτῇ
311 3751 379 3820 τῇ
409 3746 608 3819 πράξει
635 3746 734 3818 τὴν
763 3746 1044 3818 ἁμαρτίαν
1079 3744 1429 3818 εἰργάσασθε.
1712 3816 1723 3822 _

222 3861 242 3894 ι
292 3840 422 3895 Ἐπὶ
469 3838 701 3910 βουνῶν,
738 3840 833 3894 καὶ
876 3840 935 3893 ὲν
978 3840 1094 3902 τοῖς
1139 3839 1332 3908 ἀγροῖς
1382 3837 1607 3909 ἑώρακα
1647 3836 1716 3890 τὰ

151 3932 495 4005 βδελύγματά
522 3948 670 3986 σου.»
711 3931 856 3986 ’Δντὶ
881 3929 1000 4000 τοῦ,
1030 3930 1174 3986 κατᾶ
1197 3929 1426 3993 πολλοὺς
1454 3929 1713 4001 τρόπους.

152 4024 295 4097 Πλὴν
318 4028 414 4080 ἐπὶ
433 4024 641 4080 τούτων
663 4023 848 4081 ἔθυον.

740 4199 996 4257 ΚΕΦᾹΛ.
1038 4197 1136 4256 IA'.

229 4339 247 4373 ι
300 4318 693 4389 Ἐπένθησενὴ
754 4315 1000 4372 Ἰουδαία.
1046 4333 1067 4367 ι
1105 4313 1262 4369 Μετά
1297 4312 1360 4364 τὸ
1396 4309 1653 4382 αἰσθητὸν
1688 4312 1720 4383 ἡ

158 4411 355 4479 γνῶσις
378 4410 480 4479 τῆς
515 4407 825 4472 εὐσεσείας.

233 4521 252 4554 ι
292 4502 408 4557 Καὶ
453 4502 509 4554 αί
556 4500 723 4554 πύλαι
764 4497 935 4569 αὐτῆς
981 4495 1358 4568 ἐκενώθησαν.
1406 4514 1423 4548 ο
1482 4497 1548 4550 Δί
1612 4499 1722 4550 είσ-
1759 4540 1802 4595 D

162 4595 376 4664 αγωγαὶ
405 4594 501 4647 καὶ
525 4592 869 4647 διδασκαλίαι
898 4590 1000 4645 οὐκ
1027 4589 1250 4661 ἔχουσαι
1301 4591 1432 4654 τοὺς
1476 4591 1728 4645 διδασκο-

165 4686 325 4756 μένου
333 4703 382 4748 ςε

236 4797 255 4829 ι
285 4777 397 4831 Καὶ
425 4775 807 4848 ὲσκοτώθησαν
835 4778 931 4832 imi.
969 4780 1071 4851 τῆς
1109 4778 1236 4847 γῆς.
1279 4798 1298 4832 ι
1351 4779 1466 4849 Τῆς
1490 4776 1603 4848 γὰρ
1633 4793 1732 4830 κα-

165 4867 288 4932 κίας
312 4867 719 4940 ἐπικρατούσης
750 4871 784 4939 ἡ
815 4869 986 4944 ἀρετὴ
1014 4871 1376 4926 καλύπτεται.

238 4979 267 5012 ι
305 4961 416 5014 Καὶ
466 4961 501 5034 ἡ
534 4961 752 5033 κραυγὴ
781 4962 884 5032 τῆς
932 4962 1290 5035 Ἰερουσαλὴμ
1318 4960 1509 5031 ἀνέϐη.
1546 4981 1569 5015 ι.
1623 4963 1735 5032 Οὐχ

1830 3300 1891 3345 ιιι
1917 3290 2141 3361 gratiam
2184 3290 2384 3346 lavacri
2416 3291 2843 3362 regenerationis
2874 3295 3128 3349 ostendat
3159 3310 3414 3352 necessa-

1829 3381 1988 3437 riam.

1902 3470 1969 3527 V.
2016 3472 2106 3527 27.
2153 3491 2171 3524 ι
2227 3472 2292 3527 Ει
2332 3473 2578 3531 hinnitus
2629 3474 2725 3528 tui.
2769 3493 2788 3526 ι
2839 3472 3062 3529 liinnitn
3109 3476 3411 3547 appetitum

1832 3565 2007 3621 coitus
2079 3581 2203 3621 cum
2286 3566 2490 3623 femina
2537 3566 2824 3639 signiﬁcat.
2875 3566 2990 3621 Hoc
3042 3565 3208 3636 igitur
3282 3568 3407 3622 ait:

1832 3656 1900 3713 Et
1922 3672 2170 3722 assensu,
2204 3666 2260 3713 et
2288 3673 2453 3729 opere
2480 3658 2599 3731 ipso
2635 3666 2915 3730 peccatum
2946 3661 3321 3729 perpetrastis.

1910 3858 1931 3893 ‹
1977 3838 2154 3911 Super
2196 3840 2381 3905 colles,
2422 3849 2479 3896 et
2531 3841 2583 3895 in
2621 3842 2766 3913 agris
2813 3842 2922 3897 vidi
2970 3840 3412 3896 abominationcs

1837 3935 1975 3984 tuas.
2015 3948 2033 3981 ι
2066 3929 2183 3984 lioc
2234 3938 2351 3995 est,
2391 3930 2575 3986 multis
2630 3931 2904 4002 variisque
2966 3931 3162 3989 modis.
3224 3931 3415 3989 Adlioc

1836 4018 2102 4090 super_his
2129 4018 2394 4075 sacriﬁcia
2416 4018 2739 4095 offerebant.

2460 4195 2612 4250 CAP.
2651 4195 2791 4253 XIV.

1909 4304 1972 4359 V.
2000 4306 2055 4369 2.
2107 4325 2125 4358 ι
2162 4306 2325 4368 ιυιιίι
2349 4306 2551 4363 Iudaea.
2592 4326 2609 4359 ι
2645 4305 2777 4367 Post
2800 4306 3026 4371 sensile,
3074 4306 3296 4378 pietatis
3319 4322 3421 4363 ce-

1838 4397 2027 4477 gnitio.

1913 4509 1933 4542 ι
1971 4490 2038 4545 Ει
2059 4499 2227 4562 portae
2262 4491 2381 4562 ejus
2409 4505 2593 4545 vacuae
2624 4490 2779 4545 factae
2800 4498 2929 4544 sunt
2956 4498 3011 4544 ct
3038 4488 3412 4544 contenebra-

1834 4591 1921 4638 ιω.
1950 4602 1967 4633 ι
2016 4583 2388 4639 lnstitutiones
2410 4593 2465 4637 et
2494 4581 2795 4651 disciplina:
2841 4596 2977 4651 quos
3023 4581 3277 4636 erudiant
3308 4594 3418 4636 non

1838 4675 2118 4733 habentes.

1850 4804 1853 4805 ν
1912 4786 1940 4823 ι,
1974 4766 2037 4821 Et
2064 4766 2467 4822 contenebratae
2495 4773 2626 4818 sunt
2647 4778 2812 4829 super
2842 4769 3063 4818 terram.
3105 4782 3123 4813 ι
3159 4761 3416 4830 Nequitia

1836 4856 1982 4913 enim
2018 4852 2637 4925 praedominanteyirtus
2660 4852 2954 4919 obtegitur.

1840 5006 1841 5009 η
1914 4968 1932 4999 ι
1972 4950 2040 5003 Ει
2076 4948 2280 5002 clamor
2323 4944 2625 5007 .lerusalom
2675 4942 2942 5013 ascendit.
2988 4962 3006 4994 ι
3063 4941 3182 4997 Non
3231 4942 3421 4998 ntiillc

168 5052 240 5114 ὡς
268 5053 302 5122 ἠ
329 5053 606 5124 Σοδόμωνο
647 5055 710 5108 οὺ
736 5054 848 5126 γὰρ
880 5034 1404 5125 τελείωςτὴφανίσθη
1426 5068 1443 5084 ⁴
1476 5052 1615 5108 ἀλλᾶ
1637 5056 1726 5110 τοῦ

1859 5040 2197 5095 Sodomorum
2226 5053 2243 5101 ;
2279 5037 2427 5094 haud
2452 5036 2597 5092 enim
2628 5035 2844 5107 penitus
2873 5034 3127 5100 evanuit;
3167 5035 3263 5088 sed
3296 5035 3421 5104 eju-

169 5140 399 5211 ὁδυρμοῦ
437 5144 610 5216 αὐτῆς
639 5148 675 5216 ἡ
703 5147 943 5217 κραυγή.

249 5251 268 5283 ι
301 5220 409 5287 καὶ
445 5237 495 5288 oi.
529 5239 857 5306 μεγιστᾶνες
881 5239 1052 5308 αὐτῆς
1088 5237 1423 5294 ἀπέστειλαν
1451 5241 1575 5303 τοὺς
1607 5257 1738 5292 νεω-

1744 5147 1747 5151 ‘
1841 5136 1980 5190 latus
2019 5132 2188 5203 ipsius
2214 5131 2441 5187 clamor.

1912 5227 1976 5281 ν.
2014 5226 2067 5282 5.
2106 5242 2126 5276 ι
2159 5223 2225 5279 Ει
2252 5231 2536 5294 magnatcs
2569 5221 2688 5290 ejus
2719 5218 3263 5288 miseruntjuniores
3288 5234 3422 5274 suos

170 5323 362 5394 τέρους
421 5326 602 5379 αὐτῶν
653 5329 736 5397 ἐφ’
780 5329 946 5400 ὕδωρ.
998 5348 1018 5382 ι
1055 5331 1119 5382 Οἱ
1154 5329 1334 5400 θρόνοι
1377 5332 1425 5385 οί
1478 5322 1726 5403 ἱερατικά

1859 5318 1906 5372 ιι]
1932 5332 2153 5387 aquam,
2196 5335 2214 5366 )
2242 5324 2348 5370 etc.
2371 5314 2541 5368 Sedes
2572 5312 2939 5367 sacerdotales
2981 5311 3250 5371 miserunt
3272 5328 3424 5380 qna:-

175 5412 423 5483 ἐπεμψαν
497 5414 842 5487 ἐπερωτῆσαι
888 5418 996 5471 ἀπὸ
1047 5417 1186 5472 Θεοῦ
1245 5418 1317 5471 τὰ
1370 5420 1738 5489 συμφέροντα.

1845 5410 2043 5464 situros
2083 5407 2150 5461 de
2195 5405 2306 5460 Deo
2344 5419 2466 5473 quae
2509 5403 2900 5457 conducerent.
2944 5400 3199 5455 iuniores
3239 5411 3422 5455 autem

176 5504 493 5576 Νεωτέρους
520 5504 578 5559 δὲ
598 5505 796 5569 αὐτοὺς
824 5507 1071 5572 ἐκάλεσε,
1101 5508 1190 5561 διὰ
1220 5508 1280 5561 τὸ
1318 5510 1615 5579 κοσμικαῖς
1650 5509 1726 5561 καὶ

1859 5514 1939 5553 aes
1991 5496 2314 5567 appellavit,
2363 5508 2430 5549 eo
2474 5496 2617 5562 quod
2660 5492 2954 5546 mundanis
2991 5500 3045 5546 ct
3094 5490 3427 5560 juvenilibus

178 5580 531 5668 πωτερὶκατς
561 5596 762 5660 αὐτοὺς
792 5599 1107 5670 ἒπιθυμιαις
1132 5600 1435 5671 ἐνέχεσθαι.

252 5706 271 5740 ι
290 5689 566 5748 Ἥλθοσαν
587 5690 680 5743 ἐπὶ
700 5691 770 5743 τι
793 5690 1022 5759 φρέατα,
1044 5691 1137 5744 καὶ
1152 5693 1251 5761 οὐχ
1267 5691 1507 5763 εὖρησαν
1533 5691 1696 5762 ὕδωρ.
1722 5710 1740 5742 ι

182 5774 348 5831 Τοῦτο
377 5783 424 5835 εἰ
465 5781 539 5853 μὴ
572 5781 635 5834 ἐκ
672 5778 824 5843 θείας
860 5779 1053 5849 ὀργῆς,
1089 5781 1190 5834 οὐκ
1222 5782 1288 5836 ἄν
1341 5800 1470 5838 ποτε
1525 5783 1739 5851 συνέϐη.

1846 5589 2129 5646 desideriis
2150 5587 2545 5643 detinerentur.

1923 5701 1941 5735 ι
1972 5681 2249 5737 Venerunt
2266 5679 2334 5733 ad
2362 5686 2575 5747 puteos,
2598 5684 2653 5732 et.
2676 5692 2783 5730 non
2803 5676 3131 5737 invenerunt
3155 5690 3372 5743 aquam.
3402 5692 3421 5723 ι

1853 5773 1964 5829 lioc
1994 5774 2048 5828 ni
2080 5772 2300 5828 fecisset
2338 5769 2417 5825 ira
2452 5770 2566 5834 Dei,
2598 5785 2873 5835 nunquam
2906 5767 3195 5824 evenisset.
3220 5767 3424 5820 Aliter:
