3876 6304
152 336 264 401 657

1271 336 1736 401 FRAGMENTA
1772 340 1856 401 IN
1893 337 2311 401 JEREMIAM.

3317 345 3423 409 058

153 447 307 517 Ὀρη
335 442 588 499 σκοτεινὰ
612 442 670 496 αἱ
709 443 947 513 πονηρώ
973 441 1257 514 δυνάμεις,
1279 446 1375 500 καὶ
1405 417 1463 497 αἱ
1503 443 1738 499 διαϐολι-

1876 444 2121 515 aliginosi
2188 452 2490 515 potestates
2550 446 2770 516 iniqua),
2844 447 3233 519 diabolieamue
3289 468 3423 521 ope-

149 536 255 591 xal.
288 534 587 606 ἐνέργειαι.
618 532 731 603 [Iph
761 533 861 603 τῆς
883 531 977 585 οὖν
1007 531 1320 605 παρρησίας
1350 532 1445 586 τοῦ
1463 532 1737 601 διαϐόλου,

149 627 318 699 φησὶ,
348 624 684 680 πιστεύσατε
716 627 800 690 εἰς
835 624 898 678 τὺ
927 624 1066 694 φῶς.

236 739 258 774 r
303 722 411 775 Kal.
437 721 758 792 ἀναμενεῖτε
785 718 864 783 εἰς
895 718 1032 789 φῶς,
1069 719 1163 772 καὶ
1184 719 1304 771 ἐκεῖ
1326 716 1455 771 σκιὰ
1476 717 1737 783 θανάτου,

162 812 264 868 καὶ
314 813 635 884 τεθήσονται
678 812 758 873 είς
789 809 1003 874 σκότος.
1043 827 1062 861 ι
1109 810 1174 862 Al
1201 807 1311 880 γάρ
1336 807 1554 878 ψευδεῖς
1593 807 1740 861 διδα-

153 905 385 959 σκαλίαι
429 904 547 973 φῶς
586 901 1055 974 ὑπισχνούμεναι,
1115 899 1352 955 θανάτου
1405 900 1738 972 τυγχάνουσι

150 996 433 1071 πρόξενοι.

232 1107 249 1138 ι
289 1082 709 1155 Κεκρυμμένως
762 1080 1060 1137 κλαύσεται
1111 1083 1146 1152 ἡ
1190 1081 1359 1153 ψυχή.
1417 1101 1435 1134 ι
1476 1083 1547 1136 Ἢ
1601 1081 1739 1154 πρὸς

150 1177 285 1240 τοὺς
309 1175 662 1237 διδασκάλους
687 1175 715 1226 ὁ
739 1173 918 1241 λόγος,
943 1173 1027 1226 ὅτι
1046 1174 1440 1244 Δίσχυνόμενοι
1471 1172 1568 1237 οὓς
1590 1174 1735 1243 ἡπα-

150 1273 384 1341 τήσατε,
420 1266 824 1339 κεκρυμμένως
863 1264 1170 1320 κλαύσατε·
1224 1266 1258 1338 ἢ
1296 1265 1392 1320 καὶ
1440 1266 1581 1337 πρὸς
1610 1265 1739 1328 τοὺς

153 1358 561 1431 αἰχμαλώτους,
597 1361 681 1413 ὅτι
720 1357 958 1429 Τοιαύτη
986 1357 1140 1428 ὑμῶν
1186 1357 1401 1428 ἔσταιὴ
1436 1357 1740 1428 αἰχμαλω-

156 1453 273 1516 σία,
307 1452 418 1505 εἴτε
451 1452 640 1523 νοητὴ,
671 1449 784 1504 εἴτε
815 1448 1072 1522 αἰσθητὴ,
1113 1449 1189 1512 ὡς
1220 1449 1357 1521 μηδὲ
1384 1449 1594 1521 τολμᾷν
1629 1466 1735 1519 φα-

69 1554 83 1564 ·
153 1562 214 1599 νε
223 1541 333 1617 ρῶς
366 1542 654 1598 δεικνύειν.

238 1656 257 1689 ι
298 1636 486 1700 Πόλεις
521 1635 576 1690 αἶ
604 1634 740 1706 πρὸς
771 1634 924 1689 νότον
951 1633 1442 1704 συνεκλείσθησαν.
1474 1652 1493 1687 ι
1519 1634 1585 1686 Al
1609 1633 1733 1687 κατ’

160 1727 447 1782 εὐσέϐειαν
483 1726 772 1792 πολιτεῖαι,
813 1727 870 1780 al
916 1725 1298 1797 άντικείμεναι
1340 1724 1418 1797 τῷ
1452 1724 1731 1797 νοουμένῳ

238 1929 258 1962 c
315 1909 633 1981 ’Δπῳκίσθη
685 1910 906 1975 Ἰούδας,
943 1909 1301 1965 συνετέλεσαν
1347 1909 1608 1964 ἀποικίαν
1650 1927 1738 1963 τε·

158 2002 333 2056 λείαν.
374 2021 394 2055 ι
434 2002 591 2055 Μετὰ
626 2000 737 2054 τῶν
765 1983 1041 2072 αἶσθητῶν
1071 2002 1204 2067 νοεῖ,
1236 2000 1321 2054 ὄτι
1351 2000 1460 2055 τῶν
1491 2002 1614 2055 κατ’
1646 2002 1736 2054 εύ-

126 2081 135 2089 .
158 2094 379 2149 σέσειαν
407 2092 555 2165 ἠθῶν
592 2092 854 2164 μετέστη.

238 2203 255 2234 ε
304 2182 568 2237 Ἀνάλαόε
605 2182 731 2245 τοὺς
776 2181 1092 2254 ὀφθαλμούς
1126 2199 1245 2249 σου,
1280 2182 1668 2256 Ἰερουσαλήμ.
1709 2202 1730 2238 δ

156 2274 319 2329 Τοῦτ’
349 2273 487 2339 ἔστι,
520 2271 880 2343 κατανόησον.

239 2385 258 2417 ι
292 2365 359 2419 Τί
390 2366 537 2436 ἐρεῖς
586 2366 714 2419 ὅταν
746 2363 1191 2418 ἐπισκέπτωνται
1224 2380 1319 2431 σε;
1358 2383 1378 2417 ι
1416 2366 1587 2420 Ὅταν
1620 2366 1737 2435 ἐφι-

157 2455 329 2510 στῶσί
353 2472 440 2510 σοι
467 2456 517 2509 οἱ
535 2454 808 2527 αἰσθητοὶ,
839 2454 872 2527 ἢ
897 2456 994 2510 καὶ
1026 2455 1212 2527 νοητοὶ
1233 2455 1511 2528 πολέμιοι.

242 2653 260 2686 ι
299 2633 410 2689 Kal.
458 2633 524 2687 ab
555 2632 800 2698 ἐδίδαξας
855 2634 1056 2698 αὐτοὺς
1099 2634 1193 2687 ἐπὶ
1221 2635 1283 2688 σὲ
1317 2634 1617 2706 μαθήματα
1652 2636 1734 2699 είς

158 2727 356 2800 ἀρχήν.
391 2745 410 2779 ›
462 2726 589 2780 Ἐὰν
621 2727 699 2797 μὴ
744 2727 852 2798 γὰρ
883 2724 1133 2797 ὲκδῶμεν
1162 2726 1392 2789 ἑαυτοὺς
1431 2726 1499 2796 τῇ
1545 2725 1735 2797 ἁμαρ-

157 2819 273 2889 τία,
312 2817 413 2870 οὐκ
436 2816 596 2889 ἄρχει
626 2814 808 2887 ἡμῶν.
1399 2866 1417 2882 ,

123 2962 129 2965 ,
238 2928 257 2962 ι
288 2909 401 2972 Τάς
435 2908 674 2980 πτέρνας
709 2925 822 2962 σου.
867 2925 886 2959 ι
921 2908 987 2960 Δί
1027 2906 1137 2962 ὁδοί
1166 2924 1282 2974 σου,
1324 2908 1419 2962 καὶ
1450 2906 1519 2960 τὰ
1544 2908 1735 2978 ἐπιτη-

154 3001 408 3072 δεύματα
437 3002 624 3071 γήϊνα.

1844 537 2100 591 rationes.
2139 537 2279 592 Ante
2311 538 2474 608 igitur
2503 538 2704 594 diaboli
2739 540 3033 595 adventum
3060 543 3285 610 credite,
3326 548 3422 610 ait,

1841 624 1899 679 in
1929 625 2127 680 lucem.
2442 685 2445 689 _

1917 736 1935 768 ι
1972 718 2036 772 Ει
2062 720 2444 790 exspectabitis
2472 720 2540 776 ad
2570 721 2770 785 lucem,
2797 731 2853 778 et
2883 723 2957 779 ibi
2983 724 3176 779 umbra
3208 728 3420 789 mortis,

1839 815 1892 862 et
1925 820 2195 878 ponentur
2239 811 2293 864 in
2328 813 2600 869 tenebras.
2641 832 2659 864 ι
2700 813 2940 871 Fallaees
2983 817 3130 871 enim
3158 818 3423 874 doctrinas

1839 916 1962 954 eum
1992 902 2540 975 lumenpromittant,
2575 914 2805 961 mortem
2842 906 3098 965 aderunt.

1906 1076 1970 1130 ν.
2008 1078 2093 1133 l7.
2139 1097 2158 1131 ι
2199 1080 2259 1133 ln
2299 1081 2617 1137 abscondito
2658 1083 2893 1153 plorabit
2940 1084 3123 1141 anima
3150 1095 3350 1143 vestra.
3396 1104 3419 1137 τ
3504 1150 3509 1153 ι

1839 1165 1934 1221 Vel
1948 1169 2012 1223 ad
2030 1170 2313 1240 magistros
2334 1187 2513 1226 sermo
2544 1172 2631 1228 hic
2658 1180 2760 1237 est,
2789 1190 3020 1242 nempe:
3049 1176 3251 1233 Eorum
3283 1192 3424 1247 quos

1835 1257 2124 1329 deeepistis
2150 1263 2355 1332 pudore
2386 1264 2599 1330 sutInsi,
2629 1265 2683 1317 in
2713 1265 3032 1320 abscondito
3071 1267 3310 1335 plorate;
3336 1269 3421 1323 vel

1837 1350 2002 1405 etiam
2022 1354 2088 1407 ad
2109 1355 2375 1424 captivos,
2394 1371 2593 1426 nempe
2619 1375 2633 1411 :
2661 1355 2836 1412 Tanta
2864 1366 3043 1412 vestra
3078 1359 3183 1412 erit
3201 1361 3424 1428 captivi-

1836 1450 1937 1509 tas,
1978 1445 2092 1500 sive
2125 1461 2189 1500 ea
2230 1447 2567 1516 spiritaliter,
2599 1448 2713 1503 sive
2757 1449 3114 1519 corporaliter
3152 1450 3422 1520 intelliga‘

1837 1543 1945 1601 tur,
1979 1545 2039 1591 ut
2068 1553 2139 1592 ne
2168 1539 2341 1609 palam
2371 1554 2489 1593 eam
2514 1539 2805 1594 ostendere
2831 1540 3102 1595 audeatis.

1908 1624 1972 1679 ν.
2017 1626 2101 1682 19.
2163 1646 2181 1679 ι
2233 1627 2493 1683 Civitates
2542 1610 2774 1699 quan-ad
2828 1633 3091 1684 Austrum
3152 1630 3424 1685 conclusa:

1837 1726 1985 1772 sunt.
2023 1737 2041 1769 ι
2087 1718 2339 1775 lnstituta
2370 1719 2588 1775 vivendi
2616 1720 2920 1776 secundam
2961 1720 3134 1775 Deum
3154 1736 3275 1791 qua:
3307 1720 3422 1790 spi-

1769 1831 1812 1886 B
1840 1807 1981 1862 ritali
2011 1807 2197 1863 Borea:
2228 1821 2605 1879 opponuntur.

1913 1917 1933 1949 ι
1970 1896 2285 1954 Translatus
2300 1908 2382 1955 est
2399 1900 2566 1955 ludas
2587 1918 2600 1954 :
2625 1908 3144 1957 consummaverunt
3167 1897 3424 1955 transmi-

1837 1989 2135 2061 grationem
2174 1990 2491 2061 perfectam.
2550 2012 2568 2043 ι
2617 1992 2751 2046 Cum
2798 1993 3091 2046 sensilibus
3153 1975 3419 2064 intelligo.

1835 2082 1981 2152 quod
2019 2096 2199 2138 mores
2232 2083 2301 2138 ad
2334 2084 2588 2154 pietatem
2620 2085 2951 2154 compositos
2982 2085 3303 2152 deseruerit.

1905 2171 1970 2228 V.
2011 2174 2098 2231 20.
2133 2194 2150 2226 ι
2189 2175 2331 2231 Leva
2355 2176 2547 2231 oculos
2579 2185 2724 2241 tuos,
2757 2176 3079 2232 Jerusalem.
3118 2196 3135 2227 ι
3164 2175 3278 2230 lloe
3311 2185 3413 2241 est,

1837 2269 2224 2339 contemplare,
2256 2269 2523 2340 perspice,
2555 2269 2816 2341 intellige.

1909 2361 1974 2415 ν.
2006 2360 2093 2416 21.
2145 2381 2163 2413 ι
2198 2361 2336 2428 Quid
2377 2362 2529 2418 dices
2574 2377 2698 2417 eum
2737 2361 3082 2433 visitaverint
3113 2362 3201 2416 te?
3230 2381 3248 2414 ι
3282 2360 3419 2416 Cum

1839 2452 1933 2507 tibi
1972 2453 2245 2508 astiterint
2294 2454 2617 2519 sensibiles,
2663 2454 2747 2509 vel
2795 2453 3161 2524 intelligibiles
3226 2454 3420 2509 adver-

1839 2544 1990 2599 sarii.

1915 2654 1933 2688 ‹
1969 2636 2039 2691 Et
2094 2644 2153 2690 tu
2177 2635 2406 2691 docuisti
2443 2650 2540 2691 eos
2596 2635 2888 2691 adversum
2948 2643 3000 2690 te
3054 2634 3331 2690 doctrinas
3364 2632 3421 2688 in

1838 2727 2222 2799 principatum.
2262 2748 2280 2779 ι
2347 2728 2463 2783 Nisi
2511 2729 2660 2784 enim
2715 2744 2817 2784 nos
2871 2728 2974 2799 ipsi
3021 2728 3287 2783 dedamus
3318 2726 3421 2781 ini-

1838 2818 2049 2887 quitati,
2081 2833 2146 2873 ea
2170 2819 2329 2873 nobis
2356 2834 2468 2873 non
2506 2819 2839 2874 dominatur.

1906 2907 1972 2964 ν.
1999 2909 2089 2963 ει.
2131 2928 2150 2962 ι
2191 2910 2446 2965 Calcanei
2481 2910 2580 2966 tui.
2617 2929 2636 2962 ι
2695 2908 2810 2965 νίω
2843 2918 2970 2975 tuae,
3002 2917 3058 2966 et
3091 2909 3275 2966 studia
3303 2916 3421 2967 ter-

1839 3012 1992 3052 rena.

238 3108 258 3142 ‹
292 3091 354 3145 El
381 3090 673 3158 ἀλλάξεται
700 3089 914 3159 Δίθίοᾲ.
950 3108 970 3141 ι
1013 3089 1235 3160 Φυσικῷ
1268 3089 1559 3160 πράγματι
1586 3105 1730 3159 παρ-

1910 3087 1978 3142 V.
2012 3088 2102 3144 23.
2157 3107 2174 3141 ι
2230 3087 2285 3143 Si
2331 3089 2562 3145 mutabit
2603 3088 2877 3161 1E1hiops.
2946 3111 2965 3144 ι
3046 3092 3144 3147 Rei
3190 3093 3420 3148 naturali

157 3180 395 3246 εικάζει,
448 3180 548 3252 τὴν
597 3183 663 3236 ικ
714 3181 916 3252 πολλῆς
968 3179 1259 3252 συνηθείας
1309 3178 1607 3249 ἁμαρτίαν.
1646 3177 1734 3230 ἴνα

1877 3189 2120 3237 eccatum
2171 3181 2341 3236 multa
2382 3182 2777 3236 consuetudine
2819 3182 3070 3238 inolitum
3131 3184 3423 3251 assimilat,

156 3270 310 3346 δείξῃ
356 3273 660 3342 ἀναγκαίαν
690 3268 834 3329 εἶναι
861 3272 961 3346 τὴν
1011 3273 1174 3344 χάριν
1214 3270 1310 3326 τοῦ
1354 3269 1586 3343 λουτροῦ
1626 3268 1728 3341 τῆς

161 3364 605 3434 παλιγγενεσίας.
1081 3362 1084 3366 Α

239 3471 259 3506 ι
287 3454 396 3508 Καὶ
420 3455 449 3508 ό
474 3453 845 3525 χρεμετισμός
871 3471 989 3509 σου.
1034 3470 1053 3505 ι
1083 3453 1183 3508 Διὰ
1203 3452 1300 3507 τοῦ
1333 3451 1730 3525 χρεμετισμοῦ,

161 3547 442 3617 σημαίνει,
473 3544 574 3616 τὴν
597 3544 731 3618 πρὸς
763 3545 864 3617 τὴν
901 3544 1126 3616 θήλειαν
1168 3545 1372 3617 μίξεως
1395 3544 1494 3616 τὴν
1523 3545 1733 3615 ἔφεσιν.

158 3638 332 3694 Τοῦτο
361 3632 456 3692 οὖν
485 3652 671 3707 φησιν,
700 3637 783 3690 ὅτι
810 3636 924 3691 Kal.
964 3638 1023 3692 ὲν
1056 3636 1478 3706 συγκαταθέσει,
1524 3636 1620 3690 καὶ
1669 3637 1728 3690 ὲν

160 3732 302 3803 αὐτῇ
328 3732 394 3801 τῇ
423 3728 621 3801 πράξει
649 3729 746 3801 τὴν
776 3728 1058 3800 ἁμαρτίαν
1093 3727 1442 3800 εἰργάσασθε.
1724 3798 1736 3804 ε

241 3843 260 3875 ε
309 3822 436 3876 Ἐπὶ
483 3820 714 3892 βουνῶν,
752 3822 846 3876 καὶ
890 3823 948 3875 ἐν
992 3822 1108 3884 τοῖς
1152 3820 1345 3890 ἀγροῖς
1395 3819 1620 3891 ἑώρακα
1660 3819 1729 3872 τά

161 3914 509 3987 βδελύγματά
536 3930 684 3968 σου.»
724 3913 870 3967 Ἀντὶ
895 3911 1014 3982 τοῦ,
1044 3911 1187 3968 κατὰ
1211 3911 1441 3976 πολλοὺς
1468 3911 1727 3983 τρόπους.

162 4006 313 4079 Πλὴν
335 4009 428 4063 ἐπὶ
448 4006 655 4062 τούτων
676 4005 861 4063 ἔθυον.

754 4181 1010 4239 ΚΕΦᾹΛ.
1052 4179 1150 4238 IA'.

247 4321 266 4354 ι
318 4300 706 4372 Ἐπένθησενὴ
766 4297 1014 4354 Ἰουδαία.
1060 4314 1080 4349 ι
1119 4295 1276 4351 Μετὰ
1310 4293 1374 4346 τὸ
1410 4291 1667 4364 αἰσθητὸν
1701 4295 1733 4364 ή

166 4392 372 4464 γνῶσις
392 4393 495 4462 τῆς
529 4390 839 4454 εὐσεϐείας.

250 4503 269 4535 ι
310 4484 421 4538 Kal.
466 4484 523 4536 αί
569 4482 737 4536 πύλαι
778 4479 949 4551 αὐτῆς
994 4477 1371 4550 ἐκενώθησαν.
1420 4497 1437 4531 ι
1495 4479 1562 4531 Al
1626 4480 1736 4533 εἰσ-

168 4577 390 4646 αγωγαὶ
418 4576 514 4628 καὶ
539 4573 883 4629 διδασκαλίαι
912 4572 1013 4626 οὐκ
1041 4570 1265 4643 ἔχουσαι
1315 4574 1445 4636 τοὺς
1490 4573 1742 4627 διδασκο-

172 4669 396 4742 μένουςε

250 4779 270 4812 ι
300 4759 412 4813 Καὶ
439 4758 821 4829 ἐσκοτώθησαν
849 4759 945 4813 ἐπὶ
983 4761 1084 4833 τῆς
1123 4760 1250 4830 γῆς.
1293 4780 1312 4814 ι
1365 4761 1479 4831 Τῆς
1504 4758 1617 4830 γὰρ
1646 4775 1745 4812 κα-

171 4851 302 4916 κίας
327 4849 732 4923 ἐπικρατούσης
764 4853 798 4921 ἡ
829 4851 1000 4926 ἀρετὴ
1028 4853 1390 4908 καλύπτεται.

251 4963 279 4996 ι
318 4943 430 4997 Καὶ
479 4942 515 5016 ἡ
547 4943 766 5015 κραυγὴ
796 4944 898 5013 τῆς
946 4944 1304 5017 Ἰερουσαλὴμ
1332 4942 1523 5013 ἀνέϐη.
1560 4963 1579 4996 ι
1636 4945 1749 5014 Οὐχ

173 5039 252 5099 ὡς
279 5036 314 5107 ἡ
342 5035 620 5107 Σοδόμων·
660 5036 724 5090 οὐ
749 5036 862 5108 γὰρ
893 5034 1418 5107 τελείως-ἠφανίσθη
1440 5051 1457 5065 ⁸
1489 5030 1629 5090 ἀλλὰ
1651 5039 1746 5092 τοῦ

174 5126 412 5195 ὀδυρμοῦ
450 5126 625 5197 αὐτῆς
651 5130 687 5198 ἡ
714 5128 956 5199 κραυγή.

259 5237 279 5269 ‹
313 5203 422 5270 Kal
458 5219 508 5270 οί
543 5221 870 5288 μεγιστᾶνες
895 5220 1065 5290 αὐτῆς
1101 5219 1437 5275 ἀπέστειλαν
1465 5223 1589 5284 τοὺς
1620 5239 1752 5275 νεω-

176 5310 375 5380 τέρους
434 5309 615 5361 αὐτῶν
666 5311 749 5378 ἐφ’
794 5310 961 5383 ὕδωρ.
1011 5330 1031 5364 ι
1069 5313 1133 5365 υἱ
1168 5311 1349 5382 θρόνοι
1391 5315 1440 5367 οἱ
1491 5315 1757 5384 ἱερατικοὶ

179 5397 437 5470 ἔπεμψαν
510 5397 856 5468 ἐπερωτῆσαι
901 5400 1010 5453 ἀπὸ
1061 5399 1199 5454 Θεοῦ
1259 5400 1331 5454 τὰ
1384 5402 1752 5472 συμφέροντα.

180 5488 506 5559 Νιωτέρους
534 5486 592 5540 δὲ
611 5487 809 5551 αὐτοὺς
838 5489 1085 5555 ἐκάλεσε,
1115 5490 1203 5543 διὰ
1234 5490 1294 5543 τδ
1332 5493 1629 5560 κοσμικαῖς
1664 5491 1757 5543 καὶ

180 5562 544 5651 νεωερὶκατς
574 5578 775 5645 αὐτοὺς
806 5581 1121 5652 ὲπιθυμιαις
1146 5582 1449 5653 ἐνέχεσθαι.

262 5691 281 5725 ι
301 5673 580 5726 Ἦλθοσαν
600 5672 693 5725 ἐπὶ
714 5673 784 5725 τά
806 5672 1035 5741 φρέατα,
1058 5674 1151 5727 καὶ
1167 5675 1265 5743 οὐχ
1282 5673 1521 5745 εΰρησαν
1547 5673 1709 5744 ὕδωρ.
1735 5694 1753 5726 ι

183 5761 361 5817 Τοῦτο
390 5765 437 5817 εἰ
479 5762 552 5834 μὴ
585 5763 649 5817 ἐκ
686 5760 838 5824 θείας
873 5760 1066 5832 ὀργῆς,
1103 5763 1203 5817 οὐκ
1236 5764 1302 5818 ἄν
1355 5782 1483 5819 ποτε
1539 5765 1752 5833 συνέϐη.

1844 3282 1905 3327 ιιι
1931 3271 2154 3342 gratiam
2198 3272 2397 3328 lavacri
2431 3274 2857 3344 regenerationis
2888 3277 3142 3332 ostendat
3173 3292 3428 3334 necessa-

1843 3363 2001 3419 riam.

1915 3452 1983 3509 V.
2029 3454 2119 3510 27.
2167 3474 2184 3506 ι
2240 3454 2305 3509 Et
2346 3456 2590 3513 hinnitus
2643 3456 2739 3510 tui.
2783 3475 2801 3508 ι
2853 3455 3076 3511 llinnitn
3122 3458 3424 3528 appetitum

1845 3547 2021 3603 coitus
2093 3562 2217 3603 eum
2299 3548 2504 3605 femina
2550 3548 2838 3620 signiﬁcat.
2889 3548 3004 3604 Hoc
3056 3548 3222 3619 igitur
3296 3549 3420 3603 ait:

1846 3638 1914 3695 Et
1935 3653 2183 3703 assensu,
2217 3648 2273 3695 et
2302 3655 2467 3711 opere
2495 3641 2612 3713 ipso
2648 3649 2930 3712 peceatum
2960 3642 3335 3711 perpetrastis.

1923 3840 1944 3875 ι
1990 3820 2168 3893 Super
2209 3822 2395 3887 colles,
2435 3831 2493 3878 et
2545 3823 2597 3876 in
2634 3824 2780 3895 agris
2827 3824 2936 3879 vidi
2984 3822 3426 3893 abominationes

1850 3918 1989 3965 tuas.
2029 3930 2047 3963 ι
2080 3911 2196 3966 Ηοο
2247 3920 2365 3977 est,
2404 3912 2588 3968 multis
2645 3914 2918 3984 variisque
2980 3912 3177 3971 modis.
3238 3913 3429 3971 Adlioc

1850 4000 2116 4072 super_his
2142 4000 2415 4075 sacriﬁcia
2430 4000 2753 4075 oll‘erebant.

2473 4177 2626 4232 CAP.
2664 4176 2805 4235 XIV.

1922 4286 1986 4342 ν.
2014 4288 2069 4344 2.
2121 4306 2140 4340 ‹
2175 4288 2339 4349 Lusit
2363 4287 2565 4344 Judma.
2605 4308 2623 4339 ν
2659 4287 2786 4343 Post
2814 4288 3039 4352 sensile,
3087 4287 3309 4359 pietatis
3332 4303 3435 4344 eo-

1852 4379 2040 4459 gnitio.

1927 4490 1947 4523 ι
1985 4472 2052 4526 Et
2073 4480 2241 4542 portae
2276 4472 2395 4542 ejus
2422 4486 2608 4526 vacuae
2638 4471 2792 4525 facta:
2814 4479 2943 4525 sunt
2970 4479 3024 4524 et
3051 4469 3425 4524 contenebra—

1848 4573 1934 4620 ιω.
1965 4584 1981 4614 ι
2030 4564 2401 4620 Institutiones
2424 4572 2479 4618 et
2508 4563 2808 4632 disciplina:
2854 4576 2991 4633 quos
3036 4560 3291 4616 erudiant
3321 4574 3432 4616 non

1851 4656 2132 4713 habentes.

1926 4767 1953 4805 ι,
1987 4747 2051 4803 Et
2078 4747 2481 4804 contenebrataa
2510 4756 2640 4805 sunt
2661 4762 2826 4815 super
2856 4752 3077 4803 terram.
3118 4764 3147 4803 ι,
3173 4743 3429 4814 Nequitia

1850 4839 1996 4895 enim
2032 4837 2652 4909 praedominantevirtus
2674 4837 2968 4908 obtegitur.

1928 4951 1946 4983 ι
1986 4934 2053 4989 Ει
2089 4932 2294 4988 clamor
2337 4930 2640 4995 Jerusalent
2689 4930 2956 5002 aseeudit.
3002 4950 3025 4982 ι
3078 4928 3195 4985 Νοη
3244 4928 3436 4983 uliille

1852 5024 2211 5079 Sodomorum
2241 5040 2257 5087 ;
2294 5023 2441 5080 haud
2466 5023 2611 5078 enim
2641 5022 2858 5093 penitus
2887 5023 3141 5088 evanuit;
3182 5022 3277 5076 sed
3310 5021 3436 5091 eju-

1855 5118 1994 5173 latns
2033 5117 2202 5186 ipsius
2227 5117 2454 5171 clamor.

1926 5209 1990 5263 ν.
2027 5209 2081 5263 '5.
2120 5226 2139 5259 ι
2173 5208 2239 5261 Ει
2265 5216 2549 5276 magnates
2582 5206 2702 5274 ejus
2733 5204 3277 5272 miscruntjuniores
3302 5220 3437 5259 suos

1855 5300 1919 5355 ad
1946 5314 2166 5369 aquam,
2210 5316 2228 5348 ι
2255 5306 2362 5351 etc.
2384 5296 2555 5350 Sedes
2585 5296 2953 5350 sacerdotales
2995 5296 3263 5349 miserunt.
3286 5310 3439 5362 qua:-

1858 5392 2057 5445 situros
2096 5388 2164 5441 de
2209 5386 2320 5440 Deo
2358 5401 2480 5454 qua:
2522 5385 2914 5438 conducerent.
2958 5382 3211 5436 .luniores
3252 5391 3437 5437 autem

1858 5495 1953 5535 eos
2004 5476 2327 5548 appellavit,
2376 5489 2443 5531 eo
2487 5476 2630 5544 quod
2674 5472 2967 5525 mundanis
3003 5478 3058 5524 et
3107 5468 3443 5536 juvenilibus

1860 5570 2142 5628 desideriis
2164 5568 2558 5624 detinerentur.

1937 5683 1955 5717 ι
1984 5663 2263 5719 Venerunt
2279 5661 2348 5716 ad
2376 5668 2588 5732 puteos,
2611 5666 2665 5715 et
2688 5671 2796 5712 non
2817 5654 3145 5710 invenerunt
3169 5667 3389 5720 aquam.
3420 5673 3438 5705 ι

1867 5755 1977 5811 lloc
2007 5756 2063 5811 ni
2095 5754 2314 5811 fecisset
2351 5753 2429 5810 ira
2464 5754 2578 5820 Dei,
2610 5764 2888 5815 nunquam
2920 5745 3211 5804 evenisset.
3238 5744 3443 5802 Aliter:
