3876 6304
469 350 576 414 659
1072 403 1102 437 Ι

1555 346 2076 409 OLYMPIODORI
2114 343 2643 406 ALEXANDRINI

3654 347 3757 410 660

469 459 659 532 Neque
686 460 834 517 enim
865 460 1197 517 invenerunt
1233 472 1429 529 aquam
1462 458 1662 525 vivam,
1695 474 1816 530 qua:
1837 460 1996 514 datur
2022 473 2043 512 ιι

2178 457 2373 521 Ἀλλως
2393 473 2407 488 ·
2444 457 2521 510 Οὐ
2552 457 2664 529 γὰρ
2691 447 2846 529 εὗρον
2886 456 2951 511 τὸ
2983 455 3129 529 ὕδωρ
3160 456 3221 511 τὸ
3263 455 3375 523 ζῶν
3406 457 3469 511 τὸ
3502 456 3575 511 ἐκ
3618 458 3753 512 Θεοῦ

473 557 604 611 Deo.

544 662 564 696 ι
608 643 890 715 Agricolae.
929 662 948 695 ι
984 642 1086 709 Qui
1118 642 1319 698 debent
1341 641 1580 713 Operari.

541 734 605 790 V.
638 736 691 790 5.
737 753 757 787 ι
801 736 870 790 Et
896 734 1255 806 reliquerunt,
1307 734 1435 804 quia
1472 747 1585 788 non
1620 742 1739 788 erat
1790 732 1979 788 herba.
2024 751 2043 784 ι

462 825 582 882 Nec
610 827 755 882 enim
792 834 948 882 erant
980 826 1259 881 auditores
1284 844 1297 882 :
1322 826 1526 882 etenim
1548 827 1704 882 cibus
1733 837 2046 881 sanctorum

466 918 716 989 discipuli
748 926 893 973 sunt.

538 1009 601 1065 V.
632 1011 686 1065 6.
722 1028 740 1061 ι
768 1008 967 1082 Onagri
1001 1018 1273 1066 steterunt
1311 1011 1366 1065 in
1410 1011 1656 1082 rupibus.
1697 1029 1715 1063 ι
1756 1010 2047 1081 Ingemue-

464 1112 593 1158 runt
639 1104 713 1159 ob
759 1112 1077 1174 pereuntes.
1105 1103 1327 1176 Onagri.
1360 1103 1464 1171 Qui
1504 1120 1534 1159 a
1560 1104 1853 1159 mundanis
1883 1102 2048 1157 rebus

462 1202 590 1250 sunt
614 1194 790 1249 liberi.

531 1284 595 1338 V.
624 1286 678 1341 8.
721 1304 741 1337 ι
773 1286 953 1352 Quare
992 1286 1169 1341 factus
1196 1301 1258 1341 es
1292 1287 1432 1341 sicut
1454 1287 1683 1342 colonus
1712 1287 1765 1341 in
1801 1286 1983 1341 terra?
2023 1305 2042 1338 ι

460 1377 532 1434 Ut
554 1380 707 1449 quid,
756 1380 850 1445 ait,
889 1380 1065 1434 nostri
1109 1396 1295 1435 curam
1334 1396 1443 1435 non
1480 1384 1623 1451 geris
1653 1381 1730 1435 uti
1763 1381 2046 1448 Dominus,

459 1470 555 1525 sed
591 1479 648 1525 ut
676 1471 905 1525 colonus
923 1471 1161 1540 despicis
1184 1472 1206 1525 ?

536 1560 596 1615 V.
632 1563 683 1617 9.
718 1581 736 1613 ι
765 1562 1046 1616 Divertens
1076 1564 1143 1617 ad
1174 1563 1554 1618 diversorium.
1588 1582 1606 1614 ι
1641 1563 1744 1630 Qui
1773 1563 1839 1618 ad
1868 1563 2047 1619 diver~

460 1654 668 1709 sarium
718 1665 994 1726 properat,
1040 1657 1141 1712 etsi
1183 1659 1469 1728 quospiam
1514 1659 1711 1714 viderit
1746 1660 2049 1730 quomodo-

458 1760 677 1818 cunque
711 1748 831 1818 opis
886 1748 1186 1821 auxiliique
1238 1751 1471 1822 indiges,
1518 1752 1767 1822 despicit,
1815 1761 1870 1807 et
1903 1769 2044 1823 pra:-

462 1848 606 1897 terit.

528 1934 594 1990 γ.
629 1935 714 1990 10.
772 1954 791 1987 ι
834 1936 1152 1992 Dilexerunt
1182 1952 1402 1991 movere
1433 1939 1599 2007 pedes
1628 1951 1775 1992 suos.
1818 1956 1836 1989 ι
1888 1938 2039 1992 [nor-

456 2027 642 2081 dinate
680 2027 912 2090 moveri,
942 2043 1165 2083 currere
1202 2029 1269 2084 ad
1299 2029 1455 2084 mala.

531 2117 593 2173 V.
643 2118 728 2172 15.
778 2136 797 2169 ι
846 2118 996 2175 Ecce
1050 2120 1327 2188 prOphetze
1374 2134 1561 2173 eorum
1619 2120 1967 2191 prephetant.
2018 2139 2038 2174 ι

456 2203 624 2271 Quasi
655 2206 722 2261 ad
750 2208 1121 2262 excusandum
1163 2208 1425 2278 pepulum
1460 2210 1728 2279 pr0pheta
1763 2210 1917 2271 dicit.
1951 2226 2046 2267 eos

456 2311 488 2351 a
516 2297 1008 2369 pseudOprOphetis
1031 2299 1269 2367 dclusos,
1296 2309 1350 2355 et
1379 2300 1487 2355 duo
1512 2315 1608 2371 per
1634 2301 1739 2355 hoc
1763 2300 1960 2356 efficit:
1990 2302 2043 2355 in

454 2391 752 2461 prophetas
782 2392 918 2446 iram
962 2392 1193 2459 derivat,
1246 2392 1527 2465 Deumque
1560 2402 1741 2450 movet
1767 2404 1824 2449 ut
1857 2395 2041 2450 dicat:

455 2480 577 2536 Non
615 2498 707 2553 ego
741 2499 826 2537 eos
859 2484 997 2537 misi.

531 2658 596 2713 V.
636 2658 721 2715 i6.
758 2679 777 2711 ι
831 2660 890 2714 In
924 2668 1097 2715 morte
1133 2662 1389 2716 uibrbosa
1424 2662 1748 2717 morientur.
1784 2683 1803 2715 ι
1837 2663 1893 2718 In
1926 2664 2046 2719 diu-

460 2764 623 2808 turno
653 2753 865 2818 morbo,
907 2753 991 2809 cui
1024 2755 1208 2810 brevis
1240 2770 1387 2809 mors
1418 2754 1755 2826 pra-ferenda
1792 2757 1884 2812 sit.

533 2951 552 2983 ο
591 2931 657 2986 Et
684 2940 846 2987 erunt
879 2930 1110 3001 proiecti
1164 2930 1218 2985 in
1262 2930 1421 3001 biviis
1462 2930 1784 2987 Jerusalem.
1822 2951 1842 2984 ›
1891 2931 2045 2987 Bivia

456 3034 587 3081 sunt
616 3022 929 3080 fmdissimaa
959 3022 1081 3077 viae.

529 3115 593 3170 V.
628 3114 715 3170 i9.
756 3131 775 3165 ι
816 3112 1071 3183 Nunquid
1108 3114 1428 3184 reprobans.
1472 3132 1491 3165 ι
1533 3113 1720 3169 Oratio
1761 3116 2041 3185 prophette
2080 3116 2131 3185 β’

456 3207 525 3263 ad
545 3207 738 3272 Deum,
767 3216 820 3263 et
840 3207 1112 3263 confessio
1138 3222 1237 3277 pro
1266 3208 1489 3277 populo,
1518 3207 1734 3279 Deique
1763 3208 1828 3263 ad
1862 3208 2038 3278 ipsum

456 3299 762 3369 responsio.
1060 3302 1067 3307 ’

533 3410 553 3443 ι
587 3392 656 3446 Ει
685 3407 715 3446 a
746 3389 880 3446 Sion
914 3392 1141 3447 recessit
1174 3392 1355 3446 anima
1382 3393 1509 3447 tua?
1545 3411 1563 3445 ι
1605 3391 1759 3448 Sicut
1803 3394 2042 3447 humana

456 3485 626 3556 ﬁgura
665 3484 835 3539 Deum
882 3482 1164 3556 Scriptura
1196 3483 1397 3555 eﬂigiat
1427 3486 1607 3540 omnis
1635 3484 1818 3556 ﬁgura:
1844 3501 2042 3556 ωροτε

455 3586 588 3643 tem,
621 3578 702 3632 sic
734 3586 790 3632 et
828 3577 895 3632 de
929 3578 1155 3632 homine
1185 3586 1508 3647 usurpatum
1540 3585 1627 3633 est
1668 3578 1823 3643 illud,
1846 3578 2043 3632 Anima

458 3680 548 3727 tua
578 3680 791 3725 mortua
824 3679 926 3725 est.
960 3667 1053 3725 Vel
1074 3668 1415 3739 prophetice,
1442 3669 1588 3739 quod
1633 3669 1876 3725 futurum
1903 3677 2040 3733 erat,

458 3774 517 3820 ut
546 3764 688 3818 Deus
708 3761 949 3818 Verbum
981 3770 1203 3832 pr0pter
1233 3776 1333 3815 nos
1360 3761 1524 3816 homo
1549 3762 1721 3817 ﬁeret.

529 3854 591 3909 ν.
632 3856 722 3911 22.
752 3874 771 3907 ‹
817 3854 972 3921 Quod
1004 3854 1049 3909 si
1083 3853 1281 3908 caelum
1331 3852 1482 3908 dabit
1518 3853 1824 3909 satietatem
1863 3871 2039 3920 suam,

458 3962 642 4002 nonne
679 3955 737 4001 tu
777 3960 837 4000 es
876 3945 1066 4015 ipse?»
1094 3943 1207 3998 Nec
1241 3943 1511 4009 cceiestes,
1564 3944 1760 4014 inquit,
1792 3945 2038 4013 virtutes,

458 4038 563 4095 nisi
606 4049 657 4093 te
684 4036 1019 4093 concedente
1050 4035 1195 4091 bona
1217 4034 1400 4105 largiri
1433 4044 1682 4105 possunt.

533 4150 552 4184 ι
588 4129 654 4185 Ει
675 4128 1067 4187 sustinebimus
1093 4136 1167 4195 te,
1192 4126 1439 4192 Domine,
1483 4127 1611 4196 quia
1653 4126 1826 4183 iecisti
1859 4129 2042 4183 omnia

459 4222 595 4278 hac.
632 4240 652 4274 ι
692 4220 811 4286 "Tu,
841 4218 1038 4289 inquit,
1073 4232 1155 4281 es,
1187 4224 1243 4271 et
1273 4231 1389 4271 non
1433 4215 1597 4282 alius,
1636 4216 1730 4286 qui
1758 4226 1815 4270 et
1843 4232 2042 4288 corpo-

457 4329 611 4371 reum
645 4311 826 4377 nobis,
856 4321 912 4366 et
935 4309 1273 4381 spiritualem
1308 4307 1628 4378 suppeditas
1656 4308 1908 4365 imbrem.

526 4669 674 4728 νυι.
706 4687 726 4723 ι
754 4668 822 4724 Et
848 4666 981 4723 dixit
1011 4571 1489 4721 Dogiifusﬁdvme
1520 4660 1610 4718 :Si
1638 4665 1851 4721 steterit
1883 4664 2034 4738 Moy-

455 4779 564 4829 ses,
597 4770 656 4820 et
704 4760 944 4826 Samuel,
984 4778 1002 4811 ι
1038 4767 1146 4815 etc.
1180 4756 1413 4829 Moyses,
1453 4754 1544 4827 qui
1576 4754 1824 4811 dicebat:
1873 4756 1932 4812 Si
1955 4775 2036 4812 re-

2141 2424 2151 2483 ί

2150 551 2456 621 διδόμενον.

2118 700 2119 705 η
2229 662 2247 695 ι
2281 642 2348 698 Οἱ
2379 642 2638 713 γεωργοί.
2675 661 2693 695 ι
2729 642 2793 696 Οἱ
2820 642 3137 712 ὀφείλοντες
3168 641 3532 714 ἐργάζεσθαι.

2225 755 2244 788 ι
2284 736 2395 789 Kal.
2421 734 2808 804 ἐγκατέλιπον,
2841 736 2926 788 ὃτι
2961 734 3064 787 οὔκ
3093 730 3163 805 ἦν
3196 732 3421 805 βοτάνη.
3466 754 3485 786 ι
3536 734 3620 787 Οῦ
3647 735 3747 805 γὰρ

2149 825 2290 901 ἦσαν
2321 831 2371 883 οἱ
2403 826 2720 893 ἀκούοντες.
2751 825 2943 899 Τροφὴ
2977 827 3088 898 γὰρ
3116 825 3227 879 τῶν
3262 826 3437 894 ἁγίων
3479 828 3534 880 οἱ
3569 812 3757 880 αὐτῶν

2154 921 2418 993 μαθηταί.

2226 1033 2245 1067 ι
2310 1016 2574 1087 Ὀναγροι
2624 1014 2862 1086 ἔστησαν
2911 1014 3006 1067 ἐπὶ
3064 1012 3269 1076 νάπας.
3337 1032 3357 1065 ι
3415 1012 3748 1077 Ἐστέναξαν

2151 1108 2246 1161 ἐπὶ
2276 1110 2389 1170 τοῖς
2419 1107 2843 1177 ἀπολλυμένοις.
2886 1108 3193 1177 Ὄναγροι.
3229 1106 3294 1161 Oi
3317 1106 3429 1160 τῶν
3459 1109 3745 1178 κωμικῶν

2152 1202 2503 1274 πραγμάτων
2534 1201 2837 1272 ἐλεύθεροι.

2229 1315 2249 1347 ι
2280 1295 2399 1349 Ἵνα
2429 1295 2479 1348 τί
2518 1294 2789 1365 ὲγενήθης
2817 1293 2951 1346 ὡσεὶ
2981 1294 3252 1364 πάροικος
3283 1291 3376 1345 ἐπὶ
3414 1289 3522 1362 τῆς
3565 1289 3691 1359 γῆς,
3719 1309 3735 1341 i

2152 1387 2274 1441 ’Ἰνα
2301 1386 2376 1451 τί,
2415 1386 2601 1455 φησιν,
2642 1385 2703 1437 οὐ
2740 1386 2880 1457 κήδῃ
2911 1383 3072 1455 ἡμῶν
3119 1383 3195 1447 ὡς
3256 1381 3569 1452 Δεσπότης,
3615 1382 3740 1435 ἀλλά

2152 1480 2403 1550 παρορᾷς
2432 1478 2566 1531 ὡσεὶ
2596 1476 2865 1549 πάροικος
2881 1493 2897 1542 ;

2228 1588 2247 1622 ι
2299 1569 2597 1623 Ἐκκλίνων
2638 1570 2722 1632 είς
2754 1569 3068 1637 κατάλυμα.
3106 1584 3127 1617 ›
3167 1566 3228 1619 Ὀ
3267 1563 3640 1634 ἐπειγόμενος
3669 1565 3738 1626 εἰς

2151 1662 2444 1733 κατάλυμα
2467 1659 2691 1730 φθάσαι,
2734 1659 2838 1714 κᾶν
2869 1658 2953 1731 ἴδῃ
2969 1659 3125 1722 τινὰς
3151 1655 3403 1711 ὁπωσοῦν
3428 1656 3735 1728 χρῄζοντες

2155 1752 2439 1824 βοηθείας,
2474 1751 2718 1825 παρορᾷ,
2747 1751 2845 1803 καὶ
2870 1748 3238 1820 παρατρέχει.

2227 1945 2245 1976 ι
2302 1924 2633 1994 Ἥγάπησαν
2685 1922 2858 1975 κινεῖν
2920 1919 3090 1983 πὸδας
3142 1917 3341 1972 αὐτῶν.
3393 1936 3413 1969 ι
3456 1916 3733 1977 ’Διάκτως

2152 2015 2441 2083 κινεῖσθαι,
2472 2015 2691 2086 τρέχειν
2722 2015 2803 2076 εἰς
2830 2011 2896 2065 τὰ
2926 2011 3092 2063 κακά.

2228 2128 2247 2160 ι
2299 2107 2431 2161 Ἰδοὺ
2483 2108 2533 2160 οἱ
2560 2106 2839 2177 προφῆται
2883 2103 3065 2157 αὐτῶν
3105 2099 3548 2172 προφητεύουσι.
3591 2119 3610 2150 ι
3653 2099 3734 2160 Ὠς

2153 2197 2570 2272 ὑπεραπολογού
2580 2214 2742 2269 μενος
2768 2196 2863 2249 τοῦ
2888 2195 3019 2249 λαοῦ
3055 2196 3083 2248 ὀ
3111 2194 3406 2265 προφήτης
3432 2194 3628 2262 φησὶν,
3658 2193 3730 2244 ὅτι

2149 2287 2214 2363 ξΟξ
2242 2292 2688 2363 ψευδοπροφῆται
2721 2290 2919 2353 αὐτοὺς
2966 2287 3223 2342 ἀπατῶσι
3244 2303 3258 2317 ο
3289 2290 3387 2340 καὶ
3419 2285 3520 2338 δύο
3560 2283 3731 2338 ἐντεῦ-

2143 2350 2764 2456 Ξθενυπραγματεῦεται·
2818 2350 3049 2452 μετάγει
3098 2380 3197 2451 τὴν
3247 2378 3427 2450 ὀργὴν
3471 2379 3574 2430 ἐπὶ
3614 2377 3729 2439 τοὺς

2154 2478 2460 2549 προφήτας,
2491 2476 2587 2529 καὶ
2625 2475 2920 2547 προτρέπει
2961 2473 3141 2541 λέγειν
3178 2471 3335 2539 Θεὸν,
3367 2470 3450 2523 ὃτι
3481 2470 3603 2522 Οῦκ
3630 2466 3729 2536 ἐγὼ

2143 2571 2351 2633 αὐτοὺς
2381 2570 2699 2624 ἀπέστειλα.

2229 2680 2247 2715 ι
2271 2663 2360 2715 Ἐν
2383 2661 2599 2731 θανάτῳ
2628 2659 2838 2732 νοσερῷ
2871 2656 3325 2713 ἀποθανοῦνται.»
3374 2656 3467 2709 Ἐν
3493 2668 3728 2726 παρατε-

2140 2719 2364 2828 ξταμένῃ
2396 2719 2665 2825 νόσῳίὼς
2693 2719 2788 2808 τοῦ
2809 2719 3107 2824 ’συντόμου
3159 2750 3399 2804 θανάτου
3436 2719 3727 2820 αἱρετωτίο

2154 2866 2251 2920 ρου
2284 2846 2670 2918 τυγχάνοντος.

2227 2958 2246 2991 ι
2287 2939 2400 2992 Καὶ
2425 2937 2641 2992 ἔσονται
2670 2937 2997 3009 ἐρριμμένοι
3024 2937 3083 2989 ὲν
3122 2936 3247 2997 ταῖς
3297 2933 3494 2996 διόδοις
3541 2932 3729 3001 Ἰερου-

2141 3031 2358 3103 σαλήμ.
2397 3050 2416 3083 ι
2446 3030 2617 3084 Δίοδοί
2645 3030 2784 3083 εἰσιν
2817 3030 2872 3083 αἱ
2903 3028 3175 3098 αἴσχιστοι
3198 3026 3332 3081 ίδοί.

2228 3142 2247 3176 ι
2289 3124 2380 3194 Μὴ
2409 3122 2852 3193 ἀποδοκιμάζων.
2887 3140 2906 3172 ι
2933 3120 3130 3190 Δέησις
3153 3119 3250 3172 τοῦ
3280 3118 3574 3190 προφήτου
3600 3114 3727 3187 πρὸς

2144 3215 2300 3280 Θεὸν,
2351 3216 2446 3277 καὶ
2492 3213 2889 3285 ἐξομολόγησις
2928 3213 3068 3284 ὑπὲρ
3114 3213 3206 3265 τοῦ
3243 3212 3375 3266 λαοῦ
3400 3254 3416 3279 ,
3465 3212 3563 3263 καὶ
3600 3206 3724 3263 Θεοῦ

2146 3308 2281 3379 πρὸς
2316 3308 2479 3360 αὐτὸν
2509 3307 2829 3379 ἀπόκρισις.
3536 3346 3545 3353 .

2218 3419 2238 3452 ι
2279 3400 2391 3455 Καὶ
2444 3399 2552 3453 ἀπὸ
2579 3398 2719 3455 Σιὼν
2767 3398 2983 3468 ἀπέστη
3019 3399 3052 3468 ἡ
3098 3398 3246 3470 ψυχή
3280 3414 3409 3463 σου;
3447 3417 3467 3449 ι
3521 3398 3721 3468 Ὥσπερ

2144 3486 2512 3558 ἀνθρωπίνως
2544 3485 2845 3558 διαμορφοῖ
2871 3487 2964 3539 τὸν
2996 3485 3179 3557 Θεδνὴ
3217 3485 3411 3557 Γραφὴ
3439 3485 3533 3539 τὸν
3561 3489 3723 3556 ἀσχη-

2147 3577 2431 3647 μάτιστον,
2463 3576 2637 3640 οὕτως
2674 3580 2768 3629 καὶ
2799 3576 2874 3640 ὡς
2912 3577 3003 3629 ἐπὶ
3035 3576 3431 3647 ἀνθρώπουνή
3459 3577 3610 3647 ψυχή
3636 3591 3716 3627 σω

2143 3665 2426 3736 τέθνηκεν.
2458 3666 2529 3718 Ἦ
2563 3667 2941 3736 προφητικῶς,
2977 3667 3055 3719 ὅτι
3083 3665 3310 3738 ἔμελλεν
3331 3668 3361 3719 ὁ
3391 3666 3526 3729 Θεὸς
3563 3666 3722 3733 Λόγος

2143 3756 2211 3810 δι’
2243 3758 2391 3829 ἡμᾶς
2420 3757 2710 3823 ἄνθρωπος
2742 3757 3052 3827 γίγνεσθαι.

2219 3868 2236 3901 ι
2272 3851 2380 3902 Καὶ
2428 3851 2477 3901 εἰ
2505 3851 2532 3902 ὁ
2562 3850 2790 3921 οὐρανὸς
2821 3849 2984 3903 δώσει
3017 3848 3342 3921 πλησμονὴν
3385 3848 3577 3915 αὐτοῦ,
3609 3847 3717 3916 oili

2146 3941 2209 3995 σὺ
2251 3941 2444 4005 αὖτός;
2479 3959 2496 3991 ι
2548 3940 2680 3994 Οὐδὲ
2725 3942 2779 3993 αἱ
2809 3941 3082 4012 οὐράνιαι,
3134 3940 3292 4012 φησὶ,
3324 3940 3588 4011 δυνάμεις
3611 3941 3716 4010 δίχα

2144 4034 2242 4105 τῆς
2275 4034 2375 4104 σῆς
2404 4034 2713 4105 ἐπιτροπῆς
2743 4033 3002 4088 δύνανται
3028 4038 3287 4105 χορηγεῖν
3312 4035 3517 4102 ἀγαθά.

2219 4145 2237 4178 ι
2280 4125 2392 4181 Καὶ
2427 4126 2809 4196 ὑπομενοῦμεν
2858 4143 2940 4193 σε,
2976 4126 3171 4196 Κύριε,
3212 4126 3293 4181 ὅτι
3348 4127 3413 4179 σὺ
3465 4126 3711 4198 ὲποέησις

2143 4220 2323 4273 πάντα
2358 4218 2551 4275 ταῦτα.
2593 4236 2611 4268 ι
2659 4218 2732 4271 Σὺ
2786 4214 2856 4280 εἴ,
2910 4218 3065 4288 φησὶ,
3118 4219 3212 4271 καὶ
3256 4219 3358 4288 οὐχ
3403 4219 3595 4290 ἕτερός
3639 4234 3709 4279 τις

2141 4314 2169 4365 ὁ
2200 4313 2295 4365 καὶ
2324 4311 2416 4363 τὸν
2447 4308 2706 4381 αἰσθητὸν
2739 4310 2871 4380 ἡμῖν
2925 4311 3021 4364 καὶ
3051 4310 3140 4364 τδν
3188 4314 3570 4383 πνευματικὸν
3598 4329 3709 4382 χορι

2143 4403 2296 4475 ηγῶν
2327 4402 2504 4456 ὑετόν.

2729 4539 2977 4593 ΚΕΦΑΛ.
3014 4540 3112 4593 IE'.

2211 4676 2231 4711 ι
2268 4657 2379 4712 Καὶ
2425 4652 2544 4710 εἶπε
2578 4655 2783 4728 Κύριος
2818 4656 2957 4727 πρός
2998 4672 3088 4727 με,
3147 4653 3275 4708 Ἐὰν
3324 4659 3424 4728 στῇ
3456 4659 3705 4726 Μωυσῆς,

2134 4751 2230 4804 καὶ
2270 4746 2573 4821 Σαμουήλ.’
2603 4768 2623 4802 ι
2671 4749 2917 4819 Μωυσῆς
2959 4750 2986 4803 ὁ
3033 4748 3230 4817 λέγων,
3269 4749 3337 4802 Et
3384 4751 3507 4820 μὲν
3556 4749 3705 4820 ἀφῇς

453 4868 627 4913 mum
659 4855 765 4911 illis
790 4861 1079 4920 peccatum,
1130 4851 1338 4906 remitte
1360 4866 1379 4903 :
1411 4849 1501 4903 sed
1521 4857 1571 4903 et
1604 4865 1687 4902 me
1706 4848 1823 4903 dele
1847 4865 1875 4903 ε
1905 4848 2037 4902 libro

2180 4845 2340 4911 ὐτοῖς
2362 4843 2477 4913 τὴν
2500 4843 2814 4914 ἁμαρτίαν,
2838 4843 2990 4913 ἄφες
3007 4861 3021 4875 ⁸
3051 4842 3182 4897 ἐπεὶ
3216 4844 3367 4914 κάμὲ
3387 4844 3708 4915 ἐξάλειψον

454 4959 544 5005 tuo
571 4950 688 5014 hoc,
728 4949 785 5002 in
814 4964 919 5018 quo
959 4947 1214 5015 scripsisti
1236 4944 1293 5011 ⁸;
1324 4950 1379 4998 et
1424 4940 1664 5006 Samuel,
1702 4941 1796 5011 qui
1824 4950 1879 4996 ct
1908 4940 2038 4997 Saul

2178 4954 2200 4990 ιι
2233 4935 2345 5003 τῆς
2374 4937 2598 5001 βίϐλου
2625 4951 2744 4991 σου
2774 4937 3018 5004 ταύτης,
3050 4931 3124 5008 ἧς
3145 4936 3444 5006 ἐπραψας·
3481 4940 3576 4992 καὶ
3614 4939 3705 4991 Xa-

453 5041 795 5113 iniquitatem
827 5038 1197 5110 deplorabat’.

458 5164 463 5169 ’
531 5150 551 5186 ι
586 5132 736 5205 Ejice
773 5131 912 5196 illos,
948 5137 1004 5185 et
1027 5126 1392 5199 egrediantur.
1436 5144 1454 5177 ι
1495 5125 1615 5180 Non
1643 5134 1727 5179 est
1763 5125 1905 5178 Deus
1943 5124 2036 5194 qui

2138 5026 2314 5099 μουὴλ
2340 5028 2369 5081 ὁ
2394 5030 2491 5082 καὶ
2508 5028 2612 5099 τὴν
2636 5028 2729 5083 τοῦ
2763 5030 2939 5083 Σαοὺλ
2962 5030 3244 5101 ἁμαρτίαν
3277 5030 3507 5086 πενθῶν.

2210 5141 2230 5175 ι
2278 5122 2689 5187 Ἐξαπὸστειλον
2716 5123 2937 5186 αὐτοὺς,
2992 5122 3086 5175 καὶ
3118 5121 3509 5189 ὲξελθέτωσαν.
3548 5144 3569 5177 ι
3603 5126 3703 5193 Οἰχ

452 5225 650 5297 reiicit,
702 5223 798 5281 sed
841 5221 1154 5292 iniquitates
1186 5229 1385 5274 nostrm
1429 5217 1681 5271 dividunt
1716 5217 1859 5269 inter
1884 5216 2033 5269 illum

2182 5211 2315 5276 Θεὸς
2350 5211 2627 5276 ἐκϐάλλει,
2675 5212 2792 5268 ἀλλ’
2821 5214 2878 5265 αἱ
2919 5213 3077 5284 ἡμῶν
3107 5215 3373 5286 ἁμαρτίαι
3413 5215 3698 5278 διιστῶσιν,

453 5327 511 5372 οι
538 5332 663 5372 nos.

528 5405 593 5459 ν.
632 5407 685 5460 3.
720 5423 739 5456 ι
768 5403 1014 5459 Gladium
1051 5402 1116 5455 ad
1147 5400 1474 5454 occisionem
1527 5404 1581 5450 et
1606 5410 1789 5450 canes.
1834 5415 1852 5446 ›
1900 5394 2032 5451 Post

455 5497 767 5553 sensibilem
801 5495 1036 5567 gladium
1080 5491 1398 5563 spiritalem,
1430 5488 1549 5543 falsi
1578 5488 1818 5543 nominis
1845 5490 2031 5559 cogni-

457 5590 681 5645 tionem.
739 5586 915 5642 Canes
981 5600 1110 5639 vero
1168 5584 1233 5637 de
1305 5581 1500 5651 quibus
1562 5579 1740 5634 aiebat
1796 5579 2028 5648 Aposto-

456 5677 542 5731 lus
572 5680 615 5710 ¹⁰
646 5697 657 5731 :
687 5677 887 5732 Cavete
921 5694 951 5731 a
985 5677 1233 5740 canibus,
1261 5683 1448 5729 cavete
1479 5690 1507 5727 a
1536 5673 1693 5729 malis
1737 5673 2023 5743 operariis.

532 5806 553 5840 ⁸
584 5807 753 5862 Exod.
785 5814 948 5871 λλλιι,
978 5808 1063 5860 ISI.
1141 5807 1159 5836 ⁹
1199 5805 1217 5860 ι
1246 5808 1370 5875 Ιὶοε.
1411 5821 1495 5870 κγ,

2132 5304 2408 5375 ἀναςιέσον
2439 5304 2597 5375 ἡμῶν
2628 5306 2723 5359 καὶ
2756 5304 2944 5359 αὑτοῦ.

2216 5415 2238 5450 ι
2269 5397 2564 5469 Μάχαιραν
2598 5400 2679 5461 εἰς
2711 5398 2946 5469 σφαγὴν,
2985 5399 3079 5453 καὶ
3115 5400 3241 5462 τοὺς
3271 5399 3461 5462 κύνας.
3497 5420 3516 5453 ι
3558 5399 3699 5455 Μετά

2138 5489 2261 5561 [ἀλ.
2327 5489 2468 5560 μετά
2519 5491 2580 5543 τὺ
2607 5490 2883 5562 αἰσθητόν]
2934 5491 3034 5563 τὴν
3088 5490 3374 5561 αἰσθητὴν,
3436 5495 3700 5563 μάχαιραν

2136 5579 2348 5651 νοητὴν,
2374 5579 2726 5651 ψευδώνυμον
2751 5582 2969 5650 γνῶσιν.
3001 5581 3184 5645 Κύνας
3207 5582 3265 5635 δὲ
3304 5582 3433 5652 περὶ
3461 5576 3537 5636 ὧν
3558 5579 3699 5635 εἶπεν

2134 5672 2161 5724 ὁ
2204 5673 2523 5737 ’Δπὸστολος
2547 5688 2561 5702 ο
2622 5672 2854 5727 Βλέπετε
2906 5675 3030 5736 τοὺς
3068 5673 3234 5736 κύνας
3260 5715 3273 5738 ,
3312 5672 3544 5743 βλέπετε
3584 5673 3698 5734 τοὺς

1698 5803 1740 5836 ³ο
1770 5804 1967 5874 Philip.
1998 5820 2077 5872 ιιι,
2101 5804 2152 5861 2.
