3876 6304
50 350 157 418 filii

1178 347 1644 411 FRAGMENTA
1682 345 1764 406 IN
1802 347 2219 409 JEREMIAM.

3227 342 3329 403 (62

64 463 263 526 κακοὺς
303 458 567 533 ἐργάτας.
603 458 784 534 Θηρία
806 460 869 537 ρὲ
899 459 1026 531 γῆς,
1051 459 1179 524 τοὺς
1206 459 1275 513 τά
1304 461 1468 530 γήϊνα
1508 476 1641 530 φρομ

1808 459 1966 515 estias
1995 474 2125 515 vero
2160 469 2321 515 terra:
2350 457 2571 528 eos’qui
2606 466 2819 512 terrena
2851 471 3012 511 sensa
3061 456 3116 511 in
3172 455 3334 511 nobis

64 555 281 626 νήματα
328 554 457 624 ἡμῖν
486 553 873 624 ὲνσπείροντας
893 569 909 584 ·
945 552 1172 608 πετεινά
1194 552 1250 607 δὲ
1278 552 1375 606 τοῦ
1405 552 1641 624 οὐρανοῦ

1747 553 2039 609 seminant.
2072 552 2320 607 Volatilia
2364 560 2547 606 autem
2601 551 2723 606 coeli
2753 551 2846 620 qui
2871 550 2997 605 talia
3050 550 3180 604 dant
3236 563 3335 601 no-

67 646 190 709 τιιὺς
234 644 306 699 τά
374 644 647 715 ὑψώματα
694 646 826 716 ήμίν
876 646 1304 718 έπισπείροντας
1358 644 1496 717 μετὰ
1544 645 1644 716 τῆς

1808 660 1830 698 s
1881 643 2115 710 semina,
2167 652 2227 698 ut
2285 642 2611 698 extollantur
2635 642 2896 697 adversus
2943 640 3034 696 Dei
3065 639 3333 711 cognitio-

69 738 319 807 γνώσεως
350 737 443 792 τοῦ
477 737 636 793 Θεοῦ.

124 849 163 880 ,ι
189 829 287 883 Διὰ
314 830 635 900 Μανασσήν.
662 848 682 882 ι
713 823 879 895 Οὗτος
903 830 1120 884 ἔπεισεν
1150 828 1397 890 ἐκτόπως
1428 826 1646 881 εἰδωλο-

71 922 283 991 λατρεῖν
318 920 446 983 τοὺς
481 920 788 985 Ἰουδαίους.
836 920 1069 991 Λέγεται
1099 921 1155 975 δὲ
1183 919 1285 975 κα).
1310 919 1402 973 τὸν
1431 918 1647 990 προφή-

74 1028 167 1083 την
207 1011 439 1066 Ἡσαΐαν
469 1010 630 1075 αὐτὸς
663 1013 880 1084 πρῖσαι.

146 1123 164 1156 ι
202 1105 271 1158 Ἦ
300 1104 384 1168 τίς
434 1104 750 1175 ἀνακάμψει
799 1106 880 1168 εἰς
916 1105 1139 1175 εἰρήνην
1182 1122 1299 1171 eos;
1340 1122 1359 1155 ›
1410 1102 1505 1168 Τίς
1534 1102 1650 1174 ἔχει

75 1192 377 1264 φοϐηθῆναι
408 1193 487 1254 εἰς
516 1193 579 1246 τὸ
611 1193 863 1247 κακῶσαί
890 1209 950 1246 σε
976 1211 991 1260 ;
1023 1193 1145 1247 ἀντὶ
1174 1194 1269 1246 τοῦ
1292 1234 1307 1260 ,
1340 1193 1551 1257 Οὐδείς.
1581 1193 1651 1246 Ἦ

73 1286 170 1351 τίς,
200 1287 359 1355 φησί,
397 1285 582 1356 μέλλει
612 1303 694 1339 σοι
719 1284 1045 1358 εἰρηνεύειν,
1079 1285 1214 1357 ἐμοῦ
1245 1304 1328 1340 σοι
1356 1283 1655 1357 πολεμοῦν-

74 1394 159 1440 τος
185 1394 200 1444 ;

148 1489 165 1522 ι
205 1471 311 1524 Καὶ
342 1469 624 1541 διαφθερῶ
660 1472 764 1539 ‘ce,
797 1470 892 1525 καὶ
923 1471 1107 1525 οὐκέτι
1142 1472 1329 1540 ἀνήσω
1372 1470 1590 1533 αὐτούς.
1630 1488 1648 1521 ι

75 1561 166 1627 Τὸ,
198 1562 279 1625 σέ,
310 1562 430 1627 καὶ,
475 1560 696 1628 αὐτούς,
723 1561 866 1616 κατά
919 1562 1014 1616 τοῦ
1046 1562 1214 1617 αὑτοῦ
1265 1565 1441 1617 κεῖται
1469 1580 1483 1596 ο
1519 1559 1656 1633 φησί

72 1653 128 1709 δὲ
158 1654 254 1726 τὴν
287 1654 669 1727 Ἰερουσαλὴμ,
699 1655 935 1718 καὶτοὺς
963 1654 1420 1726 ἀπειλουμένους.

1748 749 1898 788 nem.

1823 825 1884 880 V.
1915 827 1969 881 4.
2000 844 2018 877 ι
2049 824 2274 897 Pr0pter
2296 825 2622 881 Manassem.
2659 845 2676 878 ι
2722 826 2823 883 Hic
2869 827 3075 883 Judaais
3118 824 3336 880 idolola-

1751 924 1897 972 trare
1921 918 2211 987 persuasit.
2246 917 2454 973 Dicitur
2481 928 2537 975 et
2566 919 2892 989 prophetam
2925 920 3121 976 lsaiam
3169 918 3337 975 disse-

1752 1009 1958 1066 cuisse.

1825 1102 1891 1157 ν.
1921 1102 2004 1156 5.(
2028 1102 2135 1158 Aut
2172 1103 2295 1173 quis
2312 1104 2560 1159 curvabit
2589 1119 2649 1159 se
2674 1104 2740 1161 ad
2772 1086 2961 1174 pacem
2994 1105 3133 1160 tibi?
3161 1124 3181 1157 ι
3205 1102 3338 1171 Quis

1754 1201 1903 1248 metu
1929 1194 2277 1249 cohibebitur
2295 1210 2366 1249 ne
2398 1203 2451 1249 te
2481 1194 2684 1265 allligat
2701 1194 2724 1247 ἲ
2741 1195 2893 1264 quasi
2911 1194 3091 1250 dicat:
3120 1194 3333 1249 Nullus.

1755 1285 1866 1340 Aut
1894 1285 2035 1356 quis,
2066 1286 2264 1356 inquit,
2296 1294 2476 1342 tecum
2496 1302 2685 1357 pacem
2710 1287 2927 1357 jungat,
2954 1303 3080 1342 cum
3109 1302 3209 1358 ego
3239 1286 3337 1342 tibi

1755 1379 1957 1434 bellum
1988 1379 2264 1434 inferam?

1834 1471 1896 1527 V.
1933 1473 1985 1528 6.
2024 1492 2043 1526 ι
2080 1472 2148 1525 Et
2175 1471 2488 1541 disperdam
2521 1480 2595 1532 te,
2627 1476 2820 1525 etnon
2870 1470 3011 1524 ultra
3065 1469 3340 1525 dimittam

1757 1577 1873 1617 eos.
1924 1580 1942 1614 ι
1982 1561 2069 1628 Te,
2100 1570 2157 1616 et
2185 1578 2291 1626 eos,
2336 1560 2405 1616 de
2460 1560 2653 1615 eodem
2703 1560 2999 1625 dicuntur;
3027 1559 3104 1613 ait
3157 1568 3341 1614 autem

1757 1654 2079 1723 Jerusalem,
2113 1669 2318 1724 eosque
2347 1652 2545 1723 quibus
2597 1652 2761 1707 mina:
2786 1652 3086 1723 jactantur.

148 1853 168 1888 ι
212 1835 299 1890 Ἐν
339 1835 541 1901 πύλαις
567 1832 700 1890 λαοῦ
736 1854 839 1908 μου
894 1834 1304 1907 ὴτεκνώθησαν.
1339 1855 1358 1889 ι
1388 1837 1455 1890 Αἱ
1491 1837 1656 1890 πολυ-

1834 1845 1906 1901 V.‘
1930 1846 1980 1898 '1.
2019 1862 2038 1896 ι
2078 1843 2137 1897 In
2171 1842 2343 1913 portis
2392 1841 2579 1911 populi
2615 1840 2720 1895 mei
2757 1839 2933 1895 orbati
2970 1782 3071 1893 lilii
3132 1846 3278 1892 sunt.
3316 1855 3336 1890 ι

76 1928 321 1999 οχλοῦσαι
347 1930 535 1993 πόλεις
552 1929 752 2001 ἔρημοι
778 1929 1088 1999 γεγόνασιν.

148 2038 166 2070 ι
217 2019 394 2091 ’Υπὲρ
428 2020 527 2092 τὴν
564 2020 751 2091 ἄμμον
781 2019 883 2091 τῆς
932 2018 1229 2088 θαλάσσης.
1274 2037 1293 2071 ι
1338 2014 1660 2088 ’Υπερϐολι-

78 2109 168 2175 κὸς
197 2111 226 2163 ὁ
257 2111 443 2181 λόγος.

152 2222 171 2255 ι
187 2185 583 2274 Ταλαιπωρίαν
599 2205 657 2257 ἐν
684 2203 1058 2275 μεσημϐρίᾳ.»
1094 2203 1204 2258 Τοῦ
1226 2200 1659 2270 Χρυσοστόμου

81 2294 187 2369 ἷᾶλ.
239 2296 932 2369 Ὀλυμπιοδώρου]..”ορα
972 2297 1090 2361 πῶς
1118 2297 1219 2365 τὴν
1260 2294 1533 2366 τιμωρίαν
1568 2294 1665 2346 ὲπ-

81 2386 454 2460 ήγαγεν,ὥστε
473 2386 548 2456 μὴ
562 2385 885 2456 νομισθῆναι
901 2384 1105 2449 ταύτας
1123 2380 1261 2438 εἶναι
1275 2383 1372 2447 τὰς
1388 2382 1662 2453 συνήθεις,

82 2479 192 2534 ἀλλ’
224 2480 400 2543 ὅντως
428 2478 727 2549 θεηλάτους
761 2478 935 2541 τινας.

155 2589 176 2625 ι
206 2571 515 2643 ’Δπέρῤιψα
543 2570 631 2624 ἐπ’
652 2569 823 2638 αὐτὴν
854 2568 1117 2640 ἐξαίφνης
1150 2567 1373 2638 τρόμον.
1402 2584 1420 2616 ι
1442 2565 1668 2635 Ἀπροσ-

84 2664 353 2736 ὼκήτως.

161 2775 181 2808 ι
225 2753 527 2824 Ἐκενώοη.
571 2753 765 2808 Ἐπέδυ
792 2756 820 2807 ό
849 2753 999 2823 ἥλιος
1033 2750 1120 2805 ἔπ’
1148 2749 1285 2821 αὑτῇ
1312 2789 1327 2813 ,
1356 2748 1436 2802 ἔτι
1470 2746 1666 2818 μεσού-

90 2864 185 2920 σης
212 2848 311 2919 τῆς
340 2846 577 2919 ἡμέρας.
614 2864 633 2898 ι
681 2845 820 2898 Ὑπὸ
849 2844 943 2898 τοῦ
972 2843 1212 2915 πλήθους
1230 2842 1340 2895 τῶν
1374 2840 1665 2910 πολεμίων·

85 2939 122 3010 ἦ
144 2941 223 2995 ὅτι
250 2938 537 3009 αἰφνιδίως
574 2938 886 3009 συμφοραῖς
923 2933 1500 3005 καταλαμϐανόμενοι,
1549 2932 1673 2985 οὐδὲ

88 3031 177 3088 τὸν
207 3032 360 3104 ἥλιον
394 3031 499 3086 ὑπὸ
526 3032 626 3101 τῆς
647 3030 894 3101 ταραχῆς
921 3029 1232 3099 βλέπουσιν.

164 3143 184 3176 ι
218 3123 383 3196 Οίμοι
415 3120 640 3191 ὲγὼ,ὡς
667 3120 813 3182 τίνα,
847 3119 1045 3189 μῆτερ,
1077 3119 1143 3187 μὲ
1178 3116 1364 3180 ἔτεκες
1394 3114 1565 3185 ἄνδρα
1591 3114 1673 3167 δι-

90 3215 393 3287 καζόμενον
450 3212 547 3268 καὶ
597 3211 1009 3281 διακρινόμενον
1039 3210 1191 3281 πάσῃ
1231 3211 1295 3279 τῇ
1327 3210 1435 3278 γῇς
1478 3226 1495 3258 ι
1533 3205 1674 3275 Πρὸς

98 3309 191 3380 μὲν
239 3308 408 3379 ῥητὸν
429 3348 444 3373 ,
476 3308 560 3361 ὅτι
589 3307 701 3369 τοῖς
737 3302 1219 3374 ψευδοπροφήταις
1252 3299 1509 3366 ἀντέλεγε
1534 3337 1549 3362 ,
1584 3298 1678 3350 καὶ

94 3402 225 3475 πρὸς
260 3402 393 3464 τοὺς
434 3396 890 3471 παρανομοῦντας
930 3393 1240 3458 ἐδικάζετο⁸
1284 3390 1422 3462 πρὸς
1467 3388 1526 3442 δὲ
1560 3388 1677 3441 διὰ-

95 3511 259 3560 νοισν,
291 3492 386 3550 διὰ
414 3492 476 3547 τὸ
515 3490 617 3563 τήν
657 3489 938 3560 ἁμαρτίαν
981 3482 1308 3557 πολυμερῶς
1354 3478 1678 3553 περισύρειν

96 3593 190 3659 τὴν
218 3587 561 3659 ἀγαθότητα.

169 3700 189 3734 ι
236 3680 383 3735 Οῦτε
425 3676 708 3746 ὠφέλησέν
757 3692 824 3745 με
857 3672 1051 3737 οὐδείς.
1092 3691 1109 3723 ι
1142 3671 1269 3727 Ὀτι
1294 3672 1445 3726 οὐδὲν
1474 3673 1502 3724 ὁ
1542 3685 1682 3741 προ-

102 3773 329 3845 φητικὺς
354 3769 517 3838 λόγος
539 3767 641 3836 τῆς
669 3764 945 3835 ἁμαρτίας
973 3763 1305 3834 ἀπήλλαξεν,
1331 3764 1407 3827 ὡς
1435 3763 1495 3829 ἐξ
1520 3761 1683 3831 ἀνάγ-

102 3881 201 3936 κης
227 3862 442 3917 δεῖσθαι
464 3862 561 3930 τῆς
588 3859 676 3913 διὰ
706 3855 947 3930 Χριστοῦ
980 3855 1433 3926 ἀπολυτρώσεως.

175 3974 193 4007 ι
233 3955 296 4007 Ἢ
323 3952 480 4022 ἰσχύς
499 3968 601 4021 μου
627 3950 872 4014 ἐξέλιπεν
889 3947 947 4000 ἒν
964 3948 1077 4008 τοῖς
1096 3944 1511 4016 καταρωμένοις
1538 3958 1625 4013 με.
1658 3961 1678 3996 ι

106 4045 226 4108 Τοῖς
259 4041 676 4099 ἐπιϐουλεύουσί
709 4058 822 4110 μοι.
930 4066 935 4073 ·

179 4156 198 4189 ι
232 4137 473 4201 Γένοιτο,
502 4134 771 4192 Δέσποτα,
809 4127 1250 4184 κατευθυνόντων
1272 4125 1502 4180 αὐτῶν.»
1531 4124 1681 4187 Εἴθε,
1740 4138 1747 4145 '

112 4230 263 4302 φησὶ,
287 4225 658 4299 κατηύουναν,
684 4223 781 4276 καὶ
814 4218 1159 4291 ἐπέστρεψαν
1192 4215 1326 4289 πρὸς
1354 4217 1435 4280 σὲ,
1472 4217 1547 4280 ὼς
1579 4217 1688 4269 πά-

113 4321 191 4377 λιν
232 4320 462 4391 ὲὸεόμην
504 4317 642 4387 ὑπὲρ
680 4314 895 4381 αὐτῶν,
929 4314 1023 4368 καὶ
1068 4313 1232 4385 ᾔτουν
1257 4311 1441 4374 αὐτοῖς
1484 4308 1687 4379 ἀγαθὰ,

115 4414 207 4469 καὶ
256 4411 433 4469 ταῦτα
481 4407 692 4482 ἐχθρῶν
731 4402 842 4479 ’μοι
896 4405 1067 4461 όντων
1120 4401 1323 4469 αὐτῶν,
1384 4403 1478 4456 καὶ
1533 4402 1692 4455 πολε-

118 4500 275 4572 μίων.

85 4584 93 4638 l
191 4613 209 4645 ι
251 4593 311 4646 Εἰ
359 4591 733 4660 γνωσθήσεται
779 4589 1014 4659 σίδηρος,
1045 4586 1140 4641 καὶ
1178 4586 1522 4658 περιϐόλαιον
1559 4585 1692 4657 χαλ-

117 4683 213 4738 κοῦ
236 4687 270 4755 ή
306 4685 461 4755 ἰσχύς
490 4700 620 4747 σονς
658 4702 675 4734 ι
718 4683 815 4736 Ἐκ
836 4679 973 4735 Θεοῦ
1002 4680 1139 4750 πρὸς
1174 4680 1263 4733 τὸν
1291 4679 1421 4731 λαὸν
1450 4678 1479 4729 ό
1510 4677 1688 4746 λόγος.

117 4775 238 4831 Κᾶν
265 4775 487 4845 ἰσχυρός
507 4771 790 4849 ᾗς,ιρησ“ιν,
812 4775 885 4837 ὡς
904 4772 1121 4843 σίδηρος
1144 4771 1176 4843 ἢ
1198 4772 1417 4842 χαλκὸς,
1434 4789 1502 4825 πε
1509 4772 1695 4842 ριέτο-

124 4871 221 4939 μαί
249 4886 342 4922 σου
353 4911 367 4925 .

195 4980 214 5014 ι
247 4961 358 5018 Καὶ
379 4960 504 5023 τοὺς
530 4957 835 5030 θησαυρούς
864 4974 958 5011 σου
982 4958 1059 5018 εἰς
1079 4957 1357 5027 προνομὴν
1382 4954 1537 5010 δώσω
1566 4958 1696 5011 ἀντ-

123 5052 370 5122 άλλαγμα
405 5051 494 5107 διὰ
545 5051 727 5113 πάσας
764 5048 861 5112 τὰς
904 5048 1178 5118 ἁμαρτίας
1241 5064 1358 5100 σου.
1400 5066 1420 5098 ι
1452 5048 1521 5100 Τί
1550 5050 1699 5102 ἐστιν

122 5142 545 5213 ἀντάλλαγμω
567 5142 721 5197 Ἀντὶ
737 5141 850 5195 τῶν
871 5139 1159 5211 ἁμαρτιῶν
1190 5156 1281 5191 σου
1305 5138 1461 5191 δώσω
1477 5139 1544 5192 τὰ
1559 5141 1701 5211 χρή-

130 5233 282 5308 ματά
319 5251 411 5288 σου
449 5238 543 5289 καὶ
576 5236 672 5308 τὴν
706 5233 858 5305 ἰσχύν
904 5250 1020 5300 σου,
1068 5230 1259 5303 ἐπειδὴ
1305 5232 1491 5295 αὐτοῖς
1537 5231 1701 5303 ἐθάρ-

132 5329 282 5400 ρουν.

205 5440 226 5474 ε
263 5421 435 5477 Γνῶθι
461 5422 536 5486 ὡς
567 5420 757 5475 ἔλαϐον
783 5419 911 5493 περὶ
944 5418 1037 5473 σοῦ
1091 5412 1415 5486 ὀνειδισμόν.
1452 5432 1471 5465 ι
1528 5414 1572 5467 Τ
1576 5414 1702 5485 axi),

137 5515 213 5588 μὴ
248 5515 277 5587 β
285 5516 544 5587 ραδύνῃς.

208 5627 226 5660 ι
262 5609 371 5663 Καὶ
391 5609 547 5662 ἔσται
583 5605 615 5660 ό
644 5603 798 5673 λόγος
834 5620 926 5657 σου
956 5603 1078 5673 ἐμοὶ
1108 5603 1188 5663 είς
1219 5600 1561 5669 εὐφροσύνην
1614 5599 1709 5651 καὶ

1764 1934 2243 2005 Frequentissimze
2271 1932 2519 1988 civitates
2550 1932 2808 1987 desolata:
2845 1939 2992 1986 sunt.

1838 2028 1902 2084 ν.
1934 2027 1988 2082 8.
2025 2046 2043 2079 ι
2084 2025 2262 2096 Super
2290 2040 2511 2080 arenam
2545 2025 2727 2080 maris.
2777 2042 2796 2075 ι
2836 2022 3232 2095 Iiypcrbolicus
3258 2019 3346 2074 hic

1767 2137 1825 2177 SC
1832 2136 1966 2175 rmo.

1845 2233 1864 2265 ι
1894 2212 2167 2268 Miseriam
2195 2212 2249 2264 in
2280 2209 2530 2265 meridie.
2555 2229 2573 2261 ›
2599 2208 2955 2279 Chrysostomi
2970 2209 3067 2282 [ιιι.
3089 2210 3342 2287 Olymp.].

1769 2307 1904 2362 Vide
1933 2304 2208 2376 quomodo
2246 2319 2440 2374 poenas
2465 2300 2762 2367 inﬂixerit,
2802 2312 2861 2358 ut
2922 2319 2995 2359 ne
3059 2316 3351 2362 consuetas

1771 2414 1864 2453 eas
1888 2413 2011 2452 esse
2041 2396 2164 2466 quis
2185 2403 2421 2466 putaret,
2457 2395 2553 2451 sed
2586 2410 2715 2449 vere
2752 2410 2782 2448 a
2810 2395 2919 2449 Deo
2943 2394 3142 2450 illatas.

1848 2600 1869 2632 ι
1896 2578 2062 2648 lnjeci
2091 2592 2257 2647 super
2282 2590 2403 2632 eam
2437 2583 2665 2646 repente
2702 2582 3016 2631 tremorem.
3064 2594 3083 2628 ι
3150 2574 3355 2630 Prazter

1774 2670 2256 2741 exspectationem.

1849 2763 1915 2818 V.
1942 2764 1995 2820 9.
2033 2782 2051 2815 ι
2077 2761 2262 2817 Vacua
2287 2761 2428 2816 facta
2462 2768 2567 2815 est.
2588 2760 2801 2816 Occidit
2833 2759 2912 2815 sol
2938 2758 3012 2820 ci,
3033 2775 3158 2813 cum
3177 2759 3358 2815 adhuc

1776 2860 1989 2914 medius
2027 2858 2144 2912 dies
2176 2862 2341 2911 esset.
2369 2874 2388 2905 ι
2424 2853 2518 2909 Vel
2562 2863 2784 2923 propter
2824 2852 3065 2907 hostium
3108 2852 3358 2906 multitu-

1778 2952 1993 3016 dinem;
2020 2950 2103 3003 vel
2129 2948 2276 3018 quia,
2299 2946 2600 3016 repentinis
2630 2945 2808 3000 allecti.
2829 2943 3254 3009 calamitatibus,
3286 2958 3360 2998 ne

1779 3042 1950 3097 solem
1983 3039 2202 3108 quidem
2233 3053 2345 3108 pne
2368 3035 2691 3101 confusione
2724 3034 2930 3091 vident.

1853 3131 1917 3185 V.
1952 3132 2039 3186 40.
2087 3149 2104 3181 ι
2133 3129 2250 3183 lleu
2281 3143 2388 3191 me.
2431 3136 2607 3182 mater
2637 3142 2778 3189 mea,
2807 3142 2977 3195 quare
3009 3125 3242 3196 genuisti
3273 3141 3361 3179 me

1777 3222 1977 3286 virum,
2019 3220 2109 3290 qui
2137 3218 2352 3289 judicer
2382 3227 2436 3271 et
2467 3218 2748 3273 discernat
2777 3216 2925 3270 omni
2958 3215 3154 3270 terra}?
3178 3234 3196 3266 ι
3228 3215 3361 3270 Jux-

1782 3325 1833 3371 ta
1873 3316 2137 3399 litteram,
2189 3312 2335 3383 quod
2389 3309 2882 3381 pseudoprophetis
2928 3309 3355 3373 contradicebat,

1781 3395 2213 3473 emitque—impie.
2237 3399 2523 3472 agentibus
2551 3398 2796 3468 litigabat
2823 3413 2838 3460 ;
2872 3395 3025 3464 juxta
3054 3410 3187 3449 vero
3217 3395 3362 3447 inte-

1780 3495 1981 3549 riorem
2013 3507 2255 3556 sensum,
2287 3491 2415 3561 quia
2443 3490 2609 3545 variis
2642 3488 2820 3542 modis
2849 3487 3110 3556 iniquitas
3134 3485 3364 3539 circum-

1781 3590 1891 3661 agit
1919 3587 2239 3642 bonitatem.

1860 3699 1881 3734 ι
1916 3680 2027 3735 Nec
2067 3678 2267 3748 profuit
2300 3677 2434 3731 mihi
2461 3676 2766 3746 quisquam.
2794 3693 2812 3725 ι
2838 3673 2993 3739 Quod
3016 3670 3366 3742 propheticus

1785 3790 1967 3831 sermo
2004 3774 2155 3828 nullo
2194 3772 2354 3826 modo
2382 3770 2634 3825 liberavit
2664 3787 2692 3823 a
2740 3776 3004 3839 peccato;
3043 3766 3113 3821 ita
3148 3774 3206 3819 ut
3264 3778 3365 3820 ne-

1786 3869 2022 3924 cessario
2048 3883 2185 3937 opus
2225 3873 2373 3921 esset
2410 3865 2581 3918 salute
2613 3880 2709 3933 per
2742 3862 3042 3916 Christum.
3274 3856 3277 3859 ’

1864 3982 1883 4013 ι
1916 3960 2199 4016 Fortitudo
2247 3974 2366 4013 mea
2417 3956 2615 4011 defecit
2669 3956 2725 4009 in
2776 3955 2861 4009 his
2890 3955 2989 4025 ‘qui
3033 3952 3366 4008 malediCunt

1787 4055 1945 4110 mihi.
1982 4072 2000 4105 ι
2040 4052 2140 4118 Qui
2172 4051 2303 4105 mihi
2335 4050 2683 4103 insidiantur.

1859 4144 1925 4199 V.
1948 4145 2033 4198 ll.
2062 4162 2080 4195 ι
2107 4142 2243 4207 Fiat,
2263 4141 2512 4204 Domine,
2535 4126 2897 4209 dirigentibus
2923 4136 3047 4192 illis.
3078 4156 3096 4189 ο
3122 4136 3368 4201 Utinam,

1790 4239 1885 4304 ait,
1916 4252 1974 4292 sc
2004 4235 2299 4306 dirigerent
2328 4240 2384 4288 et
2410 4239 2863 4289 converterentur
2881 4230 2946 4284 ad
2983 4238 3054 4291 te.
3086 4237 3145 4283 ut
3172 4229 3368 4284 iterum

1789 4347 1888 4403 pro
1914 4331 2020 4384 illis
2059 4331 2125 4383 ad
2158 4337 2211 4383 te
2246 4342 2436 4397 preces
2466 4324 2826 4389 cllunderem,
2863 4331 2918 4376 ct
2945 4331 3191 4392 peterem
3241 4320 3373 4390 ipsis

1792 4423 1958 4488 bona,
1987 4421 2146 4491 idque
2176 4418 2359 4474 hostili
2390 4417 2574 4472 animo
2602 4416 2653 4469 in
2691 4430 2777 4469 me
2806 4413 3036 4468 affectis.
3254 4420 3257 4423 ‘

1723 4499 1770 4556 ο
1865 4511 1931 4567 ν.
1965 4513 2051 4566 12.
2091 4530 2110 4562 ι
2147 4510 2203 4565 Si
2230 4508 2589 4581 cognoscetu'r
2620 4508 2849 4570 ferrum,
2879 4516 2934 4561 et
2984 4507 3372 4561 vestimentum

1794 4622 2005 4660 aeneum
2034 4602 2292 4658 fortitudo
2327 4603 2455 4655 tua?
2481 4621 2500 4654 ›
2536 4600 2626 4656 Dei
2662 4601 2821 4655 verba
2856 4600 2923 4653 ad
2960 4599 3219 4668 pupulum
3243 4614 3256 4648 :
3284 4596 3376 4652 Li-

1797 4706 1902 4760 cet,
1931 4695 2127 4761 inquit,
2161 4693 2236 4747 sis
2267 4692 2522 4745 robustus
2556 4698 2615 4745 ut
2646 4690 2871 4753 ferrum,
2900 4690 2985 4743 vel
3020 4705 3114 4753 aes,
3148 4704 3377 4757 supcra-

1798 4786 1867 4839 bo
1898 4795 1966 4839 te.

1872 4962 1935 5017 γ.
1976 4936 2184 5014 15.ἰΕι
2209 4955 2494 5010 thesauros
2521 4960 2645 5006 tuos
2668 4950 2722 5004 in
2750 4951 3112 5018 direptionem
3129 4948 3288 5009 dabo.
3323 4957 3377 5001 et

1801 5055 2284 5113 commutationem
2315 5054 2536 5119 propter
2565 5044 2747 5099 omnia
2780 5049 3001 5112 peccata
3043 5052 3154 5094 tua.
3184 5061 3201 5091 ι
3238 5039 3378 5105 Quid

1803 5160 1904 5210 est.
1924 5142 2418 5203 commutationem?
2442 5138 2547 5193 Pro
2575 5136 2816 5208 peccatis
2846 5135 2955 5189 tuis
2973 5134 3176 5188 tradam
3214 5148 3381 5203 pecu-

1805 5244 1951 5297 niam
2009 5248 2177 5304 tuam,
2233 5245 2285 5290 et
2345 5232 2515 5287 robur
2576 5240 2749 5293 tuum,
2800 5227 3054 5297 quoniam
3105 5225 3210 5280 illis
3247 5225 3381 5279 lide-

1806 5333 1956 5388 bant.

1879 5422 1940 5477 ν.
1978 5420 2063 5474 15.
2091 5438 2109 5469 ι
2135 5417 2284 5471 Scito
2297 5413 2554 5485 quoniam
2582 5410 2763 5479 accepi
2787 5423 2884 5479 pro
2904 5407 3376 5477 te‘opprohrium.)

1759 5500 1763 5507 ’
1808 5516 1928 5570 Cito
1952 5554 1966 5575 ,
1999 5527 2067 5566 ne
2099 5511 2300 5564 tardes.

1885 5621 1903 5653 ι
1938 5602 2000 5655 Et
2031 5600 2137 5655 erit
2163 5599 2294 5653 mihi
2321 5596 2561 5650 verbum
2608 5601 2761 5647 tuum
2793 5592 2846 5645 in
2900 5590 3162 5653 laetitiam,
3214 5596 3269 5643 et
3330 5589 3383 5643 in

140 5699 310 5771 χαρὰν
356 5701 589 5773 καρδίας
645 5715 770 5769 μου.
815 5716 832 5749 ι
871 5696 989 5749 Ἵνα
1047 5693 1184 5764 μετὰ
1227 5693 1403 5765 χαρᾶς
1452 5690 1676 5763 προφέρι

1812 5695 2066 5767 gaudium
2127 5691 2307 5747 cordis
2345 5688 2471 5740 mei.
2509 5703 2527 5735 ι
2564 5684 2637 5739 Ut
2693 5700 2816 5738 cum
2861 5682 3057 5753 gaudio
3108 5691 3388 5735 sermones

145 5793 208 5845 τὰ
237 5793 300 5847 ait
325 5794 505 5864 λόγια,
545 5790 745 5865 μηκέτι
777 5786 869 5843 ὑπ’
893 5786 1072 5842 αὐτῶν
1096 5784 1530 5855 ἁντιλεγόμενος.

1820 5795 1942 5838 tuos
1974 5784 2218 5851 eloquar,
2251 5776 2454 5832 nullam
2486 5772 2713 5844 posthac
2762 5772 2828 5827 ab
2863 5771 2965 5827 illis
3004 5767 3387 5827 contradictio-

1820 5889 1947 5931 uem
1971 5875 2202 5945 patiens.
