3876 6304
451 312 558 377 663
1521 316 2039 378 OLYMPIODOBI
2074 320 2606 384 ALEXANDRINI
3240 294 3242 296 ’
3625 334 3745 398 oet

525 422 588 475 V.
625 422 711 475 l‘l.
767 441 786 473 ι
823 422 1174 489 Ludentium,
1214 443 1232 476 »
1262 433 1368 480 etc.
1427 426 1731 498 Deridicula
1789 442 2026 498 operan-

2209 451 2228 484 ι
2252 434 2582 501 Παιζόντων,
2611 451 2665 491 κ.
2683 452 2735 488 τ.
2757 435 2806 489 λ.
2840 456 2859 490 »
2890 436 3286 506 Καταγέλωτος
3314 440 3442 506 ἀξια
3476 441 3737 511 ἐργαζο-

392 539 401 546 ·
455 514 610 566 tium.

2135 525 2333 579 ιιὲνων.

524 529 610 566 Im.

524 605 587 657 V.
624 604 708 658 18.
749 625 768 656 ι
805 605 965 675 Plaga
1003 621 1120 661 mea
1154 605 1327 660 solida
1377 616 1480 679 est.
1521 627 1540 659 »
1587 609 1882 665 Theodoriti
1931 611 2024 683 [οι.

2208 543 2334 579 νων.

2208 635 2224 669 ι
2308 619 2372 673 'H
2421 619 2604 691 πληγή
2662 638 2763 691 μου
2814 617 3044 694 στερεά.
3092 642 3110 674 »
3176 623 3552 693 Θεοδωρίτου
3607 628 3739 701 [ἀλ.

455 695 862 768 Olympiodori].
896 696 1035 751 Num
1081 698 1227 751 enim
1292 699 1446 770 plaga
1483 715 1605 755 mea
1639 701 1746 756 illis
1771 703 1843 758 ad
1878 703 1986 758 utili

2208 711 2662 783 λυμπιοδώρου].
2709 713 2801 783 Μὴ
2854 716 2964 784 γὰρ
3005 717 3086 778 εἰς
3137 715 3409 786 ὠφέλειαν
3460 695 3662 773 αὐτῶν
3704 724 3739 792 ἡ

454 789 658 842 tatem?
685 789 795 842 Cur
827 790 992 860 igitur
1019 789 1134 844 haec
1153 791 1259 845 illis
1290 793 1602 862 permittis?

2128 805 2235 875 ἐμὴ
2265 803 2485 876 πληγή;
2518 805 2675 869 Τίνος
2702 802 2797 858 οὖν
2825 805 3011 860 ἕνεκεν
3049 811 3354 878 συγχωρεῖς
3381 812 3520 864 ali-tr:
3533 811 3633 879 ύςς

527 919 545 948 ι
574 900 727 956 Unde
756 904 1031 958 sanabor?
1067 925 1084 956 »
1119 906 1474 976 Olympiodori
1527 909 1620 992 [aL
1670 909 2022 983 Theodoreti].

2205 939 2223 973 ι
2271 921 2443 976 Πόθεν
2474 921 2804 995 ίαθήσομαι;
2846 942 2865 974 »
2897 925 3404 996 Ὀλυμπιοδώρου.
3439 927 3558 1000 [ἀλ.
3595 933 3736 984 Θεο-

449 990 643 1061 Figura
665 997 1185 1053 accommodationis
1205 1001 1492 1054 verborum
1519 990 1583 1055 all
1605 1002 1781 1071 plura,
1817 1011 1980 1056 natur

2205 1012 2449 1084 ιρήτου.]
2488 990 2622 1067 Ἀπὸ
2649 990 2830 1068 κοινοῦ
2857 1018 2956 1086 τῆς
2979 990 3408 1089 ἀννθρωπότητος
3434 990 3605 1092 ρει
3641 1023 3736 1074 τὸν

447 1079 698 1138 humanae
716 1086 876 1140 verba
909 1097 1066 1154 sunt;
1094 1104 1214 1158 quae
1241 1091 1391 1145 nullo
1413 1092 1575 1146 modo
1606 1093 1785 1147 curari
1816 1101 1978 1164 poter:

2200 1079 2306 1176 γον,
2343 1079 2646 1178 οὐδαμόθεν
2667 1079 2975 1182 δυναμένης
3007 1079 3244 1181 ἰαθῆναι,
3481 1079 3598 1168 ὑπὸ
3629 1116 3731 1185 μό-

444 1177 549 1228 nisi
580 1177 648 1230 ab
675 1194 783 1233 uno
809 1179 1088 1235 Salvatore
1112 1191 1321 1236 nostro.

1301 1210 1321 1234 ‘-
2128 1217 2220 1253 νου
2249 1198 2342 1252 τοῦ
2377 1177 2630 1270 Σωτῆρος
2656 1177 2832 1270 ἡμῶν.

521 1308 542 1342 ‹
579 1290 716 1346 Dum
775 1295 852 1360 ﬁt,
888 1295 1025 1350 facta
1080 1306 1162 1351 est
1210 1297 1343 1351 mihi
1377 1299 1530 1366 quasi
1591 1315 1730 1369 aqua
1771 1301 2024 1367 mendax,

2201 1330 2218 1362 ι
2255 1311 2518 1383 Γινομένη
2545 1312 2779 1384 ἐγενήθη
2815 1331 2906 1384 μοι
2931 1314 3006 1380 ὡς
3031 1315 3175 1388 ὕδωρ
3203 1316 3419 1386 ψευδὲς.
3458 1320 3569 1372 οὐκ
3606 1321 3727 1391 ἕχον

445 1397 557 1436 non
619 1383 826 1440 habens
875 1387 1106 1443 ﬁdem.»
1168 1389 1778 1460 Pseudoprophctarum
1845 1394 1976 1446 frau:

2198 1419 2330 1456 στιν.
2371 1421 2390 1454 »
2443 1403 2505 1455 Ἦ
2536 1403 2644 1456 τῶν
2668 1383 3349 1478 ψευδοπροφητῶν-ἀπάτη
3378 1410 3413 1479 ἠ
3453 1412 3555 1462 καὶ
3588 1383 3729 1484 πλή-

445 1488 567 1540 ‹ιυαι
597 1483 652 1528 et
680 1478 940 1546 populum
967 1481 1248 1547 sauciavit,
1286 1484 1371 1536 vel
1409 1483 1669 1552 iniquitas
1730 1484 1866 1552 ipsa,
1905 1499 1974 1553 qn

2200 1513 2265 1548 σα
2293 1496 2385 1550 τὸν
2415 1495 2571 1550 λαόν⁸
2597 1497 2630 1568 ἢ
2660 1497 2800 1570 αὐτὴ
2830 1501 2862 1569 ἡ
2887 1478 3593 1569 ἁμαρτίαᾶπιστοςῗοῦσα,
3632 1478 3728 1558 καὶ

445 1561 680 1620 inﬁdelis
696 1578 794 1633 est,
827 1578 882 1623 et
916 1573 1071 1639 aquis
1099 1573 1430 1628 assimilatur
1471 1575 1862 1630 sull'ocantibus
1885 1588 1976 1644 qui

2194 1593 2332 1643 ικυῖα
2374 1590 2524 1644 ὕδατι
2568 1593 2925 1660 ἀποπνίγοντι
2968 1594 3097 1656 τοὺς
3129 1595 3725 1665 ἀπολαμϐανομένους.

447 1657 799 1715 detinuerint.
832 1663 928 1717 Est
955 1665 1117 1719 etiam
1149 1681 1290 1736 aqua
1319 1669 1548 1722 mendax
1570 1684 1680 1724 non
1719 1668 1926 1723 habens
1961 1668 1978 1722 l

2786 1647 2798 1660 ,
3079 1647 3095 1656 ,
3282 1647 3326 1665 κ,
3400 1647 3408 1648 ,
3476 1647 3726 1667 -.ην-Ἴ-

2195 1687 2286 1736 ξστι
2343 1683 2399 1736 δὲ
2462 1683 2656 1752 ψευδὲς
2723 1683 2866 1756 ὕδωρ
2911 1686 3012 1738 οὐκ
3072 1684 3193 1756 ἔχον
3243 1687 3429 1741 πίστιν
3484 1689 3560 1743 τὰ
3618 1691 3726 1745 τῶν

446 1749 592 1815 dem,
629 1751 1008 1810 haereticorum
1040 1757 1328 1827 baptisma.

2055 1792 2097 1848 Β
2126 1774 2418 1846 αἱρετικῶν
2461 1774 2833 1847 βαπτίσματα.

517 1868 584 1926 ν.
618 1871 706 1926 19.
745 1891 763 1924 ι
790 1871 847 1926 Si
876 1874 1165 1930 reverteris
1189 1917 1203 1941 ,
1243 1885 1296 1930 et
1331 1875 1612 1946 restituam
1672 1885 1722 1931 te
1755 1894 1768 1930 :
1807 1887 1860 1931 et
1898 1887 2024 1931 ante

2204 1905 2224 1939 ‹
2275 1887 2400 1940 Ἐὰν
2457 1889 2824 1961 ὲπιστρέψῃς,
2881 1891 2973 1945 καὶ
3013 1891 3454 1964 ἀποκαταστήσω
3483 1912 3547 1948 σε
3581 1912 3596 1926 ·
3630 1894 3724 1949 καὶ

447 1958 642 2014 faciem
703 1978 879 2017 meam
912 1965 1100 2019 stabis.
1138 1984 1155 2017 »
1183 1965 1238 2020 Si
1271 1968 1438 2034 enim,
1469 1967 1563 2029 ait,
1599 1967 1666 2020 ab
1728 1969 1978 2038 iniquitat

2192 1979 2234 2031 ab
2259 1976 2552 2050 προσώπου
2587 1958 2910 2054 μουστήσῃ.
2951 2001 2968 2032 »
3014 1981 3141 2034 Ἐὰν
3169 1981 3298 2051 γὰρ,
3329 1958 3500 2052 (ῥησὶν
3526 2025 3543 2049 ,
3581 1985 3723 2038 ἀπο-

427 2053 742 2121 tdestiteris,
771 2055 880 2110 eris
923 2065 1046 2112 uta
1091 2059 1360 2130 principio
1413 2059 1604 2124 Adam,
1639 2071 1759 2114 mea
1813 2060 1958 2115 visio}

2194 2071 2259 2140 ᾗς
2288 2070 2387 2140 τῆς
2420 2070 2716 2141 ἁμαρτίας,
2751 2071 2848 2142 ἔσῃ
2885 2073 2960 2136 ὡς
2984 2073 3080 2126 ἀπ’
3101 2075 3275 2152 ἀρχῆς
3306 2075 3336 2127 ὁ
3387 2075 3590 2146 Ἀδὰμ,
3621 2078 3721 2147 τῆς

448 2145 722 2217 dignatus.

2128 2161 2267 2230 ἐμῆς
2295 2160 2528 2234 θεωρίας
2563 2163 2907 2234 ἀξιούμενος.

525 2278 542 2311 ι
579 2260 637 2315 Si
660 2263 998 2331 separaveris
1035 2265 1331 2335 pretiosum
1363 2282 1392 2320 a
1424 2267 1539 2334 vili,
1562 2267 1714 2336 quasi
1745 2283 1806 2322 os
1841 2283 2021 2322 meum

2204 2292 2224 2326 ‹
2267 2275 2376 2328 Καὶ
2423 2275 2517 2329 ἐὰν
2551 2275 2831 2348 ὲξαγάγῃς
2872 2276 3054 2346 τίμιον
3102 2277 3213 2330 ἀπὸ
3259 2278 3515 2345 ἀναξίου,
3546 2279 3628 2342 ὡς
3662 2280 3720 2332 τὸ

453 2353 588 2408 eris.
627 2374 646 2406 »
687 2355 743 2408 Si
775 2357 1028 2412 eduxeris
1059 2359 1283 2413 verbum
1312 2360 1630 2427 pretiowm,
1655 2361 1759 2415 hoc
1792 2370 1874 2414 est
1899 2361 1984 2414 ῐὶόι

2187 2366 2304 2435 ςόμα
2324 2383 2425 2435 μου
2455 2367 2574 2439 ἔσῃ.
2611 2387 2630 2419 ›
2664 2367 2791 2421 Ἐὰν
2825 2367 3104 2439 ὲξαγάγῃς
3135 2369 3288 2440 ῥῆμα
3311 2369 3520 2440 τίμιον,
3557 2387 3718 2424 τουτ-

446 2444 849 2500 conl‘essionem
874 2447 942 2500 ab
974 2463 1039 2501 eo
1069 2449 1157 2516 qui
1199 2450 1329 2503 olim
1377 2449 1631 2520 indignus
1660 2459 1775 2504 erat
1815 2460 1868 2505 et
1902 2452 1977 2505 int

2185 2474 2245 2510 ττι
2293 2459 2354 2510 τ’)
2383 2459 2482 2528 τῆς
2517 2461 2754 2524 πίστεως
2783 2460 3126 2530 ὁμολόγημα,
3160 2461 3270 2515 ἀπὸ
3320 2461 3414 2515 τοῦ
3451 2479 3588 2515 ποτε
3624 2463 3716 2514 άν-

445 2536 604 2602 dclis,
639 2537 998 2608 eﬂ'ecerisque
1034 2548 1091 2593 ut
1119 2541 1325 2604 credat,
1351 2541 1459 2595 eris
1485 2549 1544 2594 ut
1584 2557 1645 2596 os
1705 2541 1976 2596 Salvatori:

2182 2550 2277 2614 ξίου
2302 2551 2398 2604 καὶ
2423 2552 2672 2619 ἀπίστου,
2704 2557 2798 2608 καὶ
2823 2553 3256 2625 παρασκευάσῃς
3289 2553 3455 2607 αὐτὸν
3485 2553 3713 2607 πιστεῦ-

445 2627 538 2696 qui
573 2628 708 2682 dixit
741 2646 754 2682 :
788 2628 831 2684 ο
862 2630 1065 2698 ηιιιιῐθν,
1092 2648 1282 2701 magna
1309 2641 1383 2685 est
1401 2632 1527 2700 ﬁdes
1559 2644 1649 2685 tua
1687 2634 1747 2686 “.

2180 2657 2238 2705 ιι,
2263 2641 2336 2703 ὼς
2363 2641 2536 2711 στόμα
2565 2641 2662 2712 ἔσῃ
2691 2641 2784 2695 τοῦ
2805 2643 3051 2707 εἰπόντος
3081 2638 3333 2712 Σωτῆρος
3361 2659 3376 2674 ο
3418 2639 3494 2698 Ὦ
3515 2644 3711 2712 γύναι,

2121 2731 2357 2800 μεγάλη
2391 2747 2507 2786 σου
2530 2735 2567 2801 ἡ
2591 2734 2818 2800 πίστις.

524 2840 543 2875 ι
580 2823 646 2877 Ει
669 2833 1057 2880 convertentur
1089 2825 1188 2896 ipsi
1213 2828 1278 2882 ad
1317 2836 1387 2892 te,
1421 2837 1477 2882 et
1505 2834 1562 2881 tu
1592 2843 1702 2881 non
1731 2835 2023 2882 converte-

2201 2862 2219 2894 ι
2283 2843 2393 2896 Kal.
2412 2846 2852 2916 ’ἀναστρέφουσιν
2903 2849 3213 2919 αὐτοὶπρδς
3265 2849 3346 2914 σὲ,
3373 2851 3467 2903 καὶ
3512 2851 3578 2902 σὺ
3614 2849 3713 2904 οὐκ

447 2913 522 2968 ris
545 2914 612 2968 ad
643 2931 758 2971 eos.
792 2935 810 2968 »
843 2916 1030 2984 Stude,
1068 2919 1266 2988 inquit,
1290 2919 1575 2990 propheta,
1607 2921 1727 2975 talis
1787 2935 1931 2984 esse,
1967 2936 1978 2973 ι

2180 2935 2492 3005 τοστρέψεις
2534 2937 2669 3008 πρὸς
2717 2937 2936 3002 αὐτούς.
2976 2958 2994 2991 »
3026 2940 3361 3005 Σπούδασον,
3423 2943 3619 3011 φησὶν,
3667 2935 3711 2997 ὦ

446 3020 542 3060 eos
564 3005 632 3060 ad
662 3007 917 3070 virtutem
947 3009 1208 3075 attrahas,
1253 3026 1356 3065 nec
1383 3027 1413 3066 a
1443 3012 1646 3066 malitia
1675 3026 1864 3066 eorum
1926 3011 1977 3066 dt

2179 3027 2401 3098 ροφῆτα,
2426 3027 2667 3092 τοιοῦτος
2727 3024 2889 3095 εἶναι,
2944 3029 3020 3094 ὡς
3079 3031 3261 3084 ἕλκειν
3317 3033 3520 3096 αὐτοὺς
3573 3034 3710 3105 πρὸς

447 3097 707 3154 traharis.
2050 3136 2092 3192 ρ
2125 3097 2345 3190 ἀρετὴν,
2399 3119 2490 3173 καὶ
2543 3121 2618 3190 μὴ
2667 3120 2772 3173 ὑπὸ
2813 3119 2914 3191 τῆς
2958 3122 3138 3176 αὐτῶν
3188 3124 3396 3188 κακίας
3442 3097 3709 3178 καθέλκε-

2129 3212 2274 3264 σθαι.
3390 3222 3392 3226 '

1060 3319 1385 3377 CAP.XVL
2526 3385 2532 3391 _

2526 3385 2532 3391 _
2705 3327 3111 3396 ΚΕΦΑΛ.ιςῑ

523 3459 584 3515 ν.
620 3459 675 3511 2.
714 3477 732 3510 ι
771 3458 836 3512 Et
867 3467 924 3513 tu
958 3473 1027 3514 ne
1059 3457 1316 3529 accipias.
1353 3475 1373 3509 »
1407 3457 1691 3512 Proditum
1725 3467 1828 3524 est,
1859 3459 2026 3529 virgi-

2197 3483 2220 3513 c
2269 3463 2379 3517 Kal.
2434 3463 2499 3517 σὺ
2549 3465 2624 3536 μὴ
2666 3465 2860 3536 λάϐῃς.
2914 3485 2933 3517 »
2980 3466 3303 3538 Ἰστορεῖται
3347 3468 3376 3520 ὁ
3416 3469 3704 3539 προφήτης

446 3568 571 3607 nem
599 3553 768 3608 fuisse
811 3552 1154 3623 pr0phetam,
1194 3552 1283 3607 cui
1336 3565 1533 3620 nempe
1565 3565 1596 3604 a
1647 3547 1759 3603 Deo
1817 3564 1977 3619 ρης(

2169 3554 2395 3626 αρθένος
2429 3550 2587 3624 εἶναι,
2620 3557 2696 3622 ὠς
2729 3558 2834 3610 ὑπὸ
2873 3557 3007 3611 Θεοῦ
3036 3557 3351 3623 κελευσθεὶς
3383 3560 3461 3631 μὴ
3505 3563 3698 3632 γῆμαι.

445 3655 600 3717 ptum
630 3646 732 3701 fuit
755 3662 825 3700 ne
854 3661 1079 3702 uxorem
1117 3645 1364 3700 duceret.

520 3737 583 3792 V.
614 3739 665 3793 5.
713 3757 732 3789 ι
781 3737 859 3792 Ne
899 3736 1224 3809 ingrediaris
1262 3735 1316 3789 in
1373 3734 1608 3792 thiasum
1639 3748 1849 3788 eorum.
1890 3753 1909 3784 »
1941 3733 2024 3788 Ad

2204 3753 2224 3788 ι
2259 3735 2352 3806 Μὴ
2391 3735 2637 3808 εἰσέλθῃς
2674 3737 2755 3801 είς
2785 3736 2994 3794 θίασον.
3034 3757 3054 3791 »
3088 3739 3186 3803 Εἰς
3229 3739 3477 3795 ἑστίασιν
3505 3741 3699 3811 εὐφρο·

445 3829 664 3900 epulum
696 3829 916 3895 laetitize,
944 3829 1029 3882 vel
1055 3828 1217 3883 etiam
1246 3827 1444 3881 luctus.

1246 3827 1444 3881 luctus.
2128 3823 2350 3896 σύνηςῆ
2381 3826 2474 3880 καὶ
2511 3826 2767 3891 πένθους.

518 3921 579 3978 V.
611 3922 664 3976 6.
701 3939 720 3973 ι
744 3919 862 3976 Non
893 3922 1149 3993 plangent
1171 3936 1248 3976 se.
1286 3939 1304 3972 »
1342 3917 1742 3981 Lacerationes,
1775 3917 2023 3974 abrasio-

2201 3934 2221 3968 ‹
2263 3917 2336 3970 Οὐ
2366 3917 2440 3988 μὴ
2470 3917 2745 3988 κόψονται.
2792 3939 2810 3972 »
2858 3918 3119 3990 ’Δμυχάς,
3152 3919 3607 3992 κατατρύσματα.

446 4030 566 4070 nes.

518 4104 581 4160 V.
611 4105 664 4160 9.
703 4123 722 4158 ι
754 4104 1006 4162 Vocem.»
1051 4105 1320 4161 Gaudium
1343 4105 1572 4161 omnino
1595 4104 1665 4160 ab
1687 4103 1793 4158 illis
1823 4103 2022 4158 tollen-

2247 4099 2305 4152 αἱ
2341 4099 2545 4169 φωνήν.
2589 4118 2606 4150 ι
2666 4098 2777 4170 Τὴν
2812 4098 3023 4153 τελείαν
3057 4099 3358 4170 ἀφαίρεσιν
3393 4101 3492 4171 τῆς
3525 4103 3697 4172 χαρᾶς
3769 4165 3777 4176 ,

442 4197 574 4252 dum
610 4197 708 4252 ait.

2126 4203 2279 4262 φησι.

512 4289 682 4344 v.14.
715 4309 732 4342 ι
760 4289 835 4345 De
863 4299 1008 4344 terra
1035 4288 1351 4359 aquilonis.»
1372 4288 1614 4360 Babylon
1637 4288 1808 4357 magis
1847 4287 2024 4358 vergit

2196 4283 2518 4354 Βορειοτέρα
2556 4283 2704 4335 ἐστὶν
2732 4283 2764 4354 ἠ
2793 4282 3051 4336 Βαϐυλὼν
3087 4283 3163 4345 ὡς
3201 4282 3338 4352 πρὸς
3370 4282 3470 4354 τὴν
3504 4283 3695 4354 Ἰερου-

443 4381 511 4436 ad
538 4381 871 4450 aquilonem,
907 4395 1070 4449 quam
1100 4379 1480 4448 Jerosolyma;
1537 4377 1797 4432 historice
1857 4377 1974 4448 igitr

2161 4370 2308 4442 αλήμ
2339 4388 2354 4402 ο
2399 4371 2499 4441 τῆς
2554 4365 2647 4423 οὖν
2699 4371 2966 4442 αἰσθητῆς
3013 4371 3336 4435 Βαϐυλῶνός
3383 4389 3516 4442 φησι
3577 4373 3691 4427 καθ’

445 4473 616 4540 ipsam
650 4473 838 4526 urbem
870 4471 1195 4541 Babylonem
1229 4470 1501 4543 intelligit,
1529 4469 1616 4526 vel
1640 4485 1762 4541 quae
1805 4471 1976 4542 spirit:

2164 4463 2393 4534 ςτορίαν,
2447 4462 2480 4532 ἢ
2529 4463 2623 4515 καὶ
2671 4463 2770 4534 τῆς
2811 4465 3010 4534 νοητῆς
3041 4464 3166 4533 τῶν⁵
3192 4463 3380 4533 ψυχῶν
3429 4466 3695 4536 αἰχμαλω·

444 4566 458 4617 l
487 4574 568 4618 ter
603 4563 943 4634 intelligitur,
975 4563 1280 4616 animarum
1301 4561 1694 4631 captivitatem.
2123 4555 2268 4618 σίας.

518 4655 578 4710 V.
616 4656 700 4710 16.
741 4674 759 4706 ‹
791 4656 933 4711 Ecce
959 4669 1059 4727 ego
1086 4654 1259 4708 mitto.
1305 4673 1324 4706 »
1359 4652 1648 4725 Apostolos
1677 4656 1774 4711 ait.

2196 4665 2214 4699 ι
2263 4648 2393 4701 Ἰδοὺ
2419 4646 2531 4716 ἐγὼ
2561 4646 2898 4704 ἀποστέλλω.
2934 4666 2952 4696 »
2987 4647 3126 4711 Τοὺς
3157 4647 3492 4710 ἀποστόλους
3526 4649 3687 4717 λέγει.

517 4769 534 4800 ι
569 4747 720 4802 Mitto
753 4749 952 4804 multos
967 4755 1272 4804 venatores.
1304 4767 1323 4802 »
1350 4747 1614 4805 Praasides
1639 4749 1916 4805 Ecclesiae.
1945 4748 2023 4803 De

2195 4763 2213 4794 ι
2238 4740 2574 4795 Ἀποστέλλω
2612 4740 2740 4802 τοὺς
2771 4739 3019 4803 πολλούς.
3060 4758 3079 4791 »
3102 4737 3242 4802 Τοὺς
3269 4741 3568 4812 προέδρους
3593 4742 3691 4794 τῶν

441 4843 728 4899 diabolicis
749 4841 981 4897 actibus.

2132 4831 2490 4901 Ἐκκλησιῶν.
2545 4831 2639 4884 Ἐκ
2666 4829 2772 4883 τῶν
2796 4830 3116 4884 διαϐολικῶν
3155 4833 3469 4903 ἐνεργειῶν.

516 4958 534 4988 ι
581 4938 646 4992 Et
673 4937 1031 4992 venabuntur.
1053 4954 1072 4988 »
1106 4933 1444 5000 Daemonum,
1476 4933 1560 4990 vel
1580 4934 1796 4991 malitia:
1822 4935 2015 4991 modo-

2193 4944 2213 4976 ι
2242 4925 2352 4978 Καὶ
2376 4924 2735 4995 θηρεύσωσιν.
2776 4942 2794 4974 »
2823 4923 2944 4977 Τῶν
2959 4924 3254 4993 δαιμόνων,
3278 4925 3310 4997 ἢ
3341 4926 3436 4978 καὶ
3461 4924 3570 4976 τῶν
3598 4924 3691 4992 τῆς

441 5046 584 5085 ΙΊΙΙΠ.

2121 5019 2320 5081 κακίας
2348 5019 2588 5089 τρόπων.

517 5142 534 5171 σ
583 5121 648 5176 Ει
692 5137 858 5193 supra
902 5121 1106 5192 omnia.
1150 5138 1168 5170 »
1221 5121 1601 5186 Occultarum,
1643 5131 1698 5175 et
1750 5121 1838 5173 vix
1890 5134 2017 5188 per-

2196 5133 2213 5165 ι
2261 5114 2369 5166 Καὶ
2398 5112 2588 5166 ἐπάνω
2637 5111 2858 5174 παντός.
2914 5131 2933 5164 »
2977 5111 3100 5163 Τῶν
3127 5111 3352 5180 ἀφανῶν
3385 5112 3477 5164 καὶ
3496 5110 3692 5164 δυσκα-

441 5214 776 5282 ceptibilium
807 5211 1062 5281 nequitia:
1086 5213 1386 5268 actionum.

2117 5204 2393 5272 τανοήτων
2420 5202 2520 5270 τῆς
2550 5201 2752 5264 κακίας
2777 5200 3091 5272 ἐνεργειῶν.

516 5301 570 5356 ν.
609 5303 694 5356 18.
727 5320 744 5350 ι
769 5301 834 5354 Et
863 5301 1139 5355 reddam.»
1169 5300 1225 5354 Si
1262 5309 1450 5354 contra
1480 5301 1774 5365 daemones,
1807 5300 1858 5352 in
1889 5299 2011 5354 illos

2194 5313 2211 5346 ι
2234 5295 2343 5346 Καὶ
2358 5293 2739 5347 ἀνταποδώσω.
2755 5312 2774 5348 »
2796 5295 2858 5346 Εξ
2889 5296 2986 5364 μὲν
3003 5294 3146 5347 κατὰ
3161 5293 3271 5347 τῶν
3287 5294 3580 5363 δαιμόνων,
3603 5295 3688 5347 καὶ

439 5405 653 5460 quoque
688 5390 832 5444 illata
861 5390 1025 5459 dupla
1049 5403 1229 5459 paena,
1266 5390 1411 5459 quod
1445 5397 1498 5444 et
1551 5399 1866 5444 averterunt
1911 5389 1970 5443 hc

2159 5387 2299 5440 ὐτῶν
2333 5387 2424 5439 καὶ
2463 5388 2496 5456 ἡ
2545 5387 2918 5458 ἐπιφερομένη
2963 5387 3123 5456 διπλῆ
3164 5387 3432 5458 τιμωρία,
3473 5388 3556 5440 ὅτι
3603 5387 3690 5440 καὶ

442 5483 618 5534 mines
646 5497 676 5534 a
698 5497 826 5535 vero
856 5483 966 5538 Deo
1000 5497 1168 5552 seque
1207 5481 1354 5550 ipsos
1389 5481 1520 5536 deos
1576 5480 1920 5536 ellecerunt:
1971 5501 1973 5532 :

2156 5478 2441 5548 nim:un
2490 5478 2584 5531 τοῦ
2648 5478 2885 5548 ἀληθοῦς
2941 5478 3076 5532 Θεοῦ
3151 5479 3279 5541 τοὺς
3336 5476 3687 5548 ἀνθρώπους,

439 5585 570 5626 vero
631 5580 818 5626 contra
873 5572 1143 5640 homines,
1177 5573 1337 5627 minae
1382 5581 1510 5629 sunt
1549 5581 1737 5628 contra
1785 5587 1880 5628 eos
1937 5588 1969 5641 q

2161 5571 2234 5623 :a‘t
2277 5569 2506 5633 ἑαυτοὺς
2540 5568 2937 5638 ὲθεοποίησαν*
2974 5571 3023 5622 εί
3073 5569 3129 5624 δὲ
3165 5570 3306 5641 κατὰ
3343 5570 3456 5623 τῶν
3490 5569 3692 5642 ἀνθρώ·

519 5771 559 5804 “
589 5771 776 5824 Matth.
813 5787 896 5834 xv,
923 5772 1013 5826 28.
