  <div class='ocr_page' id='page_1' title='image "/cluster/home/n/w/nwhite01/storage/ocr_20150623/93/pst.000005712991/344.png"; bbox 0 0 3876 6304; ppageno 0'>
   <div class='ocr_carea' id='block_1_1' title="bbox 83 378 203 444">
    <p class='ocr_par' dir='ltr' id='par_1_1' title="bbox 83 378 203 444">
     <span class='ocr_line' id='line_1_1' title="bbox 83 378 203 444; baseline -0.033 0"><span class='ocrx_word' id='word_1_1' title='bbox 83 378 203 444; x_wconf 83' lang='grc'><strong>665</strong></span> 
     </span>
    </p>
   </div>
   <div class='ocr_carea' id='block_1_2' title="bbox 1252 376 2281 444">
    <p class='ocr_par' dir='ltr' id='par_1_2' title="bbox 1252 376 2281 444">
     <span class='ocr_line' id='line_1_2' title="bbox 1252 376 2281 444; baseline 0.001 -6"><span class='ocrx_word' id='word_1_2' title='bbox 1252 377 1716 439; x_wconf 81' lang='lat' dir='ltr'><strong>FRAGMENTA</strong></span> <span class='ocrx_word' id='word_1_3' title='bbox 1744 376 1828 442; x_wconf 84' lang='lat' dir='ltr'><strong>IN</strong></span> <span class='ocrx_word' id='word_1_4' title='bbox 1864 381 2281 444; x_wconf 78' lang='lat' dir='ltr'><strong>JEREMIAM.</strong></span> 
     </span>
    </p>
   </div>
   <div class='ocr_carea' id='block_1_3' title="bbox 3297 384 3404 447">
    <p class='ocr_par' dir='ltr' id='par_1_3' title="bbox 3297 384 3404 447">
     <span class='ocr_line' id='line_1_3' title="bbox 3297 384 3404 447; baseline 0.009 -1"><span class='ocrx_word' id='word_1_5' title='bbox 3297 384 3404 447; x_wconf 89' lang='lat'><strong>666</strong></span> 
     </span>
    </p>
   </div>
   <div class='ocr_carea' id='block_1_4' title="bbox 93 489 1740 567">
    <p class='ocr_par' dir='ltr' id='par_1_4' title="bbox 93 489 1722 563">
     <span class='ocr_line' id='line_1_4' title="bbox 93 489 1722 563; baseline 0.001 -20"><span class='ocrx_word' id='word_1_6' title='bbox 93 508 226 544; x_wconf 87' lang='grc' dir='ltr'><strong>πων</strong></span> <span class='ocrx_word' id='word_1_7' title='bbox 291 489 457 562; x_wconf 65' lang='grc' dir='ltr'>μετὰ</span> <span class='ocrx_word' id='word_1_8' title='bbox 513 489 612 563; x_wconf 76' lang='grc' dir='ltr'><strong>τὴν</strong></span> <span class='ocrx_word' id='word_1_9' title='bbox 669 489 869 559; x_wconf 85' lang='grc' dir='ltr'>γνῶσιν</span> <span class='ocrx_word' id='word_1_10' title='bbox 899 489 1344 563; x_wconf 73' lang='grc' dir='ltr'><strong>ἁμαρτανόντων,</strong></span> <span class='ocrx_word' id='word_1_11' title='bbox 1384 491 1464 546; x_wconf 79' lang='grc' dir='ltr'><strong>διδ</strong></span> <span class='ocrx_word' id='word_1_12' title='bbox 1496 492 1722 546; x_wconf 75' lang='grc' dir='ltr'><strong>διπλοῦν</strong></span> 
     </span>
    </p>
   </div>
   <div class='ocr_carea' id='block_1_5' title="bbox 1877 489 3406 567">
    <p class='ocr_par' dir='ltr' id='par_1_5' title="bbox 1877 494 3406 567">
     <span class='ocr_line' id='line_1_5' title="bbox 1877 494 3406 567; baseline 0.005 -20"><span class='ocrx_word' id='word_1_13' title='bbox 1877 495 2061 551; x_wconf 85' lang='lat' dir='ltr'><strong>:ientcs</strong></span> <span class='ocrx_word' id='word_1_14' title='bbox 2129 501 2396 566; x_wconf 83' lang='lat' dir='ltr'><strong>peccant,</strong></span> <span class='ocrx_word' id='word_1_15' title='bbox 2444 503 2776 567; x_wconf 74' lang='lat' dir='ltr'><strong>quapropter</strong></span> <span class='ocrx_word' id='word_1_16' title='bbox 2845 494 3007 567; x_wconf 88' lang='lat' dir='ltr'><strong>dupla</strong></span> <span class='ocrx_word' id='word_1_17' title='bbox 3088 494 3406 566; x_wconf 83' lang='lat' dir='ltr'><strong>plectuntur</strong></span> 
     </span>
    </p>
   </div>
   <div class='ocr_carea' id='block_1_6' title="bbox 98 581 543 654">
    <p class='ocr_par' dir='ltr' id='par_1_6' title="bbox 98 581 543 654">
     <span class='ocr_line' id='line_1_6' title="bbox 98 581 543 654; baseline 0.004 -18"><span class='ocrx_word' id='word_1_18' title='bbox 98 581 543 654; x_wconf 77' lang='grc' dir='ltr'>τιμωροῦνται.</span> 
     </span>
    </p>
   </div>
   <div class='ocr_carea' id='block_1_7' title="bbox 182 674 1723 747">
    <p class='ocr_par' dir='ltr' id='par_1_7' title="bbox 182 674 1723 747">
     <span class='ocr_line' id='line_1_7' title="bbox 182 674 1723 747; baseline 0.002 -21"><span class='ocrx_word' id='word_1_19' title='bbox 182 693 203 726; x_wconf 73' lang='grc' dir='ltr'><strong>ι</strong></span> <span class='ocrx_word' id='word_1_20' title='bbox 256 675 359 727; x_wconf 84' lang='grc' dir='ltr'><strong>Ἑν</strong></span> <span class='ocrx_word' id='word_1_21' title='bbox 416 677 534 739; x_wconf 87' lang='grc' dir='ltr'>τοῖς</span> <span class='ocrx_word' id='word_1_22' title='bbox 589 674 957 745; x_wconf 79' lang='grc' dir='ltr'>θνησιμαίοις.</span> <span class='ocrx_word' id='word_1_23' title='bbox 992 694 1011 729; x_wconf 69' lang='grc' dir='ltr'><strong>ι</strong></span> <span class='ocrx_word' id='word_1_24' title='bbox 1071 676 1162 730; x_wconf 87' lang='grc' dir='ltr'>Ἐν</span> <span class='ocrx_word' id='word_1_25' title='bbox 1207 678 1320 740; x_wconf 85' lang='grc' dir='ltr'>τοῖς</span> <span class='ocrx_word' id='word_1_26' title='bbox 1372 677 1586 747; x_wconf 79' lang='grc' dir='ltr'>νεκροτς</span> <span class='ocrx_word' id='word_1_27' title='bbox 1623 675 1723 745; x_wconf 82' lang='grc' dir='ltr'>τῆς</span> 
     </span>
    </p>
   </div>
   <div class='ocr_carea' id='block_1_8' title="bbox 101 767 1772 846">
    <p class='ocr_par' dir='ltr' id='par_1_8' title="bbox 101 767 1772 846">
     <span class='ocr_line' id='line_1_8' title="bbox 101 767 1772 846; baseline 0.001 -26"><span class='ocrx_word' id='word_1_28' title='bbox 101 767 415 838; x_wconf 75' lang='grc' dir='ltr'>ἁμαρτίας</span> <span class='ocrx_word' id='word_1_29' title='bbox 444 767 629 840; x_wconf 78' lang='grc' dir='ltr'><strong>ἔργοις</strong></span> <span class='ocrx_word' id='word_1_30' title='bbox 655 785 669 800; x_wconf 88' lang='grc'><strong>·</strong></span> <span class='ocrx_word' id='word_1_31' title='bbox 695 767 1038 839; x_wconf 84' lang='grc' dir='ltr'><strong>βδελύττεται</strong></span> <span class='ocrx_word' id='word_1_32' title='bbox 1065 768 1121 822; x_wconf 82' lang='grc' dir='ltr'>δὲ</span> <span class='ocrx_word' id='word_1_33' title='bbox 1155 769 1248 822; x_wconf 68' lang='grc' dir='ltr'><strong>καὶ</strong></span> <span class='ocrx_word' id='word_1_34' title='bbox 1276 768 1344 821; x_wconf 86' lang='grc' dir='ltr'><strong>τά</strong></span> <span class='ocrx_word' id='word_1_35' title='bbox 1366 767 1666 837; x_wconf 80' lang='grc' dir='ltr'>θνησιμαῖα</span> <span class='ocrx_word' id='word_1_36' title='bbox 1696 769 1725 821; x_wconf 97' lang='lat'><strong>6</strong></span> <span class='ocrx_word' id='word_1_37' title='bbox 1765 825 1772 846; x_wconf 43' lang='grc' dir='ltr'><em>Ι</em></span> 
     </span>
    </p>
   </div>
   <div class='ocr_carea' id='block_1_9' title="bbox 103 860 312 928">
    <p class='ocr_par' dir='ltr' id='par_1_9' title="bbox 103 860 312 928">
     <span class='ocr_line' id='line_1_9' title="bbox 103 860 312 928; baseline 0 -16"><span class='ocrx_word' id='word_1_38' title='bbox 103 860 312 928; x_wconf 67' lang='grc' dir='ltr'>νόμος.</span> 
     </span>
    </p>
   </div>
   <div class='ocr_carea' id='block_1_10' title="bbox 186 944 1724 1022">
    <p class='ocr_par' dir='ltr' id='par_1_10' title="bbox 186 944 1724 1022">
     <span class='ocr_line' id='line_1_10' title="bbox 186 944 1724 1022; baseline 0.003 -21"><span class='ocrx_word' id='word_1_39' title='bbox 186 969 207 1001; x_wconf 72' lang='grc' dir='ltr'><strong>ι</strong></span> <span class='ocrx_word' id='word_1_40' title='bbox 237 951 405 1021; x_wconf 71' lang='grc' dir='ltr'>Πρὸς</span> <span class='ocrx_word' id='word_1_41' title='bbox 441 950 502 1004; x_wconf 81' lang='grc' dir='ltr'>σὲ</span> <span class='ocrx_word' id='word_1_42' title='bbox 526 950 674 1016; x_wconf 76' lang='grc' dir='ltr'>ἔθνη.</span> <span class='ocrx_word' id='word_1_43' title='bbox 705 968 723 1002; x_wconf 73' lang='grc' dir='ltr'><strong>ι</strong></span> <span class='ocrx_word' id='word_1_44' title='bbox 752 949 896 1021; x_wconf 74' lang='grc' dir='ltr'>Πρὸς</span> <span class='ocrx_word' id='word_1_45' title='bbox 918 950 1009 1003; x_wconf 74' lang='grc' dir='ltr'><strong>τδν</strong></span> <span class='ocrx_word' id='word_1_46' title='bbox 1043 950 1249 1020; x_wconf 83' lang='grc' dir='ltr'>Κύριον</span> <span class='ocrx_word' id='word_1_47' title='bbox 1265 951 1640 1022; x_wconf 73' lang='grc' dir='ltr'>Ἱησοῦν,περὶ</span> <span class='ocrx_word' id='word_1_48' title='bbox 1663 944 1724 1006; x_wconf 77' lang='grc' dir='ltr'>οὗ</span> 
     </span>
    </p>
   </div>
   <div class='ocr_carea' id='block_1_11' title="bbox 113 1041 1513 1115">
    <p class='ocr_par' dir='ltr' id='par_1_11' title="bbox 113 1041 1513 1115">
     <span class='ocr_line' id='line_1_11' title="bbox 113 1041 1513 1115; baseline 0.003 -21"><span class='ocrx_word' id='word_1_49' title='bbox 113 1042 470 1115; x_wconf 68' lang='grc' dir='ltr'>γέγραπται</span> <span class='ocrx_word' id='word_1_50' title='bbox 493 1059 507 1072; x_wconf 74' lang='grc' dir='ltr'><strong>ο</strong></span> <span class='ocrx_word' id='word_1_51' title='bbox 543 1044 653 1097; x_wconf 80' lang='grc' dir='ltr'><strong>Καὶ</strong></span> <span class='ocrx_word' id='word_1_52' title='bbox 675 1043 767 1096; x_wconf 79' lang='grc' dir='ltr'><strong>ἐπ’</strong></span> <span class='ocrx_word' id='word_1_53' title='bbox 803 1041 962 1108; x_wconf 81' lang='grc' dir='ltr'>αὐτῷ</span> <span class='ocrx_word' id='word_1_54' title='bbox 989 1042 1132 1112; x_wconf 74' lang='grc' dir='ltr'>ἔθνη</span> <span class='ocrx_word' id='word_1_55' title='bbox 1167 1043 1513 1098; x_wconf 73' lang='grc' dir='ltr'>ἐλπιοῦσιν.</span> 
     </span>
    </p>
   </div>
   <div class='ocr_carea' id='block_1_12' title="bbox 190 1229 1412 1302">
    <p class='ocr_par' dir='ltr' id='par_1_12' title="bbox 190 1229 1412 1302">
     <span class='ocr_line' id='line_1_12' title="bbox 190 1229 1412 1302; baseline 0.001 -17"><span class='ocrx_word' id='word_1_56' title='bbox 190 1249 212 1285; x_wconf 75' lang='grc' dir='ltr'><strong>σ</strong></span> <span class='ocrx_word' id='word_1_57' title='bbox 248 1231 318 1282; x_wconf 79' lang='lat' dir='ltr'><strong>Ei</strong></span> <span class='ocrx_word' id='word_1_58' title='bbox 357 1231 607 1302; x_wconf 85' lang='grc' dir='ltr'>ποιήσει.</span> <span class='ocrx_word' id='word_1_59' title='bbox 645 1247 664 1280; x_wconf 81' lang='grc'>›</span> <span class='ocrx_word' id='word_1_60' title='bbox 692 1229 768 1282; x_wconf 81' lang='lat' dir='ltr'><strong>T6</strong></span> <span class='ocrx_word' id='word_1_61' title='bbox 794 1229 895 1299; x_wconf 84' lang='grc' dir='ltr'><strong>τῆς</strong></span> <span class='ocrx_word' id='word_1_62' title='bbox 925 1229 1412 1300; x_wconf 83' lang='grc' dir='ltr'>ὲνανθρωπήσεως.</span> 
     </span>
    </p>
   </div>
   <div class='ocr_carea' id='block_1_13' title="bbox 195 1319 1776 1395">
    <p class='ocr_par' dir='ltr' id='par_1_13' title="bbox 195 1319 1776 1395">
     <span class='ocr_line' id='line_1_13' title="bbox 195 1319 1776 1395; baseline -0.001 -19"><span class='ocrx_word' id='word_1_63' title='bbox 195 1343 215 1376; x_wconf 71' lang='grc' dir='ltr'><strong>ι</strong></span> <span class='ocrx_word' id='word_1_64' title='bbox 249 1323 377 1376; x_wconf 74' lang='grc' dir='ltr'>Καὶ</span> <span class='ocrx_word' id='word_1_65' title='bbox 402 1323 649 1394; x_wconf 86' lang='grc' dir='ltr'>γνωριῶ.</span> <span class='ocrx_word' id='word_1_66' title='bbox 688 1340 708 1374; x_wconf 83' lang='grc'>›</span> <span class='ocrx_word' id='word_1_67' title='bbox 747 1321 806 1375; x_wconf 82' lang='lat'><strong>&#39;0</strong></span> <span class='ocrx_word' id='word_1_68' title='bbox 831 1322 1024 1395; x_wconf 79' lang='grc' dir='ltr'>Πατήρ</span> <span class='ocrx_word' id='word_1_69' title='bbox 1049 1323 1197 1376; x_wconf 76' lang='grc' dir='ltr'>ἐστιν</span> <span class='ocrx_word' id='word_1_70' title='bbox 1219 1324 1246 1374; x_wconf 87' lang='grc' dir='ltr'><strong>ό</strong></span> <span class='ocrx_word' id='word_1_71' title='bbox 1270 1321 1443 1390; x_wconf 84' lang='grc' dir='ltr'>λέγων</span> <span class='ocrx_word' id='word_1_72' title='bbox 1471 1321 1601 1393; x_wconf 73' lang='grc' dir='ltr'>περὶ</span> <span class='ocrx_word' id='word_1_73' title='bbox 1631 1319 1776 1391; x_wconf 74' lang='grc' dir='ltr'>τοῦ,</span> 
     </span>
    </p>
   </div>
   <div class='ocr_carea' id='block_1_14' title="bbox 115 1414 520 1485">
    <p class='ocr_par' dir='ltr' id='par_1_14' title="bbox 115 1414 520 1485">
     <span class='ocr_line' id='line_1_14' title="bbox 115 1414 520 1485; baseline -0.01 -13"><span class='ocrx_word' id='word_1_74' title='bbox 115 1414 520 1485; x_wconf 77' lang='grc' dir='ltr'>Μονογενοῦς.</span> 
     </span>
    </p>
   </div>
   <div class='ocr_carea' id='block_1_15' title="bbox 756 1504 1131 1558">
    <p class='ocr_par' dir='ltr' id='par_1_15' title="bbox 756 1504 1131 1558">
     <span class='ocr_line' id='line_1_15' title="bbox 756 1504 1131 1558; baseline 0 0"><span class='ocrx_word' id='word_1_75' title='bbox 756 1504 1004 1558; x_wconf 81' lang='grc' dir='ltr'><strong>ΚΕΦΑΛ.</strong></span> <span class='ocrx_word' id='word_1_76' title='bbox 1033 1505 1131 1558; x_wconf 85' lang='grc' dir='ltr'><strong>ῐΖ¹.</strong></span> 
     </span>
    </p>
   </div>
   <div class='ocr_carea' id='block_1_16' title="bbox 198 1595 1732 1669">
    <p class='ocr_par' dir='ltr' id='par_1_16' title="bbox 198 1595 1732 1669">
     <span class='ocr_line' id='line_1_16' title="bbox 198 1595 1732 1669; baseline -0.005 -15"><span class='ocrx_word' id='word_1_77' title='bbox 198 1620 220 1653; x_wconf 72' lang='grc' dir='ltr'><strong>ι</strong></span> <span class='ocrx_word' id='word_1_78' title='bbox 277 1597 758 1669; x_wconf 78' lang='grc' dir='ltr'>Ἐπικατάρατος.</span> <span class='ocrx_word' id='word_1_79' title='bbox 797 1615 816 1648; x_wconf 67' lang='grc' dir='ltr'><strong>ι</strong></span> <span class='ocrx_word' id='word_1_80' title='bbox 865 1597 980 1666; x_wconf 82' lang='grc' dir='ltr'><strong>Ἐφ’</strong></span> <span class='ocrx_word' id='word_1_81' title='bbox 1012 1596 1226 1660; x_wconf 74' lang='grc' dir='ltr'>ἑαυτὸν,</span> <span class='ocrx_word' id='word_1_82' title='bbox 1258 1597 1291 1668; x_wconf 77' lang='grc' dir='ltr'>ἢ</span> <span class='ocrx_word' id='word_1_83' title='bbox 1323 1597 1416 1649; x_wconf 76' lang='grc' dir='ltr'><strong>καὶ</strong></span> <span class='ocrx_word' id='word_1_84' title='bbox 1442 1595 1632 1666; x_wconf 68' lang='grc' dir='ltr'>ἕτερόν</span> <span class='ocrx_word' id='word_1_85' title='bbox 1658 1611 1732 1648; x_wconf 90' lang='grc' dir='ltr'>τι-</span> 
     </span>
    </p>
   </div>
   <div class='ocr_carea' id='block_1_17' title="bbox 118 1683 1733 1763">
    <p class='ocr_par' dir='ltr' id='par_1_17' title="bbox 118 1683 1733 1763">
     <span class='ocr_line' id='line_1_17' title="bbox 118 1683 1733 1763; baseline -0.007 -17"><span class='ocrx_word' id='word_1_86' title='bbox 118 1710 188 1746; x_wconf 88' lang='grc' dir='ltr'>να</span> <span class='ocrx_word' id='word_1_87' title='bbox 219 1709 235 1724; x_wconf 79' lang='grc' dir='ltr'><strong>ο</strong></span> <span class='ocrx_word' id='word_1_88' title='bbox 267 1691 304 1763; x_wconf 84' lang='grc' dir='ltr'><strong>ἦ</strong></span> <span class='ocrx_word' id='word_1_89' title='bbox 329 1691 434 1744; x_wconf 71' lang='grc' dir='ltr'><strong>καὶ</strong></span> <span class='ocrx_word' id='word_1_90' title='bbox 469 1692 497 1744; x_wconf 87' lang='grc' dir='ltr'><strong>ὁ</strong></span> <span class='ocrx_word' id='word_1_91' title='bbox 534 1689 772 1760; x_wconf 74' lang='grc' dir='ltr'>νομίζων</span> <span class='ocrx_word' id='word_1_92' title='bbox 820 1688 975 1759; x_wconf 76' lang='grc' dir='ltr'>ψιλὸν</span> <span class='ocrx_word' id='word_1_93' title='bbox 1011 1688 1299 1758; x_wconf 79' lang='grc' dir='ltr'>ἄνθρωπον</span> <span class='ocrx_word' id='word_1_94' title='bbox 1326 1683 1469 1740; x_wconf 78' lang='grc' dir='ltr'>εἶναι</span> <span class='ocrx_word' id='word_1_95' title='bbox 1497 1686 1587 1740; x_wconf 85' lang='grc' dir='ltr'><strong>τὸν</strong></span> <span class='ocrx_word' id='word_1_96' title='bbox 1619 1687 1733 1738; x_wconf 74' lang='grc' dir='ltr'><strong>Σω-</strong></span> 
     </span>
    </p>
   </div>
   <div class='ocr_carea' id='block_1_18' title="bbox 116 1781 1535 1857">
    <p class='ocr_par' dir='ltr' id='par_1_18' title="bbox 116 1781 1535 1857">
     <span class='ocr_line' id='line_1_18' title="bbox 116 1781 1535 1857; baseline -0.006 -16"><span class='ocrx_word' id='word_1_97' title='bbox 116 1785 273 1857; x_wconf 82' lang='grc' dir='ltr'>τῆρα</span> <span class='ocrx_word' id='word_1_98' title='bbox 301 1783 578 1855; x_wconf 73' lang='grc' dir='ltr'>Χριστὸν,</span> <span class='ocrx_word' id='word_1_99' title='bbox 604 1784 698 1836; x_wconf 79' lang='grc' dir='ltr'>καί</span> <span class='ocrx_word' id='word_1_100' title='bbox 735 1783 808 1852; x_wconf 80' lang='grc' dir='ltr'>μὴ</span> <span class='ocrx_word' id='word_1_101' title='bbox 839 1781 973 1834; x_wconf 77' lang='grc' dir='ltr'>Θεὸν</span> <span class='ocrx_word' id='word_1_102' title='bbox 1010 1781 1535 1852; x_wconf 80' lang='grc' dir='ltr'>ὲνανθρωπήσαντα.</span> 
     </span>
    </p>
   </div>
   <div class='ocr_carea' id='block_1_19' title="bbox 203 1869 1720 1948">
    <p class='ocr_par' dir='ltr' id='par_1_19' title="bbox 203 1869 1720 1948">
     <span class='ocr_line' id='line_1_19' title="bbox 203 1869 1720 1948; baseline -0.004 -18"><span class='ocrx_word' id='word_1_103' title='bbox 203 1898 222 1930; x_wconf 75' lang='grc' dir='ltr'><strong>ι</strong></span> <span class='ocrx_word' id='word_1_104' title='bbox 267 1878 392 1932; x_wconf 72' lang='grc' dir='ltr'>Καὶ</span> <span class='ocrx_word' id='word_1_105' title='bbox 425 1877 698 1948; x_wconf 80' lang='grc' dir='ltr'>στηρίσει.</span> <span class='ocrx_word' id='word_1_106' title='bbox 735 1895 752 1927; x_wconf 74' lang='grc' dir='ltr'><strong>ι</strong></span> <span class='ocrx_word' id='word_1_107' title='bbox 787 1876 897 1929; x_wconf 77' lang='grc' dir='ltr'>Καὶ</span> <span class='ocrx_word' id='word_1_108' title='bbox 919 1873 1195 1938; x_wconf 87' lang='grc' dir='ltr'>πεποιθὼς</span> <span class='ocrx_word' id='word_1_109' title='bbox 1287 1873 1378 1926; x_wconf 73' lang='grc' dir='ltr'>ἐπὶ</span> <span class='ocrx_word' id='word_1_110' title='bbox 1406 1874 1472 1943; x_wconf 84' lang='grc' dir='ltr'>τῇ</span> <span class='ocrx_word' id='word_1_111' title='bbox 1497 1871 1720 1941; x_wconf 81' lang='grc' dir='ltr'><strong>δυνάμει</strong></span> 
     </span>
    </p>
   </div>
   <div class='ocr_carea' id='block_1_20' title="bbox 123 1970 1495 2026">
    <p class='ocr_par' dir='ltr' id='par_1_20' title="bbox 123 1970 1495 2026">
     <span class='ocr_line' id='line_1_20' title="bbox 123 1970 1495 2026; baseline -0.012 0"><span class='ocrx_word' id='word_1_112' title='bbox 123 1970 332 2026; x_wconf 81' lang='grc' dir='ltr'>αὑτοῦ.</span> <span class='ocrx_word' id='word_1_113' title='bbox 1487 1973 1495 1980; x_wconf 95' lang='grc'><strong>·</strong></span> 
     </span>
    </p>
   </div>
   <div class='ocr_carea' id='block_1_21' title="bbox 207 2056 1730 2132">
    <p class='ocr_par' dir='ltr' id='par_1_21' title="bbox 207 2056 1730 2132">
     <span class='ocr_line' id='line_1_21' title="bbox 207 2056 1730 2132; baseline -0.005 -16"><span class='ocrx_word' id='word_1_114' title='bbox 207 2082 227 2116; x_wconf 81' lang='grc' dir='ltr'><strong>ι</strong></span> <span class='ocrx_word' id='word_1_115' title='bbox 272 2064 395 2116; x_wconf 74' lang='grc' dir='ltr'>Καὶ</span> <span class='ocrx_word' id='word_1_116' title='bbox 431 2062 590 2116; x_wconf 79' lang='grc' dir='ltr'>ἔσται</span> <span class='ocrx_word' id='word_1_117' title='bbox 615 2060 690 2124; x_wconf 87' lang='grc' dir='ltr'>ὡς</span> <span class='ocrx_word' id='word_1_118' title='bbox 723 2062 756 2132; x_wconf 85' lang='grc' dir='ltr'>ἡ</span> <span class='ocrx_word' id='word_1_119' title='bbox 785 2058 1180 2132; x_wconf 81' lang='grc' dir='ltr'>ἀγριομυρίκη.</span> <span class='ocrx_word' id='word_1_120' title='bbox 1213 2077 1232 2110; x_wconf 70' lang='grc' dir='ltr'><strong>ι</strong></span> <span class='ocrx_word' id='word_1_121' title='bbox 1271 2057 1441 2112; x_wconf 80' lang='grc' dir='ltr'>Τοῦτο</span> <span class='ocrx_word' id='word_1_122' title='bbox 1470 2056 1531 2110; x_wconf 84' lang='grc' dir='ltr'><strong>τὸ</strong></span> <span class='ocrx_word' id='word_1_123' title='bbox 1563 2056 1730 2125; x_wconf 78' lang='grc' dir='ltr'>φυτὸν</span> 
     </span>
    </p>
   </div>
   <div class='ocr_carea' id='block_1_22' title="bbox 123 2148 1731 2225">
    <p class='ocr_par' dir='ltr' id='par_1_22' title="bbox 123 2148 1731 2225">
     <span class='ocr_line' id='line_1_22' title="bbox 123 2148 1731 2225; baseline -0.007 -15"><span class='ocrx_word' id='word_1_124' title='bbox 123 2155 229 2210; x_wconf 74' lang='grc' dir='ltr'><strong>καὶ</strong></span> <span class='ocrx_word' id='word_1_125' title='bbox 271 2157 335 2210; x_wconf 78' lang='grc' dir='ltr'><strong>ἐν</strong></span> <span class='ocrx_word' id='word_1_126' title='bbox 370 2155 461 2225; x_wconf 85' lang='grc' dir='ltr'><strong>τῷ</strong></span> <span class='ocrx_word' id='word_1_127' title='bbox 486 2153 586 2225; x_wconf 77' lang='grc' dir='ltr'><strong>ζῇν</strong></span> <span class='ocrx_word' id='word_1_128' title='bbox 615 2153 881 2224; x_wconf 83' lang='grc' dir='ltr'>ἡμιθανές</span> <span class='ocrx_word' id='word_1_129' title='bbox 903 2154 1018 2206; x_wconf 80' lang='grc' dir='ltr'>ἐστι</span> <span class='ocrx_word' id='word_1_130' title='bbox 1050 2153 1143 2204; x_wconf 66' lang='grc' dir='ltr'>καὶ</span> <span class='ocrx_word' id='word_1_131' title='bbox 1173 2149 1512 2219; x_wconf 80' lang='grc' dir='ltr'><strong>κεκαυμένον</strong></span> <span class='ocrx_word' id='word_1_132' title='bbox 1543 2167 1555 2178; x_wconf 92' lang='grc'><strong>·</strong></span> <span class='ocrx_word' id='word_1_133' title='bbox 1575 2148 1731 2214; x_wconf 80' lang='grc' dir='ltr'>λέγε-</span> 
     </span>
    </p>
   </div>
   <div class='ocr_carea' id='block_1_23' title="bbox 125 2240 1750 2316">
    <p class='ocr_par' dir='ltr' id='par_1_23' title="bbox 125 2240 1750 2316">
     <span class='ocr_line' id='line_1_23' title="bbox 125 2240 1750 2316; baseline -0.004 -16"><span class='ocrx_word' id='word_1_134' title='bbox 125 2263 221 2301; x_wconf 84' lang='grc' dir='ltr'><strong>ται</strong></span> <span class='ocrx_word' id='word_1_135' title='bbox 254 2247 316 2301; x_wconf 81' lang='grc' dir='ltr'>δὲ</span> <span class='ocrx_word' id='word_1_136' title='bbox 345 2245 741 2316; x_wconf 76' lang='grc' dir='ltr'><strong>ἀποθνήσκειν,</strong></span> <span class='ocrx_word' id='word_1_137' title='bbox 763 2245 892 2298; x_wconf 83' lang='grc' dir='ltr'>ὅταν</span> <span class='ocrx_word' id='word_1_138' title='bbox 917 2243 1069 2306; x_wconf 81' lang='grc' dir='ltr'>ὐετδς</span> <span class='ocrx_word' id='word_1_139' title='bbox 1109 2241 1236 2314; x_wconf 79' lang='grc' dir='ltr'>ἔλθῃ</span> <span class='ocrx_word' id='word_1_140' title='bbox 1269 2244 1356 2295; x_wconf 77' lang='grc' dir='ltr'><strong>ἐπ’</strong></span> <span class='ocrx_word' id='word_1_141' title='bbox 1378 2242 1544 2311; x_wconf 76' lang='grc' dir='ltr'>αὐτῷ.</span> <span class='ocrx_word' id='word_1_142' title='bbox 1578 2242 1638 2293; x_wconf 82' lang='grc' dir='ltr'>ὐ</span> <span class='ocrx_word' id='word_1_143' title='bbox 1659 2240 1750 2310; x_wconf 82' lang='grc' dir='ltr'><strong>μὴ·</strong></span> 
     </span>
    </p>
   </div>
   <div class='ocr_carea' id='block_1_24' title="bbox 127 2331 1731 2405">
    <p class='ocr_par' dir='ltr' id='par_1_24' title="bbox 127 2331 1731 2405">
     <span class='ocr_line' id='line_1_24' title="bbox 127 2331 1731 2405; baseline -0.005 -14"><span class='ocrx_word' id='word_1_144' title='bbox 127 2338 427 2392; x_wconf 78' lang='grc' dir='ltr'><strong>πιστεύων</strong></span> <span class='ocrx_word' id='word_1_145' title='bbox 460 2338 541 2391; x_wconf 85' lang='grc' dir='ltr'>ὅτι</span> <span class='ocrx_word' id='word_1_146' title='bbox 575 2337 707 2400; x_wconf 86' lang='grc' dir='ltr'>Θεός</span> <span class='ocrx_word' id='word_1_147' title='bbox 757 2337 904 2390; x_wconf 75' lang='grc' dir='ltr'>ἔστιν</span> <span class='ocrx_word' id='word_1_148' title='bbox 953 2333 1383 2405; x_wconf 78' lang='grc' dir='ltr'>ἐνανθρωπήσας</span> <span class='ocrx_word' id='word_1_149' title='bbox 1410 2335 1439 2386; x_wconf 94' lang='lat'><strong>6</strong></span> <span class='ocrx_word' id='word_1_150' title='bbox 1473 2331 1731 2402; x_wconf 79' lang='grc' dir='ltr'>Χριστὸς,</span> 
     </span>
    </p>
   </div>
   <div class='ocr_carea' id='block_1_25' title="bbox 130 2423 1645 2500">
    <p class='ocr_par' dir='ltr' id='par_1_25' title="bbox 130 2423 1645 2500">
     <span class='ocr_line' id='line_1_25' title="bbox 130 2423 1645 2500; baseline -0.004 -17"><span class='ocrx_word' id='word_1_151' title='bbox 130 2430 246 2484; x_wconf 82' lang='grc' dir='ltr'>τῶν</span> <span class='ocrx_word' id='word_1_152' title='bbox 277 2430 384 2500; x_wconf 71' lang='grc' dir='ltr'>τῆς</span> <span class='ocrx_word' id='word_1_153' title='bbox 415 2429 723 2500; x_wconf 72' lang='grc' dir='ltr'>παρουσίας</span> <span class='ocrx_word' id='word_1_154' title='bbox 755 2425 919 2481; x_wconf 79' lang='grc' dir='ltr'>αὐτοῦ</span> <span class='ocrx_word' id='word_1_155' title='bbox 957 2425 1176 2494; x_wconf 83' lang='grc' dir='ltr'>ἀγαθῶν</span> <span class='ocrx_word' id='word_1_156' title='bbox 1200 2425 1299 2477; x_wconf 80' lang='grc' dir='ltr'><strong>οὐκ</strong></span> <span class='ocrx_word' id='word_1_157' title='bbox 1329 2423 1645 2477; x_wconf 78' lang='grc' dir='ltr'><strong>ἀπολαύσει.</strong></span> 
     </span>
    </p>
   </div>
   <div class='ocr_carea' id='block_1_26' title="bbox 215 2510 1737 2591">
    <p class='ocr_par' dir='ltr' id='par_1_26' title="bbox 215 2510 1737 2591">
     <span class='ocr_line' id='line_1_26' title="bbox 215 2510 1737 2591; baseline -0.005 -18"><span class='ocrx_word' id='word_1_158' title='bbox 215 2541 235 2573; x_wconf 72' lang='grc' dir='ltr'><strong>ι</strong></span> <span class='ocrx_word' id='word_1_159' title='bbox 283 2523 404 2575; x_wconf 72' lang='grc' dir='ltr'><strong>Καὶ</strong></span> <span class='ocrx_word' id='word_1_160' title='bbox 443 2519 882 2591; x_wconf 82' lang='grc' dir='ltr'>κατασκηνώσει.</span> <span class='ocrx_word' id='word_1_161' title='bbox 915 2537 934 2570; x_wconf 72' lang='grc' dir='ltr'><strong>ι</strong></span> <span class='ocrx_word' id='word_1_162' title='bbox 959 2518 1166 2588; x_wconf 81' lang='grc' dir='ltr'>Ἀλιμα</span> <span class='ocrx_word' id='word_1_163' title='bbox 1189 2516 1385 2588; x_wconf 83' lang='grc' dir='ltr'>βοτάνη</span> <span class='ocrx_word' id='word_1_164' title='bbox 1415 2516 1585 2582; x_wconf 68' lang='grc' dir='ltr'>ἐστὶν,</span> <span class='ocrx_word' id='word_1_165' title='bbox 1616 2510 1737 2568; x_wconf 82' lang='grc' dir='ltr'>εἷτα</span> 
     </span>
    </p>
   </div>
   <div class='ocr_carea' id='block_1_27' title="bbox 137 2613 391 2668">
    <p class='ocr_par' dir='ltr' id='par_1_27' title="bbox 137 2613 391 2668">
     <span class='ocr_line' id='line_1_27' title="bbox 137 2613 391 2668; baseline -0.012 0"><span class='ocrx_word' id='word_1_166' title='bbox 137 2613 371 2668; x_wconf 76' lang='grc' dir='ltr'>πολλῶν</span> <span class='ocrx_word' id='word_1_167' title='bbox 381 2655 391 2665; x_wconf 94' lang='grc'><strong>.</strong></span> 
     </span>
    </p>
   </div>
   <div class='ocr_carea' id='block_1_28' title="bbox 220 2692 1732 2775">
    <p class='ocr_par' dir='ltr' id='par_1_28' title="bbox 220 2692 1732 2775">
     <span class='ocr_line' id='line_1_28' title="bbox 220 2692 1732 2775; baseline -0.008 -15"><span class='ocrx_word' id='word_1_168' title='bbox 220 2726 240 2759; x_wconf 73' lang='grc' dir='ltr'><strong>ι</strong></span> <span class='ocrx_word' id='word_1_169' title='bbox 287 2707 406 2760; x_wconf 73' lang='grc' dir='ltr'>Καὶ</span> <span class='ocrx_word' id='word_1_170' title='bbox 439 2704 498 2758; x_wconf 78' lang='grc' dir='ltr'><strong>οὐ</strong></span> <span class='ocrx_word' id='word_1_171' title='bbox 553 2703 940 2775; x_wconf 80' lang='grc' dir='ltr'>φοϐηθήσεται.</span> <span class='ocrx_word' id='word_1_172' title='bbox 971 2720 990 2754; x_wconf 74' lang='grc' dir='ltr'><strong>ι</strong></span> <span class='ocrx_word' id='word_1_173' title='bbox 1056 2702 1144 2754; x_wconf 90' lang='grc' dir='ltr'>Ἐν</span> <span class='ocrx_word' id='word_1_174' title='bbox 1185 2697 1362 2770; x_wconf 81' lang='grc' dir='ltr'>καιρῷ</span> <span class='ocrx_word' id='word_1_175' title='bbox 1398 2692 1732 2768; x_wconf 79' lang='grc' dir='ltr'>πειρασμοῦ,</span> 
     </span>
    </p>
   </div>
   <div class='ocr_carea' id='block_1_29' title="bbox 141 2799 1019 2872">
    <p class='ocr_par' dir='ltr' id='par_1_29' title="bbox 141 2799 1019 2872">
     <span class='ocr_line' id='line_1_29' title="bbox 141 2799 1019 2872; baseline -0.01 -18"><span class='ocrx_word' id='word_1_176' title='bbox 141 2818 218 2872; x_wconf 80' lang='grc' dir='ltr'>φη</span> <span class='ocrx_word' id='word_1_177' title='bbox 229 2799 342 2854; x_wconf 79' lang='grc' dir='ltr'>σίν.</span> <span class='ocrx_word' id='word_1_178' title='bbox 1008 2835 1019 2845; x_wconf 88' lang='grc'><strong>.</strong></span> 
     </span>
    </p>
   </div>
   <div class='ocr_carea' id='block_1_30' title="bbox 220 2881 1742 2956">
    <p class='ocr_par' dir='ltr' id='par_1_30' title="bbox 220 2881 1742 2956">
     <span class='ocr_line' id='line_1_30' title="bbox 220 2881 1742 2956; baseline -0.01 -10"><span class='ocrx_word' id='word_1_179' title='bbox 220 2912 240 2945; x_wconf 73' lang='grc' dir='ltr'><strong>ι</strong></span> <span class='ocrx_word' id='word_1_180' title='bbox 277 2894 391 2946; x_wconf 69' lang='grc' dir='ltr'><strong>Καὶ</strong></span> <span class='ocrx_word' id='word_1_181' title='bbox 420 2891 597 2945; x_wconf 79' lang='grc' dir='ltr'>ἔσται.</span> <span class='ocrx_word' id='word_1_182' title='bbox 637 2907 656 2940; x_wconf 75' lang='grc' dir='ltr'><strong>ι</strong></span> <span class='ocrx_word' id='word_1_183' title='bbox 690 2887 956 2949; x_wconf 79' lang='grc' dir='ltr'>Εὐθαλετς</span> <span class='ocrx_word' id='word_1_184' title='bbox 988 2886 1192 2956; x_wconf 74' lang='grc' dir='ltr'>καρποὶ</span> <span class='ocrx_word' id='word_1_185' title='bbox 1234 2885 1334 2955; x_wconf 85' lang='grc' dir='ltr'>τῆς</span> <span class='ocrx_word' id='word_1_186' title='bbox 1361 2881 1584 2954; x_wconf 84' lang='grc' dir='ltr'>ἀρετῆς,</span> <span class='ocrx_word' id='word_1_187' title='bbox 1641 2896 1742 2933; x_wconf 87' lang='grc' dir='ltr'>πε-</span> 
     </span>
    </p>
   </div>
   <div class='ocr_carea' id='block_1_31' title="bbox 149 2978 1312 3055">
    <p class='ocr_par' dir='ltr' id='par_1_31' title="bbox 149 2978 1312 3055">
     <span class='ocr_line' id='line_1_31' title="bbox 149 2978 1312 3055; baseline -0.009 -17"><span class='ocrx_word' id='word_1_188' title='bbox 149 2985 518 3055; x_wconf 78' lang='grc' dir='ltr'>ρισκέποντες</span> <span class='ocrx_word' id='word_1_189' title='bbox 546 2982 707 3036; x_wconf 81' lang='grc' dir='ltr'>αὐτὸν</span> <span class='ocrx_word' id='word_1_190' title='bbox 736 2982 793 3033; x_wconf 82' lang='grc' dir='ltr'>ὲν</span> <span class='ocrx_word' id='word_1_191' title='bbox 820 2981 933 3042; x_wconf 88' lang='grc' dir='ltr'>τοῖς</span> <span class='ocrx_word' id='word_1_192' title='bbox 959 2978 1312 3048; x_wconf 79' lang='grc' dir='ltr'>πειρασμοῖς.</span> 
     </span>
    </p>
   </div>
   <div class='ocr_carea' id='block_1_32' title="bbox 223 3061 1744 3140">
    <p class='ocr_par' dir='ltr' id='par_1_32' title="bbox 223 3061 1744 3140">
     <span class='ocr_line' id='line_1_32' title="bbox 223 3061 1744 3140; baseline -0.009 -16"><span class='ocrx_word' id='word_1_193' title='bbox 223 3090 242 3124; x_wconf 76' lang='grc' dir='ltr'><strong>ι</strong></span> <span class='ocrx_word' id='word_1_194' title='bbox 293 3072 389 3125; x_wconf 89' lang='grc' dir='ltr'>Ἐν</span> <span class='ocrx_word' id='word_1_195' title='bbox 439 3068 694 3140; x_wconf 77' lang='grc' dir='ltr'>ἐνιαυτῷ.</span> <span class='ocrx_word' id='word_1_196' title='bbox 739 3086 758 3119; x_wconf 74' lang='grc' dir='ltr'><strong>ι</strong></span> <span class='ocrx_word' id='word_1_197' title='bbox 804 3067 862 3121; x_wconf 82' lang='grc' dir='ltr'><strong>Ὀ</strong></span> <span class='ocrx_word' id='word_1_198' title='bbox 912 3067 1159 3130; x_wconf 76' lang='grc' dir='ltr'>ἐνιαυτὸς</span> <span class='ocrx_word' id='word_1_199' title='bbox 1193 3063 1392 3126; x_wconf 83' lang='grc' dir='ltr'>κύκλος</span> <span class='ocrx_word' id='word_1_200' title='bbox 1435 3061 1584 3115; x_wconf 71' lang='grc' dir='ltr'>ἐστίν</span> <span class='ocrx_word' id='word_1_201' title='bbox 1613 3078 1625 3091; x_wconf 91' lang='grc'><strong>·</strong></span> <span class='ocrx_word' id='word_1_202' title='bbox 1685 3061 1744 3111; x_wconf 79' lang='grc' dir='ltr'><strong>ὲν</strong></span> 
     </span>
    </p>
   </div>
   <div class='ocr_carea' id='block_1_33' title="bbox 1825 604 2005 660">
    <p class='ocr_par' dir='ltr' id='par_1_33' title="bbox 1825 604 2005 660">
     <span class='ocr_line' id='line_1_33' title="bbox 1825 604 2005 660; baseline 0.006 -18"><span class='ocrx_word' id='word_1_203' title='bbox 1825 604 2005 660; x_wconf 70' lang='grc' dir='ltr'>ραιηιι.</span> 
     </span>
    </p>
   </div>
   <div class='ocr_carea' id='block_1_34' title="bbox 1898 677 3399 750">
    <p class='ocr_par' dir='ltr' id='par_1_34' title="bbox 1898 677 3399 750">
     <span class='ocr_line' id='line_1_34' title="bbox 1898 677 3399 750; baseline 0.002 -20"><span class='ocrx_word' id='word_1_204' title='bbox 1898 697 1916 730; x_wconf 86' lang='grc'><em>‹</em></span> <span class='ocrx_word' id='word_1_205' title='bbox 1940 678 1998 732; x_wconf 84' lang='grc' dir='ltr'>1η</span> <span class='ocrx_word' id='word_1_206' title='bbox 2020 680 2340 736; x_wconf 79' lang='lat' dir='ltr'><strong>morticinis.</strong></span> <span class='ocrx_word' id='word_1_207' title='bbox 2373 697 2392 731; x_wconf 69' lang='grc' dir='ltr'><strong>ι</strong></span> <span class='ocrx_word' id='word_1_208' title='bbox 2427 679 2485 735; x_wconf 92' lang='lat' dir='ltr'><strong>1n</strong></span> <span class='ocrx_word' id='word_1_209' title='bbox 2516 679 2744 734; x_wconf 78' lang='lat' dir='ltr'><strong>mortuis</strong></span> <span class='ocrx_word' id='word_1_210' title='bbox 2775 677 3081 750; x_wconf 80' lang='lat' dir='ltr'><strong>iniquitatis</strong></span> <span class='ocrx_word' id='word_1_211' title='bbox 3103 677 3399 748; x_wconf 88' lang='lat' dir='ltr'><strong>operibus:</strong></span> 
     </span>
    </p>
   </div>
   <div class='ocr_carea' id='block_1_35' title="bbox 1823 771 2837 828">
    <p class='ocr_par' dir='ltr' id='par_1_35' title="bbox 1823 771 2837 828">
     <span class='ocr_line' id='line_1_35' title="bbox 1823 771 2837 828; baseline 0 -2"><span class='ocrx_word' id='word_1_212' title='bbox 1823 771 2166 827; x_wconf 84' lang='lat' dir='ltr'><strong>abominatur</strong></span> <span class='ocrx_word' id='word_1_213' title='bbox 2193 788 2323 828; x_wconf 90' lang='lat' dir='ltr'><strong>vero</strong></span> <span class='ocrx_word' id='word_1_214' title='bbox 2345 773 2430 828; x_wconf 83' lang='lat' dir='ltr'><strong>lex</strong></span> <span class='ocrx_word' id='word_1_215' title='bbox 2449 780 2504 827; x_wconf 90' lang='lat' dir='ltr'><strong>et</strong></span> <span class='ocrx_word' id='word_1_216' title='bbox 2531 771 2837 827; x_wconf 74' lang='lat' dir='ltr'><strong>morticina.</strong></span> 
     </span>
    </p>
   </div>
   <div class='ocr_carea' id='block_1_36' title="bbox 1897 942 3402 1019">
    <p class='ocr_par' dir='ltr' id='par_1_36' title="bbox 1897 942 3402 1019">
     <span class='ocr_line' id='line_1_36' title="bbox 1897 942 3402 1019; baseline -0.007 -14"><span class='ocrx_word' id='word_1_217' title='bbox 1897 949 1961 1005; x_wconf 85' lang='lat' dir='ltr'><strong>V.</strong></span> <span class='ocrx_word' id='word_1_218' title='bbox 1995 951 2081 1007; x_wconf 89' lang='lat'><strong>19.</strong></span> <span class='ocrx_word' id='word_1_219' title='bbox 2146 969 2166 1003; x_wconf 79' lang='grc' dir='ltr'><strong>ι</strong></span> <span class='ocrx_word' id='word_1_220' title='bbox 2198 950 2278 1005; x_wconf 84' lang='lat' dir='ltr'><strong>Ad</strong></span> <span class='ocrx_word' id='word_1_221' title='bbox 2313 958 2365 1004; x_wconf 89' lang='lat' dir='ltr'><strong>te</strong></span> <span class='ocrx_word' id='word_1_222' title='bbox 2410 957 2619 1019; x_wconf 79' lang='lat' dir='ltr'><strong>gentes.</strong></span> <span class='ocrx_word' id='word_1_223' title='bbox 2663 965 2682 1000; x_wconf 75' lang='grc' dir='ltr'><strong>ι</strong></span> <span class='ocrx_word' id='word_1_224' title='bbox 2717 945 2798 1001; x_wconf 83' lang='lat' dir='ltr'><strong>Ad</strong></span> <span class='ocrx_word' id='word_1_225' title='bbox 2853 944 3142 1000; x_wconf 89' lang='lat' dir='ltr'><strong>Dominum</strong></span> <span class='ocrx_word' id='word_1_226' title='bbox 3194 942 3402 1007; x_wconf 79' lang='lat' dir='ltr'><strong>Jesum,</strong></span> 
     </span>
    </p>
   </div>
   <div class='ocr_carea' id='block_1_37' title="bbox 1827 1037 3406 1112">
    <p class='ocr_par' dir='ltr' id='par_1_37' title="bbox 1827 1037 3406 1112">
     <span class='ocr_line' id='line_1_37' title="bbox 1827 1037 3406 1112; baseline -0.008 -15"><span class='ocrx_word' id='word_1_227' title='bbox 1827 1043 1894 1097; x_wconf 89' lang='lat' dir='ltr'><strong>de</strong></span> <span class='ocrx_word' id='word_1_228' title='bbox 1949 1059 2058 1112; x_wconf 86' lang='lat' dir='ltr'><strong>quo</strong></span> <span class='ocrx_word' id='word_1_229' title='bbox 2105 1041 2366 1111; x_wconf 83' lang='lat' dir='ltr'><strong>scripturn</strong></span> <span class='ocrx_word' id='word_1_230' title='bbox 2416 1047 2544 1094; x_wconf 84' lang='lat' dir='ltr'><strong>est:</strong></span> <span class='ocrx_word' id='word_1_231' title='bbox 2604 1037 2673 1091; x_wconf 84' lang='lat' dir='ltr'><strong>Et</strong></span> <span class='ocrx_word' id='word_1_232' title='bbox 2733 1037 2790 1090; x_wconf 79' lang='lat' dir='ltr'><strong>in</strong></span> <span class='ocrx_word' id='word_1_233' title='bbox 2839 1037 2952 1105; x_wconf 79' lang='lat' dir='ltr'><strong>ipso</strong></span> <span class='ocrx_word' id='word_1_234' title='bbox 2995 1042 3171 1105; x_wconf 72' lang='lat' dir='ltr'><strong>gentes</strong></span> <span class='ocrx_word' id='word_1_235' title='bbox 3218 1048 3406 1102; x_wconf 77' lang='lat' dir='ltr'><strong>spera-</strong></span> 
     </span>
    </p>
   </div>
   <div class='ocr_carea' id='block_1_38' title="bbox 1831 1136 2047 1189">
    <p class='ocr_par' dir='ltr' id='par_1_38' title="bbox 1831 1136 2047 1189">
     <span class='ocr_line' id='line_1_38' title="bbox 1831 1136 2047 1189; baseline 0.005 -1"><span class='ocrx_word' id='word_1_236' title='bbox 1831 1136 1958 1188; x_wconf 81' lang='lat' dir='ltr'><strong>bunt</strong></span> <span class='ocrx_word' id='word_1_237' title='bbox 1985 1136 2047 1189; x_wconf 84' lang='grc'>¹¹.</span> 
     </span>
    </p>
   </div>
   <div class='ocr_carea' id='block_1_39' title="bbox 1904 1216 3282 1288">
    <p class='ocr_par' dir='ltr' id='par_1_39' title="bbox 1904 1216 3282 1288">
     <span class='ocr_line' id='line_1_39' title="bbox 1904 1216 3282 1288; baseline -0.008 -8"><span class='ocrx_word' id='word_1_238' title='bbox 1904 1225 1964 1280; x_wconf 87' lang='lat' dir='ltr'><strong>V.</strong></span> <span class='ocrx_word' id='word_1_239' title='bbox 1992 1226 2083 1280; x_wconf 70' lang='lat'><strong>20.</strong></span> <span class='ocrx_word' id='word_1_240' title='bbox 2115 1245 2132 1277; x_wconf 87' lang='grc'>‹</span> <span class='ocrx_word' id='word_1_241' title='bbox 2156 1225 2212 1279; x_wconf 88' lang='lat' dir='ltr'><strong>Si</strong></span> <span class='ocrx_word' id='word_1_242' title='bbox 2237 1225 2414 1279; x_wconf 78' lang='lat' dir='ltr'><strong>faciet.</strong></span> <span class='ocrx_word' id='word_1_243' title='bbox 2459 1239 2478 1273; x_wconf 89' lang='grc'><strong>›</strong></span> <span class='ocrx_word' id='word_1_244' title='bbox 2506 1218 2905 1276; x_wconf 88' lang='lat' dir='ltr'><strong>lncarnationis</strong></span> <span class='ocrx_word' id='word_1_245' title='bbox 2945 1216 3282 1288; x_wconf 86' lang='lat' dir='ltr'><strong>mysterium.</strong></span> 
     </span>
    </p>
   </div>
   <div class='ocr_carea' id='block_1_40' title="bbox 1903 1303 3410 1380">
    <p class='ocr_par' dir='ltr' id='par_1_40' title="bbox 1903 1303 3410 1380">
     <span class='ocr_line' id='line_1_40' title="bbox 1903 1303 3410 1380; baseline -0.009 -10"><span class='ocrx_word' id='word_1_246' title='bbox 1903 1337 1921 1370; x_wconf 78' lang='grc' dir='ltr'><strong>ι</strong></span> <span class='ocrx_word' id='word_1_247' title='bbox 1961 1318 2028 1372; x_wconf 83' lang='grc' dir='ltr'><strong>Ει</strong></span> <span class='ocrx_word' id='word_1_248' title='bbox 2055 1325 2238 1372; x_wconf 81' lang='lat' dir='ltr'><strong>notam</strong></span> <span class='ocrx_word' id='word_1_249' title='bbox 2267 1315 2483 1370; x_wconf 81' lang='lat' dir='ltr'><strong>faciam.</strong></span> <span class='ocrx_word' id='word_1_250' title='bbox 2523 1332 2542 1364; x_wconf 74' lang='grc' dir='ltr'><strong>ι</strong></span> <span class='ocrx_word' id='word_1_251' title='bbox 2574 1313 2732 1366; x_wconf 86' lang='lat' dir='ltr'><strong>Pater</strong></span> <span class='ocrx_word' id='word_1_252' title='bbox 2753 1319 2837 1366; x_wconf 89' lang='lat' dir='ltr'><strong>est</strong></span> <span class='ocrx_word' id='word_1_253' title='bbox 2865 1309 2958 1380; x_wconf 89' lang='lat' dir='ltr'><strong>qui</strong></span> <span class='ocrx_word' id='word_1_254' title='bbox 2999 1309 3066 1363; x_wconf 88' lang='lat' dir='ltr'><strong>de</strong></span> <span class='ocrx_word' id='word_1_255' title='bbox 3113 1303 3410 1376; x_wconf 81' lang='lat' dir='ltr'><strong>Unigenito</strong></span> 
     </span>
    </p>
   </div>
   <div class='ocr_carea' id='block_1_41' title="bbox 1831 1409 2093 1480">
    <p class='ocr_par' dir='ltr' id='par_1_41' title="bbox 1831 1409 2093 1480">
     <span class='ocr_line' id='line_1_41' title="bbox 1831 1409 2093 1480; baseline -0.004 -17"><span class='ocrx_word' id='word_1_256' title='bbox 1831 1409 2093 1480; x_wconf 84' lang='lat' dir='ltr'><strong>loquitur.</strong></span> 
     </span>
    </p>
   </div>
   <div class='ocr_carea' id='block_1_42' title="bbox 2449 1488 2798 1548">
    <p class='ocr_par' dir='ltr' id='par_1_42' title="bbox 2449 1488 2798 1548">
     <span class='ocr_line' id='line_1_42' title="bbox 2449 1488 2798 1548; baseline -0.017 0"><span class='ocrx_word' id='word_1_257' title='bbox 2449 1491 2598 1548; x_wconf 78' lang='lat' dir='ltr'><strong>CAP.</strong></span> <span class='ocrx_word' id='word_1_258' title='bbox 2633 1488 2798 1545; x_wconf 76' lang='lat' dir='ltr'><strong>XVII.</strong></span> 
     </span>
    </p>
   </div>
   <div class='ocr_carea' id='block_1_43' title="bbox 1902 1576 3411 1650">
    <p class='ocr_par' dir='ltr' id='par_1_43' title="bbox 1902 1576 3411 1650">
     <span class='ocr_line' id='line_1_43' title="bbox 1902 1576 3411 1650; baseline -0.01 -5"><span class='ocrx_word' id='word_1_259' title='bbox 1902 1591 1967 1645; x_wconf 73' lang='grc' dir='ltr'><strong>ν.</strong></span> <span class='ocrx_word' id='word_1_260' title='bbox 1999 1591 2051 1645; x_wconf 84' lang='grc'>5.</span> <span class='ocrx_word' id='word_1_261' title='bbox 2081 1609 2099 1642; x_wconf 75' lang='grc' dir='ltr'><strong>ι</strong></span> <span class='ocrx_word' id='word_1_262' title='bbox 2126 1587 2437 1643; x_wconf 82' lang='lat' dir='ltr'><strong>Maledictus</strong></span> <span class='ocrx_word' id='word_1_263' title='bbox 2473 1585 2689 1640; x_wconf 65' lang='lat' dir='ltr'><strong>homo.»</strong></span> <span class='ocrx_word' id='word_1_264' title='bbox 2715 1581 2776 1636; x_wconf 85' lang='lat' dir='ltr'><strong>In</strong></span> <span class='ocrx_word' id='word_1_265' title='bbox 2814 1581 2994 1650; x_wconf 88' lang='lat' dir='ltr'><strong>seipso</strong></span> <span class='ocrx_word' id='word_1_266' title='bbox 3026 1579 3114 1634; x_wconf 89' lang='lat' dir='ltr'><strong>vel</strong></span> <span class='ocrx_word' id='word_1_267' title='bbox 3131 1576 3238 1632; x_wconf 88' lang='lat' dir='ltr'><strong>alio</strong></span> <span class='ocrx_word' id='word_1_268' title='bbox 3271 1591 3411 1645; x_wconf 88' lang='lat' dir='ltr'><strong>quo—</strong></span> 
     </span>
    </p>
   </div>
   <div class='ocr_carea' id='block_1_44' title="bbox 1832 1669 3412 1754">
    <p class='ocr_par' dir='ltr' id='par_1_44' title="bbox 1832 1669 3412 1754">
     <span class='ocr_line' id='line_1_44' title="bbox 1832 1669 3412 1754; baseline -0.009 -19"><span class='ocrx_word' id='word_1_269' title='bbox 1832 1684 1998 1754; x_wconf 83' lang='lat' dir='ltr'><strong>piam,</strong></span> <span class='ocrx_word' id='word_1_270' title='bbox 2034 1682 2119 1736; x_wconf 84' lang='lat' dir='ltr'><strong>vel</strong></span> <span class='ocrx_word' id='word_1_271' title='bbox 2145 1681 2239 1751; x_wconf 92' lang='lat' dir='ltr'><strong>qui</strong></span> <span class='ocrx_word' id='word_1_272' title='bbox 2263 1680 2474 1734; x_wconf 88' lang='lat' dir='ltr'><strong>nudum</strong></span> <span class='ocrx_word' id='word_1_273' title='bbox 2506 1677 2787 1731; x_wconf 86' lang='lat' dir='ltr'><strong>hominem</strong></span> <span class='ocrx_word' id='word_1_274' title='bbox 2834 1673 3093 1743; x_wconf 78' lang='lat' dir='ltr'><strong>opinatur</strong></span> <span class='ocrx_word' id='word_1_275' title='bbox 3131 1669 3412 1724; x_wconf 84' lang='lat' dir='ltr'><strong>Christum</strong></span> 
     </span>
    </p>
   </div>
   <div class='ocr_carea' id='block_1_45' title="bbox 1833 1768 3010 1838">
    <p class='ocr_par' dir='ltr' id='par_1_45' title="bbox 1833 1768 3010 1838">
     <span class='ocr_line' id='line_1_45' title="bbox 1833 1768 3010 1838; baseline -0.013 -5"><span class='ocrx_word' id='word_1_276' title='bbox 1833 1778 2188 1838; x_wconf 84' lang='lat' dir='ltr'><strong>Salvatorem,</strong></span> <span class='ocrx_word' id='word_1_277' title='bbox 2221 1782 2275 1828; x_wconf 88' lang='lat' dir='ltr'><strong>et</strong></span> <span class='ocrx_word' id='word_1_278' title='bbox 2297 1788 2403 1827; x_wconf 91' lang='lat' dir='ltr'><strong>non</strong></span> <span class='ocrx_word' id='word_1_279' title='bbox 2437 1770 2606 1825; x_wconf 87' lang='lat' dir='ltr'><strong>Deum</strong></span> <span class='ocrx_word' id='word_1_280' title='bbox 2640 1768 3010 1822; x_wconf 84' lang='lat' dir='ltr'><strong>incarnatum.</strong></span> 
     </span>
    </p>
   </div>
   <div class='ocr_carea' id='block_1_46' title="bbox 1905 1857 3122 1926">
    <p class='ocr_par' dir='ltr' id='par_1_46' title="bbox 1905 1857 3122 1926">
     <span class='ocr_line' id='line_1_46' title="bbox 1905 1857 3122 1926; baseline -0.008 -10"><span class='ocrx_word' id='word_1_281' title='bbox 1905 1884 1923 1916; x_wconf 76' lang='grc' dir='ltr'><strong>ι</strong></span> <span class='ocrx_word' id='word_1_282' title='bbox 1951 1865 2015 1920; x_wconf 79' lang='lat' dir='ltr'><strong>Et</strong></span> <span class='ocrx_word' id='word_1_283' title='bbox 2045 1863 2299 1918; x_wconf 87' lang='lat' dir='ltr'><strong>ﬁrmabit.</strong></span> <span class='ocrx_word' id='word_1_284' title='bbox 2341 1879 2358 1912; x_wconf 73' lang='grc' dir='ltr'><strong>ι</strong></span> <span class='ocrx_word' id='word_1_285' title='bbox 2395 1859 2460 1912; x_wconf 88' lang='grc' dir='ltr'>Ει</span> <span class='ocrx_word' id='word_1_286' title='bbox 2485 1859 2599 1913; x_wconf 93' lang='lat' dir='ltr'><strong>ﬁdit</strong></span> <span class='ocrx_word' id='word_1_287' title='bbox 2630 1857 2683 1910; x_wconf 90' lang='lat' dir='ltr'><strong>in</strong></span> <span class='ocrx_word' id='word_1_288' title='bbox 2707 1863 2976 1926; x_wconf 80' lang='lat' dir='ltr'><strong>potestate</strong></span> <span class='ocrx_word' id='word_1_289' title='bbox 3003 1869 3122 1910; x_wconf 88' lang='lat' dir='ltr'><strong>sua.</strong></span> 
     </span>
    </p>
   </div>
   <div class='ocr_carea' id='block_1_47' title="bbox 1904 2050 3413 2129">
    <p class='ocr_par' dir='ltr' id='par_1_47' title="bbox 1904 2050 3413 2129">
     <span class='ocr_line' id='line_1_47' title="bbox 1904 2050 3413 2129; baseline -0.011 -9"><span class='ocrx_word' id='word_1_290' title='bbox 1904 2066 1971 2121; x_wconf 72' lang='grc' dir='ltr'>ν.</span> <span class='ocrx_word' id='word_1_291' title='bbox 1997 2066 2051 2121; x_wconf 88' lang='grc'>6.</span> <span class='ocrx_word' id='word_1_292' title='bbox 2086 2083 2104 2116; x_wconf 73' lang='grc' dir='ltr'><strong>ε</strong></span> <span class='ocrx_word' id='word_1_293' title='bbox 2131 2064 2198 2118; x_wconf 83' lang='grc' dir='ltr'>Ει</span> <span class='ocrx_word' id='word_1_294' title='bbox 2242 2061 2347 2117; x_wconf 86' lang='lat' dir='ltr'><strong>erit</strong></span> <span class='ocrx_word' id='word_1_295' title='bbox 2393 2060 2533 2115; x_wconf 88' lang='lat' dir='ltr'><strong>sicut</strong></span> <span class='ocrx_word' id='word_1_296' title='bbox 2579 2057 2780 2129; x_wconf 75' lang='lat' dir='ltr'><strong>myrica</strong></span> <span class='ocrx_word' id='word_1_297' title='bbox 2827 2055 3159 2112; x_wconf 65' lang='lat' dir='ltr'><strong>silvestris.»</strong></span> <span class='ocrx_word' id='word_1_298' title='bbox 3223 2050 3413 2104; x_wconf 81' lang='lat' dir='ltr'><strong>Planta</strong></span> 
     </span>
    </p>
   </div>
   <div class='ocr_carea' id='block_1_48' title="bbox 1833 2143 3406 2218">
    <p class='ocr_par' dir='ltr' id='par_1_48' title="bbox 1833 2143 3406 2218">
     <span class='ocr_line' id='line_1_48' title="bbox 1833 2143 3406 2218; baseline -0.013 0"><span class='ocrx_word' id='word_1_299' title='bbox 1833 2164 1950 2218; x_wconf 53' lang='lat' dir='ltr'><strong>haec</strong></span> <span class='ocrx_word' id='word_1_300' title='bbox 1978 2160 2168 2214; x_wconf 82' lang='lat' dir='ltr'><strong>vivens</strong></span> <span class='ocrx_word' id='word_1_301' title='bbox 2195 2154 2542 2211; x_wconf 86' lang='lat' dir='ltr'><strong>semimortua</strong></span> <span class='ocrx_word' id='word_1_302' title='bbox 2574 2159 2676 2211; x_wconf 87' lang='lat' dir='ltr'><strong>est.</strong></span> <span class='ocrx_word' id='word_1_303' title='bbox 2704 2151 2896 2204; x_wconf 84' lang='lat' dir='ltr'><strong>adusta</strong></span> <span class='ocrx_word' id='word_1_304' title='bbox 2931 2165 2944 2201; x_wconf 90' lang='lat'><strong>:</strong></span> <span class='ocrx_word' id='word_1_305' title='bbox 2983 2146 3122 2200; x_wconf 90' lang='lat' dir='ltr'><strong>mori</strong></span> <span class='ocrx_word' id='word_1_306' title='bbox 3167 2160 3298 2199; x_wconf 84' lang='lat' dir='ltr'><strong>vero</strong></span> <span class='ocrx_word' id='word_1_307' title='bbox 3320 2143 3406 2197; x_wconf 79' lang='lat' dir='ltr'><strong>di—</strong></span> 
     </span>
    </p>
   </div>
   <div class='ocr_carea' id='block_1_49' title="bbox 1835 2232 3416 2312">
    <p class='ocr_par' dir='ltr' id='par_1_49' title="bbox 1835 2232 3416 2312">
     <span class='ocr_line' id='line_1_49' title="bbox 1835 2232 3416 2312; baseline -0.013 -6"><span class='ocrx_word' id='word_1_308' title='bbox 1835 2252 1973 2307; x_wconf 87' lang='lat' dir='ltr'><strong>citur</strong></span> <span class='ocrx_word' id='word_1_309' title='bbox 2001 2264 2122 2302; x_wconf 92' lang='lat' dir='ltr'><strong>cum</strong></span> <span class='ocrx_word' id='word_1_310' title='bbox 2154 2245 2325 2299; x_wconf 83' lang='lat' dir='ltr'><strong>imber</strong></span> <span class='ocrx_word' id='word_1_311' title='bbox 2358 2240 2756 2312; x_wconf 84' lang='lat' dir='ltr'><strong>supervenerit.</strong></span> <span class='ocrx_word' id='word_1_312' title='bbox 2791 2237 2893 2303; x_wconf 85' lang='lat' dir='ltr'><strong>Qui</strong></span> <span class='ocrx_word' id='word_1_313' title='bbox 2925 2252 3036 2291; x_wconf 92' lang='lat' dir='ltr'><strong>non</strong></span> <span class='ocrx_word' id='word_1_314' title='bbox 3055 2235 3231 2290; x_wconf 88' lang='lat' dir='ltr'><strong>credit</strong></span> <span class='ocrx_word' id='word_1_315' title='bbox 3263 2232 3416 2290; x_wconf 90' lang='lat' dir='ltr'><strong>Chri-</strong></span> 
     </span>
    </p>
   </div>
   <div class='ocr_carea' id='block_1_50' title="bbox 1834 2325 3420 2399">
    <p class='ocr_par' dir='ltr' id='par_1_50' title="bbox 1834 2325 3420 2399">
     <span class='ocr_line' id='line_1_50' title="bbox 1834 2325 3420 2399; baseline -0.011 -2"><span class='ocrx_word' id='word_1_316' title='bbox 1834 2349 1978 2399; x_wconf 82' lang='lat' dir='ltr'><strong>stum</strong></span> <span class='ocrx_word' id='word_1_317' title='bbox 2038 2353 2157 2393; x_wconf 87' lang='lat' dir='ltr'><strong>esse</strong></span> <span class='ocrx_word' id='word_1_318' title='bbox 2211 2335 2380 2389; x_wconf 86' lang='lat' dir='ltr'><strong>Deum</strong></span> <span class='ocrx_word' id='word_1_319' title='bbox 2432 2333 2792 2394; x_wconf 87' lang='lat' dir='ltr'><strong>incarnatnm,</strong></span> <span class='ocrx_word' id='word_1_320' title='bbox 2827 2329 3096 2384; x_wconf 89' lang='lat' dir='ltr'><strong>bonorum</strong></span> <span class='ocrx_word' id='word_1_321' title='bbox 3149 2325 3420 2381; x_wconf 84' lang='lat' dir='ltr'><strong>adventus</strong></span> 
     </span>
    </p>
   </div>
   <div class='ocr_carea' id='block_1_51' title="bbox 1836 2425 2351 2502">
    <p class='ocr_par' dir='ltr' id='par_1_51' title="bbox 1836 2425 2351 2502">
     <span class='ocr_line' id='line_1_51' title="bbox 1836 2425 2351 2502; baseline -0.016 -16"><span class='ocrx_word' id='word_1_322' title='bbox 1836 2432 1955 2502; x_wconf 84' lang='lat' dir='ltr'><strong>ejus</strong></span> <span class='ocrx_word' id='word_1_323' title='bbox 2022 2441 2216 2497; x_wconf 80' lang='lat' dir='ltr'><strong>expers</strong></span> <span class='ocrx_word' id='word_1_324' title='bbox 2243 2425 2351 2479; x_wconf 89' lang='lat' dir='ltr'><strong>ﬁet.</strong></span> 
     </span>
    </p>
   </div>
   <div class='ocr_carea' id='block_1_52' title="bbox 1888 2501 3420 2575">
    <p class='ocr_par' dir='ltr' id='par_1_52' title="bbox 1888 2501 3420 2575">
     <span class='ocr_line' id='line_1_52' title="bbox 1888 2501 3420 2575; baseline -0.008 -6"><span class='ocrx_word' id='word_1_325' title='bbox 1888 2541 1939 2574; x_wconf 72' lang='grc' dir='ltr'>,ι</span> <span class='ocrx_word' id='word_1_326' title='bbox 1971 2521 2036 2575; x_wconf 88' lang='grc' dir='ltr'>Ει</span> <span class='ocrx_word' id='word_1_327' title='bbox 2073 2516 2336 2572; x_wconf 80' lang='lat' dir='ltr'><strong>habitabit</strong></span> <span class='ocrx_word' id='word_1_328' title='bbox 2362 2514 2418 2568; x_wconf 90' lang='lat' dir='ltr'><strong>in</strong></span> <span class='ocrx_word' id='word_1_329' title='bbox 2445 2511 2624 2568; x_wconf 88' lang='lat' dir='ltr'><strong>salsis.</strong></span> <span class='ocrx_word' id='word_1_330' title='bbox 2657 2528 2676 2562; x_wconf 83' lang='grc'><strong>›</strong></span> <span class='ocrx_word' id='word_1_331' title='bbox 2708 2506 2918 2562; x_wconf 87' lang='lat' dir='ltr'><strong>llalima</strong></span> <span class='ocrx_word' id='word_1_332' title='bbox 2938 2504 3111 2559; x_wconf 85' lang='lat' dir='ltr'><strong>herba</strong></span> <span class='ocrx_word' id='word_1_333' title='bbox 3137 2512 3220 2557; x_wconf 89' lang='lat' dir='ltr'><strong>est</strong></span> <span class='ocrx_word' id='word_1_334' title='bbox 3249 2502 3304 2556; x_wconf 89' lang='lat' dir='ltr'><strong>in</strong></span> <span class='ocrx_word' id='word_1_335' title='bbox 3321 2501 3420 2557; x_wconf 82' lang='lat' dir='ltr'><strong>de-</strong></span> 
     </span>
    </p>
   </div>
   <div class='ocr_carea' id='block_1_53' title="bbox 1839 2605 2775 2678">
    <p class='ocr_par' dir='ltr' id='par_1_53' title="bbox 1839 2605 2775 2678">
     <span class='ocr_line' id='line_1_53' title="bbox 1839 2605 2775 2678; baseline -0.021 -5"><span class='ocrx_word' id='word_1_336' title='bbox 1839 2623 1980 2673; x_wconf 77' lang='lat' dir='ltr'><strong>serta</strong></span> <span class='ocrx_word' id='word_1_337' title='bbox 2003 2613 2250 2678; x_wconf 84' lang='lat' dir='ltr'><strong>salsaque</strong></span> <span class='ocrx_word' id='word_1_338' title='bbox 2279 2616 2422 2661; x_wconf 89' lang='lat' dir='ltr'><strong>terra</strong></span> <span class='ocrx_word' id='word_1_339' title='bbox 2452 2605 2775 2659; x_wconf 89' lang='lat' dir='ltr'><strong>adnascens.</strong></span> 
     </span>
    </p>
   </div>
   <div class='ocr_carea' id='block_1_54' title="bbox 1912 2682 3418 2759">
    <p class='ocr_par' dir='ltr' id='par_1_54' title="bbox 1912 2682 3418 2759">
     <span class='ocr_line' id='line_1_54' title="bbox 1912 2682 3418 2759; baseline -0.015 0"><span class='ocrx_word' id='word_1_340' title='bbox 1912 2705 1975 2759; x_wconf 89' lang='lat' dir='ltr'><strong>V.</strong></span> <span class='ocrx_word' id='word_1_341' title='bbox 2010 2705 2061 2758; x_wconf 91' lang='lat'><strong>8.</strong></span> <span class='ocrx_word' id='word_1_342' title='bbox 2090 2721 2107 2752; x_wconf 83' lang='grc'><strong>‹</strong></span> <span class='ocrx_word' id='word_1_343' title='bbox 2133 2701 2198 2755; x_wconf 86' lang='grc' dir='ltr'><strong>Ει</strong></span> <span class='ocrx_word' id='word_1_344' title='bbox 2233 2714 2342 2753; x_wconf 89' lang='lat' dir='ltr'><strong>non</strong></span> <span class='ocrx_word' id='word_1_345' title='bbox 2381 2695 2612 2752; x_wconf 87' lang='lat' dir='ltr'><strong>timebit.</strong></span> <span class='ocrx_word' id='word_1_346' title='bbox 2650 2711 2667 2744; x_wconf 72' lang='grc' dir='ltr'><strong>ι</strong></span> <span class='ocrx_word' id='word_1_347' title='bbox 2710 2689 3004 2758; x_wconf 87' lang='lat' dir='ltr'><strong>Tempore,</strong></span> <span class='ocrx_word' id='word_1_348' title='bbox 3039 2686 3137 2749; x_wconf 90' lang='lat' dir='ltr'><strong>ait,</strong></span> <span class='ocrx_word' id='word_1_349' title='bbox 3167 2682 3418 2738; x_wconf 79' lang='lat' dir='ltr'><strong>afﬂictio-</strong></span> 
     </span>
    </p>
   </div>
   <div class='ocr_carea' id='block_1_55' title="bbox 1842 2798 1950 2852">
    <p class='ocr_par' dir='ltr' id='par_1_55' title="bbox 1842 2798 1950 2852">
     <span class='ocr_line' id='line_1_55' title="bbox 1842 2798 1950 2852; baseline -0.019 0"><span class='ocrx_word' id='word_1_350' title='bbox 1842 2798 1950 2852; x_wconf 89' lang='lat' dir='ltr'><strong>nis.</strong></span> 
     </span>
    </p>
   </div>
   <div class='ocr_carea' id='block_1_56' title="bbox 1918 2864 3424 2940">
    <p class='ocr_par' dir='ltr' id='par_1_56' title="bbox 1918 2864 3424 2940">
     <span class='ocr_line' id='line_1_56' title="bbox 1918 2864 3424 2940; baseline -0.015 -1"><span class='ocrx_word' id='word_1_351' title='bbox 1918 2907 1936 2939; x_wconf 75' lang='grc' dir='ltr'><strong>ι</strong></span> <span class='ocrx_word' id='word_1_352' title='bbox 1975 2887 2040 2940; x_wconf 89' lang='lat' dir='ltr'><strong>Et</strong></span> <span class='ocrx_word' id='word_1_353' title='bbox 2065 2891 2244 2939; x_wconf 89' lang='lat' dir='ltr'><strong>erunt.</strong></span> <span class='ocrx_word' id='word_1_354' title='bbox 2275 2899 2293 2932; x_wconf 77' lang='grc' dir='ltr'><strong>ι</strong></span> <span class='ocrx_word' id='word_1_355' title='bbox 2324 2879 2532 2934; x_wconf 87' lang='lat' dir='ltr'><strong>Uberes</strong></span> <span class='ocrx_word' id='word_1_356' title='bbox 2559 2871 2777 2928; x_wconf 85' lang='lat' dir='ltr'><strong>virtutis</strong></span> <span class='ocrx_word' id='word_1_357' title='bbox 2798 2869 3008 2925; x_wconf 86' lang='lat' dir='ltr'><strong>fructus</strong></span> <span class='ocrx_word' id='word_1_358' title='bbox 3031 2864 3424 2934; x_wconf 82' lang='lat' dir='ltr'><strong>circumtegen-</strong></span> 
     </span>
    </p>
   </div>
   <div class='ocr_carea' id='block_1_57' title="bbox 1845 2967 3236 3034">
    <p class='ocr_par' dir='ltr' id='par_1_57' title="bbox 1845 2967 3236 3034">
     <span class='ocr_line' id='line_1_57' title="bbox 1845 2967 3236 3034; baseline -0.02 1"><span class='ocrx_word' id='word_1_359' title='bbox 1845 2988 1926 3034; x_wconf 89' lang='lat' dir='ltr'><strong>tes</strong></span> <span class='ocrx_word' id='word_1_360' title='bbox 1951 2993 2078 3032; x_wconf 92' lang='lat' dir='ltr'><strong>eum</strong></span> <span class='ocrx_word' id='word_1_361' title='bbox 2119 2975 2177 3029; x_wconf 92' lang='lat' dir='ltr'><strong>in</strong></span> <span class='ocrx_word' id='word_1_362' title='bbox 2209 2967 2681 3026; x_wconf 84' lang='lat' dir='ltr'><strong>tribulationibus.</strong></span> <span class='ocrx_word' id='word_1_363' title='bbox 3227 3028 3236 3034; x_wconf 86' lang='lat'><em>_</em></span> 
     </span>
    </p>
   </div>
   <div class='ocr_carea' id='block_1_58' title="bbox 1925 3047 3422 3123">
    <p class='ocr_par' dir='ltr' id='par_1_58' title="bbox 1925 3047 3422 3123">
     <span class='ocr_line' id='line_1_58' title="bbox 1925 3047 3422 3123; baseline -0.015 -2"><span class='ocrx_word' id='word_1_364' title='bbox 1925 3088 1943 3121; x_wconf 76' lang='grc' dir='ltr'><strong>ι</strong></span> <span class='ocrx_word' id='word_1_365' title='bbox 1976 3070 2030 3123; x_wconf 92' lang='lat' dir='ltr'><strong>In</strong></span> <span class='ocrx_word' id='word_1_366' title='bbox 2065 3082 2235 3121; x_wconf 89' lang='lat' dir='ltr'><strong>anno.</strong></span> <span class='ocrx_word' id='word_1_367' title='bbox 2270 3083 2287 3115; x_wconf 84' lang='grc'>›</span> <span class='ocrx_word' id='word_1_368' title='bbox 2325 3065 2517 3116; x_wconf 85' lang='lat' dir='ltr'><strong>Annus</strong></span> <span class='ocrx_word' id='word_1_369' title='bbox 2551 3055 2790 3112; x_wconf 83' lang='lat' dir='ltr'><strong>circulus</strong></span> <span class='ocrx_word' id='word_1_370' title='bbox 2818 3061 2934 3108; x_wconf 86' lang='lat' dir='ltr'><strong>est:</strong></span> <span class='ocrx_word' id='word_1_371' title='bbox 2961 3059 3206 3119; x_wconf 87' lang='lat' dir='ltr'><strong>tempore</strong></span> <span class='ocrx_word' id='word_1_372' title='bbox 3236 3047 3422 3118; x_wconf 74' lang='lat' dir='ltr'><strong>igitur,</strong></span> 
     </span>
    </p>
   </div>
   <div class='ocr_carea' id='block_1_59' title="bbox 145 3145 1740 3234">
    <p class='ocr_par' dir='ltr' id='par_1_59' title="bbox 145 3149 1738 3234">
     <span class='ocr_line' id='line_1_59' title="bbox 145 3149 1738 3234; baseline -0.009 -18"><span class='ocrx_word' id='word_1_373' title='bbox 145 3163 329 3234; x_wconf 84' lang='grc' dir='ltr'>καιρῷ</span> <span class='ocrx_word' id='word_1_374' title='bbox 361 3159 463 3217; x_wconf 79' lang='grc' dir='ltr'>οὖν</span> <span class='ocrx_word' id='word_1_375' title='bbox 486 3203 499 3226; x_wconf 83' lang='grc'><strong>,</strong></span> <span class='ocrx_word' id='word_1_376' title='bbox 533 3161 666 3233; x_wconf 75' lang='grc' dir='ltr'>φησὶ</span> <span class='ocrx_word' id='word_1_377' title='bbox 692 3203 706 3228; x_wconf 86' lang='grc'><strong>,</strong></span> <span class='ocrx_word' id='word_1_378' title='bbox 741 3157 1032 3215; x_wconf 81' lang='grc' dir='ltr'>καθολικοῦ</span> <span class='ocrx_word' id='word_1_379' title='bbox 1061 3153 1368 3226; x_wconf 75' lang='grc' dir='ltr'>πειρασμοῦ</span> <span class='ocrx_word' id='word_1_380' title='bbox 1401 3153 1460 3206; x_wconf 78' lang='grc' dir='ltr'><strong>οὐ</strong></span> <span class='ocrx_word' id='word_1_381' title='bbox 1497 3149 1738 3222; x_wconf 74' lang='grc' dir='ltr'>φοϐηθήο</span> 
     </span>
    </p>
   </div>
   <div class='ocr_carea' id='block_1_60' title="bbox 1877 3145 2980 3234">
    <p class='ocr_par' dir='ltr' id='par_1_60' title="bbox 1877 3145 2980 3234">
     <span class='ocr_line' id='line_1_60' title="bbox 1877 3145 2980 3234; baseline -0.017 -16"><span class='ocrx_word' id='word_1_382' title='bbox 1877 3165 1937 3230; x_wconf 83' lang='grc' dir='ltr'>ἰι,</span> <span class='ocrx_word' id='word_1_383' title='bbox 1970 3159 2238 3234; x_wconf 76' lang='lat' dir='ltr'><strong>generalis</strong></span> <span class='ocrx_word' id='word_1_384' title='bbox 2274 3152 2580 3210; x_wconf 83' lang='lat' dir='ltr'><strong>aﬁlictionis</strong></span> <span class='ocrx_word' id='word_1_385' title='bbox 2608 3165 2721 3204; x_wconf 89' lang='lat' dir='ltr'><strong>non</strong></span> <span class='ocrx_word' id='word_1_386' title='bbox 2745 3145 2980 3202; x_wconf 88' lang='lat' dir='ltr'><strong>timebit.</strong></span> 
     </span>
    </p>
   </div>
   <div class='ocr_carea' id='block_1_61' title="bbox 149 3273 332 3311">
    <p class='ocr_par' dir='ltr' id='par_1_61' title="bbox 149 3273 332 3311">
     <span class='ocr_line' id='line_1_61' title="bbox 149 3273 332 3311; baseline 0.016 -3"><span class='ocrx_word' id='word_1_387' title='bbox 149 3273 332 3311; x_wconf 80' lang='grc' dir='ltr'><strong>σεται.</strong></span> 
     </span>
    </p>
   </div>
   <div class='ocr_carea' id='block_1_62' title="bbox 229 3332 1740 3419">
    <p class='ocr_par' dir='ltr' id='par_1_62' title="bbox 229 3332 1740 3419">
     <span class='ocr_line' id='line_1_62' title="bbox 229 3332 1740 3419; baseline -0.012 -15"><span class='ocrx_word' id='word_1_388' title='bbox 229 3371 248 3404; x_wconf 73' lang='grc' dir='ltr'><strong>ι</strong></span> <span class='ocrx_word' id='word_1_389' title='bbox 286 3350 500 3404; x_wconf 81' lang='grc' dir='ltr'>Βαθεϊα</span> <span class='ocrx_word' id='word_1_390' title='bbox 529 3348 561 3419; x_wconf 81' lang='grc' dir='ltr'><strong>ἠ</strong></span> <span class='ocrx_word' id='word_1_391' title='bbox 591 3345 809 3418; x_wconf 78' lang='grc' dir='ltr'>καρδία.</span> <span class='ocrx_word' id='word_1_392' title='bbox 861 3363 880 3398; x_wconf 72' lang='grc' dir='ltr'><strong>ι</strong></span> <span class='ocrx_word' id='word_1_393' title='bbox 916 3343 990 3396; x_wconf 84' lang='grc' dir='ltr'><strong>Τὸ</strong></span> <span class='ocrx_word' id='word_1_394' title='bbox 1017 3341 1117 3413; x_wconf 77' lang='grc' dir='ltr'>τῆς</span> <span class='ocrx_word' id='word_1_395' title='bbox 1145 3337 1614 3408; x_wconf 80' lang='grc' dir='ltr'>ὲνανθρωπήσεως</span> <span class='ocrx_word' id='word_1_396' title='bbox 1644 3332 1740 3388; x_wconf 77' lang='grc' dir='ltr'>τοῦ</span> 
     </span>
    </p>
   </div>
   <div class='ocr_carea' id='block_1_63' title="bbox 147 3427 1737 3512">
    <p class='ocr_par' dir='ltr' id='par_1_63' title="bbox 147 3427 1737 3512">
     <span class='ocr_line' id='line_1_63' title="bbox 147 3427 1737 3512; baseline -0.014 -13"><span class='ocrx_word' id='word_1_397' title='bbox 147 3441 506 3512; x_wconf 77' lang='grc' dir='ltr'>Μονογενοῦς</span> <span class='ocrx_word' id='word_1_398' title='bbox 539 3441 838 3512; x_wconf 86' lang='grc' dir='ltr'>μυστήριον</span> <span class='ocrx_word' id='word_1_399' title='bbox 873 3435 1008 3508; x_wconf 86' lang='grc' dir='ltr'><strong>βαθὺ</strong></span> <span class='ocrx_word' id='word_1_400' title='bbox 1030 3437 1170 3498; x_wconf 72' lang='grc' dir='ltr'>ἐστι,</span> <span class='ocrx_word' id='word_1_401' title='bbox 1198 3432 1294 3485; x_wconf 74' lang='grc' dir='ltr'><strong>καὶ</strong></span> <span class='ocrx_word' id='word_1_402' title='bbox 1328 3427 1737 3498; x_wconf 83' lang='grc' dir='ltr'>ἀκατάληπτον.</span> 
     </span>
    </p>
   </div>
   <div class='ocr_carea' id='block_1_64' title="bbox 148 3517 1740 3606">
    <p class='ocr_par' dir='ltr' id='par_1_64' title="bbox 148 3517 1740 3606">
     <span class='ocr_line' id='line_1_64' title="bbox 148 3517 1740 3606; baseline -0.013 -17"><span class='ocrx_word' id='word_1_403' title='bbox 148 3537 266 3588; x_wconf 75' lang='grc' dir='ltr'>Καὶ</span> <span class='ocrx_word' id='word_1_404' title='bbox 311 3536 427 3606; x_wconf 76' lang='grc' dir='ltr'>γὰρ</span> <span class='ocrx_word' id='word_1_405' title='bbox 482 3533 617 3602; x_wconf 78' lang='grc' dir='ltr'><strong>μετά</strong></span> <span class='ocrx_word' id='word_1_406' title='bbox 651 3531 746 3583; x_wconf 81' lang='grc' dir='ltr'>τοῦ</span> <span class='ocrx_word' id='word_1_407' title='bbox 801 3525 940 3582; x_wconf 75' lang='grc' dir='ltr'>εἶναι</span> <span class='ocrx_word' id='word_1_408' title='bbox 996 3525 1150 3589; x_wconf 82' lang='grc' dir='ltr'>Θεὸς,</span> <span class='ocrx_word' id='word_1_409' title='bbox 1198 3522 1485 3592; x_wconf 81' lang='grc' dir='ltr'>ἄνθρωπος</span> <span class='ocrx_word' id='word_1_410' title='bbox 1527 3517 1740 3588; x_wconf 82' lang='grc' dir='ltr'>γέγονε.</span> 
     </span>
    </p>
   </div>
   <div class='ocr_carea' id='block_1_65' title="bbox 150 3609 1744 3692">
    <p class='ocr_par' dir='ltr' id='par_1_65' title="bbox 150 3609 1744 3692">
     <span class='ocr_line' id='line_1_65' title="bbox 150 3609 1744 3692; baseline -0.012 -12"><span class='ocrx_word' id='word_1_411' title='bbox 150 3628 249 3692; x_wconf 85' lang='grc' dir='ltr'><strong>Τις</strong></span> <span class='ocrx_word' id='word_1_412' title='bbox 287 3623 388 3680; x_wconf 79' lang='grc' dir='ltr'>οὖν</span> <span class='ocrx_word' id='word_1_413' title='bbox 443 3623 734 3691; x_wconf 83' lang='grc' dir='ltr'>γνώσεται,</span> <span class='ocrx_word' id='word_1_414' title='bbox 785 3622 972 3691; x_wconf 73' lang='grc' dir='ltr'>φησὶν,</span> <span class='ocrx_word' id='word_1_415' title='bbox 1021 3619 1056 3689; x_wconf 83' lang='grc' dir='ltr'>ἢ</span> <span class='ocrx_word' id='word_1_416' title='bbox 1108 3617 1208 3688; x_wconf 82' lang='grc' dir='ltr'>τὴν</span> <span class='ocrx_word' id='word_1_417' title='bbox 1265 3616 1330 3668; x_wconf 79' lang='grc' dir='ltr'>ἐκ</span> <span class='ocrx_word' id='word_1_418' title='bbox 1380 3611 1594 3683; x_wconf 77' lang='grc' dir='ltr'>Πατρὸς</span> <span class='ocrx_word' id='word_1_419' title='bbox 1645 3609 1744 3664; x_wconf 82' lang='grc' dir='ltr'>αὐ-</span> 
     </span>
    </p>
   </div>
   <div class='ocr_carea' id='block_1_66' title="bbox 149 3703 1741 3786">
    <p class='ocr_par' dir='ltr' id='par_1_66' title="bbox 149 3703 1741 3786">
     <span class='ocr_line' id='line_1_66' title="bbox 149 3703 1741 3786; baseline -0.012 -15"><span class='ocrx_word' id='word_1_420' title='bbox 149 3719 249 3772; x_wconf 75' lang='grc' dir='ltr'><strong>τοῦ</strong></span> <span class='ocrx_word' id='word_1_421' title='bbox 286 3719 584 3786; x_wconf 80' lang='grc' dir='ltr'>γέννησιν,</span> <span class='ocrx_word' id='word_1_422' title='bbox 611 3713 645 3785; x_wconf 83' lang='grc' dir='ltr'>ἦ</span> <span class='ocrx_word' id='word_1_423' title='bbox 680 3712 789 3784; x_wconf 40' lang='grc' dir='ltr'>,τὴν</span> <span class='ocrx_word' id='word_1_424' title='bbox 825 3711 964 3782; x_wconf 73' lang='grc' dir='ltr'>μετὰ</span> <span class='ocrx_word' id='word_1_425' title='bbox 990 3708 1192 3779; x_wconf 83' lang='grc' dir='ltr'>σαρκὸς</span> <span class='ocrx_word' id='word_1_426' title='bbox 1219 3705 1497 3777; x_wconf 75' lang='grc' dir='ltr'>ἄφραστον</span> <span class='ocrx_word' id='word_1_427' title='bbox 1529 3703 1741 3755; x_wconf 80' lang='grc' dir='ltr'>οἰκονο-</span> 
     </span>
    </p>
   </div>
   <div class='ocr_carea' id='block_1_67' title="bbox 158 3807 336 3877">
    <p class='ocr_par' dir='ltr' id='par_1_67' title="bbox 158 3807 336 3877">
     <span class='ocr_line' id='line_1_67' title="bbox 158 3807 336 3877; baseline 0.006 -18"><span class='ocrx_word' id='word_1_428' title='bbox 158 3807 296 3877; x_wconf 77' lang='grc' dir='ltr'>μίαν</span> <span class='ocrx_word' id='word_1_429' title='bbox 320 3823 336 3872; x_wconf 89' lang='grc'><strong>;</strong></span> 
     </span>
    </p>
   </div>
   <div class='ocr_carea' id='block_1_68' title="bbox 233 3883 1750 3965">
    <p class='ocr_par' dir='ltr' id='par_1_68' title="bbox 233 3883 1750 3965">
     <span class='ocr_line' id='line_1_68' title="bbox 233 3883 1750 3965; baseline -0.009 -15"><span class='ocrx_word' id='word_1_430' title='bbox 233 3916 253 3950; x_wconf 73' lang='grc' dir='ltr'><strong>ι</strong></span> <span class='ocrx_word' id='word_1_431' title='bbox 307 3895 592 3965; x_wconf 82' lang='grc' dir='ltr'>Ἐφὼνησε</span> <span class='ocrx_word' id='word_1_432' title='bbox 621 3889 830 3961; x_wconf 72' lang='grc' dir='ltr'>πέρδιξ.</span> <span class='ocrx_word' id='word_1_433' title='bbox 870 3910 889 3943; x_wconf 76' lang='grc' dir='ltr'><strong>ι</strong></span> <span class='ocrx_word' id='word_1_434' title='bbox 910 3889 969 3944; x_wconf 90' lang='lat'><strong>&#39;0</strong></span> <span class='ocrx_word' id='word_1_435' title='bbox 995 3887 1204 3960; x_wconf 78' lang='grc' dir='ltr'>πέρδιξ,</span> <span class='ocrx_word' id='word_1_436' title='bbox 1233 3885 1309 3950; x_wconf 84' lang='grc' dir='ltr'>ὥς</span> <span class='ocrx_word' id='word_1_437' title='bbox 1333 3902 1516 3955; x_wconf 85' lang='grc' dir='ltr'>φασιν,</span> <span class='ocrx_word' id='word_1_438' title='bbox 1542 3883 1750 3954; x_wconf 82' lang='grc' dir='ltr'>ὑπερή-</span> 
     </span>
    </p>
   </div>
   <div class='ocr_carea' id='block_1_69' title="bbox 159 3974 1748 4062">
    <p class='ocr_par' dir='ltr' id='par_1_69' title="bbox 159 3974 1748 4062">
     <span class='ocr_line' id='line_1_69' title="bbox 159 3974 1748 4062; baseline -0.011 -17"><span class='ocrx_word' id='word_1_439' title='bbox 159 4008 330 4062; x_wconf 79' lang='grc' dir='ltr'>φανος</span> <span class='ocrx_word' id='word_1_440' title='bbox 354 3989 454 4055; x_wconf 81' lang='grc' dir='ltr'>ὣν,</span> <span class='ocrx_word' id='word_1_441' title='bbox 477 3989 566 4041; x_wconf 75' lang='grc' dir='ltr'>διὰ</span> <span class='ocrx_word' id='word_1_442' title='bbox 593 3987 694 4056; x_wconf 79' lang='grc' dir='ltr'>τῆς</span> <span class='ocrx_word' id='word_1_443' title='bbox 724 3985 907 4055; x_wconf 80' lang='grc' dir='ltr'>φωνῆς</span> <span class='ocrx_word' id='word_1_444' title='bbox 933 3984 1059 4045; x_wconf 80' lang='grc' dir='ltr'>τοὺς</span> <span class='ocrx_word' id='word_1_445' title='bbox 1083 3980 1398 4050; x_wconf 79' lang='grc' dir='ltr'>ἀλλοτρίους</span> <span class='ocrx_word' id='word_1_446' title='bbox 1419 3974 1748 4049; x_wconf 82' lang='grc' dir='ltr'>προσκαλεῖ-</span> 
     </span>
    </p>
   </div>
   <div class='ocr_carea' id='block_1_70' title="bbox 159 4069 1743 4146">
    <p class='ocr_par' dir='ltr' id='par_1_70' title="bbox 159 4069 1743 4146">
     <span class='ocr_line' id='line_1_70' title="bbox 159 4069 1743 4146; baseline -0.011 -9"><span class='ocrx_word' id='word_1_447' title='bbox 159 4103 251 4137; x_wconf 86' lang='grc' dir='ltr'><strong>ται</strong></span> <span class='ocrx_word' id='word_1_448' title='bbox 287 4082 565 4146; x_wconf 71' lang='grc' dir='ltr'>νεοττούς.</span> <span class='ocrx_word' id='word_1_449' title='bbox 597 4081 809 4140; x_wconf 81' lang='grc' dir='ltr'>Οἴτινες</span> <span class='ocrx_word' id='word_1_450' title='bbox 846 4076 1067 4146; x_wconf 84' lang='grc' dir='ltr'>γνόντες</span> <span class='ocrx_word' id='word_1_451' title='bbox 1107 4073 1334 4143; x_wconf 74' lang='grc' dir='ltr'>ὕστερον</span> <span class='ocrx_word' id='word_1_452' title='bbox 1362 4072 1441 4124; x_wconf 82' lang='grc' dir='ltr'><strong>ὅτι</strong></span> <span class='ocrx_word' id='word_1_453' title='bbox 1470 4070 1570 4123; x_wconf 80' lang='grc' dir='ltr'><strong>οὐκ</strong></span> <span class='ocrx_word' id='word_1_454' title='bbox 1604 4069 1743 4122; x_wconf 72' lang='grc' dir='ltr'>εἰσὶν</span> 
     </span>
    </p>
   </div>
   <div class='ocr_carea' id='block_1_71' title="bbox 163 4157 1752 4242">
    <p class='ocr_par' dir='ltr' id='par_1_71' title="bbox 163 4157 1752 4242">
     <span class='ocr_line' id='line_1_71' title="bbox 163 4157 1752 4242; baseline -0.013 -14"><span class='ocrx_word' id='word_1_455' title='bbox 163 4174 355 4239; x_wconf 78' lang='grc' dir='ltr'>αὐτοῦ,</span> <span class='ocrx_word' id='word_1_456' title='bbox 387 4171 896 4242; x_wconf 74' lang='grc' dir='ltr'>καταλιμπάνουσιν</span> <span class='ocrx_word' id='word_1_457' title='bbox 929 4165 1094 4219; x_wconf 80' lang='grc' dir='ltr'>αὐτόν</span> <span class='ocrx_word' id='word_1_458' title='bbox 1114 4181 1128 4194; x_wconf 76' lang='grc' dir='ltr'><strong><em>ο</em></strong></span> <span class='ocrx_word' id='word_1_459' title='bbox 1159 4161 1300 4214; x_wconf 76' lang='grc' dir='ltr'>οὕτω</span> <span class='ocrx_word' id='word_1_460' title='bbox 1328 4160 1422 4213; x_wconf 71' lang='grc' dir='ltr'>καὶ</span> <span class='ocrx_word' id='word_1_461' title='bbox 1464 4160 1512 4211; x_wconf 82' lang='grc' dir='ltr'>οἱ</span> <span class='ocrx_word' id='word_1_462' title='bbox 1537 4157 1752 4228; x_wconf 83' lang='grc' dir='ltr'>ἀνθρω-</span> 
     </span>
    </p>
   </div>
   <div class='ocr_carea' id='block_1_72' title="bbox 164 4249 1750 4335">
    <p class='ocr_par' dir='ltr' id='par_1_72' title="bbox 164 4249 1750 4335">
     <span class='ocr_line' id='line_1_72' title="bbox 164 4249 1750 4335; baseline -0.011 -17"><span class='ocrx_word' id='word_1_463' title='bbox 164 4283 260 4319; x_wconf 89' lang='grc' dir='ltr'><strong>ποι</strong></span> <span class='ocrx_word' id='word_1_464' title='bbox 284 4269 332 4320; x_wconf 87' lang='grc' dir='ltr'>οἱ</span> <span class='ocrx_word' id='word_1_465' title='bbox 361 4263 736 4335; x_wconf 82' lang='grc' dir='ltr'>ἁπατηθέντες</span> <span class='ocrx_word' id='word_1_466' title='bbox 763 4259 868 4314; x_wconf 74' lang='grc' dir='ltr'>ὑπὸ</span> <span class='ocrx_word' id='word_1_467' title='bbox 895 4258 990 4312; x_wconf 76' lang='grc' dir='ltr'>τοῦ</span> <span class='ocrx_word' id='word_1_468' title='bbox 1012 4255 1282 4316; x_wconf 76' lang='grc' dir='ltr'>διαϐόλου,</span> <span class='ocrx_word' id='word_1_469' title='bbox 1314 4254 1441 4306; x_wconf 84' lang='grc' dir='ltr'>ὅταν</span> <span class='ocrx_word' id='word_1_470' title='bbox 1464 4251 1632 4320; x_wconf 83' lang='grc' dir='ltr'>γνῶσι</span> <span class='ocrx_word' id='word_1_471' title='bbox 1657 4249 1750 4302; x_wconf 81' lang='grc' dir='ltr'><strong>τὸν</strong></span> 
     </span>
    </p>
   </div>
   <div class='ocr_carea' id='block_1_73' title="bbox 168 4343 1749 4430">
    <p class='ocr_par' dir='ltr' id='par_1_73' title="bbox 168 4343 1749 4430">
     <span class='ocr_line' id='line_1_73' title="bbox 168 4343 1749 4430; baseline -0.011 -19"><span class='ocrx_word' id='word_1_472' title='bbox 168 4359 378 4413; x_wconf 81' lang='grc' dir='ltr'>ἑαυτῶν</span> <span class='ocrx_word' id='word_1_473' title='bbox 411 4356 754 4430; x_wconf 85' lang='grc' dir='ltr'>Δημιουργδν</span> <span class='ocrx_word' id='word_1_474' title='bbox 783 4353 878 4408; x_wconf 70' lang='grc' dir='ltr'><strong>καὶ</strong></span> <span class='ocrx_word' id='word_1_475' title='bbox 915 4349 1196 4418; x_wconf 86' lang='grc' dir='ltr'>Δεσπότην</span> <span class='ocrx_word' id='word_1_476' title='bbox 1235 4347 1389 4410; x_wconf 81' lang='grc' dir='ltr'>Θεὸν,</span> <span class='ocrx_word' id='word_1_477' title='bbox 1418 4343 1749 4414; x_wconf 83' lang='grc' dir='ltr'>ἀφίστανται</span> 
     </span>
    </p>
   </div>
   <div class='ocr_carea' id='block_1_74' title="bbox 169 4451 486 4504">
    <p class='ocr_par' dir='ltr' id='par_1_74' title="bbox 169 4451 486 4504">
     <span class='ocr_line' id='line_1_74' title="bbox 169 4451 486 4504; baseline 0 -2"><span class='ocrx_word' id='word_1_478' title='bbox 169 4452 263 4502; x_wconf 74' lang='grc' dir='ltr'>ἀπ’</span> <span class='ocrx_word' id='word_1_479' title='bbox 290 4451 486 4504; x_wconf 77' lang='grc' dir='ltr'>αὐτοῦ.</span> 
     </span>
    </p>
   </div>
   <div class='ocr_carea' id='block_1_75' title="bbox 1912 3305 3428 3400">
    <p class='ocr_par' dir='ltr' id='par_1_75' title="bbox 1912 3305 3428 3400">
     <span class='ocr_line' id='line_1_75' title="bbox 1912 3305 3428 3400; baseline -0.018 -12"><span class='ocrx_word' id='word_1_480' title='bbox 1912 3333 1979 3388; x_wconf 77' lang='grc' dir='ltr'><strong>ν.</strong></span> <span class='ocrx_word' id='word_1_481' title='bbox 2009 3331 2063 3387; x_wconf 89' lang='lat'><strong>9.</strong></span> <span class='ocrx_word' id='word_1_482' title='bbox 2106 3326 2484 3400; x_wconf 70' lang='lat' dir='ltr'><strong>«Profundum</strong></span> <span class='ocrx_word' id='word_1_483' title='bbox 2541 3329 2627 3376; x_wconf 88' lang='lat' dir='ltr'><strong>est</strong></span> <span class='ocrx_word' id='word_1_484' title='bbox 2652 3335 2765 3374; x_wconf 90' lang='lat' dir='ltr'><strong>cor.</strong></span> <span class='ocrx_word' id='word_1_485' title='bbox 2799 3335 2816 3368; x_wconf 72' lang='grc' dir='ltr'><strong>ι</strong></span> <span class='ocrx_word' id='word_1_486' title='bbox 2850 3311 3248 3369; x_wconf 77' lang='lat' dir='ltr'><strong>lncarnationis</strong></span> <span class='ocrx_word' id='word_1_487' title='bbox 3286 3305 3428 3364; x_wconf 88' lang='lat' dir='ltr'><strong>Uni-</strong></span> 
     </span>
    </p>
   </div>
   <div class='ocr_carea' id='block_1_76' title="bbox 1843 3409 3427 3498">
    <p class='ocr_par' dir='ltr' id='par_1_76' title="bbox 1843 3409 3427 3498">
     <span class='ocr_line' id='line_1_76' title="bbox 1843 3409 3427 3498; baseline -0.018 -17"><span class='ocrx_word' id='word_1_488' title='bbox 1843 3425 2009 3498; x_wconf 80' lang='lat' dir='ltr'><strong>geniti</strong></span> <span class='ocrx_word' id='word_1_489' title='bbox 2053 3425 2452 3477; x_wconf 85' lang='lat' dir='ltr'><strong>sacramentum</strong></span> <span class='ocrx_word' id='word_1_490' title='bbox 2498 3409 2830 3484; x_wconf 84' lang='lat' dir='ltr'><strong>profundum</strong></span> <span class='ocrx_word' id='word_1_491' title='bbox 2877 3413 2981 3469; x_wconf 91' lang='lat' dir='ltr'><strong>est,</strong></span> <span class='ocrx_word' id='word_1_492' title='bbox 3036 3418 3137 3456; x_wconf 87' lang='lat' dir='ltr'><strong>nec</strong></span> <span class='ocrx_word' id='word_1_493' title='bbox 3174 3414 3427 3468; x_wconf 85' lang='lat' dir='ltr'><strong>compre-</strong></span> 
     </span>
    </p>
   </div>
   <div class='ocr_carea' id='block_1_77' title="bbox 1843 3490 3428 3584">
    <p class='ocr_par' dir='ltr' id='par_1_77' title="bbox 1843 3490 3428 3584">
     <span class='ocr_line' id='line_1_77' title="bbox 1843 3490 3428 3584; baseline -0.018 -12"><span class='ocrx_word' id='word_1_494' title='bbox 1843 3490 2009 3572; x_wconf 72' lang='lat' dir='ltr'><strong>hendi</strong></span> <span class='ocrx_word' id='word_1_495' title='bbox 2069 3521 2264 3584; x_wconf 89' lang='lat' dir='ltr'><strong>potest.</strong></span> <span class='ocrx_word' id='word_1_496' title='bbox 2319 3507 2543 3562; x_wconf 79' lang='lat' dir='ltr'><strong>Manens</strong></span> <span class='ocrx_word' id='word_1_497' title='bbox 2596 3502 2798 3572; x_wconf 88' lang='lat' dir='ltr'><strong>quippe</strong></span> <span class='ocrx_word' id='word_1_498' title='bbox 2835 3497 2980 3551; x_wconf 89' lang='lat' dir='ltr'><strong>Deus</strong></span> <span class='ocrx_word' id='word_1_499' title='bbox 3035 3493 3201 3546; x_wconf 90' lang='lat' dir='ltr'><strong>homo</strong></span> <span class='ocrx_word' id='word_1_500' title='bbox 3249 3490 3428 3544; x_wconf 87' lang='lat' dir='ltr'><strong>factus</strong></span> 
     </span>
    </p>
   </div>
   <div class='ocr_carea' id='block_1_78' title="bbox 1844 3578 3428 3674">
    <p class='ocr_par' dir='ltr' id='par_1_78' title="bbox 1844 3578 3428 3674">
     <span class='ocr_line' id='line_1_78' title="bbox 1844 3578 3428 3674; baseline -0.021 -10"><span class='ocrx_word' id='word_1_501' title='bbox 1844 3617 1947 3665; x_wconf 90' lang='lat' dir='ltr'><strong>est.</strong></span> <span class='ocrx_word' id='word_1_502' title='bbox 1981 3578 2113 3672; x_wconf 82' lang='lat' dir='ltr'><strong>Quis</strong></span> <span class='ocrx_word' id='word_1_503' title='bbox 2163 3603 2329 3674; x_wconf 80' lang='lat' dir='ltr'><strong>igitur</strong></span> <span class='ocrx_word' id='word_1_504' title='bbox 2370 3599 2682 3670; x_wconf 74' lang='lat' dir='ltr'><strong>cognoscet,</strong></span> <span class='ocrx_word' id='word_1_505' title='bbox 2727 3589 2823 3652; x_wconf 87' lang='lat' dir='ltr'><strong>ait,</strong></span> <span class='ocrx_word' id='word_1_506' title='bbox 2865 3586 2950 3642; x_wconf 87' lang='lat' dir='ltr'><strong>vel</strong></span> <span class='ocrx_word' id='word_1_507' title='bbox 2995 3582 3205 3638; x_wconf 86' lang='lat' dir='ltr'><strong>aPatre</strong></span> <span class='ocrx_word' id='word_1_508' title='bbox 3255 3578 3428 3648; x_wconf 85' lang='lat' dir='ltr'><strong>ipsius</strong></span> 
     </span>
    </p>
   </div>
   <div class='ocr_carea' id='block_1_79' title="bbox 1845 3673 3424 3773">
    <p class='ocr_par' dir='ltr' id='par_1_79' title="bbox 1845 3673 3424 3773">
     <span class='ocr_line' id='line_1_79' title="bbox 1845 3673 3424 3773; baseline -0.022 -17"><span class='ocrx_word' id='word_1_509' title='bbox 1845 3699 2274 3773; x_wconf 81' lang='lat' dir='ltr'><strong>generationem,</strong></span> <span class='ocrx_word' id='word_1_510' title='bbox 2304 3692 2390 3749; x_wconf 89' lang='lat' dir='ltr'><strong>vel</strong></span> <span class='ocrx_word' id='word_1_511' title='bbox 2420 3704 2545 3746; x_wconf 88' lang='lat' dir='ltr'><strong>cum</strong></span> <span class='ocrx_word' id='word_1_512' title='bbox 2585 3699 2750 3742; x_wconf 86' lang='lat' dir='ltr'><strong>carne</strong></span> <span class='ocrx_word' id='word_1_513' title='bbox 2769 3677 3102 3738; x_wconf 73' lang='lat' dir='ltr'><strong>ineffabilem</strong></span> <span class='ocrx_word' id='word_1_514' title='bbox 3134 3673 3424 3743; x_wconf 80' lang='lat' dir='ltr'><strong>dispensa-</strong></span> 
     </span>
    </p>
   </div>
   <div class='ocr_carea' id='block_1_80' title="bbox 1847 3791 2098 3849">
    <p class='ocr_par' dir='ltr' id='par_1_80' title="bbox 1847 3791 2098 3849">
     <span class='ocr_line' id='line_1_80' title="bbox 1847 3791 2098 3849; baseline -0.02 0"><span class='ocrx_word' id='word_1_515' title='bbox 1847 3791 2098 3849; x_wconf 85' lang='lat' dir='ltr'><strong>tionem?</strong></span> 
     </span>
    </p>
   </div>
   <div class='ocr_carea' id='block_1_81' title="bbox 1916 3855 3425 3944">
    <p class='ocr_par' dir='ltr' id='par_1_81' title="bbox 1916 3855 3425 3944">
     <span class='ocr_line' id='line_1_81' title="bbox 1916 3855 3425 3944; baseline -0.023 -4"><span class='ocrx_word' id='word_1_516' title='bbox 1916 3884 1983 3940; x_wconf 71' lang='grc' dir='ltr'><strong>ν.</strong></span> <span class='ocrx_word' id='word_1_517' title='bbox 2016 3884 2103 3938; x_wconf 86' lang='lat'><strong>11.</strong></span> <span class='ocrx_word' id='word_1_518' title='bbox 2139 3899 2156 3934; x_wconf 79' lang='grc' dir='ltr'><strong>ι</strong></span> <span class='ocrx_word' id='word_1_519' title='bbox 2189 3875 2454 3935; x_wconf 87' lang='lat' dir='ltr'><strong>Clamavit</strong></span> <span class='ocrx_word' id='word_1_520' title='bbox 2482 3871 2698 3944; x_wconf 76' lang='lat' dir='ltr'><strong>perdix,</strong></span> <span class='ocrx_word' id='word_1_521' title='bbox 2737 3886 2755 3920; x_wconf 66' lang='grc' dir='ltr'><strong>ι</strong></span> <span class='ocrx_word' id='word_1_522' title='bbox 2788 3875 2896 3922; x_wconf 91' lang='lat' dir='ltr'><strong>etc.</strong></span> <span class='ocrx_word' id='word_1_523' title='bbox 2925 3861 3144 3924; x_wconf 81' lang='lat' dir='ltr'><strong>Perdix,</strong></span> <span class='ocrx_word' id='word_1_524' title='bbox 3175 3855 3425 3944; x_wconf 26' lang='lat' dir='ltr'><strong>ut‘aiunt,</strong></span> 
     </span>
    </p>
   </div>
   <div class='ocr_carea' id='block_1_82' title="bbox 1848 3941 3429 4033">
    <p class='ocr_par' dir='ltr' id='par_1_82' title="bbox 1848 3941 3429 4033">
     <span class='ocr_line' id='line_1_82' title="bbox 1848 3941 3429 4033; baseline -0.024 0"><span class='ocrx_word' id='word_1_525' title='bbox 1848 3964 2236 4033; x_wconf 55' lang='lat' dir='ltr'><strong>cum&#39;insolens</strong></span> <span class='ocrx_word' id='word_1_526' title='bbox 2274 3968 2364 4032; x_wconf 90' lang='lat' dir='ltr'><strong>sit,</strong></span> <span class='ocrx_word' id='word_1_527' title='bbox 2393 3978 2526 4021; x_wconf 88' lang='lat' dir='ltr'><strong>voce</strong></span> <span class='ocrx_word' id='word_1_528' title='bbox 2560 3961 2766 4015; x_wconf 90' lang='lat' dir='ltr'><strong>alienos</strong></span> <span class='ocrx_word' id='word_1_529' title='bbox 2791 3959 3055 4012; x_wconf 86' lang='lat' dir='ltr'><strong>convocat</strong></span> <span class='ocrx_word' id='word_1_530' title='bbox 3102 3948 3297 4020; x_wconf 90' lang='lat' dir='ltr'><strong>pullos.</strong></span> <span class='ocrx_word' id='word_1_531' title='bbox 3326 3941 3429 4008; x_wconf 85' lang='lat' dir='ltr'><strong>Qui</strong></span> 
     </span>
    </p>
   </div>
   <div class='ocr_carea' id='block_1_83' title="bbox 1850 4039 3434 4140">
    <p class='ocr_par' dir='ltr' id='par_1_83' title="bbox 1850 4039 3434 4140">
     <span class='ocr_line' id='line_1_83' title="bbox 1850 4039 3434 4140; baseline -0.022 -17"><span class='ocrx_word' id='word_1_532' title='bbox 1850 4076 2036 4140; x_wconf 89' lang='lat' dir='ltr'><strong>postea</strong></span> <span class='ocrx_word' id='word_1_533' title='bbox 2066 4079 2126 4118; x_wconf 91' lang='lat' dir='ltr'><strong>se</strong></span> <span class='ocrx_word' id='word_1_534' title='bbox 2157 4062 2304 4116; x_wconf 89' lang='lat' dir='ltr'><strong>illius</strong></span> <span class='ocrx_word' id='word_1_535' title='bbox 2323 4073 2436 4113; x_wconf 87' lang='lat' dir='ltr'><strong>non</strong></span> <span class='ocrx_word' id='word_1_536' title='bbox 2463 4068 2588 4110; x_wconf 87' lang='lat' dir='ltr'><strong>esse</strong></span> <span class='ocrx_word' id='word_1_537' title='bbox 2639 4053 3019 4120; x_wconf 74' lang='lat' dir='ltr'><strong>agnoscentes,</strong></span> <span class='ocrx_word' id='word_1_538' title='bbox 3047 4039 3434 4105; x_wconf 82' lang='lat' dir='ltr'><strong>derelinquunt</strong></span> 
     </span>
    </p>
   </div>
   <div class='ocr_carea' id='block_1_84' title="bbox 1850 4135 3432 4214">
    <p class='ocr_par' dir='ltr' id='par_1_84' title="bbox 1850 4135 3432 4214">
     <span class='ocr_line' id='line_1_84' title="bbox 1850 4135 3432 4214; baseline -0.023 1"><span class='ocrx_word' id='word_1_539' title='bbox 1850 4135 1976 4214; x_wconf 74' lang='lat' dir='ltr'><strong>eum</strong></span> <span class='ocrx_word' id='word_1_540' title='bbox 2007 4174 2022 4210; x_wconf 87' lang='lat'><strong>:</strong></span> <span class='ocrx_word' id='word_1_541' title='bbox 2053 4156 2131 4210; x_wconf 88' lang='lat' dir='ltr'><strong>sic</strong></span> <span class='ocrx_word' id='word_1_542' title='bbox 2156 4161 2210 4209; x_wconf 91' lang='lat' dir='ltr'><strong>et</strong></span> <span class='ocrx_word' id='word_1_543' title='bbox 2243 4149 2496 4206; x_wconf 89' lang='lat' dir='ltr'><strong>homines</strong></span> <span class='ocrx_word' id='word_1_544' title='bbox 2523 4161 2552 4200; x_wconf 90' lang='lat' dir='ltr'><strong>a</strong></span> <span class='ocrx_word' id='word_1_545' title='bbox 2574 4140 2788 4199; x_wconf 87' lang='lat' dir='ltr'><strong>diabolo</strong></span> <span class='ocrx_word' id='word_1_546' title='bbox 2836 4135 3049 4204; x_wconf 88' lang='lat' dir='ltr'><strong>decepti</strong></span> <span class='ocrx_word' id='word_1_547' title='bbox 3098 4146 3224 4187; x_wconf 90' lang='lat' dir='ltr'><strong>cum</strong></span> <span class='ocrx_word' id='word_1_548' title='bbox 3271 4141 3432 4182; x_wconf 84' lang='lat' dir='ltr'><strong>suum</strong></span> 
     </span>
    </p>
   </div>
   <div class='ocr_carea' id='block_1_85' title="bbox 1851 4217 3436 4320">
    <p class='ocr_par' dir='ltr' id='par_1_85' title="bbox 1851 4217 3436 4320">
     <span class='ocr_line' id='line_1_85' title="bbox 1851 4217 3436 4320; baseline -0.023 -15"><span class='ocrx_word' id='word_1_549' title='bbox 1851 4248 2100 4320; x_wconf 85' lang='lat' dir='ltr'><strong>opiﬁcem</strong></span> <span class='ocrx_word' id='word_1_550' title='bbox 2131 4243 2532 4310; x_wconf 86' lang='lat' dir='ltr'><strong>Dominumque</strong></span> <span class='ocrx_word' id='word_1_551' title='bbox 2574 4236 2747 4290; x_wconf 89' lang='lat' dir='ltr'><strong>Deum</strong></span> <span class='ocrx_word' id='word_1_552' title='bbox 2793 4224 3133 4302; x_wconf 76' lang='lat' dir='ltr'><strong>agnoverint,</strong></span> <span class='ocrx_word' id='word_1_553' title='bbox 3171 4217 3436 4276; x_wconf 85' lang='lat' dir='ltr'><strong>recedunt</strong></span> 
     </span>
    </p>
   </div>
   <div class='ocr_carea' id='block_1_86' title="bbox 1852 4342 2031 4396">
    <p class='ocr_par' dir='ltr' id='par_1_86' title="bbox 1852 4342 2031 4396">
     <span class='ocr_line' id='line_1_86' title="bbox 1852 4342 2031 4396; baseline -0.017 0"><span class='ocrx_word' id='word_1_554' title='bbox 1852 4342 1921 4396; x_wconf 92' lang='lat' dir='ltr'><strong>ab</strong></span> <span class='ocrx_word' id='word_1_555' title='bbox 1944 4355 2031 4395; x_wconf 90' lang='lat' dir='ltr'><strong>eo.</strong></span> 
     </span>
    </p>
   </div>
   <div class='ocr_carea' id='block_1_87' title="bbox 250 4487 1740 4607">
    <p class='ocr_par' dir='ltr' id='par_1_87' title="bbox 250 4523 1740 4607">
     <span class='ocr_line' id='line_1_87' title="bbox 250 4523 1740 4607; baseline -0.011 -14"><span class='ocrx_word' id='word_1_556' title='bbox 250 4560 269 4593; x_wconf 77' lang='grc' dir='ltr'><strong>ι</strong></span> <span class='ocrx_word' id='word_1_557' title='bbox 309 4542 427 4596; x_wconf 74' lang='grc' dir='ltr'><strong>Καὶ</strong></span> <span class='ocrx_word' id='word_1_558' title='bbox 466 4541 566 4593; x_wconf 82' lang='grc' dir='ltr'><strong>οὐκ</strong></span> <span class='ocrx_word' id='word_1_559' title='bbox 609 4539 695 4592; x_wconf 76' lang='grc' dir='ltr'>ἐπ’</span> <span class='ocrx_word' id='word_1_560' title='bbox 738 4535 990 4607; x_wconf 76' lang='grc' dir='ltr'>ἐσχάτου.</span> <span class='ocrx_word' id='word_1_561' title='bbox 1035 4552 1052 4586; x_wconf 73' lang='grc' dir='ltr'><strong>ι</strong></span> <span class='ocrx_word' id='word_1_562' title='bbox 1103 4529 1320 4600; x_wconf 82' lang='grc' dir='ltr'>Ἐπειδὴ</span> <span class='ocrx_word' id='word_1_563' title='bbox 1356 4527 1596 4598; x_wconf 77' lang='grc' dir='ltr'>ἀκρίτως</span> <span class='ocrx_word' id='word_1_564' title='bbox 1641 4523 1740 4578; x_wconf 61' lang='grc' dir='ltr'><strong>τῶν</strong></span> 
     </span>
    </p>
   </div>
   <div class='ocr_carea' id='block_1_88' title="bbox 1877 4487 3435 4607">
    <p class='ocr_par' dir='ltr' id='par_1_88' title="bbox 1932 4487 3435 4607">
     <span class='ocr_line' id='line_1_88' title="bbox 1932 4487 3435 4574; baseline -0.023 0"><span class='ocrx_word' id='word_1_565' title='bbox 1932 4538 1951 4571; x_wconf 89' lang='grc'><em>‹</em></span> <span class='ocrx_word' id='word_1_566' title='bbox 1984 4517 2124 4572; x_wconf 89' lang='lat' dir='ltr'><strong>Etin</strong></span> <span class='ocrx_word' id='word_1_567' title='bbox 2156 4513 2458 4570; x_wconf 87' lang='lat' dir='ltr'><strong>novissimo</strong></span> <span class='ocrx_word' id='word_1_568' title='bbox 2497 4508 2602 4565; x_wconf 89' lang='lat' dir='ltr'><strong>erit</strong></span> <span class='ocrx_word' id='word_1_569' title='bbox 2651 4503 2941 4574; x_wconf 80' lang='lat' dir='ltr'><strong>insipiens.</strong></span> <span class='ocrx_word' id='word_1_570' title='bbox 2981 4517 3000 4550; x_wconf 69' lang='grc' dir='ltr'><strong>ι</strong></span> <span class='ocrx_word' id='word_1_571' title='bbox 3031 4492 3305 4562; x_wconf 84' lang='lat' dir='ltr'><strong>Quoniam</strong></span> <span class='ocrx_word' id='word_1_572' title='bbox 3346 4487 3435 4543; x_wconf 91' lang='lat' dir='ltr'><strong>in-</strong></span> 
     </span>
     <span class='ocr_line' id='line_1_89' title="bbox 2196 4578 3435 4607; baseline -0.021 26"><span class='ocrx_word' id='word_1_573' title='bbox 2196 4605 2204 4607; x_wconf 73' lang='grc'><strong><em>-</em></strong></span> <span class='ocrx_word' id='word_1_574' title='bbox 2582 4598 2594 4607; x_wconf 90' lang='grc'><strong>·</strong></span> <span class='ocrx_word' id='word_1_575' title='bbox 2638 4595 2670 4607; x_wconf 69' lang='grc' dir='ltr'><strong>·ι</strong></span> <span class='ocrx_word' id='word_1_576' title='bbox 2731 4603 2741 4607; x_wconf 93' lang='grc'><strong><em>-</em></strong></span> <span class='ocrx_word' id='word_1_577' title='bbox 2839 4591 2940 4607; x_wconf 55' lang='grc' dir='ltr'><strong>ιη-</strong></span> <span class='ocrx_word' id='word_1_578' title='bbox 2986 4587 3304 4607; x_wconf 52' lang='grc' dir='ltr'><strong>ηιμ-...ηδ</strong></span> <span class='ocrx_word' id='word_1_579' title='bbox 3349 4578 3435 4607; x_wconf 71' lang='grc' dir='ltr'>ι..-</span> 
     </span>
    </p>
   </div>
   <div class='ocr_carea' id='block_1_89' title="bbox 174 4613 1755 4703">
    <p class='ocr_par' dir='ltr' id='par_1_89' title="bbox 174 4613 1755 4703">
     <span class='ocr_line' id='line_1_90' title="bbox 174 4613 1755 4703; baseline -0.013 -17"><span class='ocrx_word' id='word_1_580' title='bbox 174 4632 474 4703; x_wconf 81' lang='grc' dir='ltr'>ἀλλοτρίων</span> <span class='ocrx_word' id='word_1_581' title='bbox 495 4629 842 4699; x_wconf 82' lang='grc' dir='ltr'>ἐπεθύμησεν</span> <span class='ocrx_word' id='word_1_582' title='bbox 865 4665 881 4691; x_wconf 90' lang='grc'><strong>,</strong></span> <span class='ocrx_word' id='word_1_583' title='bbox 911 4624 1138 4694; x_wconf 72' lang='grc' dir='ltr'>ὕστερον</span> <span class='ocrx_word' id='word_1_584' title='bbox 1160 4620 1512 4691; x_wconf 79' lang='grc' dir='ltr'>ἐλεγχόμενος</span> <span class='ocrx_word' id='word_1_585' title='bbox 1535 4613 1755 4684; x_wconf 85' lang='grc' dir='ltr'>δειχθή-</span> 
     </span>
    </p>
   </div>
   <div class='ocr_carea' id='block_1_90' title="bbox 179 4724 568 4793">
    <p class='ocr_par' dir='ltr' id='par_1_90' title="bbox 179 4724 568 4793">
     <span class='ocr_line' id='line_1_91' title="bbox 179 4724 568 4793; baseline -0.01 -15"><span class='ocrx_word' id='word_1_586' title='bbox 179 4743 332 4778; x_wconf 89' lang='grc' dir='ltr'>σεται</span> <span class='ocrx_word' id='word_1_587' title='bbox 354 4724 568 4793; x_wconf 74' lang='grc' dir='ltr'>ἄφρων.</span> 
     </span>
    </p>
   </div>
   <div class='ocr_carea' id='block_1_91' title="bbox 255 4799 1756 4886">
    <p class='ocr_par' dir='ltr' id='par_1_91' title="bbox 255 4799 1756 4886">
     <span class='ocr_line' id='line_1_92' title="bbox 255 4799 1756 4886; baseline -0.012 -18"><span class='ocrx_word' id='word_1_588' title='bbox 255 4835 272 4868; x_wconf 82' lang='grc' dir='ltr'><strong>ι</strong></span> <span class='ocrx_word' id='word_1_589' title='bbox 313 4815 534 4886; x_wconf 86' lang='grc' dir='ltr'>Θρόνος.</span> <span class='ocrx_word' id='word_1_590' title='bbox 561 4804 686 4879; x_wconf 48' lang='grc' dir='ltr'>ι’,Σὺ</span> <span class='ocrx_word' id='word_1_591' title='bbox 716 4806 783 4871; x_wconf 75' lang='grc' dir='ltr'>εἷ.</span> <span class='ocrx_word' id='word_1_592' title='bbox 817 4808 971 4878; x_wconf 75' lang='grc' dir='ltr'>φησὶ,</span> <span class='ocrx_word' id='word_1_593' title='bbox 997 4805 1221 4876; x_wconf 81' lang='grc' dir='ltr'>Κύριος.</span> <span class='ocrx_word' id='word_1_594' title='bbox 1262 4805 1289 4856; x_wconf 90' lang='lat'><strong>6</strong></span> <span class='ocrx_word' id='word_1_595' title='bbox 1316 4803 1406 4855; x_wconf 72' lang='grc' dir='ltr'>τὸν</span> <span class='ocrx_word' id='word_1_596' title='bbox 1434 4799 1624 4870; x_wconf 90' lang='grc' dir='ltr'>θρόνον</span> <span class='ocrx_word' id='word_1_597' title='bbox 1654 4799 1756 4868; x_wconf 82' lang='grc' dir='ltr'>τῆς</span> 
     </span>
    </p>
   </div>
   <div class='ocr_carea' id='block_1_92' title="bbox 180 4888 1756 4976">
    <p class='ocr_par' dir='ltr' id='par_1_92' title="bbox 180 4888 1756 4976">
     <span class='ocr_line' id='line_1_93' title="bbox 180 4888 1756 4976; baseline -0.01 -19"><span class='ocrx_word' id='word_1_598' title='bbox 180 4901 334 4976; x_wconf 82' lang='grc' dir='ltr'>δόξης</span> <span class='ocrx_word' id='word_1_599' title='bbox 362 4905 498 4975; x_wconf 76' lang='grc' dir='ltr'>ἔχων</span> <span class='ocrx_word' id='word_1_600' title='bbox 522 4902 615 4955; x_wconf 86' lang='grc' dir='ltr'>τὸν</span> <span class='ocrx_word' id='word_1_601' title='bbox 644 4901 865 4972; x_wconf 67' lang='grc' dir='ltr'>ὑψηλὸν,</span> <span class='ocrx_word' id='word_1_602' title='bbox 892 4898 984 4952; x_wconf 76' lang='grc' dir='ltr'>καὶ</span> <span class='ocrx_word' id='word_1_603' title='bbox 1012 4897 1073 4950; x_wconf 79' lang='grc' dir='ltr'><strong>τὸ</strong></span> <span class='ocrx_word' id='word_1_604' title='bbox 1091 4892 1230 4949; x_wconf 76' lang='grc' dir='ltr'>εἶναι</span> <span class='ocrx_word' id='word_1_605' title='bbox 1259 4895 1410 4964; x_wconf 81' lang='grc' dir='ltr'>ἡμῖν,</span> <span class='ocrx_word' id='word_1_606' title='bbox 1436 4891 1530 4944; x_wconf 71' lang='grc' dir='ltr'><strong>καὶ</strong></span> <span class='ocrx_word' id='word_1_607' title='bbox 1555 4890 1615 4943; x_wconf 79' lang='grc' dir='ltr'><strong>τὸ</strong></span> <span class='ocrx_word' id='word_1_608' title='bbox 1641 4888 1756 4942; x_wconf 74' lang='grc' dir='ltr'>διά-</span> 
     </span>
    </p>
   </div>
   <div class='ocr_carea' id='block_1_93' title="bbox 187 4994 678 5066">
    <p class='ocr_par' dir='ltr' id='par_1_93' title="bbox 187 4994 678 5066">
     <span class='ocr_line' id='line_1_94' title="bbox 187 4994 678 5066; baseline -0.002 -19"><span class='ocrx_word' id='word_1_609' title='bbox 187 4995 369 5064; x_wconf 83' lang='grc' dir='ltr'>μένειν</span> <span class='ocrx_word' id='word_1_610' title='bbox 401 4994 678 5066; x_wconf 83' lang='grc' dir='ltr'>παρέχων.</span> 
     </span>
    </p>
   </div>
   <div class='ocr_carea' id='block_1_94' title="bbox 263 5072 1756 5156">
    <p class='ocr_par' dir='ltr' id='par_1_94' title="bbox 263 5072 1756 5156">
     <span class='ocr_line' id='line_1_95' title="bbox 263 5072 1756 5156; baseline -0.01 -19"><span class='ocrx_word' id='word_1_611' title='bbox 263 5103 284 5137; x_wconf 76' lang='grc' dir='ltr'><strong>ι</strong></span> <span class='ocrx_word' id='word_1_612' title='bbox 340 5083 935 5156; x_wconf 79' lang='grc' dir='ltr'>Καταισχυνθήτωσαν.</span> <span class='ocrx_word' id='word_1_613' title='bbox 971 5098 990 5132; x_wconf 74' lang='grc' dir='ltr'><strong>ι</strong></span> <span class='ocrx_word' id='word_1_614' title='bbox 1049 5078 1114 5131; x_wconf 80' lang='grc' dir='ltr'><strong>Οἱ</strong></span> <span class='ocrx_word' id='word_1_615' title='bbox 1155 5072 1310 5130; x_wconf 84' lang='grc' dir='ltr'><strong>,Θεοῦ</strong></span> <span class='ocrx_word' id='word_1_616' title='bbox 1357 5072 1756 5142; x_wconf 79' lang='grc' dir='ltr'>ἀφεστηκότες,</span> 
     </span>
    </p>
   </div>
   <div class='ocr_carea' id='block_1_95' title="bbox 192 5162 1760 5248">
    <p class='ocr_par' dir='ltr' id='par_1_95' title="bbox 192 5162 1760 5248">
     <span class='ocr_line' id='line_1_96' title="bbox 192 5162 1760 5248; baseline -0.009 -19"><span class='ocrx_word' id='word_1_617' title='bbox 192 5175 345 5244; x_wconf 78' lang='grc' dir='ltr'>φησὶ,</span> <span class='ocrx_word' id='word_1_618' title='bbox 379 5179 452 5248; x_wconf 80' lang='grc' dir='ltr'>μὴ</span> <span class='ocrx_word' id='word_1_619' title='bbox 479 5180 538 5231; x_wconf 76' lang='grc' dir='ltr'>ὲν</span> <span class='ocrx_word' id='word_1_620' title='bbox 566 5176 801 5248; x_wconf 82' lang='grc' dir='ltr'>οὐρανῷ,</span> <span class='ocrx_word' id='word_1_621' title='bbox 841 5173 955 5228; x_wconf 86' lang='grc' dir='ltr'>ἀλλ’</span> <span class='ocrx_word' id='word_1_622' title='bbox 989 5172 1047 5224; x_wconf 84' lang='grc' dir='ltr'><strong>ὲν</strong></span> <span class='ocrx_word' id='word_1_623' title='bbox 1082 5171 1153 5238; x_wconf 82' lang='grc' dir='ltr'>γῇ</span> <span class='ocrx_word' id='word_1_624' title='bbox 1189 5167 1582 5238; x_wconf 79' lang='grc' dir='ltr'>γραφὴτωσαν,</span> <span class='ocrx_word' id='word_1_625' title='bbox 1615 5162 1760 5217; x_wconf 85' lang='grc' dir='ltr'><strong>κατά</strong></span> 
     </span>
    </p>
   </div>
   <div class='ocr_carea' id='block_1_96' title="bbox 189 5260 1238 5335">
    <p class='ocr_par' dir='ltr' id='par_1_96' title="bbox 189 5260 1238 5335">
     <span class='ocr_line' id='line_1_97' title="bbox 189 5260 1238 5335; baseline -0.004 -19"><span class='ocrx_word' id='word_1_626' title='bbox 189 5264 277 5330; x_wconf 83' lang='grc' dir='ltr'><strong>τὸ,</strong></span> <span class='ocrx_word' id='word_1_627' title='bbox 310 5265 400 5335; x_wconf 83' lang='grc' dir='ltr'><strong>Γῆ</strong></span> <span class='ocrx_word' id='word_1_628' title='bbox 430 5264 504 5331; x_wconf 80' lang='grc' dir='ltr'>ετ,</span> <span class='ocrx_word' id='word_1_629' title='bbox 533 5267 629 5321; x_wconf 80' lang='grc' dir='ltr'>καὶ</span> <span class='ocrx_word' id='word_1_630' title='bbox 661 5269 746 5331; x_wconf 84' lang='grc' dir='ltr'><strong>εις</strong></span> <span class='ocrx_word' id='word_1_631' title='bbox 766 5263 882 5334; x_wconf 77' lang='grc' dir='ltr'>γῆν</span> <span class='ocrx_word' id='word_1_632' title='bbox 905 5260 1238 5327; x_wconf 75' lang='grc' dir='ltr'>ἀπελεύσῃ.</span> 
     </span>
    </p>
   </div>
   <div class='ocr_carea' id='block_1_97' title="bbox 269 5429 1759 5514">
    <p class='ocr_par' dir='ltr' id='par_1_97' title="bbox 269 5429 1759 5514">
     <span class='ocr_line' id='line_1_98' title="bbox 269 5429 1759 5514; baseline -0.01 -18"><span class='ocrx_word' id='word_1_633' title='bbox 269 5463 288 5496; x_wconf 77' lang='grc' dir='ltr'><strong>ι</strong></span> <span class='ocrx_word' id='word_1_634' title='bbox 329 5445 438 5498; x_wconf 73' lang='grc' dir='ltr'><strong>Καὶ</strong></span> <span class='ocrx_word' id='word_1_635' title='bbox 467 5445 702 5514; x_wconf 68' lang='grc' dir='ltr'>ἡμέραν.</span> <span class='ocrx_word' id='word_1_636' title='bbox 730 5461 750 5494; x_wconf 73' lang='grc' dir='ltr'><strong>ι</strong></span> <span class='ocrx_word' id='word_1_637' title='bbox 776 5441 924 5496; x_wconf 76' lang='grc' dir='ltr'>Ἀντὶ</span> <span class='ocrx_word' id='word_1_638' title='bbox 949 5437 1069 5504; x_wconf 81' lang='grc' dir='ltr'>τοῦ,</span> <span class='ocrx_word' id='word_1_639' title='bbox 1093 5435 1305 5498; x_wconf 82' lang='grc' dir='ltr'>οὐδενὸς</span> <span class='ocrx_word' id='word_1_640' title='bbox 1335 5433 1444 5487; x_wconf 85' lang='grc' dir='ltr'><strong>τῷν</strong></span> <span class='ocrx_word' id='word_1_641' title='bbox 1479 5429 1759 5502; x_wconf 83' lang='grc' dir='ltr'>ἀνθρωπί-</span> 
     </span>
    </p>
   </div>
   <div class='ocr_carea' id='block_1_98' title="bbox 191 5552 312 5590">
    <p class='ocr_par' dir='ltr' id='par_1_98' title="bbox 191 5552 312 5590">
     <span class='ocr_line' id='line_1_99' title="bbox 191 5552 312 5590; baseline 0.008 -2"><span class='ocrx_word' id='word_1_642' title='bbox 191 5552 262 5589; x_wconf 87' lang='grc' dir='ltr'>νω</span> <span class='ocrx_word' id='word_1_643' title='bbox 269 5554 312 5590; x_wconf 92' lang='grc' dir='ltr'>ν.</span> 
     </span>
    </p>
   </div>
   <div class='ocr_carea' id='block_1_99' title="bbox 259 5616 1758 5704">
    <p class='ocr_par' dir='ltr' id='par_1_99' title="bbox 259 5616 1758 5704">
     <span class='ocr_line' id='line_1_100' title="bbox 259 5616 1758 5704; baseline -0.009 -24"><span class='ocrx_word' id='word_1_644' title='bbox 259 5648 277 5680; x_wconf 80' lang='grc' dir='ltr'><strong>ι</strong></span> <span class='ocrx_word' id='word_1_645' title='bbox 306 5631 412 5704; x_wconf 80' lang='grc' dir='ltr'><strong>Μὴ</strong></span> <span class='ocrx_word' id='word_1_646' title='bbox 437 5623 674 5700; x_wconf 82' lang='grc' dir='ltr'>γενηθῇς</span> <span class='ocrx_word' id='word_1_647' title='bbox 705 5643 813 5696; x_wconf 90' lang='grc' dir='ltr'>μοι.</span> <span class='ocrx_word' id='word_1_648' title='bbox 855 5642 874 5676; x_wconf 75' lang='grc' dir='ltr'><strong>ι</strong></span> <span class='ocrx_word' id='word_1_649' title='bbox 917 5624 1006 5678; x_wconf 84' lang='grc' dir='ltr'>Ἑν</span> <span class='ocrx_word' id='word_1_650' title='bbox 1030 5624 1094 5694; x_wconf 77' lang='grc' dir='ltr'>τῇ</span> <span class='ocrx_word' id='word_1_651' title='bbox 1121 5620 1361 5690; x_wconf 81' lang='grc' dir='ltr'>ὲπιπόνῳ</span> <span class='ocrx_word' id='word_1_652' title='bbox 1390 5617 1483 5670; x_wconf 80' lang='grc' dir='ltr'>καὶ</span> <span class='ocrx_word' id='word_1_653' title='bbox 1505 5616 1758 5686; x_wconf 81' lang='grc' dir='ltr'>ὲταστικῇ</span> 
     </span>
    </p>
   </div>
   <div class='ocr_carea' id='block_1_100' title="bbox 265 5793 1584 5873">
    <p class='ocr_par' dir='ltr' id='par_1_100' title="bbox 265 5793 1584 5873">
     <span class='ocr_line' id='line_1_101' title="bbox 265 5793 1584 5873; baseline -0.017 -7"><span class='ocrx_word' id='word_1_654' title='bbox 265 5809 306 5841; x_wconf 79' lang='lat'><strong><em>“</em></strong></span> <span class='ocrx_word' id='word_1_655' title='bbox 327 5807 433 5866; x_wconf 86' lang='lat' dir='ltr'><strong>lsa.</strong></span> <span class='ocrx_word' id='word_1_656' title='bbox 466 5808 633 5873; x_wconf 73' lang='lat'><strong>11,12;</strong></span> <span class='ocrx_word' id='word_1_657' title='bbox 667 5804 824 5860; x_wconf 74' lang='lat' dir='ltr'><strong>Rom.</strong></span> <span class='ocrx_word' id='word_1_658' title='bbox 848 5819 936 5869; x_wconf 76' lang='lat' dir='ltr'><strong>xv,</strong></span> <span class='ocrx_word' id='word_1_659' title='bbox 963 5800 1046 5854; x_wconf 81' lang='grc'>12.</span> <span class='ocrx_word' id='word_1_660' title='bbox 1128 5800 1170 5832; x_wconf 84' lang='grc'><strong>¹⁵</strong></span> <span class='ocrx_word' id='word_1_661' title='bbox 1204 5800 1339 5854; x_wconf 80' lang='lat' dir='ltr'><strong>Gen.</strong></span> <span class='ocrx_word' id='word_1_662' title='bbox 1377 5812 1458 5859; x_wconf 88' lang='grc' dir='ltr'>ιιι,</span> <span class='ocrx_word' id='word_1_663' title='bbox 1500 5793 1584 5846; x_wconf 83' lang='lat'><strong>19.</strong></span> 
     </span>
    </p>
   </div>
   <div class='ocr_carea' id='block_1_101' title="bbox 1857 4578 3438 4668">
    <p class='ocr_par' dir='ltr' id='par_1_101' title="bbox 1857 4578 3438 4668">
     <span class='ocr_line' id='line_1_102' title="bbox 1857 4578 3438 4668; baseline -0.021 -4"><span class='ocrx_word' id='word_1_664' title='bbox 1857 4607 2104 4664; x_wconf 87' lang='lat' dir='ltr'><strong>consulte</strong></span> <span class='ocrx_word' id='word_1_665' title='bbox 2139 4605 2314 4659; x_wconf 89' lang='lat' dir='ltr'><strong>aliena</strong></span> <span class='ocrx_word' id='word_1_666' title='bbox 2365 4595 2698 4668; x_wconf 88' lang='lat' dir='ltr'><strong>concupivit,</strong></span> <span class='ocrx_word' id='word_1_667' title='bbox 2728 4591 2946 4648; x_wconf 87' lang='lat' dir='ltr'><strong>tandem</strong></span> <span class='ocrx_word' id='word_1_668' title='bbox 2986 4587 3308 4654; x_wconf 79' lang='lat' dir='ltr'><strong>redargutus</strong></span> <span class='ocrx_word' id='word_1_669' title='bbox 3349 4578 3438 4632; x_wconf 89' lang='lat' dir='ltr'><strong>in-</strong></span> 
     </span>
    </p>
   </div>
   <div class='ocr_carea' id='block_1_102' title="bbox 1857 4692 2572 4770">
    <p class='ocr_par' dir='ltr' id='par_1_102' title="bbox 1857 4692 2572 4770">
     <span class='ocr_line' id='line_1_103' title="bbox 1857 4692 2572 4770; baseline -0.02 -14"><span class='ocrx_word' id='word_1_670' title='bbox 1857 4700 2063 4770; x_wconf 87' lang='lat' dir='ltr'><strong>sipiens</strong></span> <span class='ocrx_word' id='word_1_671' title='bbox 2089 4692 2572 4751; x_wconf 86' lang='lat' dir='ltr'><strong>demonstrabitur.</strong></span> 
     </span>
    </p>
   </div>
   <div class='ocr_carea' id='block_1_103' title="bbox 1927 4756 3441 4843">
    <p class='ocr_par' dir='ltr' id='par_1_103' title="bbox 1927 4756 3441 4843">
     <span class='ocr_line' id='line_1_104' title="bbox 1927 4756 3441 4843; baseline -0.023 0"><span class='ocrx_word' id='word_1_672' title='bbox 1927 4787 1993 4843; x_wconf 76' lang='grc' dir='ltr'><strong>ν.</strong></span> <span class='ocrx_word' id='word_1_673' title='bbox 2026 4786 2113 4841; x_wconf 73' lang='lat'><strong>12.</strong></span> <span class='ocrx_word' id='word_1_674' title='bbox 2139 4801 2158 4835; x_wconf 77' lang='grc' dir='ltr'><strong>ι</strong></span> <span class='ocrx_word' id='word_1_675' title='bbox 2191 4783 2418 4836; x_wconf 89' lang='lat' dir='ltr'><strong>Solium.</strong></span> <span class='ocrx_word' id='word_1_676' title='bbox 2450 4797 2469 4828; x_wconf 72' lang='grc' dir='ltr'><strong>ι</strong></span> <span class='ocrx_word' id='word_1_677' title='bbox 2504 4775 2586 4828; x_wconf 89' lang='lat' dir='ltr'><strong>Tu</strong></span> <span class='ocrx_word' id='word_1_678' title='bbox 2609 4787 2690 4834; x_wconf 90' lang='lat' dir='ltr'><strong>es,</strong></span> <span class='ocrx_word' id='word_1_679' title='bbox 2717 4759 3221 4832; x_wconf 88' lang='lat' dir='ltr'><strong>ait,Dominus,qui</strong></span> <span class='ocrx_word' id='word_1_680' title='bbox 3245 4756 3441 4812; x_wconf 89' lang='lat' dir='ltr'><strong>solium</strong></span> 
     </span>
    </p>
   </div>
   <div class='ocr_carea' id='block_1_104' title="bbox 1856 4848 3440 4949">
    <p class='ocr_par' dir='ltr' id='par_1_104' title="bbox 1856 4848 3440 4949">
     <span class='ocr_line' id='line_1_105' title="bbox 1856 4848 3440 4949; baseline -0.024 -16"><span class='ocrx_word' id='word_1_681' title='bbox 1856 4879 2041 4949; x_wconf 69' lang='lat' dir='ltr'><strong>gloriae</strong></span> <span class='ocrx_word' id='word_1_682' title='bbox 2069 4871 2315 4944; x_wconf 84' lang='lat' dir='ltr'><strong>possides</strong></span> <span class='ocrx_word' id='word_1_683' title='bbox 2345 4866 2640 4924; x_wconf 78' lang='lat' dir='ltr'><strong>excelsum,</strong></span> <span class='ocrx_word' id='word_1_684' title='bbox 2676 4857 2948 4923; x_wconf 88' lang='lat' dir='ltr'><strong>nobisque</strong></span> <span class='ocrx_word' id='word_1_685' title='bbox 2985 4850 3130 4922; x_wconf 87' lang='lat' dir='ltr'><strong>quod</strong></span> <span class='ocrx_word' id='word_1_686' title='bbox 3159 4848 3330 4902; x_wconf 88' lang='lat' dir='ltr'><strong>simus</strong></span> <span class='ocrx_word' id='word_1_687' title='bbox 3384 4849 3440 4896; x_wconf 89' lang='lat' dir='ltr'><strong>et</strong></span> 
     </span>
    </p>
   </div>
   <div class='ocr_carea' id='block_1_105' title="bbox 1855 4966 2521 5030">
    <p class='ocr_par' dir='ltr' id='par_1_105' title="bbox 1855 4966 2521 5030">
     <span class='ocr_line' id='line_1_106' title="bbox 1855 4966 2521 5030; baseline -0.026 -4"><span class='ocrx_word' id='word_1_688' title='bbox 1855 4979 2246 5026; x_wconf 65' lang='lat' dir='ltr'><strong>COIISBI‘VBmUI&#39;</strong></span> <span class='ocrx_word' id='word_1_689' title='bbox 2274 4966 2521 5030; x_wconf 64' lang='lat' dir='ltr'><strong>praestas.</strong></span> 
     </span>
    </p>
   </div>
   <div class='ocr_carea' id='block_1_106' title="bbox 1931 5028 3439 5125">
    <p class='ocr_par' dir='ltr' id='par_1_106' title="bbox 1931 5028 3439 5125">
     <span class='ocr_line' id='line_1_107' title="bbox 1931 5028 3439 5125; baseline -0.025 -10"><span class='ocrx_word' id='word_1_690' title='bbox 1931 5059 1992 5114; x_wconf 78' lang='grc' dir='ltr'>γ.</span> <span class='ocrx_word' id='word_1_691' title='bbox 2031 5058 2116 5112; x_wconf 78' lang='grc'><strong>15.</strong></span> <span class='ocrx_word' id='word_1_692' title='bbox 2186 5070 2206 5106; x_wconf 77' lang='grc' dir='ltr'><strong>ι</strong></span> <span class='ocrx_word' id='word_1_693' title='bbox 2230 5028 2666 5109; x_wconf 74' lang='lat' dir='ltr'><strong>confundantur.</strong></span> <span class='ocrx_word' id='word_1_694' title='bbox 2706 5061 2724 5095; x_wconf 73' lang='grc' dir='ltr'><strong>ι</strong></span> <span class='ocrx_word' id='word_1_695' title='bbox 2763 5039 2866 5107; x_wconf 86' lang='lat' dir='ltr'><strong>Qui</strong></span> <span class='ocrx_word' id='word_1_696' title='bbox 2936 5038 3301 5125; x_wconf 67' lang='lat' dir='ltr'><strong>recesserunt,</strong></span> <span class='ocrx_word' id='word_1_697' title='bbox 3351 5028 3439 5082; x_wconf 90' lang='lat' dir='ltr'><strong>in-</strong></span> 
     </span>
    </p>
   </div>
   <div class='ocr_carea' id='block_1_107' title="bbox 1860 5123 3436 5224">
    <p class='ocr_par' dir='ltr' id='par_1_107' title="bbox 1860 5123 3436 5224">
     <span class='ocr_line' id='line_1_108' title="bbox 1860 5123 3436 5224; baseline -0.023 -14"><span class='ocrx_word' id='word_1_698' title='bbox 1860 5154 1997 5224; x_wconf 87' lang='lat' dir='ltr'><strong>quit,</strong></span> <span class='ocrx_word' id='word_1_699' title='bbox 2023 5167 2053 5206; x_wconf 92' lang='lat' dir='ltr'><strong>a</strong></span> <span class='ocrx_word' id='word_1_700' title='bbox 2084 5151 2208 5212; x_wconf 80' lang='lat' dir='ltr'><strong>Deo,</strong></span> <span class='ocrx_word' id='word_1_701' title='bbox 2253 5161 2358 5200; x_wconf 89' lang='lat' dir='ltr'><strong>non</strong></span> <span class='ocrx_word' id='word_1_702' title='bbox 2389 5146 2444 5198; x_wconf 92' lang='lat' dir='ltr'><strong>in</strong></span> <span class='ocrx_word' id='word_1_703' title='bbox 2479 5139 2639 5201; x_wconf 74' lang='lat' dir='ltr'><strong>cmlo,</strong></span> <span class='ocrx_word' id='word_1_704' title='bbox 2667 5135 2760 5191; x_wconf 90' lang='lat' dir='ltr'><strong>sed</strong></span> <span class='ocrx_word' id='word_1_705' title='bbox 2791 5134 2847 5188; x_wconf 91' lang='lat' dir='ltr'><strong>in</strong></span> <span class='ocrx_word' id='word_1_706' title='bbox 2902 5139 3048 5185; x_wconf 86' lang='lat' dir='ltr'><strong>terra</strong></span> <span class='ocrx_word' id='word_1_707' title='bbox 3090 5123 3436 5186; x_wconf 81' lang='lat' dir='ltr'><strong>scribantur,</strong></span> 
     </span>
    </p>
   </div>
   <div class='ocr_carea' id='block_1_108' title="bbox 1859 5223 3439 5318">
    <p class='ocr_par' dir='ltr' id='par_1_108' title="bbox 1859 5223 3439 5318">
     <span class='ocr_line' id='line_1_109' title="bbox 1859 5223 3439 5318; baseline -0.023 -17"><span class='ocrx_word' id='word_1_708' title='bbox 1859 5223 2009 5318; x_wconf 79' lang='lat' dir='ltr'><strong>juxta</strong></span> <span class='ocrx_word' id='word_1_709' title='bbox 2077 5241 2258 5296; x_wconf 82' lang='lat' dir='ltr'><strong>illud:</strong></span> <span class='ocrx_word' id='word_1_710' title='bbox 2302 5256 2321 5289; x_wconf 80' lang='grc' dir='ltr'><strong>ι</strong></span> <span class='ocrx_word' id='word_1_711' title='bbox 2372 5236 2529 5290; x_wconf 85' lang='lat' dir='ltr'><strong>Terra</strong></span> <span class='ocrx_word' id='word_1_712' title='bbox 2583 5247 2666 5295; x_wconf 80' lang='lat' dir='ltr'><strong>es,</strong></span> <span class='ocrx_word' id='word_1_713' title='bbox 2725 5237 2774 5283; x_wconf 83' lang='lat' dir='ltr'><strong>et</strong></span> <span class='ocrx_word' id='word_1_714' title='bbox 2819 5227 2878 5280; x_wconf 72' lang='lat' dir='ltr'><strong>in</strong></span> <span class='ocrx_word' id='word_1_715' title='bbox 2925 5235 3122 5277; x_wconf 79' lang='lat' dir='ltr'><strong>terram</strong></span> <span class='ocrx_word' id='word_1_716' title='bbox 3171 5223 3439 5269; x_wconf 81' lang='lat' dir='ltr'><strong>converte-</strong></span> 
     </span>
    </p>
   </div>
   <div class='ocr_carea' id='block_1_109' title="bbox 1868 5335 2038 5391">
    <p class='ocr_par' dir='ltr' id='par_1_109' title="bbox 1868 5335 2038 5391">
     <span class='ocr_line' id='line_1_110' title="bbox 1868 5335 2038 5391; baseline 0 0"><span class='ocrx_word' id='word_1_717' title='bbox 1868 5339 1942 5391; x_wconf 75' lang='lat' dir='ltr'><strong>ris</strong></span> <span class='ocrx_word' id='word_1_718' title='bbox 1976 5335 2038 5391; x_wconf 75' lang='grc'>⁸³.</span> 
     </span>
    </p>
   </div>
   <div class='ocr_carea' id='block_1_110' title="bbox 1937 5393 3445 5482">
    <p class='ocr_par' dir='ltr' id='par_1_110' title="bbox 1937 5393 3445 5482">
     <span class='ocr_line' id='line_1_111' title="bbox 1937 5393 3445 5482; baseline -0.024 0"><span class='ocrx_word' id='word_1_719' title='bbox 1937 5427 2003 5482; x_wconf 73' lang='grc' dir='ltr'><strong>ν.</strong></span> <span class='ocrx_word' id='word_1_720' title='bbox 2036 5425 2121 5480; x_wconf 86' lang='lat'><strong>15.</strong></span> <span class='ocrx_word' id='word_1_721' title='bbox 2162 5442 2180 5475; x_wconf 86' lang='grc'><em>‹</em></span> <span class='ocrx_word' id='word_1_722' title='bbox 2215 5421 2278 5476; x_wconf 88' lang='lat' dir='ltr'><strong>Et</strong></span> <span class='ocrx_word' id='word_1_723' title='bbox 2314 5419 2480 5475; x_wconf 87' lang='lat' dir='ltr'><strong>diem.</strong></span> <span class='ocrx_word' id='word_1_724' title='bbox 2516 5433 2535 5466; x_wconf 74' lang='grc' dir='ltr'><strong>ι</strong></span> <span class='ocrx_word' id='word_1_725' title='bbox 2566 5412 2670 5468; x_wconf 86' lang='lat' dir='ltr'><strong>Pro</strong></span> <span class='ocrx_word' id='word_1_726' title='bbox 2693 5451 2708 5477; x_wconf 90' lang='lat'><strong>,</strong></span> <span class='ocrx_word' id='word_1_727' title='bbox 2742 5409 3101 5464; x_wconf 89' lang='lat' dir='ltr'><strong>humanarum</strong></span> <span class='ocrx_word' id='word_1_728' title='bbox 3133 5411 3314 5452; x_wconf 89' lang='lat' dir='ltr'><strong>rerum</strong></span> <span class='ocrx_word' id='word_1_729' title='bbox 3355 5393 3445 5448; x_wconf 90' lang='lat' dir='ltr'><strong>ni-</strong></span> 
     </span>
    </p>
   </div>
   <div class='ocr_carea' id='block_1_111' title="bbox 1869 5519 1965 5574">
    <p class='ocr_par' dir='ltr' id='par_1_111' title="bbox 1869 5519 1965 5574">
     <span class='ocr_line' id='line_1_112' title="bbox 1869 5519 1965 5574; baseline -0.01 0"><span class='ocrx_word' id='word_1_730' title='bbox 1869 5519 1965 5574; x_wconf 91' lang='lat' dir='ltr'><strong>hil.</strong></span> 
     </span>
    </p>
   </div>
   <div class='ocr_carea' id='block_1_112' title="bbox 1937 5579 3442 5666">
    <p class='ocr_par' dir='ltr' id='par_1_112' title="bbox 1937 5579 3442 5666">
     <span class='ocr_line' id='line_1_113' title="bbox 1937 5579 3442 5666; baseline -0.021 -2"><span class='ocrx_word' id='word_1_731' title='bbox 1937 5610 2004 5664; x_wconf 82' lang='lat' dir='ltr'><strong>V.</strong></span> <span class='ocrx_word' id='word_1_732' title='bbox 2039 5609 2122 5666; x_wconf 91' lang='lat'><strong>17.</strong></span> <span class='ocrx_word' id='word_1_733' title='bbox 2197 5626 2214 5659; x_wconf 80' lang='grc' dir='ltr'><strong>ι</strong></span> <span class='ocrx_word' id='word_1_734' title='bbox 2253 5602 2372 5660; x_wconf 77' lang='lat' dir='ltr'><strong>Non</strong></span> <span class='ocrx_word' id='word_1_735' title='bbox 2426 5599 2524 5656; x_wconf 89' lang='lat' dir='ltr'><strong>ﬁas</strong></span> <span class='ocrx_word' id='word_1_736' title='bbox 2572 5597 2707 5654; x_wconf 89' lang='lat' dir='ltr'><strong>mihi</strong></span> <span class='ocrx_word' id='word_1_737' title='bbox 2761 5596 2818 5650; x_wconf 93' lang='lat' dir='ltr'><strong>in</strong></span> <span class='ocrx_word' id='word_1_738' title='bbox 2861 5588 3317 5648; x_wconf 63' lang='lat' dir='ltr'><strong>alienationem.»</strong></span> <span class='ocrx_word' id='word_1_739' title='bbox 3383 5579 3442 5634; x_wconf 85' lang='lat' dir='ltr'><strong>In</strong></span> 
     </span>
    </p>
   </div>
  </div>
