  <div class='ocr_page' id='page_1' title='image "/cluster/home/n/w/nwhite01/storage/ocr_20150623/93/pst.000005712991/345.png"; bbox 0 0 3876 6304; ppageno 0'>
   <div class='ocr_carea' id='block_1_1' title="bbox 413 326 519 392">
    <p class='ocr_par' dir='ltr' id='par_1_1' title="bbox 413 326 519 392">
     <span class='ocr_line' id='line_1_1' title="bbox 413 326 519 392; baseline 0.019 -2"><span class='ocrx_word' id='word_1_1' title='bbox 413 326 519 392; x_wconf 80' lang='lat'>667</span> 
     </span>
    </p>
   </div>
   <div class='ocr_carea' id='block_1_2' title="bbox 1496 320 2591 386">
    <p class='ocr_par' dir='ltr' id='par_1_2' title="bbox 1496 320 2591 386">
     <span class='ocr_line' id='line_1_2' title="bbox 1496 320 2591 386; baseline -0.004 -2"><span class='ocrx_word' id='word_1_2' title='bbox 1496 321 2018 386; x_wconf 82' lang='lat' dir='ltr'>OLYMPIODORI</span> <span class='ocrx_word' id='word_1_3' title='bbox 2056 320 2591 383; x_wconf 80' lang='lat' dir='ltr'>ALEXANDRINI</span> 
     </span>
    </p>
   </div>
   <div class='ocr_carea' id='block_1_3' title="bbox 3602 311 3722 380">
    <p class='ocr_par' dir='ltr' id='par_1_3' title="bbox 3602 311 3722 380">
     <span class='ocr_line' id='line_1_3' title="bbox 3602 311 3722 380; baseline 0 0"><span class='ocrx_word' id='word_1_4' title='bbox 3602 311 3722 380; x_wconf 81' lang='lat'>668</span> 
     </span>
    </p>
   </div>
   <div class='ocr_carea' id='block_1_4' title="bbox 408 392 1992 511">
    <p class='ocr_par' dir='ltr' id='par_1_4' title="bbox 408 433 1992 511">
     <span class='ocr_line' id='line_1_4' title="bbox 408 433 1992 511; baseline -0.003 -20"><span class='ocrx_word' id='word_1_5' title='bbox 408 451 717 493; x_wconf 76' lang='lat' dir='ltr'>aerumnosa</span> <span class='ocrx_word' id='word_1_6' title='bbox 750 443 806 492; x_wconf 87' lang='lat' dir='ltr'>et</span> <span class='ocrx_word' id='word_1_7' title='bbox 851 434 1243 511; x_wconf 78' lang='lat' dir='ltr'>examinatrice</span> <span class='ocrx_word' id='word_1_8' title='bbox 1297 434 1387 491; x_wconf 89' lang='lat' dir='ltr'>die</span> <span class='ocrx_word' id='word_1_9' title='bbox 1411 434 1602 507; x_wconf 74' lang='lat' dir='ltr'>iudicii</span> <span class='ocrx_word' id='word_1_10' title='bbox 1631 451 1742 490; x_wconf 90' lang='lat' dir='ltr'>non</span> <span class='ocrx_word' id='word_1_11' title='bbox 1781 443 1840 490; x_wconf 89' lang='lat' dir='ltr'>ut</span> <span class='ocrx_word' id='word_1_12' title='bbox 1862 433 1992 488; x_wconf 87' lang='lat' dir='ltr'>alie-</span> 
     </span>
    </p>
   </div>
   <div class='ocr_carea' id='block_1_5' title="bbox 2130 392 3718 511">
    <p class='ocr_par' dir='ltr' id='par_1_5' title="bbox 2132 392 3718 502">
     <span class='ocr_line' id='line_1_5' title="bbox 2132 392 3718 502; baseline -0.019 -5"><span class='ocrx_word' id='word_1_13' title='bbox 2132 432 2197 502; x_wconf 81' lang='grc' dir='ltr'>ἧς</span> <span class='ocrx_word' id='word_1_14' title='bbox 2262 430 2499 502; x_wconf 75' lang='grc' dir='ltr'>κρίσεως</span> <span class='ocrx_word' id='word_1_15' title='bbox 2560 426 2746 501; x_wconf 75' lang='grc' dir='ltr'>ἡμέρᾳ</span> <span class='ocrx_word' id='word_1_16' title='bbox 2807 425 2884 498; x_wconf 83' lang='grc' dir='ltr'>μὴ</span> <span class='ocrx_word' id='word_1_17' title='bbox 2933 423 3009 489; x_wconf 75' lang='grc' dir='ltr'>ὣς</span> <span class='ocrx_word' id='word_1_18' title='bbox 3061 392 3345 496; x_wconf 67' lang='grc' dir='ltr'>ἀλλότριος</span> <span class='ocrx_word' id='word_1_19' title='bbox 3395 424 3501 478; x_wconf 78' lang='grc' dir='ltr'>καὶ</span> <span class='ocrx_word' id='word_1_20' title='bbox 3552 424 3718 478; x_wconf 77' lang='grc' dir='ltr'>ἀντί-</span> 
     </span>
    </p>
   </div>
   <div class='ocr_carea' id='block_1_6' title="bbox 409 526 1996 598">
    <p class='ocr_par' dir='ltr' id='par_1_6' title="bbox 409 526 1996 598">
     <span class='ocr_line' id='line_1_6' title="bbox 409 526 1996 598; baseline -0.002 -16"><span class='ocrx_word' id='word_1_21' title='bbox 409 543 516 582; x_wconf 91' lang='lat' dir='ltr'>nus</span> <span class='ocrx_word' id='word_1_22' title='bbox 542 535 595 581; x_wconf 84' lang='lat' dir='ltr'>et</span> <span class='ocrx_word' id='word_1_23' title='bbox 628 527 973 582; x_wconf 82' lang='lat' dir='ltr'>adversarius</span> <span class='ocrx_word' id='word_1_24' title='bbox 1007 542 1289 598; x_wconf 82' lang='lat' dir='ltr'>oppugnes</span> <span class='ocrx_word' id='word_1_25' title='bbox 1314 543 1421 591; x_wconf 88' lang='lat' dir='ltr'>me,</span> <span class='ocrx_word' id='word_1_26' title='bbox 1464 527 1712 594; x_wconf 87' lang='lat' dir='ltr'>Domine,</span> <span class='ocrx_word' id='word_1_27' title='bbox 1732 526 1828 582; x_wconf 90' lang='lat' dir='ltr'>sed</span> <span class='ocrx_word' id='word_1_28' title='bbox 1872 541 1996 597; x_wconf 90' lang='lat' dir='ltr'>par-</span> 
     </span>
    </p>
   </div>
   <div class='ocr_carea' id='block_1_7' title="bbox 410 618 1486 677">
    <p class='ocr_par' dir='ltr' id='par_1_7' title="bbox 410 618 1486 677">
     <span class='ocr_line' id='line_1_7' title="bbox 410 618 1486 677; baseline 0.001 -4"><span class='ocrx_word' id='word_1_29' title='bbox 410 632 543 673; x_wconf 82' lang='lat' dir='ltr'>cens</span> <span class='ocrx_word' id='word_1_30' title='bbox 557 618 694 677; x_wconf 88' lang='lat' dir='ltr'>mihi</span> <span class='ocrx_word' id='word_1_31' title='bbox 718 618 917 674; x_wconf 87' lang='lat' dir='ltr'>delicta</span> <span class='ocrx_word' id='word_1_32' title='bbox 950 635 1071 674; x_wconf 87' lang='lat' dir='ltr'>mea</span> <span class='ocrx_word' id='word_1_33' title='bbox 1092 620 1226 675; x_wconf 92' lang='lat' dir='ltr'>mihi</span> <span class='ocrx_word' id='word_1_34' title='bbox 1249 621 1486 675; x_wconf 82' lang='lat' dir='ltr'>remitte.</span> 
     </span>
    </p>
   </div>
   <div class='ocr_carea' id='block_1_8' title="bbox 481 709 1994 784">
    <p class='ocr_par' dir='ltr' id='par_1_8' title="bbox 481 709 1994 784">
     <span class='ocr_line' id='line_1_8' title="bbox 481 709 1994 784; baseline 0 -21"><span class='ocrx_word' id='word_1_35' title='bbox 481 709 549 763; x_wconf 67' lang='lat' dir='ltr'>V.</span> <span class='ocrx_word' id='word_1_36' title='bbox 584 712 665 767; x_wconf 92' lang='lat' dir='ltr'>I8.</span> <span class='ocrx_word' id='word_1_37' title='bbox 691 729 710 763; x_wconf 76' lang='grc' dir='ltr'>ι</span> <span class='ocrx_word' id='word_1_38' title='bbox 735 710 1173 768; x_wconf 78' lang='lat' dir='ltr'>Confundantur.</span> <span class='ocrx_word' id='word_1_39' title='bbox 1207 730 1226 763; x_wconf 72' lang='grc' dir='ltr'>ι</span> <span class='ocrx_word' id='word_1_40' title='bbox 1268 712 1615 768; x_wconf 66' lang='lat' dir='ltr'>Damonibus</span> <span class='ocrx_word' id='word_1_41' title='bbox 1640 718 1994 784; x_wconf 77' lang='lat' dir='ltr'>Imprecatur,</span> 
     </span>
    </p>
   </div>
   <div class='ocr_carea' id='block_1_9' title="bbox 409 801 1997 872">
    <p class='ocr_par' dir='ltr' id='par_1_9' title="bbox 409 801 1997 872">
     <span class='ocr_line' id='line_1_9' title="bbox 409 801 1997 872; baseline -0.002 -15"><span class='ocrx_word' id='word_1_42' title='bbox 409 814 521 857; x_wconf 89' lang='lat' dir='ltr'>non</span> <span class='ocrx_word' id='word_1_43' title='bbox 549 801 698 856; x_wconf 90' lang='lat' dir='ltr'>enim</span> <span class='ocrx_word' id='word_1_44' title='bbox 724 801 838 856; x_wconf 86' lang='lat' dir='ltr'>vult</span> <span class='ocrx_word' id='word_1_45' title='bbox 872 812 1093 858; x_wconf 91' lang='lat' dir='ltr'>sanctus</span> <span class='ocrx_word' id='word_1_46' title='bbox 1131 804 1215 858; x_wconf 88' lang='lat' dir='ltr'>vir</span> <span class='ocrx_word' id='word_1_47' title='bbox 1256 802 1511 859; x_wconf 87' lang='lat' dir='ltr'>homines</span> <span class='ocrx_word' id='word_1_48' title='bbox 1543 803 1817 872; x_wconf 76' lang='lat' dir='ltr'>perpetuis</span> <span class='ocrx_word' id='word_1_49' title='bbox 1840 801 1997 855; x_wconf 90' lang='lat' dir='ltr'>addi-</span> 
     </span>
    </p>
   </div>
   <div class='ocr_carea' id='block_1_10' title="bbox 412 892 1998 964">
    <p class='ocr_par' dir='ltr' id='par_1_10' title="bbox 412 892 1998 964">
     <span class='ocr_line' id='line_1_10' title="bbox 412 892 1998 964; baseline 0.001 -19"><span class='ocrx_word' id='word_1_50' title='bbox 412 907 539 946; x_wconf 86' lang='lat' dir='ltr'>cere</span> <span class='ocrx_word' id='word_1_51' title='bbox 572 893 878 963; x_wconf 87' lang='lat' dir='ltr'>suppliciis,</span> <span class='ocrx_word' id='word_1_52' title='bbox 916 895 1175 964; x_wconf 88' lang='lat' dir='ltr'>quoniam</span> <span class='ocrx_word' id='word_1_53' title='bbox 1206 904 1259 950; x_wconf 88' lang='lat' dir='ltr'>et</span> <span class='ocrx_word' id='word_1_54' title='bbox 1296 895 1601 964; x_wconf 90' lang='lat' dir='ltr'>iniquitatis</span> <span class='ocrx_word' id='word_1_55' title='bbox 1624 900 1754 949; x_wconf 93' lang='lat' dir='ltr'>sunt</span> <span class='ocrx_word' id='word_1_56' title='bbox 1798 892 1998 947; x_wconf 82' lang='lat' dir='ltr'>inven-</span> 
     </span>
    </p>
   </div>
   <div class='ocr_carea' id='block_1_11' title="bbox 410 986 1668 1058">
    <p class='ocr_par' dir='ltr' id='par_1_11' title="bbox 410 986 1668 1058">
     <span class='ocr_line' id='line_1_11' title="bbox 410 986 1668 1058; baseline 0 -18"><span class='ocrx_word' id='word_1_57' title='bbox 410 992 579 1051; x_wconf 76' lang='lat' dir='ltr'>tores,</span> <span class='ocrx_word' id='word_1_58' title='bbox 609 993 669 1041; x_wconf 77' lang='lat' dir='ltr'>et</span> <span class='ocrx_word' id='word_1_59' title='bbox 690 993 943 1042; x_wconf 84' lang='lat' dir='ltr'>auctores</span> <span class='ocrx_word' id='word_1_60' title='bbox 970 986 1285 1043; x_wconf 82' lang='lat' dir='ltr'>horninibus</span> <span class='ocrx_word' id='word_1_61' title='bbox 1314 998 1371 1043; x_wconf 91' lang='lat' dir='ltr'>et</span> <span class='ocrx_word' id='word_1_62' title='bbox 1402 987 1668 1058; x_wconf 84' lang='lat' dir='ltr'>magistri.</span> 
     </span>
    </p>
   </div>
   <div class='ocr_carea' id='block_1_12' title="bbox 478 1168 1995 1226">
    <p class='ocr_par' dir='ltr' id='par_1_12' title="bbox 478 1168 1995 1226">
     <span class='ocr_line' id='line_1_12' title="bbox 478 1168 1995 1226; baseline 0 -3"><span class='ocrx_word' id='word_1_63' title='bbox 478 1169 545 1223; x_wconf 72' lang='grc' dir='ltr'>ν.</span> <span class='ocrx_word' id='word_1_64' title='bbox 585 1170 674 1225; x_wconf 69' lang='grc'>24.</span> <span class='ocrx_word' id='word_1_65' title='bbox 710 1188 729 1222; x_wconf 75' lang='grc' dir='ltr'>ε</span> <span class='ocrx_word' id='word_1_66' title='bbox 755 1170 827 1226; x_wconf 92' lang='lat' dir='ltr'>Ut</span> <span class='ocrx_word' id='word_1_67' title='bbox 848 1186 958 1225; x_wconf 89' lang='lat' dir='ltr'>non</span> <span class='ocrx_word' id='word_1_68' title='bbox 990 1169 1261 1226; x_wconf 78' lang='lat' dir='ltr'>inferatis.</span> <span class='ocrx_word' id='word_1_69' title='bbox 1303 1189 1322 1223; x_wconf 70' lang='grc' dir='ltr'>ι</span> <span class='ocrx_word' id='word_1_70' title='bbox 1360 1169 1617 1226; x_wconf 79' lang='lat' dir='ltr'>Mensura</span> <span class='ocrx_word' id='word_1_71' title='bbox 1640 1178 1789 1226; x_wconf 89' lang='lat' dir='ltr'>certa</span> <span class='ocrx_word' id='word_1_72' title='bbox 1832 1168 1995 1223; x_wconf 89' lang='lat' dir='ltr'>itine-</span> 
     </span>
    </p>
   </div>
   <div class='ocr_carea' id='block_1_13' title="bbox 409 1261 1998 1332">
    <p class='ocr_par' dir='ltr' id='par_1_13' title="bbox 409 1261 1998 1332">
     <span class='ocr_line' id='line_1_13' title="bbox 409 1261 1998 1332; baseline 0 -17"><span class='ocrx_word' id='word_1_73' title='bbox 409 1261 488 1316; x_wconf 89' lang='lat' dir='ltr'>ris</span> <span class='ocrx_word' id='word_1_74' title='bbox 515 1271 632 1316; x_wconf 85' lang='lat' dir='ltr'>erat</span> <span class='ocrx_word' id='word_1_75' title='bbox 661 1279 673 1315; x_wconf 91' lang='lat'><strong>:</strong></span> <span class='ocrx_word' id='word_1_76' title='bbox 706 1277 845 1332; x_wconf 91' lang='lat' dir='ltr'>opus</span> <span class='ocrx_word' id='word_1_77' title='bbox 881 1263 1356 1319; x_wconf 82' lang='lat' dir='ltr'>enim-videbatur</span> <span class='ocrx_word' id='word_1_78' title='bbox 1383 1278 1505 1318; x_wconf 89' lang='lat' dir='ltr'>esse</span> <span class='ocrx_word' id='word_1_79' title='bbox 1552 1262 1767 1332; x_wconf 78' lang='lat' dir='ltr'>longius</span> <span class='ocrx_word' id='word_1_80' title='bbox 1798 1262 1898 1327; x_wconf 92' lang='lat' dir='ltr'>ire,</span> <span class='ocrx_word' id='word_1_81' title='bbox 1940 1268 1998 1315; x_wconf 89' lang='lat' dir='ltr'>et</span> 
     </span>
    </p>
   </div>
   <div class='ocr_carea' id='block_1_14' title="bbox 410 1348 1994 1423">
    <p class='ocr_par' dir='ltr' id='par_1_14' title="bbox 410 1348 1994 1423">
     <span class='ocr_line' id='line_1_14' title="bbox 410 1348 1994 1423; baseline -0.004 -15"><span class='ocrx_word' id='word_1_82' title='bbox 410 1351 517 1408; x_wconf 90' lang='lat' dir='ltr'>hoc</span> <span class='ocrx_word' id='word_1_83' title='bbox 546 1360 631 1408; x_wconf 91' lang='lat' dir='ltr'>est</span> <span class='ocrx_word' id='word_1_84' title='bbox 658 1354 802 1423; x_wconf 91' lang='lat' dir='ltr'>quod</span> <span class='ocrx_word' id='word_1_85' title='bbox 833 1354 887 1407; x_wconf 93' lang='lat' dir='ltr'>in</span> <span class='ocrx_word' id='word_1_86' title='bbox 904 1353 1132 1409; x_wconf 86' lang='lat' dir='ltr'>Actibus</span> <span class='ocrx_word' id='word_1_87' title='bbox 1173 1354 1545 1423; x_wconf 88' lang='lat' dir='ltr'>apostolorum</span> <span class='ocrx_word' id='word_1_88' title='bbox 1571 1352 1765 1423; x_wconf 87' lang='lat' dir='ltr'>legitur</span> <span class='ocrx_word' id='word_1_89' title='bbox 1805 1367 1818 1405; x_wconf 87' lang='lat'><strong>:</strong></span> <span class='ocrx_word' id='word_1_90' title='bbox 1856 1348 1994 1405; x_wconf 88' lang='lat' dir='ltr'>Sab-</span> 
     </span>
    </p>
   </div>
   <div class='ocr_carea' id='block_1_15' title="bbox 410 1446 964 1501">
    <p class='ocr_par' dir='ltr' id='par_1_15' title="bbox 410 1446 964 1501">
     <span class='ocr_line' id='line_1_15' title="bbox 410 1446 964 1501; baseline 0.005 -3"><span class='ocrx_word' id='word_1_91' title='bbox 410 1446 522 1499; x_wconf 75' lang='lat' dir='ltr'>ban’</span> <span class='ocrx_word' id='word_1_92' title='bbox 552 1446 747 1500; x_wconf 75' lang='lat' dir='ltr'>habens</span> <span class='ocrx_word' id='word_1_93' title='bbox 769 1447 870 1501; x_wconf 82' lang='lat' dir='ltr'>iter</span> <span class='ocrx_word' id='word_1_94' title='bbox 901 1446 964 1501; x_wconf 77' lang='lat'>”.</span> 
     </span>
    </p>
   </div>
   <div class='ocr_carea' id='block_1_16' title="bbox 484 1533 1995 1605">
    <p class='ocr_par' dir='ltr' id='par_1_16' title="bbox 484 1533 1995 1605">
     <span class='ocr_line' id='line_1_16' title="bbox 484 1533 1995 1605; baseline -0.002 -16"><span class='ocrx_word' id='word_1_95' title='bbox 484 1534 661 1592; x_wconf 76' lang='lat' dir='ltr'>v.27.</span> <span class='ocrx_word' id='word_1_96' title='bbox 726 1539 842 1591; x_wconf 72' lang='lat' dir='ltr'>«Et</span> <span class='ocrx_word' id='word_1_97' title='bbox 890 1537 1208 1593; x_wconf 85' lang='lat' dir='ltr'>accendam.</span> <span class='ocrx_word' id='word_1_98' title='bbox 1243 1555 1262 1589; x_wconf 88' lang='grc'><strong>›</strong></span> <span class='ocrx_word' id='word_1_99' title='bbox 1318 1535 1481 1591; x_wconf 82' lang='lat' dir='ltr'>Facta</span> <span class='ocrx_word' id='word_1_100' title='bbox 1535 1533 1995 1605; x_wconf 83' lang='lat' dir='ltr'>inexstinguibilis</span> 
     </span>
    </p>
   </div>
   <div class='ocr_carea' id='block_1_17' title="bbox 409 1622 1994 1699">
    <p class='ocr_par' dir='ltr' id='par_1_17' title="bbox 409 1622 1994 1699">
     <span class='ocr_line' id='line_1_17' title="bbox 409 1622 1994 1699; baseline -0.001 -18"><span class='ocrx_word' id='word_1_101' title='bbox 409 1625 553 1699; x_wconf 78' lang='lat' dir='ltr'>ignis</span> <span class='ocrx_word' id='word_1_102' title='bbox 580 1628 858 1684; x_wconf 87' lang='lat' dir='ltr'>mentione</span> <span class='ocrx_word' id='word_1_103' title='bbox 880 1628 1178 1686; x_wconf 82' lang='lat' dir='ltr'>meditandi</span> <span class='ocrx_word' id='word_1_104' title='bbox 1205 1627 1362 1682; x_wconf 79' lang='lat' dir='ltr'>nobis</span> <span class='ocrx_word' id='word_1_105' title='bbox 1386 1640 1571 1681; x_wconf 86' lang='lat' dir='ltr'>ansam</span> <span class='ocrx_word' id='word_1_106' title='bbox 1596 1625 1819 1696; x_wconf 56' lang='lat' dir='ltr'>praebet,</span> <span class='ocrx_word' id='word_1_107' title='bbox 1852 1622 1994 1694; x_wconf 85' lang='lat' dir='ltr'>quod</span> 
     </span>
    </p>
   </div>
   <div class='ocr_carea' id='block_1_18' title="bbox 410 1718 1996 1793">
    <p class='ocr_par' dir='ltr' id='par_1_18' title="bbox 410 1718 1996 1793">
     <span class='ocr_line' id='line_1_18' title="bbox 410 1718 1996 1793; baseline -0.003 -19"><span class='ocrx_word' id='word_1_108' title='bbox 410 1719 716 1790; x_wconf 83' lang='lat' dir='ltr'>iniquitatis</span> <span class='ocrx_word' id='word_1_109' title='bbox 749 1722 993 1793; x_wconf 90' lang='lat' dir='ltr'>pondera</span> <span class='ocrx_word' id='word_1_110' title='bbox 1025 1736 1136 1777; x_wconf 88' lang='lat' dir='ltr'>non</span> <span class='ocrx_word' id='word_1_111' title='bbox 1164 1720 1529 1791; x_wconf 89' lang='lat' dir='ltr'>deponentem</span> <span class='ocrx_word' id='word_1_112' title='bbox 1585 1718 1824 1772; x_wconf 83' lang='lat' dir='ltr'>animam</span> <span class='ocrx_word' id='word_1_113' title='bbox 1881 1731 1996 1771; x_wconf 90' lang='lat' dir='ltr'>ma-</span> 
     </span>
    </p>
   </div>
   <div class='ocr_carea' id='block_1_19' title="bbox 410 1811 970 1885">
    <p class='ocr_par' dir='ltr' id='par_1_19' title="bbox 410 1811 970 1885">
     <span class='ocr_line' id='line_1_19' title="bbox 410 1811 970 1885; baseline 0.007 -20"><span class='ocrx_word' id='word_1_114' title='bbox 410 1819 508 1868; x_wconf 89' lang='lat' dir='ltr'>net</span> <span class='ocrx_word' id='word_1_115' title='bbox 539 1811 679 1885; x_wconf 80' lang='lat' dir='ltr'>ignis</span> <span class='ocrx_word' id='word_1_116' title='bbox 708 1821 970 1870; x_wconf 70' lang='lat' dir='ltr'>aeternus.</span> 
     </span>
    </p>
   </div>
   <div class='ocr_carea' id='block_1_20' title="bbox 1000 1921 1402 1980">
    <p class='ocr_par' dir='ltr' id='par_1_20' title="bbox 1000 1921 1402 1980">
     <span class='ocr_line' id='line_1_20' title="bbox 1000 1921 1402 1980; baseline -0.005 -2"><span class='ocrx_word' id='word_1_117' title='bbox 1000 1922 1155 1980; x_wconf 84' lang='lat' dir='ltr'>CAP.</span> <span class='ocrx_word' id='word_1_118' title='bbox 1215 1921 1402 1977; x_wconf 79' lang='lat' dir='ltr'>XVIII.</span> 
     </span>
    </p>
   </div>
   <div class='ocr_carea' id='block_1_21' title="bbox 2103 513 3715 592">
    <p class='ocr_par' dir='ltr' id='par_1_21' title="bbox 2103 513 3715 592">
     <span class='ocr_line' id='line_1_21' title="bbox 2103 513 3715 592; baseline -0.004 -14"><span class='ocrx_word' id='word_1_119' title='bbox 2103 525 2252 587; x_wconf 89' lang='grc' dir='ltr'>δικος</span> <span class='ocrx_word' id='word_1_120' title='bbox 2298 524 2704 592; x_wconf 83' lang='grc' dir='ltr'>άντικαταστῇς</span> <span class='ocrx_word' id='word_1_121' title='bbox 2743 538 2855 591; x_wconf 85' lang='grc' dir='ltr'>μοι,</span> <span class='ocrx_word' id='word_1_122' title='bbox 2889 513 2935 573; x_wconf 82' lang='grc' dir='ltr'><strong>ὦ</strong></span> <span class='ocrx_word' id='word_1_123' title='bbox 2978 519 3176 591; x_wconf 85' lang='grc' dir='ltr'>Κύριε,</span> <span class='ocrx_word' id='word_1_124' title='bbox 3209 518 3349 575; x_wconf 78' lang='grc' dir='ltr'>ἀλλὰ</span> <span class='ocrx_word' id='word_1_125' title='bbox 3375 517 3715 589; x_wconf 76' lang='grc' dir='ltr'>φειδόμενός</span> 
     </span>
    </p>
   </div>
   <div class='ocr_carea' id='block_1_22' title="bbox 2107 617 3239 693">
    <p class='ocr_par' dir='ltr' id='par_1_22' title="bbox 2107 617 3239 693">
     <span class='ocr_line' id='line_1_22' title="bbox 2107 617 3239 693; baseline -0.002 -18"><span class='ocrx_word' id='word_1_126' title='bbox 2107 637 2209 693; x_wconf 88' lang='grc' dir='ltr'>μου</span> <span class='ocrx_word' id='word_1_127' title='bbox 2240 618 2600 692; x_wconf 84' lang='grc' dir='ltr'>συγχώρησόν</span> <span class='ocrx_word' id='word_1_128' title='bbox 2633 636 2725 689; x_wconf 92' lang='grc' dir='ltr'>μοι</span> <span class='ocrx_word' id='word_1_129' title='bbox 2750 617 2821 672; x_wconf 80' lang='grc' dir='ltr'>τὰ</span> <span class='ocrx_word' id='word_1_130' title='bbox 2840 618 3239 689; x_wconf 86' lang='grc' dir='ltr'>ἁμαρτήματα.</span> 
     </span>
    </p>
   </div>
   <div class='ocr_carea' id='block_1_23' title="bbox 2179 708 3711 780">
    <p class='ocr_par' dir='ltr' id='par_1_23' title="bbox 2179 708 3711 780">
     <span class='ocr_line' id='line_1_23' title="bbox 2179 708 3711 780; baseline -0.001 -16"><span class='ocrx_word' id='word_1_131' title='bbox 2179 729 2199 764; x_wconf 73' lang='grc' dir='ltr'>ι</span> <span class='ocrx_word' id='word_1_132' title='bbox 2229 711 2340 764; x_wconf 73' lang='grc' dir='ltr'>Καὶ</span> <span class='ocrx_word' id='word_1_133' title='bbox 2361 709 2970 780; x_wconf 70' lang='grc' dir='ltr'>καταισχυνθήτωσαν.»</span> <span class='ocrx_word' id='word_1_134' title='bbox 2999 709 3139 772; x_wconf 82' lang='grc' dir='ltr'>Τοὺς</span> <span class='ocrx_word' id='word_1_135' title='bbox 3158 708 3423 779; x_wconf 80' lang='grc' dir='ltr'>δαίμονας</span> <span class='ocrx_word' id='word_1_136' title='bbox 3454 711 3711 780; x_wconf 78' lang='grc' dir='ltr'>καταρᾶ-</span> 
     </span>
    </p>
   </div>
   <div class='ocr_carea' id='block_1_24' title="bbox 2103 800 3712 873">
    <p class='ocr_par' dir='ltr' id='par_1_24' title="bbox 2103 800 3712 873">
     <span class='ocr_line' id='line_1_24' title="bbox 2103 800 3712 873; baseline 0 -19"><span class='ocrx_word' id='word_1_137' title='bbox 2103 818 2224 855; x_wconf 88' lang='grc' dir='ltr'>ται·</span> <span class='ocrx_word' id='word_1_138' title='bbox 2259 803 2319 857; x_wconf 82' lang='grc' dir='ltr'>ού</span> <span class='ocrx_word' id='word_1_139' title='bbox 2352 803 2461 872; x_wconf 78' lang='grc' dir='ltr'>γάρ</span> <span class='ocrx_word' id='word_1_140' title='bbox 2494 801 2747 872; x_wconf 84' lang='grc' dir='ltr'>βούλεται</span> <span class='ocrx_word' id='word_1_141' title='bbox 2777 802 2804 854; x_wconf 83' lang='grc' dir='ltr'>ὁ</span> <span class='ocrx_word' id='word_1_142' title='bbox 2832 801 2990 869; x_wconf 77' lang='grc' dir='ltr'>ἆγιος</span> <span class='ocrx_word' id='word_1_143' title='bbox 3012 801 3339 873; x_wconf 81' lang='grc' dir='ltr'>ἀνθρώπους</span> <span class='ocrx_word' id='word_1_144' title='bbox 3359 804 3426 873; x_wconf 84' lang='grc' dir='ltr'>τῇ</span> <span class='ocrx_word' id='word_1_145' title='bbox 3452 800 3712 872; x_wconf 82' lang='grc' dir='ltr'>διηνεκεῖ</span> 
     </span>
    </p>
   </div>
   <div class='ocr_carea' id='block_1_25' title="bbox 2104 891 3707 965">
    <p class='ocr_par' dir='ltr' id='par_1_25' title="bbox 2104 891 3707 965">
     <span class='ocr_line' id='line_1_25' title="bbox 2104 891 3707 965; baseline -0.002 -18"><span class='ocrx_word' id='word_1_146' title='bbox 2104 892 2439 965; x_wconf 83' lang='grc' dir='ltr'>παραδοῦναι</span> <span class='ocrx_word' id='word_1_147' title='bbox 2475 892 2724 948; x_wconf 79' lang='grc' dir='ltr'>κολάσει·</span> <span class='ocrx_word' id='word_1_148' title='bbox 2761 893 2844 946; x_wconf 80' lang='grc' dir='ltr'>ὅτι</span> <span class='ocrx_word' id='word_1_149' title='bbox 2874 893 2970 946; x_wconf 77' lang='grc' dir='ltr'>καὶ</span> <span class='ocrx_word' id='word_1_150' title='bbox 3002 891 3108 964; x_wconf 80' lang='grc' dir='ltr'>τῆς</span> <span class='ocrx_word' id='word_1_151' title='bbox 3139 891 3341 956; x_wconf 86' lang='grc' dir='ltr'>κακίας</span> <span class='ocrx_word' id='word_1_152' title='bbox 3366 893 3513 945; x_wconf 68' lang='grc' dir='ltr'>εἰσιν</span> <span class='ocrx_word' id='word_1_153' title='bbox 3531 894 3707 961; x_wconf 79' lang='grc' dir='ltr'>ἐφευ-</span> 
     </span>
    </p>
   </div>
   <div class='ocr_carea' id='block_1_26' title="bbox 2107 984 3708 1058">
    <p class='ocr_par' dir='ltr' id='par_1_26' title="bbox 2107 984 3708 1058">
     <span class='ocr_line' id='line_1_26' title="bbox 2107 984 3708 1058; baseline -0.002 -17"><span class='ocrx_word' id='word_1_154' title='bbox 2107 988 2259 1058; x_wconf 72' lang='grc' dir='ltr'>ρεταὶ</span> <span class='ocrx_word' id='word_1_155' title='bbox 2309 988 2405 1043; x_wconf 79' lang='grc' dir='ltr'>καὶ</span> <span class='ocrx_word' id='word_1_156' title='bbox 2447 986 2866 1056; x_wconf 74' lang='grc' dir='ltr'>ὲπαναγκασταὶ</span> <span class='ocrx_word' id='word_1_157' title='bbox 2914 987 3029 1051; x_wconf 85' lang='grc' dir='ltr'>τοῖς</span> <span class='ocrx_word' id='word_1_158' title='bbox 3057 985 3370 1057; x_wconf 82' lang='grc' dir='ltr'>ἀνθρώποις</span> <span class='ocrx_word' id='word_1_159' title='bbox 3405 986 3507 1041; x_wconf 74' lang='grc' dir='ltr'>καὶ</span> <span class='ocrx_word' id='word_1_160' title='bbox 3544 984 3708 1039; x_wconf 82' lang='grc' dir='ltr'>διδά-</span> 
     </span>
    </p>
   </div>
   <div class='ocr_carea' id='block_1_27' title="bbox 2105 1080 2319 1135">
    <p class='ocr_par' dir='ltr' id='par_1_27' title="bbox 2105 1080 2319 1135">
     <span class='ocr_line' id='line_1_27' title="bbox 2105 1080 2319 1135; baseline 0 0"><span class='ocrx_word' id='word_1_161' title='bbox 2105 1080 2319 1135; x_wconf 89' lang='grc' dir='ltr'>σκαλοι.</span> 
     </span>
    </p>
   </div>
   <div class='ocr_carea' id='block_1_28' title="bbox 2181 1165 3703 1244">
    <p class='ocr_par' dir='ltr' id='par_1_28' title="bbox 2181 1165 3703 1244">
     <span class='ocr_line' id='line_1_28' title="bbox 2181 1165 3703 1244; baseline -0.005 -19"><span class='ocrx_word' id='word_1_162' title='bbox 2181 1192 2200 1225; x_wconf 76' lang='grc' dir='ltr'>ι</span> <span class='ocrx_word' id='word_1_163' title='bbox 2239 1172 2347 1226; x_wconf 78' lang='grc' dir='ltr'>Τοῦ</span> <span class='ocrx_word' id='word_1_164' title='bbox 2389 1171 2466 1244; x_wconf 80' lang='grc' dir='ltr'>μὴ</span> <span class='ocrx_word' id='word_1_165' title='bbox 2497 1172 2793 1242; x_wconf 71' lang='grc' dir='ltr'>εἰσφέρειν.</span> <span class='ocrx_word' id='word_1_166' title='bbox 2817 1188 2835 1222; x_wconf 75' lang='grc' dir='ltr'>ι</span> <span class='ocrx_word' id='word_1_167' title='bbox 2871 1167 3089 1240; x_wconf 86' lang='grc' dir='ltr'>Μέτρον</span> <span class='ocrx_word' id='word_1_168' title='bbox 3126 1166 3362 1237; x_wconf 75' lang='grc' dir='ltr'>φανερὸν</span> <span class='ocrx_word' id='word_1_169' title='bbox 3400 1165 3703 1231; x_wconf 77' lang='grc' dir='ltr'>ἐϐάδιζον·</span> 
     </span>
    </p>
   </div>
   <div class='ocr_carea' id='block_1_29' title="bbox 2102 1253 3706 1356">
    <p class='ocr_par' dir='ltr' id='par_1_29' title="bbox 2102 1253 3706 1356">
     <span class='ocr_line' id='line_1_29' title="bbox 2102 1253 3706 1356; baseline -0.004 -39"><span class='ocrx_word' id='word_1_170' title='bbox 2102 1262 2162 1356; x_wconf 66' lang='lat' dir='ltr'>&#39;:.b</span> <span class='ocrx_word' id='word_1_171' title='bbox 2189 1261 2299 1334; x_wconf 80' lang='grc' dir='ltr'>γὰρ</span> <span class='ocrx_word' id='word_1_172' title='bbox 2339 1264 2419 1326; x_wconf 90' lang='grc' dir='ltr'>είς</span> <span class='ocrx_word' id='word_1_173' title='bbox 2466 1262 2641 1333; x_wconf 86' lang='grc' dir='ltr'>μῆκος</span> <span class='ocrx_word' id='word_1_174' title='bbox 2674 1259 2901 1322; x_wconf 84' lang='grc' dir='ltr'>ὁδεύειν,</span> <span class='ocrx_word' id='word_1_175' title='bbox 2957 1259 3119 1330; x_wconf 75' lang='grc' dir='ltr'>ἔργον</span> <span class='ocrx_word' id='word_1_176' title='bbox 3160 1253 3303 1311; x_wconf 79' lang='grc' dir='ltr'>εἶναι</span> <span class='ocrx_word' id='word_1_177' title='bbox 3344 1256 3559 1321; x_wconf 77' lang='grc' dir='ltr'>ἐδόκει,</span> <span class='ocrx_word' id='word_1_178' title='bbox 3606 1259 3706 1311; x_wconf 83' lang='grc' dir='ltr'>καὶ</span> 
     </span>
    </p>
   </div>
   <div class='ocr_carea' id='block_1_30' title="bbox 2101 1348 3704 1423">
    <p class='ocr_par' dir='ltr' id='par_1_30' title="bbox 2101 1348 3704 1423">
     <span class='ocr_line' id='line_1_30' title="bbox 2101 1348 3704 1423; baseline -0.004 -14"><span class='ocrx_word' id='word_1_179' title='bbox 2101 1348 2260 1410; x_wconf 61' lang='grc' dir='ltr'>ὗῦτό</span> <span class='ocrx_word' id='word_1_180' title='bbox 2319 1357 2436 1409; x_wconf 78' lang='grc' dir='ltr'>ἐστι</span> <span class='ocrx_word' id='word_1_181' title='bbox 2484 1355 2544 1407; x_wconf 81' lang='grc' dir='ltr'>τὸ</span> <span class='ocrx_word' id='word_1_182' title='bbox 2588 1356 2645 1408; x_wconf 80' lang='grc' dir='ltr'>ἐν</span> <span class='ocrx_word' id='word_1_183' title='bbox 2705 1356 2827 1418; x_wconf 86' lang='grc' dir='ltr'>ταῖς</span> <span class='ocrx_word' id='word_1_184' title='bbox 2873 1351 3135 1423; x_wconf 77' lang='grc' dir='ltr'>Πράξεσι,</span> <span class='ocrx_word' id='word_1_185' title='bbox 3172 1348 3485 1404; x_wconf 78' lang='grc' dir='ltr'>Σαϐϐάτου</span> <span class='ocrx_word' id='word_1_186' title='bbox 3536 1349 3704 1417; x_wconf 75' lang='grc' dir='ltr'>ἔχων</span> 
     </span>
    </p>
   </div>
   <div class='ocr_carea' id='block_1_31' title="bbox 2102 1446 2266 1501">
    <p class='ocr_par' dir='ltr' id='par_1_31' title="bbox 2102 1446 2266 1501">
     <span class='ocr_line' id='line_1_31' title="bbox 2102 1446 2266 1501; baseline 0 -1"><span class='ocrx_word' id='word_1_187' title='bbox 2102 1446 2266 1501; x_wconf 79' lang='grc' dir='ltr'>ὀδόν.</span> 
     </span>
    </p>
   </div>
   <div class='ocr_carea' id='block_1_32' title="bbox 2177 1529 3703 1606">
    <p class='ocr_par' dir='ltr' id='par_1_32' title="bbox 2177 1529 3703 1606">
     <span class='ocr_line' id='line_1_32' title="bbox 2177 1529 3703 1606; baseline -0.002 -19"><span class='ocrx_word' id='word_1_188' title='bbox 2177 1555 2196 1587; x_wconf 73' lang='grc' dir='ltr'>ι</span> <span class='ocrx_word' id='word_1_189' title='bbox 2234 1537 2345 1591; x_wconf 74' lang='grc' dir='ltr'>Καὶ</span> <span class='ocrx_word' id='word_1_190' title='bbox 2382 1536 2592 1606; x_wconf 80' lang='grc' dir='ltr'>άνάψω.</span> <span class='ocrx_word' id='word_1_191' title='bbox 2623 1554 2641 1586; x_wconf 74' lang='grc' dir='ltr'>ι</span> <span class='ocrx_word' id='word_1_192' title='bbox 2690 1532 2983 1588; x_wconf 82' lang='grc' dir='ltr'>Ἀσϐἐστου</span> <span class='ocrx_word' id='word_1_193' title='bbox 3018 1530 3192 1603; x_wconf 82' lang='grc' dir='ltr'>πυρὸς</span> <span class='ocrx_word' id='word_1_194' title='bbox 3233 1529 3637 1601; x_wconf 68' lang='grc' dir='ltr'>μνημονεύεις</span> <span class='ocrx_word' id='word_1_195' title='bbox 3673 1532 3703 1584; x_wconf 79' lang='grc' dir='ltr'>ὁ</span> 
     </span>
    </p>
   </div>
   <div class='ocr_carea' id='block_1_33' title="bbox 2099 1620 3699 1699">
    <p class='ocr_par' dir='ltr' id='par_1_33' title="bbox 2099 1620 3699 1699">
     <span class='ocr_line' id='line_1_33' title="bbox 2099 1620 3699 1699; baseline -0.008 -15"><span class='ocrx_word' id='word_1_196' title='bbox 2099 1629 2281 1699; x_wconf 85' lang='grc' dir='ltr'>λόγος,</span> <span class='ocrx_word' id='word_1_197' title='bbox 2325 1629 2406 1692; x_wconf 86' lang='grc' dir='ltr'>είς</span> <span class='ocrx_word' id='word_1_198' title='bbox 2442 1627 2678 1699; x_wconf 88' lang='grc' dir='ltr'>θεωρίας</span> <span class='ocrx_word' id='word_1_199' title='bbox 2715 1627 2867 1698; x_wconf 76' lang='grc' dir='ltr'>ἡμᾶς</span> <span class='ocrx_word' id='word_1_200' title='bbox 2914 1624 3312 1695; x_wconf 73' lang='grc' dir='ltr'>παραπέμπει,</span> <span class='ocrx_word' id='word_1_201' title='bbox 3342 1624 3429 1677; x_wconf 81' lang='grc' dir='ltr'>ὅτι</span> <span class='ocrx_word' id='word_1_202' title='bbox 3473 1621 3579 1693; x_wconf 76' lang='grc' dir='ltr'>τήν</span> <span class='ocrx_word' id='word_1_203' title='bbox 3623 1620 3699 1691; x_wconf 76' lang='grc' dir='ltr'>μή</span> 
     </span>
    </p>
   </div>
   <div class='ocr_carea' id='block_1_34' title="bbox 2101 1715 3700 1795">
    <p class='ocr_par' dir='ltr' id='par_1_34' title="bbox 2101 1715 3700 1795">
     <span class='ocr_line' id='line_1_34' title="bbox 2101 1715 3700 1795; baseline -0.008 -16"><span class='ocrx_word' id='word_1_204' title='bbox 2101 1724 2504 1795; x_wconf 86' lang='grc' dir='ltr'>ἀποτιθεμένην</span> <span class='ocrx_word' id='word_1_205' title='bbox 2548 1722 2616 1777; x_wconf 75' lang='grc' dir='ltr'>τὰ</span> <span class='ocrx_word' id='word_1_206' title='bbox 2649 1722 2844 1794; x_wconf 82' lang='grc' dir='ltr'>φορτία</span> <span class='ocrx_word' id='word_1_207' title='bbox 2889 1720 2989 1791; x_wconf 82' lang='grc' dir='ltr'>τῆς</span> <span class='ocrx_word' id='word_1_208' title='bbox 3029 1719 3308 1791; x_wconf 82' lang='grc' dir='ltr'>ἁμαρτίας</span> <span class='ocrx_word' id='word_1_209' title='bbox 3348 1716 3556 1789; x_wconf 76' lang='grc' dir='ltr'>ψυχὴν,</span> <span class='ocrx_word' id='word_1_210' title='bbox 3585 1715 3700 1787; x_wconf 77' lang='grc' dir='ltr'>πῦρ</span> 
     </span>
    </p>
   </div>
   <div class='ocr_carea' id='block_1_35' title="bbox 2030 1797 2587 1887">
    <p class='ocr_par' dir='ltr' id='par_1_35' title="bbox 2030 1797 2587 1887">
     <span class='ocr_line' id='line_1_35' title="bbox 2030 1797 2587 1887; baseline -0.009 -15"><span class='ocrx_word' id='word_1_211' title='bbox 2030 1797 2073 1853; x_wconf 77' lang='grc' dir='ltr'>Β</span> <span class='ocrx_word' id='word_1_212' title='bbox 2103 1817 2322 1873; x_wconf 84' lang='grc' dir='ltr'>αἰώνιον</span> <span class='ocrx_word' id='word_1_213' title='bbox 2352 1817 2587 1887; x_wconf 86' lang='grc' dir='ltr'>δέχεται.</span> 
     </span>
    </p>
   </div>
   <div class='ocr_carea' id='block_1_36' title="bbox 2678 1872 3078 1959">
    <p class='ocr_par' dir='ltr' id='par_1_36' title="bbox 2678 1872 3078 1959">
     <span class='ocr_line' id='line_1_36' title="bbox 2678 1872 3078 1959; baseline -0.003 0"><span class='ocrx_word' id='word_1_214' title='bbox 2678 1872 2929 1959; x_wconf 58' lang='lat' dir='ltr'>nactus.</span> <span class='ocrx_word' id='word_1_215' title='bbox 2970 1905 3078 1958; x_wconf 78' lang='lat' dir='ltr'>nr.</span> 
     </span>
    </p>
   </div>
   <div class='ocr_carea' id='block_1_37' title="bbox 2176 1990 3696 2070">
    <p class='ocr_par' dir='ltr' id='par_1_37' title="bbox 2176 1990 3696 2070">
     <span class='ocr_line' id='line_1_37' title="bbox 2176 1990 3696 2070; baseline -0.007 -14"><span class='ocrx_word' id='word_1_216' title='bbox 2176 2020 2195 2055; x_wconf 75' lang='grc' dir='ltr'>ι</span> <span class='ocrx_word' id='word_1_217' title='bbox 2229 2002 2343 2056; x_wconf 76' lang='grc' dir='ltr'>Καὶ</span> <span class='ocrx_word' id='word_1_218' title='bbox 2368 2001 2554 2055; x_wconf 81' lang='grc' dir='ltr'>πάλιν.</span> <span class='ocrx_word' id='word_1_219' title='bbox 2595 2018 2613 2052; x_wconf 72' lang='grc' dir='ltr'>ι</span> <span class='ocrx_word' id='word_1_220' title='bbox 2654 1998 2767 2070; x_wconf 83' lang='grc' dir='ltr'>Τὴν</span> <span class='ocrx_word' id='word_1_221' title='bbox 2797 1996 2887 2052; x_wconf 71' lang='grc' dir='ltr'>διὰ</span> <span class='ocrx_word' id='word_1_222' title='bbox 2910 1995 3005 2050; x_wconf 82' lang='grc' dir='ltr'>τοῦ</span> <span class='ocrx_word' id='word_1_223' title='bbox 3031 1993 3423 2066; x_wconf 71' lang='grc' dir='ltr'>βαπτίσματος</span> <span class='ocrx_word' id='word_1_224' title='bbox 3449 1990 3696 2047; x_wconf 78' lang='grc' dir='ltr'>ἀνάπλα-</span> 
     </span>
    </p>
   </div>
   <div class='ocr_carea' id='block_1_38' title="bbox 2100 2089 2523 2144">
    <p class='ocr_par' dir='ltr' id='par_1_38' title="bbox 2100 2089 2523 2144">
     <span class='ocr_line' id='line_1_38' title="bbox 2100 2089 2523 2144; baseline 0 -2"><span class='ocrx_word' id='word_1_225' title='bbox 2100 2105 2185 2143; x_wconf 87' lang='grc' dir='ltr'>σιν</span> <span class='ocrx_word' id='word_1_226' title='bbox 2207 2089 2523 2144; x_wconf 73' lang='grc' dir='ltr'>αἰνίττεται.</span> 
     </span>
    </p>
   </div>
   <div class='ocr_carea' id='block_1_39' title="bbox 2175 2177 3695 2256">
    <p class='ocr_par' dir='ltr' id='par_1_39' title="bbox 2175 2177 3695 2256">
     <span class='ocr_line' id='line_1_39' title="bbox 2175 2177 3695 2256; baseline -0.003 -20"><span class='ocrx_word' id='word_1_227' title='bbox 2175 2203 2194 2236; x_wconf 77' lang='grc' dir='ltr'>ι</span> <span class='ocrx_word' id='word_1_228' title='bbox 2234 2182 2431 2247; x_wconf 82' lang='grc' dir='ltr'>Καθὼς</span> <span class='ocrx_word' id='word_1_229' title='bbox 2465 2183 2685 2256; x_wconf 80' lang='grc' dir='ltr'>ἤρεσεν.</span> <span class='ocrx_word' id='word_1_230' title='bbox 2728 2199 2747 2233; x_wconf 74' lang='grc' dir='ltr'>ι</span> <span class='ocrx_word' id='word_1_231' title='bbox 2783 2180 2859 2235; x_wconf 79' lang='grc' dir='ltr'><strong>Οὐ</strong></span> <span class='ocrx_word' id='word_1_232' title='bbox 2890 2180 3056 2235; x_wconf 80' lang='grc' dir='ltr'>καλὸν</span> <span class='ocrx_word' id='word_1_233' title='bbox 3100 2178 3200 2251; x_wconf 80' lang='grc' dir='ltr'>τὴν</span> <span class='ocrx_word' id='word_1_234' title='bbox 3226 2177 3481 2249; x_wconf 84' lang='grc' dir='ltr'>γνώμην,</span> <span class='ocrx_word' id='word_1_235' title='bbox 3524 2178 3560 2249; x_wconf 83' lang='grc' dir='ltr'>ἢ</span> <span class='ocrx_word' id='word_1_236' title='bbox 3594 2195 3695 2232; x_wconf 81' lang='grc' dir='ltr'>κα-</span> 
     </span>
    </p>
   </div>
   <div class='ocr_carea' id='block_1_40' title="bbox 2097 2264 3695 2342">
    <p class='ocr_par' dir='ltr' id='par_1_40' title="bbox 2097 2264 3695 2342">
     <span class='ocr_line' id='line_1_40' title="bbox 2097 2264 3695 2342; baseline -0.005 -15"><span class='ocrx_word' id='word_1_237' title='bbox 2097 2272 2214 2327; x_wconf 92' lang='grc' dir='ltr'>κόν.</span> <span class='ocrx_word' id='word_1_238' title='bbox 2243 2271 2415 2325; x_wconf 76' lang='grc' dir='ltr'>Τοῦτο</span> <span class='ocrx_word' id='word_1_239' title='bbox 2459 2271 2569 2342; x_wconf 85' lang='grc' dir='ltr'>γάρ</span> <span class='ocrx_word' id='word_1_240' title='bbox 2591 2272 2691 2340; x_wconf 81' lang='grc' dir='ltr'>τῆς</span> <span class='ocrx_word' id='word_1_241' title='bbox 2731 2267 3131 2340; x_wconf 86' lang='grc' dir='ltr'>προαιρέσεως,</span> <span class='ocrx_word' id='word_1_242' title='bbox 3163 2267 3376 2322; x_wconf 73' lang='grc' dir='ltr'>καὶτοῦ</span> <span class='ocrx_word' id='word_1_243' title='bbox 3424 2264 3695 2334; x_wconf 78' lang='grc' dir='ltr'>αὐτεξουο</span> 
     </span>
    </p>
   </div>
   <div class='ocr_carea' id='block_1_41' title="bbox 2097 2359 3697 2433">
    <p class='ocr_par' dir='ltr' id='par_1_41' title="bbox 2097 2359 3697 2433">
     <span class='ocr_line' id='line_1_41' title="bbox 2097 2359 3697 2433; baseline -0.003 -16"><span class='ocrx_word' id='word_1_244' title='bbox 2097 2364 2214 2418; x_wconf 83' lang='grc' dir='ltr'>σίου</span> <span class='ocrx_word' id='word_1_245' title='bbox 2239 2380 2257 2396; x_wconf 66' lang='grc' dir='ltr'>δ</span> <span class='ocrx_word' id='word_1_246' title='bbox 2295 2364 2487 2432; x_wconf 85' lang='grc' dir='ltr'>ἀμέλει</span> <span class='ocrx_word' id='word_1_247' title='bbox 2524 2364 2620 2417; x_wconf 74' lang='grc' dir='ltr'>καὶ</span> <span class='ocrx_word' id='word_1_248' title='bbox 2659 2362 3069 2433; x_wconf 82' lang='grc' dir='ltr'>ἁμαρτάνοντες</span> <span class='ocrx_word' id='word_1_249' title='bbox 3099 2362 3388 2431; x_wconf 84' lang='grc' dir='ltr'>μετανοεῖν</span> <span class='ocrx_word' id='word_1_250' title='bbox 3438 2359 3697 2413; x_wconf 87' lang='grc' dir='ltr'>κελεύον-</span> 
     </span>
    </p>
   </div>
   <div class='ocr_carea' id='block_1_42' title="bbox 2096 2446 3693 2524">
    <p class='ocr_par' dir='ltr' id='par_1_42' title="bbox 2096 2446 3693 2524">
     <span class='ocr_line' id='line_1_42' title="bbox 2096 2446 3693 2524; baseline -0.004 -16"><span class='ocrx_word' id='word_1_251' title='bbox 2096 2467 2188 2509; x_wconf 88' lang='grc' dir='ltr'>ται</span> <span class='ocrx_word' id='word_1_252' title='bbox 2214 2472 2227 2487; x_wconf 91' lang='grc'><strong>·</strong></span> <span class='ocrx_word' id='word_1_253' title='bbox 2258 2455 2396 2510; x_wconf 80' lang='grc' dir='ltr'>ἀλλὰ</span> <span class='ocrx_word' id='word_1_254' title='bbox 2432 2455 2635 2508; x_wconf 81' lang='grc' dir='ltr'>τοιόνδε</span> <span class='ocrx_word' id='word_1_255' title='bbox 2669 2454 2767 2524; x_wconf 86' lang='grc' dir='ltr'>τὴν</span> <span class='ocrx_word' id='word_1_256' title='bbox 2796 2453 3019 2507; x_wconf 84' lang='grc' dir='ltr'>πλάσιν.</span> <span class='ocrx_word' id='word_1_257' title='bbox 3061 2449 3447 2521; x_wconf 87' lang='grc' dir='ltr'>Διδασκόμεθα</span> <span class='ocrx_word' id='word_1_258' title='bbox 3479 2446 3580 2503; x_wconf 77' lang='grc' dir='ltr'>οὖν</span> <span class='ocrx_word' id='word_1_259' title='bbox 3620 2448 3693 2521; x_wconf 77' lang='grc' dir='ltr'>μή</span> 
     </span>
    </p>
   </div>
   <div class='ocr_carea' id='block_1_43' title="bbox 2097 2541 3695 2617">
    <p class='ocr_par' dir='ltr' id='par_1_43' title="bbox 2097 2541 3695 2617">
     <span class='ocr_line' id='line_1_43' title="bbox 2097 2541 3695 2617; baseline -0.004 -17"><span class='ocrx_word' id='word_1_260' title='bbox 2097 2547 2580 2617; x_wconf 78' lang='grc' dir='ltr'>πολυπραγμονεῖν</span> <span class='ocrx_word' id='word_1_261' title='bbox 2618 2547 2746 2610; x_wconf 75' lang='grc' dir='ltr'>τοὺς</span> <span class='ocrx_word' id='word_1_262' title='bbox 2790 2543 3116 2614; x_wconf 82' lang='grc' dir='ltr'>ἀνεφίκτους</span> <span class='ocrx_word' id='word_1_263' title='bbox 3167 2545 3267 2614; x_wconf 81' lang='grc' dir='ltr'>τῆς</span> <span class='ocrx_word' id='word_1_264' title='bbox 3315 2541 3695 2615; x_wconf 77' lang='grc' dir='ltr'>δημιουργίας</span> 
     </span>
    </p>
   </div>
   <div class='ocr_carea' id='block_1_44' title="bbox 2093 2638 2351 2711">
    <p class='ocr_par' dir='ltr' id='par_1_44' title="bbox 2093 2638 2351 2711">
     <span class='ocr_line' id='line_1_44' title="bbox 2093 2638 2351 2711; baseline 0.008 -19"><span class='ocrx_word' id='word_1_265' title='bbox 2093 2638 2351 2711; x_wconf 83' lang='grc' dir='ltr'>τρόπους.</span> 
     </span>
    </p>
   </div>
   <div class='ocr_carea' id='block_1_45' title="bbox 2173 2721 3493 2798">
    <p class='ocr_par' dir='ltr' id='par_1_45' title="bbox 2173 2721 3493 2798">
     <span class='ocr_line' id='line_1_45' title="bbox 2173 2721 3493 2798; baseline -0.002 -18"><span class='ocrx_word' id='word_1_266' title='bbox 2173 2746 2192 2780; x_wconf 73' lang='grc' dir='ltr'>ι</span> <span class='ocrx_word' id='word_1_267' title='bbox 2231 2728 2339 2780; x_wconf 73' lang='grc' dir='ltr'>Καὶ</span> <span class='ocrx_word' id='word_1_268' title='bbox 2362 2725 2537 2798; x_wconf 86' lang='grc' dir='ltr'>πέρας</span> <span class='ocrx_word' id='word_1_269' title='bbox 2565 2724 2810 2794; x_wconf 85' lang='grc' dir='ltr'>λαλήσω.</span> <span class='ocrx_word' id='word_1_270' title='bbox 2844 2741 2863 2776; x_wconf 76' lang='grc' dir='ltr'>ι</span> <span class='ocrx_word' id='word_1_271' title='bbox 2914 2722 3041 2778; x_wconf 82' lang='grc' dir='ltr'>Ἐὰν</span> <span class='ocrx_word' id='word_1_272' title='bbox 3069 2721 3493 2795; x_wconf 73' lang='grc' dir='ltr'>ἀποφαίνωμαι.</span> 
     </span>
    </p>
   </div>
   <div class='ocr_carea' id='block_1_46' title="bbox 487 2010 1994 2084">
    <p class='ocr_par' dir='ltr' id='par_1_46' title="bbox 487 2010 1994 2084">
     <span class='ocr_line' id='line_1_46' title="bbox 487 2010 1994 2084; baseline -0.002 -17"><span class='ocrx_word' id='word_1_273' title='bbox 487 2014 549 2069; x_wconf 78' lang='lat' dir='ltr'>V.</span> <span class='ocrx_word' id='word_1_274' title='bbox 579 2015 633 2069; x_wconf 70' lang='grc'>4.</span> <span class='ocrx_word' id='word_1_275' title='bbox 675 2034 693 2066; x_wconf 74' lang='grc' dir='ltr'>ι</span> <span class='ocrx_word' id='word_1_276' title='bbox 731 2013 796 2070; x_wconf 82' lang='lat' dir='ltr'>Et</span> <span class='ocrx_word' id='word_1_277' title='bbox 825 2030 1062 2070; x_wconf 90' lang='lat' dir='ltr'>rursum.</span> <span class='ocrx_word' id='word_1_278' title='bbox 1106 2034 1124 2067; x_wconf 73' lang='grc' dir='ltr'>ι</span> <span class='ocrx_word' id='word_1_279' title='bbox 1160 2016 1290 2070; x_wconf 87' lang='lat' dir='ltr'>Eam</span> <span class='ocrx_word' id='word_1_280' title='bbox 1332 2029 1453 2084; x_wconf 71' lang='lat' dir='ltr'>qua:</span> <span class='ocrx_word' id='word_1_281' title='bbox 1474 2028 1540 2068; x_wconf 86' lang='lat' dir='ltr'>ex</span> <span class='ocrx_word' id='word_1_282' title='bbox 1588 2011 1863 2082; x_wconf 88' lang='lat' dir='ltr'>baptismo</span> <span class='ocrx_word' id='word_1_283' title='bbox 1894 2010 1994 2065; x_wconf 90' lang='lat' dir='ltr'>ha-</span> 
     </span>
    </p>
   </div>
   <div class='ocr_carea' id='block_1_47' title="bbox 409 2106 1468 2164">
    <p class='ocr_par' dir='ltr' id='par_1_47' title="bbox 409 2106 1468 2164">
     <span class='ocr_line' id='line_1_47' title="bbox 409 2106 1468 2164; baseline -0.001 -2"><span class='ocrx_word' id='word_1_284' title='bbox 409 2106 572 2163; x_wconf 79' lang='lat' dir='ltr'>betur</span> <span class='ocrx_word' id='word_1_285' title='bbox 600 2123 796 2163; x_wconf 87' lang='lat' dir='ltr'>novam</span> <span class='ocrx_word' id='word_1_286' title='bbox 826 2107 1211 2164; x_wconf 85' lang='lat' dir='ltr'>formationem</span> <span class='ocrx_word' id='word_1_287' title='bbox 1246 2107 1468 2162; x_wconf 87' lang='lat' dir='ltr'>indicat.</span> 
     </span>
    </p>
   </div>
   <div class='ocr_carea' id='block_1_48' title="bbox 486 2197 1996 2269">
    <p class='ocr_par' dir='ltr' id='par_1_48' title="bbox 486 2197 1996 2269">
     <span class='ocr_line' id='line_1_48' title="bbox 486 2197 1996 2269; baseline 0.002 -19"><span class='ocrx_word' id='word_1_288' title='bbox 486 2217 508 2250; x_wconf 71' lang='grc' dir='ltr'>τ</span> <span class='ocrx_word' id='word_1_289' title='bbox 543 2197 697 2254; x_wconf 91' lang='lat' dir='ltr'>Sicut</span> <span class='ocrx_word' id='word_1_290' title='bbox 741 2200 1037 2269; x_wconf 89' lang='lat' dir='ltr'>placuerat.</span> <span class='ocrx_word' id='word_1_291' title='bbox 1091 2217 1111 2250; x_wconf 73' lang='grc' dir='ltr'>ι</span> <span class='ocrx_word' id='word_1_292' title='bbox 1160 2199 1277 2253; x_wconf 84' lang='grc' dir='ltr'>Νοη</span> <span class='ocrx_word' id='word_1_293' title='bbox 1322 2199 1526 2255; x_wconf 87' lang='lat' dir='ltr'>bonum</span> <span class='ocrx_word' id='word_1_294' title='bbox 1568 2197 1851 2253; x_wconf 85' lang='lat' dir='ltr'>voluntate</span> <span class='ocrx_word' id='word_1_295' title='bbox 1901 2206 1996 2253; x_wconf 92' lang='lat' dir='ltr'>aut</span> 
     </span>
    </p>
   </div>
   <div class='ocr_carea' id='block_1_49' title="bbox 408 2289 1991 2355">
    <p class='ocr_par' dir='ltr' id='par_1_49' title="bbox 408 2289 1991 2355">
     <span class='ocr_line' id='line_1_49' title="bbox 408 2289 1991 2355; baseline -0.001 -10"><span class='ocrx_word' id='word_1_296' title='bbox 408 2291 612 2346; x_wconf 79' lang='lat' dir='ltr'>malum</span> <span class='ocrx_word' id='word_1_297' title='bbox 650 2308 663 2344; x_wconf 92' lang='lat'><strong>:</strong></span> <span class='ocrx_word' id='word_1_298' title='bbox 697 2291 799 2347; x_wconf 90' lang='lat' dir='ltr'>hoc</span> <span class='ocrx_word' id='word_1_299' title='bbox 818 2293 963 2345; x_wconf 89' lang='lat' dir='ltr'>enim</span> <span class='ocrx_word' id='word_1_300' title='bbox 1023 2290 1308 2346; x_wconf 89' lang='lat' dir='ltr'>electionis</span> <span class='ocrx_word' id='word_1_301' title='bbox 1333 2300 1417 2345; x_wconf 91' lang='lat' dir='ltr'>est</span> <span class='ocrx_word' id='word_1_302' title='bbox 1445 2298 1499 2344; x_wconf 90' lang='lat' dir='ltr'>et</span> <span class='ocrx_word' id='word_1_303' title='bbox 1546 2289 1706 2344; x_wconf 87' lang='lat' dir='ltr'>liberi</span> <span class='ocrx_word' id='word_1_304' title='bbox 1757 2289 1991 2355; x_wconf 82' lang='lat' dir='ltr'>arbitrii,</span> 
     </span>
    </p>
   </div>
   <div class='ocr_carea' id='block_1_50' title="bbox 409 2382 1997 2453">
    <p class='ocr_par' dir='ltr' id='par_1_50' title="bbox 409 2382 1997 2453">
     <span class='ocr_line' id='line_1_50' title="bbox 409 2382 1997 2453; baseline 0 -17"><span class='ocrx_word' id='word_1_305' title='bbox 409 2383 556 2438; x_wconf 83' lang='lat' dir='ltr'>unde</span> <span class='ocrx_word' id='word_1_306' title='bbox 580 2391 633 2438; x_wconf 91' lang='lat' dir='ltr'>et</span> <span class='ocrx_word' id='word_1_307' title='bbox 662 2383 1043 2453; x_wconf 88' lang='lat' dir='ltr'>delinquentes</span> <span class='ocrx_word' id='word_1_308' title='bbox 1077 2382 1456 2452; x_wconf 60' lang='lat' dir='ltr'>paenitentiam</span> <span class='ocrx_word' id='word_1_309' title='bbox 1480 2396 1641 2446; x_wconf 71' lang='lat' dir='ltr'>agere</span> <span class='ocrx_word' id='word_1_310' title='bbox 1668 2382 1997 2452; x_wconf 75' lang='lat' dir='ltr'>praecipiun-</span> 
     </span>
    </p>
   </div>
   <div class='ocr_carea' id='block_1_51' title="bbox 409 2472 1995 2546">
    <p class='ocr_par' dir='ltr' id='par_1_51' title="bbox 409 2472 1995 2546">
     <span class='ocr_line' id='line_1_51' title="bbox 409 2472 1995 2546; baseline -0.001 -16"><span class='ocrx_word' id='word_1_311' title='bbox 409 2482 503 2530; x_wconf 87' lang='lat' dir='ltr'>tur</span> <span class='ocrx_word' id='word_1_312' title='bbox 549 2494 564 2530; x_wconf 90' lang='lat'><strong>:</strong></span> <span class='ocrx_word' id='word_1_313' title='bbox 616 2475 713 2530; x_wconf 89' lang='lat' dir='ltr'>sed</span> <span class='ocrx_word' id='word_1_314' title='bbox 775 2476 882 2530; x_wconf 83' lang='lat' dir='ltr'>tale</span> <span class='ocrx_word' id='word_1_315' title='bbox 934 2491 1034 2546; x_wconf 90' lang='lat' dir='ltr'>per</span> <span class='ocrx_word' id='word_1_316' title='bbox 1083 2474 1486 2530; x_wconf 85' lang='lat' dir='ltr'>formationem.</span> <span class='ocrx_word' id='word_1_317' title='bbox 1561 2472 1834 2529; x_wconf 87' lang='lat' dir='ltr'>Docemur</span> <span class='ocrx_word' id='word_1_318' title='bbox 1892 2475 1995 2544; x_wconf 87' lang='lat' dir='ltr'>igi-</span> 
     </span>
    </p>
   </div>
   <div class='ocr_carea' id='block_1_52' title="bbox 414 2562 1995 2637">
    <p class='ocr_par' dir='ltr' id='par_1_52' title="bbox 414 2562 1995 2637">
     <span class='ocr_line' id='line_1_52' title="bbox 414 2562 1995 2637; baseline 0 -17"><span class='ocrx_word' id='word_1_319' title='bbox 414 2574 501 2637; x_wconf 76' lang='lat' dir='ltr'>tur</span> <span class='ocrx_word' id='word_1_320' title='bbox 522 2581 633 2620; x_wconf 92' lang='lat' dir='ltr'>non</span> <span class='ocrx_word' id='word_1_321' title='bbox 661 2564 879 2621; x_wconf 91' lang='lat' dir='ltr'>curiose</span> <span class='ocrx_word' id='word_1_322' title='bbox 936 2566 1251 2620; x_wconf 83' lang='lat' dir='ltr'>examinare</span> <span class='ocrx_word' id='word_1_323' title='bbox 1307 2562 1719 2635; x_wconf 84' lang='lat' dir='ltr'>inexplicabiles</span> <span class='ocrx_word' id='word_1_324' title='bbox 1757 2565 1995 2620; x_wconf 81' lang='lat' dir='ltr'>creatio—</span> 
     </span>
    </p>
   </div>
   <div class='ocr_carea' id='block_1_53' title="bbox 411 2656 741 2712">
    <p class='ocr_par' dir='ltr' id='par_1_53' title="bbox 411 2656 741 2712">
     <span class='ocr_line' id='line_1_53' title="bbox 411 2656 741 2712; baseline -0.003 -1"><span class='ocrx_word' id='word_1_325' title='bbox 411 2658 499 2712; x_wconf 89' lang='lat' dir='ltr'>nis</span> <span class='ocrx_word' id='word_1_326' title='bbox 525 2656 741 2711; x_wconf 90' lang='lat' dir='ltr'>modos.</span> 
     </span>
    </p>
   </div>
   <div class='ocr_carea' id='block_1_54' title="bbox 480 2743 1996 2815">
    <p class='ocr_par' dir='ltr' id='par_1_54' title="bbox 480 2743 1996 2815">
     <span class='ocr_line' id='line_1_54' title="bbox 480 2743 1996 2815; baseline 0 -14"><span class='ocrx_word' id='word_1_327' title='bbox 480 2745 617 2814; x_wconf 67' lang='lat' dir='ltr'>V.,9.</span> <span class='ocrx_word' id='word_1_328' title='bbox 655 2764 674 2797; x_wconf 84' lang='grc'><strong>‹</strong></span> <span class='ocrx_word' id='word_1_329' title='bbox 700 2744 767 2800; x_wconf 90' lang='lat' dir='ltr'>Et</span> <span class='ocrx_word' id='word_1_330' title='bbox 786 2745 852 2801; x_wconf 89' lang='lat' dir='ltr'>ad</span> <span class='ocrx_word' id='word_1_331' title='bbox 884 2745 1047 2800; x_wconf 81' lang='lat' dir='ltr'>linem</span> <span class='ocrx_word' id='word_1_332' title='bbox 1070 2745 1281 2815; x_wconf 89' lang='lat' dir='ltr'>loquar.</span> <span class='ocrx_word' id='word_1_333' title='bbox 1319 2763 1337 2796; x_wconf 71' lang='grc' dir='ltr'>ι</span> <span class='ocrx_word' id='word_1_334' title='bbox 1370 2743 1427 2800; x_wconf 90' lang='lat' dir='ltr'>Si</span> <span class='ocrx_word' id='word_1_335' title='bbox 1455 2743 1778 2800; x_wconf 88' lang='lat' dir='ltr'>sententiam</span> <span class='ocrx_word' id='word_1_336' title='bbox 1803 2752 1996 2815; x_wconf 89' lang='lat' dir='ltr'>protu-</span> 
     </span>
    </p>
   </div>
   <div class='ocr_carea' id='block_1_55' title="bbox 411 2838 1992 2998">
    <p class='ocr_par' dir='ltr' id='par_1_55' title="bbox 411 2838 1992 2998">
     <span class='ocr_line' id='line_1_55' title="bbox 411 2838 1992 2998; baseline 0.002 -16"><span class='ocrx_word' id='word_1_337' title='bbox 411 2838 667 2983; x_wconf 39' lang='lat'>162:“.</span> <span class='ocrx_word' id='word_1_338' title='bbox 712 2947 731 2979; x_wconf 77' lang='grc' dir='ltr'>ι</span> <span class='ocrx_word' id='word_1_339' title='bbox 759 2928 898 2983; x_wconf 91' lang='lat' dir='ltr'>Ecce</span> <span class='ocrx_word' id='word_1_340' title='bbox 948 2943 1046 2998; x_wconf 89' lang='lat' dir='ltr'>ego</span> <span class='ocrx_word' id='word_1_341' title='bbox 1091 2926 1254 2997; x_wconf 84' lang='lat' dir='ltr'>ﬁngo.</span> <span class='ocrx_word' id='word_1_342' title='bbox 1291 2947 1310 2979; x_wconf 75' lang='grc' dir='ltr'>ι</span> <span class='ocrx_word' id='word_1_343' title='bbox 1364 2902 1611 2984; x_wconf 81' lang='lat' dir='ltr'>Pcenalia</span> <span class='ocrx_word' id='word_1_344' title='bbox 1656 2928 1795 2983; x_wconf 89' lang='lat' dir='ltr'>mala</span> <span class='ocrx_word' id='word_1_345' title='bbox 1825 2928 1992 2985; x_wconf 88' lang='lat' dir='ltr'>intel-</span> 
     </span>
    </p>
   </div>
   <div class='ocr_carea' id='block_1_56' title="bbox 2130 2838 3693 2998">
    <p class='ocr_par' dir='ltr' id='par_1_56' title="bbox 2179 2891 3693 2976">
     <span class='ocr_line' id='line_1_56' title="bbox 2179 2891 3693 2976; baseline -0.005 -11"><span class='ocrx_word' id='word_1_346' title='bbox 2179 2931 2198 2964; x_wconf 73' lang='grc' dir='ltr'>ι</span> <span class='ocrx_word' id='word_1_347' title='bbox 2222 2910 2355 2965; x_wconf 78' lang='grc' dir='ltr'>Ἰδοὺ</span> <span class='ocrx_word' id='word_1_348' title='bbox 2388 2908 2501 2976; x_wconf 75' lang='grc' dir='ltr'>ἐγὼ</span> <span class='ocrx_word' id='word_1_349' title='bbox 2522 2906 2802 2961; x_wconf 77' lang='grc' dir='ltr'>πλάσσω.»</span> <span class='ocrx_word' id='word_1_350' title='bbox 2826 2905 2985 2959; x_wconf 81' lang='grc' dir='ltr'>Κατὰ</span> <span class='ocrx_word' id='word_1_351' title='bbox 3006 2891 3106 2967; x_wconf 78' lang='grc' dir='ltr'>τᾶς</span> <span class='ocrx_word' id='word_1_352' title='bbox 3147 2901 3423 2967; x_wconf 82' lang='grc' dir='ltr'>κακώσεις</span> <span class='ocrx_word' id='word_1_353' title='bbox 3476 2903 3581 2967; x_wconf 76' lang='grc' dir='ltr'>τὰς</span> <span class='ocrx_word' id='word_1_354' title='bbox 3612 2920 3693 2957; x_wconf 86' lang='grc' dir='ltr'>τι·</span> 
     </span>
    </p>
   </div>
   <div class='ocr_carea' id='block_1_57' title="bbox 409 2994 1992 3091">
    <p class='ocr_par' dir='ltr' id='par_1_57' title="bbox 409 3018 1992 3091">
     <span class='ocr_line' id='line_1_57' title="bbox 409 3018 1992 3091; baseline 0.002 -17"><span class='ocrx_word' id='word_1_355' title='bbox 409 3018 551 3090; x_wconf 82' lang='lat' dir='ltr'>lig‘rt,</span> <span class='ocrx_word' id='word_1_356' title='bbox 582 3028 637 3074; x_wconf 92' lang='lat' dir='ltr'>et</span> <span class='ocrx_word' id='word_1_357' title='bbox 654 3019 911 3089; x_wconf 86' lang='lat' dir='ltr'>quoniam</span> <span class='ocrx_word' id='word_1_358' title='bbox 930 3019 1182 3074; x_wconf 87' lang='lat' dir='ltr'>homines</span> <span class='ocrx_word' id='word_1_359' title='bbox 1204 3035 1312 3074; x_wconf 90' lang='lat' dir='ltr'>non</span> <span class='ocrx_word' id='word_1_360' title='bbox 1335 3020 1580 3075; x_wconf 87' lang='lat' dir='ltr'>omnium</span> <span class='ocrx_word' id='word_1_361' title='bbox 1606 3035 1831 3076; x_wconf 89' lang='lat' dir='ltr'>suorum</span> <span class='ocrx_word' id='word_1_362' title='bbox 1859 3036 1992 3091; x_wconf 91' lang='lat' dir='ltr'>pec-</span> 
     </span>
    </p>
   </div>
   <div class='ocr_carea' id='block_1_58' title="bbox 2130 2994 3693 3091">
    <p class='ocr_par' dir='ltr' id='par_1_58' title="bbox 2130 2994 3693 3076">
     <span class='ocr_line' id='line_1_58' title="bbox 2130 2994 3693 3076; baseline -0.016 -16"><span class='ocrx_word' id='word_1_363' title='bbox 2130 3001 2442 3076; x_wconf 73' lang='grc' dir='ltr'>ιωρητικὰς,</span> <span class='ocrx_word' id='word_1_364' title='bbox 2475 3002 2663 3070; x_wconf 74' lang='grc' dir='ltr'>φησὶν,</span> <span class='ocrx_word' id='word_1_365' title='bbox 2718 2998 2813 3052; x_wconf 68' lang='grc' dir='ltr'>καὶ</span> <span class='ocrx_word' id='word_1_366' title='bbox 2859 2996 3165 3066; x_wconf 77' lang='grc' dir='ltr'>ἐπειδήπερ</span> <span class='ocrx_word' id='word_1_367' title='bbox 3213 2996 3265 3049; x_wconf 78' lang='lat' dir='ltr'>oi</span> <span class='ocrx_word' id='word_1_368' title='bbox 3306 2994 3594 3066; x_wconf 74' lang='grc' dir='ltr'>ἄνθρωποι</span> <span class='ocrx_word' id='word_1_369' title='bbox 3627 2994 3693 3049; x_wconf 58' lang='grc' dir='ltr'>οὗ</span> 
     </span>
    </p>
   </div>
   <div class='ocr_carea' id='block_1_59' title="bbox 409 3086 1992 3191">
    <p class='ocr_par' dir='ltr' id='par_1_59' title="bbox 409 3086 1992 3182">
     <span class='ocr_line' id='line_1_59' title="bbox 409 3086 1992 3182; baseline 0.001 -15"><span class='ocrx_word' id='word_1_370' title='bbox 409 3086 1010 3167; x_wconf 41' lang='lat' dir='ltr'>calorum—memoriam</span> <span class='ocrx_word' id='word_1_371' title='bbox 1055 3112 1278 3167; x_wconf 89' lang='lat' dir='ltr'>habent.</span> <span class='ocrx_word' id='word_1_372' title='bbox 1329 3110 1524 3182; x_wconf 80' lang='lat' dir='ltr'>Fingo,</span> <span class='ocrx_word' id='word_1_373' title='bbox 1576 3111 1652 3166; x_wconf 90' lang='lat' dir='ltr'>ait</span> <span class='ocrx_word' id='word_1_374' title='bbox 1685 3130 1698 3167; x_wconf 92' lang='lat'>:</span> <span class='ocrx_word' id='word_1_375' title='bbox 1726 3113 1815 3167; x_wconf 88' lang='lat' dir='ltr'>illa</span> <span class='ocrx_word' id='word_1_376' title='bbox 1860 3086 1992 3169; x_wconf 72' lang='lat' dir='ltr'>ante</span> 
     </span>
    </p>
   </div>
   <div class='ocr_carea' id='block_1_60' title="bbox 2130 3086 3695 3191">
    <p class='ocr_par' dir='ltr' id='par_1_60' title="bbox 2130 3086 3695 3163">
     <span class='ocr_line' id='line_1_60' title="bbox 2130 3086 3695 3163; baseline -0.007 -13"><span class='ocrx_word' id='word_1_377' title='bbox 2130 3096 2317 3150; x_wconf 64' lang='grc' dir='ltr'>πάντων</span> <span class='ocrx_word' id='word_1_378' title='bbox 2335 3093 2446 3147; x_wconf 87' lang='grc' dir='ltr'>τῶν</span> <span class='ocrx_word' id='word_1_379' title='bbox 2471 3090 2889 3163; x_wconf 83' lang='grc' dir='ltr'>ἁμαρτημάτων</span> <span class='ocrx_word' id='word_1_380' title='bbox 2912 3087 3094 3142; x_wconf 83' lang='grc' dir='ltr'>αὐτῶν</span> <span class='ocrx_word' id='word_1_381' title='bbox 3127 3086 3455 3157; x_wconf 84' lang='grc' dir='ltr'>μέμνηνται.</span> <span class='ocrx_word' id='word_1_382' title='bbox 3493 3087 3695 3141; x_wconf 74' lang='grc' dir='ltr'>Πλάτ-</span> 
     </span>
    </p>
   </div>
   <div class='ocr_carea' id='block_1_61' title="bbox 410 3179 1992 3274">
    <p class='ocr_par' dir='ltr' id='par_1_61' title="bbox 410 3203 1990 3274">
     <span class='ocr_line' id='line_1_61' title="bbox 410 3203 1990 3274; baseline 0 -15"><span class='ocrx_word' id='word_1_383' title='bbox 410 3203 599 3259; x_wconf 92' lang='lat' dir='ltr'>oculos</span> <span class='ocrx_word' id='word_1_384' title='bbox 629 3210 839 3259; x_wconf 84' lang='lat' dir='ltr'>vestros</span> <span class='ocrx_word' id='word_1_385' title='bbox 866 3218 1031 3273; x_wconf 90' lang='lat' dir='ltr'>pono,</span> <span class='ocrx_word' id='word_1_386' title='bbox 1066 3212 1126 3258; x_wconf 91' lang='lat' dir='ltr'>ut</span> <span class='ocrx_word' id='word_1_387' title='bbox 1171 3204 1426 3274; x_wconf 89' lang='lat' dir='ltr'>patiendo</span> <span class='ocrx_word' id='word_1_388' title='bbox 1455 3218 1519 3259; x_wconf 91' lang='lat' dir='ltr'>ea</span> <span class='ocrx_word' id='word_1_389' title='bbox 1559 3204 1990 3261; x_wconf 84' lang='lat' dir='ltr'>reminiscamini</span> 
     </span>
    </p>
   </div>
   <div class='ocr_carea' id='block_1_62' title="bbox 2130 3179 3689 3274">
    <p class='ocr_par' dir='ltr' id='par_1_62' title="bbox 2130 3179 3689 3274">
     <span class='ocr_line' id='line_1_62' title="bbox 2130 3179 3689 3274; baseline -0.004 -35"><span class='ocrx_word' id='word_1_390' title='bbox 2130 3203 2194 3250; x_wconf 89' lang='grc' dir='ltr'>ω,</span> <span class='ocrx_word' id='word_1_391' title='bbox 2253 3185 2421 3255; x_wconf 88' lang='grc' dir='ltr'>φησίν</span> <span class='ocrx_word' id='word_1_392' title='bbox 2467 3199 2481 3213; x_wconf 84' lang='grc'><strong>⁸</strong></span> <span class='ocrx_word' id='word_1_393' title='bbox 2553 3183 2695 3238; x_wconf 75' lang='grc' dir='ltr'>αὐτὰ</span> <span class='ocrx_word' id='word_1_394' title='bbox 2751 3183 2838 3235; x_wconf 73' lang='grc' dir='ltr'>ἐπ’</span> <span class='ocrx_word' id='word_1_395' title='bbox 2900 3180 3114 3274; x_wconf 49' lang='grc' dir='ltr'>ὄψεσιν.</span> <span class='ocrx_word' id='word_1_396' title='bbox 3147 3180 3301 3251; x_wconf 85' lang='grc' dir='ltr'>ὑμῶν</span> <span class='ocrx_word' id='word_1_397' title='bbox 3363 3179 3537 3248; x_wconf 83' lang='grc' dir='ltr'>άγω,</span> <span class='ocrx_word' id='word_1_398' title='bbox 3597 3180 3689 3233; x_wconf 84' lang='grc' dir='ltr'>ἴνα</span> 
     </span>
    </p>
   </div>
   <div class='ocr_carea' id='block_1_63' title="bbox 411 3262 3580 3366">
    <p class='ocr_par' dir='ltr' id='par_1_63' title="bbox 411 3262 3580 3366">
     <span class='ocr_line' id='line_1_63' title="bbox 411 3262 3580 3366; baseline -0.009 -16"><span class='ocrx_word' id='word_1_399' title='bbox 411 3310 534 3364; x_wconf 66' lang='lat' dir='ltr'>quae</span> <span class='ocrx_word' id='word_1_400' title='bbox 566 3262 881 3366; x_wconf 42' lang='lat' dir='ltr'>pcccastis:</span> <span class='ocrx_word' id='word_1_401' title='bbox 1017 3262 1029 3269; x_wconf 35' lang='grc' dir='ltr'><strong>Ι</strong></span> <span class='ocrx_word' id='word_1_402' title='bbox 1171 3262 1187 3274; x_wconf 49' lang='grc'><strong><em>⁸</em></strong></span> <span class='ocrx_word' id='word_1_403' title='bbox 2090 3276 2182 3332; x_wconf 86' lang='grc' dir='ltr'>διὰ</span> <span class='ocrx_word' id='word_1_404' title='bbox 2202 3276 2309 3330; x_wconf 86' lang='grc' dir='ltr'>τῶν</span> <span class='ocrx_word' id='word_1_405' title='bbox 2336 3272 2617 3366; x_wconf 75' lang='grc' dir='ltr'>τιμωριῶν</span> <span class='ocrx_word' id='word_1_406' title='bbox 2637 3271 3045 3366; x_wconf 17' lang='grc' dir='ltr'>ἀναμνησθῆτεᾷ,</span> <span class='ocrx_word' id='word_1_407' title='bbox 3188 3270 3580 3366; x_wconf 72' lang='grc' dir='ltr'>ήμαρτήκατε.</span> 
     </span>
    </p>
   </div>
   <div class='ocr_carea' id='block_1_64' title="bbox 482 3361 1992 3446">
    <p class='ocr_par' dir='ltr' id='par_1_64' title="bbox 482 3361 1988 3446">
     <span class='ocr_line' id='line_1_64' title="bbox 482 3361 1988 3446; baseline 0.003 -6"><span class='ocrx_word' id='word_1_408' title='bbox 482 3361 661 3442; x_wconf 52' lang='grc' dir='ltr'>νλε.</span> <span class='ocrx_word' id='word_1_409' title='bbox 694 3406 713 3439; x_wconf 86' lang='grc'><strong><em>‹</em></strong></span> <span class='ocrx_word' id='word_1_410' title='bbox 750 3387 818 3442; x_wconf 89' lang='lat' dir='ltr'>Et</span> <span class='ocrx_word' id='word_1_411' title='bbox 843 3386 1117 3443; x_wconf 82' lang='lat' dir='ltr'>dixerunt.</span> <span class='ocrx_word' id='word_1_412' title='bbox 1156 3404 1175 3440; x_wconf 73' lang='grc' dir='ltr'>ι</span> <span class='ocrx_word' id='word_1_413' title='bbox 1225 3385 1541 3442; x_wconf 86' lang='lat' dir='ltr'>Petulanter</span> <span class='ocrx_word' id='word_1_414' title='bbox 1598 3386 1766 3442; x_wconf 89' lang='lat' dir='ltr'>locuti</span> <span class='ocrx_word' id='word_1_415' title='bbox 1805 3394 1934 3443; x_wconf 89' lang='lat' dir='ltr'>sunt</span> <span class='ocrx_word' id='word_1_416' title='bbox 1973 3408 1988 3446; x_wconf 89' lang='lat'><strong>:</strong></span> 
     </span>
    </p>
   </div>
   <div class='ocr_carea' id='block_1_65' title="bbox 2130 3361 3686 3446">
    <p class='ocr_par' dir='ltr' id='par_1_65' title="bbox 2168 3361 3686 3431">
     <span class='ocr_line' id='line_1_65' title="bbox 2168 3361 3686 3431; baseline -0.005 -11"><span class='ocrx_word' id='word_1_417' title='bbox 2168 3386 2188 3420; x_wconf 69' lang='grc' dir='ltr'>ι</span> <span class='ocrx_word' id='word_1_418' title='bbox 2223 3367 2336 3421; x_wconf 81' lang='grc' dir='ltr'>Καὶ</span> <span class='ocrx_word' id='word_1_419' title='bbox 2383 3361 2569 3420; x_wconf 76' lang='grc' dir='ltr'>εἶπαν.</span> <span class='ocrx_word' id='word_1_420' title='bbox 2615 3384 2633 3417; x_wconf 76' lang='grc' dir='ltr'>ι</span> <span class='ocrx_word' id='word_1_421' title='bbox 2662 3398 2670 3403; x_wconf 99' lang='grc'><strong>-</strong></span> <span class='ocrx_word' id='word_1_422' title='bbox 2703 3362 2961 3426; x_wconf 83' lang='grc' dir='ltr'>Ἀναιδῶς</span> <span class='ocrx_word' id='word_1_423' title='bbox 3016 3361 3351 3431; x_wconf 77' lang='grc' dir='ltr'>ἐφθέγξαντο</span> <span class='ocrx_word' id='word_1_424' title='bbox 3401 3361 3686 3430; x_wconf 83' lang='grc' dir='ltr'>λέγοντες,</span> 
     </span>
    </p>
   </div>
   <div class='ocr_carea' id='block_1_66' title="bbox 410 3452 1992 3546">
    <p class='ocr_par' dir='ltr' id='par_1_66' title="bbox 410 3473 1989 3546">
     <span class='ocr_line' id='line_1_66' title="bbox 410 3473 1989 3546; baseline 0.001 -17"><span class='ocrx_word' id='word_1_425' title='bbox 410 3473 585 3529; x_wconf 79' lang='lat' dir='ltr'>Enixe</span> <span class='ocrx_word' id='word_1_426' title='bbox 604 3474 962 3545; x_wconf 84' lang='lat' dir='ltr'>persistemus</span> <span class='ocrx_word' id='word_1_427' title='bbox 991 3474 1047 3528; x_wconf 90' lang='lat' dir='ltr'>in</span> <span class='ocrx_word' id='word_1_428' title='bbox 1083 3473 1170 3529; x_wconf 89' lang='lat' dir='ltr'>his</span> <span class='ocrx_word' id='word_1_429' title='bbox 1207 3490 1328 3544; x_wconf 72' lang='lat' dir='ltr'>quae</span> <span class='ocrx_word' id='word_1_430' title='bbox 1383 3474 1612 3545; x_wconf 84' lang='lat' dir='ltr'>agimus.</span> <span class='ocrx_word' id='word_1_431' title='bbox 1655 3474 1759 3539; x_wconf 90' lang='lat' dir='ltr'>Tu,</span> <span class='ocrx_word' id='word_1_432' title='bbox 1791 3475 1989 3546; x_wconf 85' lang='lat' dir='ltr'>inquit,</span> 
     </span>
    </p>
   </div>
   <div class='ocr_carea' id='block_1_67' title="bbox 2130 3452 3692 3546">
    <p class='ocr_par' dir='ltr' id='par_1_67' title="bbox 2130 3452 3692 3532">
     <span class='ocr_line' id='line_1_67' title="bbox 2130 3452 3692 3532; baseline -0.004 -17"><span class='ocrx_word' id='word_1_433' title='bbox 2130 3460 2365 3532; x_wconf 72' lang='grc' dir='ltr'>ἰσχυρῶς</span> <span class='ocrx_word' id='word_1_434' title='bbox 2386 3458 2775 3530; x_wconf 76' lang='grc' dir='ltr'>ἐπιμενοῦμεν,</span> <span class='ocrx_word' id='word_1_435' title='bbox 2793 3452 2874 3522; x_wconf 72' lang='grc' dir='ltr'>οἷς</span> <span class='ocrx_word' id='word_1_436' title='bbox 2900 3456 3241 3528; x_wconf 84' lang='grc' dir='ltr'>πράττομεν.</span> <span class='ocrx_word' id='word_1_437' title='bbox 3268 3455 3342 3508; x_wconf 78' lang='grc' dir='ltr'><strong>Σὺ</strong></span> <span class='ocrx_word' id='word_1_438' title='bbox 3361 3455 3573 3524; x_wconf 84' lang='grc' dir='ltr'>λέγεις,</span> <span class='ocrx_word' id='word_1_439' title='bbox 3593 3473 3692 3525; x_wconf 80' lang='grc' dir='ltr'>φη-</span> 
     </span>
    </p>
   </div>
   <div class='ocr_carea' id='block_1_68' title="bbox 409 3546 1992 3636">
    <p class='ocr_par' dir='ltr' id='par_1_68' title="bbox 409 3564 1992 3636">
     <span class='ocr_line' id='line_1_68' title="bbox 409 3564 1992 3636; baseline 0.002 -16"><span class='ocrx_word' id='word_1_440' title='bbox 409 3579 512 3620; x_wconf 89' lang='lat' dir='ltr'>nos</span> <span class='ocrx_word' id='word_1_441' title='bbox 542 3581 573 3620; x_wconf 92' lang='lat' dir='ltr'>a</span> <span class='ocrx_word' id='word_1_442' title='bbox 606 3564 768 3620; x_wconf 86' lang='lat' dir='ltr'>bonis</span> <span class='ocrx_word' id='word_1_443' title='bbox 806 3566 1064 3636; x_wconf 84' lang='lat' dir='ltr'>cperibus</span> <span class='ocrx_word' id='word_1_444' title='bbox 1104 3580 1329 3622; x_wconf 88' lang='lat' dir='ltr'>aversos</span> <span class='ocrx_word' id='word_1_445' title='bbox 1377 3582 1545 3636; x_wconf 82' lang='lat' dir='ltr'>prava</span> <span class='ocrx_word' id='word_1_446' title='bbox 1585 3574 1822 3624; x_wconf 88' lang='lat' dir='ltr'>sectatos</span> <span class='ocrx_word' id='word_1_447' title='bbox 1866 3582 1992 3624; x_wconf 89' lang='lat' dir='ltr'>esse</span> 
     </span>
    </p>
   </div>
   <div class='ocr_carea' id='block_1_69' title="bbox 2130 3546 3689 3636">
    <p class='ocr_par' dir='ltr' id='par_1_69' title="bbox 2130 3546 3689 3623">
     <span class='ocr_line' id='line_1_69' title="bbox 2130 3546 3689 3623; baseline -0.006 -17"><span class='ocrx_word' id='word_1_448' title='bbox 2130 3553 2200 3618; x_wconf 72' lang='grc' dir='ltr'>ὶν,</span> <span class='ocrx_word' id='word_1_449' title='bbox 2235 3548 2812 3623; x_wconf 81' lang='grc' dir='ltr'>ὃτιἈποστραφέντες</span> <span class='ocrx_word' id='word_1_450' title='bbox 2845 3548 2954 3603; x_wconf 75' lang='grc' dir='ltr'>ἀπὸ</span> <span class='ocrx_word' id='word_1_451' title='bbox 2978 3546 3090 3601; x_wconf 85' lang='grc' dir='ltr'>τῶν</span> <span class='ocrx_word' id='word_1_452' title='bbox 3119 3547 3304 3600; x_wconf 85' lang='grc' dir='ltr'>καλῶν</span> <span class='ocrx_word' id='word_1_453' title='bbox 3328 3547 3535 3617; x_wconf 77' lang='grc' dir='ltr'>ἔργων,</span> <span class='ocrx_word' id='word_1_454' title='bbox 3554 3547 3689 3617; x_wconf 75' lang='grc' dir='ltr'>ἡκο-</span> 
     </span>
    </p>
   </div>
   <div class='ocr_carea' id='block_1_70' title="bbox 409 3638 1992 3727">
    <p class='ocr_par' dir='ltr' id='par_1_70' title="bbox 409 3656 1417 3727">
     <span class='ocr_line' id='line_1_70' title="bbox 409 3656 1417 3727; baseline -0.001 -15"><span class='ocrx_word' id='word_1_455' title='bbox 409 3656 514 3723; x_wconf 88' lang='lat' dir='ltr'>ais,</span> <span class='ocrx_word' id='word_1_456' title='bbox 548 3664 603 3712; x_wconf 93' lang='lat' dir='ltr'>et</span> <span class='ocrx_word' id='word_1_457' title='bbox 639 3672 742 3712; x_wconf 87' lang='lat' dir='ltr'>nos</span> <span class='ocrx_word' id='word_1_458' title='bbox 766 3658 910 3711; x_wconf 84' lang='lat' dir='ltr'>mala</span> <span class='ocrx_word' id='word_1_459' title='bbox 945 3658 1061 3727; x_wconf 86' lang='lat' dir='ltr'>ipsa</span> <span class='ocrx_word' id='word_1_460' title='bbox 1100 3672 1417 3727; x_wconf 87' lang='lat' dir='ltr'>sequemur.</span> 
     </span>
    </p>
   </div>
   <div class='ocr_carea' id='block_1_71' title="bbox 2130 3638 3688 3727">
    <p class='ocr_par' dir='ltr' id='par_1_71' title="bbox 2130 3638 3688 3716">
     <span class='ocr_line' id='line_1_71' title="bbox 2130 3638 3688 3716; baseline -0.004 -18"><span class='ocrx_word' id='word_1_461' title='bbox 2130 3644 2436 3716; x_wconf 83' lang='grc' dir='ltr'>ουθήσαμεν</span> <span class='ocrx_word' id='word_1_462' title='bbox 2485 3645 2596 3706; x_wconf 84' lang='grc' dir='ltr'>τοῖς</span> <span class='ocrx_word' id='word_1_463' title='bbox 2652 3641 2910 3711; x_wconf 80' lang='grc' dir='ltr'>φαύλοις·</span> <span class='ocrx_word' id='word_1_464' title='bbox 2943 3639 3123 3694; x_wconf 83' lang='grc' dir='ltr'>ὀπίσω</span> <span class='ocrx_word' id='word_1_465' title='bbox 3164 3638 3348 3694; x_wconf 82' lang='grc' dir='ltr'>αὐτῶν</span> <span class='ocrx_word' id='word_1_466' title='bbox 3386 3638 3503 3693; x_wconf 84' lang='grc' dir='ltr'>τῶν</span> <span class='ocrx_word' id='word_1_467' title='bbox 3550 3638 3688 3708; x_wconf 81' lang='grc' dir='ltr'>φαύ-</span> 
     </span>
    </p>
   </div>
   <div class='ocr_carea' id='block_1_72' title="bbox 2091 3736 2701 3808">
    <p class='ocr_par' dir='ltr' id='par_1_72' title="bbox 2091 3736 2701 3808">
     <span class='ocr_line' id='line_1_72' title="bbox 2091 3736 2701 3808; baseline -0.003 -17"><span class='ocrx_word' id='word_1_468' title='bbox 2091 3736 2201 3791; x_wconf 87' lang='grc' dir='ltr'>λων</span> <span class='ocrx_word' id='word_1_469' title='bbox 2232 3736 2571 3808; x_wconf 85' lang='grc' dir='ltr'>άκολουθήσο</span> <span class='ocrx_word' id='word_1_470' title='bbox 2579 3753 2701 3808; x_wconf 91' lang='grc' dir='ltr'>μεν.</span> 
     </span>
    </p>
   </div>
   <div class='ocr_carea' id='block_1_73' title="bbox 2171 3825 3683 3900">
    <p class='ocr_par' dir='ltr' id='par_1_73' title="bbox 2171 3825 3683 3900">
     <span class='ocr_line' id='line_1_73' title="bbox 2171 3825 3683 3900; baseline -0.003 -16"><span class='ocrx_word' id='word_1_471' title='bbox 2171 3848 2191 3883; x_wconf 73' lang='grc' dir='ltr'>ι</span> <span class='ocrx_word' id='word_1_472' title='bbox 2235 3829 2328 3900; x_wconf 88' lang='grc' dir='ltr'>Μὴ</span> <span class='ocrx_word' id='word_1_473' title='bbox 2360 3828 2708 3899; x_wconf 73' lang='grc' dir='ltr'>ὲκλείψωσιν.</span> <span class='ocrx_word' id='word_1_474' title='bbox 2746 3846 2767 3881; x_wconf 69' lang='grc' dir='ltr'>ι</span> <span class='ocrx_word' id='word_1_475' title='bbox 2792 3826 2981 3899; x_wconf 84' lang='grc' dir='ltr'>Πέτρα</span> <span class='ocrx_word' id='word_1_476' title='bbox 3013 3828 3042 3881; x_wconf 88' lang='grc' dir='ltr'>ό</span> <span class='ocrx_word' id='word_1_477' title='bbox 3082 3826 3340 3898; x_wconf 77' lang='grc' dir='ltr'>Χριστὸς,</span> <span class='ocrx_word' id='word_1_478' title='bbox 3396 3828 3604 3899; x_wconf 79' lang='grc' dir='ltr'>μαστοὶ</span> <span class='ocrx_word' id='word_1_479' title='bbox 3629 3825 3683 3880; x_wconf 63' lang='grc' dir='ltr'>δὲ</span> 
     </span>
    </p>
   </div>
   <div class='ocr_carea' id='block_1_74' title="bbox 2090 3916 3680 3991">
    <p class='ocr_par' dir='ltr' id='par_1_74' title="bbox 2090 3916 3680 3991">
     <span class='ocr_line' id='line_1_74' title="bbox 2090 3916 3680 3991; baseline -0.004 -16"><span class='ocrx_word' id='word_1_480' title='bbox 2090 3923 2120 3976; x_wconf 90' lang='grc' dir='ltr'>ὁ</span> <span class='ocrx_word' id='word_1_481' title='bbox 2164 3920 2438 3991; x_wconf 85' lang='grc' dir='ltr'>τρόφιμος</span> <span class='ocrx_word' id='word_1_482' title='bbox 2488 3919 2683 3987; x_wconf 80' lang='grc' dir='ltr'>λόγος’</span> <span class='ocrx_word' id='word_1_483' title='bbox 2724 3916 2860 3989; x_wconf 85' lang='grc' dir='ltr'>χιὼν</span> <span class='ocrx_word' id='word_1_484' title='bbox 2900 3918 2991 3982; x_wconf 83' lang='grc' dir='ltr'>δὲ,</span> <span class='ocrx_word' id='word_1_485' title='bbox 3028 3919 3061 3988; x_wconf 83' lang='grc' dir='ltr'><strong>ἡ</strong></span> <span class='ocrx_word' id='word_1_486' title='bbox 3105 3918 3214 3971; x_wconf 82' lang='grc' dir='ltr'>τῶν</span> <span class='ocrx_word' id='word_1_487' title='bbox 3260 3918 3680 3989; x_wconf 71' lang='grc' dir='ltr'>ἁμαρτημάτων</span> 
     </span>
    </p>
   </div>
   <div class='ocr_carea' id='block_1_75' title="bbox 2093 4009 3682 4085">
    <p class='ocr_par' dir='ltr' id='par_1_75' title="bbox 2093 4009 3682 4085">
     <span class='ocr_line' id='line_1_75' title="bbox 2093 4009 3682 4085; baseline -0.005 -17"><span class='ocrx_word' id='word_1_488' title='bbox 2093 4014 2388 4085; x_wconf 83' lang='grc' dir='ltr'>κάθαρσις.</span> <span class='ocrx_word' id='word_1_489' title='bbox 2418 4011 2690 4065; x_wconf 81' lang='grc' dir='ltr'>Νοοῦνται</span> <span class='ocrx_word' id='word_1_490' title='bbox 2720 4011 2777 4065; x_wconf 84' lang='grc' dir='ltr'>δὲ</span> <span class='ocrx_word' id='word_1_491' title='bbox 2808 4009 3007 4080; x_wconf 68' lang='grc' dir='ltr'>μαστοὶ</span> <span class='ocrx_word' id='word_1_492' title='bbox 3039 4009 3135 4063; x_wconf 64' lang='grc' dir='ltr'>καί¹</span> <span class='ocrx_word' id='word_1_493' title='bbox 3171 4009 3204 4078; x_wconf 84' lang='grc' dir='ltr'>ή</span> <span class='ocrx_word' id='word_1_494' title='bbox 3237 4009 3357 4073; x_wconf 88' lang='grc' dir='ltr'>νέα,</span> <span class='ocrx_word' id='word_1_495' title='bbox 3390 4009 3489 4062; x_wconf 71' lang='grc' dir='ltr'>καὶ</span> <span class='ocrx_word' id='word_1_496' title='bbox 3515 4010 3548 4079; x_wconf 82' lang='grc' dir='ltr'>ἡ</span> <span class='ocrx_word' id='word_1_497' title='bbox 3581 4023 3682 4061; x_wconf 79' lang='grc' dir='ltr'>πα-</span> 
     </span>
    </p>
   </div>
   <div class='ocr_carea' id='block_1_76' title="bbox 408 4097 1992 4180">
    <p class='ocr_par' dir='ltr' id='par_1_76' title="bbox 408 4107 1992 4180">
     <span class='ocr_line' id='line_1_76' title="bbox 408 4107 1992 4180; baseline 0 -16"><span class='ocrx_word' id='word_1_498' title='bbox 408 4116 498 4164; x_wconf 84' lang='lat' dir='ltr'>tus</span> <span class='ocrx_word' id='word_1_499' title='bbox 533 4107 963 4165; x_wconf 88' lang='lat' dir='ltr'>Testamentum.</span> <span class='ocrx_word' id='word_1_500' title='bbox 993 4109 1075 4164; x_wconf 82' lang='lat' dir='ltr'>An</span> <span class='ocrx_word' id='word_1_501' title='bbox 1105 4110 1271 4180; x_wconf 87' lang='lat' dir='ltr'>igitur</span> <span class='ocrx_word' id='word_1_502' title='bbox 1310 4109 1368 4163; x_wconf 91' lang='lat' dir='ltr'>in</span> <span class='ocrx_word' id='word_1_503' title='bbox 1398 4125 1672 4179; x_wconf 90' lang='lat' dir='ltr'>quoquam</span> <span class='ocrx_word' id='word_1_504' title='bbox 1713 4108 1891 4165; x_wconf 72' lang='lat' dir='ltr'>deieci</span> <span class='ocrx_word' id='word_1_505' title='bbox 1925 4108 1992 4165; x_wconf 91' lang='lat' dir='ltr'>ad</span> 
     </span>
    </p>
   </div>
   <div class='ocr_carea' id='block_1_77' title="bbox 2130 4097 3679 4180">
    <p class='ocr_par' dir='ltr' id='par_1_77' title="bbox 2130 4097 3679 4174">
     <span class='ocr_line' id='line_1_77' title="bbox 2130 4097 3679 4174; baseline -0.005 -14"><span class='ocrx_word' id='word_1_506' title='bbox 2130 4105 2219 4160; x_wconf 74' lang='grc' dir='ltr'>αιΞι</span> <span class='ocrx_word' id='word_1_507' title='bbox 2252 4103 2510 4174; x_wconf 85' lang='grc' dir='ltr'>διαθήκη.</span> <span class='ocrx_word' id='word_1_508' title='bbox 2547 4104 2639 4174; x_wconf 81' lang='grc' dir='ltr'>Μή</span> <span class='ocrx_word' id='word_1_509' title='bbox 2668 4122 2720 4156; x_wconf 90' lang='grc' dir='ltr'>τι</span> <span class='ocrx_word' id='word_1_510' title='bbox 2748 4102 2842 4156; x_wconf 79' lang='grc' dir='ltr'>οὖν</span> <span class='ocrx_word' id='word_1_511' title='bbox 2874 4101 3128 4172; x_wconf 74' lang='grc' dir='ltr'>ὲνέλειψα</span> <span class='ocrx_word' id='word_1_512' title='bbox 3157 4097 3223 4163; x_wconf 60' lang='grc' dir='ltr'>εὗ,</span> <span class='ocrx_word' id='word_1_513' title='bbox 3253 4100 3431 4156; x_wconf 84' lang='grc' dir='ltr'>ποιῶν</span> <span class='ocrx_word' id='word_1_514' title='bbox 3471 4101 3679 4167; x_wconf 75' lang='grc' dir='ltr'>αὐτοῖς,</span> 
     </span>
    </p>
   </div>
   <div class='ocr_carea' id='block_1_78' title="bbox 407 4194 1992 4277">
    <p class='ocr_par' dir='ltr' id='par_1_78' title="bbox 407 4202 1992 4269">
     <span class='ocr_line' id='line_1_78' title="bbox 407 4202 1992 4269; baseline -0.001 -12"><span class='ocrx_word' id='word_1_515' title='bbox 407 4202 549 4258; x_wconf 88' lang='lat' dir='ltr'>bene</span> <span class='ocrx_word' id='word_1_516' title='bbox 578 4203 889 4258; x_wconf 78' lang='lat' dir='ltr'>faciendum</span> <span class='ocrx_word' id='word_1_517' title='bbox 922 4203 1051 4267; x_wconf 90' lang='lat' dir='ltr'>illis,</span> <span class='ocrx_word' id='word_1_518' title='bbox 1082 4210 1137 4256; x_wconf 91' lang='lat' dir='ltr'>et</span> <span class='ocrx_word' id='word_1_519' title='bbox 1168 4202 1486 4269; x_wconf 56' lang='lat' dir='ltr'>nutripdas</span> <span class='ocrx_word' id='word_1_520' title='bbox 1517 4217 1708 4256; x_wconf 89' lang='lat' dir='ltr'>eorum</span> <span class='ocrx_word' id='word_1_521' title='bbox 1738 4203 1992 4258; x_wconf 90' lang='lat' dir='ltr'>animas?</span> 
     </span>
    </p>
   </div>
   <div class='ocr_carea' id='block_1_79' title="bbox 2130 4194 3111 4277">
    <p class='ocr_par' dir='ltr' id='par_1_79' title="bbox 2130 4194 3111 4277">
     <span class='ocr_line' id='line_1_79' title="bbox 2130 4194 3111 4277; baseline -0.014 -24"><span class='ocrx_word' id='word_1_522' title='bbox 2130 4199 2188 4254; x_wconf 81' lang='lat' dir='ltr'>al.</span> <span class='ocrx_word' id='word_1_523' title='bbox 2215 4197 2521 4269; x_wconf 82' lang='grc' dir='ltr'>διατρέφων</span> <span class='ocrx_word' id='word_1_524' title='bbox 2544 4196 2727 4250; x_wconf 80' lang='grc' dir='ltr'>αὐτῶν</span> <span class='ocrx_word' id='word_1_525' title='bbox 2760 4196 2858 4259; x_wconf 69' lang='grc' dir='ltr'>τὰς</span> <span class='ocrx_word' id='word_1_526' title='bbox 2887 4194 3069 4266; x_wconf 74' lang='grc' dir='ltr'>ψυχάς</span> <span class='ocrx_word' id='word_1_527' title='bbox 3092 4212 3111 4277; x_wconf 63' lang='grc' dir='ltr'><strong>ἱ</strong></span> 
     </span>
    </p>
   </div>
   <div class='ocr_carea' id='block_1_80' title="bbox 485 4284 1992 4361">
    <p class='ocr_par' dir='ltr' id='par_1_80' title="bbox 485 4290 1991 4361">
     <span class='ocr_line' id='line_1_80' title="bbox 485 4290 1991 4361; baseline 0.001 -16"><span class='ocrx_word' id='word_1_528' title='bbox 485 4312 504 4345; x_wconf 71' lang='grc' dir='ltr'>ε</span> <span class='ocrx_word' id='word_1_529' title='bbox 534 4292 791 4361; x_wconf 85' lang='lat' dir='ltr'>Nunquid</span> <span class='ocrx_word' id='word_1_530' title='bbox 855 4292 1169 4346; x_wconf 89' lang='lat' dir='ltr'>declinabit.</span> <span class='ocrx_word' id='word_1_531' title='bbox 1201 4311 1219 4345; x_wconf 73' lang='grc' dir='ltr'>ι</span> <span class='ocrx_word' id='word_1_532' title='bbox 1270 4290 1411 4356; x_wconf 84' lang='lat' dir='ltr'>Quid</span> <span class='ocrx_word' id='word_1_533' title='bbox 1448 4290 1552 4343; x_wconf 91' lang='lat' dir='ltr'>hoc</span> <span class='ocrx_word' id='word_1_534' title='bbox 1573 4292 1596 4343; x_wconf 88' lang='lat'><strong>?</strong></span> <span class='ocrx_word' id='word_1_535' title='bbox 1620 4292 1730 4356; x_wconf 91' lang='lat' dir='ltr'>ait;</span> <span class='ocrx_word' id='word_1_536' title='bbox 1808 4307 1991 4347; x_wconf 90' lang='lat' dir='ltr'>nonne</span> 
     </span>
    </p>
   </div>
   <div class='ocr_carea' id='block_1_81' title="bbox 2130 4284 3679 4361">
    <p class='ocr_par' dir='ltr' id='par_1_81' title="bbox 2169 4284 3679 4360">
     <span class='ocr_line' id='line_1_81' title="bbox 2169 4284 3679 4360; baseline -0.002 -19"><span class='ocrx_word' id='word_1_537' title='bbox 2169 4307 2187 4341; x_wconf 76' lang='grc' dir='ltr'>ι</span> <span class='ocrx_word' id='word_1_538' title='bbox 2228 4289 2319 4360; x_wconf 81' lang='grc' dir='ltr'><strong>Μὴ</strong></span> <span class='ocrx_word' id='word_1_539' title='bbox 2350 4288 2607 4342; x_wconf 77' lang='grc' dir='ltr'>ἐκκλίνει.</span> <span class='ocrx_word' id='word_1_540' title='bbox 2646 4304 2663 4336; x_wconf 73' lang='grc' dir='ltr'>δ</span> <span class='ocrx_word' id='word_1_541' title='bbox 2698 4287 2766 4340; x_wconf 80' lang='grc' dir='ltr'>Τί</span> <span class='ocrx_word' id='word_1_542' title='bbox 2801 4287 2856 4340; x_wconf 78' lang='grc' dir='ltr'>δέ</span> <span class='ocrx_word' id='word_1_543' title='bbox 2903 4302 3104 4354; x_wconf 87' lang='grc' dir='ltr'>φησιν;</span> <span class='ocrx_word' id='word_1_544' title='bbox 3132 4285 3249 4338; x_wconf 73' lang='grc' dir='ltr'>Οὐκ</span> <span class='ocrx_word' id='word_1_545' title='bbox 3280 4286 3423 4338; x_wconf 67' lang='grc' dir='ltr'>εἰσὶν</span> <span class='ocrx_word' id='word_1_546' title='bbox 3452 4286 3513 4339; x_wconf 83' lang='grc' dir='ltr'>ἐν</span> <span class='ocrx_word' id='word_1_547' title='bbox 3542 4284 3679 4356; x_wconf 79' lang='grc' dir='ltr'>τῷδε</span> 
     </span>
    </p>
   </div>
   <div class='ocr_carea' id='block_1_82' title="bbox 409 4375 1992 4453">
    <p class='ocr_par' dir='ltr' id='par_1_82' title="bbox 409 4380 1989 4449">
     <span class='ocr_line' id='line_1_82' title="bbox 409 4380 1989 4449; baseline -0.001 -12"><span class='ocrx_word' id='word_1_548' title='bbox 409 4382 610 4437; x_wconf 89' lang='lat' dir='ltr'>suntin</span> <span class='ocrx_word' id='word_1_549' title='bbox 633 4382 737 4435; x_wconf 90' lang='lat' dir='ltr'>hac</span> <span class='ocrx_word' id='word_1_550' title='bbox 764 4381 871 4435; x_wconf 87' lang='lat' dir='ltr'>vita</span> <span class='ocrx_word' id='word_1_551' title='bbox 903 4381 996 4449; x_wconf 90' lang='lat' dir='ltr'>qui</span> <span class='ocrx_word' id='word_1_552' title='bbox 1020 4381 1171 4435; x_wconf 83' lang='lat' dir='ltr'>velut</span> <span class='ocrx_word' id='word_1_553' title='bbox 1207 4395 1347 4449; x_wconf 79' lang='lat' dir='ltr'>aqua</span> <span class='ocrx_word' id='word_1_554' title='bbox 1365 4387 1653 4433; x_wconf 85' lang='lat' dir='ltr'>ventorum</span> <span class='ocrx_word' id='word_1_555' title='bbox 1683 4380 1737 4434; x_wconf 90' lang='lat' dir='ltr'>vi</span> <span class='ocrx_word' id='word_1_556' title='bbox 1758 4381 1989 4436; x_wconf 85' lang='lat' dir='ltr'>saeviens</span> 
     </span>
    </p>
   </div>
   <div class='ocr_carea' id='block_1_83' title="bbox 2130 4375 3677 4453">
    <p class='ocr_par' dir='ltr' id='par_1_83' title="bbox 2130 4375 3677 4453">
     <span class='ocr_line' id='line_1_83' title="bbox 2130 4375 3677 4453; baseline -0.003 -18"><span class='ocrx_word' id='word_1_557' title='bbox 2130 4381 2167 4453; x_wconf 76' lang='grc' dir='ltr'>ᾧ</span> <span class='ocrx_word' id='word_1_558' title='bbox 2219 4380 2318 4452; x_wconf 83' lang='grc' dir='ltr'>βίῳ</span> <span class='ocrx_word' id='word_1_559' title='bbox 2359 4378 2856 4449; x_wconf 74' lang='grc' dir='ltr'>κλυδωνιζόμενοι,</span> <span class='ocrx_word' id='word_1_560' title='bbox 2907 4378 3098 4447; x_wconf 81' lang='grc' dir='ltr'>ὥσπερ</span> <span class='ocrx_word' id='word_1_561' title='bbox 3154 4375 3302 4447; x_wconf 74' lang='grc' dir='ltr'>ὕδωρ</span> <span class='ocrx_word' id='word_1_562' title='bbox 3349 4378 3461 4430; x_wconf 73' lang='grc' dir='ltr'>ὑπὸ</span> <span class='ocrx_word' id='word_1_563' title='bbox 3505 4376 3677 4448; x_wconf 83' lang='grc' dir='ltr'>βιαίου</span> 
     </span>
    </p>
   </div>
   <div class='ocr_carea' id='block_1_84' title="bbox 409 4467 1992 4544">
    <p class='ocr_par' dir='ltr' id='par_1_84' title="bbox 409 4472 1992 4542">
     <span class='ocr_line' id='line_1_84' title="bbox 409 4472 1992 4542; baseline 0 -14"><span class='ocrx_word' id='word_1_564' title='bbox 409 4480 545 4528; x_wconf 82' lang='lat' dir='ltr'>:rstu</span> <span class='ocrx_word' id='word_1_565' title='bbox 565 4472 869 4541; x_wconf 84' lang='lat' dir='ltr'>agitentur?</span> <span class='ocrx_word' id='word_1_566' title='bbox 901 4483 957 4527; x_wconf 94' lang='lat' dir='ltr'>et</span> <span class='ocrx_word' id='word_1_567' title='bbox 984 4480 1190 4527; x_wconf 75' lang='lat' dir='ltr'>tamen-</span> <span class='ocrx_word' id='word_1_568' title='bbox 1217 4487 1398 4542; x_wconf 83' lang='lat' dir='ltr'>neque</span> <span class='ocrx_word' id='word_1_569' title='bbox 1454 4486 1575 4525; x_wconf 90' lang='lat' dir='ltr'>mea</span> <span class='ocrx_word' id='word_1_570' title='bbox 1611 4472 1875 4528; x_wconf 83' lang='lat' dir='ltr'>beneﬁcia</span> <span class='ocrx_word' id='word_1_571' title='bbox 1900 4489 1992 4528; x_wconf 87' lang='lat' dir='ltr'>co-</span> 
     </span>
    </p>
   </div>
   <div class='ocr_carea' id='block_1_85' title="bbox 2130 4467 3680 4544">
    <p class='ocr_par' dir='ltr' id='par_1_85' title="bbox 2134 4467 3680 4544">
     <span class='ocr_line' id='line_1_85' title="bbox 2134 4467 3680 4544; baseline -0.004 -16"><span class='ocrx_word' id='word_1_572' title='bbox 2134 4474 2302 4542; x_wconf 86' lang='grc' dir='ltr'>νέμου</span> <span class='ocrx_word' id='word_1_573' title='bbox 2348 4472 2683 4544; x_wconf 83' lang='grc' dir='ltr'>φερόμενον;</span> <span class='ocrx_word' id='word_1_574' title='bbox 2724 4473 2818 4525; x_wconf 71' lang='grc' dir='ltr'>καὶ</span> <span class='ocrx_word' id='word_1_575' title='bbox 2861 4470 3011 4539; x_wconf 85' lang='grc' dir='ltr'>ὅμως</span> <span class='ocrx_word' id='word_1_576' title='bbox 3045 4467 3173 4523; x_wconf 74' lang='grc' dir='ltr'>οὔτε</span> <span class='ocrx_word' id='word_1_577' title='bbox 3212 4470 3313 4533; x_wconf 79' lang='grc' dir='ltr'>τὰς</span> <span class='ocrx_word' id='word_1_578' title='bbox 3342 4469 3489 4541; x_wconf 75' lang='grc' dir='ltr'>ἐμὰς</span> <span class='ocrx_word' id='word_1_579' title='bbox 3522 4471 3680 4541; x_wconf 79' lang='grc' dir='ltr'>εὐερ-</span> 
     </span>
    </p>
   </div>
   <div class='ocr_carea' id='block_1_86' title="bbox 409 4562 1992 4637">
    <p class='ocr_par' dir='ltr' id='par_1_86' title="bbox 409 4564 1988 4637">
     <span class='ocr_line' id='line_1_86' title="bbox 409 4564 1988 4637; baseline 0.003 -19"><span class='ocrx_word' id='word_1_580' title='bbox 409 4565 671 4637; x_wconf 85' lang='lat' dir='ltr'>gitarunt,</span> <span class='ocrx_word' id='word_1_581' title='bbox 695 4580 871 4635; x_wconf 89' lang='lat' dir='ltr'>neque</span> <span class='ocrx_word' id='word_1_582' title='bbox 895 4566 1018 4620; x_wconf 68' lang='lat' dir='ltr'>vita:</span> <span class='ocrx_word' id='word_1_583' title='bbox 1048 4564 1212 4635; x_wconf 90' lang='lat' dir='ltr'>hujus</span> <span class='ocrx_word' id='word_1_584' title='bbox 1255 4565 1686 4632; x_wconf 87' lang='lat' dir='ltr'>instabilitatem,</span> <span class='ocrx_word' id='word_1_585' title='bbox 1705 4565 1800 4621; x_wconf 89' lang='lat' dir='ltr'>sed</span> <span class='ocrx_word' id='word_1_586' title='bbox 1823 4566 1988 4622; x_wconf 84' lang='lat' dir='ltr'>vitam</span> 
     </span>
    </p>
   </div>
   <div class='ocr_carea' id='block_1_87' title="bbox 2130 4562 3681 4637">
    <p class='ocr_par' dir='ltr' id='par_1_87' title="bbox 2130 4562 3681 4636">
     <span class='ocr_line' id='line_1_87' title="bbox 2130 4562 3681 4636; baseline -0.002 -16"><span class='ocrx_word' id='word_1_587' title='bbox 2130 4567 2284 4631; x_wconf 87' lang='grc' dir='ltr'>εσίας</span> <span class='ocrx_word' id='word_1_588' title='bbox 2316 4566 2656 4634; x_wconf 77' lang='grc' dir='ltr'>ἐλογίσαντο,</span> <span class='ocrx_word' id='word_1_589' title='bbox 2687 4564 2811 4619; x_wconf 74' lang='grc' dir='ltr'>οὔτε</span> <span class='ocrx_word' id='word_1_590' title='bbox 2838 4563 2933 4618; x_wconf 77' lang='grc' dir='ltr'>τοῦ</span> <span class='ocrx_word' id='word_1_591' title='bbox 2967 4563 3240 4636; x_wconf 79' lang='grc' dir='ltr'>παρόντος</span> <span class='ocrx_word' id='word_1_592' title='bbox 3268 4563 3388 4633; x_wconf 86' lang='grc' dir='ltr'>βίου</span> <span class='ocrx_word' id='word_1_593' title='bbox 3420 4562 3483 4617; x_wconf 79' lang='grc' dir='ltr'>τὸ</span> <span class='ocrx_word' id='word_1_594' title='bbox 3515 4562 3681 4617; x_wconf 74' lang='grc' dir='ltr'>ἄστα-</span> 
     </span>
    </p>
   </div>
   <div class='ocr_carea' id='block_1_88' title="bbox 409 4655 1992 4729">
    <p class='ocr_par' dir='ltr' id='par_1_88' title="bbox 409 4655 1990 4728">
     <span class='ocr_line' id='line_1_88' title="bbox 409 4655 1990 4728; baseline 0.003 -19"><span class='ocrx_word' id='word_1_595' title='bbox 409 4655 555 4711; x_wconf 89' lang='lat' dir='ltr'>hanc</span> <span class='ocrx_word' id='word_1_596' title='bbox 586 4656 659 4712; x_wconf 89' lang='lat' dir='ltr'>ita</span> <span class='ocrx_word' id='word_1_597' title='bbox 699 4657 918 4728; x_wconf 87' lang='lat' dir='ltr'>degunt,</span> <span class='ocrx_word' id='word_1_598' title='bbox 957 4668 1012 4712; x_wconf 87' lang='lat' dir='ltr'>et</span> <span class='ocrx_word' id='word_1_599' title='bbox 1044 4657 1309 4727; x_wconf 67' lang='lat' dir='ltr'>inaequale</span> <span class='ocrx_word' id='word_1_600' title='bbox 1372 4657 1479 4712; x_wconf 91' lang='lat' dir='ltr'>iter</span> <span class='ocrx_word' id='word_1_601' title='bbox 1534 4657 1764 4723; x_wconf 81' lang='lat' dir='ltr'>faciunt,</span> <span class='ocrx_word' id='word_1_602' title='bbox 1831 4659 1990 4728; x_wconf 86' lang='lat' dir='ltr'>quasi</span> 
     </span>
    </p>
   </div>
   <div class='ocr_carea' id='block_1_89' title="bbox 2130 4655 3673 4729">
    <p class='ocr_par' dir='ltr' id='par_1_89' title="bbox 2130 4657 3673 4729">
     <span class='ocr_line' id='line_1_89' title="bbox 2130 4657 3673 4729; baseline -0.002 -17"><span class='ocrx_word' id='word_1_603' title='bbox 2130 4676 2214 4712; x_wconf 75' lang='grc' dir='ltr'>ον·</span> <span class='ocrx_word' id='word_1_604' title='bbox 2252 4658 2368 4714; x_wconf 82' lang='grc' dir='ltr'>ἀλλ’</span> <span class='ocrx_word' id='word_1_605' title='bbox 2401 4658 2576 4721; x_wconf 71' lang='grc' dir='ltr'>οὕτως</span> <span class='ocrx_word' id='word_1_606' title='bbox 2606 4658 2715 4710; x_wconf 75' lang='grc' dir='ltr'>είσὶ</span> <span class='ocrx_word' id='word_1_607' title='bbox 2745 4659 2803 4710; x_wconf 83' lang='grc' dir='ltr'>ὲν</span> <span class='ocrx_word' id='word_1_608' title='bbox 2838 4657 3015 4727; x_wconf 84' lang='grc' dir='ltr'>τούτῳ</span> <span class='ocrx_word' id='word_1_609' title='bbox 3039 4657 3120 4726; x_wconf 84' lang='grc' dir='ltr'>τῷ</span> <span class='ocrx_word' id='word_1_610' title='bbox 3158 4657 3257 4728; x_wconf 84' lang='grc' dir='ltr'>βίῳ</span> <span class='ocrx_word' id='word_1_611' title='bbox 3290 4657 3673 4729; x_wconf 77' lang='grc' dir='ltr'>πορευόμενοι,</span> 
     </span>
    </p>
   </div>
   <div class='ocr_carea' id='block_1_90' title="bbox 409 4747 1992 4821">
    <p class='ocr_par' dir='ltr' id='par_1_90' title="bbox 409 4749 1990 4820">
     <span class='ocr_line' id='line_1_90' title="bbox 409 4749 1990 4820; baseline 0.002 -17"><span class='ocrx_word' id='word_1_612' title='bbox 409 4756 681 4820; x_wconf 86' lang='lat' dir='ltr'>putantes,</span> <span class='ocrx_word' id='word_1_613' title='bbox 710 4757 826 4805; x_wconf 93' lang='lat' dir='ltr'>toto</span> <span class='ocrx_word' id='word_1_614' title='bbox 865 4750 1062 4805; x_wconf 60' lang='lat' dir='ltr'>saeculo</span> <span class='ocrx_word' id='word_1_615' title='bbox 1100 4764 1159 4805; x_wconf 89' lang='lat' dir='ltr'>se</span> <span class='ocrx_word' id='word_1_616' title='bbox 1202 4750 1290 4805; x_wconf 91' lang='lat' dir='ltr'>hic</span> <span class='ocrx_word' id='word_1_617' title='bbox 1323 4751 1583 4806; x_wconf 87' lang='lat' dir='ltr'>victuros.</span> <span class='ocrx_word' id='word_1_618' title='bbox 1643 4749 1990 4820; x_wconf 83' lang='lat' dir='ltr'>Quapropter</span> 
     </span>
    </p>
   </div>
   <div class='ocr_carea' id='block_1_91' title="bbox 2130 4747 3676 4821">
    <p class='ocr_par' dir='ltr' id='par_1_91' title="bbox 2130 4747 3676 4821">
     <span class='ocr_line' id='line_1_91' title="bbox 2130 4747 3676 4821; baseline -0.002 -19"><span class='ocrx_word' id='word_1_619' title='bbox 2130 4751 2186 4803; x_wconf 74' lang='grc' dir='ltr'>αὶ</span> <span class='ocrx_word' id='word_1_620' title='bbox 2209 4751 2310 4820; x_wconf 73' lang='grc' dir='ltr'>τὴν</span> <span class='ocrx_word' id='word_1_621' title='bbox 2344 4748 2636 4820; x_wconf 83' lang='grc' dir='ltr'>ἀνώμαλον</span> <span class='ocrx_word' id='word_1_622' title='bbox 2665 4748 2760 4802; x_wconf 79' lang='grc' dir='ltr'>τοῦ</span> <span class='ocrx_word' id='word_1_623' title='bbox 2808 4748 2927 4820; x_wconf 88' lang='grc' dir='ltr'>βίου</span> <span class='ocrx_word' id='word_1_624' title='bbox 2974 4747 3286 4819; x_wconf 76' lang='grc' dir='ltr'>βαδίζοντες</span> <span class='ocrx_word' id='word_1_625' title='bbox 3332 4750 3564 4821; x_wconf 76' lang='grc' dir='ltr'>πορείαν</span> <span class='ocrx_word' id='word_1_626' title='bbox 3600 4749 3676 4811; x_wconf 87' lang='grc' dir='ltr'>ὡς</span> 
     </span>
    </p>
   </div>
   <div class='ocr_carea' id='block_1_92' title="bbox 406 4831 1992 4912">
    <p class='ocr_par' dir='ltr' id='par_1_92' title="bbox 406 4839 1990 4912">
     <span class='ocr_line' id='line_1_92' title="bbox 406 4839 1990 4912; baseline 0.002 -18"><span class='ocrx_word' id='word_1_627' title='bbox 406 4848 465 4894; x_wconf 92' lang='lat' dir='ltr'>et</span> <span class='ocrx_word' id='word_1_628' title='bbox 497 4839 918 4896; x_wconf 82' lang='lat' dir='ltr'>inﬁrmabuntur</span> <span class='ocrx_word' id='word_1_629' title='bbox 954 4842 1011 4896; x_wconf 88' lang='lat' dir='ltr'>in</span> <span class='ocrx_word' id='word_1_630' title='bbox 1043 4841 1147 4897; x_wconf 90' lang='lat' dir='ltr'>viis</span> <span class='ocrx_word' id='word_1_631' title='bbox 1182 4842 1450 4912; x_wconf 89' lang='lat' dir='ltr'>ipsorum,</span> <span class='ocrx_word' id='word_1_632' title='bbox 1479 4841 1680 4897; x_wconf 85' lang='lat' dir='ltr'>frustra</span> <span class='ocrx_word' id='word_1_633' title='bbox 1727 4842 1839 4898; x_wconf 91' lang='lat' dir='ltr'>Deo</span> <span class='ocrx_word' id='word_1_634' title='bbox 1877 4842 1990 4907; x_wconf 81' lang='lat' dir='ltr'>ini-</span> 
     </span>
    </p>
   </div>
   <div class='ocr_carea' id='block_1_93' title="bbox 2130 4831 3675 4912">
    <p class='ocr_par' dir='ltr' id='par_1_93' title="bbox 2130 4831 3675 4912">
     <span class='ocr_line' id='line_1_93' title="bbox 2130 4831 3675 4912; baseline -0.002 -18"><span class='ocrx_word' id='word_1_635' title='bbox 2130 4841 2425 4911; x_wconf 71' lang='grc' dir='ltr'>ομίξοντες,</span> <span class='ocrx_word' id='word_1_636' title='bbox 2461 4841 2544 4895; x_wconf 84' lang='grc' dir='ltr'>ὅτι</span> <span class='ocrx_word' id='word_1_637' title='bbox 2572 4841 2661 4894; x_wconf 82' lang='grc' dir='ltr'>τὸν</span> <span class='ocrx_word' id='word_1_638' title='bbox 2701 4840 2874 4894; x_wconf 89' lang='grc' dir='ltr'>αίῶνα</span> <span class='ocrx_word' id='word_1_639' title='bbox 2902 4840 3141 4894; x_wconf 73' lang='grc' dir='ltr'>ἐνταῦθα</span> <span class='ocrx_word' id='word_1_640' title='bbox 3168 4831 3421 4912; x_wconf 56' lang='grc' dir='ltr'>μεθοὼι.</span> <span class='ocrx_word' id='word_1_641' title='bbox 3454 4839 3547 4892; x_wconf 65' lang='lat' dir='ltr'>Arb</span> <span class='ocrx_word' id='word_1_642' title='bbox 3579 4840 3675 4893; x_wconf 84' lang='grc' dir='ltr'>καὶ</span> 
     </span>
    </p>
   </div>
   <div class='ocr_carea' id='block_1_94' title="bbox 408 4929 1992 5007">
    <p class='ocr_par' dir='ltr' id='par_1_94' title="bbox 408 4934 1989 5007">
     <span class='ocr_line' id='line_1_94' title="bbox 408 4934 1989 5007; baseline 0.002 -19"><span class='ocrx_word' id='word_1_643' title='bbox 408 4949 516 5003; x_wconf 90' lang='lat' dir='ltr'>qua</span> <span class='ocrx_word' id='word_1_644' title='bbox 553 4943 734 4990; x_wconf 89' lang='lat' dir='ltr'>mente</span> <span class='ocrx_word' id='word_1_645' title='bbox 791 4936 1089 4990; x_wconf 79' lang='lat' dir='ltr'>sumentes.</span> <span class='ocrx_word' id='word_1_646' title='bbox 1143 4934 1373 4990; x_wconf 77' lang='lat' dir='ltr'>Semitas</span> <span class='ocrx_word' id='word_1_647' title='bbox 1431 4950 1561 4990; x_wconf 87' lang='lat' dir='ltr'>vero</span> <span class='ocrx_word' id='word_1_648' title='bbox 1627 4934 1989 5007; x_wconf 63' lang='lat' dir='ltr'>[articulosque</span> 
     </span>
    </p>
   </div>
   <div class='ocr_carea' id='block_1_95' title="bbox 2130 4929 3675 5007">
    <p class='ocr_par' dir='ltr' id='par_1_95' title="bbox 2130 4929 3675 5001">
     <span class='ocr_line' id='line_1_95' title="bbox 2130 4929 3675 5001; baseline -0.003 -16"><span class='ocrx_word' id='word_1_649' title='bbox 2130 4930 2505 5000; x_wconf 76' lang='grc' dir='ltr'>οθενήσουσιν,</span> <span class='ocrx_word' id='word_1_650' title='bbox 2546 4932 2604 4984; x_wconf 82' lang='grc' dir='ltr'>ὲν</span> <span class='ocrx_word' id='word_1_651' title='bbox 2633 4933 2752 4994; x_wconf 88' lang='grc' dir='ltr'>ταῖς</span> <span class='ocrx_word' id='word_1_652' title='bbox 2798 4931 2939 4994; x_wconf 86' lang='grc' dir='ltr'>ὁδοῖς</span> <span class='ocrx_word' id='word_1_653' title='bbox 2983 4930 3187 4997; x_wconf 78' lang='grc' dir='ltr'>αὐτῶν,</span> <span class='ocrx_word' id='word_1_654' title='bbox 3240 4933 3321 4994; x_wconf 86' lang='grc' dir='ltr'>είς</span> <span class='ocrx_word' id='word_1_655' title='bbox 3358 4934 3533 5001; x_wconf 80' lang='grc' dir='ltr'>μάτην</span> <span class='ocrx_word' id='word_1_656' title='bbox 3572 4929 3675 4982; x_wconf 80' lang='grc' dir='ltr'>θυ-</span> 
     </span>
    </p>
   </div>
   <div class='ocr_carea' id='block_1_96' title="bbox 408 5021 1992 5097">
    <p class='ocr_par' dir='ltr' id='par_1_96' title="bbox 408 5026 1493 5097">
     <span class='ocr_line' id='line_1_96' title="bbox 408 5026 1493 5097; baseline 0 -18"><span class='ocrx_word' id='word_1_657' title='bbox 408 5039 508 5094; x_wconf 86' lang='lat' dir='ltr'>pro</span> <span class='ocrx_word' id='word_1_658' title='bbox 529 5027 720 5082; x_wconf 88' lang='lat' dir='ltr'>eodem</span> <span class='ocrx_word' id='word_1_659' title='bbox 749 5027 925 5097; x_wconf 90' lang='lat' dir='ltr'>ponit,</span> <span class='ocrx_word' id='word_1_660' title='bbox 951 5043 1015 5082; x_wconf 89' lang='lat' dir='ltr'>ac</span> <span class='ocrx_word' id='word_1_661' title='bbox 1041 5026 1086 5081; x_wconf 93' lang='lat' dir='ltr'>si</span> <span class='ocrx_word' id='word_1_662' title='bbox 1119 5026 1328 5083; x_wconf 87' lang='lat' dir='ltr'>diceret</span> <span class='ocrx_word' id='word_1_663' title='bbox 1354 5026 1493 5082; x_wconf 85' lang='lat' dir='ltr'>vias.</span> 
     </span>
    </p>
   </div>
   <div class='ocr_carea' id='block_1_97' title="bbox 2130 5021 3676 5097">
    <p class='ocr_par' dir='ltr' id='par_1_97' title="bbox 2137 5021 3676 5096">
     <span class='ocr_line' id='line_1_97' title="bbox 2137 5021 3676 5096; baseline -0.001 -21"><span class='ocrx_word' id='word_1_664' title='bbox 2137 5021 2326 5087; x_wconf 86' lang='grc' dir='ltr'>ιῶντες</span> <span class='ocrx_word' id='word_1_665' title='bbox 2358 5022 2479 5094; x_wconf 83' lang='grc' dir='ltr'>Θεῷ</span> <span class='ocrx_word' id='word_1_666' title='bbox 2509 5024 2651 5094; x_wconf 67' lang='grc' dir='ltr'>μετὰ</span> <span class='ocrx_word' id='word_1_667' title='bbox 2678 5022 2896 5093; x_wconf 81' lang='grc' dir='ltr'>φαύλης</span> <span class='ocrx_word' id='word_1_668' title='bbox 2924 5022 3172 5096; x_wconf 85' lang='grc' dir='ltr'>γνώμης.</span> <span class='ocrx_word' id='word_1_669' title='bbox 3209 5022 3457 5091; x_wconf 78' lang='grc' dir='ltr'>Τρίϐους</span> <span class='ocrx_word' id='word_1_670' title='bbox 3488 5021 3548 5074; x_wconf 73' lang='grc' dir='ltr'>δὲ</span> <span class='ocrx_word' id='word_1_671' title='bbox 3575 5021 3676 5076; x_wconf 85' lang='grc' dir='ltr'>καὶ</span> 
     </span>
    </p>
   </div>
   <div class='ocr_carea' id='block_1_98' title="bbox 2085 5114 3515 5187">
    <p class='ocr_par' dir='ltr' id='par_1_98' title="bbox 2085 5114 3515 5187">
     <span class='ocr_line' id='line_1_98' title="bbox 2085 5114 3515 5187; baseline 0.001 -20"><span class='ocrx_word' id='word_1_672' title='bbox 2085 5116 2402 5184; x_wconf 79' lang='grc' dir='ltr'>σχοίνους,</span> <span class='ocrx_word' id='word_1_673' title='bbox 2437 5115 2499 5170; x_wconf 75' lang='grc' dir='ltr'>τὸ</span> <span class='ocrx_word' id='word_1_674' title='bbox 2523 5117 2657 5170; x_wconf 82' lang='grc' dir='ltr'>αὐτό</span> <span class='ocrx_word' id='word_1_675' title='bbox 2687 5133 2878 5187; x_wconf 85' lang='grc' dir='ltr'>φησιν,</span> <span class='ocrx_word' id='word_1_676' title='bbox 2920 5116 3043 5170; x_wconf 73' lang='grc' dir='ltr'>ἀντὶ</span> <span class='ocrx_word' id='word_1_677' title='bbox 3066 5115 3186 5183; x_wconf 85' lang='grc' dir='ltr'>τοῦ,</span> <span class='ocrx_word' id='word_1_678' title='bbox 3211 5115 3312 5179; x_wconf 83' lang='grc' dir='ltr'>τὰς</span> <span class='ocrx_word' id='word_1_679' title='bbox 3341 5114 3515 5177; x_wconf 79' lang='grc' dir='ltr'>ὁδούς.</span> 
     </span>
    </p>
   </div>
   <div class='ocr_carea' id='block_1_99' title="bbox 2159 5211 3673 5285">
    <p class='ocr_par' dir='ltr' id='par_1_99' title="bbox 2159 5211 3673 5285">
     <span class='ocr_line' id='line_1_99' title="bbox 2159 5211 3673 5285; baseline 0.001 -24"><span class='ocrx_word' id='word_1_680' title='bbox 2159 5230 2178 5261; x_wconf 83' lang='grc'><strong><em>‹</em></strong></span> <span class='ocrx_word' id='word_1_681' title='bbox 2214 5212 2323 5265; x_wconf 83' lang='lat' dir='ltr'>Kal.</span> <span class='ocrx_word' id='word_1_682' title='bbox 2352 5211 2620 5283; x_wconf 89' lang='grc' dir='ltr'>σύριγμα.</span> <span class='ocrx_word' id='word_1_683' title='bbox 2652 5232 2671 5265; x_wconf 73' lang='grc' dir='ltr'>ι</span> <span class='ocrx_word' id='word_1_684' title='bbox 2690 5213 2813 5268; x_wconf 85' lang='grc' dir='ltr'>Ὅτι</span> <span class='ocrx_word' id='word_1_685' title='bbox 2842 5212 3218 5285; x_wconf 80' lang='grc' dir='ltr'>θαυμάζοντες</span> <span class='ocrx_word' id='word_1_686' title='bbox 3245 5213 3278 5285; x_wconf 84' lang='grc' dir='ltr'>ἢ</span> <span class='ocrx_word' id='word_1_687' title='bbox 3310 5211 3673 5283; x_wconf 73' lang='grc' dir='ltr'>χλευάζοντες</span> 
     </span>
    </p>
   </div>
   <div class='ocr_carea' id='block_1_100' title="bbox 409 5292 1992 5376">
    <p class='ocr_par' dir='ltr' id='par_1_100' title="bbox 409 5292 1983 5360">
     <span class='ocr_line' id='line_1_100' title="bbox 409 5292 1983 5360; baseline 0.004 -14"><span class='ocrx_word' id='word_1_688' title='bbox 409 5292 762 5360; x_wconf 86' lang='lat' dir='ltr'>admirantes,</span> <span class='ocrx_word' id='word_1_689' title='bbox 799 5294 884 5350; x_wconf 85' lang='lat' dir='ltr'>vel</span> <span class='ocrx_word' id='word_1_690' title='bbox 916 5294 1208 5350; x_wconf 82' lang='lat' dir='ltr'>illudentes</span> <span class='ocrx_word' id='word_1_691' title='bbox 1240 5293 1493 5350; x_wconf 90' lang='lat' dir='ltr'>homines</span> <span class='ocrx_word' id='word_1_692' title='bbox 1530 5295 1750 5351; x_wconf 89' lang='lat' dir='ltr'>sibilum</span> <span class='ocrx_word' id='word_1_693' title='bbox 1816 5297 1983 5353; x_wconf 70' lang='lat' dir='ltr'>edere</span> 
     </span>
    </p>
   </div>
   <div class='ocr_carea' id='block_1_101' title="bbox 2130 5292 3111 5376">
    <p class='ocr_par' dir='ltr' id='par_1_101' title="bbox 2130 5302 3111 5376">
     <span class='ocr_line' id='line_1_101' title="bbox 2130 5302 3111 5376; baseline 0.004 -21"><span class='ocrx_word' id='word_1_694' title='bbox 2130 5303 2138 5355; x_wconf 79' lang='grc' dir='ltr'>ί</span> <span class='ocrx_word' id='word_1_695' title='bbox 2170 5302 2469 5375; x_wconf 82' lang='grc' dir='ltr'>ἄνθρωποι,</span> <span class='ocrx_word' id='word_1_696' title='bbox 2508 5304 2754 5376; x_wconf 74' lang='grc' dir='ltr'>συρίζειν</span> <span class='ocrx_word' id='word_1_697' title='bbox 2776 5304 3111 5374; x_wconf 85' lang='grc' dir='ltr'>πεφύκασιν.</span> 
     </span>
    </p>
   </div>
   <div class='ocr_carea' id='block_1_102' title="bbox 409 5382 1164 5439">
    <p class='ocr_par' dir='ltr' id='par_1_102' title="bbox 409 5382 1164 5439">
     <span class='ocr_line' id='line_1_102' title="bbox 409 5382 1164 5439; baseline -0.008 0"><span class='ocrx_word' id='word_1_698' title='bbox 409 5382 607 5439; x_wconf 88' lang='lat' dir='ltr'>solent.</span> <span class='ocrx_word' id='word_1_699' title='bbox 1161 5401 1164 5405; x_wconf 57' lang='grc' dir='ltr'>ν</span> 
     </span>
    </p>
   </div>
   <div class='ocr_carea' id='block_1_103' title="bbox 478 5471 1979 5548">
    <p class='ocr_par' dir='ltr' id='par_1_103' title="bbox 478 5471 1979 5548">
     <span class='ocr_line' id='line_1_103' title="bbox 478 5471 1979 5548; baseline 0.003 -22"><span class='ocrx_word' id='word_1_700' title='bbox 478 5471 546 5527; x_wconf 75' lang='grc' dir='ltr'>ν.</span> <span class='ocrx_word' id='word_1_701' title='bbox 568 5473 655 5530; x_wconf 82' lang='lat' dir='ltr'>I7.</span> <span class='ocrx_word' id='word_1_702' title='bbox 690 5492 709 5525; x_wconf 72' lang='grc' dir='ltr'>ι</span> <span class='ocrx_word' id='word_1_703' title='bbox 745 5474 899 5530; x_wconf 90' lang='lat' dir='ltr'>Sicut</span> <span class='ocrx_word' id='word_1_704' title='bbox 929 5485 1171 5531; x_wconf 83' lang='lat' dir='ltr'>ventum.</span> <span class='ocrx_word' id='word_1_705' title='bbox 1205 5493 1223 5528; x_wconf 73' lang='grc' dir='ltr'>ι</span> <span class='ocrx_word' id='word_1_706' title='bbox 1294 5473 1499 5531; x_wconf 83' lang='lat' dir='ltr'>Omnes</span> <span class='ocrx_word' id='word_1_707' title='bbox 1533 5490 1689 5545; x_wconf 62' lang='lat' dir='ltr'>aeque</span> <span class='ocrx_word' id='word_1_708' title='bbox 1726 5475 1979 5548; x_wconf 82' lang='lat' dir='ltr'>allligam.</span> 
     </span>
    </p>
   </div>
   <div class='ocr_carea' id='block_1_104' title="bbox 407 5561 1593 5638">
    <p class='ocr_par' dir='ltr' id='par_1_104' title="bbox 407 5561 1593 5638">
     <span class='ocr_line' id='line_1_104' title="bbox 407 5561 1593 5638; baseline 0.004 -20"><span class='ocrx_word' id='word_1_709' title='bbox 407 5561 618 5621; x_wconf 74' lang='lat' dir='ltr'>Ventus</span> <span class='ocrx_word' id='word_1_710' title='bbox 639 5569 784 5623; x_wconf 87' lang='lat' dir='ltr'>enim</span> <span class='ocrx_word' id='word_1_711' title='bbox 812 5582 978 5622; x_wconf 87' lang='lat' dir='ltr'>urens</span> <span class='ocrx_word' id='word_1_712' title='bbox 992 5583 1145 5638; x_wconf 71' lang='lat' dir='ltr'>:equc</span> <span class='ocrx_word' id='word_1_713' title='bbox 1162 5582 1354 5623; x_wconf 90' lang='lat' dir='ltr'>omnes</span> <span class='ocrx_word' id='word_1_714' title='bbox 1393 5568 1593 5623; x_wconf 87' lang='lat' dir='ltr'>exurit.</span> 
     </span>
    </p>
   </div>
   <div class='ocr_carea' id='block_1_105' title="bbox 480 5653 1975 5723">
    <p class='ocr_par' dir='ltr' id='par_1_105' title="bbox 480 5653 1975 5723">
     <span class='ocr_line' id='line_1_105' title="bbox 480 5653 1975 5723; baseline 0.002 -14"><span class='ocrx_word' id='word_1_715' title='bbox 480 5653 547 5710; x_wconf 83' lang='lat' dir='ltr'>V.</span> <span class='ocrx_word' id='word_1_716' title='bbox 600 5656 682 5710; x_wconf 92' lang='lat' dir='ltr'>I8.</span> <span class='ocrx_word' id='word_1_717' title='bbox 712 5676 732 5709; x_wconf 84' lang='grc'><strong><em>‹</em></strong></span> <span class='ocrx_word' id='word_1_718' title='bbox 796 5657 1050 5723; x_wconf 87' lang='lat' dir='ltr'>Dorsum,</span> <span class='ocrx_word' id='word_1_719' title='bbox 1098 5668 1152 5715; x_wconf 92' lang='lat' dir='ltr'>ct</span> <span class='ocrx_word' id='word_1_720' title='bbox 1196 5673 1303 5714; x_wconf 92' lang='lat' dir='ltr'>non</span> <span class='ocrx_word' id='word_1_721' title='bbox 1359 5656 1553 5714; x_wconf 84' lang='lat' dir='ltr'>faciem</span> <span class='ocrx_word' id='word_1_722' title='bbox 1613 5656 1920 5716; x_wconf 88' lang='lat' dir='ltr'>ostendam.</span> <span class='ocrx_word' id='word_1_723' title='bbox 1957 5679 1975 5711; x_wconf 73' lang='grc' dir='ltr'>ι</span> 
     </span>
    </p>
   </div>
   <div class='ocr_carea' id='block_1_106' title="bbox 479 3830 1989 3915">
    <p class='ocr_par' dir='ltr' id='par_1_106' title="bbox 479 3830 1989 3915">
     <span class='ocr_line' id='line_1_106' title="bbox 479 3830 1989 3915; baseline 0.003 -28"><span class='ocrx_word' id='word_1_724' title='bbox 479 3830 549 3888; x_wconf 68' lang='grc' dir='ltr'>ν.</span> <span class='ocrx_word' id='word_1_725' title='bbox 584 3832 669 3888; x_wconf 75' lang='grc'>14.</span> <span class='ocrx_word' id='word_1_726' title='bbox 709 3853 728 3886; x_wconf 73' lang='grc' dir='ltr'>ι</span> <span class='ocrx_word' id='word_1_727' title='bbox 775 3830 1029 3915; x_wconf 86' lang='lat' dir='ltr'>Nunquid</span> <span class='ocrx_word' id='word_1_728' title='bbox 1047 3833 1322 3890; x_wconf 86' lang='lat' dir='ltr'>deﬁcient.</span> <span class='ocrx_word' id='word_1_729' title='bbox 1361 3853 1379 3886; x_wconf 77' lang='grc' dir='ltr'>ι</span> <span class='ocrx_word' id='word_1_730' title='bbox 1413 3833 1571 3890; x_wconf 86' lang='lat' dir='ltr'>Petra</span> <span class='ocrx_word' id='word_1_731' title='bbox 1600 3834 1854 3893; x_wconf 87' lang='lat' dir='ltr'>Christus</span> <span class='ocrx_word' id='word_1_732' title='bbox 1875 3842 1989 3901; x_wconf 89' lang='lat' dir='ltr'>est,</span> 
     </span>
    </p>
   </div>
   <div class='ocr_carea' id='block_1_107' title="bbox 408 3924 1989 3999">
    <p class='ocr_par' dir='ltr' id='par_1_107' title="bbox 408 3924 1989 3999">
     <span class='ocr_line' id='line_1_107' title="bbox 408 3924 1989 3999; baseline 0.001 -18"><span class='ocrx_word' id='word_1_733' title='bbox 408 3924 580 3981; x_wconf 89' lang='lat' dir='ltr'>ubera</span> <span class='ocrx_word' id='word_1_734' title='bbox 613 3940 795 3981; x_wconf 83' lang='lat' dir='ltr'>sermo</span> <span class='ocrx_word' id='word_1_735' title='bbox 825 3927 1112 3994; x_wconf 89' lang='lat' dir='ltr'>nutriens;</span> <span class='ocrx_word' id='word_1_736' title='bbox 1164 3929 1258 3981; x_wconf 82' lang='lat' dir='ltr'>nix</span> <span class='ocrx_word' id='word_1_737' title='bbox 1315 3937 1665 3997; x_wconf 81' lang='lat' dir='ltr'>peccatorum</span> <span class='ocrx_word' id='word_1_738' title='bbox 1718 3928 1989 3999; x_wconf 86' lang='lat' dir='ltr'>purgatio.</span> 
     </span>
    </p>
   </div>
   <div class='ocr_carea' id='block_1_108' title="bbox 409 4014 1991 4089">
    <p class='ocr_par' dir='ltr' id='par_1_108' title="bbox 409 4014 1991 4089">
     <span class='ocr_line' id='line_1_108' title="bbox 409 4014 1991 4089; baseline 0.001 -17"><span class='ocrx_word' id='word_1_739' title='bbox 409 4014 642 4088; x_wconf 86' lang='lat' dir='ltr'>lntelligi</span> <span class='ocrx_word' id='word_1_740' title='bbox 680 4018 844 4073; x_wconf 89' lang='lat' dir='ltr'>etiam</span> <span class='ocrx_word' id='word_1_741' title='bbox 883 4026 1114 4089; x_wconf 87' lang='lat' dir='ltr'>possunt</span> <span class='ocrx_word' id='word_1_742' title='bbox 1143 4035 1238 4088; x_wconf 87' lang='lat' dir='ltr'>per</span> <span class='ocrx_word' id='word_1_743' title='bbox 1268 4019 1438 4073; x_wconf 89' lang='lat' dir='ltr'>ubera</span> <span class='ocrx_word' id='word_1_744' title='bbox 1471 4028 1527 4074; x_wconf 88' lang='lat' dir='ltr'>et</span> <span class='ocrx_word' id='word_1_745' title='bbox 1551 4016 1764 4075; x_wconf 87' lang='lat' dir='ltr'>Novum</span> <span class='ocrx_word' id='word_1_746' title='bbox 1803 4028 1861 4075; x_wconf 87' lang='lat' dir='ltr'>et</span> <span class='ocrx_word' id='word_1_747' title='bbox 1880 4019 1991 4074; x_wconf 83' lang='lat' dir='ltr'>Ve-</span> 
     </span>
    </p>
   </div>
   <div class='ocr_carea' id='block_1_109' title="bbox 481 5198 1986 5271">
    <p class='ocr_par' dir='ltr' id='par_1_109' title="bbox 481 5198 1986 5271">
     <span class='ocr_line' id='line_1_109' title="bbox 481 5198 1986 5271; baseline 0.004 -18"><span class='ocrx_word' id='word_1_748' title='bbox 481 5198 546 5255; x_wconf 84' lang='lat' dir='ltr'>V.</span> <span class='ocrx_word' id='word_1_749' title='bbox 578 5203 665 5257; x_wconf 87' lang='lat' dir='ltr'>I6.</span> <span class='ocrx_word' id='word_1_750' title='bbox 699 5221 718 5255; x_wconf 73' lang='grc' dir='ltr'>ι</span> <span class='ocrx_word' id='word_1_751' title='bbox 747 5204 812 5257; x_wconf 83' lang='lat' dir='ltr'>Et</span> <span class='ocrx_word' id='word_1_752' title='bbox 840 5202 1058 5257; x_wconf 91' lang='lat' dir='ltr'>sibilum</span> <span class='ocrx_word' id='word_1_753' title='bbox 1084 5202 1501 5271; x_wconf 86' lang='lat' dir='ltr'>sempiternum.</span> <span class='ocrx_word' id='word_1_754' title='bbox 1538 5221 1556 5256; x_wconf 76' lang='grc' dir='ltr'>ι</span> <span class='ocrx_word' id='word_1_755' title='bbox 1604 5202 1876 5269; x_wconf 85' lang='lat' dir='ltr'>Quoniam</span> <span class='ocrx_word' id='word_1_756' title='bbox 1899 5204 1986 5259; x_wconf 87' lang='lat' dir='ltr'>vel</span> 
     </span>
    </p>
   </div>
   <div class='ocr_carea' id='block_1_110' title="bbox 2168 5475 3666 5553">
    <p class='ocr_par' dir='ltr' id='par_1_110' title="bbox 2168 5475 3666 5553">
     <span class='ocr_line' id='line_1_110' title="bbox 2168 5475 3666 5553; baseline -0.002 -21"><span class='ocrx_word' id='word_1_757' title='bbox 2168 5499 2186 5532; x_wconf 74' lang='grc' dir='ltr'>ι</span> <span class='ocrx_word' id='word_1_758' title='bbox 2232 5480 2322 5545; x_wconf 83' lang='grc' dir='ltr'>Ὠς</span> <span class='ocrx_word' id='word_1_759' title='bbox 2368 5480 2591 5549; x_wconf 81' lang='grc' dir='ltr'>ἄνεμον.</span> <span class='ocrx_word' id='word_1_760' title='bbox 2630 5499 2649 5533; x_wconf 75' lang='grc' dir='ltr'>ι</span> <span class='ocrx_word' id='word_1_761' title='bbox 2706 5480 2926 5545; x_wconf 77' lang='grc' dir='ltr'>Πάντας</span> <span class='ocrx_word' id='word_1_762' title='bbox 2966 5481 3171 5553; x_wconf 83' lang='grc' dir='ltr'>ὁμοίως</span> <span class='ocrx_word' id='word_1_763' title='bbox 3218 5478 3415 5549; x_wconf 82' lang='grc' dir='ltr'>θλίψω.</span> <span class='ocrx_word' id='word_1_764' title='bbox 3457 5479 3516 5531; x_wconf 90' lang='grc' dir='ltr'>Ὀ</span> <span class='ocrx_word' id='word_1_765' title='bbox 3559 5475 3666 5551; x_wconf 74' lang='grc' dir='ltr'>γάρ</span> 
     </span>
    </p>
   </div>
   <div class='ocr_carea' id='block_1_111' title="bbox 2092 5567 3423 5639">
    <p class='ocr_par' dir='ltr' id='par_1_111' title="bbox 2092 5567 3423 5639">
     <span class='ocr_line' id='line_1_111' title="bbox 2092 5567 3423 5639; baseline 0.001 -16"><span class='ocrx_word' id='word_1_766' title='bbox 2092 5568 2309 5623; x_wconf 82' lang='grc' dir='ltr'>καύσων</span> <span class='ocrx_word' id='word_1_767' title='bbox 2339 5567 2540 5639; x_wconf 78' lang='grc' dir='ltr'>ἄνεμος</span> <span class='ocrx_word' id='word_1_768' title='bbox 2560 5568 2760 5638; x_wconf 79' lang='grc' dir='ltr'>ἐπίσης</span> <span class='ocrx_word' id='word_1_769' title='bbox 2788 5568 3034 5634; x_wconf 77' lang='grc' dir='ltr'>ἅπαντας</span> <span class='ocrx_word' id='word_1_770' title='bbox 3068 5569 3423 5639; x_wconf 81' lang='grc' dir='ltr'>καταφλέγει.</span> 
     </span>
    </p>
   </div>
   <div class='ocr_carea' id='block_1_112' title="bbox 2166 5657 3664 5735">
    <p class='ocr_par' dir='ltr' id='par_1_112' title="bbox 2166 5657 3664 5735">
     <span class='ocr_line' id='line_1_112' title="bbox 2166 5657 3664 5735; baseline 0.002 -23"><span class='ocrx_word' id='word_1_771' title='bbox 2166 5660 2326 5714; x_wconf 86' lang='grc' dir='ltr'>Ἰδιον</span> <span class='ocrx_word' id='word_1_772' title='bbox 2368 5660 2477 5714; x_wconf 76' lang='grc' dir='ltr'>τῶν</span> <span class='ocrx_word' id='word_1_773' title='bbox 2516 5657 2885 5732; x_wconf 78' lang='grc' dir='ltr'>δορυαλώτων·</span> <span class='ocrx_word' id='word_1_774' title='bbox 2917 5663 2978 5716; x_wconf 81' lang='grc' dir='ltr'>τὸ</span> <span class='ocrx_word' id='word_1_775' title='bbox 3015 5661 3244 5716; x_wconf 85' lang='grc' dir='ltr'>κύπτειν</span> <span class='ocrx_word' id='word_1_776' title='bbox 3292 5664 3375 5728; x_wconf 79' lang='grc' dir='ltr'>εἰς</span> <span class='ocrx_word' id='word_1_777' title='bbox 3422 5666 3549 5735; x_wconf 81' lang='grc' dir='ltr'>γῆν,</span> <span class='ocrx_word' id='word_1_778' title='bbox 3588 5660 3664 5727; x_wconf 80' lang='grc' dir='ltr'>ὡς</span> 
     </span>
    </p>
   </div>
   <div class='ocr_carea' id='block_1_113' title="bbox 484 5787 846 5855">
    <p class='ocr_par' dir='ltr' id='par_1_113' title="bbox 484 5787 846 5855">
     <span class='ocr_line' id='line_1_113' title="bbox 484 5787 846 5855; baseline -0.017 -9"><span class='ocrx_word' id='word_1_779' title='bbox 484 5787 661 5845; x_wconf 79' lang='lat' dir='ltr'>“Act.</span> <span class='ocrx_word' id='word_1_780' title='bbox 687 5805 725 5855; x_wconf 85' lang='grc' dir='ltr'>ι,</span> <span class='ocrx_word' id='word_1_781' title='bbox 761 5788 846 5841; x_wconf 74' lang='grc'>12.</span> 
     </span>
    </p>
   </div>
  </div>
