3876 6304
69 310 215 374 669
1306 325 1771 388 FRAGMENTA
1810 329 1892 389 IN
1929 320 2347 392 mnEMIAM.
3042 310 3047 315 ’
3346 320 3456 386 670

76 424 357 496 αὐχένα
404 425 718 483 δεικνύναι
766 431 1036 506 μᾶλλονῆ
1082 435 1397 510 πρόσωπον.
1436 442 1506 494 Ἦ
1547 442 1628 497 ὅτι
1667 444 1729 498 τᾶ

1879 445 2171 515 Proprium
2191 453 2273 499 est
2318 442 2681 513 captivorum,
2709 438 2863 497 humi
2895 438 3107 495 vultum
3139 435 3451 501 demittere,

76 516 680 589 ἀπεστραμμένων
712 521 773 575 ού
807 522 869 576 τδ
898 524 1214 595 πρόσωπον,
1262 529 1400 587 ἀλλά
1439 533 1532 585 τὸν
1569 535 1729 605 αὐχέι

1878 544 1938 589 ut
1977 536 2161 605 potius
2199 534 2494 600 cervicem,
2523 550 2686 603 quam
2729 533 2928 589 faciem
2972 531 3287 587 ostendant.
3352 527 3455 584 Vel

79 606 402 680 ὁρῶμεν,
446 611 609 684 ὅπερ
632 611 727 665 τοῦ
752 613 887 668 Θεοῦ
922 617 1076 687 δηλοῖ
1096 619 1198 692 τὴν
1230 622 1602 697 ἀποστροφήν.

1875 628 2021 699 quod
2050 643 2238 683 eorum
2292 628 2382 697 qui
2411 635 2540 682 sunt
2574 627 2771 692 aversi,
2812 621 2925 680 non
2947 624 3166 688 faciem.
3206 623 3302 678 sed
3328 636 3452 676 eer-

1875 720 2050 775 vicem
2083 718 2354 785 videmus,
2374 719 2517 789 quod
2547 718 2752 773 indicat
2779 717 3122 772 aversionem
3153 731 3183 769 a
3210 714 3344 773 Deo.

186 780 425 880 1:01;:
461 784 582 838 οὐκ
607 784 915 843 ἀπολεῖται.
952 808 972 842 ι
1025 791 1454 850 Ἐϐουλεύσαντο
1484 798 1729 865 λέγοντες

1952 828 1971 862 ι
2001 809 2120 864 Non
2152 810 2300 865 enim
2334 810 2551 880 peribit.
2592 828 2609 861 ι
2670 808 2977 864 Consilium
3052 807 3302 861 inierunt
3363 803 3449 858 di-

102 870 181 965 'Q
226 871 578 945 Ἱερεμίας
616 877 794 948 ἱερεύς
847 882 987 946 ἔστι,
1029 883 1126 937 καὶ
1171 884 1489 953 ἀναγκαίως
1521 883 1630 942 οἶδε
1681 890 1729 943 τί

1875 911 2063 956 centes
2093 918 2106 953 :
2133 900 2399 956 Jeremias
2433 900 2688 956 sacerdos
2736 908 2838 965 est,
2877 907 2932 953 et
2954 897 3267 952 necessario
3298 895 3452 949 novit

87 963 331 1064 νόμον]
372 968 519 1064 κει).⁸
532 969 825 1040 προφήτης
851 969 947 1038 ὢν,
972 969 1083 1027 οἶδε
1104 975 1166 1027 τὺ
1193 976 1456 1046 ὲσόμενον
1478 995 1493 1010 ’
1529 981 1622 1032 καὶ
1642 998 1729 1033 συι

1875 993 2068 1063 legem,
2111 1004 2166 1048 et
2200 993 2467 1064 propheta
2518 1007 2640 1047 cum
2671 992 2760 1056 sit,
2823 963 3006 1046 futura
3064 989 3353 1058 cognorit;
3393 996 3451 1042 et

91 1058 248 1156 ετὸς
283 1058 386 1112 ὣν
419 1056 555 1115 οἶδε
588 1061 649 1115 τὸ
684 1062 825 1118 δέον.
854 1064 1024 1118 Δεῦτε
1067 1062 1181 1131 οὖν,
1211 1070 1397 1139 φησὶν,
1431 1070 1729 1143 ἐρεθίσωμε

1875 1056 1970 1140 scit
2004 1056 2321 1156 utprudens
2379 1084 2508 1154 quid
2556 1083 2825 1153 agendum
2879 1082 2972 1137 sit.
3026 1056 3216 1135 Venite
3256 1080 3445 1151 igitur,

90 1150 302 1206 αὐτὸν
330 1151 581 1222 λόγοις,
604 1154 698 1209 καὶ
727 1157 947 1222 πάντως
973 1160 1092 1231 ἐρεῖ
1123 1162 1257 1232 ἡμῖν
1291 1163 1361 1216 τά
1394 1163 1729 1234 ἐκϐησόμενα

1875 1177 2046 1241 aiunt,
2088 1177 2268 1231 verbis
2298 1176 2479 1244 ipsum
2513 1173 2877 1238 stimulemus,
2903 1179 2959 1227 et
2987 1185 3106 1241 qua:
3135 1150 3446 1225 sunteven-

1872 1275 1991 1321 tura
2031 1265 2333 1335 propalabit
2362 1264 2609 1318 omnino.

180 1348 215 1383 1
257 1331 395 1386 Καὶ
438 1332 559 1426 τῂν
590 1336 836 1392 κόλασιν.
877 1357 897 1389 ι
931 1339 1102 1394 Ἀλλα
1135 1341 1225 1396 διὰ
1265 1340 1517 1413 γλώττης
1559 1344 1729 1413 προφὲ

1941 1331 2108 1415 νάθ.
2130 1331 2226 1411 ιΕι
2246 1355 2589 1426 punitiouem
2615 1368 2792 1409 suam.
2820 1372 2839 1404 ι
2869 1351 3029 1406 Aliud
3049 1366 3144 1406 ore
3159 1349 3445 1420 proferen-

105 1440 379 1524 ροντες,
424 1425 547 1498 τὴν
588 1429 711 1482 κατ’
746 1428 882 1500 ἐμοῦ
928 1431 1210 1487 ἀπώλειαν
1255 1435 1517 1504 κρυπτῶς
1557 1436 1729 1506 ὲμηχο

1875 1461 1952 1507 les
1978 1463 2156 1505 meam
2193 1425 2493 1517 perniciem
2528 1445 2671 1501 clam
2708 1442 3186 1498 machinabantur.

108 1531 335 1570 ικυντο.

783 1613 1036 1667 arma.
1076 1612 1177 1668 ιε’.
2082 1592 2093 1603 “
2487 1621 2639 1677 CAP.
2680 1620 2826 1675 XIX.

190 1715 219 1750 ε
278 1699 555 1771 Ἠχήσει
605 1701 672 1756 τά
706 1696 820 1757 ὦτα
853 1702 1043 1759 αὐτοῦ.
1089 1725 1108 1758 ι
1145 1707 1406 1762 Τουτέστι
1452 1709 1727 1780 θορυϐηοή

1938 1715 2004 1769 ν.
2036 1714 2088 1768 5.
2137 1733 2155 1767 ι
2188 1714 2255 1769 Ει
2280 1712 2513 1767 tinnient
2563 1725 2724 1766 aures
2757 1709 2896 1780 ejus.
2936 1728 2954 1760 ι
3013 1706 3127 1763 Hoc
3148 1705 3442 1761 est-turba-

111 1805 318 1846 σεται.
349 1787 561 1863 Ἠχος
585 1792 694 1864 γὰρ
724 1793 1016 1865 ἐμπίπτων
1039 1797 1231 1861 ἀκοαῖς
1256 1797 1488 1870 θόρυϐον
1514 1802 1729 1871 ἐμποιεῖ

1875 1805 2008 1860 nitur
2052 1820 2267 1860 :sonus
2287 1803 2436 1857 enim
2464 1801 2519 1856 in
2561 1815 2723 1856 aures
2792 1799 3026 1853 illabens
3070 1796 3439 1857 turbationem

1863 1896 2077 1967 ingerit.

194 1988 220 2021 ι
261 1970 698 2042 Πολυᾶνδριον.
738 1990 758 2025 ι
794 1972 1159 2044 Πολυάνδριον
1185 1974 1399 2044 τάφος,
1430 1975 1527 2030 καὶ
1565 1976 1729 2029 ἐπειδέ

1930 1986 1997 2043 ν.
2037 1987 2090 2042 6.
2126 2005 2144 2038 ι
2190 1984 2595 2056 Polyandrium.
2644 2001 2664 2036 ι
2697 1981 3081 2052 Polyandrium
3115 1993 3440 2034 monumen-

108 2060 262 2126 ἴσως
303 2064 742 2136 κατεῤῥυηκὼς
770 2063 840 2137 ἦν
865 2105 881 2129 ,
917 2064 1092 2130 οὕτως
1139 2066 1390 2121 ἐκαλεῖτο
1431 2070 1464 2138 ή
1515 2068 1728 2127 διάπτω

1875 2090 1974 2132 Lum
1997 2086 2097 2140 est,
2126 2086 2181 2132 et
2201 2077 2327 2147 quia
2349 2076 2575 2130 fortasse
2601 2073 2900 2141 collapsum
2932 2079 3070 2137 erat,
3094 2069 3174 2125 sic
3201 2068 3437 2125 vocaba-

114 2169 235 2217 σις,
270 2154 303 2207 ὁ
325 2154 530 2223 τόιιρος
562 2153 683 2208 υἱοῦ
721 2156 940 2227 Ἐννόμ.
1248 2206 1265 2211 -

1875 2187 1949 2224 .ur
1980 2171 2157 2233 ruina,
2195 2168 2474 2238 sepultura
2505 2166 2600 2220 ﬁlii
2648 2166 2882 2220 Ennom.

196 2264 221 2297 ‹
257 2246 387 2298 Kal.
431 2244 662 2317 σφάξω.
698 2266 718 2298 ι
772 2248 920 2304 ’Δντὶ
953 2246 1046 2302 τοῦ
1070 2290 1086 2316 ,
1119 2250 1250 2314 τοὺς
1281 2248 1729 2320 βουλευσαμένου

1933 2261 1994 2316 ν.
2028 2264 2080 2317 7.
2116 2280 2135 2314 ι
2196 2262 2262 2317 Ει
2296 2261 2573 2332 jugulabo.
2631 2276 2650 2309 ι
2698 2258 2776 2311 Ac
2809 2254 2856 2311 si
2898 2254 3127 2322 diceret,
3168 2255 3290 2310 illos
3339 2251 3434 2325 qui

113 2334 228 2409 τὴν
263 2337 476 2409 κακὴν
517 2338 741 2409 βουλήν.

1875 2354 2059 2410 nalum
2090 2353 2382 2409 consilium
2411 2352 2669 2408 inierunt.
3033 2350 3042 2358 ’

199 2445 226 2481 ι
281 2428 383 2482 Ἐν
413 2431 497 2501 τῇ
523 2432 778 2502 περιοχῇ.
814 2449 833 2483 ι
874 2431 964 2485 Ἐν
997 2432 1076 2503 τῷ
1113 2434 1398 2503 περισχεῖν
1427 2431 1554 2496 τοὺς
1588 2431 1720 2486 πολε

1925 2447 2066 2504 v.9.
2111 2466 2130 2498 ι
2176 2447 2235 2501 1η
2266 2446 2573 2501 obsidione.
2616 2464 2635 2496 ι
2707 2445 2846 2500 Dum
2883 2445 3068 2500 hostes
3119 2440 3432 2497 circumda-

121 2520 304 2593 μίους
334 2521 451 2593 τὴν
495 2521 688 2577 πόλιν·
719 2523 994 2590 τουτέστι,
1024 2523 1418 2596 πολιορκῆσαι.

1875 2545 1991 2593 ›ιιηι
2014 2537 2313 2599 civitatem,
2341 2536 2393 2590 id
2416 2543 2518 2599 est,
2544 2534 2894 2590 obsidebunt.

206 2632 230 2666 ι
275 2613 511 2677 Καθὼς
545 2614 781 2679 ότόπος.
819 2634 839 2668 ι
892 2617 980 2670 Ἐν
1018 2618 1133 2680 τοῖς
1176 2615 1533 2669 διαπίπτουσι
1566 2614 1729 2668 τόποις

1924 2625 1989 2679 V.
2016 2627 2104 2681 15.
2145 2643 2165 2677 ι
2201 2624 2354 2680 Sicut
2412 2625 2583 2680 locus.
2623 2642 2642 2675 ι
2686 2624 2748 2679 In
2804 2624 2922 2679 loca
2982 2622 3203 2678 ruinosa
3255 2620 3433 2675 solent

119 2704 230 2769 τὰς
259 2704 643 2778 ἀκαθαρσίας
667 2706 882 2778 ῥίπτειν
900 2706 1230 2776 πεφύκασιν.
1249 2705 1437 2770 Οὕτως
1456 2704 1573 2771 οὖν,
1594 2706 1726 2777 φησὶ

1875 2717 2125 2786 irojieere
2153 2716 2361 2771 sordes.
2407 2714 2497 2770 Sic
2525 2715 2712 2787 igitur,
2739 2715 2836 2780 ait,
2870 2729 2968 2784 per
3012 2728 3101 2768 me
3139 2711 3348 2768 civitati
3377 2719 3433 2767 et

124 2798 588 2871 παρασκευάσω
618 2800 875 2869 γενέσθαι
907 2799 1008 2872 τὴν
1060 2799 1237 2867 πόλιν,
1283 2799 1380 2853 καὶ
1418 2799 1519 2864 τὰς
1548 2799 1728 2862 οἰκίας

1875 2807 2105 2862 lomibus
2126 2805 2239 2871 ﬁet,
2279 2805 2338 2861 in
2373 2805 2574 2877 quibus
2603 2805 2749 2861 idola
2780 2805 3055 2862 colebant.

126 2891 187 2943 εν
217 2885 315 2953 αἷς
341 2889 817 2963 είδωλολάτρουν.

210 2999 232 3032 ι
273 2981 508 3051 Ταφέθ.
549 2999 569 3034 ι
614 2982 689 3036 Τὸ
734 2981 953 3052 Ταφὲθ,
990 2981 1320 3050 διάπτωσις
1354 2981 1725 3054 ἑρμηνεύεται

1929 3000 1948 3033 ι
1980 2979 2253 3050 Tapbeth.
2288 2997 2307 3031 ι
2354 2976 2603 3048 Taphetb
2642 2977 2799 3030 ruina
2832 2976 3244 3045 interpretatur,
3284 2973 3428 3029 unde

128 3069 262 3124 ὅθεν
295 3072 490 3127 ἐλθὼν
534 3074 565 3126 ό
610 3075 907 3144 προφήτης
948 3073 1018 3127 τὰ
1068 3074 1210 3128 αύτά
1258 3074 1518 3147 προλέγει
1560 3075 1708 3129 κακά

1875 3072 2126 3143 >r0pheta
2160 3073 2392 3127 veniens
2420 3070 2612 3125 eadem
2639 3070 2778 3124 mala
2826 3068 3109 3139 praedicit;
3133 3066 3430 3122 indurave-

130 3160 512 3234 ὲσκλήρυναν
536 3160 595 3215 δὲ
618 3132 711 3216 τὸν
737 3132 1031 3234 τράχηλον,
1068 3132 1327 3235 καθάπερ
1356 3132 1729 3232 τάδποζύγια

1879 3173 1977 3220 unt
2003 3180 2130 3221 vero
2159 3164 2449 3229 cervicem,
2487 3162 2651 3217 sicuti
2688 3162 2937 3232 jumenta
3003 3160 3197 3232 iugum
3240 3160 3426 3215 detre-

132 3252 491 3309 ἀνανεύοντα
523 3252 664 3324 πρὸς
693 3252 885 3323 ζυγόν.

1875 3258 2066 3313 :tantia.

757 3368 1010 3424 ΚΕΦΔΛ.
1053 3367 1139 3423 κ’.

2475 3366 2628 3423 CAP.
2663 3365 2780 3421 XX.

209 3474 233 3509 ι
272 3456 397 3512 Kal.
430 3456 638 3527 ἤκουσε
695 3456 956 3527 Πασχὼρ.
994 3476 1014 3510 ι
1047 3455 1308 3529 Πασχὼρ,
1352 3454 1535 3528 ἱερεὺς
1557 3448 1627 3527 ἦν
1649 3448 1729 3508 οὗ·

1916 3464 1980 3520 γ.
2009 3463 2060 3516 1.
2109 3481 2129 3514 ι
2166 3463 2232 3518 Et
2256 3460 2466 3517 audivit
2512 3458 2768 3514 Paschor.
2802 3474 2821 3507 ι
2866 3454 3130 3523 Pascbor,
3164 3455 3423 3511 sacerdos

136 3562 251 3612 τος,
282 3547 390 3600 καὶ
416 3544 646 3615 πρῶτος
677 3545 787 3600 τῶν
809 3545 1301 3617 ψευδοπροφητῶν.

1875 3557 1937 3612 lic
1973 3562 2109 3622 erat,
2143 3551 2854 3625 pseud0pr0phetarumque
2881 3556 3065 3619 caput.

213 3653 237 3688 ι
274 3624 384 3699 Et;
433 3634 531 3687 τὸν
576 3635 889 3708 κατάῤῥακ.
929 3654 949 3688 ι
997 3636 1087 3691 Ἐν
1139 3637 1395 3703 ἰδιάζοντι
1444 3638 1596 3710 τόπῳ
1647 3640 1729 3695 τοί

1922 3646 1980 3702 V.
2009 3646 2064 3701 2.
2099 3665 2119 3698 ι
2148 3624 2209 3700 in
2237 3651 2590 3700 cataractam.
2623 3662 2642 3695 ι
2676 3642 2734 3698 In
2769 3640 3039 3712 peculiari
3068 3638 3257 3710 templi
3274 3638 3417 3694 loco.

140 3746 302 3783 ναου.

219 3838 240 3873 ι
273 3822 389 3873 Σὺν
425 3820 564 3874 πᾶσι
601 3822 717 3884 τοῖς
745 3820 941 3889 φίλοις.
980 3839 1000 3874 ι
1030 3822 1157 3886 Τοῖς
1199 3822 1619 3896 συμπράττουσί
1648 3843 1729 3880 σοι

1920 3846 1939 3878 ι
1983 3824 2121 3880 Cum
2149 3823 2402 3879 omnibus
2435 3821 2647 3876 amicis.
2679 3839 2697 3872 ι
2736 3818 2843 3886 Qui
2887 3819 2986 3875 tibi
3038 3817 3170 3874 socii
3235 3824 3415 3882 erant,

146 3911 205 3963 ὲν
237 3910 320 3982 τῷ
348 3909 918 3983 ψευδοπροφητεύειν.

1883 3933 1971 3972 um
2011 3916 2145 3971 falsa
2175 3916 2523 3986 przediceres.

225 4017 246 4051 ι
280 3999 611 4070 Ἠπάτησάς
638 4016 727 4070 με.
751 3999 906 4053 »Ἔτι
934 3998 1037 4071 μὲν
1066 4000 1311 4069 ἀπάτην
1338 4000 1496 4056 καλεῖ
1525 4000 1729 4076 [ἀπάτη

1910 4008 1977 4065 V.
2020 4011 2071 4064 7.
2108 4026 2128 4060 ι
2175 4005 2445 4076 Decepisti
2471 4020 2577 4060 me.
2628 4022 2645 4055 ι
2675 4003 2771 4059 Est
2796 4010 3056 4073 prreterea
3093 4002 3236 4057 bona
3268 4001 3416 4059 sedu-

149 4091 313 4163 καλὴ]
348 4094 384 4165 ή
409 4092 524 4146 ἀπὸ
548 4092 644 4145 τοῦ
671 4091 914 4163 χείρονος
939 4093 1032 4147 ἐπὶ
1061 4092 1123 4147 τὸ
1153 4097 1400 4164 κρεῖττον
1435 4095 1729 4168 μεταϐολή.

1875 4101 1946 4155 tio
1967 4100 2034 4155 de
2072 4098 2214 4153 malo
2241 4097 2297 4151 in
2327 4097 2530 4151 bonum
2562 4094 2812 4149 mutatio.
2856 4090 3048 4162 Aquila
3075 4105 3206 4145 vero
3233 4088 3416 4145 reddi-

162 4180 324 4238 ὐδὲ
364 4184 635 4248 Ἀκύλας·
674 4184 973 4253 Ἔθε.ίξάς
993 4202 1099 4256 με,
1138 4186 1235 4240 καί
1282 4184 1604 4256 ἐθέλχθην,
1651 4188 1729 4253 ἐξ·

1877 4193 1939 4257 it,
1972 4190 2214 4245 Allexisti
2239 4206 2338 4254 me,
2370 4196 2419 4241 et
2448 4186 2664 4253 attactu:
2697 4202 2834 4259 sun},
2864 4184 3021 4255 quasi
3055 4183 3199 4238 dicat
3230 4199 3244 4235 :
3283 4182 3414 4235 Pro-

152 4275 376 4331 έδωκεν.
408 4278 476 4331 Ὃ
512 4276 568 4329 δὲ
594 4276 778 4346 λέγει,
821 4278 1064 4332 τοιοῦτόν
1090 4279 1238 4331 ἐστιν
1262 4294 1276 4309 ο
1319 4276 1591 4349 ’Υπέσχου
1621 4296 1729 4350 μοι,

1875 4283 2052 4348 risisti,
2076 4281 2322 4345 Domine,
2353 4278 2648 4335 defendere
2677 4293 2787 4344 me,
2809 4286 2864 4332 et
2892 4275 3099 4331 deseris
3117 4274 3175 4328 in
3198 4273 3286 4328 his
3312 4288 3413 4327 ne-

151 4367 348 4440 Κύριε,
376 4368 782 4442 ὑπερασπίζειν
812 4388 935 4441 μου,
962 4371 1058 4425 καὶ
1091 4371 1185 4442 ἐᾷς
1213 4389 1280 4441 με
1306 4373 1364 4425 ἐν
1393 4375 1513 4435 ταῖς
1547 4371 1729 4426 τοιαύ-

1875 4373 2199 4429 essitatibus.
2255 4370 2394 4425 Dicit
2441 4385 2569 4426 vero
2603 4369 2724 4434 hoc,
2766 4383 2875 4422 non
2909 4366 3077 4421 Deum
3108 4378 3370 4420 accusans
3392 4405 3408 4430 ,

152 4476 271 4524 ταις
316 4462 727 4534 περιστάσεσιν.
755 4439 891 4532 ἶβησὶ
937 4463 994 4516 δὲ
1050 4462 1228 4526 τοῦτο,
1262 4463 1322 4515 ού
1363 4464 1494 4516 Θεὸν
1528 4463 1729 4517 αἰτιού-

1875 4467 1930 4521 3d
1967 4464 2110 4536 quod
2134 4473 2188 4519 et
2218 4462 2417 4517 Paulus
2455 4463 2549 4527 ait,
2605 4462 2683 4515 De
2736 4461 2831 4514 hoc
2853 4469 2932 4514 ter
2988 4459 3156 4513 Deum
3201 4455 3407 4526 rogavi.

159 4568 338 4621 μενος,
368 4555 483 4609 ἀλλ’
518 4556 656 4627 ὅπερ
683 4558 775 4609 καὶ
817 4554 1028 4619 Παῦλός
1064 4572 1252 4625 φησιν,
1292 4553 1473 4622 Ὑπὲρ
1513 4542 1729 4609 τούῖου

1875 4557 1931 4613 ὀι
1959 4558 2037 4613 sic
2069 4573 2083 4611 :
2111 4556 2378 4627 Deceptus
2413 4570 2554 4618 sum,
2607 4554 2900 4609 arbitratus
2963 4568 3058 4608 eos
3122 4551 3411 4621 probiores

158 4644 282 4712 τρὶς
301 4646 408 4700 τὸν
428 4647 649 4713 Κύριον
681 4636 1086 4717 παρεκὶὶλεσα.
1108 4649 1177 4701 Ἢ
1206 4647 1301 4700 καὶ
1324 4645 1519 4710 οὕτως’
1553 4647 1727 4701 Ἦπα-

1875 4664 2091 4706 vasuros
2121 4649 2229 4703 tuis
2254 4647 2718 4717 praedictionibus,
2743 4654 2799 4700 et
2831 4660 2943 4699 non
2973 4652 3295 4699 evaserunt.

158 4734 352 4805 τήθην,
383 4736 619 4808 νομίζων
669 4738 869 4799 αὐτοὺς
910 4736 1153 4806 βελτίους
1193 4736 1446 4804 γενέσθαι
1491 4735 1582 4788 διὰ
1618 4736 1729 4790 τῶν

162 4824 518 4894 προρρήσεων
542 4825 656 4879 τῶν
686 4825 815 4893 σῶν,
841 4827 935 4879 καὶ
957 4826 1017 4879 οὐ
1044 4825 1327 4895 γεγόνασι.

233 4916 387 4971 ιὈτι
417 4918 603 4991 πικρῷ
631 4918 778 4990 λόγῳ
815 4937 916 4989 μου
941 4918 1249 4989 γελάσομαι
1276 4916 1728 4975 ἀθεσίανδἜστι

1899 4905 1962 4960 V.
1987 4905 2038 4961 8.
2076 4922 2094 4954 ι
2126 4901 2261 4979 Quia
2297 4916 2484 4956 amaro
2532 4899 2701 4955 verbo
2754 4899 2974 4955 ridebo~
3000 4902 3404 4970 praevaricatio-

160 5003 269 5072 γὰρ
298 5007 471 5073 γέλως
495 5006 716 5082 πικρὸς,
745 5009 850 5063 ὑπὸ
876 5010 1108 5079 συνοχῆς
1128 5007 1311 5077 ψυχῆς
1334 5006 1724 5078 ἐκφερόμενοςο

1875 5012 1972 5052 em.
1999 5014 2018 5048 ι
2043 4994 2301 5050 Estenim
2329 4992 2468 5050 risus
2497 5008 2736 5060 amarus,
2760 4991 2851 5064 qui
2874 5007 2938 5047 ex
2970 4993 3188 5048 turbato
3221 4993 3405 5048 animo

165 5094 275 5148 Kal.
295 5097 381 5150 διά
404 5100 494 5154 τοῦ
514 5103 755 5170 γέλωτος
779 5100 991 5168 τούτου,
1022 5100 1208 5171 φησὶν,
1229 5097 1585 5168 ὑποδείκνυμι
1604 5139 1619 5163 ,
1643 5100 1724 5153 ὅτι

1875 5090 2098 5145 rovenit.
2132 5087 2196 5143 Et
2221 5102 2318 5157 per
2340 5086 2669 5149 derisioncm
2720 5087 2883 5152 hanc,
2920 5085 3016 5153 ait,
3042 5084 3275 5140 ostendo
3314 5101 3403 5143 me

162 5183 487 5257 ταλαιπωρῶ
511 5190 603 5243 ὑπ’
642 5189 845 5244 αὐτῶν.
1035 5168 1043 5170 ἡ
1084 5168 1094 5171 -

1875 5198 1896 5237 3
1933 5181 2014 5236 eis
2050 5180 2251 5235 misere
2280 5168 2465 5251 agere.

238 5294 257 5328 ι
287 5278 359 5332 Οὐ
391 5279 464 5350 μὴ
503 5281 722 5352 λαλήσω
757 5281 862 5336 ἔτι.
901 5301 922 5334 ι
951 5282 1051 5335 Διά
1094 5280 1155 5334 τὸ
1196 5279 1405 5351 μηδένα
1450 5275 1594 5334 εἶναι
1632 5280 1724 5335 τὸν

1894 5276 1960 5331 V.
2003 5275 2056 5331 9.
2088 5292 2107 5325 ι
2142 5270 2256 5328 Nec
2291 5272 2484 5343 loquar
2509 5270 2670 5327 ultra.
2713 5290 2732 5325 ι
2764 5261 2845 5327 Ed
2860 5271 3006 5342 quod
3029 5271 3213 5328 nullus
3255 5281 3422 5328 esset.

162 5369 500 5441 πειθόμενον.

1875 5367 1915 5421 ιί
1937 5367 2095 5422 dictis
2130 5373 2369 5435 pareret.

239 5480 257 5513 ι
289 5463 392 5515 Kal.
419 5463 642 5534 ἐγένετο
666 5465 743 5531 ὡς
770 5464 902 5537 πῦρ.
932 5484 951 5518 ι
984 5463 1042 5519 '0
1075 5464 1217 5534 ὑπὲρ
1247 5460 1352 5525 τοῦ,
1371 5460 1508 5516 Θεοῦ
1535 5460 1720 5531 ζῆλος.

1901 5475 1920 5508 ι
1961 5456 2031 5511 Ει
2056 5455 2233 5511 factus
2263 5462 2347 5515 est
2391 5454 2545 5525 quasi
2563 5454 2725 5526 ignis.
2765 5473 2783 5507 ι
2810 5455 2972 5511 Zelus
3002 5455 3098 5526 qui
3147 5470 3249 5527 pro
3284 5456 3399 5514 Deo

1824 5547 2074 5602 habetur.

243 5653 263 5689 ι
301 5637 674 5713 Ἐπισυστῆτε.
708 5662 728 5696 ι
759 5642 945 5698 Ταῦτα
981 5642 1168 5712 ἔλεγον
1194 5644 1244 5696 οἱ
1275 5640 1720 5706 ἐπιϐουλεύοντες

1895 5638 1958 5693 V.
1998 5639 2086 5695 10.
2119 5659 2137 5691 ι
2172 5639 2452 5695 Insultate.
2476 5656 2496 5690 ι
2536 5636 2662 5693 llaec
2688 5640 2963 5706 dicebant,
2993 5639 3087 5710 qui
3116 5644 3400 5712 prophetae

180 5730 246 5800 ὐἷ’
278 5734 542 5808 προφήτῃ,
570 5736 651 5791 ὅτι
694 5735 997 5808 Τηρήσατε,
1034 5734 1197 5789 αὑτοῦ
1240 5735 1450 5798 πάντας
1476 5733 1601 5797 τοὺς
1631 5731 1721 5787 λό-

1879 5731 2104 5789 ruebant
2137 5732 2397 5789 insidias:
2429 5729 2727 5790 Observate
2785 5749 2981 5806 nempe
3028 5748 3223 5789 omnes
3260 5734 3404 5788 illius
