3876 6304
445 259 546 364 6⁸11
1539 294 1976 372 ΟιΥΜΡΙΟΒσ

2210 308 2625 370 EXANDRINI
3645 303 3741 366 672

374 424 413 465 ρ
445 426 753 475 sermones,
787 411 832 466 si
863 413 1164 469 concordes
1190 423 1322 470 sunt
1348 435 1361 470 :
1385 425 1443 471 ut
1477 418 1522 472 si
1575 418 1630 472 in
1695 420 1879 489 aliquo

2207 436 2287 485 υς,
2335 418 2385 472 ει
2420 415 2708 488 σύμφωνοί
2751 416 2930 469 εἰσιν·
2984 414 3078 468 ἵνα
3116 413 3212 468 ἐὰν
3247 415 3454 486 εὑρεθῇ
3495 419 3656 471 κατὰ
3694 438 3738 474 τι

455 504 757 575 pugnantia
790 505 972 560 dicere
1001 507 1530 578 deprehenderetur,
1587 523 1846 582 tauquam
1873 529 1986 568 mea

2131 510 2280 581 αὐτῷ
2311 508 2746 580 ἐναντιούμενος,
2779 506 3041 578 ἀνέλωσκ
3067 506 3231 563 αὐτὸν
3267 507 3346 572 ὡς
3371 507 3657 582 ψεύστην,

444 595 636 651 dacem
661 594 1064 650 interimerent.
3007 650 3015 656 .

523 705 541 737 ‹
568 685 775 741 Idcirco
805 688 1077 756 persecuti
1115 699 1264 746 sunt.
1297 710 1315 744 ι
1359 692 1628 758 Quoniam
1651 693 1795 749 Deus
1814 709 2028 750 mecum

2206 706 2225 739 ι
2257 687 2358 741 Διά
2387 687 2546 742 τοῦτο
2582 685 2832 754 ἐδίωξαν.
2875 707 2893 740 ι
2927 687 3054 742 Ὅτι
3083 686 3218 752 Θεὸς
3246 689 3369 760 μετ’
3395 690 3542 759 ἐμοῦ
3591 691 3733 758 ἐστι,

445 785 554 841 est;
595 777 849 847 quodque
881 795 964 833 res
1003 781 1271 838 dedecore
1293 784 1486 854 dignas
1519 795 1707 856 agunt.

1604 795 1707 840 lut.
2127 777 2223 833 καὶ
2246 780 2328 833 ὅτι
2359 781 2588 851 ἀτιμίας
2621 780 2746 845 ἄξια
2772 780 3135 852 πράττουσιν.

519 869 583 924 ν.
623 871 708 925 id.
746 891 763 922 ι
802 872 926 926 Dies
954 873 1010 926 in
1049 891 1154 944 qua
1193 880 1409 946 peperit
1456 895 1543 933 me
1595 890 1768 935 mater
1820 897 1965 935 mea.
2003 900 2022 934 ι

2206 889 2224 923 ι
2267 871 2329 926 Ἦ
2365 872 2581 942 ἡμέρα,
2620 873 2679 925 ἐν
2714 866 2927 943 ᾖέτεκέ
2977 886 3045 940 με
3092 871 3126 941 ἡ
3176 871 3363 942 μήτηρ
3405 889 3543 942 μου.
3579 891 3600 926 ι
3657 876 3737 939 Ὧς

446 963 727 1032 Tanquam
773 979 880 1017 non
931 965 1088 1020 valde
1118 983 1318 1024 curans
1358 971 1640 1026 invehitur
1675 973 1729 1027 in
1781 988 1872 1026 res
1912 987 1977 1028 nc

2200 963 2408 1034 ιγωρῶν
2438 964 2530 1017 ἐπὶ
2555 963 2624 1016 τά
2653 963 3009 1018 ἀνυπόστατα
3040 962 3136 1016 καὶ
3170 963 3273 1035 ήδη
3310 969 3731 1036 παρῳχηκότα,

447 1063 723 1110 exstantes
766 1063 823 1110 et
868 1056 978 1125 jam
1015 1061 1320 1127 praeteritas
1364 1080 1488 1133 quae
1529 1065 1898 1120 maledictioni
1931 1065 1978 1120 oi

2249 1057 2323 1126 μὴ
2367 1055 2643 1126 δυνάμενα
2689 1055 2939 1125 κατάραν
2987 1053 3251 1120 δέξασθαι
3312 1057 3556 1129 ἐκφέρει
3605 1063 3733 1124 τοὺς

445 1150 622 1204 noxia:
648 1165 769 1204 esse
817 1165 925 1204 non
961 1162 1208 1220 possunt,
1237 1163 1296 1209 ut
1333 1157 1508 1211 solum
1534 1157 1679 1228 quod
1717 1157 1823 1212 sibi
1849 1168 1976 1214 cont

2200 1165 2356 1217 γους·
2392 1149 2479 1202 ἵνα
2513 1150 2663 1222 δείξῃ
2703 1148 2869 1219 μόνον
2913 1146 3012 1218 τὴν
3046 1147 3338 1218 συμϐᾶσαν
3376 1151 3536 1221 αὐτῷ
3573 1154 3731 1222 περί-

445 1247 598 1311 gcrat
638 1241 839 1296 malum
897 1243 1222 1299 declararet.
1902 1250 1908 1257 ’

814 1258 839 1293 n
897 1243 1222 1299 declararet.
1902 1250 1908 1257 ‘
2134 1257 2345 1295 στασιν.

515 1329 580 1383 V.
618 1331 703 1385 15.
737 1350 756 1382 ι
801 1332 1116 1388 Maledictus
1137 1335 1320 1390 homo.
1366 1356 1384 1388 ι
1417 1338 1582 1391 Aiunt
1605 1335 1808 1392 Iulium
1842 1339 2027 1394 suisin

2209 1349 2226 1382 ι
2277 1331 2738 1403 Ἐπικατάρατος.
2772 1351 2789 1384 ι
2827 1333 2996 1387 Φασὶν
3027 1333 3121 1387 τὸν
3157 1333 3359 1388 Ἰοῦλον
3395 1335 3454 1387 ἐν
3485 1335 3725 1399 οἰκείοις

441 1421 865 1478 Commentariis
899 1425 1101 1481 dixisse
1157 1428 1425 1484 Ananiam
1494 1433 1968 1501 pseudopropheta

2195 1425 2568 1493 ιγγράμμασιν
2593 1423 2898 1494 εἰρηκέναι,
2933 1423 3009 1486 ὡς
3053 1425 3309 1489 Ἀνανίας
3349 1426 3379 1478 6
3414 1427 3726 1496 ψευδοπρο-

441 1514 723 1568 nuntiasse
744 1516 983 1584 primum
1007 1517 1242 1574 Chelciae
1269 1523 1406 1590 patri
1441 1521 1693 1577 Jeremia:
1720 1533 1912 1576 natum
1939 1524 1972 1576 il

2195 1514 2311 1584 jrq;
2347 1513 2516 1577 ,αὐτὸς
2547 1513 2764 1585 πρῶτος
2795 1513 2914 1568 εἷπε
2944 1515 3021 1586 τῷ
3053 1516 3264 1588 Χελκίᾳ
3296 1517 3378 1587 τῷ
3412 1520 3596 1589 πατρὶ
3637 1520 3726 1573 τοῦ

441 1604 611 1658 ﬁlium
642 1608 941 1663 masculum
972 1630 985 1664 :
1019 1611 1140 1680 jure
1169 1612 1333 1682 igitur
1385 1615 1461 1668 illi
1496 1616 1790 1678 maledicit,
1819 1623 1877 1668 ut
1932 1631 1964 1684 q

2193 1605 2430 1677 ερεμίου,
2465 1609 2550 1661 ὅτι
2580 1607 2775 1679 ἐτέχθη
2804 1607 2955 1678 αύτῷ
2980 1609 3193 1662 παιδίον
3221 1610 3421 1681 ἄρρεν.
3463 1611 3724 1675 Ἐνδίκως

440 1695 626 1764 populi
658 1698 853 1752 excidii
879 1715 1036 1754 causa
1073 1701 1258 1757 fuerit.
1300 1704 1521 1774 Mystice
1551 1721 1682 1760 vero
1709 1707 1781 1760 ita
1811 1706 1964 1760 intell

2192 1693 2239 1752 5v
2267 1697 2414 1768 αύτῷ
2443 1700 2752 1770 καταρᾶται
2799 1699 2874 1762 ὡς
2919 1700 3098 1754 αίτιον
3134 1699 3214 1771 τῷ
3255 1701 3374 1771 λαῷ
3425 1703 3723 1772 γενόμενον

441 1802 571 1855 ges:
609 1787 893 1846 llominem
927 1791 1205 1863 Scriptura
1234 1769 1379 1866 saepe
1405 1807 1564 1852 vocat
1591 1798 1888 1852 diabolum.
1925 1798 1972 1852 M

2190 1787 2439 1850 πωλείας.
2472 1769 2616 1860 Πρὸς
2656 1788 2898 1844 διάνοιαν
2940 1790 2997 1844 δὲ
3022 1769 3407 1863 οὕτωννοήσης
3434 1809 3448 1822 ο
3481 1769 3721 1865 ’Δνθρωι

440 1877 675 1935 ledictus
729 1881 932 1951 itaque,
975 1886 1070 1949 ait,
1108 1887 1179 1940 sit
1226 1888 1497 1954 diabolus,
1531 1891 1622 1959 qui
1657 1890 1800 1945 Patri
1832 1901 1971 1946 nosti

2189 1883 2296 1952 ινὴ
2338 1883 2530 1953 Γραφὴ
2587 1881 2862 1952 πολλαχοῦ
2896 1883 2988 1935 τὸν
3035 1882 3284 1936 διάϐολον
3322 1883 3513 1937 καλεῖ.
3572 1885 3720 1937 Ἐπι-

439 1972 553 2028 Deo
584 1975 789 2030 dixerat
818 1995 830 2030 :
867 1976 1003 2032 Ecce
1038 1981 1314 2036 masculus
1344 1991 1426 2037 est
1462 1983 1645 2050 homo,
1674 1985 1883 2039 scilicet
1912 1983 1967 2039 f0

2185 1976 2442 2044 ιτάρατος
2473 1971 2598 2040 οὖν,
2636 1975 2804 2046 φησιν
2825 2013 2839 2037 ,
2871 1973 3012 2026 ἔστω
3042 1974 3355 2040 ὁδιάϐολος,
3390 1975 3453 2039 ὃς
3488 1976 3716 2048 εἴρηκεν

440 2064 530 2133 tis,
562 2068 815 2136 permitte
839 2079 898 2123 ut
929 2070 1078 2124 illum
1108 2081 1342 2129 tentem.

2188 2064 2414 2137 ῥΙΙατρὶ
2459 2066 2620 2136 ἡμῶν
2651 2065 2729 2136 τῷ
2772 2063 2924 2134 Θεῷ,
2963 2064 3097 2117 Ἰδοὺ
3147 2065 3317 2134 ἄρσεν
3352 2065 3513 2118 ἐστὶν
3545 2068 3577 2119 6
3631 2068 3719 2121 ἄν.

2129 2157 2368 2227 θρωπος,
2399 2156 2676 2210 τουτέστιν
2693 2156 2933 2225 ἀνδρεῖος
2955 2169 2967 2181 ·
3001 2154 3090 2218 δὺς
3121 2154 3210 2207 ἵνα
3243 2155 3504 2225 πειράσω
3529 2156 3716 2210 αὐτόν.

508 2252 573 2309 ν.
619 2255 702 2312 l6.
737 2277 755 2310 ι
802 2259 1361 2318 Αιιιιίοιοιειηιοιέηω
1403 2263 1718 2320 Secundum
1746 2267 2016 2332 litteram,

2205 2269 2223 2302 ι
2271 2250 2586 2304 Ἀκουσάτω
2633 2249 2895 2321 κραῦγος.
2943 2267 2962 2301 ι
3030 2247 3176 2320 Πρὸς
3245 2249 3348 2320 μὲν
3401 2250 3468 2302 τὸ
3531 2252 3715 2320 ῥητὸν,

420 2341 544 2401 ὀἰιο
566 2367 578 2402 :
601 2350 916 2418 Spiritalntcr
946 2369 1100 2417 vero,
1135 2355 1502 2422 Perterreﬁat,
1539 2359 1738 2427 inquit,
1764 2359 1946 2414 diabol

2185 2343 2260 2412 ιχύ
2279 2361 2292 2374 ·
2326 2343 2463 2412 πρὸς
2481 2343 2538 2396 δὲ
2564 2343 2825 2408 διάνοιαν,
2856 2341 3153 2411 Πτοηθείη,
3185 2342 3372 2411 φησὶν,
3407 2342 3438 2394 6
3465 2343 3716 2406 διάϐολος

435 2439 490 2494 in
515 2444 848 2513 apparitione
876 2454 930 2500 et
959 2456 1083 2500 ortu
1115 2449 1228 2502 veri
1253 2450 1382 2504 solis
1408 2451 1539 2506 Jesu
1567 2452 1781 2506 Domini
1821 2463 1966 2508 nostr

2183 2454 2185 2472 ι
2224 2439 2290 2506 τῇ
2325 2434 2655 2503 ἐπιφανείᾳ,
2688 2434 2783 2487 καὶ
2828 2434 2886 2485 ἐν
2927 2435 2992 2504 τῇ
3042 2432 3280 2503 ἀνατολῇ
3317 2432 3416 2486 τοῦ
3454 2433 3714 2504 ἀληθινοῦ

2127 2525 2275 2595 ἡλίου
2321 2523 2498 2592 Ἰησοῦ
2533 2522 2627 2576 τοῦ
2666 2521 2874 2594 Κυρίου
2904 2523 3090 2593 ἡμῶν.

511 2631 529 2663 ι
577 2612 644 2667 Ει
678 2615 959 2670 ululatum.
995 2636 1013 2670 ι
1041 2617 1122 2673 Ad
1154 2619 1391 2676 litteram
1424 2624 1664 2690 quidem,
1699 2626 1908 2689 Adhuc,
1943 2627 2022 2680 in-

2204 2633 2222 2664 ι
2247 2614 2354 2666 Καὶ
2378 2611 2720 2682 ἀλαλαγμοῦ.
2736 2632 2752 2663 ι
2772 2613 2916 2683 Πρὸς
2947 2613 3046 2683 μὲν
3071 2612 3132 2665 τὸ
3150 2613 3495 2683 ρητδν,Ἕτι,
3525 2615 3710 2682 φησὶν,

435 2702 574 2772 quit,
616 2705 670 2758 in
704 2706 960 2763 felicitate
991 2711 1206 2780 positus
1251 2713 1493 2768 Ananias
1545 2731 1736 2770 vocem
1777 2717 1966 2772 hostiu:

2184 2706 2522 2776 ιθυνούμενος
2561 2707 2590 2758 6
2631 2706 2884 2768 Ἀνανίας
2934 2703 3164 2758 ἀκούσει
3213 2703 3316 2774 τῆς
3365 2705 3558 2775 φωνῆς
3609 2706 3715 2757 τῶν

434 2797 621 2852 audiet
654 2813 666 2848 :
697 2801 1016 2869 spiritaliter
1085 2820 1216 2858 vero
1254 2804 1515 2861 :Meridie
1579 2809 1728 2863 cruci
1787 2809 1965 2880 aﬂigitl

2184 2797 2426 2866 ›λεμίων·
2461 2797 2598 2867 πρὸς
2643 2796 2702 2850 δὲ
2741 2796 3004 2860 διάνοιαν,
3042 2797 3132 2850 Ἐν
3170 2797 3500 2867 μεσημϐρίᾳ
3527 2815 3715 2886 ’σταυ-

433 2883 705 2952 Christus,
745 2903 871 2943 cum
903 2898 956 2944 et
978 2891 1229 2948 diabolus
1266 2886 1508 2962 perfecte
1535 2897 1713 2952 victus
1743 2907 1847 2954 est.
1889 2900 1964 2956 υΙι

2186 2891 2315 2944 ιῦται
2367 2892 2395 2944 6
2428 2893 2668 2962 Κύριος·
2733 2892 2822 2945 ὅτε
2869 2891 2964 2945 καὶ
3007 2890 3230 2955 τελείως
3274 2892 3484 2962 ἡττήθη
3527 2883 3560 2944 6
3605 2893 3717 2946 διά-

435 2974 576 3032 latus
599 2979 744 3032 enim
772 2979 976 3034 clamor
1005 2994 1089 3037 est
1129 2984 1380 3041 hostibus
1423 2987 1680 3044 devictis.

2186 2982 2298 3046 ιλος·
2323 2983 2642 3054 ἀλαλαγμὸς
2675 2982 2808 3056 γάρ,
2840 2983 2939 3055 βοὴ
2970 2981 3114 3037 κατὰ
3150 2983 3521 3038 πεπτωκότων
3553 2985 3717 3039 πολε-

2049 3115 2098 3178 c
2131 3075 2291 3145 μίων.

513 3173 532 3207 ι
563 3153 700 3220 Quia
729 3172 842 3211 non
871 3158 1143 3217 interfecit
1187 3179 1292 3220 me.
1334 3184 1352 3216 ι
1406 3166 1524 3223 Hoc
1555 3178 1816 3238 praestare
1872 3169 2016 3224 Ana-

2201 3184 2220 3218 ι
2243 3168 2365 3218 Ὅτι
2397 3164 2498 3219 οὐκ
2526 3165 2817 3219 ἀπέκτεινέ
2847 3182 2938 3236 με.
2974 3183 2994 3218 ι
3027 3164 3204 3220 Τοῦτο
3235 3168 3414 3220 ποιεῖν
3453 3167 3711 3231 ’Δνανίας

434 3243 556 3299 nias
593 3261 702 3300 non
761 3258 995 3316 poterat,
1026 3252 1210 3322 itaque
1252 3257 1570 3325 spiritaliter
1630 3261 1811 3330 potius
1860 3264 1965 3318 acci

2189 3275 2223 3310 κ
2249 3255 2499 3326 ἠδύνατο·
2527 3257 2602 3320 ὼς
2627 3257 2971 3329 δικαιότερον
2993 3257 3075 3321 είς
3095 3257 3334 3330 θεωρίαν
3367 3258 3521 3314 [δεῖν.
3541 3260 3716 3330 Φησὶν

435 3335 693 3405 piendum
729 3355 742 3392 :
777 3340 855 3394 ait
882 3341 1046 3412 igitur
1078 3362 1090 3397 :
1129 3344 1440 3405 Voluntatis
1463 3351 1728 3420 impetum
1755 3369 1865 3407 non
1909 3370 1966 3408 re

2186 3367 2235 3413 ν,
2268 3349 2350 3401 ὅτι
2377 3349 2492 3402 Ούκ
2523 3348 2772 3418 ἀνέκυψε,
2801 3349 2904 3420 τὴν
2944 3349 3124 3422 ὁρμὴν
3153 3349 3256 3420 τῆς
3299 3351 3711 3421 προαιρέσεως,

437 3430 668 3485 tardavit
703 3441 993 3504 antequam
1017 3452 1076 3492 se
1111 3439 1179 3493 ad
1197 3442 1396 3496 malum
1427 3453 1792 3510 converteret,
1830 3449 1968 3502 mani

2182 3441 2254 3493 31v
2281 3439 2380 3511 τὴν
2412 3441 2506 3493 ἐπὶ
2537 3440 2599 3493 τὸ
2625 3440 2828 3510 φαῦλον
2857 3441 3116 3508 δέξασθαι
3159 3441 3394 3514 τροπὴν,
3453 3443 3713 3513 φανερὼ-

370 3564 372 3566 τ
437 3523 643 3577 testans
715 3525 849 3580 mihi
927 3529 1251 3597 pravitatem
1328 3533 1639 3604 iniquitatis
1674 3577 1689 3602 ,
1766 3546 1820 3592 et

2184 3549 2223 3594 ις
2250 3549 2339 3602 μοι
2369 3533 2467 3602 τὴν
2507 3532 2709 3586 κακίαν
2740 3533 2837 3603 τῆς
2862 3532 3138 3604 ἁμαρτίας
3165 3573 3180 3597 ,
3213 3533 3308 3586 καὶ
3338 3528 3415 3603 μὴ
3464 3536 3606 3604 μετὰ
3637 3535 3715 3588 δι-

438 3612 771 3672 inseminans
791 3617 938 3671 illam
964 3633 1089 3674 cum
1123 3624 1476 3690 praetextibus
1527 3634 1583 3680 et
1628 3628 1969 3684 oceultatiom

2175 3624 2458 3694 ιιωμάτων
2505 3624 2600 3677 καὶ
2642 3623 2992 3694 ἐπικρύψεως
3051 3623 3262 3693 ταύτην
3308 3619 3403 3694 μοι
3462 3626 3706 3692 ἐγκατα-

2128 3714 2380 3784 σπείρας.

511 3812 684 3868 v.17.
717 3833 734 3866 ι
777 3815 844 3869 Et
867 3814 1104 3872 factaest
1143 3819 1275 3874 mihi
1313 3831 1486 3878 mater
1526 3841 1661 3880 mea.
1701 3845 1719 3878 ι
1753 3827 1881 3890 Cur.
1910 3831 2004 3896 ait,

2160 3861 2166 3864 .
2198 3827 2216 3858 ‹
2255 3807 2363 3860 Καὶ
2395 3806 2612 3876 ἐγένετό
2639 3825 2728 3879 μοι
2757 3809 2790 3879 ἡ
2816 3801 2999 3880 μῆτηρ
3026 3825 3153 3878 μου.
3186 3826 3204 3860 ι
3233 3808 3356 3861 Ἵνα
3388 3807 3461 3874 τί,
3498 3809 3685 3878 φησιν,

436 3901 493 3955 in
520 3902 637 3971 ipso
661 3904 934 3972 proposito
965 3920 1074 3960 non
1110 3909 1279 3970 stetit,
1307 3919 1360 3963 et
1414 3911 1588 3966 soluta
1611 3923 1695 3968 est
1723 3915 1967 3985 cogitatic

2175 3916 2178 3938 ι
2222 3900 2360 3970 αὐτῇ
2403 3900 2662 3970 προθέσει
2701 3901 3055 3969 ὲναπέμεινε,
3099 3900 3195 3954 καὶ
3239 3899 3460 3970 διελύθη
3492 3903 3521 3954 6
3557 3900 3706 3967 λογι-

436 4005 539 4044 nec
575 3991 640 4045 ad
670 4007 808 4060 Opus
839 3993 1062 4062 perduxi
1092 3996 1235 4063 quod
1267 3997 1410 4052 volui
1436 3999 1459 4052 ?

2122 3990 2277 4061 σμὸς,
2305 3991 2398 4044 καὶ
2431 3991 2504 4062 μὴ
2537 3993 2616 4054 εἰς
2649 3991 2810 4060 ἔργον
2840 3991 3056 4061 ἤνεγκα
3091 3992 3152 4044 τὸ
3183 3989 3471 4060 βούλημα;

507 4076 572 4132 ν.
609 4078 732 4133 ἱ8.‹
765 4079 830 4134 Ut
859 4081 986 4150 quid
1019 4081 1134 4137 ita?
1161 4082 1420 4152 Egressus
1475 4106 1494 4140 ι
1537 4087 1824 4143 Peccatum
1864 4089 2020 4145 dolo-

2197 4101 2215 4133 ι
2246 4082 2364 4134 Ἵνα
2403 4082 2456 4134 τί
2483 4082 2670 4150 τοῦτο;
2714 4082 2990 4152 Ἐξῆλθον.
3030 4102 3048 4135 ι
3093 4084 3158 4137 Ἦ
3188 4085 3436 4156 ἁμαρτία
3467 4085 3576 4137 τῶν
3618 4086 3707 4139 πό-

366 4158 395 4232 ῖ,
437 4184 560 4222 rum
610 4169 964 4240 liberumque
991 4173 1142 4244 origo
1198 4185 1302 4238 est,
1357 4187 1413 4232 et
1450 4180 1696 4246 peccanti
1737 4180 1897 4248 poenil

2172 4189 2228 4224 ον
2273 4174 2368 4227 καὶ
2407 4173 2516 4227 τῶν
2562 4174 2777 4245 μόχθων
2821 4176 2972 4229 αἰτία
3026 4175 3218 4244 γέγονε
3245 4191 3258 4206 ·
3311 4177 3561 4229 ποιεῖ’δὲ
3609 4179 3703 4230 καὶ

439 4255 615 4312 all‘erl.
640 4256 832 4314 Sermo
865 4260 1026 4330 igitur
1048 4262 1136 4317 hic
1168 4264 1378 4319 varium
1415 4266 1578 4322 dellet
1608 4278 1832 4324 statum.

2169 4265 2427 4336 ετάμελον
2456 4267 2534 4339 τῷ
2562 4268 2950 4340 ἁμαρτάνοντι.
2993 4269 3275 4342 Ὀδύρεται
3314 4266 3408 4324 οὖν
3433 4273 3534 4342 τὴν
3578 4289 3700 4343 τρο·

2126 4357 2233 4428 πὴν
2262 4360 2290 4411 6
2316 4357 2496 4427 λόγος.

1068 4497 1221 4555 CAP.
1285 4501 1428 4558 XXI.
2052 4453 2096 4510 Ι,

2052 4453 2096 4510 D
2682 4514 2936 4571 ΚΕΦΑΛ.
2969 4513 3100 4570 KA'.

511 4611 577 4668 ν.
620 4613 666 4668 l-.
703 4633 721 4666 ι
760 4613 988 4681 Quando
1019 4619 1166 4674 misit
1195 4619 1263 4674 ad
1304 4635 1429 4675 eum
1469 4620 1746 4679 Sedecias.
1784 4643 1802 4676 ›
1841 4624 2011 4684 Sede-

2199 4647 2218 4681 ι
2258 4629 2388 4684 Ὅτε
2431 4626 2724 4682 ἀπέστειλε
2769 4629 2905 4699 πρὸς
2951 4629 3117 4684 αὐτὸν
3157 4630 3187 4683 6
3239 4628 3500 4698 βασιλεὺς
3552 4629 3702 4681 Σεδε-

439 4705 549 4759 cias
576 4705 631 4760 in
663 4705 936 4778 Babylonii
963 4718 1282 4780 potestatem
1309 4713 1578 4779 redactus,
1616 4730 1806 4771 rursus
1837 4717 1970 4771 abill

2169 4719 2268 4783 ίας.
2307 4739 2325 4772 ι
2376 4720 2434 4773 Ὀ
2481 4718 2734 4783 Σεδεκίας
2771 4720 3121 4790 αἰχμάλωτος
3167 4720 3410 4789 γεγονὼς
3458 4721 3567 4772 ὑπὸ
3605 4719 3700 4772 τοῦ

437 4811 532 4851 rex
561 4807 777 4853 creatur
801 4797 1122 4866 Jerusalem,
1163 4803 1521 4874 jurejurando
1559 4808 1822 4874 praestita,
1850 4823 1910 4863 se
1944 4825 1968 4863 a

2172 4807 2489 4873 αϐυλωνίου,
2528 4806 2692 4860 πάλιν
2726 4808 2817 4860 ὑπ’
2848 4808 3014 4862 αὐτοῦ
3042 4809 3358 4880 κατεστάθη
3392 4809 3703 4879 βασιλεύειν

438 4891 530 4948 illo
556 4909 666 4948 non
698 4895 1082 4975 discessurum,
1113 4899 1208 4954 sed
1225 4899 1396 4955 fracto
1421 4899 1627 4957 fcedere
1649 4918 1838 4959 rursus
1864 4919 1894 4958 a
1917 4903 1969 4959 B:

2172 4900 2222 4968 ἧς
2260 4898 2634 4969 Ἰερουσαλὴμ,
2661 4900 2858 4969 ὅρκους
2883 4901 3035 4971 αὑτῴ
3061 4902 3315 4966 δεδωκὼς
3336 4944 3351 4970 ,
3387 4903 3463 4973 μὴ
3497 4904 3703 4972 ἀθετή-

439 4982 656 5053 bylonio
668 4986 812 5042 bello
839 4998 1088 5043 vexatur.

2172 5006 2243 5042 ειν
2285 4989 2483 5044 αὐτόν·
2534 4991 2884 5063 παραϐάντος
2938 4993 2995 5046 δέ
3039 4995 3206 5048 αὐτοῦ
3256 4995 3357 5060 τὰς
3402 4994 3703 5066 συνθήκας,

2127 5081 2288 5135 πάλιν
2313 5084 2699 5154 ἐπιστρατεύει
2722 5087 2750 5138 6
2771 5085 3136 5156 Βαϐυλώνιος.

515 5159 578 5216 ν.
619 5163 672 5218 9.
720 5183 738 5217 ‹
774 5165 842 5220 Ει
897 5164 1180 5236 egrediens
1223 5168 1502 5223 accedere.
1542 5186 1560 5220 ι
1622 5169 1906 5240 Tanquam
1965 5187 2025 5228 se

2203 5193 2220 5227 ι
2255 5174 2363 5228 Καὶ
2391 5177 2419 5227 ὁ
2443 5176 2904 5246 ἐμπορευόμενος.
2946 5197 2963 5228 ι
3007 5178 3092 5242 Ὠς
3123 5180 3198 5250 μὴ
3251 5180 3705 5250 ἀντιταττόμενος

443 5251 630 5310 divino
663 5271 772 5311 non
802 5271 1084 5326 opponens
1112 5258 1318 5327 judicio
1343 5300 1356 5323 ,
1389 5260 1473 5314 cui
1497 5261 1699 5330 placuit
1728 5278 1823 5318 eos
1841 5263 1895 5317 in
1915 5263 1974 5318 B2

2170 5265 2200 5336 ᾖ
2233 5267 2362 5335 θείῳ
2387 5268 2641 5339 κρίματι,
2677 5268 2756 5339 τῷ
2793 5269 3145 5326 δικαιώσαντι
3179 5273 3566 5343 παραδοθῆναι
3603 5274 3701 5327 αὺ-

445 5341 788 5414 byloniorum
814 5355 1137 5414 potestatem
1166 5349 1371 5402 venire.

1276 5349 1371 5402 ire.
2125 5359 2249 5421 τοὺς
2273 5361 2386 5420 τοῖς
2415 5357 2807 5423 Βαϐυλωνίοις.

522 5451 540 5484 ι
582 5433 650 5488 Et
672 5437 777 5490 erit
818 5435 1000 5491 anima
1029 5438 1170 5507 ejus.
1205 5456 1224 5489 ι
1259 5437 1370 5493 Hoc
1400 5448 1503 5506 est,
1551 5440 1805 5497 Animam
1867 5460 2019 5500 suam

2203 5467 2222 5501 ι
2256 5450 2368 5503 Καὶ
2407 5449 2565 5503 ἔσται
2607 5451 2640 5520 ή
2679 5449 2849 5522 ψυχή.
2885 5469 2903 5503 ι
2955 5451 3100 5506 ’Δντὶ
3131 5452 3263 5519 τοῦ,
3297 5453 3567 5523 Κερδανεί
3603 5452 3702 5524 τὴν

449 5523 768 5582 lucrabitur.

2125 5541 2302 5613 ψυχὴν
2340 5542 2527 5598 αὑτοῦ.
2561 5561 2579 5594 ι

521 5617 585 5672 ν.
631 5619 714 5672 12.
745 5637 763 5671 ι
797 5619 1043 5678 Judicate
1075 5638 1251 5679 mane.
1297 5643 1314 5676 ι
1341 5629 1518 5692 Mane,
1546 5626 1598 5682 id
1629 5638 1732 5693 est,
1770 5627 1880 5684 cito
1906 5645 2022 5700 pce-

2205 5653 2223 5685 ι
2259 5635 2496 5705 Κρίνατε
2534 5637 2702 5707 πρωΐ.
2741 5655 2760 5691 ι
2813 5639 2886 5692 Τὸ
2919 5637 3069 5706 πρωῒ
3093 5681 3107 5706 ,
3151 5639 3277 5694 ἀντὶ
3314 5639 3434 5706 τοῦ,
3491 5640 3699 5710 ταχέως

455 5707 732 5764 nitentiam
767 5710 927 5780 agite.

2131 5727 2526 5797 μετανοήσατε.
