3876 6304
107 341 212 406 6'73
1233 328 1699 390 FRAGMENTA
1733 329 1816 390 ΙΝ
1851 328 2268 390 JEREMIAM.
3275 330 3386 393 674

183 469 202 499 t
243 447 353 501 Kal.
384 443 744 514 καυθήσεται.
779 457 798 494 ι
832 440 944 513 Τὴν
972 436 1180 511 τροφήν
1212 456 1403 510 φησιν,
1442 435 1553 493 εἷλε
1585 437 1694 510 γὰρ

1878 456 1894 488 t
1935 437 2001 492 Et
2029 438 2332 494 devorabit.
2365 456 2383 490 ι
2423 437 2756 493 Alimentum
2787 438 2884 504 ait,
2916 439 3059 510 quod
3094 440 3254 495 etiam
3279 440 3386 497 Ba-

108 543 208 598 καὶ
240 539 415 612 αὐτὴν
446 540 474 591 ὁ
500 535 867 598 Βαϐυλώνιος.

789 552 867 598 ος.
1799 525 2053 598 bylonius
2078 530 2320 585 abstulit.

688 627 939 681 ΚΕΦΑΛ.
982 624 1115 679 KB’.
2041 646 2050 655 -

2041 646 2050 655 -
2426 619 2584 676 CAP.
2622 622 2787 677 XXII.

189 750 206 782 t
238 727 352 782 Kal.
378 722 570 788 ἐπάξω
599 722 692 775 ἐπὶ
720 720 802 775 σὲ.
839 738 858 771 ι
907 715 1132 786 Ἐπειδὴ
1163 714 1370 786 κέδρων
1401 712 1527 782 ἑξῆς
1565 725 1701 781 μνη-

1869 713 1934 769 ιτ.
1967 715 2020 768 7.
2058 731 2078 764 ‹
2113 712 2184 768 Ει
2205 711 2455 768 inducam
2479 729 2645 784 super
2673 723 2745 768 te.
2769 733 2787 766 ›
2812 713 3080 782 Quoniam
3102 716 3387 771 cedrorum

119 820 362 892 μονεύει,
403 812 691 884 σημαίνων
716 810 846 872 τοὺς
879 809 936 861 ἐν
971 806 1238 877 ὑπεροχῇ,
1266 801 1581 871 ἀναγκαίως
1606 817 1650 852 κε

1904 805 2258 875 sequentibus
2320 804 2588 870 meminit,
2635 806 2948 878 signiﬁcans
2973 823 3068 863 eos
3117 810 3210 880 qui
3262 815 3391 863 sunt

117 914 355 966 πέλεκυν
383 903 556 960 εἶπεν.
901 907 914 914 ”
1107 939 1112 944 -

1856 943 1858 948 .
1895 895 2159 966 dignitate
2197 895 2378 964 positi,
2414 897 2724 952 necessario
2769 890 2823 950 ei
2853 898 3087 952 securim
3118 899 3387 968 adjunxit.

191 1023 210 1056 ι
261 1001 666 1074 ’ῼκοδόμησας.
706 1013 724 1046 ι
774 992 1030 1063 ’Υπερῷα
1055 991 1188 1054 νόει,
1222 987 1292 1040 τὰ
1321 985 1614 1056 ὑψώματα,
1633 983 1704 1074 τά

1973 988 2058 1042 II.
2099 1005 2117 1038 t
2164 987 2488 1042 Ediﬁcasti.
2526 1006 2545 1039 ›
2606 989 2896 1044 Coenacula
2933 991 3171 1061 intellige
3203 992 3390 1045 altitu-
3477 989 3480 993 ’

123 1073 469 1164 ὲπαιρύμενα
515 1092 658 1143 κατὰ
684 1087 787 1156 τῆς
813 1086 1069 1154 γνώσεως
1109 1081 1205 1133 τοῦ
1239 1078 1398 1133 Θεοῦ.
1439 1078 1498 1128 '0
1541 1077 1652 1144 ύφα

1863 1095 1982 1142 nes,
2011 1096 2132 1150 qua:
2161 1089 2351 1135 contra
2382 1079 2620 1134 divinam
2643 1081 3006 1150 cognitionem
3032 1083 3387 1140 extolluntur.

124 1205 229 1242 νων
262 1182 380 1250 οὖν,
408 1182 600 1252 φησιν,
638 1176 816 1247 ἐαυτῷ
850 1173 1198 1245 ψευδοδοξίας
1228 1170 1497 1240 δόγματα.

1859 1185 1994 1240 aque
2029 1170 2127 1236 ait,
2169 1169 2272 1236 Qui
2325 1169 2426 1224 sibi
2455 1170 2558 1240 ipsi
2613 1169 2765 1227 falsae
2820 1171 3090 1242 Opinionis
3143 1173 3390 1245 dogmata

905 1265 929 1285 "
1808 1261 1961 1314 texit.

197 1377 216 1409 t
255 1357 353 1427 Μὴ
387 1351 756 1425 βασιλεύσεις.
793 1367 812 1399 ι
860 1347 1178 1417 Ἐζήλωσας
1203 1385 1218 1410 ,
1256 1345 1391 1413 φησὶ
1415 1383 1428 1408 ,
1476 1341 1567 1395 τὸν
1603 1357 1707 1393 πα-

1886 1351 2060 1407 v.15.
2097 1368 2116 1402 ‹
2145 1349 2400 1421 Nunquid
2437 1350 2709 1421 regnabis.
2749 1369 2767 1402 ›
2821 1350 3129 1408 Ᾱτῖιηυιιιιυε
3159 1369 3238 1417 es,
3296 1355 3392 1420 ait,

119 1451 256 1520 τέρα
300 1465 399 1501 σου
425 1441 623 1516 Ἀχαζ,
676 1444 772 1496 καὶ
801 1439 1144 1500 ὲσπούδασας
1191 1436 1416 1505 νικῆσαι
1453 1433 1615 1486 αὐτὸν

1864 1444 1997 1498 cliaz
2028 1451 2240 1512 patrem
2283 1451 2457 1508 tuum,
2515 1456 2750 1510 eumque
2798 1442 3077 1512 impietate
3135 1460 3395 1514 superare

121 1539 371 1610 ἀσεϐείᾳ.

1811 1535 2083 1592 studuisti.

201 1653 220 1686 ι
255 1630 455 1702 Ταφὴν
483 1630 607 1683 ὄνου
628 1627 991 1697 ταφήσεται.)
1037 1621 1184 1675 Ἀντὶ
1204 1619 1321 1684 τοῦ,
1353 1618 1535 1688 Τάφος
1564 1614 1714 1686 αύτῷ

1884 1627 1944 1684 V.
1976 1628 2063 1682 19.
2096 1645 2114 1678 ‹
2158 1625 2422 1696 Sepulcro
2455 1626 2593 1682 asini
2640 1626 2986 1698 sepelietur.»
3011 1630 3174 1699 Quasi
3211 1631 3393 1688 dicat;

126 1723 461 1793 γενήσονται
516 1720 573 1771 αἱ
602 1717 711 1770 τῶν
741 1713 1111 1787 σαρκοφάγων
1143 1708 1371 1782 ὀρνίθων
1401 1709 1495 1762 καὶ
1535 1705 1657 1759 κυνὲ

1868 1720 2139 1790 epulcrum
2172 1717 2277 1787 ipsi
2309 1725 2474 1772 erunt
2497 1718 2903 1773 carnivororum
2935 1720 3216 1774 volucrum
3235 1733 3399 1778 etca-

127 1792 430 1886 γαστέρεςο
484 1810 574 1865 ἵνα
600 1810 770 1874 εἴποι,
816 1809 899 1860 ὅτι
937 1808 965 1859 ὁ
995 1805 1167 1873 τάφος
1205 1799 1658 1872 παραρῤιφήσετο

1860 1825 1950 1863 um
1986 1818 2244 1873 ventres;
2275 1815 2336 1860 ut
2362 1807 2432 1861 sit
2467 1807 2673 1861 dictum
2721 1807 2866 1876 quod
2897 1809 3204 1877 sepulcrum
3229 1812 3391 1881 proji-

123 1908 268 1980 Πρὸς
330 1907 391 1962 δὲ
439 1904 702 1966 διάνοιαν,
741 1900 922 1970 ’ταφὴν
979 1897 1103 1951 ὄνου
1135 1893 1470 1950 θάπτεταιὸ
1518 1890 1648 1959 ἁλογ

1867 1899 2118 1956 :etur.Ad
2169 1914 2392 1953 sensum
2447 1913 2578 1953 vero
2633 1899 2942 1969 mysticum,
2976 1901 3226 1970 sepulcro
3262 1903 3398 1958 asini

133 1999 315 2065 συζῶν
346 1997 444 2051 καὶ
470 1993 648 2065 ταύτῃ
683 1988 1165 2059 συναποθνήσκων.

1867 1994 2101 2066 ξρεὶὶιιιτ,
2125 1993 2216 2064 qui
2248 1993 2366 2048 sine
2394 1993 2606 2048 ratione
2639 1993 2789 2058 vivit,
2819 2002 2873 2048 et
2894 1994 3011 2050 sine
3041 1997 3249 2051 ratione
3280 2013 3398 2052 mo-

1818 2088 1978 2143 ritur.
3100 2086 3108 2093 ‘

201 2199 221 2233 ί
247 2179 378 2233 Ὅτι
407 2171 830 2245 συνετρίϐησαν.
865 2185 886 2221 ι
929 2163 1197 2237 Ἐραστάς
1216 2163 1314 2232 τῆς
1355 2155 1714 2232 Ἰερουσαλὴμ

1892 2179 1955 2235 ν.
1994 2179 2084 2234 20.
2123 2197 2142 2231 ι
2179 2177 2316 2245 Quia
2355 2177 2574 2233 contriti
2603 2186 2751 2232 sunt.
2809 2195 2829 2230 ι
2871 2177 3155 2234 Amatores
3177 2179 3399 2237 Jerusa-

129 2268 348 2340 νοήσεις
385 2265 485 2334 μὲν
509 2263 606 2316 καὶ
646 2260 775 2334 τοὺς
804 2255 1102 2328 δαίμονας,
1139 2253 1355 2344 νοήσεις
1375 2250 1432 2303 δὲ
1458 2248 1555 2303 καὶ
1589 2247 1660 2300 τοὶ

1868 2288 1926 2326 :m
1959 2270 2226 2341 intelliges
2247 2279 2302 2324 et
2331 2269 2627 2335 daemones,
2666 2279 2720 2325 et
2753 2271 3273 2342 pseudOproplietas,
3302 2274 3399 2344 qui

128 2355 632 2430 ψευδοπροφήτας,
665 2353 863 2414 οἵτινες
888 2346 1174 2410 δοκοῦντες
1205 2342 1377 2412 αὐτῆς
1399 2342 1550 2414 ὲρᾷν,
1574 2341 1659 2411 ὴπι

1526 2359 1550 2406 ’ν
1574 2339 1718 2411 ὴπά·
1824 2379 1948 2420 cum
1973 2377 2096 2418 eam
2127 2339 2446 2416 viderentur
2466 2375 2670 2426 amare,
2697 2339 3057 2430 decipiebant.

128 2465 237 2505 των
273 2449 467 2519 αὑτήν.

167 2570 172 2575 ~
213 2562 232 2595 ι
273 2516 554 2608 Ἐλάλησα
589 2534 726 2606 πρὸς
762 2533 845 2588 σέ.
881 2550 900 2585 ι
944 2531 1006 2586 Οἱ
1044 2527 1265 2598 ἀληθεῖς
1300 2524 1610 2597 προφῆται,
1641 2516 1698 2577 ὧι

1891 2537 1956 2593 ν.
1985 2538 2076 2594 21.
2116 2557 2134 2591 ‹
2173 2535 2412 2592 Locutus
2437 2551 2557 2590 sum
2588 2537 2655 2589 ad
2681 2544 2752 2590 te.
2803 2554 2822 2587 ι
2859 2536 3091 2593 Veraces
3121 2539 3399 2610 prophetae

133 2635 237 2688 οὐκ
260 2633 510 2702 ἧκουσας
539 2627 808 2696 λεγόντων
835 2641 919 2677 σοι
944 2621 1012 2677 τὰ
1035 2619 1104 2674 σά
1127 2616 1572 2690 παραπτώματα.

1511 2633 1572 2670 ται
1821 2643 1960 2700 quos
1987 2645 2098 2683 non
2128 2629 2325 2683 audisti
2351 2627 2668 2681 nuntiantes
2700 2626 2795 2681 tibi
2825 2627 3042 2683 delicta.

212 2745 230 2777 t
263 2723 487 2784 Πάντας
524 2719 653 2782 τοὺς
695 2717 965 2787 ποιμένας
1007 2730 1102 2766 σου
1134 2710 1393 2780 ποιμανεῖ
1436 2707 1710 2778 ἄνεμος.)

1898 2737 1918 2771 t
1953 2719 2156 2775 Omnes
2192 2728 2442 2789 pastores
2482 2729 2606 2772 tuos
2640 2727 2827 2788 pascet
2857 2731 3072 2775 ventus.
3106 2739 3123 2767 ι
3159 2719 3270 2776 [loc
3317 2729 3402 2778 cst

147 2817 297 2872 ’Δντὶ
328 2813 447 2880 τοῦ,
479 2815 557 2877 είς
585 2806 1024 2878 διασκορπισμὺν
1058 2804 1294 2857 ἔσονται.

697 2806 1024 2878 ι’κορπισμὺν
1058 2804 1294 2857 ἔσονται.
1825 2811 2228 2883 dispergenmr,

211 2931 228 2963 t
256 2903 611 2963 Κατυικοῦσα
648 2906 706 2957 ὲν
738 2900 816 2971 τῷ
841 2899 1079 2969 Λιϐάνῳ.
1113 2914 1134 2949 δ
1173 2896 1261 2948 Ἐν
1284 2896 1352 2965 τῇ
1381 2894 1452 2964 γῇ
1486 2893 1584 2963 τῆς
1620 2892 1718 2944 ὲπ-

1898 2904 1964 2958 V.
1998 2903 2090 2959 25.
2136 2923 2153 2954 t
2185 2902 2318 2968 Quae
2345 2900 2556 2955 habitas
2573 2902 2630 2955 in
2665 2900 2892 2956 Libano.
2933 2921 2951 2954 ι
3005 2902 3067 2957 In
3105 2913 3244 2959 terra
3275 2920 3399 2976 pro-

138 3001 426 3073 αγγελίας.
1540 3071 1547 3073 ξ

1827 2993 2121 3049 missionis.
2383 3004 2387 3010 ·

212 3071 232 3146 έ
275 3085 709 3146 Ἑννοσσεύουσα
748 3083 806 3135 ὲν
842 3083 965 3143 ταῖς
1011 3077 1245 3144 κέδροις.
1289 3094 1310 3127 ι
1352 3071 1716 3136 Πιστεύουσα,

1905 3103 1924 3137 t
1955 3083 2087 3149 Quae
2119 3081 2368 3137 nidiﬁcas
2412 3081 2468 3135 in
2519 3082 2716 3136 cedris.
2758 3102 2776 3134 ι
2816 3083 3039 3151 Fidens,
3097 3093 3152 3140 et
3199 3085 3266 3140 ad
3311 3101 3405 3143 eos

141 3186 233 3240 καὶ
259 3179 690 3249 καταφεύγουσα
719 3176 833 3233 τοῖς
869 3173 1022 3242 παρά
1053 3169 1136 3222 σοὶ
1162 3167 1433 3228 δυνατοῖς.

1419 3203 1433 3218 ο
1748 3147 1792 3206 C‘
1831 3147 2171 3246 confugiens,
2194 3189 2330 3244 quos
2365 3182 2617 3243 potentes
2647 3175 2948 3248 arbitraris.

215 3297 234 3330 ι
272 3274 365 3330 Ζῶ
397 3271 534 3340 ἐγὼ,
561 3269 716 3336 λέγει
736 3265 964 3336 Κύριος.
1004 3281 1022 3314 ι
1068 3260 1195 3314 Ἐὰν
1231 3256 1402 3320 οὕτως
1437 3253 1724 3325 ὑποκρινό-

1901 3269 1974 3325 ν.
2008 3268 2099 3322 24.
2135 3285 2153 3318 t
2186 3266 2326 3321 Vivo
2348 3282 2470 3335 ego,
2503 3265 2633 3321 dicit
2658 3267 2943 3323 Dominus.
2990 3287 3008 3320 ›
3059 3269 3113 3324 Si
3138 3269 3212 3324 ita
3246 3271 3410 3326 dissi-

148 3386 305 3442 μενος
337 3363 640 3434 ἀπαρτήσῃ
670 3358 866 3412 ἑαυτὸν
899 3357 979 3418 είς
1004 3350 1347 3442 θεοσέϐειαν,
1371 3349 1466 3402 καὶ
1507 3346 1679 3442 αγαθέ

1882 3360 2051 3415 iulans
2079 3360 2146 3415 ad
2183 3358 2444 3430 pietatem
2477 3375 2597 3415 sese
2636 3375 2950 3431 componat,
2981 3375 3038 3416 et
3089 3363 3252 3418 bonis
3282 3381 3413 3435 ope-

147 3437 453 3533 ἐργάσηται
479 3453 734 3524 πράξεις,
762 3448 921 3502 τοῦτο
947 3446 1056 3516 γάρ
1088 3446 1207 3497 ἐστι
1240 3442 1302 3495 τὸ
1326 3441 1426 3494 ἐπὶ
1459 3437 1570 3508 τῆς
1611 3455 1678 3507 χε

1884 3452 1986 3506 bus
2014 3465 2072 3506 se
2095 3459 2361 3516 exerceat,
2389 3451 2492 3506 hoc
2523 3466 2761 3521 namque
2794 3460 2897 3517 est,
2925 3452 2980 3505 in
3005 3468 3166 3506 manu
3196 3455 3411 3511 dextera

142 3555 248 3624 ρὸς
277 3550 392 3619 τῆς
408 3545 613 3610 δεξιᾶς
640 3561 779 3614 μου,
812 3539 925 3608 ἐγὼ
947 3541 975 3592 ὁ
1009 3537 1143 3599 Θεὸς
1165 3534 1342 3601 εἰδὼς,
1372 3534 1456 3587 ὅτι
1487 3533 1580 3624 τδν
1605 3547 1673 3583 κα

1882 3557 1975 3604 tea,
2011 3554 2111 3610 ego
2142 3539 2308 3606 Deus,
2352 3543 2532 3597 sciens
2560 3542 2710 3595 illum
2767 3542 2836 3597 ad
2889 3552 3105 3612 tempus
3152 3544 3413 3602 dissimu-

152 3621 242 3717 ρὺν
269 3639 653 3710 ὑποκρίνεται,
671 3636 730 3687 οὐ
752 3634 1013 3702 φείσομαι
1036 3628 1224 3701 αὑτοῦ.
1241 3621 1683 3717 Ἀποσφράγισμ

1884 3649 1973 3699 σε,
2003 3649 2110 3688 non
2137 3647 2356 3702 paream
2390 3633 2486 3688 illi.
2522 3633 2929 3704 Obsignarulum
2986 3651 3117 3690 vero
3151 3639 3415 3693 annulum

147 3711 228 3801 δὲ,
289 3729 582 3788 δακτύλιον
628 3725 781 3796 φησί.
838 3721 1136 3777 Δακτύλιον
1183 3719 1241 3772 δὲ
1282 3720 1341 3772 ὲν
1382 3717 1526 3787 χειρὶ
1571 3715 1678 3766 Θεο

1886 3733 2034 3780 neat:
2068 3725 2305 3779 annulus
2363 3740 2496 3779 vero
2522 3727 2577 3780 in
2637 3742 2800 3780 manu
2831 3726 2948 3793 Dei,
2994 3728 3136 3796 actio
3191 3729 3331 3783 bona
3387 3745 3417 3784 a

150 3826 360 3898 πρᾶξις
384 3819 564 3891 ἀγαθὴ
594 3817 782 3872 κακῶν
818 3815 1110 3885 ἀμέτοχος.
1143 3811 1212 3864 Ἢ
1245 3809 1339 3863 καὶ
1368 3807 1556 3898 οὕτως·
1607 3805 1681 3858 ‘Ec’

1889 3817 1985 3871 talo
2011 3815 2287 3871 immunis.
2321 3817 2418 3871 Vel
2447 3817 2526 3872 sic
2551 3835 2564 3873 :
2594 3817 2648 3873 Si
2680 3818 2734 3872 in
2767 3820 2963 3874 caelum
2990 3820 3202 3892 fugiens
3228 3838 3420 3878 ascen-

153 3897 230 3979 είς
274 3915 372 3967 τὸν
424 3909 654 3984 οὐρανὸν
713 3904 891 3976 ἀναϐῇ
942 3902 1190 3972 φεύγων,
1240 3901 1378 3970 ὅπερ
1429 3897 1681 3967 ἁμήχανο

1890 3910 2004 3973 erit,
2035 3911 2178 3980 quod
2211 3910 2328 3966 ﬁeri
2358 3925 2469 3965 non
2489 3917 2691 3981 potest,
2723 3910 2850 3966 inde
2872 3911 3024 3966 illum
3055 3913 3297 3969 avellens
3317 3914 3421 3969 bo-

156 4006 372 4058 ὲκεῖθεν
435 3999 598 4055 αὑτὸν
665 3995 951 4059 ὲκσπάσας
1015 3991 1329 4063 παραδώσω
1385 3991 1499 4050 τοῖς
1573 3984 1687 4039 πολι

758 3995 951 4059 τπάσας
1015 3991 1329 4063 παραδώσω
1385 3991 1499 4050 τοῖς
1573 3984 1736 4039 πολε·
1843 4001 2017 4060 stibus
2058 4002 2289 4058 tradam.

203 4097 327 4149 ίοις.

162 4114 388 4256 Et???“
415 4185 510 4256 γῆ,
528 4183 762 4238 ἄκουσον
788 4199 807 4232 ι
828 4178 939 4251 Τὴν
959 4177 1062 4248 γῆν
1081 4172 1530 4248 μαρτύρεται,ὲφ’
1556 4171 1624 4243 ἢν
1645 4170 1693 4223 τὲ

1917 4176 1982 4235 ν.
2015 4179 2105 4234 29.
2138 4197 2156 4229 ι
2198 4177 2391 4242 Terra,
2417 4186 2584 4242 terra,
2616 4177 2761 4231 andi.
2793 4197 2810 4230 ι
2843 4176 3068 4232 Terram
3106 4171 3419 4236 invoeatte-

161 4282 374 4343 ἀδικίας
407 4280 661 4332 ἐποιεῖτο.

1849 4277 2008 4336 stem,
2039 4269 2094 4323 in
2129 4285 2233 4339 qua
2255 4269 2463 4323 scelera
2493 4268 2769 4338 patrabat.

744 4381 998 4436 ΚΕΦΑΛ.
1035 4377 1162 4432 Kl".

2458 4379 2609 4436 CAP.
2640 4379 2830 4436 XXIII.

237 4500 257 4534 ι
293 4483 407 4536 Καὶ
424 4479 684 4545 ὲξὼσατε.
721 4494 740 4528 ι
779 4476 879 4528 Ἐκ
929 4475 1026 4544 τῆς
1058 4467 1346 4532 θεοσεϐοῦς
1373 4464 1668 4528 πολιτείας.

1925 4474 1985 4531 ν.
2010 4482 2064 4528 ‘2.
2091 4490 2109 4524 ί
2140 4473 2244 4530 Vos
2269 4474 2579 4546 expulistis.
2615 4491 2634 4524 ›
2685 4471 2762 4527 Ex
2788 4488 2851 4528 ea
2889 4472 3012 4529 vitat
3048 4475 3279 4540 ratione,
3321 4491 3456 4552 qua,

1401 4575 1410 4583 '
1855 4569 2000 4624 Deus
2027 4567 2240 4623 colitur.

243 4674 263 4708 ‹
304 4652 414 4708 Kal.
441 4650 792 4721 καταστήσω.
837 4667 856 4700 ι
892 4647 988 4711 El;
1046 4645 1107 4699 τὸ
1153 4643 1318 4698 πάλιν
1355 4642 1425 4696 τὰ
1465 4640 1586 4694 θεῖα
1622 4637 1750 4710 δρέ-

1924 4659 1990 4712 ν.
2026 4661 2080 4714 5.
2112 4673 2132 4707 ι
2173 4659 2611 4714 Etconstituam.
2653 4676 2672 4709 ›
2712 4656 3002 4713 Utiterum
3031 4657 3213 4712 divina
3240 4659 3429 4714 decer-

170 4744 369 4798 πεσθαι
399 4742 666 4812 δόγματα.
1512 4821 1517 4822 7

1512 4821 1517 4822 γ
1856 4759 1988 4822 pant
2013 4751 2280 4818 dogmata.

245 4861 264 4889 ι
307 4835 420 4889 Καὶ
462 4834 774 4906 ἀναστήσω.
827 4849 847 4883 ›
893 4829 1032 4892 Τοὺς
1092 4825 1200 4880 τῶν
1249 4821 1562 4895 ἐκκλησιῶν
1617 4837 1754 4892 προ-

1859 4821 1866 4822 ,
1927 4842 1992 4896 γ.
2024 4841 2080 4894 4.
2121 4839 2229 4892 ιΕι
2249 4837 2544 4892 suscitabo.
2580 4855 2600 4888 ι
2635 4836 3006 4893 Ecelcsiarum
3039 4840 3323 4910 praesides.

171 4931 452 5075 ‘SPCOUISI’JBE
495 5016 920 5090 mquﬂcov-rat.
962 5029 982 5064 ι
1023 5007 1292 5078 ,Ἰουδαῖοί
1359 5003 1513 5059 οὐδὲν
1571 5004 1698 5075 ἔχου

1933 5032 1954 5067 t
2006 5013 2074 5070 Et
2101 5027 2215 5068 non
2241 5010 2614 5067 formidabunt
2641 5009 2802 5066 ultra.
2841 5030 2860 5064 ι
2918 5011 3065 5068 Nihil
3091 5015 3158 5070 ad
3198 5014 3316 5070 haec
3341 5031 3431 5073 Ie-

175 5111 313 5182 πρδς
369 5110 531 5165 τοῦτο
577 5109 794 5181 λέγειν..
831 5101 990 5159 Μετὰ
1025 5095 1274 5170 γὰρτὴν
1323 5095 1388 5148 ὲκ
1437 5094 1706 5148 Βαϐυλῶνι

1901 5104 2127 5176 pondere
2160 5111 2392 5174 possunt
2436 5101 2630 5158 Judaei.
2703 5102 2840 5159 Nam
2889 5117 3013 5176 post
3065 5120 3372 5178 regressum
3400 5124 3432 5163 e

176 5201 438 5255 δπάνοδον
487 5200 712 5262 τελείως
758 5197 861 5266 τῆς
912 5193 1016 5263 γῆς
1063 5187 1399 5262 μετανάσται
1445 5185 1707 5255 γεγόνασι

1901 5197 2131 5268 abylone
2161 5194 2387 5251 omnino
2419 5203 2563 5250 terra
2596 5194 2738 5266 pulsi
2776 5204 2925 5252 sunt.
2982 5196 3298 5254 Certissime
3332 5199 3432 5272 igi-

190 5291 514 5361 ’Δμφίϐολος
567 5283 988 5362 [ἀναμφίϐολος]
1056 5281 1152 5336 οὖν
1193 5279 1332 5352 αὕτη
1372 5280 1408 5348 ἡ
1453 5276 1720 5350 προφητεὶ

1688 5276 1759 5331 ita
1860 5299 1949 5347 tur
1978 5290 2083 5345 hoc
2103 5287 2417 5346 vaticinium
2435 5287 2503 5344 de
2536 5285 2758 5342 Christo
2787 5285 3012 5358 intelligi
3037 5285 3219 5344 debet.

178 5383 602 5456 περὶΧριστοῦ.
714 5402 717 5405 ·
805 5404 834 5414 ~~

255 5451 275 5531 ὲ
338 5451 472 5536 Ἰδοὺ
537 5477 745 5550 ἡμέραι
799 5451 1073 5546 ἔρχονται.
1109 5490 1128 5523 ι
1194 5468 1300 5523 Τδν
1350 5465 1555 5538 Κύριον
1603 5463 1761 5536 ἡμῶν

1929 5467 1996 5522 V.
2028 5467 2080 5523 5.
2121 5487 2139 5520 t
2179 5468 2320 5524 Ecce
2358 5468 2476 5524 dies
2511 5467 2748 5524 venient.
2789 5486 2808 5520 ι
2854 5467 3149 5524 Dominum
3181 5479 3433 5528 nostrum

193 5574 398 5646 Ἰησοῦν
438 5572 711 5644 Χριστὸν,
745 5568 834 5620 τὸν
870 5565 978 5637 πρὸ
1008 5563 1221 5620 αἰώνων
1267 5563 1334 5614 ὲκ
1384 5559 1479 5620 τοῦ
1524 5557 1724 5629 Πατρὸς

1905 5574 2048 5614 esum
2075 5558 2374 5625 Christum,
2403 5559 2494 5630 qui
2524 5573 2592 5614 ex
2647 5559 2807 5614 Patre
2836 5569 2919 5616 est
2945 5569 3072 5617 ante
3103 5563 3322 5629 saecula,
3381 5572 3436 5620 et

184 5666 288 5720 καὶ¹
311 5669 375 5721 ὲκ
407 5664 576 5719 eam
603 5660 750 5716 κατὰ
781 5647 978 5728 σάρκα.

1863 5665 1928 5706 ex
1953 5650 2120 5706 David
2148 5651 2448 5707 secundum
2479 5664 2700 5706 carnem
2724 5658 2886 5708 natus
2910 5661 3013 5726 est.

263 5774 286 5811 ι
328 5757 416 5812 Ἐν
439 5758 558 5820 ταῖς
587 5751 896 5822 ἡμέραις...
943 5743 1300 5812 σωθήσεται.»
1322 5738 1546 5804 Ἰούδας,
1570 5737 1598 5790 ὁ
1622 5737 1764 5792 κατά

1934 5737 2000 5792 V.
2031 5738 2117 5796 6.t
2143 5741 2205 5797 ln
2234 5739 2430 5797 diebus
2455 5737 2645 5810 ejus...
2673 5751 2728 5796 et
2755 5741 3066 5798 salvabitur.
3091 5759 3108 5793 ›
3142 5741 3433 5811 Judas,qu‘
