3876 6304
481 280 586 344 675

1555 276 2077 340 OLYMPIODORI
2119 276 2419 337 ALEXAN
2428 276 2646 337 DRINI

3665 273 3771 336 676

481 391 539 443 in
562 387 868 442 abscondito
891 384 1109 439 ludam:
1143 384 1223 450 ης
1264 383 1354 455 qui
1388 383 1440 439 in
1475 385 1669 455 spiritu
1715 386 1909 456 recipit
1954 386 2058 441 eir-

2189 386 2223 438 r6
2260 385 2504 457 κρυπτὸν
2544 383 2797 447 Ἰουδαῖος
2819 400 2832 413 ·
2870 384 2898 436 6
2929 382 3031 455 τὴν
3059 382 3117 434 ἐν
3144 381 3419 454 πνεύματι
3457 383 3775 467 λαμϐάνων

482 477 897 534 cumcisionem.
929 474 1096 529 Israel
1122 475 1439 544 spiritualis,
1464 476 1558 544 qui
1613 492 1710 546 per
1774 476 2058 531 Christum

482 575 723 625 mentem
747 566 977 635 adeptus
1006 574 1108 625 est.
1133 580 1237 634 qua
1270 563 1411 618 Deus
1437 566 1669 620 videtur.

559 674 578 707 ι
611 653 865 710 Josedec.
904 672 923 704 ι
983 652 1215 708 Josedec
1259 654 1667 723 interpretatur,
1727 654 1827 708 Joa
1859 654 2056 724 justus,

482 751 590 806 hoc
616 756 699 803 est
722 746 935 817 justitia
975 732 1195 810 nostra;
1228 746 1312 800 vel
1335 746 1456 810 Jao,
1485 746 1575 815 qui
1605 757 1709 810 est,
1752 755 1808 801 et
1845 746 2062 800 futurus

484 854 588 911 est,
608 842 855 907 Josedee,
887 850 938 896 et
965 850 1187 912 propter
1209 841 1457 896 eamdem
1483 841 1903 912 appellationem
1930 841 2059 894 Jcsu

485 934 577 988 ﬁlii
607 933 856 998 Josedec,
884 933 976 1002 qui
1010 934 1119 986 dux
1148 933 1249 987 fuit
1277 932 1511 986 filiorum
1563 932 1750 997 ls'ael,
1778 947 1806 985 e
1830 930 2061 1000 captivi-

484 1033 592 1080 tate
626 1026 993 1080 redeuntium.
1046 1022 1201 1093 Sscpe
1229 1024 1371 1078 enim
1409 1023 1685 1093 Scriptura
1717 1032 1772 1077 et
1797 1038 1861 1077 ex
1884 1022 2062 1077 nomi-

484 1117 648 1172 nibus
677 1118 886 1188 judicat
914 1133 1021 1181 res,
1060 1126 1117 1171 ut
1146 1116 1329 1170 videre
1369 1124 1451 1170 est
1479 1117 1529 1169 in
1570 1114 1947 1179 Melrhisedec,
1971 1113 2059 1182 qui

486 1227 580 1265 rex
609 1211 756 1280 pacis
781 1210 1194 1279 interpretatur.
1228 1208 1374 1261 Inter
1408 1208 1707 1275 prop/ictas,
1755 1205 1971 1274 quando
2010 1213 2065 1259 et

486 1303 774 1374 prophetae
812 1300 1237 1371 appellationem
1278 1315 1386 1352 non
1430 1298 1753 1369 dedignatus
1786 1305 1887 1357 est.
1924 1297 2066 1351 sicut

487 1394 663 1449 factus
691 1402 774 1447 est
810 1393 974 1447 homo
998 1391 1168 1445 Filius
1200 1390 1314 1455 Dei,
1344 1390 1735 1459 prophetarum
1780 1388 2061 1452 Dominus,

483 1486 638 1556 juxta
669 1485 866 1555 Moysis
902 1483 1221 1537 vaticinium
1251 1483 1485 1537 dicentis
1517 1500 1530 1535 :
1559 1481 1880 1549 Prophetam
1923 1483 2063 1536 vobis

488 1575 766 1629 suscitabit
829 1573 1088 1628 Dominus
1120 1573 1260 1627 Deus
1306 1583 1476 1626 vester
1505 1587 1569 1625 ea:
1595 1573 1851 1642 fratribus
1881 1574 2064 1626 vestris

489 1668 621 1722 sicut
650 1681 754 1730 me;
786 1666 838 1718 in
866 1663 1108 1718 omnibus
1139 1665 1311 1734 ipsum
1335 1663 1563 1717 audietis
1586 1662 1648 1718 ¹⁶.

560 1855 711 1913 V.-9.
756 1876 773 1909 ι
807 1855 1113 1915 Coutritum
1140 1863 1223 1909 est
1246 1870 1340 1909 cor
1392 1869 1597 1909 meum.
1632 1872 1651 1905 ι
1674 1852 1917 1925 Expavit
1943 1870 2069 1925 pro-

491 1946 735 2017 phetain
770 1944 1283 2017 amigmaterristi
1352 1945 1669 2016 mysterium
1728 1946 2068 2016 contempla-

494 2046 601 2091 lllS.

566 2123 631 2179 ν.
661 2125 745 2180 10.
778 2142 796 2176 ι
828 2123 964 2190 Quia
1013 2139 1043 2178 a
1084 2123 1244 2180 facie.
1276 2141 1295 2175 ι
1352 2125 1958 2196 Pseudopropbetarum
2015 2136 2069 2181 et

491 2218 1104 2288 pscudomagistrorum.

572 2328 592 2361 ι
625 2308 873 2363 Arefacta
897 2318 1045 2364 sunt.
1086 2326 1104 2359 ›
1130 2307 1525 2377 lnstitutiones,
1556 2309 1757 2377 quibus
1785 2310 2066 2366 rationalia

491 2400 812 2456 nutriuntur
846 2399 1028 2453 ovilia.

568 2512 586 2544 ι
623 2492 687 2546 Et
715 2490 1038 2545 fortitudine
1068 2504 1275 2545 eorum.
1294 2510 1311 2542 ι
1347 2491 1465 2547 Non
1493 2501 1722 2558 tantum,
1754 2494 1949 2563 inquit,
1971 2508 2065 2547 va-

493 2584 714 2640 luerunt
747 2591 1009 2655 quantum
1064 2582 1746 2641 deliberarunt.\iolebant
1799 2586 1968 2649 enim,
2021 2584 2063 2640 si

494 2674 819 2745 potuissent,
862 2684 919 2729 et
944 2675 1136 2745 pejora
1163 2671 1361 2726 facere.

570 2762 631 2816 V.
670 2764 756 2817 11.
790 2784 807 2816 ι
848 2765 916 2818 Ει
945 2766 1003 2819 in
1034 2766 1196 2821 domo
1241 2778 1382 2817 mea.
1422 2783 1441 2815 ι
1472 2764 1604 2819 Nam
1640 2765 1692 2820 in
1724 2764 1818 2820 Dei
1866 2766 2067 2837 templo

496 2854 635 2911 idola
662 2854 1077 2923 collocaveram,
1114 2858 1273 2912 sicuti
1297 2862 1350 2914 et
1379 2854 1626 2911 Ezechiel
1652 2857 1860 2914 viderat
1893 2858 1956 2911 ιτ.

564 2941 631 2997 γ.
666 2945 751 2998 12.
793 2961 810 2994 ι
838 2942 1045 2999 Idcirco
1082 2946 1168 3000 via
1204 2946 1418 3002 illorum
1469 2945 1581 3000 ﬁat.
1620 2965 1640 2998 ι
1671 2946 1900 3014 Quando
1944 2961 2066 3003 sese

2162 477 2494 549 περιτομὴν,
2552 475 2771 547 Ἰσραὴλ
2808 479 2837 530 ό
2878 475 3287 547 πνευματικὸς,
3321 477 3351 529 ό
3377 476 3473 530 διὰ
3521 476 3772 548 Χριστὸν

2160 568 2286 623 νοῦν
2315 570 2663 638 κτησάμενος
2683 568 2897 638 ὁρῶντα
2925 567 3081 621 Θεόν.

2238 676 2257 710 ι
2291 658 2558 712 Ἰωσεδέκ.
2591 676 2610 709 ι
2650 658 2899 711 Ἰωσεδὲκ
2930 656 3320 730 ἑρμηνεύεται,
3351 657 3480 712 Ἰωὰ
3501 657 3771 727 δίκαιος,

2159 750 2407 803 τουτέστι
2433 747 2751 820 δικαιοσύνη
2783 748 2964 819 ήμῶνο
2999 748 3207 820 ἢἸωὰ,
3238 748 3314 803 ὢν
3344 750 3444 802 καὶ
3470 751 3768 820 ἐσόμενος,

2176 841 2421 907 Ἰωσεδὲκ
2444 860 2458 874 ·
2492 843 2586 895 καὶ
2627 841 2715 895 διὰ
2744 842 2843 913 τὴν
2877 842 3200 912 ὁμωνυμίαν
3250 840 3371 895 υἱοῦ
3427 841 3529 895 τοῦ
3581 843 3769 897 Ἰωσε-

2160 933 2277 999 δὲκ,
2303 934 2395 988 τοῦ
2430 935 2790 1005 ἡγησαμένου
2815 935 2922 987 τῶν
2946 933 3078 986 υἱῶν
3106 933 3328 1006 Ἰσραὴλ
3356 935 3469 987 ἀπὸ
3502 936 3615 1004 τῆς
3650 940 3776 1006 αἱχο

2167 1026 2468 1096 μαλωσίας.
2516 1026 2786 1090 Πολλάκις
2818 1026 2927 1097 γὰρ
2963 1026 2996 1096 ή
3035 1025 3230 1096 Γραφὴ
3269 1028 3365 1079 καὶ
3409 1027 3523 1080 ἀπὸ
3559 1029 3775 1098 ὀνομὼ

2162 1133 2273 1169 των
2317 1117 2384 1170 τὰ
2415 1117 2719 1189 πράγματα
2762 1116 2975 1187 κρίνει·
3007 1114 3083 1179 ὡς
3122 1115 3219 1169 ἐπὶ
3261 1112 3356 1169 τοῦ
3390 1116 3767 1186 Μελχισεδὲκ,

2163 1209 2221 1272 ὃς
2256 1208 2625 1279 ἑρμηνεύεται
2661 1207 2969 1273 βασιλεὺς
3013 1206 3278 1276 είρήνης.
3321 1208 3419 1261 Ἑν
3456 1209 3595 1276 τοῖς
3624 1223 3772 1278 προ-

2164 1297 2382 1368 φήταις
2406 1298 2593 1369 ἐπειδὴ
2621 1298 2715 1352 καὶ
2741 1297 3031 1371 προφήτης
3057 1296 3262 1367 ἠξίωσε
3288 1297 3593 1369 κληθῆναι,
3631 1301 3770 1353 καθὸ

2165 1394 2392 1463 γέγονεν
2427 1393 2739 1460 ἄνθρωπος,
2769 1395 2798 1447 6
2838 1390 2935 1445 τοῦ
2964 1391 3100 1444 Θεοῦ
3144 1392 3294 1456 Υίὸς,
3329 1394 3359 1446 ὁ
3390 1394 3506 1446 τῶν
3543 1410 3771 1464 προφή-

2165 1484 2273 1539 τῶν
2321 1485 2601 1556 Δεσπότης
2624 1526 2659 1550 ,,
2690 1482 2832 1537 κατά
2863 1482 2957 1536 τὸν
2987 1482 3078 1536 διὰ
3108 1483 3354 1546 Μωσέως
3384 1485 3652 1554 χρησμὸν
3679 1484 3771 1537 λέ-

2165 1558 2378 1646 γονταξ
2450 1575 2778 1645 Προφήτην
2850 1573 2994 1645 ὑμῖν
3056 1573 3412 1642 ἁναστήσεν
3453 1576 3685 1644 Κύριος
3733 1580 3773 1630 ὀ

2169 1670 2316 1736 Θεὸς
2348 1668 2518 1738 ὑμῶν
2553 1669 2633 1734 ὡς
2682 1667 2787 1737 ἐμέ
2814 1683 2829 1699 ο
2878 1666 3034 1724 κατὰ
3079 1668 3280 1722 πάντα
3327 1666 3523 1721 αὑτοῦ
3579 1668 3770 1721 dasti-

2168 1765 2376 1817 σεσθε.

2247 1872 2266 1905 ι
2313 1852 2613 1925 Συνετρίδη
2642 1854 2676 1923 ή
2708 1851 2907 1925 καρδία
2939 1868 3065 1923 μου.
3106 1869 3127 1903 ι
3148 1850 3421 1922 Ἐπτοήθη
3468 1852 3502 1904 6
3547 1852 3768 1923 προφή-

2168 1962 2291 2015 της,
2318 1946 2375 1997 ἐν
2400 1944 2683 2015 αἰνίγματι
2711 1943 2773 1997 τὸ
2792 1943 2934 1998 κατά
2966 1943 3203 2015 Χριστὸν
3226 1943 3518 2016 θεωρήσας
3555 1946 3764 2015 μυστήο

2170 2052 2305 2107 ριον.

2245 2144 2264 2178 ι
2303 2126 2427 2179 Ὀτι
2464 2125 2573 2179 ἀπὸ
2602 2125 2924 2197 προσώπου.
2966 2145 2986 2179 ›
3015 2126 3140 2181 Τῶν
3160 2125 3641 2199 ψευδοπροφητῶν
3667 2129 3760 2181 καὶ

2167 2217 2693 2287 ψευδοδιδασκάλων.
3172 2244 3176 2255 ι

2246 2328 2265 2362 ι
2319 2310 2755 2382 Ἐξηράνθησαν.
2793 2328 2812 2362 ι
2854 2310 2921 2365 Δί
2955 2308 3318 2376 διδασκαλίαι,
3350 2309 3421 2363 δι’
3460 2302 3546 2364 ὧν
3580 2310 3761 2364 talo-

2168 2401 2301 2471 γικὰ
2331 2402 2625 2473 τρέφονται
2654 2401 2903 2473 ποίμνια.

2247 2512 2266 2546 ι
2307 2494 2418 2547 Kal.
2473 2494 2508 2563 ή
2562 2495 2712 2564 ἰσχὺς
2778 2493 2978 2548 αὐτῶν.
3019 2511 3039 2546 ι
3085 2492 3162 2546 Οὐ
3220 2491 3517 2559 τοσοῦτον,
3569 2494 3756 2563 φησὶν,

2168 2584 2397 2654 ἰσχυσαν
2416 2623 2432 2647 ,
2469 2584 2592 2637 ὅσον
2624 2584 2721 2637 καὶ
2757 2582 3168 2637 ἐϐουλεύσαντο.
3217 2582 3539 2637 Ἐδούλοντο
3566 2584 3679 2654 γὰρ
3708 2586 3757 2637 εξ

2164 2674 2429 2745 ἠδύναντο
2461 2676 2556 2729 καὶ
2590 2675 2809 2747 χείρονα
2840 2677 3038 2730 ποιεῖν.

2244 2785 2263 2819 ι
2306 2768 2415 2821 Καὶ
2448 2767 2506 2819 ἐν
2545 2766 2625 2836 τῷ
2651 2766 2788 2837 οτκῳ
2826 2782 2950 2836 μου.
3003 2784 3024 2818 ι
3068 2766 3159 2819 Ἐν
3206 2768 3318 2835 γάρ
3361 2763 3442 2835 τῷ
3473 2764 3613 2837 θείῳ
3642 2765 3757 2834 ναξ)

2165 2858 2360 2913 εἴδωλα
2386 2857 2673 2922 ἀπέθεντο,
2705 2857 2781 2920 ὡς
2810 2857 2908 2910 καὶ
2950 2856 3215 2928 Ἰεζεκιὴλ
3251 2852 3592 2927 ἐθεώρησεν.

2244 2969 2263 3003 ι
2307 2952 2409 3004 Διὰ
2440 2948 2601 3002 τοῦτο
2644 2947 2890 3017 γενέσθω
2940 2951 2974 3018 ή
3021 2948 3139 3012 όδὸς
3202 2948 3407 3002 αὐτῶν.
3464 2967 3485 3001 ι
3533 2948 3759 3019 Ἐπειδὴ

494 3045 647 3093 extra
678 3037 855 3091 lucem
905 3044 1237 3106 statuerunt,
1290 3040 1345 3094 in
1410 3038 1649 3097 tenebris
1705 3040 1936 3098 ibuntet
1971 3056 2058 3098 ca-

2189 3041 2261 3096 ποῦ
2292 3040 2473 3111 φωτὸς
2506 3039 2612 3104 ἔξω
2671 3039 2898 3102 ἑαυτοὺς
2927 3038 3295 3108 κατέστησαν,
3327 3039 3386 3093 ὲν
3420 3039 3619 3110 σκοτίᾳ
3664 3041 3759 3091 καὶ

492 3129 680 3199 ligine.

564 3215 631 3271 ν.
662 3216 748 3272 16.
769 3236 786 3269 ‹
805 3216 943 3283 Quia
976 3231 1167 3272 vanam
1193 3216 1403 3272 faciunt
1428 3218 1583 3274 vobis
1608 3221 2065 3277 visionem.)lna-

494 3322 591 3362 nes
607 3317 658 3362 et
681 3308 1043 3364 daemoniacas
1060 3310 1300 3365 visiones
1314 3318 1566 3381 tanquam
1585 3326 1741 3367 veras
1755 3313 2061 3383 proferunt.

564 3397 628 3453 V.
658 3398 736 3452 i8.
778 3419 794 3450 ι
824 3399 1089 3465 Quoniam
1115 3400 1237 3470 quis
1267 3401 1416 3455 stetit
1440 3401 1493 3455 in
1513 3403 1857 3477 substantia?
1885 3422 1906 3458 ι
1941 3405 2065 3460 Non

492 3497 722 3551 tantum,
751 3491 848 3556 ait,
872 3489 1000 3545 falsa
1029 3492 1446 3561 prophetabant,
1470 3493 1564 3547 sed
1589 3502 1646 3549 et
1666 3495 1810 3549 veris
1827 3498 2064 3566 prophe-

493 3575 562 3630 tis
592 3575 837 3631 falsitatis
866 3587 1051 3633 notam
1109 3578 1390 3633 inurentes
1442 3580 1734 3637 dicebant:
1788 3584 2063 3640 Mentiun-

494 3673 598 3719 tur.
628 3664 760 3731 Quis
784 3667 932 3721 enim
965 3668 1195 3724 accessit
1216 3669 1284 3724 ad
1312 3670 1506 3740 Deum,
1531 3682 1591 3728 ut
1631 3688 1916 3732 sermones
1940 3679 2061 3749 ejus

491 3757 743 3812 audiret?

560 3848 624 3902 γ.
654 3849 740 3905 19.
785 3866 804 3901 ι
834 3850 901 3904 Ει
922 3850 1098 3906 donec
1136 3854 1385 3910 statuerit
1413 3855 1546 3911 illud
1562 3857 1632 3911 ab
1658 3859 2055 3930 aggressione.»

492 3932 695 4001 Donec,
722 3936 816 4003 ait,
849 3939 991 4007 quod
1020 3955 1303 4012 aggressus
1338 3954 1419 4000 est
1452 3947 1740 4002 consilium
1770 3948 1934 4017 Deus,
1961 3951 2063 4007 hoc

492 4031 594 4086 est,
621 4026 763 4094 quod
788 4027 959 4083 voluit
985 4045 1043 4084 re
1061 4030 1173 4100 ipsa
1192 4045 1433 4102 praestet.

562 4114 626 4170 ν.
660 4116 751 4171 22.
789 4135 808 4168 ι
846 4119 1003 4186 Quod
1035 4124 1081 4175 si
1140 4127 1493 4181 stetissentin
1522 4130 1827 4188 substantia
1859 4149 1997 4189 mea.
2039 4153 2058 4185 ι

491 4205 595 4262 Pro
618 4224 685 4263 eo
716 4211 860 4279 quod
898 4221 984 4266 est
1012 4229 1025 4263 :
1059 4213 1113 4267 Si
1138 4217 1597 4286 propinquassent
1621 4223 1774 4276 mihi.
1809 4223 1905 4280 Vel
1932 4227 2015 4281 sic
2047 4245 2061 4281 :

494 4298 550 4353 Si
581 4316 694 4354 rem
730 4303 1073 4370 prophetissa
1110 4320 1196 4359 me
1214 4308 1572 4377 accepissent,
1594 4312 1696 4367 hoc
1724 4323 1827 4380 est,
1845 4316 1889 4369 si
1918 4332 1949 4370 a
1975 4333 2061 4373 me

2166 3136 2348 3207 γνόφῳ
2380 3132 2721 3203 πορεύονται.

2240 3244 2260 3277 ι
2299 3222 2423 3279 Ὀτι
2450 3222 2770 3293 ματαιοῦσιν
2815 3221 3010 3278 ἐαυτοῦ
3045 3222 3273 3294 δρασιν;
3304 3241 3323 3275 ι
3364 3222 3480 3287 Τάς
3512 3222 3756 3296 ματαίας

2165 3321 2263 3375 καὶ
2292 3318 2617 3390 δαιμονικάς
2637 3317 2859 3389 δράσεις
2883 3317 2959 3380 ὡς
2988 3315 3211 3385 ἀληθεῖς
3241 3315 3644 3387 προσφέρουσι.

2240 3431 2259 3463 ι
2295 3412 2417 3464 Ὀτι
2437 3410 2518 3472 τίς
2543 3408 2697 3462 ἔσται
2720 3412 2778 3462 ἐν
2798 3407 3180 3477 ὑποστήματι;
3219 3425 3238 3457 ι
3274 3407 3350 3461 οὐ
3375 3407 3569 3477 μόνον,
3594 3406 3751 3477 φησὶ,

2162 3501 2338 3572 ψευδῆ
2391 3502 2790 3573 προεφήτευον,
2848 3498 2988 3553 ἀλλά
3043 3499 3137 3554 καὶ
3187 3497 3579 3561 διαϐάλλοντες
3626 3499 3753 3561 τοὺς

2161 3593 2386 3664 ἀληθεῖς
2442 3593 2777 3664 προφήτας,
2829 3591 3052 3659 ἔλεγον
3103 3589 3432 3643 Ψεύδονται.
3490 3587 3595 3651 Τίς
3640 3588 3752 3658 γὰρ

2163 3684 2466 3755 ἐπλησίασε
2499 3683 2577 3755 τῷ
2601 3682 2754 3754 Θεῷ,
2793 3683 2882 3737 ἵνα
2922 3681 3018 3737 καὶ
3048 3680 3263 3752 ἀκούσῃ
3293 3679 3403 3734 τῶν
3444 3679 3624 3748 λόγων
3652 3680 3749 3733 a6-

2163 3791 2258 3829 του
2274 3793 2288 3843 ;

2239 3885 2259 3919 ι
2299 3867 2411 3921 Καὶ
2460 3866 2565 3930 ἕως
2605 3866 2673 3921 ἀν
2703 3866 2877 3937 στήσῃ
2907 3864 3039 3919 αὐτὸ
3084 3863 3194 3917 ἀπὸ
3248 3865 3684 3935 ἐγχειρήματος.
3721 3884 3740 3917 ι

2169 3958 2316 4020 Ἕως
2340 3957 2427 4022 ἂν,
2472 3956 2662 4028 φησὶν,
2696 3955 2725 4008 6
2750 3954 3170 4025 προεχειρίσατο
3210 3953 3493 4024 βούλευμα
3522 3957 3555 4008 6
3595 3956 3745 4022 Θεὸς,

2165 4042 2465 4110 τουτέστιν,
2500 4047 2527 4099 ὃ
2552 4045 2838 4115 ἠθέλησεν,
2875 4045 2956 4107 είς
2987 4043 3149 4115 ἔργον
3175 4044 3380 4117 ἀγάγῃ.

2239 4156 2258 4190 ι
2295 4138 2407 4192 Καὶ
2446 4136 2496 4188 εί
2540 4134 2776 4205 ἔστησαν
2824 4137 2882 4189 ὲν
2925 4136 2991 4206 τῇ
3029 4134 3329 4189 ὑποστάσει
3363 4151 3491 4205 μου.
3532 4153 3555 4187 s
3609 4136 3743 4189 ’Δντὶ

2163 4228 2280 4293 τοῦ,
2311 4226 2375 4280 Εί
2397 4226 2735 4299 ἐπλησίασαν
2759 4243 2851 4297 μοι
2881 4227 2955 4298 ’ἢ
2986 4225 3160 4289 οὕτως
3179 4241 3194 4256 ⁶
3226 4227 3291 4279 Εἰ
3314 4226 3415 4297 τὴν
3449 4228 3741 4283 ὑπόστασιν

2164 4319 2263 4389 τῆς
2294 4317 2631 4389 προφητείας
2658 4318 2788 4389 παρ’
2817 4318 2955 4390 ἐμοῦ
2993 4319 3175 4390 ἔσχον,
3203 4319 3481 4386 τουτέστι,
3522 4323 3576 4373 εί
3620 4321 3737 4391 παρ’

491 4387 720 4442 fuissent
743 4390 943 4454 edocti,
962 4393 1147 4461 utique
1180 4395 1438 4464 pupulum
1467 4413 1645 4454 meum
1676 4404 1999 4462 avertissent
2029 4424 2058 4462 a

2197 4387 2299 4482 μοῦ
2330 4387 2475 4482 ἦσαν
2508 4387 2880 4480 σοφισθέντες,
2899 4411 2992 4465 τὸν
3019 4387 3149 4465 λαόν
3178 4428 3279 4481 μου
3308 4412 3663 4484 ἀπέστρεφον

491 4479 676 4548 pravis
695 4492 884 4533 eorum
922 4482 1137 4539 studiis.

568 4567 630 4622 ν.
657 4569 746 4623 28.
778 4590 796 4622 ι
826 4570 1100 4642 Propheta
1130 4576 1183 4630 in
1206 4592 1315 4648 quo
1341 4582 1614 4639 somnium
1641 4595 1745 4642 est.
1784 4607 1804 4641 ι
1838 4588 1974 4646 Cum
2003 4604 2060 4649 et

490 4656 668 4758 abeo
690 4663 1017 4734 quandoque
1047 4665 1157 4722 sint
1211 4672 1443 4740 somnia,
1509 4675 1767 4735 indicium
1817 4683 2059 4755 assignat

488 4748 732 4803 inanium
762 4766 1126 4824 verorumque
1171 4759 1510 4818 somniorum
1557 4766 1673 4836 ipse
1704 4748 2055 4829 exitusfiam

487 4852 608 4909 quae
635 4853 667 4893 a
694 4839 805 4897 Deo
838 4852 968 4899 sunt
1005 4844 1302 4917 insomnia,
1336 4867 1463 4907 vera
1493 4858 1716 4913 omnino
1736 4870 1882 4916 sunt.
1924 4860 2058 4927 Quae

487 4945 632 5024 vero
656 4946 687 4986 a
713 4933 1076 5003 daemonibus,
1103 4954 1213 4994 non
1246 4942 1406 5011 plane
1426 4961 1441 5010 ;
1461 4952 1707 5019 utrisque
1739 4952 1900 5022 igitur
1927 4968 2058 5024 pro-

487 5020 666 5089 phetis
688 5024 938 5094 congruit
961 5024 1049 5079 hic
1078 5040 1279 5094 sermo,
1308 5030 1452 5085 veris
1482 5042 1538 5087 et
1566 5034 1735 5093 falsis.

564 5216 586 5252 ς
624 5199 767 5266 Quid
792 5201 948 5271 palea
969 5201 1038 5257 ad
1089 5202 1408 5261 triticum?»
1438 5207 1617 5279 Palea,
1660 5213 1798 5286 ignis
1828 5217 2059 5275 alimen-

489 5298 630 5357 tum,
684 5301 769 5346 est
845 5295 1450 5368 pseudoprophetarum
1550 5319 1760 5373 sermo;
1818 5310 2055 5368 triticum

486 5396 617 5437 vero
645 5382 850 5437 homini
878 5385 1098 5441 vitalem
1136 5388 1363 5459 largitur
1428 5394 1559 5455 vim.
1609 5411 1791 5451 sermo
1846 5404 2055 5459 veracis

484 5469 804 5614 proplietae;
831 5488 952 5545 quae
976 5478 1122 5532 enim
1158 5480 1493 5537 consociatio
1537 5487 1802 5542 mendacii
1836 5488 2054 5562 et‘veri-

485 5559 610 5614 tatis
1210 5562 1219 5565 ﬂ

485 5559 610 5615 tatis
626 5560 650 5614 τ
1210 5562 1219 5565 ”

2166 4502 2273 4556 ἀπὸ
2300 4502 2408 4556 τῶν
2434 4502 2690 4573 πονηρῶν
2724 4502 3171 4573 ἐπιτηδευμάτων
3198 4503 3401 4557 αὐτῶν.

2240 4613 2259 4646 ι
2283 4594 2340 4647 '0
2363 4594 2648 4667 προφήτης
2673 4595 2731 4648 ὲν
2754 4589 2798 4663 ᾧ
2819 4594 2880 4649 τὸ
2903 4594 3154 4649 ἐνύπνιόν
3178 4595 3318 4649 ἐστι.
3349 4614 3369 4649 ι
3390 4596 3617 4668 Ἐπειδή
3642 4599 3737 4651 εἰσι

2163 4683 2257 4736 καὶ
2278 4683 2343 4737 ὲκ
2365 4682 2499 4735 Θεοῦ
2532 4683 2781 4747 ἐνύπνια,
2805 4683 3004 4754 δεῖγμα
3031 4684 3193 4737 πάλιν
3217 4688 3454 4739 ποιεῖται
3472 4686 3587 4740 τῶν
3605 4685 3735 4756 ψευ-

2161 4771 2268 4825 δῶν
2303 4772 2400 4827 καὶ
2428 4771 2701 4843 ἀληθινῶν
2733 4775 3004 4828 ἐνυπνίων
3055 4773 3128 4828 τά
3183 4775 3634 4847 ἀποτελέσματα,
3660 4778 3736 4832 ὅτι

2159 4861 2231 4914 τὰ
2266 4862 2364 4932 μὲν
2389 4862 2454 4915 ἐκ
2479 4861 2619 4915 Θεοῦ
2658 4863 2904 4931 ἐνύπνια,
2940 4866 3162 4931 πάντως
3192 4866 3471 4939 ἀληθεύει,
3504 4870 3572 4923 τά
3595 4869 3656 4923 δὲ
3676 4872 3737 4923 ἐκ

2153 4951 2445 5023 δαιμόνων,
2485 4954 2545 5008 οὐ
2566 4955 2806 5020 πάντως.
2840 4957 2984 5029 Πρδς
3003 4959 3303 5032 ἑκατέρους
3328 4961 3423 5016 οῦν
3448 4963 3577 5024 τοὺς
3606 4978 3736 5034 προ-

2158 5042 2333 5114 φήτας
2365 5043 2598 5115 ἁρμόζει
2630 5047 2660 5100 6
2699 5046 2853 5118 λόγος
2878 5087 2895 5115 ,
2925 5048 3053 5114 τούς
3096 5067 3157 5107 τε
3193 5051 3443 5124 ἀληθεῖς,
3473 5054 3569 5107 καὶ
3600 5054 3735 5125 sku-

2154 5135 2281 5198 δεῖς.

2234 5242 2254 5278 ι
2293 5226 2358 5280 Τί
2381 5227 2441 5281 τδ
2467 5228 2673 5302 ἄχυρον
2704 5231 2842 5302 πρὸς
2878 5232 2969 5287 τὸν
3002 5235 3188 5303 σῖτον;
3237 5253 3259 5289 ι
3300 5237 3536 5308 Ἀχυρον
3554 5238 3731 5311 τροφὴ

2155 5317 2345 5389 πυρὸς,
2372 5319 2482 5373 τῶν
2510 5320 2978 5394 ψευδοπροφητῶν
2998 5325 3028 5378 6
3050 5325 3237 5395 λόγος·
3264 5329 3411 5392 σῖτος
3433 5329 3492 5383 δὲ
3515 5330 3729 5401 ἀνθρὼ-

2152 5425 2240 5479 πῳ
2270 5410 2509 5483 ζωτικὴν
2542 5412 2827 5486 χαρίζεται
2846 5414 3099 5488 δύναμιν,
3122 5418 3153 5471 ὁ
3176 5417 3333 5487 λόγος
3360 5418 3457 5473 τοῦ
3490 5419 3730 5490 ἀληθοῦς

2150 5502 2455 5573 προφήτου.
2494 5504 2631 5559 Ποία
2678 5505 2789 5576 γὰρ
2834 5508 3089 5564 κοινωνία
3119 5508 3199 5582 τῷ
3231 5510 3421 5582 ψεύδει
3457 5511 3596 5587 πρὸς
3626 5512 3731 5585 τὴν

2148 5589 2408 5661 ἀλήθειαν
2430 5609 2446 5660 ;

558 5673 600 5706 "
626 5674 782 5730 Rom.
811 5692 867 5744 ιι,
892 5676 984 5733 29.
1064 5681 1105 5714 ¹⁶
1127 5681 1282 5738 Deut.
1311 5700 1462 5752 xvm,
1494 5688 1577 5743 15.
1655 5691 1700 5724 ¹⁷
1726 5689 1921 5748 Ezech.
1948 5712 2064 5767 vm,
2092 5699 2180 5760 16.
