3876 6304
125 318 253 386 677
1280 322 1742 385 FRAGMENTA
1783 324 1867 387 IN
1899 325 2315 389 JEREMIAM.
3337 332 3442 400 €78

220 449 243 483 ι
292 430 421 485 οὐκ
461 428 573 484 ἰδοὺ
625 430 673 484 οἰ
712 429 884 501 λόγοι.
928 448 947 483 ι
1005 432 1317 502 Τουτέστιν,
1371 435 1614 507 ἐνεργεῖς
1654 437 1733 492 κα¹

1929 460 1948 493 ‹
1972 441 2164 498 Nonne
2193 455 2321 497 ecce
2341 441 2524 498 verba.
2560 458 2580 495 ο
2614 441 2821 514 Nempe
2846 444 3106 501 ardentes
3133 456 3188 500 et
3244 458 3444 515 palen-

123 522 411 580 δυνατοί.

1878 547 1955 589 es.
3118 594 3131 597 μ

215 635 241 670 ε
284 618 412 671 Καὶ
435 615 800 681 νυστάζοντας
838 619 1152 690 νυσταγμὸν
1186 620 1387 677 αὐτῶν.
1422 642 1442 675 ι
1464 622 1726 677 Τουτέστι

1921 621 1993 677 νξ
2023 622 2113 678 51.
2154 643 2173 676 ι
2208 624 2276 679 Ει
2335 625 2634 682 dormitant
2695 626 3137 684 dormitationem
3194 644 3369 685 suam.
3408 648 3428 683 ι

124 708 382 782 νήψεως
415 708 492 781 μὴ
528 708 872 780 μετέχοντες.
1493 784 1502 787 Α

1876 712 1967 768 Ioc
1994 721 2079 769 est
2114 728 2226 769 non
2256 715 2539 787 vigilantes
2569 716 2771 770 animo.

216 819 240 853 ι
286 799 369 854 Τί
393 799 455 852 τὸ
483 798 681 870 λῆμμα
710 799 942 871 Κυρίου.
979 816 999 850 ι
1034 798 1253 869 Λῆμμα
1297 799 1436 871 ὀργὴ
1468 784 1607 870 μετά
1651 799 1733 853 θυ-

1921 801 1988 858 ν.
2014 804 2103 858 53.
2142 822 2162 855 ι
2195 784 2331 870 Quae
2357 813 2437 859 cst
2468 805 2755 875 prophetia
2784 806 2840 860 in
2872 805 3095 861 nomine
3126 805 3380 863 Domini?
3410 828 3431 861 ι

131 891 278 965 μοῦ,
314 893 391 946 ἐκ
417 890 511 945 τοῦ
538 891 632 944 τὸν
668 890 1017 962 ἰσχυρότερον
1045 891 1280 946 λαϐόντα
1304 890 1397 944 τὸν
1428 891 1751 945 ἀσθενέστε-

129 1002 239 1058 ρον
279 983 768 1056 καταρρηγνύναι.
796 983 1059 1038 Καλεῖται
1090 982 1406 1055 δὲ,λῆμμα,
1436 985 1532 1037 καὶ
1557 983 1585 1036 δ
1613 1001 1752 1055 χρη-

132 1076 487 1150 ματισμός.

214 1188 239 1222 ε
262 1167 396 1223 Kal.
417 1165 695 1237 ἐκδικήσω
720 1167 815 1220 τὸν
844 1165 1133 1237 ἄνθρωπον
1161 1167 1389 1221 ἐκεῖνον.
1419 1186 1438 1220 ι
1459 1167 1605 1222 ’Δντὶ
1630 1165 1749 1235 τοῦ,

126 1256 598 1327 τιμωρήσομαι,
635 1258 838 1310 κεῖται.

215 1365 237 1399 ι
275 1348 404 1423 Kal.
462 1345 658 1417 λῆμμα
695 1345 926 1418 Κυρίου.
967 1365 988 1400 ›
1041 1346 1106 1401 Ἡ
1145 1346 1306 1420 ὀργὴ,
1343 1348 1499 1419 φησί,
1531 1346 1611 1419 τῷ
1655 1350 1751 1403 άν-

128 1437 363 1509 θρὼπῳ
399 1438 468 1492 ἐκ
504 1438 599 1492 τοῦ
641 1438 823 1492 αὐτῶν
859 1438 1127 1510 στόματος
1167 1441 1689 1506 κατασκευάζεται*
1722 1442 1751 1495 ό

127 1531 251 1602 γὰρ
276 1529 428 1594 Θεὸς
447 1529 719 1601 ἀόργητός
737 1532 909 1599 ἐστιν,
932 1532 1054 1585 ἐπεὶ
1078 1533 1174 1586 καὶ
1198 1534 1416 1606 ἀπαθής
1443 1550 1459 1565 ο
1484 1534 1574 1588 διὰ
1593 1533 1751 1587 τοῦτο

126 1623 370 1677 κελεύει
404 1662 422 1688 ,
483 1621 559 1694 μὴ
611 1621 869 1692 λέγεσθαι
927 1623 1137 1694 λῆμμα
1192 1625 1435 1695 Κυρίου.
1503 1626 1581 1680 Οὐ
1640 1626 1750 1698 γὰρ

127 1714 278 1777 Θεὸς
310 1712 629 1783 ὀργίζεται,
660 1713 777 1768 ἀλλ’
815 1714 1029 1779 ἑαυτοῖς
1070 1715 1170 1789 τὴν
1198 1717 1369 1790 ὀργὴν
1400 1720 1748 1773 κατασκευά-

128 1804 341 1875 ζομεν.
1781 1800 1822 1856 Β

1854 892 2073 947 Lemma
2138 894 2215 948 ira
2262 902 2345 949 est
2378 910 2502 949 cum
2526 894 2875 960 furore,cum
2906 897 3184 953 robustior
3210 908 3432 970 captum

1852 985 2269 1042 imbecilliorem
2310 987 2518 1043 allidit:
2547 1000 2776 1045 vocatur
2796 991 2927 1045 item
2954 989 3147 1045 lemma
3196 999 3251 1047 ct
3279 1007 3434 1063 qua:-

1852 1083 1988 1131 stus.

1929 1165 1993 1220 V.
2023 1167 2113 1223 59.
2154 1185 2173 1219 ι
2206 1168 2275 1222 Ει
2302 1169 2538 1224 ulciscar
2575 1168 2855 1225 hominem
2911 1170 3087 1227 illum.
3132 1192 3152 1226 ι
3182 1173 3286 1229 Pro
3336 1191 3436 1246 pu-

1853 1259 2000 1312 niam
2056 1260 2296 1329 positum
2320 1271 2422 1315 est.

1927 1368 1946 1401 ι
1982 1350 2048 1406 Et
2080 1352 2507 1421 assumptionem
2527 1353 2794 1408 Domini.»
2820 1353 2927 1421 Ira,
2948 1355 3044 1420 ait,
3066 1355 3272 1410 homini
3304 1372 3435 1427 pro-

1850 1442 1971 1512 prio
1996 1457 2090 1497 ore
2120 1452 2361 1514 paratur.
2399 1444 2545 1499 Deus
2575 1444 2780 1515 quippe
2824 1460 2934 1499 non
2994 1446 3273 1514 irascitur,
3305 1449 3431 1518 quia

1850 1548 1963 1587 non
1989 1534 2237 1604 subjacet
2273 1534 2598 1591 atl'ectibus:
2633 1536 2835 1591 idcirco
2868 1537 3123 1608 praecepit
3146 1551 3258 1596 non
3324 1539 3432 1595 dici

1855 1621 2047 1677 lemma
2080 1622 2313 1677 Domini.
2345 1623 2482 1679 Nam
2504 1626 2648 1681 Deus
2678 1641 2790 1680 non
2823 1627 3094 1693 irascitur,
3126 1635 3181 1682 at
3212 1627 3432 1698 nosipsi

1851 1707 1987 1762 iram
2017 1709 2178 1764 nobis
2204 1724 2606 1782 comparamus.

755 1917 1009 1972 ΚΕΦΑΛ.
1050 1918 1177 1975 KA'.

212 2043 238 2079 ι
280 2025 510 2092 Ἔδειξέ
542 2043 635 2097 μοι
672 2025 884 2101 Κύριος
910 2028 1003 2082 δύο
1025 2031 1319 2095 καλάθους.
1354 2054 1374 2087 ι
1409 2038 1750 2114 Οἰκειότερον

132 2117 234 2173 ἐπὶ
264 2119 378 2188 τῆς
402 2118 500 2173 τοῦ
528 2120 768 2189 Χριστοῦ
817 2120 1131 2193 ἐλευθερίας
1165 2122 1277 2196 [ton
1307 2127 1598 2204 ἐλεύσεως]
1627 2137 1752 2205 νοή-

134 2227 259 2275 σεις
292 2228 491 2266 τουτο.
1684 2280 1689 2289 ι

213 2322 235 2355 ι
280 2304 406 2357 Kal.
433 2303 640 2375 στηριῶ
659 2306 784 2370 τοὺς
808 2307 1175 2380 ὀφθαλμούς.»
1209 2312 1548 2383 Σημείωσαι.
1573 2317 1656 2372 ὅτι
1676 2320 1750 2373 -τὸ

132 2392 447 2464 στηρίζειν
466 2395 559 2447 τὸν
590 2394 721 2449 Θεὸν
750 2398 877 2461 τοὺς
913 2399 1249 2473 ὀφθαλμοὺς,
1285 2405 1381 2457 ἐπὶ
1417 2406 1750 2479 ἀμφοτέρων

136 2487 359 2550 κεῖται,
389 2484 603 2553 ἀγαθοῦ
630 2487 725 2545 καὶ
750 2488 922 2543 κοικοῦ
948 2506 962 2521 ·
999 2492 1094 2544 καί
1119 2494 1229 2563 γὰρ
1260 2495 1320 2547 ἐν
1344 2497 1459 2559 τοῖς
1484 2498 1749 2570 ἀνωτέρω

134 2575 273 2634 εἰπε
308 2593 326 2608 ο
355 2578 591 2646 Στηριῶ
613 2579 756 2646 τοὺς
784 2580 1130 2650 ὀφθαλμούς
1153 2602 1273 2654 μου
1291 2589 1379 2652 εἰς
1396 2587 1574 2647 κακά.

723 2714 983 2770 ΚΕΦΑΛ.
1050 2717 1180 2771 ΚΕ’.

218 2848 241 2883 ε
285 2829 386 2884 Ἐν
445 2827 886 2901 τρισκαιδεκάτῳ
956 2829 1065 2883 ἔτει
1117 2831 1316 2887 Ἰωσία.
1368 2854 1387 2888 ι
1438 2834 1625 2890 Εἴκοσι
1653 2838 1749 2892 καὶ

135 2922 272 2997 τρία
317 2922 454 2991 ἔτη,
514 2921 683 2991 φησὶ,
742 2921 1053 2986 σπουδαίως
1100 2925 1547 2999 διαμαρτύρομαι
1603 2930 1749 3002 ὑμᾶς

137 3013 464 3087 ἀπέχεσθαι
504 3011 604 3083 τῆς
640 3010 1115 3084 εἰδωλολατρείας,
1165 3018 1260 3070 καὶ
1294 3020 1394 3073 οὐκ
1433 3022 1705 3091 ἠκούσατε
1728 3041 1743 3056 .

138 3104 223 3159 διὸ
282 3101 614 3175 παραδώσω
672 3101 817 3171 ὑμᾶς
869 3102 987 3166 τοῖς
1029 3106 1324 3173 Χαλδαίοις
1371 3111 1744 3185 ἐϐδομήκοντα

142 3195 264 3268 Ξτη.

222 3288 374 3341 «Καὶ
396 3287 640 3358 ἐλάλησα
659 3290 796 3361 πρὸς
824 3293 970 3362 ὑμᾶς
994 3290 1285 3363 όρθρίζων.
1301 3312 1320 3344 ι
1351 3294 1424 3347 Τὸ
1446 3293 1742 3365 ὀρθρίζων,

143 3380 269 3435 ἀντὶ
292 3377 421 3448 τοῦ,
467 3379 610 3451 μετά
645 3383 885 3454 σπουδῆς
907 3399 921 3413 ·
953 3382 1030 3446 ὡς
1057 3383 1156 3454 ἤδη
1185 3382 1373 3437 λοιπὸν
1414 3384 1509 3438 τοῦ
1547 3386 1742 3457 χρόνου

142 3466 246 3540 τῆς
284 3468 468 3541 ὀργῆς
499 3468 915 3540 πλησιάζοντος.

221 3579 244 3613 ε
281 3559 544 3632 Πατριάν
576 3561 685 3614 ἀπὸ
719 3563 924 3635 Βοῤῥᾶ.
958 3582 978 3615 ι
1016 3564 1155 3627 Τοὺς
1182 3563 1577 3630 Βαϐυλωνίους.

224 3670 245 3704 ι
292 3652 514 3721 Ὀσμὴν
552 3650 750 3721 μύρου.
796 3671 815 3704 ι
856 3653 960 3706 Τὸν
992 3653 1199 3707 τέλειον
1230 3655 1329 3725 τῆς
1357 3656 1743 3731 λαμπρότητος

141 3741 361 3804 αὐτῶν,
407 3739 506 3794 καὶ
545 3742 725 3812 πάσης
776 3744 952 3815 χαρᾶς
977 3744 1070 3797 καὶ
1100 3744 1403 3816 εὐημερίας
1429 3748 1741 3821 ἀφανισμὸν

145 3831 456 3902 ἐδήλωσεν.

222 3940 243 3974 ι
277 3922 475 3986 Οὕτως
514 3917 635 3975 εἷπε
684 3923 961 3995 Κύριος...
999 3926 1130 3981 λάϐε
1173 3929 1234 3983 τὸ
1278 3933 1557 4003 ποτήριον.
1594 3952 1611 3985 ι
1666 3934 1740 3989 Τὸ

147 4015 420 4086 ποτήριον
443 4014 536 4068 ἐπὶ
567 4013 903 4085 ἐκδικήσεως
940 4020 1141 4074 κεῖται.

223 4123 243 4157 ι
283 4105 399 4159 Καὶ
423 4105 676 4160 ἐπότισα.
716 4124 734 4157 ι
756 4107 901 4161 Ἀντὶ
923 4107 1016 4162 τοῦ
1045 4109 1417 4185 πληροφορίαν
1447 4101 1736 4189 ἐδεξάμην,

149 4194 232 4249 δτι
257 4195 487 4260 πάντως
508 4195 663 4251 ἔσται
685 4199 870 4263 αὐτοῖς
893 4201 926 4270 ἡ
955 4202 1218 4273 τιμωρία.

226 4305 244 4339 ι
283 4289 397 4341 Καὶ
428 4290 611 4343 πάντα
640 4294 1120 4363 πιρικεκαρμένον
1151 4293 1293 4349 κατὰ
1323 4296 1617 4367 πρόσωπον
1638 4299 1736 4352 αὑ-

149 4376 265 4431 τοῦ.
306 4399 326 4431 ι
368 4380 657 4448 Τουτέστι,
692 4384 818 4447 τοὺς
852 4386 1137 4456 μόρφωσιν
1163 4386 1447 4453 εὐσεϐείας
1488 4388 1733 4461 ἔχοντας,

147 4472 261 4535 τοῖς
288 4474 347 4527 δέ
374 4474 599 4540 οἰκείοις
628 4476 895 4548 θελήμασι
921 4479 1342 4549 πορευομένους.

226 4578 247 4614 ι
285 4565 400 4621 Καὶ
435 4567 646 4633 πάντας
674 4570 802 4634 τοὺς
834 4571 1198 4641 συμμίκτους.
1238 4592 1257 4625 ι
1290 4573 1444 4628 Μετά
1464 4574 1563 4647 τὴν
1591 4578 1734 4631 ιστο-

151 4649 299 4722 ρίαν,
323 4658 453 4722 τοὺς
495 4658 572 4729 μὴ
605 4660 838 4725 οἰκείους
859 4661 957 4734 τῆς
985 4662 1223 4729 πίστεως
1247 4665 1374 4721 νόει.

227 4848 247 4883 ι
293 4833 408 4886 Καὶ
434 4834 605 4902 ἔσται,
632 4836 759 4893 ὅταν
792 4838 868 4911 μὴ
899 4838 1196 4909 βούλωνται
1222 4841 1553 4907 δέξασθαιτὸ
1571 4846 1733 4919 ποτή-

156 4936 296 4990 ριον.
332 4942 353 4976 ι
396 4924 618 4999 Ἐπειδή
654 4928 761 4983 εἰσί
787 4947 933 4995 τινες
967 4930 1043 5003 μὴ
1081 4932 1420 5003 εὐχαρίστως
1450 4932 1728 5007 δεχόμενοι

155 5007 253 5079 τὴν
286 5009 432 5068 θείαν
457 5017 727 5072 παιδείαν.
1680 5052 1686 5057 -

232 5113 255 5146 ι
286 5099 411 5155 Ὀτι
438 5106 495 5159 ἐν
523 5106 693 5161 πόλει.
726 5127 746 5161 ι
779 5107 893 5179 Τὴν
931 5108 1105 5175 πόλιν,
1126 5096 1304 5181 ’φησιν
1330 5150 1345 5176 ,
1373 5111 1456 5179 ἐφ’
1485 5112 1553 5183 ἢν
1589 5112 1726 5168 ὠνο-

160 5183 344 5274 μᾷσθη
391 5192 453 5244 τὸ
495 5196 668 5267 δνομά
705 5216 828 5269 μου,
866 5199 1289 5270 ἁμαρτάνουσαν
1333 5203 1684 5274 τιμωροῦμαι
1709 5222 1723 5237 ’

156 5272 312 5346 πόσῳ
336 5278 545 5346 μᾶλλον
566 5289 694 5351 τοὺς
728 5289 806 5360 μὴ
834 5289 1046 5353 εἰδότας
1087 5307 1155 5361 με
1182 5309 1197 5358 ;

232 5383 254 5418 ι
305 5367 444 5423 Ὑπὸ
468 5376 564 5430 τοῦ
598 5378 939 5452 οἰκητηρίου.
974 5401 993 5435 ι
1029 5382 1201 5453 Δῆλον
1240 5384 1318 5451 δὲ,
1356 5386 1440 5439 ὅτι
1491 5385 1586 5440 τοῦ
1632 5387 1726 5441 οὐ·

157 5457 339 5525 ρανοῦ.

228 5565 247 5597 σ
270 5546 417 5639 ’Ἐπὶ
439 5554 537 5608 τοῦ
567 5556 757 5613 τόπου.
795 5578 814 5612 ι
845 5561 936 5616 Ἐν
966 5562 1043 5633 τῷ
1071 5564 1218 5631 τόπῳ
1240 5566 1440 5620 ἐαυτοῦ
1464 5608 1480 5633 ,
1513 5560 1558 5636 ᾧ
1592 5586 1727 5639 χρη-

157 5636 386 5728 ματίζει.
417 5644 485 5696 ΟΞ
508 5645 671 5712 ἄξιοι,
698 5648 852 5717 φησὶ,
882 5650 976 5703 τοῦ
996 5651 1283 5720 σώζεσθαι,
1306 5650 1388 5719 οἷς
1412 5657 1477 5709 ἂν
1503 5636 1723 5728 χρήμα-

159 5721 279 5796 τεσῃ
328 5729 485 5798 Θεὸς,
544 5737 1032 5810 ἀποκριθήσονται,
1084 5721 1723 5815 παρακαλοῦντες-ἐνδο-

2464 1930 2614 1987 rae.
2641 1895 2844 1989 xxw.

1922 2035 1987 2091 ν.
2026 2037 2078 2092 1.
2108 2037 2414 2093 «Ostendit
2461 2040 2595 2094 mihi
2635 2010 2900 2096 Dominus
2929 2042 3068 2099 duos
3102 2044 3366 2101 calathos.
3390 2010 3425 2097 ἰ

1856 2125 2051 2197 Aptius
2079 2128 2184 2185 hoc
2210 2129 2482 2199 intelliges
2511 2131 2579 2186 de
2605 2131 2804 2186 Christi
2836 2132 3100 2189 adventu.

1919 2305 1986 2359 ν.
2024 2304 2078 2359 6.
2111 2324 2129 2357 ι
2173 2306 2240 2360 Ει
2270 2305 2498 2360 ﬁrmabo
2533 2320 2696 2376 super
2722 2322 2817 2362 eos
2839 2309 3027 2363 oculos
3048 2323 3222 2365 meos.
3264 2328 3284 2361 ι
3318 2302 3424 2365 No-

1852 2396 2077 2451 tandum
2133 2394 2306 2452 Deum
2336 2396 2555 2451 ﬁrmare
2601 2396 2808 2463 oculos,
2841 2399 3017 2469 accipi
3056 2400 3111 2454 in
3147 2399 3346 2454 bonam
3373 2406 3433 2454 ει

1849 2487 1907 2542 in
1927 2487 2124 2543 malam
2157 2496 2400 2556 partem;
2432 2503 2559 2541 nam
2588 2494 2642 2543 et
2679 2503 2843 2561 supra
2887 2489 3099 2545 dixerat
3129 2507 3142 2544 :
3175 2489 3434 2545 Firmabo

1851 2578 2025 2632 oculos
2053 2594 2191 2632 meo:
2215 2578 2283 2631 ad
2301 2577 2465 2632 mala.

2465 2708 2615 2765 CAP.
2650 2709 2815 2765 XXV.

1920 2821 1985 2877 γ.
2017 2823 2071 2878 3.
2103 2821 2164 2877 In
2191 2820 2349 2876 tertio
2386 2821 2601 2875 decimo
2642 2837 2788 2876 anno
2826 2821 3005 2877 Josiae.
3049 2840 3069 2875 ο
3104 2823 3241 2878 Tres
3262 2831 3317 2879 et
3348 2821 3432 2880 vi-

1850 2914 2005 2987 ginti,
2039 2915 2137 2979 ait,
2192 2912 2322 2967 anni
2355 2922 2503 2973 sunt,
2524 2928 2647 2967 cum
2674 2928 2871 2983 magno
2897 2914 3077 2968 studio
3105 2931 3203 2972 vos
3237 2924 3425 2971 conte-

1850 3016 1984 3069 stor,
2014 3014 2124 3059 uta
2156 3003 2305 3058 cultu
2360 3003 2629 3057 idolorum
2683 3005 3023 3071 abstineatis,
3070 3016 3124 3061 et
3173 3022 3283 3062 non
3328 3023 3430 3063 au-

1848 3095 2035 3160 distis;
2083 3095 2204 3150 ideo
2237 3094 2444 3149 tradam
2474 3109 2568 3149 vos
2616 3092 2891 3151 Chaldaais
2948 3097 3294 3170 septuaginta
3327 3114 3425 3154 an-

1847 3203 1966 3243 llOS.
2626 3230 2635 3237 .

1919 3298 1938 3331 ι
1976 3280 2043 3334 Ει
2092 3278 2308 3334 locutus
2353 3294 2472 3335 sum
2543 3279 2611 3335 ad
2671 3294 2788 3344 vos,
2850 3288 2978 3335 ante
3037 3281 3237 3338 lucem.
3278 3302 3297 3336 ι
3352 3283 3430 3339 De

1845 3379 1992 3424 nocte
2021 3386 2349 3440 consurgens,
2394 3370 2445 3425 id
2480 3378 2580 3435 est,
2616 3370 2881 3438 studiose,
2915 3374 2993 3427 uti
3034 3374 3147 3444 jam
3181 3385 3430 3447 tempore

1843 3461 2230 3532 indignationis
2255 3462 2748 3532 appropinquante.

1917 3552 1978 3606 V.
2001 3553 2052 3607 9.
2090 3570 2108 3602 ι
2142 3550 2531 3623 Cognationcm
2560 3553 2630 3607 ab
2665 3552 2954 3622 Aquilone.
2994 3573 3012 3605 ι
3074 3553 3422 3625 Babylonios.
3478 3568 3487 3578 '

1908 3641 1976 3697 γ.
2003 3640 2086 3697 10.
2119 3662 2137 3695 ι
2170 3642 2404 3699 Odorem
2428 3644 2709 3713 unguenti.
2734 3663 2753 3696 ι
2787 3645 3112 3700 Absolutum
3144 3646 3423 3702 excidium

1842 3736 2154 3807 Splendoris
2186 3753 2398 3804 eorum,
2431 3738 2706 3808 totiusque
2757 3738 2938 3809 gaudii
2960 3748 3016 3794 et
3046 3740 3425 3810 prosperitatis

1841 3820 2185 3905 signiﬁcavit.

1915 3942 1933 3975 ι
1963 3922 2051 3979 Sic
2076 3923 2208 3978 dixit
2243 3923 2568 3979 Dominus...
2599 3940 2753 3980 sume
2785 3925 3029 3984 calicem.
3072 3944 3092 3981 ι
3124 3925 3273 3983 Calix
3322 3943 3417 4001 prs

1840 4014 2034 4069 ultione
2070 4016 2350 4085 accipitur.
3013 4070 3017 4075 ,

1914 4106 1976 4161 ν.
2008 4108 2093 4162 l7.
2128 4127 2145 4158 ι
2173 4107 2241 4162 Et
2264 4107 2566 4178 propinavi.
2584 4126 2602 4160 ι
2628 4104 2739 4163 Hoc
2766 4117 2868 4172 est,
2901 4116 3048 4164 certa
3064 4109 3418 4181 persuasione

1841 4197 2047 4252 credidi
2073 4197 2186 4252 l‘orc
2219 4198 2341 4253 illos
2363 4199 2588 4254 omnino
2606 4198 2938 4269 puniendos.

1907 4286 1974 4342 ν.
1997 4288 2085 4344 25.
2129 4308 2148 4341 ι
2183 4288 2251 4343 Ει
2276 4289 2427 4345 omni
2459 4290 2831 4346 circumtonsa
2860 4290 3165 4347 secundum
3216 4290 3414 4348 faciem

1839 4393 2044 4434 suam.»
2078 4380 2193 4436 Hoc
2221 4390 2325 4447 est,
2354 4383 2447 4453 qui
2481 4383 2720 4453 speciem
2749 4399 2860 4453 prae
2892 4382 3218 4440 seferebant
3237 4384 3414 4455 pieta-

1765 4487 1808 4542 ι)
1839 4472 1927 4536 tis,
1957 4473 2050 4529 sed
2080 4476 2311 4544 propriis
2337 4476 2620 4532 desideriis
2646 4476 2992 4536 incedebant.

1904 4563 1972 4620 ν.
2003 4565 2094 4620 24.
2133 4586 2152 4619 c
2183 4569 2247 4621 Et
2277 4568 2532 4623 omnibus
2549 4568 2791 4624 mistitiis
2810 4568 3203 4625 habitantibus.
3243 4588 3263 4623 ι
3284 4570 3415 4626 Post

1834 4671 2057 4714 sensum
2090 4660 2412 4716 historicum
2435 4676 2531 4717 eos
2555 4661 2821 4732 intellige,
2870 4661 2963 4731 qui
3015 4661 3178 4717 alieni
3204 4670 3331 4718 sunt
3378 4676 3411 4717 a

1832 4747 1957 4804 (ide.

1904 4837 1970 4892 ν.
2001 4839 2091 4891 28.
2129 4838 2225 4892 «Et
2248 4838 2371 4903 erit,
2407 4852 2529 4891 cum
2552 4837 3096 4909 noluerintaccipere
3124 4839 3405 4893 calicem.»

1831 4928 1964 4983 Nam
1995 4928 2149 4982 multi
2168 4937 2315 4993 sunt,
2339 4927 2429 4997 qui
2458 4926 2550 4981 Dei
2568 4928 2969 4998 correptionem
2998 4944 3110 4985 non
3135 4927 3412 4999 accipiunt

1831 5034 1957 5079 Cum
1996 5020 2296 5088 gratiarum
2327 5018 2562 5075 actione.

1902 5111 1966 5166 V.
1996 5111 2086 5166 i9.
2149 5130 2168 5162 ‹
2210 5110 2346 5178 Quia
2386 5110 2441 5164 in
2491 5110 2731 5168 civitate.
2767 5131 2786 5166 ι
2851 5110 3160 5176 Civitatem,
3191 5112 3288 5175 ait,
3351 5113 3406 5173 in

1828 5218 1934 5273 qua
1958 5203 2265 5258 invocatum
2302 5213 2610 5259 estnomen
2630 5220 2836 5271 meum,
2862 5212 3180 5274 peccantem
3214 5204 3402 5276 punio,

1828 5304 2034 5364 quanto
2061 5296 2234 5368 magis
2260 5310 2355 5351 eos
2369 5296 2461 5365 qui
2490 5311 2580 5353 me.
2606 5311 2716 5351 non
2745 5297 3058 5351 noverunt?

1897 5384 1963 5441 V.
1994 5386 2083 5460 30.
2118 5403 2139 5436 ι
2183 5386 2257 5443 De
2311 5374 2651 5441 habitacula.
2675 5404 2694 5437 ›
2759 5384 2979 5442 Clarum
3003 5394 3109 5452 est,
3140 5385 3288 5458 quod
3331 5386 3403 5443 de

1830 5476 1989 5530 coelo.

1906 5587 1924 5620 ι
1964 5568 2025 5623 In
2051 5569 2171 5624 loco
2201 5584 2324 5625 suo.
2372 5587 2391 5621 ι
2432 5569 2611 5642 Digni,
2635 5570 2731 5636 ait,
2788 5571 2881 5641 qui
2911 5571 3211 5637 salventur,
3261 5589 3402 5645 quos

1828 5658 2096 5716 allocutus
2118 5660 2283 5715 fuerit
2301 5660 2462 5728 Deus,
2487 5663 2896 5732 respondebunt
2911 5671 3124 5736 tempus
3139 5665 3243 5721 sibi
3263 5681 3398 5723 con-

1828 5748 1948 5805 cedi
1979 5760 2231 5823 rogantes
2257 5752 2432 5809 donec
2462 5752 2700 5826 perfecte
2730 5752 2968 5811 fructum
3000 5754 3395 5825 aﬂcrant;vin-
