3876 6304
481 291 587 356 679

1571 282 2089 348 OLYMPIODORI
2127 280 2653 342 ALEXANDRINI

3656 277 3769 339 680

478 405 787 461 demiantes
851 401 998 457 enim
1035 410 1191 456 vocat
1243 416 1338 456 eos
1407 401 1498 471 qui
1549 402 1788 457 fructum
1848 401 2049 456 ferunt.

2199 397 2322 466 ἧναι
2387 397 2590 460 αὐτοῖς,
2645 395 2752 458 ἓως
2805 396 2894 449 ὅτε
2948 396 3173 460 τελείως
3226 395 3723 468 καρποφορήσωσι
3749 411 3762 424 ·

558 595 577 628 ι
608 576 773 630 Venit
805 577 1080 631 interitus.
1121 595 1140 627 ι
1181 576 1366 632 Sancti
1406 577 1610 632 etenim
1643 577 1698 631 in
1726 577 2053 632 internecio-

427 715 434 734 ,
479 682 552 722 ne
580 683 688 722 non
740 668 1294 736 comprehenduntur.
1334 669 1460 725 Haec
1485 669 1651 724 etiam
1677 669 1901 742 intelligi
1924 686 2053 741 pos-

481 765 612 814 sunt
638 760 705 812 de
736 759 1030 812 universali
1059 759 1150 813 Dei
1175 759 1406 830 judicio.

557 868 576 900 ι
610 848 749 903 Ecce
775 849 935 902 mala.
972 867 990 900 ι
1037 847 1168 904 Post
1217 866 1282 905 ea
1317 867 1437 922 quae
1486 861 1732 923 tempore
1776 852 2052 924 Babylonii

481 938 720 1007 fuerant,
777 957 840 994 ea
865 957 1082 1010 quoque
1133 942 1287 1008 dicit,
1341 959 1461 1012 quae
1505 944 1561 998 in
1590 946 2058 1000 consummatione

481 1041 642 1087 erunt
677 1051 689 1086 :
723 1033 958 1103 Insurget
985 1034 1122 1086 enim
1150 1051 1272 1104 gens
1293 1045 1472 1088 contra
1489 1047 1690 1106 gentem
1724 1037 1786 1092 η.
2033 1097 2037 1102 ,

559 1141 578 1173 ι
607 1122 673 1176 Ει
693 1124 854 1178 turbo
883 1138 1132 1193 magnus.
1170 1143 1189 1175 ι
1225 1124 1492 1180 Confusio
1515 1143 1730 1198 magna,
1755 1135 1810 1182 et
1837 1138 2055 1198 pertur-

483 1215 631 1270 batio
661 1216 925 1270 extremis
954 1216 1138 1270 saeculi
1160 1217 1517 1286 temporibus.

553 1307 618 1361 ν.
649 1309 738 1362 55.
772 1325 792 1360 ι
823 1308 892 1361 Ει
922 1315 1104 1360 erunt.
1143 1326 1160 1358 ι
1194 1308 1324 1363 Post
1345 1309 1670 1364 exteriorem
1707 1310 1899 1366 littera:
1928 1327 2058 1367 sen-

483 1413 626 1464 sum,
651 1406 707 1453 et
743 1414 838 1454 eos
868 1399 959 1468 qui
992 1399 1060 1454 ab
1089 1399 1466 1469 iniquitatibus
1518 1402 1789 1456 vulnerati
1823 1413 1950 1458 sunt
1974 1405 2058 1457 in-

486 1489 689 1560 tellige.
1556 1511 1562 1516 υ

560 1599 578 1631 ι
611 1579 846 1634 Ululate.
882 1598 901 1631 ι
931 1579 1239 1637 Clamorem
1262 1582 1412 1644 hinc,
1433 1599 1543 1638 non
1563 1598 1688 1638 eum
1713 1585 1804 1655 qui
1832 1586 2057 1642 devictis

483 1671 756 1736 hostibus,
797 1672 892 1726 sed
914 1673 1004 1742 qui
1031 1672 1091 1727 ﬁt
1115 1674 1170 1727 in
1199 1674 1497 1744 ejulatibus
1516 1676 2057 1748 intelligit.Pastores

484 1776 614 1815 vero
641 1769 768 1815 sunt
806 1763 990 1832 populi
1025 1764 1212 1818 duces.

557 1869 576 1902 ι
609 1852 673 1905 Ει
702 1853 967 1925 plangite,
1021 1856 1221 1912 arietes
1256 1856 1462 1911 ovium.
1499 1876 1518 1910 ι
1553 1859 1821 1919 Primates
1869 1865 1927 1920 in
1965 1879 2057 1933 po-

482 1943 631 2012 pulo.

561 2051 590 2084 (-
615 2034 684 2088 Ει
711 2034 934 2090 cadetis.
976 2054 995 2088 ι
1026 2036 1128 2103 Qui
1167 2039 1312 2094 enim
1362 2048 1586 2109 mactat,
1607 2043 1911 2115 saginatum
1943 2062 2059 2102 ma-

481 2132 612 2178 ctat.

554 2214 620 2270 ν.
663 2215 750 2270 56.
791 2236 808 2268 ι
846 2217 984 2284 Quia
1010 2221 1260 2275 vastavit.
1295 2241 1313 2274 ι
1361 2221 1417 2278 Si
1451 2225 1518 2280 de
1536 2223 1736 2283 Iudaeis
1792 2227 2058 2301 intelliga-

481 2312 592 2372 tur,
622 2308 907 2372 sacriﬁcia,
943 2317 1248 2382 caateraque
1275 2314 1465 2386 legalia
1487 2319 1704 2383 omnia;
1734 2320 1779 2374 si
1805 2335 1936 2376 vero
1964 2337 2060 2392 ge-

481 2398 768 2464 neraliter,
798 2400 923 2454 vitae
952 2417 1147 2456 eorum
1172 2405 1439 2460 instituta.

552 2488 618 2542 V.
643 2490 732 2544 38.
771 2509 790 2541 ‹
817 2491 1134 2562 Dereliquit.
1183 2514 1203 2548 ι
1233 2495 1390 2565 Apud
1419 2497 1636 2554 Iudaeos
1663 2501 1882 2570 quidem
1900 2518 2057 2559 suum

482 2578 745 2646 templum
777 2580 1068 2650 dereliquit
1127 2583 1425 2654 Dominus;
1492 2587 1546 2641 in
1591 2593 2060 2648 consummatione

484 2682 638 2732 vero,
670 2670 823 2738 quasi
858 2672 1000 2725 leoni
1025 2673 1407 2744 derelinquent
1422 2678 1804 2748 diversorium,
1836 2682 1915 2737 sic
1945 2683 2058 2738 dae-

483 2760 633 2814 moni
662 2761 996 2830 permittitur
1028 2765 1212 2835 egredi
1248 2775 1436 2822 contra
1459 2769 1728 2826 homines.

563 2958 582 2990 ‹
615 2939 749 3004 Quia
784 2939 923 2994 facta
948 2949 1051 2995 est.
1087 2961 1105 2993 ι
1137 2941 1404 3008 Quoniam
1462 2945 1716 3003 homines
1747 2947 1873 3004 facti
1929 2960 2058 3005 sunt

482 3031 742 3100 iumentis
774 3034 998 3098 similes,
1029 3035 1259 3088 Satanas
1292 3051 1419 3091 vero
1473 3040 1586 3092 fera
1643 3049 1748 3106 est,
1799 3052 2055 3112 tanquam

485 3122 540 3175 in
593 3124 808 3176 deserto
841 3125 1000 3178 simul
1035 3126 1177 3195 pasci
1211 3129 1624 3196 permittuntur,
1657 3146 1722 3186 eo
1747 3133 1889 3202 quod
1922 3134 2059 3188 cha-

484 3213 615 3267 ritas
647 3214 875 3270 refrixit.

1087 3304 1240 3360 CAP.
1264 3307 1454 3364 XXVI.

552 3389 697 3444 v.2.
744 3412 762 3442 ι
793 3392 880 3446 Sic
899 3393 1032 3449 dixit
1073 3396 1338 3452 Dominus
1374 3416 1387 3451 :
1444 3397 1538 3454 Sta
1574 3399 1628 3454 in
1677 3401 1820 3457 atrio
1867 3403 2062 3460 domus

484 3482 716 3536 Domini.
752 3502 770 3532 ι
814 3483 1122 3539 Contestari
1153 3488 1296 3542 Deus
1339 3489 1657 3559 prophetam
1700 3495 1946 3565 praecipit
1993 3497 2061 3551 de

485 3576 750 3630 servanda
773 3576 889 3648 lege
912 3577 1117 3643 divina,
1153 3595 1223 3636 ne
1263 3581 1318 3636 in
1358 3582 1477 3639 illos
1505 3583 1585 3640 ira
1615 3585 1847 3642 veniret.

555 3748 624 3805 ν.
653 3749 701 3804 6.
736 3770 754 3802 ι
783 3753 851 3808 Et
873 3755 1062 3810 urbem
1115 3758 1255 3815 hanc
1282 3761 1419 3817 dabo
1457 3764 1511 3817 in
1567 3765 2054 3822 maledictionem.»

485 3838 558 3895 Ut
583 3842 869 3898 maledicta
889 3846 978 3913 sit,
1009 3856 1065 3902 et
1117 3848 1368 3907 homines
1421 3853 1653 3911 inimicis
1693 3857 1807 3912 suis
1864 3858 2060 3912 similia

485 3934 871 4003 deprecentur.

554 4025 616 4081 V.
653 4031 703 4082 7.
744 4048 762 4080 ι
802 4032 867 4087 Et
926 4034 1238 4090 audierunt.
1274 4055 1291 4087 ι
1325 4035 1489 4093 Vides
1549 4042 1820 4109 quomodo
1876 4043 2060 4100 furore

482 4119 856 4188 exardescant,
884 4132 940 4178 et
969 4141 1111 4195 πει-θ
1142 4127 1356 4183 ferant?
1385 4138 1441 4184 et
1491 4141 1642 4188 certe
1699 4134 1770 4189 ob
1823 4135 2058 4206 idipsum

480 4210 601 4263 neci
629 4212 922 4268 tradendus
971 4231 1080 4270 non
1117 4229 1264 4282 erat;
1309 4220 1353 4273 si
1391 4222 1536 4275 enim
1591 4223 1734 4279 Deus
1778 4227 2054 4298 praecepit,

483 4314 673 4367 parere
716 4311 947 4370 oportet.
1009 4304 1123 4361 Hoc
1168 4309 1395 4364 verbum
1446 4328 1541 4367 vos
1566 4315 1773 4383 pungit,
1826 4315 1881 4370 in
1933 4332 2058 4373 eum

2153 487 2476 557 τρυγῶντας
2513 488 2622 558 γάρ
2656 504 2790 556 φησι
2820 487 2947 549 τοὺς
2968 487 3486 558 καρποφοροῦντας.

2231 595 2250 628 ‹
2287 580 2448 632 Ἤκει
2473 578 2713 649 ὄλεθρος.
2743 597 2761 629 ι
2789 577 2864 631 Οὐ
2891 578 2998 648 γάρ
3025 579 3687 650 συμπαραλαμϐάνονται
3710 582 3760 631 οἱ

2155 669 2301 738 ἅγιοι
2343 673 2411 741 τῇ
2444 669 2814 742 πανωλεθρίᾳ.
2867 670 3056 724 Ταῦτα
3089 671 3146 724 δὲ
3187 672 3422 743 ἁρμόζει
3469 673 3625 726 νοεῖν
3670 676 3768 726 καὶ

2157 765 2248 816 ἐπὶ
2273 763 2372 832 τῆς
2397 763 2696 835 καθολικῆς
2732 763 2828 816 τοῦ
2867 763 3003 816 Θεοῦ
3029 764 3287 832 κρίσεως.

2233 871 2252 904 ι
2299 853 2428 906 Ἰδοὺ
2456 853 2622 908 κακά.
2667 871 2685 904 ι
2736 853 2893 908 Μετὰ
2925 855 2996 908 τὰ
3019 855 3115 906 ἐπὶ
3140 854 3235 908 τοῦ
3271 853 3635 907 Βαϐυλωνίου
3671 871 3768 922 γει

2155 943 2373 1012 γονότα,
2411 942 2599 997 καὶτὰ
2633 945 2725 997 ἐπὶ
2763 946 2864 1014 τῆς
2893 943 3210 1008 συντελείας
3238 945 3424 1014 φησίν·
3475 946 3764 1014 Ἐγερθή-

2157 1051 2328 1090 σεται
2365 1035 2680 1104 γὰρ.ἐθνος
2702 1035 2799 1088 ἐπὶ
2830 1036 3026 1102 ἔθνος.

2236 1145 2255 1180 ι
2290 1127 2401 1180 Καὶ
2421 1127 2641 1196 λαίλαψ.
2679 1147 2697 1177 ι
2733 1128 3005 1198 Σύγχυσις
3037 1126 3250 1198 μεγάλη
3283 1127 3380 1181 καὶ
3408 1128 3638 1198 ταραχὴ
3670 1131 3761 1181 ἐπ’

2159 1217 2412 1286 ἐσχάτοις
2436 1218 2548 1280 τοῖς
2582 1215 2676 1268 τοῦ
2704 1215 2900 1278 αἰῶνος
2933 1219 3171 1288 καιροῖς.

2235 1328 2253 1360 ι
2286 1310 2395 1362 Καὶ
2419 1308 2654 1362 ἔσονται.
2695 1327 2714 1359 ι
2748 1310 2904 1363 Μετὰ
2940 1311 3002 1363 τὸ
3044 1308 3328 1379 αἰσθητὸν,
3361 1313 3456 1364 καὶ
3484 1313 3620 1375 τοὺς
3655 1314 3759 1366 ὑπὸ

2157 1398 2254 1468 τῆς
2278 1401 2554 1470 ἁμαρτίας
2584 1400 3160 1472 τετραυματισμένους
3183 1402 3313 1455 νόει.

2243 1581 2591 1646 Ἀλαλάξατε.
2635 1599 2654 1633 ι
2701 1580 3046 1652 ’Δλαλαγμὸν
3083 1581 3320 1636 ἐνταῦθα
3350 1582 3453 1636 οὐκ
3485 1584 3583 1636 ἐπὶ
3634 1584 3759 1653 νίκῃ

2159 1673 2267 1727 τῶν
2299 1673 2594 1744 πολεμίων,
2627 1673 2742 1726 ἀλλ’
2766 1673 2862 1724 ἐπὶ
2883 1676 3002 1735 ταῖς
3027 1675 3295 1743 οἰμωγαῖς
3319 1691 3510 1744 φησιν.
3546 1676 3760 1744 Ποιμέ-

2161 1783 2252 1830 νες
2284 1766 2342 1818 δὲ
2373 1768 2423 1818 οἱ
2453 1764 2753 1836 ἡγούμενοι
2791 1762 2887 1818 τοῦ
2917 1763 3069 1818 λαοῦ.

2236 1876 2256 1910 ι
2293 1860 2356 1911 Oi
2383 1859 2532 1928 κριοὶ
2553 1859 2684 1913 τῶν.
2721 1876 2740 1909 ι
2777 1858 2841 1912 Οἱ
2869 1858 2992 1914 κατ’
3023 1856 3217 1928 ἐξοχὴν
3249 1858 3308 1910 ὲν
3341 1858 3424 1928 τῷ
3454 1858 3599 1930 λαῷ.

2237 2054 2256 2088 ι
2288 2036 2399 2089 Ka‘t
2434 2033 2713 2089 πεσεῖσοε.
2751 2053 2769 2086 ι
2798 2033 3019 2105 Ἐπειδὴ
3048 2036 3076 2087 ὁ
3109 2033 3332 2103 σφάζων
3369 2033 3434 2087 τὸ
3477 2035 3755 2104 εὐτραφὲς

2161 2124 2376 2194 σφάξει.

2239 2233 2258 2267 ι
2294 2217 2418 2268 Ὅτι
2454 2214 2704 2287 ὼλόθρει.
2739 2235 2758 2268 ι
2796 2217 2922 2270 Ἐπὶ
2961 2217 3059 2287 μὲν
3085 2214 3360 2270 Ἰουδαίων
3389 2216 3491 2279 τὰς
3519 2215 3753 2282 θυσίας,

2160 2307 2257 2360 καὶ
2293 2307 2472 2360 πάντα
2495 2307 2564 2359 τὰ
2589 2307 2725 2362 ἄλλα
2749 2307 2955 2378 νόμιμα
2977 2323 2992 2340 ·
3033 2307 3127 2359 ἐπὶ
3159 2306 3218 2359 δὲ
3248 2305 3345 2359 τοῦ
3377 2299 3621 2361 καθόλου
3656 2311 3751 2372 τὰς

2159 2397 2432 2466 διαγωγάς
2457 2397 2661 2453 αὐτῶν.

2236 2508 2256 2542 ι
2304 2490 2714 2558 Ἐγκατέλιπεν.
2756 2509 2774 2543 ι
2839 2491 2964 2545 Ἐπὶ
3006 2490 3105 2559 μὲν
3162 2491 3432 2546 Ἰουδαίων
3479 2494 3511 2545 ὁ
3542 2491 3751 2562 Κῦριος

2158 2563 2257 2638 τὸν.
2303 2584 2500 2638 ἑαυτοῦ
2563 2584 2690 2637 ναὸν
2738 2584 3130 2637 καταλέλοιπεν
3155 2598 3169 2614 ⁸
3219 2586 3313 2638 ἐπὶ
3359 2585 3420 2638 δὲ
3472 2588 3580 2658 τῆς
3621 2603 3750 2638 συν-

2161 2674 2393 2737 τελείας,
2447 2676 2522 2737 ὡς
2571 2674 2707 2727 λέων
2753 2673 3163 2738 καταλελοιπὼς
3209 2675 3527 2742 κατάλυμα,
3579 2675 3751 2738 οὕτως

2164 2769 2530 2836 συγχωρεῖται
2569 2768 2598 2819 ὁ
2635 2766 2881 2830 Σατανᾶς
2924 2766 3168 2834 ἐξελθεῖν
3201 2766 3346 2820 κατὰ
3387 2767 3500 2820 τῶν
3536 2767 3750 2839 ἀνθρώ-

2160 2877 2300 2913 πων.

2237 2972 2255 3004 ι
2286 2953 2409 3006 Ὅτι
2433 2953 2689 3023 ἐγενήθη.
2726 2971 2744 3003 ι
2793 2952 3009 3023 Ἐπειδὴ
3041 2955 3090 3006 oi
3141 2951 3420 3023 ἄνθρωποι
3453 2955 3752 3026 κηνῶεις

2162 3045 2471 3113 γεγόνασιν,
2501 3049 2528 3098 ὀ
2561 3045 2619 3098 δὲ
2652 3047 2898 3109 Σατανᾶς
2921 3047 3037 3098 ὲστι
3070 3045 3259 3117 θηρίον
3288 3085 3304 3110 ,
3337 3046 3413 3110 ὡς
3454 3049 3514 3098 ἐν
3556 3049 3753 3119 ἐρήμῳ

2165 3136 2574 3206 συγχωροῦνται
2623 3137 2741 3205 ἅμα
2791 3135 3076 3207 νέμεσθαι,
3128 3137 3217 3190 διὰ
3254 3137 3315 3189 τὸ
3358 3136 3610 3208 ψυγῆναι
3654 3140 3754 3210 τὴν

2163 3228 2406 3298 ἀγάπην.

2712 3320 2982 3374 ’ΚΕΦΑΛ.
3024 3321 3173 3389 Kq'.

2240 3431 2260 3465 ε
2296 3412 2482 3476 Οὕτως
2515 3408 2638 3465 εἷπε
2675 3413 2884 3484 Κύριος
2910 3429 2924 3442 θ
2959 3414 3123 3483 Στῆθι
3165 3415 3224 3468 ὲν
3270 3413 3409 3486 αὐλῇ
3441 3414 3601 3468 οἴκου
3630 3416 3747 3469 Ku-

2165 3504 2305 3575 ρίου.
2347 3515 2371 3554 ι’
2397 3502 2886 3576 Διαμαρτύρασθαι
2921 3503 3136 3556 κελεύει
3195 3503 3326 3566 Θεὸς
3373 3504 3455 3574 τῷ
3487 3508 3748 3578 προφήτῃ

2163 3597 2291 3661 τοὺς
2327 3596 2638 3663 Ἰουδαίους,
2672 3596 2767 3650 ἐπὶ
2791 3595 2869 3667 τῷ
2897 3595 3196 3665 φυλάττειν
3228 3596 3298 3650 τὰ
3339 3596 3462 3651 θεῖα
3513 3599 3743 3669 νόμιμα,

2163 3688 2252 3743 ἵνα
2288 3689 2364 3762 μὴ
2393 3689 2595 3765 ἐπέλθῃ
2627 3690 2815 3752 αὐτοῖς
2840 3691 2873 3760 ἡ
2900 3690 3063 3761 ὀργή.

2241 3801 2258 3833 ι
2296 3783 2406 3834 Καὶ
2449 3781 2545 3852 τὴν
2600 3781 2756 3834 πόλιν
2800 3780 2958 3834 δώσω
3005 3783 3086 3845 είς
3151 3781 3423 3853 κατάραν.
3491 3802 3510 3836 ι
3550 3784 3672 3837 Ἵνα

2163 3873 2714 3944 ὲπικατάρατοςικαῖ
2749 3873 2878 3936 τοὺς
2903 3874 3085 3926 αὐτῶν
3103 3872 3161 3925 δὲ
3190 3873 3420 3944 ἐχθροὺς
3451 3877 3502 3928 οἱ
3529 3877 3740 3948 ἅνθρω-

2161 3981 2254 4017 ποι
2288 3965 2374 4018 ’ίνα
2404 3965 2637 4034 ἔχωνται
2665 3963 2979 4036 [εὔχωνται]
3003 3965 3071 4018 τὰ
3098 3964 3262 4034 ὃμοια
3295 3965 3516 4019 παθεῖν.

2237 4074 2256 4107 ‹
2290 4056 2400 4109 Καὶ
2447 4057 2712 4126 ἥκουσαν.
2754 4073 2773 4106 ›
2837 4055 3025 4126 Ὁρᾷς,
3070 4055 3189 4118 πῶς
3233 4055 3588 4129 ἀγριαίνουσι
3651 4060 3737 4110 καὶ

2160 4146 2570 4214 ἀγανακτοῦσι;
2603 4148 2700 4200 καὶ
2753 4146 2860 4218 μὴν
2893 4147 2960 4199 δι’
3002 4147 3136 4200 αὐτὸ
3195 4145 3352 4199 τοῦτο
3385 4147 3735 4220 ἀναιρεθῆναι

2160 4238 2262 4290 οὐκ
2313 4239 2503 4310 ἐχρῆν.
2552 4238 2616 4290 Ei
2662 4237 2778 4310 γὰρ
2807 4238 2941 4301 Θεὸς
2976 4237 3233 4303 ἐπέταξε,
3277 4237 3579 4308 πεισθῆναι
3637 4239 3730 4292 δεῖ.

2161 4323 2334 4378 Τοῦτο
2364 4326 2510 4394 ὑμᾶς
2555 4325 2714 4379 λυπεῖ
2738 4327 2798 4378 τὸ
2835 4326 3009 4398 ῥῆμα,
3037 4328 3098 4379 τὸ
3132 4327 3190 4379 δὲ
3226 4327 3318 4379 τὸν
3349 4327 3443 4380 τοῦ
3481 4327 3614 4382 ναοῦ
3657 4345 3732 4380 τι·

481 4403 614 4442 vero
643 4390 732 4457 qui
767 4393 966 4461 templo
988 4395 1308 4450 honoratior
1339 4408 1442 4461 est,
1465 4403 1884 4460 contumeliosos
1913 4421 2055 4475 esse,

2199 4390 2434 4484 ,ιὼτερον
2457 4415 2785 4486 ἐνυϐρίζειν,
2818 4390 2878 4469 οὐ
2895 4390 3172 4488 τπονηρὸν,
3196 4418 3298 4471 οὐκ
3323 4418 3558 4486 ἀσεϐές;
3593 4421 3731 4475 Πάνυ

481 4493 592 4534 non
660 4480 885 4545 malum,
929 4498 1039 4538 non
1081 4485 1306 4555 impium
1338 4489 1458 4544 est?
1507 4490 1670 4559 Sane,
1697 4493 1900 4550 dictum
1953 4497 2055 4554 hoc

2199 4480 2357 4569 ὑτοὺς
2388 4480 2670 4560 ἔδακνεντὸ
2711 4508 2899 4579 ῥηθέν.

482 4571 698 4624 animos
721 4585 907 4628 eorum
931 4577 1086 4632 valde
1114 4581 1412 4650 pungebat.

558 4661 668 4748 (Et
698 4666 958 4720 convenit
1009 4666 1270 4726 Ecclesia.
1312 4691 1330 4722 ι
1377 4672 1748 4748 Congregatus
1794 4689 1881 4736 est
1930 4681 2056 4739 uni-

481 4764 675 4804 versus
701 4755 934 4822 populus
969 4759 1245 4815 seniorum
1276 4773 1433 4820 terra;
1462 4767 1921 4838 circumjacentis.

551 4840 614 4896 V.
643 4843 729 4897 l7.
767 4862 787 4896 ‹
815 4845 879 4901 Ει
910 4864 1086 4906 mons.
1120 4871 1139 4904 ›
1173 4851 1328 4911 Mons
1354 4856 1409 4910 in
1442 4872 1549 4928 quo
1581 4859 1746 4915 situm
1773 4877 1888 4917 erat
1920 4871 2055 4919 tem-

477 4932 651 5002 plum,
679 4935 735 4989 in
773 4937 1186 4998 desolationem.

549 5026 615 5082 ν.
669 5029 761 5086 24.
823 5048 842 5082 α
892 5031 1076 5103 Itaque
1129 5051 1322 5091 manus
1378 5038 1654 5096 Achicam.
1704 5059 1724 5094 ι
1794 5042 2052 5101 Achicam

479 5133 623 5176 unus
674 5121 767 5178 hic
829 5132 948 5178 erat
985 5139 1016 5178 e
1048 5128 1410 5195 magnatibus,
1443 5132 1534 5198 qui
1593 5132 1839 5189 Jeremiae
1897 5135 2050 5190 fave-

480 5210 594 5268 bat.

1071 5307 1221 5362 CAP.
1250 5309 1462 5364 XXVII.

553 5393 614 5450 ν.
641 5397 696 5452 2.
743 5415 761 5449 ‹
786 5397 877 5453 Sic
891 5399 1027 5455 dixit
1047 5400 1338 5455 Dominus:
1358 5403 1466 5455 Fac
1497 5402 1589 5457 tibi
1618 5405 1882 5464 vincula.»
1911 5410 2051 5469 Prae.

480 5484 613 5555 cipit
666 5486 808 5542 Deus
851 5489 1154 5559 prophetae,
1207 5499 1268 5546 ut
1303 5492 1441 5548 collo
1493 5509 1593 5551 suo
1641 5508 1850 5568 aptaret
1904 5513 2050 5559 cate-

542 5688 588 5722 “
622 5691 812 5746 Matth.
848 5709 992 5756 XXIV,
1029 5695 1079 5748 '1.

2231 4703 2252 4737 ε
2291 4687 2400 4738 Καὶ
2428 4685 2886 4756 ὲξεκκλησιάσθη.
2933 4705 2951 4738 ι
2996 4688 3245 4759 Συνήχθη
3279 4690 3436 4753 πεί.ςὸ
3476 4690 3608 4755 λαὸς
3632 4692 3732 4745 τῶν·

2153 4779 2429 4850 πρεσϐυτέ
2440 4796 2548 4851 ρων
2571 4780 2670 4849 τῆς
2695 4779 2800 4848 γῆς
2820 4780 2919 4850 τῆς
2947 4778 3285 4852 περιχώρου.

2235 4889 2256 4923 ι
2295 4872 2408 4925 Καὶ
2442 4872 2504 4925 τὸ
2549 4871 2696 4943 ὅρος.
2749 4890 2769 4924 ι
2809 4873 2884 4926 Τὸ
2919 4873 3066 4945 ὅρος,
3101 4875 3190 4944 ἐφ’
3220 4867 3266 4943 ᾧ
3304 4877 3480 4930 κεῖται
3512 4878 3540 4929 ὁ
3584 4877 3731 4940 ναὸς,

2157 4961 2240 5026 είς
2266 4963 2566 5033 ἐρήμωσιν.

2234 5068 2254 5102 ι
2293 5051 2438 5121 Πλὴν
2470 5052 2594 5124 χεὶρ
2634 5052 2926 5124 Ἀχεικάμ.
2985 5071 3004 5105 ι
3049 5053 3318 5127 ’Δχεικὰμ
3364 5050 3443 5121 εἷς
3479 5052 3547 5128 ἦν
3576 5054 3733 5123 οὗτος

2156 5139 2266 5194 τῶν
2287 5141 2551 5208 δυνατῶν,
2582 5143 2986 5213 προϊστάμενος
3023 5143 3310 5217 Ἰερεμίου.

2728 5320 2981 5378 ΚΕΦΑΛ.
3019 5324 3143 5378 ΚΖ’.

2169 5418 2180 5425 ’
2232 5434 2252 5469 c
2287 5417 2472 5484 Οὕτως
2503 5413 2623 5473 εἷπε
2655 5419 2882 5492 Κύριος*
2911 5418 3144 5488 Ποίησον
3169 5421 3382 5492 σεαυτῷ
3414 5423 3670 5497 δεσμούς.
3709 5447 3728 5478 ι

2156 5508 2388 5562 Κελεύει
2428 5513 2457 5563 ὁ
2487 5510 2618 5574 Θεὸς
2666 5511 2746 5580 τῷ
2783 5511 3041 5582 προφήτῃ
3087 5510 3302 5577 κλοιοὺς
3345 5514 3604 5584 ἐμϐαλεῖν
3652 5522 3730 5584 είς
