3876 6304
375 265 501 333 697

1539 268 2004 331 FRAGMENTA
2042 268 2126 330 IN
2166 255 2586 330 JEREMIAM.

3553 269 3663 335 698

368 382 482 439 διὰ
516 382 618 455 τῆς
645 382 895 447 παιδείας
925 381 1376 454 προσκαλούμενα
1415 382 1615 448 αὐτοὺς
1654 386 1734 450 εἰς
1759 383 1956 457 διόρθω

2083 383 2364 439 molestias
2403 401 2417 437 :
2475 393 2598 454 qua:
2642 380 2944 440 erudiendo
2999 398 3096 439 eos
3147 381 3216 439 ad
3265 384 3660 442 correctionem

376 493 502 530 σιν.

466 587 488 620 ι
523 566 639 622 οὐκ
674 565 830 622 ἔσται
862 567 1012 638 αὐτῷ
1057 566 1372 639 καθήμενος
1399 567 1492 622 ἐπὶ
1532 567 1744 638 θρόνου.
1795 585 1813 618 ι
1863 567 1974 620 Καὶ

375 659 649 731 ἀνωτέρω
691 661 791 731 μὲν
823 659 1090 730 ἠπείλησε
1125 661 1204 730 τῷ
1237 660 1494 731 ἰωακείμ
1521 675 1534 691 ο
1571 659 1778 728 Ταφὴν
1826 659 1973 713 ὄνου

376 753 760 824 ταφήσεταιο
797 757 890 807 καὶ
920 753 1016 809 νῦν
1042 754 1098 808 δὲ
1137 754 1288 827 αὐτῷ
1318 755 1556 820 ἀπειλεῖ,
1587 755 1669 808 ὅτι
1704 753 1796 808 τὸν
1837 754 1973 826 χάρ-

377 865 488 918 την
527 847 890 901 κατέκαυσεν.

464 959 483 991 ‹
544 940 657 993 Καὶ
720 939 1132 1012 προσετέθησαν
1200 940 1352 1012 αὐτῷ
1419 941 1567 1009 λόγοι
1627 939 1895 1002 πλείονες.
1948 955 1971 989 ι

392 1030 618 1102 Ἐπειδὴ
658 1030 913 1102 ἐνόμισεν
944 1031 974 1084 ό
1017 1032 1275 1103 Ἰωακεὶμ
1320 1031 1667 1101 ἐξαφανίζειν
1699 1029 1798 1102 τὴν
1840 1045 1973 1099 προ-

377 1122 620 1194 φητείαν
671 1122 759 1176 διά
815 1122 910 1177 τοῦ
964 1119 1296 1194 ἐμπρησμοῦ
1322 1123 1418 1178 τοῦ
1469 1122 1706 1194 βιϐλίου,
1761 1119 1972 1176 κελεύει

344 1209 522 1277 ’Θεὸς
567 1212 664 1269 καὶ
710 1213 781 1268 τά
809 1215 1002 1286 πρῶτα
1053 1215 1357 1288 γραφῆναι,
1391 1217 1508 1286 ⁸καὶ
1551 1215 1715 1286 ἕτερα
1747 1210 1975 1284 προστί-

383 1305 535 1377 θησι.

955 1399 1204 1462 ΚΕΦΔΛ.
1247 1397 1370 1455 AZ’.

461 1505 482 1542 ι
525 1488 635 1542 Καὶ
690 1488 785 1544 ἐὰν
827 1490 1129 1562 πατάξητε.
1165 1511 1183 1544 ι
1225 1490 1342 1563 Οὐχ
1399 1489 1482 1544 ὅτι
1516 1489 1677 1543 τοῦτο
1715 1489 1965 1560 γέγονεν,

379 1578 498 1633 ἀλλ’
524 1581 588 1634 ὲκ
613 1581 930 1654 δειγμάτων
971 1583 1156 1648 αὐτοῖς
1186 1583 1286 1654 τὴν
1339 1582 1582 1654 παντελῆ
1619 1583 1968 1638 ἀνελπιστίαν

378 1671 476 1726 τοῦ
499 1671 792 1744 δυνηθῆναι
819 1675 1108 1744 διαφυγεῖν
1135 1675 1422 1746 προλέγει.

2099 489 2319 531 ranunt.

2099 489 2125 526 r
2305 515 2319 531 .

2076 481 2096 527 ι
2379 582 2398 615 ι
2433 563 2552 617 Non
2585 562 2690 618 erit
2715 563 2767 619 ei
2795 563 2994 619 sedens
3047 578 3212 634 super
3241 563 3505 618 thronum
3550 561 3658 618 Da-

2073 657 2186 713 vid.
2237 676 2256 708 ι
2299 657 2364 710 Ει
2388 670 2551 726 supra
2571 655 2792 725 quidem
2819 656 3058 711 minatus
3085 663 3170 710 est
3184 653 3394 710 Joaeim
3420 671 3436 707 :
3467 652 3659 725 Sepul-

2076 757 2198 801 tura
2235 745 2373 800 asini
2395 745 2676 815 sepelietur
2706 746 2858 812 ";et
2895 758 3046 798 nunc
3076 757 3268 798 rursus
3299 741 3375 796 illi
3393 741 3656 810 minatur,

2075 838 2222 910 quod
2255 837 2512 893 volumen
2535 836 2645 908 igni
2677 836 2982 891 tradiderit.

2145 928 2210 982 V.
2235 929 2323 983 32.
2371 946 2390 980 ι
2414 927 2483 981 Et
2501 935 2770 998 praeterea
2798 926 2968 982 additi
2993 932 3124 980 sunt
3182 937 3473 978 sermones
3527 924 3656 994 plu-

2074 1034 2182 1075 res.
2228 1037 2247 1071 ι
2287 1018 2424 1087 Quia
2447 1017 2653 1074 Joacim
2683 1019 2981 1074 arbitratus
3011 1026 3116 1084 est,
3171 1015 3465 1073 combusto
3493 1019 3656 1074 voln-

2075 1116 2222 1170 mine
2253 1115 2596 1185 prophetiam
2620 1115 2932 1181 evanuisse,
2983 1116 3141 1186 jubet
3171 1115 3336 1183 Deus,
3371 1127 3426 1172 et
3475 1117 3654 1188 prima

2070 1206 2256 1273 scribi,
2300 1216 2354 1263 et
2382 1206 2606 1278 insuper
2631 1207 2754 1263 addi
2794 1209 2918 1262 alia.

2631 1384 2783 1442 CAP.
2822 1386 3084 1444 XXXVII.

2138 1477 2203 1532 V.
2233 1479 2286 1534 9.
2328 1497 2345 1531 ι
2388 1478 2454 1533 Et
2479 1477 2524 1535 si
2556 1479 2962 1549 percusseritis.
2999 1499 3016 1531 ι
3073 1481 3194 1534 Νοη
3237 1480 3382 1550 quod
3414 1481 3488 1535 ita
3544 1481 3650 1535 hoc

2066 1569 2253 1639 fuerit,
2285 1571 2380 1626 sed
2417 1585 2520 1641 per
2555 1573 2802 1642 exempla
2833 1573 2939 1627 illis
2968 1573 3234 1642 praedicit,
3263 1573 3470 1628 nullam
3524 1587 3648 1628 esse

2066 1678 2219 1733 spem
2252 1661 2539 1718 evadendi.

458 1782 478 1816 ι
506 1765 613 1819 Τοῦ
648 1765 923 1837 ἀγοράσαι
980 1769 1117 1822 ἐκεῖ.
1167 1786 1185 1819 ι
1244 1769 1314 1820 Ἦ
1361 1765 1633 1838 ἀγοράσαι
1670 1767 1835 1821 τόπον
1883 1768 1956 1833 είς

2140 1747 2200 1809 ν.
2234 1755 2318 1810 Il.
2359 1774 2378 1807 ι
2415 1753 2486 1811 Ut
2518 1764 2725 1812 emeret
2766 1754 2912 1811 inde.
2951 1775 2968 1808 ι
3005 1755 3105 1812 Vel
3137 1765 3195 1811 ut
3226 1763 3439 1811 emeret
3468 1755 3646 1813 locum

376 1853 630 1926 οἴκησιν,
665 1856 699 1927 ἦ
733 1858 1008 1929 ἀγοράσαι
1066 1859 1189 1913 ἀντὶ
1229 1859 1344 1924 τοῦ,
1381 1859 1676 1928 ἀγοράσαι,
1730 1861 1827 1913 καὶ
1867 1861 1959 1913 ἐπὶ

374 1946 476 2016 τῆς
506 1947 713 2020 ἀγορᾶς
740 1949 1122 2020 προφητεῦσαι
1142 1966 1158 1980 θ
1189 1950 1223 2021 ἢ
1253 1951 1416 2004 κάκεῖ
1436 1948 1958 2020 παρακινδυνεῦσαι,

373 2035 472 2090 καὶ
499 2038 610 2101 τοῖς
645 2038 870 2104 οἰκείοις
898 2039 1168 2105 κινδύνοις
1207 2039 1522 2114 ὠνήσασθαι
1551 2039 1650 2112 τὴν
1685 2042 1960 2113 σωτηρίαν

374 2126 487 2180 τῶν
516 2128 866 2200 σωζομένων.

452 2236 473 2272 ι
525 2219 747 2274 Πεσέτω
793 2222 854 2276 τὸ
918 2222 1087 2288 ἔλεος.
1124 2242 1145 2276 ι
1187 2226 1313 2278 ’Ότι
1367 2224 1533 2280 Γενοῦ
1589 2225 1840 2296 ἐλεήμων
1876 2228 1957 2290 είς

373 2310 500 2382 spe.
1760 2361 1762 2363 ,

446 2419 470 2455 ι
508 2404 620 2459 Καὶ
651 2406 959 2473 συνέταξεν.
990 2427 1010 2461 ι
1050 2409 1224 2463 Τοῦτο
1254 2409 1424 2480 λέγει,
1459 2412 1540 2465 δτι
1569 2410 1816 2481 ῥυπαρὸν
1857 2411 1957 2480 ἀρ·

371 2509 466 2548 τον
484 2491 685 2560 ἔξωθεν
715 2497 809 2551 τοῦ
836 2501 1169 2570 πεττομένου
1202 2476 1682 2574 τοϊς-ἐλευθέροις,
1705 2476 1794 2556 ίνα
1823 2476 1990 2576 εῖπῃί

371 2584 464 2641 τὸν
487 2589 604 2652 τοῖς
622 2589 862 2655 οἰκέταις
889 2591 1290 2663 παρεχόμενον,
1331 2591 1366 2664 ἢ
1399 2594 1496 2647 καὶ
1531 2595 1644 2658 τοῖς
1672 2594 1830 2648 κυσίν
1853 2609 1868 2623 ο
1918 2592 1952 2663 ἢ

368 2676 557 2749 ἐπειδὴ
591 2681 833 2736 σιτοδεία
863 2677 933 2754 ἦν
962 2683 1038 2745 ὡς
1068 2678 1126 2737 ἐν
1159 2683 1236 2753 τῷ
1282 2683 1530 2755 πολέμῳ,
1576 2685 1672 2739 καὶ
1720 2684 1952 2748 ἕκαστος

369 2769 604 2840 φανερόν
654 2786 710 2823 τι
757 2770 1086 2842 ἐλάμϐανεν,
1136 2772 1312 2844 λάθρα
1361 2773 1610 2845 ἔπεμπεν
1637 2776 1664 2829 ό
1696 2774 1952 2843 βασιλεὺς

369 2857 448 2930 τῷ
472 2863 750 2935 προφήτῃ,
779 2863 867 2918 ἵνα
912 2865 988 2936 μή
1015 2883 1099 2931 τις
1131 2867 1285 2938 αὐτῷ
1327 2867 1602 2940 συντύχῃο
1652 2867 1960 2938 ἐφοϐοῦντο

369 2949 478 3022 γὰρ
498 2951 598 3024 τὴν
629 2952 799 3009 αὑτοῦ
823 2955 1200 3012 διδασκαλίαν.

1977 3104 2027 3164 6

527 3217 532 3221 η
939 3154 1195 3210 ΚΕΦΑΛ.
1229 3155 1362 3210 AH'.
1942 3206 1944 3208 τ

439 3259 459 3294 ι
487 3241 612 3298 ’Ότι
662 3243 763 3298 οὐκ
795 3243 1029 3315 ἠδύνατο
1081 3248 1110 3300 ό
1165 3246 1432 3318 βασιλεὺς
1479 3247 1617 3320 πρὸς
1668 3247 1888 3312 αὐτούς.
1928 3268 1950 3302 ι

381 3334 522 3389 Ἀντὶ
565 3335 685 3402 τοῦ,
723 3337 982 3408 κερδᾶναι
1027 3339 1130 3410 τὴν
1169 3339 1348 3412 ψυχὴν
1395 3339 1591 3402 αὐτοῦ.
1638 3341 1808 3412 Δῆλος
1859 3335 1957 3395 οὖν

366 3424 480 3479 ἐστι
515 3425 687 3481 θέλων
721 3428 798 3501 μὴ
833 3431 1192 3503 ἀναιρεθῆναι
1229 3433 1323 3486 τδν
1365 3432 1680 3504 προφήτην,
1715 3431 1793 3496 ὡς
1831 3431 1954 3486 οὐδὲ

368 3517 600 3583 Πιλάτος
627 3520 721 3574 τὸν
755 3524 1052 3594 προφητῶν
1078 3524 1286 3596 Κύριον
1323 3525 1552 3597 Ἰησοῦν.
1729 3508 1736 3514 θ
1955 3531 1960 3536 ’

444 3630 463 3664 ι
495 3613 610 3666 Καὶ
635 3613 911 3684 ἐχάλασαν
939 3616 1104 3670 αὐτὸν
1153 3617 1237 3681 είς
1273 3617 1366 3671 τὸν
1394 3617 1618 3672 λάκκον.
1660 3634 1680 3668 ι
1730 3617 1952 3670 Γίνεται

367 3698 536 3763 τύπος
565 3702 595 3754 ό
626 3703 912 3774 προφήτης
931 3703 1028 3758 τοῦ
1053 3706 1195 3760 κατά
1226 3706 1464 3777 Χριστὸν
1497 3706 1827 3778 μυστηρίου,
1855 3703 1950 3758 τοῦ

365 3789 650 3859 δεδομένου
713 3791 815 3862 μὲν
837 3795 920 3857 είς
967 3797 1156 3866 χεῖρας
1213 3797 1486 3851 Ἰουδαίων
1539 3798 1644 3851 ὑπὸ
1685 3797 1949 3864 Πιλάτου,

367 3881 720 3947 κατελθόντος
745 3884 804 3939 δὲ
833 3886 972 3957 πρὸς
1012 3887 1105 3942 τὸν
1136 3887 1456 3958 δυσώνυμον
1492 3890 1588 3943 καὶ
1620 3889 1952 3959 ἀηδέστατον

367 3972 516 4046 ᾅδην,
535 3976 633 4028 καὶ
665 3977 731 4029 ὲκ
748 3977 860 4031 τῶν
891 3978 1102 4050 νεκρῶν
1139 3980 1472 4044 ἀναστάντος
1491 3997 1506 4011 ·
1551 3980 1700 4033 ῶσπε
1709 3997 1741 4050 ρ
1761 3981 1952 4052 ἀμέλει

366 4066 458 4118 καὶ
483 4067 513 4117 ό
546 4069 838 4138 προφήτης
865 4070 932 4124 ὲκ
965 4069 1062 4124 τοῦ
1089 4069 1296 4125 λάκκου
1327 4069 1497 4152 πάλιν
1510 4069 1677 4142 ἀνέϐη
1706 4086 1721 4101 ο
1749 4069 1952 4127 λάκκον

363 4158 476 4229 ὃὲή
503 4159 696 4231 Γραφὴ
730 4161 1004 4232 πολλαχοῦ
1038 4162 1130 4217 τὸν
1156 4162 1292 4236 ᾅδην
1315 4155 1492 4218 καλεῒο.

440 4267 460 4301 ι
503 4248 889 4322 Ἐπονηρεύσω
915 4251 954 4306 ἃ
995 4251 1322 4323 ἐποίησαςδν
1362 4251 1951 4323 Ἀϐδεμελὲχόλίθίοψ

367 4338 688 4411 βουλόμενος
717 4343 890 4398 σῶσαι
916 4343 1010 4398 τὸν
1047 4343 1322 4416 Ἰερεμίαν
1363 4343 1649 4415 μέμφεται
1675 4343 1757 4416 τῷ
1789 4343 1950 4415 βασι-

2065 1846 2133 1900 ad
2161 1846 2539 1912 habitandum,
2564 1848 2648 1901 vel
2675 1863 2772 1916 pro
2807 1863 2874 1902 eo
2906 1848 3049 1917 quod
3079 1857 3179 1914 est,
3209 1849 3539 1918 prophetare
3591 1847 3646 1901 in

2065 1937 2214 2006 foro;
2236 1939 2321 1993 vel
2355 1938 2519 1994 etiam
2551 1939 2625 1993 ibi
2655 1940 2956 2008 periculum
2996 1941 3227 2005 subiret,
3263 1951 3317 1995 et
3346 1941 3460 1995 suis
3498 1939 3646 2011 peri-

2064 2029 2200 2085 culis
2229 2030 2459 2085 salutem
2486 2040 2694 2087 emeret
2715 2032 3120 2087 salvandorum.

2134 2221 2198 2277 ν.
2229 2223 2314 2278 19.
2355 2242 2373 2275 ‹
2402 2223 2599 2279 Veniat
2619 2223 3018 2280 misericordia.
3075 2245 3093 2278 ι
3135 2225 3193 2282 Id
3215 2237 3300 2283 est
3332 2228 3644 2284 misericors

2061 2313 2116 2368 in
2155 2330 2242 2370 me
2272 2315 2369 2370 sis.

2130 2402 2197 2458 V.
2224 2405 2312 2460 20.
2357 2424 2376 2457 ι
2410 2406 2473 2460 Et
2513 2406 2793 2477 praecepit.
2837 2426 2855 2460 ›
2883 2405 2997 2462 Hoc
3025 2407 3120 2475 ait,
3143 2410 3288 2478 quod
3322 2424 3520 2478 panem
3549 2411 3646 2467 da-

2057 2499 2191 2556 bant
2223 2501 2524 2566 sordidum,
2553 2518 2665 2557 non
2701 2503 2850 2556 illum
2903 2503 2998 2572 qui
3045 2502 3404 2559 nobilioribus
3436 2521 3642 2574 eoque-

2057 2587 2238 2642 batur.
2277 2586 2440 2654 Quasi
2473 2589 2719 2654 diceret,
2754 2607 2879 2645 eum
2910 2592 3004 2660 qui
3054 2593 3270 2647 famulis
3300 2595 3380 2648 vel
3411 2595 3644 2650 canibus

2056 2677 2468 2748 porrigebatur;
2493 2679 2578 2734 vel
2601 2681 2728 2749 quia
2756 2681 3012 2736 frumenti
3046 2693 3162 2738 erat
3193 2684 3398 2754 inopia,
3425 2694 3481 2738 ut
3504 2690 3643 2739 lem-

2057 2781 2193 2837 pore
2220 2767 2350 2824 belli
2381 2768 2499 2826 fieri
2521 2771 2742 2836 assolet,
2772 2781 2828 2827 et
2860 2759 3236 2845 unusquisque
3275 2784 3482 2831 certam
3509 2793 3641 2846 por-

2059 2857 2264 2914 tionem
2296 2861 2566 2925 sumebat,
2603 2861 2739 2916 clam
2767 2864 3018 2920 mittebat
3077 2868 3361 2937 propheta:
3407 2884 3524 2931 rex,
3571 2884 3644 2923 ne

2055 2949 2178 3018 quis
2217 2964 2343 3004 eum
2371 2950 2778 3022 alloqueretur;
2811 2955 3014 3009 etenim
3045 2957 3165 3028 ejus
3191 2957 3493 3014 doctrinam
3512 2974 3634 3030 per-

2057 3043 2445 3103 timescebant.
2901 3043 2946 3078 ⁶’

2617 3159 2772 3214 CAP.
2796 3159 3091 3216 XXXVIII.

2125 3242 2194 3300 γ.
2223 3245 2278 3301 5.
2317 3264 2336 3299 ι
2363 3246 2483 3302 Νοη
2501 3249 2650 3305 enim
2673 3260 2888 3320 poterat
2907 3267 3004 3306 rex
3039 3253 3305 3308 adversus
3333 3267 3448 3309 eos.
3488 3272 3507 3306 ι
3527 3253 3641 3310 Hoc

2054 3343 2174 3402 est,
2205 3337 2326 3406 ejus
2361 3338 2600 3394 animam
2651 3340 2886 3411 eripere.
2961 3341 3190 3398 Constat
3232 3345 3398 3414 igitur
3453 3361 3641 3417 regem

2052 3426 2295 3483 noluisse
2322 3430 2498 3485 occidi
2519 3433 2866 3502 prophetam,
2889 3432 3032 3488 sicut
3056 3449 3237 3504 neque
3262 3434 3470 3490 Pilatus
3495 3451 3629 3506 pro-

2053 3519 2343 3589 phetarum
2379 3521 2670 3577 Dominum
2705 3522 2914 3578 Jesum.

2123 3609 2191 3664 ν.
2221 3611 2278 3666 6.
2323 3629 2342 3664 t
2383 3611 2449 3667 Et
2473 3614 2815 3669 demiserunt
2845 3630 2971 3669 eum
3013 3613 3068 3669 in
3091 3614 3290 3670 lacum.
3324 3633 3343 3666 ι
3375 3614 3464 3670 Fit
3504 3631 3636 3686 pro-

2052 3701 2220 3772 pheta
2252 3709 2414 3773 typus
2458 3705 2701 3775 mysterii
2732 3720 2841 3774 quo
2867 3704 3120 3761 Christus
3173 3705 3632 3777 praesignabatur,

2052 3790 2146 3859 qui
2175 3790 2404 3846 traditus
2432 3791 2535 3847 fuit
2566 3809 2596 3847 a
2634 3793 2807 3849 Pilato
2838 3794 2894 3848 in
2917 3793 3230 3850 Iudaeorum
3262 3811 3458 3851 manus
3487 3797 3630 3873 :_de-

2054 3882 2270 3938 scendit
2301 3898 2434 3939 vero
2463 3885 2517 3938 in
2559 3877 2788 3939 fetidum
2837 3886 3403 3957 molestissimumque
3461 3887 3629 3943 infer-

2053 3989 2210 4039 num,
2239 3975 2711 4046 resurrex-itque-e
2746 3978 3015 4041 mortuis;
3059 3978 3201 4032 sicut
3256 3987 3319 4032 et-
3361 3979 3644 4048 prophetao

2052 4078 2244 4127 rursus
2274 4081 2306 4120 e
2335 4066 2457 4120 lacu
2494 4066 2742 4121 ascendit
2769 4083 2782 4119 :
2825 4067 3014 4121 lacum
3032 4067 3239 4138 quippe
3281 4067 3484 4124 divina
3513 4067 3636 4122 Lit-

2057 4165 2185 4214 terae
2215 4157 2401 4213 multis
2419 4158 2473 4212 in
2499 4156 2927 4212 locis-infernum
2956 4168 3177 4214 vocant.

2125 4248 2191 4303 ν.
2227 4250 2281 4306 9..
2328 4269 2348 4302 ι
2388 4248 2526 4305 Male
2552 4247 2728 4305 fecisti
2764 4265 2887 4318 qua:
2940 4249 3142 4305 fecisti.
3183 4269 3202 4303 ι
3254 4250 3637 4307 Αὺὰειηοιοοῆ

2053 4341 2309 4413 Ᾱζιιιίορε
2361 4357 2584 4398 servare
2644 4342 2836 4397 volens
2893 4341 3221 4409 Jeremiam,
3279 4342 3642 4413 reprehendi!

365 4432 449 4484 λετ
465 4431 670 4500 λέγων’
703 4435 776 4488 Οὐ
821 4435 1005 4500 καλῶς
1043 4435 1364 4492 ἂϐουλιύσωο
1383 4437 1706 4492 ἀποκτεῖναι
1737 4437 1830 4491 τὸν
1859 4436 1947 4491 ἄν·

2075 4447 2255 4504 'egem,
2281 4433 2534 4504 inquiens
2579 4449 2594 4487 :
2643 4433 2768 4489 Non
2827 4433 3036 4488 bonum
3090 4433 3262 4488 iniisti
3318 4432 3641 4498 consilium,

363 4519 465 4590 δρα
506 4523 565 4574 ὲν
594 4522 673 4594 τῷ
712 4523 922 4595 λάκκῳ.
962 4525 1111 4578 Ἔδει
1143 4523 1252 4596 γάρ
1297 4525 1482 4592 αὑτὸν,
1533 4525 1627 4578 τὸν
1673 4524 1947 4580 οἴκτιστον

370 4611 468 4665 σὺν
495 4612 628 4681 ήμϊν
657 4613 952 4686 ὑπομεῖναι
971 4613 1204 4670 θάνατον
1231 4613 1323 4669 τὸν
1343 4614 1434 4671 διά
1459 4613 1554 4669 τοῦ
1586 4613 1774 4686 λιμοῦ.

443 4806 464 4842 ι
501 4791 577 4863 Ζῇ
604 4789 829 4865 Κύριος.
865 4810 888 4844 ›
923 4793 1160 4864 Σημείον
1190 4792 1285 4847 καὶ
1321 4790 1593 4858 ἐντεῦθεν,
1621 4792 1704 4846 ὅτι
1748 4787 1946 4859 κτιστὴ

373 4883 404 4954 ἡ
441 4879 612 4954 ψυχήο

441 4991 463 5028 ι
504 4973 650 5044 Ἐγὼ
689 4974 847 5046 λόγον
895 4975 1024 5048 ἔχω.
1077 4994 1096 5028 ι
1155 4976 1278 5030 Τῶν
1319 4973 1591 5030 Ἰουδαίων
1627 4975 1774 5039 τινὲς
1812 4974 1950 5046 πρδς

371 5064 494 5129 τοὺς
513 5067 816 5132 Χαλδαίους
836 5067 1339 5139 αὐτομολήσαντες,
1361 5065 1720 5137 ὑπισχνοῦντο
1747 5065 1824 5137 τῷ
1846 5068 1950 5120 Σε-

373 5153 544 5225 δεκίᾳ,
598 5157 673 5227 μὴ
709 5160 1090 5231 συγχωρήσειν
1138 5157 1267 5223 τοὺς
1320 5158 1616 5230 πολεμίους
1665 5157 1951 5213 συλλαϐεῖν

373 5245 535 5302 αὐτόν
553 5262 568 5277 ’
603 5248 699 5300 καὶ
729 5249 980 5305 ἐπείθετο
1013 5250 1215 5322 μᾶλλον
1239 5249 1471 5317 τούτοις,
1502 5249 1536 5321 ἤ
1569 5249 1689 5321 Θεῷ
1711 5248 1946 5318 λέγοντι,

372 5336 484 5390 δεῖν
529 5336 893 5408 ἀκολουθῆσαι
934 5340 1014 5412 τῷ
1066 5339 1417 5412 Βαϐυλωνίῳ.
1468 5341 1665 5410 Ἔλεγε
1703 5339 1762 5394 δὲ
1790 5340 1950 5394 τοῦτο

373 5425 528 5493 Θεὸς,
582 5425 904 5497 βουλόμενος
933 5430 1134 5494 αὐτοὺς
1182 5429 1460 5502 σωθῆναι⁹
1494 5432 1543 5484 εί
1595 5430 1704 5499 γάρ
1748 5428 1950 5498 ἔζησαν

374 5515 844 5586 ἀκολουθήσαντες
860 5517 939 5589 τῷ
966 5519 1232 5592 πολεμίῳ,
1263 5519 1483 5590 γνόντες
1511 5519 1604 5578 τδν
1635 5517 1950 5592 παραδόντα

450 5698 493 5729 ⁵⁸
526 5695 730 5754 Jerem.
759 5711 910 5766 nux,
936 5697 1018 5753 ιο.

2049 4532 2112 4578 ut
2160 4524 2340 4579 virum
2394 4524 2543 4579 hunc
2596 4523 2652 4578 in
2702 4524 2824 4579 lacu
2876 4524 3238 4592 interﬁceres,
3261 4539 3387 4580 eum
3412 4524 3487 4580 illi
3522 4540 3636 4579 una

1935 4665 1938 4672 τ
2047 4613 2340 4669 nobiscum
2386 4613 2696 4669 miserrima
2745 4630 2896 4671 mors
2942 4631 3044 4686 per
3104 4616 3305 4672 famem
3346 4615 3641 4672 subeunda

1999 4729 2002 4732 ’
2049 4711 2216 4758 esset.

2116 4791 2182 4846 ν.
2216 4791 2334 4845 I6.r
2366 4789 2511 4845 Vivit
2531 4790 2817 4846 Dominus.
2867 4810 2896 4842 ν
2925 4792 3066 4848 Ηίηο
3098 4794 3262 4849 etiam
3287 4788 3637 4863 iudicamus,

2047 4882 2286 4937 animam
2308 4889 2544 4936 creatam
2563 4895 2703 4936 esse.

2117 4974 2184 5030 Υ.
2215 4975 2302 5030 19.
2326 4994 2345 5027 ι
2379 4973 2492 5046 Ego
2513 4972 2778 5028 rationem
2807 4973 3006 5030 habeo.
3051 4991 3070 5026 ι
3110 4972 3343 5039 Quidam
3381 4974 3638 5031 eludazis

2049 5065 2144 5136 qui
2174 5065 2242 5122 ad
2279 5063 2565 5122 Chaldaeos
2597 5063 3024 5137 transfugerant,
3048 5063 3295 5120 Sedeciae
3341 5065 3632 5136 promitte-

2049 5154 2183 5210 bant
2215 5171 2274 5210 se
2303 5169 2418 5209 non
2462 5154 2832 5226 permissuros
2882 5163 2943 5210 ut
2979 5157 3050 5211 ab
3099 5153 3357 5210 hostibus
3409 5171 3634 5226 capere-

2054 5252 2176 5300 tur:
2228 5243 2509 5317 magisque
2568 5244 2674 5299 illis
2721 5246 2979 5301 credebat
3021 5260 3189 5316 quam
3250 5246 3367 5301 Deo
3425 5245 3631 5301 dicenti

2057 5345 2312 5407 oportere
2334 5336 2684 5408 Babylonium
2723 5337 2898 5408 sequi.
2935 5337 3052 5393 Hoc
3073 5347 3268 5391 autem
3313 5336 3458 5391 Deus
3486 5336 3634 5392 dice-

2056 5429 2170 5493 bat,
2202 5429 2413 5487 malens
2441 5444 2539 5486 eos
2559 5429 2922 5494 salvos;nam
2983 5430 3038 5484 si-
3087 5429 3356 5485 vixissent
3410 5429 3631 5483 hostem

2058 5520 2251 5587 secuti,
2285 5520 2458 5578 Deum
2491 5521 2587 5592 qui
2610 5537 2715 5578 eos.
2750 5522 3051 5578 tradiderat
3075 5529 3459 5592 agnoscentes,
3513 5531 3632 5589 pm~
