3876 6304
409 269 520 336 W3
1506 275 2030 340 OLYMPIODORI
2073 277 2609 343 ALEXANDRINI
3621 279 3713 342 7N

405 388 469 443 in
500 386 731 443 salutem
759 388 818 442 in
845 385 990 442 omni
1032 385 1146 440 loco
1175 403 1193 441 :
1244 388 1340 442 sed
1386 404 1512 444 eum
1561 391 1727 447 homo
1765 393 1863 460 sis,
1894 394 1991 450 nol.

2119 395 2238 460 μίου
2273 395 2303 449 δ
2349 393 2485 458 Θεὸς
2507 434 2523 459 ,
2563 393 2648 446 ὅτι
2687 390 3015 462 Πεμσὼσω
3063 407 3182 448 σου
3229 393 3347 461 τὴν
3384 389 3620 461 ψυχὴν
3651 393 3712 443 ιγ

411 494 657 548 quaerere
687 487 748 536 ut
770 479 912 537 liber
938 495 970 534 α
995 479 1278 535 doloribus
1325 480 1420 535 sis.
1453 481 1651 538 Doctos
1685 484 1760 538 ait
1791 485 1846 538 in
1883 485 1991 556 lege

2119 487 2285 541 παντί
2317 485 2502 553 τόπῳ.
2540 486 2632 556 Μὴ
2655 485 2807 556 ζήτει
2838 485 2919 552 δὲ,
2939 485 3226 554 ἄνθρωπος
3244 483 3351 548 ὢν,
3377 483 3711 554 ἀπαλλαγῆ-

411 573 484 628 ad
550 572 782 629 honesta
845 588 1073 644 qumque
1139 573 1363 642 largitus
1434 584 1538 629 est.
1619 577 1680 630 in
1744 577 2000 634 Arabiam

413 665 629 737 fugiens
665 664 944 732 Sedecias,
980 666 1036 720 in
1077 681 1196 721 eam
1225 682 1349 737 quae
1380 684 1528 723 nunc
1559 667 1784 740 Daphne
1811 672 2002 742 appel-

308 753 312 758 ’
415 755 581 809 latur.

486 844 552 900 ν.
597 846 649 902 5.
705 864 725 900 ι
761 846 828 902 Et
879 856 936 903 tu
969 863 1204 918 quaeres.
1241 867 1259 900 ι
1306 848 1424 905 Noli
1465 868 1752 921 quaerere;
1806 869 2001 925 magna

415 939 620 1010 quippe
649 948 707 998 et
730 942 1094 1001 admiratione
1123 944 1283 1016 digna
1315 961 1420 1001 non
1451 947 1559 1009 hic,
1586 947 1682 1003 sed
1724 949 1778 1002 in
1812 947 2000 1004 futuro

417 1031 637 1088 saeculo.

997 1170 1150 1225 CAP.
1221 1171 1406 1226 XLVI.

485 1281 548 1337 ν.
583 1284 639 1338 2.
672 1301 691 1336 ι
728 1281 788 1339 ln
815 1282 1086 1339 Charmis.
1127 1304 1145 1337 ι
1182 1285 1323 1341 Urbs
1345 1295 1431 1341 est
1463 1286 1714 1343 Charmis
1751 1291 1805 1344 in
1832 1291 2001 1348 Meso-

415 1371 674 1441 potamia.

482 1461 551 1518 V.
583 1465 636 1520 5.
679 1483 700 1517 ι
727 1463 934 1521 Idcirco
970 1476 1171 1536 pavent
1201 1469 1327 1538 ipsi.
1363 1487 1382 1520 ι
1418 1469 1692 1541 Propheta
1725 1475 1803 1528 ait
1833 1474 1999 1547 Egy-

415 1555 584 1625 ptios,
609 1556 702 1626 qui
746 1557 1085 1627 parabantur
1110 1559 1179 1615 ad
1210 1559 1558 1617 inferendum
1593 1564 1823 1632 bellum,
1850 1567 1999 1638 ipsos

415 1643 534 1702 fore
565 1647 810 1719 pavidos.

2103 597 2191 634 ναι
2242 581 2444 635 πόνων.
2494 580 2637 643 Τοὺς
2707 577 3080 650 νομομαθεῖς,
3131 580 3330 647 φησὶν,
3392 579 3479 640 εἰς
3537 577 3709 629 nas-.1

2105 674 2282 744 σεμνὰ
2315 675 2638 744 ἐχαρίσατο.
2685 673 2810 726 Ἐπὶ
2854 673 2955 743 τὴν
3000 671 3264 741 Ἀραϐίαν
3310 672 3629 740 φεύγοντες
3667 673 3708 722 οξ

2103 765 2248 835 ἀμφὶ
2275 765 2366 818 τὸν
2396 765 2652 818 Σεδεκίαν
2670 803 2684 828 ,
2706 767 2786 829 είς
2820 764 2920 835 τὴν
2945 763 3042 817 νῦν
3069 764 3429 834 καλουμένην
3460 764 3704 832 Δάφνις-ι.

2178 873 2196 905 ι
2230 856 2340 909 Καὶ
2375 857 2440 911 σὺ
2482 854 2764 927 ζητήσεις.
2801 876 2821 908 ›
2875 855 2966 927 Μὴ
3003 855 3285 928 ζητήσῃς·
3345 855 3419 908 τὰ
3452 855 3572 924 γὰρ
3617 874 3709 923 με·

2102 946 2245 1016 γάλα
2273 949 2369 1002 καὶ
2418 948 2730 1019 ἀξιάγαστα
2769 949 2870 1003 οὐκ
2901 947 3141 1003 ἐνταῦθα
3162 990 3177 1018 ,
3211 948 3329 1003 ἀλλ’
3366 950 3430 1000 ἐν
3458 946 3544 1017 τῷ
3583 948 3708 1017 μέλι

2105 1038 2253 1092 λοντι
2277 1039 2458 1094 αἰῶνι.
2558 1066 2561 1068 ·

2665 1175 2921 1228 ΚΕΦΑΛ.
2963 1175 3115 1242 MC’.

2179 1302 2196 1335 ι
2242 1284 2330 1339 Ἐν
2363 1286 2630 1358 Χαρμεῖς.
2674 1306 2692 1340 ι
2740 1287 2900 1349 Πόλις
2957 1287 3107 1340 ἐστὶν
3155 1289 3188 1356 ἡ
3236 1288 3463 1356 Χαρμῖς
3515 1286 3582 1337 ὲν
3639 1286 3702 1357 τῇ

2101 1376 2525 1450 Μεσοποταμίᾳ.

2179 1485 2198 1518 ι
2233 1467 2334 1520 Διὰ
2389 1466 2550 1520 τοῦτο
2601 1467 2760 1521 αὑτοὶ
2821 1467 3137 1523 πτοοῦνται.
3195 1487 3213 1519 ι
3283 1469 3344 1522 Ὁ
3403 1470 3702 1540 προφήτης

2103 1554 2291 1624 φησὶν,
2321 1555 2403 1608 ὅτι
2429 1557 2478 1609 οξ
2523 1557 3085 1627 παρασκευαζόμενοι
3127 1561 3208 1622 εἰς
3256 1560 3502 1630 πόλεμον
3531 1561 3702 1629 Δίγυ-

2043 1689 2048 1698 ,
2103 1661 2240 1698 πτου
2271 1644 2382 1717 [ἵσ.
2424 1647 2759 1719 Αίγύπτιοιῇ
2791 1650 2947 1702 αὐτοὶ
2985 1650 3301 1706 πτοοῦνται.

485 1738 551 1793 ν.
593 1741 645 1795 7.
699 1759 719 1819 ι
755 1739 890 1808 Quis
919 1750 1005 1799 est
1043 1744 1144 1800 iste
1176 1745 1271 1815 qui
1299 1746 1455 1816 quasi
1481 1746 1727 1803 ﬂumen?
1763 1767 1782 1800 ι
1817 1750 1991 1822 Baby-

2176 1754 2195 1788 ι
2234 1737 2331 1802 Τίς
2362 1731 2520 1804 οὗτος
2551 1739 2626 1804 ὡς
2649 1741 2931 1812 ποταμός;
2971 1762 2989 1794 ι
3037 1743 3096 1796 '0
3129 1742 3508 1808 Βαϐυλώνιος.

337 1869 340 1872 .
415 1832 615 1888 ionius.

487 1923 549 1978 V.
590 1924 677 1980 io.
718 1942 738 1977 ι
770 1926 839 1980 Et
862 1924 979 1980 dies
1009 1927 1119 1982 ille.
1156 1945 1175 1978 ι
1219 1927 1350 1983 Post
1378 1943 1602 1985 sensum
1643 1931 1992 1999 historicum,

411 2013 615 2072 Christi
642 2017 935 2072 adventum
969 2018 1211 2090 intellige
1235 2060 1249 2084 ,
1285 2021 1503 2089 quando
1534 2022 1755 2092 penitus
1785 2024 1997 2079 inimici

411 2106 508 2162 Dei
534 2108 811 2164 daemones
849 2109 1075 2164 edomiti
1104 2119 1253 2165 sunt.

478 2217 544 2273 V.
576 2219 661 2275 li.
699 2238 719 2271 ι
757 2219 1006 2275 Ascende
1035 2219 1258 2277 Galaad.
1298 2239 1317 2274 ι
1351 2221 1551 2279 Galaad
1577 2223 1749 2295 gignit
1774 2225 1996 2296 quidem

409 2311 668 2377 resinam,
699 2326 822 2381 qua:
861 2311 1181 2368 vulneribus
1207 2313 1418 2368 medela
1440 2323 1545 2370 est.
1575 2315 1782 2372 Sensus
1812 2327 1994 2374 autem

408 2404 574 2474 hujus
618 2405 893 2460 sermonis
939 2414 1060 2460 est:
1113 2404 1313 2460 Galaad
1359 2406 1719 2476 pollicebatur
1744 2407 1994 2480 Egyptio

408 2494 631 2558 auxilia,
665 2502 720 2548 at
756 2494 872 2564 ipsa
900 2494 1078 2563 primo
1098 2503 1255 2564 capta
1274 2503 1378 2550 est.
1408 2495 1541 2561 Quae
1571 2496 1756 2567 igitur,
1790 2498 1992 2569 inquit,

407 2584 529 2640 aliis
556 2585 754 2640 auxilia
793 2586 1086 2655 promittis,
1135 2586 1455 2656 tibimetipsi
1489 2602 1650 2657 opem
1679 2589 1781 2644 fer.
1810 2589 1992 2662 Virgi-

407 2691 535 2731 nem
565 2691 729 2746 porro
776 2686 936 2732 vocat
960 2676 1271 2747 Egyptum,
1323 2678 1453 2748 quia
1489 2687 1619 2734 tunc
1649 2681 1885 2750 primum
1925 2683 1996 2738 ab

409 2763 660 2818 hostibus
699 2764 931 2834 turpiter
969 2765 1182 2821 devicta
1220 2777 1322 2832 est,
1362 2774 1418 2822 et
1457 2769 1859 2837 quodammodo
1891 2771 1989 2828 de-

407 2851 638 2920 ﬁorata;
685 2851 850 2908 ﬁliam
895 2869 1026 2910 vero
1076 2854 1312 2926 Egypti,
1352 2865 1512 2913 vocat
1553 2858 1832 2930 regionem
1881 2862 1994 2917 cir-

408 2945 795 3016 cumpositam.
819 2973 828 2983 -

477 3035 546 3092 ν.
604 3038 765 3135 θὶι
802 3036 1011 3093 Pariter
1057 3039 1392 3135 ceciderunt.
1434 3060 1454 3093 ι
1507 3044 1732 3135 Nechao
1782 3044 1994 3105 Pharao
2023 3075 2066 3135 ο

407 3145 534 3186 cum
563 3129 827 3194 subditis;
863 3131 950 3186 vel
982 3139 1038 3186 et
1066 3130 1264 3188 Galaad
1295 3149 1421 3188 cum
1452 3134 1706 3208 Egypto.

479 3221 544 3278 V.
570 3223 657 3279 i5.
696 3242 716 3275 ι
742 3222 1112 3288 Ωυωιοουιιιε,
1131 3235 1214 3280 est
1243 3225 1526 3284 Dominus.
1560 3248 1580 3282 ›
1610 3231 1821 3288 Dicitur
1849 3233 1994 3290 Deus

408 3313 465 3368 in
493 3327 657 3368 manu
691 3312 840 3384 loqui
877 3314 1294 3384 prophetarum,
1337 3319 1597 3389 quoniam
1645 3323 1829 3378 omnia
1869 3341 1994 3395 qua;

408 3403 657 3459 {scienda
696 3404 977 3475 prophetae
1021 3406 1338 3475 audiebant,
1375 3409 1668 3468 faciebant.
1723 3412 1783 3469 In
1825 3432 1992 3473 manu

405 3494 612 3565 quippe
639 3495 784 3550 actio
805 3504 891 3551 est
922 3513 938 3563 ;
969 3497 1054 3552 vel
1101 3505 1392 3568 postquam
1431 3503 1614 3557 omnia
1654 3503 1747 3560 Dei
1773 3505 1991 3565 decreta

404 3599 438 3638 a
468 3585 752 3655 prophetis
783 3586 1106 3641 annuntiata
1137 3598 1356 3658 peracta
1403 3589 1577 3650 fuere.

477 3673 542 3728 V.
581 3675 670 3729 14.
715 3693 734 3726 ι
773 3675 1112 3733 Annuntiate
1157 3679 1213 3733 in
1252 3679 1579 3752 Magdolum.
1632 3702 1650 3737 ι
1700 3685 1989 3759 Memphis,

404 3774 462 3819 et
489 3763 766 3836 Taphnas,
797 3777 853 3822 et
885 3767 1181 3840 Magdolus,
1224 3772 1387 3829 urbes
1411 3783 1569 3830 erant
1605 3775 1990 3850 Egyptiorum

404 3856 647 3913 illustres
669 3867 726 3914 et
759 3861 942 3932 regite.

478 3965 499 3999 ι
537 3948 602 4002 Et
617 3952 938 4007 annuntiate
969 3951 1024 4007 in
1053 3951 1368 4025 Memphim.
1399 3975 1418 4008 ι
1446 3954 1696 4030 Ρι-ωρατα
1727 3968 1779 4016 te
1813 3960 1988 4032 ipsam

403 4039 471 4096 ad
533 4056 762 4110 necem,
815 4052 933 4111 sta,
988 4059 1088 4116 pro
1154 4050 1400 4117 percipe,
1455 4051 1603 4122 quod
1659 4052 1804 4108 sicut
1853 4055 1988 4111 smi-

403 4128 596 4274 :acern,
653 4131 734 4189 sic
775 4148 959 4206 regem
1017 4142 1172 4192 tuum
1222 4138 1506 4195 abscindet
1557 4141 1772 4214 gladius
1810 4143 1989 4218 Baby-

425 4234 558 4277 onn.

473 4262 663 4367 Yrjiti.
696 4331 716 4366 ι
747 4311 816 4367 Et
858 4316 1258 4387 unusquisque.
1307 4337 1328 4372 ι
1365 4317 1538 4376 Judzei
1577 4323 1673 4392 qui
1717 4322 1774 4378 in
1816 4323 1986 4397 Egy-

2176 1935 2195 1969 ι
2238 1916 2350 1972 Καὶ
2380 1919 2413 1990 ἠ
2446 1919 2649 1989 ἡμέρα.
2676 1938 2694 1972 ι
2731 1920 2889 1974 Μετὰ
2912 1921 3012 1992 τὴν
3038 1922 3285 1992 ἱστορίαν
3321 1923 3419 1993 τὴν
3451 1900 3694 1994 Χριστοῦ
3813 1920 3815 1926 ’

2102 2009 2408 2080 παρουσίαν
2431 2011 2563 2075 νόει,
2591 2012 2682 2064 ὅτε
2712 2011 2938 2076 τελείως
2961 2013 3012 2065 οἱ
3047 2012 3236 2083 ἐχθροὶ
3258 2013 3352 2067 τοῦ
3385 2013 3530 2068 Θεοῦ
3557 2033 3697 2068 κατ-

2099 2097 2454 2170 ηγορήθησαν
2483 2099 2764 2170 δαίμονες.

2177 2231 2196 2264 ι
2241 2212 2496 2284 ’Δνὰϐηθι
2533 2213 2770 2268 Γαλαὰδ.
2807 2233 2826 2267 ι
2881 2215 2945 2268 Ἦ
2995 2215 3210 2271 Γαλαὰδ
3254 2215 3370 2285 ἔχει
3417 2215 3526 2286 μὲν
3597 2215 3692 2284 τὴν

2101 2305 2362 2378 ῥητίνην,
2407 2305 2659 2377 ίατρικὴν
2697 2304 2867 2362 οὖσαν
2905 2307 3266 2378 τραυμάτων.
3307 2309 3375 2360 Ὃ
3413 2307 3476 2361 δὲ
3518 2307 3690 2374 λέγει,

2099 2396 2346 2451 τοιοῦτόν
2385 2400 2570 2453 ἐστιν’
2617 2399 2682 2452 Ἦ
2715 2399 2932 2452 Γαλαὰδ
2965 2398 3346 2469 ἐπηγγέλλετο
3380 2400 3691 2469 ἐπαμύνειν

2098 2488 2177 2560 τῷ
2200 2489 2484 2560 Αἰγυπτίῳ
2505 2507 2520 2521 ο
2549 2491 2645 2543 καὶ⁸
2675 2489 2817 2562 α’ὑτη
2839 2489 3030 2562 πρώτη
3062 2491 3228 2544 ἑάλω.
3265 2490 3329 2542 Ἡ
3353 2485 3476 2554 οῦν,
3501 2491 3688 2560 φησιν,

2100 2579 2506 2653 ὑπισχνουμένη
2536 2580 2726 2650 ξᾶλλοις
2761 2581 2998 2653 βοηθεῖν,
3018 2583 3193 2652 σαυτῇ
3221 2580 3520 2652 βοήθησον.
3552 2583 3692 2651 Παρ-

2100 2671 2252 2728 θένον
2284 2673 2342 2726 δὲ
2385 2673 2486 2742 τὴν
2513 2673 2794 2742 Αἴγυπτόν
2827 2691 3012 2744 φησιν,
3051 2673 3131 2736 ὡς
3171 2674 3293 2726 τότε
3327 2674 3554 2744 πρῶτον
3600 2675 3692 2728 al-

2101 2765 2283 2837 σχρῶς
2313 2765 2421 2819 ὑπὸ
2466 2765 2747 2836 πολεμίων
2797 2765 3148 2836 ἡττηθεῖσαν,
3199 2766 3298 2818 καὶ
3330 2765 3408 2827 ὡς
3443 2765 3512 2818 ἂν
3547 2766 3691 2820 εἴποι

2096 2876 2182 2922 τις
2225 2858 2780 2932 διαπαρθενευθεῖσαν
2799 2877 2814 2891 ο
2843 2858 3120 2928 θυγατέρα
3154 2857 3213 2910 δὲ
3254 2858 3568 2927 Αἰγύπτου,
3589 2857 3693 2928 ἢν

2101 2951 2412 3023 περίχωρον
2438 2951 2722 3021 ὀνομάζει.

2175 3059 2195 3092 ι
2243 3041 2366 3094 Ἐπὶ
2407 3041 2469 3095 τὸ
2511 3040 2645 3096 αὑτὸ
2688 3040 2913 3094 ἔπεσαν.
2952 3059 2971 3092 ι
3015 3040 3072 3094 '0
3108 3039 3308 3110 Νεχαὼ
3344 3040 3556 3110 Φαραὼ
3593 3041 3692 3092 σὺν

2095 3131 2210 3194 τοῖς
2244 3129 2508 3201 ὑπηκόοις
2528 3147 2542 3161 ·
2577 3131 2610 3202 ἢ
2646 3133 2742 3184 καὶ
2770 3130 2986 3184 Γαλαὰδ
3009 3130 3108 3183 σὺν
3136 3132 3200 3201 τῇ
3234 3129 3526 3202 Δίγὺπτῳ.

2172 3240 2192 3275 ι
2227 3224 2296 3276 "A
2321 3222 2555 3293 ἐλάλησε
2582 3222 2811 3294 Κύριος.
2847 3241 2865 3274 ι
2905 3223 3140 3291 Λέγεται
3164 3221 3296 3285 Θεὸς
3330 3223 3391 3275 ἐν
3421 3222 3573 3292 χειρὶ
3594 3223 3690 3276 λα-

2095 3313 2209 3368 λεῖν
2241 3314 2352 3368 τῶν
2383 3313 2704 3384 προφητῶν,
2759 3313 2952 3384 ἐπειδὴ
2983 3313 3168 3368 πάντα
3211 3313 3315 3366 ὅσα
3347 3313 3602 3382 ἥκουσαν
3631 3313 3686 3366 οι

2095 3405 2371 3476 προφῆται
2419 3407 2614 3471 ποιεῖν,
2650 3405 2892 3460 ἐποίουν.
2929 3406 3091 3475 Χειρὶ
3121 3405 3232 3476 γὰρ
3278 3407 3310 3476 ἡ
3357 3405 3584 3475 πρᾶξις.
3614 3407 3686 3458 Ἦ

2095 3499 2190 3551 καὶ
2223 3498 2410 3568 ἐπειδὴ
2447 3497 2627 3553 πάντα
2655 3496 2727 3551 τὰ
2763 3497 3081 3568 μηνυόμενα
3109 3496 3216 3550 ὑπὸ
3240 3497 3339 3550 τοῦ
3367 3497 3532 3564 Θεοῦ,
3576 3499 3683 3552 ὑπὸ

2093 3587 2204 3641 τῶν
2245 3587 2546 3660 προφητῶν
2577 3589 2658 3652 είς
2687 3587 2853 3658 ἔργον
2879 3587 3100 3658 ἐχώρει.

2174 3696 2194 3730 ι
2216 3677 2608 3748 ’Δναγγείλατε
2633 3679 2715 3741 είς
2745 3677 3067 3747 Μαγδωλόν.
3100 3696 3119 3730 ι
3155 3677 3406 3749 Μέμφις,
3447 3679 3543 3733 καὶ
3573 3677 3682 3734 Τὰς

2093 3785 2232 3838 φνας
2255 3807 2272 3835 ,
2303 3769 2402 3824 καὶ
2455 3769 2788 3838 Μαγδωλὺς,
2842 3770 3033 3834 πόλεις
3074 3769 3323 3841 ὑπῆρχον
3361 3770 3680 3839 Αἰγυπτίων

2093 3860 2419 3929 περιφανεῖς
2449 3858 2547 3913 καὶ
2579 3857 2878 3929 βασιλικαί.

2169 3967 2190 4001 ι
2226 3950 2340 4003 Καὶ
2395 3949 2810 4020 παραγγείλατε
2853 3949 2936 4012 είς
2976 3947 3222 4019 Μέμφιν.
3265 3967 3286 4001 ι
3353 3949 3680 4018 Ἑτοίμασον

2092 4038 2326 4110 σεαυτὴν
2353 4039 2432 4104 είς
2455 4039 2692 4111 σφαγὴν,
2711 4040 3013 4108 ἐπίστηθι,
3049 4040 3173 4093 ἀντὶ
3203 4039 3327 4104 τοῦ,
3365 4041 3576 4109 γνώσῃ
3601 4043 3679 4095 ὅτι

2088 4131 2164 4195 ὡς
2193 4130 2437 4202 σμίλακα
2461 4171 2478 4197 ,
2523 4131 2697 4195 οὑτως
2725 4131 2950 4200 ἐκκόψει
2990 4147 3087 4184 σου
3112 4131 3206 4185 τὸν
3230 4131 3464 4203 βασιλέα
3496 4134 3529 4203 ἠ
3571 4133 3676 4202 μά-

2089 4236 2257 4292 χαιρα
2289 4219 2384 4274 τοῦ
2415 4219 2788 4275 Βαϐυλωνίου.

2166 4330 2184 4363 ι
2223 4313 2335 4366 Καὶ
2357 4312 2608 4375 ἕκαστος.
2647 4330 2666 4364 ›
2699 4311 2764 4365 Ol
2791 4313 2852 4366 έν
2879 4313 2949 4383 τῇ
2977 4311 3244 4383 Δίγὺπτῳ
3289 4312 3540 4367 Ἰουδαῖοι
3580 4313 3671 4367 λέ-

401 4413 496 4472 pto
524 4403 697 4460 erant'
724 4407 973 4464 dicentes
1005 4427 1018 4464 :
1068 4410 1427 4467 Revertamur
1460 4413 1530 4470 ad
1580 4417 1844 4488 populum
1880 4433 1983 4475 no-

2119 4419 2296 4468 ὀντες,
2330 4401 2790 4474 ’Δναστρέψωμεν
2811 4402 2952 4474 πρὸς
2975 4402 3068 4457 τὸν
3097 4401 3229 4456 λαὸν
3257 4403 3438 4474 ἡμῶν.

399 4502 598 4551 stram.

476 4604 498 4638 ι
541 4587 588 4640 Α
612 4585 750 4643 facie
772 4587 933 4660 gladii
961 4587 1156 4647 Graeci.
1191 4610 1210 4644 ι
1251 4591 1412 4651 lones
1428 4593 1601 4653 Graeci
1633 4597 1702 4654 ab
1732 4598 1862 4655 lone
1887 4615 1983 4670 ge-

398 4692 505 4732 nus
557 4677 844 4745 ducentes,
883 4679 1188 4754 Babyloniis
1233 4685 1362 4741 olim
1399 4687 1600 4745 tributa
1646 4691 1977 4760 pendebant,

397 4767 614 4839 iliisque
655 4768 724 4824 ad
761 4770 902 4826 bella
947 4773 1440 4846 conjungehantur.
1483 4780 1529 4834 A
1577 4779 1754 4853 gladio
1798 4782 1981 4853 itaque

396 4859 605 4930 Graeco,
640 4861 694 4918 id
716 4871 819 4930 est,
858 4864 1022 4922 sociis
1052 4865 1346 4948 Babylonii.

467 5058 534 5114 ν.
562 5059 651 5115 18.
680 5078 699 5112 ι
731 5060 869 5128 Quia
895 5066 1422 5137 sicutltabyrium.)
1454 5070 1606 5126 Mons
1635 5073 1722 5127 hic
1744 5075 1976 5131 Galiltea:

399 5153 526 5204 ante
577 5151 778 5210 Christi
831 5156 1126 5212 adventum
1180 5157 1430 5213 desertus
1495 5171 1627 5215 erat.
1692 5163 1974 5220 Carmelus

395 5255 615 5313 quoque
643 5254 698 5300 et
730 5247 848 5316 ipse
870 5248 1138 5314 desertus,
1183 5250 1392 5320 adjacet
1422 5253 1577 5317 mari,
1621 5254 1972 5327 marinosque

395 5343 564 5390 aestus
617 5337 839 5407 excipit.
889 5337 1005 5393 Erit
1038 5341 1242 5411 itaque,
1280 5343 1374 5403 ait.
1409 5343 1673 5413 Memphis
1705 5349 1971 5404 tumultus

396 5423 578 5492 plena,
611 5425 934 5498 desertaque
965 5444 1030 5484 ex
1061 5429 1362 5500 irruptione
1386 5430 1824 5503 Babyloniorum.

469 5597 533 5652 ν.
575 5599 666 5655 30.
700 5620 720 5654 ι
755 5601 937 5657 Vitula
959 5602 1219 5658 adornata
1234 5605 1514 5677 Egyptus.
1553 5627 1572 5661 ι
1605 5607 1763 5665 Missa
1785 5611 1966 5681 capia-

398 5704 516 5750 rum
556 5700 708 5759 parte
736 5691 1060 5763 Babylonius
1084 5697 1228 5768 cepit
1243 5697 1408 5754 illam.
1433 5730 1505 5741 —-
1532 5699 1744 5771 Milites,
1765 5701 1866 5759 hoc
1883 5711 1966 5759 est

2166 4601 2188 4635 ι
2229 4581 2364 4635 Ἀπὺ
2404 4579 2702 4654 προσώπου
2730 4579 3010 4653 μαχαίρας
3051 4579 3403 4651 Ἑλληνικῆς.
3426 4598 3445 4633 ι
3473 4581 3537 4634 Οί
3564 4578 3672 4633 ἀπὸ

2094 4675 2278 4736 Ἴωνος
2301 4673 2567 4743 ’Έλληνες
2599 4671 2782 4737 ὄντες,
2819 4671 3088 4741 ὑπόφοροι
3116 4666 3261 4742 ἦσαν
3299 4670 3446 4724 κατὰ
3466 4669 3531 4722 eo
3559 4686 3670 4723 πα-

2088 4764 2238 4818 λαιὸν
2264 4764 2374 4818 τῶν
2399 4761 2776 4827 Βαϐυλωνίων,
2803 4763 2898 4816 καὶ
2919 4763 3257 4833 συνεμάχουν
3290 4760 3444 4830 αὑτῷ
3469 4763 3529 4813 ἐν
3555 4764 3671 4822 τοῖς

2086 4855 2371 4925 πολέμοις.
2407 4853 2541 4906 Ἀπὸ
2567 4853 2843 4924 μαχαίρας
2874 4851 2971 4906 οὖν
3014 4849 3362 4921 Ἑλληνικῆς,
3395 4851 3518 4906 ἀντὶ
3545 4848 3660 4913 τοῦ,

2084 4945 2192 5000 τῶν
2230 4944 2537 5016 συμμάχων
2562 4944 2654 4999 τοῦ
2677 4943 3045 4999 Βαϐυλωνίου.

2159 5079 2176 5112 ι
2209 5060 2330 5113 ’Ότι
2355 5058 2432 5124 ὡς
2463 5059 2525 5113 τὸ
2567 5059 2891 5132 Ἰταϐύριον.
2930 5077 2948 5112 ι
2983 5058 3155 5114 Τοῦτο
3177 5058 3238 5111 τὸ
3267 5058 3396 5130 ὅρος
3419 5059 3521 5127 τῇς
3554 5056 3590 5108 Γ
3593 5073 3664 5110 α-

2083 5149 2290 5213 λιλαίας
2317 5148 2401 5217 ὃν,
2443 5149 2653 5222 ἔρημον
2684 5145 2754 5221 ἦν
2785 5149 2894 5218 πρὸ
2925 5152 3023 5220 τῆς
3058 5147 3300 5219 Χριστοῦ
3333 5146 3660 5218 παρουσίας.

2096 5239 2156 5296 ’0
2177 5241 2236 5295 δὲ
2251 5241 2552 5312 Κάρμηλος
2583 5241 2680 5294 καὶ
2706 5241 2866 5304 αὑτδς
2897 5240 3104 5311 ἔρημος
3124 5235 3212 5310 ἦν,
3232 5239 3477 5306 ἔγκειται
3506 5237 3564 5289 δὲ
3587 5238 3657 5306 τῇ

2080 5332 2367 5405 θαλάσσῃ,
2411 5334 2508 5388 καὶ
2553 5334 2679 5397 τοὺς
2726 5332 3052 5394 θαλαττίους
3091 5331 3308 5400 δέχεται
3355 5329 3652 5389 κλύδωνας.
3735 5371 3738 5374 .

2082 5426 2276 5479 Ἔσται
2317 5421 2434 5492 οῦν,
2474 5425 2662 5496 φησὶν,
2710 5428 2743 5494 ἡ
2785 5425 3013 5495 Μέμφις
3047 5423 3280 5494 θορύϐου
3328 5422 3528 5493 μεστὴ,
3561 5419 3652 5487 καὶ

2077 5517 2284 5590 ἔρημος
2313 5518 2380 5570 ὲκ
2408 5517 2504 5585 τῆς
2531 5516 2726 5586 ἐφόδου
2757 5516 2865 5570 τῶν
2889 5515 3267 5569 Βαϐυλωνίων.

2151 5629 2169 5662 ι
2221 5609 2467 5680 Δάμαλις
2530 5607 3024 5678 κεκαλλωπισμένη
3083 5605 3380 5684 Αζγυπτος.
3447 5621 3466 5654 ι
3523 5602 3644 5657 Ὅτι

2077 5700 2240 5774 μέρος
2269 5718 2323 5756 τι
2352 5700 2452 5772 τῆς
2474 5701 2758 5772 δυνάμεως
2793 5699 3019 5770 πέμψας
3049 5700 3077 5752 ὁ
3110 5696 3474 5763 Βαϐυλώνιος,
3501 5686 3645 5747 εἶλεν
