3876 6304
429 280 525 346 711

1545 259 2065 326 OLYMPIODORI
2118 252 2648 318 ALEXANDRINI

3619 242 3729 305 71?.

524 406 548 443 ι
591 385 860 457 Quoniam
911 384 1047 440 dura
1106 381 1255 437 fecit.
1318 397 1336 431 »
1411 377 1616 432 Bellum
1669 375 1771 446 ipsi
1826 373 2020 435 allatu:

2197 387 2220 420 4
2264 369 2388 421 Ὅτι
2437 364 2672 420 δύσκολα
2717 360 2993 432 ἐποίησεν.
3046 375 3067 409 ι
3118 355 3223 409 Τὸν
3265 355 3537 426 μέλλοντα
3581 353 3726 423 αὐτῇ

446 499 590 629 ""3:
612 573 700 628 lo.
737 589 758 622 ι
795 569 932 637 Quia
953 583 1052 640 ego
1079 563 1288 622 detraxi
1324 563 1518 618 Esau.»
1551 554 2028 627 Hostes;mystice

447 663 710 736 apostoli,
739 670 796 716 et
847 659 959 714 suis
1006 656 1207 726 quique
1255 649 1595 721 temporibus
1657 644 2026 701 Ecclesiarum

447 751 706 824 praesides
726 758 916 805 contra
933 745 1201 801 idolorum
1235 741 1462 796 cultum.

525 963 545 996 ι
584 938 840 996 Revelavi
862 933 1182 991 abscondita
1210 943 1423 986 eorum.
1455 945 1476 980 »
1505 927 1788 987 Satanam.
1825 918 1902 974 Ea
1931 933 2029 988 per

448 1049 571 1110 quae
599 1033 850 1089 homines
872 1045 906 1084 a
932 1025 1272 1084 daemonibus
1313 1018 1746 1110 decipiebantur.

517 1127 582 1182 ν.
615 1125 700 1179 ll.
734 1143 752 1175 ι
790 1121 857 1176 Ει
884 1120 1086 1177 viduae.
1125 1135 1145 1168 »
1193 1113 1328 1180 Quae
1355 1127 1387 1168 a
1425 1108 1720 1182 gentilibus
1778 1100 2028 1159 descive-

449 1222 578 1270 runt
603 1215 826 1268 animze.

521 1305 588 1360 ν.
631 1305 715 1359 lt.
758 1321 776 1354 ι
813 1301 877 1355 Et
897 1298 1122 1370 angelos
1147 1294 1215 1350 ad
1261 1300 1452 1364 gentes
1479 1287 1648 1346 misit.
1683 1304 1702 1338 »
1731 1282 1934 1344 Bellum
1973 1279 2030 1334 in

448 1399 740 1454 ldumaeam
771 1392 1072 1448 excitantes
1094 1404 1112 1454 ;
1134 1384 1359 1456 mystice
1382 1397 1512 1439 vero
1556 1386 1774 1434 sanctos
1809 1381 2031 1446 aposto-

449 1490 702 1633 103"}.16.
743 1595 761 1628 ι
799 1568 1148 1630 immodestia
1181 1575 1294 1622 tua.
1336 1583 1355 1617 »
1413 1558 1725 1618 Petulantia
1754 1567 1868 1625 tua,
1897 1569 2029 1627 pro-

452 1673 678 1731 tervitas
709 1678 822 1725 tua.

2129 460 2262 513 πολε
2273 461 2413 513 υ.εἶν.
2883 503 2888 506 .

2207 478 2262 512 Λε
2299 478 2413 511 .ειν.
2883 503 2888 506 .

2207 568 2226 602 ι
2263 478 2386 602 fut;
2432 545 2544 614 ἐγὼ
2577 544 2858 614 κατέσυρα
2896 539 2992 595 τδν
3026 537 3220 594 Ἠσαῦ.
3259 556 3278 589 »
3317 538 3380 590 οι
3433 534 3728 603 πολέμιοι.

2089 617 2092 620 ί
2132 641 2272 714 Πρὸς
2293 640 2350 694 δὲ
2377 639 2642 699 διάνοιαν,
2673 637 2723 689 οἱ
2753 633 3072 697 ἀπόστολοι,
3099 632 3198 685 καὶ
3217 632 3267 685 oi
3301 628 3452 683 κατὰ
3487 628 3729 698 καιροὺς

2129 733 2240 788 τῶν
2283 727 2623 798 Ἐκκλησιῶν
2687 724 3037 797 προεστῶτες
3099 723 3242 776 κατὰ
3273 720 3374 792 τῆς
3431 717 3731 774 εἰδωλολα-

2129 826 2615 982 τρὶαῗλνεκὰλυψα
2641 911 2712 964 τὰ
2757 907 2981 981 κρυπτὰ
3001 905 3203 962 αὐτῶν.
3247 925 3268 958 »
3304 904 3412 958 Τδν
3446 891 3745 958 Σατανᾶνί

2138 1008 2222 1062 Τὰ
2271 1007 2338 1062 δι’
2360 1002 2436 1062 ὧν
2465 1006 2594 1070 τοὺς
2611 1001 2935 1074 ἀνθρώπως
2959 1000 3188 1070 ἡπάτων
3213 999 3265 1053 oi
3287 997 3579 1067 δαίμονες.

2203 1119 2226 1152 ι
2260 1101 2374 1155 Καὶ
2402 1101 2458 1153 al
2484 1097 2678 1170 χῆραι.
2713 1115 2732 1150 »
2773 1095 2842 1149 Δί
2873 1093 3186 1148 ὰποοτᾶσαι
3213 1090 3328 1146 τῶν
3345 1089 3589 1144 ἐθνικῶν
3627 1086 3727 1159 ψυ-

2208 1192 2243 1248 ί.

2208 1211 2243 1248 ι.

2131 1211 2228 1333 χαι
2268 1280 2379 1334 Kal
2407 1279 2677 1349 ἀγγέλους
2702 1279 2784 1342 είς
2807 1276 2940 1346 ἔθνη
2969 1274 3283 1332 ἀπέστειλε.
3313 1292 3333 1327 »
3363 1273 3508 1336 Τοὺς
3528 1271 3728 1340 διεγεί-

2134 1390 2331 1447 ροντας
2379 1372 2526 1427 κατὰ
2555 1372 2656 1442 τῆς
2690 1368 3001 1441 Ἰδουμαίας
3047 1368 3140 1423 τὸν
3163 1367 3425 1438 πόλεμον.
3474 1364 3645 1419 Κατὰ
3672 1365 3726 1418 ει

2131 1464 2230 1534 τὴν
2262 1463 2534 1534 θεωρίαν,
2561 1461 2691 1525 τοὺς
2711 1461 2901 1528 ἁγίους
2933 1457 3288 1520 ἀποστόλους.

2207 1575 2228 1608 ι
2287 1555 2351 1608 Ἦ
2382 1552 2612 1622 παιγνία
2643 1569 2760 1606 σου.
2808 1571 2827 1604 »
2873 1550 2946 1604 Τὸ
3012 1547 3246 1620 στρῆνός
3293 1563 3428 1611 σου,
3466 1547 3504 1617 ἡ
3528 1543 3726 1612 ἀναξία

2135 1665 2256 1702 σου.

531 1723 964 1834 (“apprehendit
1000 1751 1398 1810 fortitudinem.
1447 1767 1466 1802 »
1523 1745 1704 1801 Colles
1755 1742 1920 1800 etiam
1971 1740 2029 1794 in

2210 1757 2230 1792 ι
2277 1736 2583 1794 Συνέλαὸεν
2627 1736 2803 1807 ἰσχύν.
2855 1754 2876 1788 »
2924 1735 3037 1794 Kal
3062 1737 3113 1790 οἱ
3146 1734 3324 1806 βουνοὶ
3357 1736 3417 1787 ὲν
3449 1731 3728 1800 ἀνάγκαις

454 1852 873 1912 necessitatibus
902 1845 1154 1919 praesidia
1185 1851 1348 1906 sunt;
1400 1839 1458 1894 in
1482 1837 1591 1893 illis
1629 1836 1778 1890 enim
1824 1839 2033 1890 stantes

455 1943 663 2016 lapides
683 1943 737 1996 in
771 1937 1112 1994 adversarios
1140 1934 1384 1988 mittunt.

527 2034 706 2090 v.13.
743 2052 762 2085 ι
797 2032 864 2086 Ει
890 2045 1002 2084 ιιοη
1040 2025 1360 2083 habitabit.»
1395 2021 1522 2078 Haec
1545 2018 1730 2075 omnia
1751 2015 1830 2072 sic
1861 2013 2034 2069 histo-

456 2129 553 2184 riae
587 2125 948 2186 conveniunt,
983 2129 1164 2173 tamen
1195 2125 1250 2171 et
1303 2122 1432 2185 post
1481 2111 1685 2167 Christi
1741 2108 2034 2163 adventum

455 2228 644 2276 contra
665 2217 972 2273 daemonum
1027 2223 1245 2265 errores
1285 2207 1403 2262 haec
1451 2203 1565 2259 ﬁeri
1617 2207 1938 2271 cmperunt,
1979 2196 2036 2251 in

455 2308 1037 2373 consummationeque
1067 2299 1255 2356 mundi
1287 2298 1452 2354 finem
1485 2295 1789 2351 habebunt.

528 2399 717 2456 v.19.
762 2416 780 2448 ι
827 2396 966 2451 Ecce
1011 2394 1172 2464 quasi
1231 2391 1321 2446 leo
1367 2388 1648 2445 ascendet.
1698 2403 1718 2438 »
1763 2381 2036 2438 Dominus

457 2491 758 2548 ascendens
781 2503 811 2543 e
832 2489 1068 2542 lavacro.
1777 2525 1784 2528 _

536 2597 556 2631 ι
589 2580 656 2634 Et
683 2579 934 2648 juvenes,
967 2589 1134 2644 super
1163 2586 1284 2627 eam
1317 2577 1531 2627 state.»
1583 2567 1662 2622 De
1697 2565 1900 2636 quibus
1952 2562 2037 2620 di—

459 2676 608 2724 ctum
633 2673 716 2721 est
735 2655 980 2733 {Scripsi
1014 2662 1174 2728 vobis,
1209 2676 1238 2714 ο
1255 2659 1493 2729 juvenes,
1518 2657 1658 2728 quod
1681 2656 1877 2710 vicistis
1919 2669 2038 2708 ma-

461 2761 663 2832 lignum
692 2758 758 2822 “,
785 2757 1026 2810 infantes
1055 2767 1270 2808 eorum.

538 2867 557 2901 ι
599 2846 658 2902 Si
700 2860 809 2900 non
856 2843 1002 2897 invia
1042 2843 1153 2896 fiet.
1196 2857 1214 2891 »
1268 2838 1351 2894 Ne
1397 2837 1655 2907 deinceps
1701 2832 2040 2891 daemonibus

462 2940 608 2994 ullus
641 2936 985 3005 relinquatur
1014 2930 1372 2987 habitationis
1417 2929 1591 2994 locus,
1633 2927 1950 2982 hominibus
1981 2925 2040 2980 in

462 3031 771 3085 libertatem
797 3023 1086 3088 restitutis,
1117 3029 1173 3075 et
1203 3021 1344 3075 fanis
1373 3020 1639 3076 idolorum
1666 3018 1895 3074 eversis.

534 3117 604 3172 ν.
629 3117 721 3171 22.
764 3133 784 3168 ι
819 3115 961 3170 Ecce
988 3112 1144 3183 quasi
1211 3111 1414 3183 aquila.
1453 3129 1471 3163 »
1505 3109 1638 3177 Quae
1696 3109 2040 3164 destructura

465 3219 550 3266 est
583 3209 748 3265 illam.
1371 3196 1376 3200 ’

536 3301 603 3356 ν.
623 3300 715 3356 25.
753 3317 772 3351 ι
813 3297 1098 3353 Damasco.
1145 3314 1166 3349 ι
1196 3294 1444 3350 Damasci
1475 3292 1726 3365 praadicit
1753 3289 2068 3363 expugna-'

469 3395 693 3452 tionem.

536 3485 602 3541 V.
628 3487 720 3541 25.
765 3504 784 3536 ι
812 3482 1049 3539 Confusa
1095 3489 1201 3535 est.
1242 3497 1259 3529 »
1306 3477 1501 3531 Emath
1532 3485 1587 3530 et
1618 3474 1886 3546 Arphath,
1921 3489 2043 3544 qum

467 3593 614 3633 nunc
641 3575 952 3637 Antiochia,
980 3575 1111 3627 tunc
1155 3568 1492 3632 vocabatur;
1535 3573 1694 3622 erant
1722 3573 1908 3622 autem
1959 3564 2043 3619 lo-

466 3685 530 3724 ca
560 3668 648 3722 illa
696 3676 826 3722 tunc
847 3663 1110 3735 temporis
1142 3662 1244 3717 sub
1273 3660 1480 3715 ditione
1513 3658 1782 3723 Damasci,
1805 3671 1927 3728 qua:
1948 3670 2043 3711 re-

467 3760 552 3832 gia
577 3760 772 3815 civitas
794 3760 1056 3828 Syrorum
1080 3762 1218 3810 erat.

537 3851 603 3906 ν.
628 3851 719 3906 25.
762 3869 780 3901 ι
829 3847 1111 3914 Quomodo
1160 3860 1269 3900 non
1303 3844 1646 3914 reliquerunt
1666 3840 1984 3896 civitatem?
2019 3859 2036 3891 »

467 3945 603 3998 Cum
637 3943 823 3997 hostes
846 3941 1146 3995 adventare
1173 3937 1450 3998 audirent,
1504 3935 1671 3988 urbes
1720 3932 2046 4006 deserentes

467 4035 537 4089 ad
569 4035 717 4089 vicos
757 4031 1166 4101 confugiebant.
1210 4025 1496 4093 Quomodo
1553 4026 1757 4094 itaque,
1784 4022 1879 4088 ait,
1931 4022 2047 4076 haec

467 4125 754 4180 audientes
780 4122 1052 4177 civitatem
1085 4134 1193 4173 non
1247 4126 1413 4174 erant
1456 4114 1748 4177 deserturi,
1779 4123 1839 4166 ut
1884 4109 1943 4166 se
1989 4110 2046 4164 in

468 4227 637 4286 pagos
664 4211 1014 4268 conferrent?
1043 4209 1322 4265 Civitatem
1380 4221 1509 4261 vero
1536 4220 1705 4258 meam
1729 4202 1877 4267 dicit,
1908 4216 2046 4272 quo-

468 4297 617 4359 niam
651 4318 842 4358 omnes
863 4302 1114 4356 civitates
1149 4299 1242 4352 Dei
1265 4306 1413 4352 sunt.
1680 4291 1684 4293 ’

2063 3069 2109 3130 C

2132 1829 2472 1902 ὀχυρώματα
2501 1831 2644 1884 εἰσιν
2664 1829 2790 1889 ’,ἐπ’
2817 1827 3001 1882 αὐτῶν
3042 1827 3155 1899 γὰρ
3182 1827 3469 1898 ἱστάμενοι
3492 1861 3510 1889 ,
3540 1823 3728 1885 λίθους

2133 1924 2280 1978 κατά
2302 1923 2412 1976 τῶν
2439 1920 2714 1993 πολεμίων
2739 1921 3069 1991 πέμπουσιν.

2210 2031 2231 2065 ι
2275 2012 2385 2066 Kal
2423 2014 2485 2066 οὐ
2532 2011 2610 2082 μὴ
2638 2013 2976 2081 κατοικήσει.
3020 2029 3040 2062 »
3085 2008 3272 2064 Ταῦτα
3314 2009 3506 2064 πάντα
3553 2005 3728 2069 οὕτως

2135 2108 2202 2177 τῇ
2241 2105 2456 2177 ἱστορίᾳ
2493 2106 2744 2174 ἁρμόζει.
2796 2104 3035 2175 Ἠρξατο
3059 2102 3117 2158 δὲ
3154 2101 3297 2157 κατὰ
3335 2093 3725 2172 τῆς⁷’δα;ιμονι·

2137 2198 2241 2268 κῆς
2286 2196 2498 2266 πλάνης
2545 2196 2792 2266 γίνεσθαι
2837 2195 2944 2249 ἀπὸ
2973 2196 3070 2264 τῆς
3114 2193 3421 2264 παρουσίας
3461 2190 3726 2262 Χριστοῦ,

2139 2289 2236 2342 καὶ
2260 2288 2437 2359 πέρας
2470 2287 2687 2352 ἕξουσιν
2715 2289 2774 2341 ὲν
2800 2290 2868 2358 τῇ
2900 2283 3204 2356 συντελείᾳ.

2214 2398 2234 2432 ι
2275 2381 2407 2435 Ἰδοὺ
2429 2381 2619 2451 ὥσπερ
2647 2381 2784 2434 λέων
2804 2378 3156 2448 ἀναϐήσεται.
3187 2395 3208 2429 »
3242 2375 3305 2430 Ὅ
3328 2374 3546 2446 Κύριος
3571 2374 3727 2428 ἀνελ-

2139 2472 2249 2528 θὼν
2272 2473 2338 2526 ὲκ
2363 2472 2460 2527 τοῦ
2495 2471 2892 2544 βαπτίσματος.
3183 2471 3193 2482 ⁵

2216 2593 2235 2625 ι
2269 2573 2381 2628 Kal
2437 2571 2565 2633 τοὺς
2597 2570 2914 2631 νεανίσκους
2940 2567 3029 2621 ἐπ’
3077 2565 3250 2636 αὐτὴν
3290 2565 3657 2635 ἃπιστήσατε.
3703 2583 3722 2615 »

2139 2664 2284 2734 Kepl
2341 2657 2417 2718 ὧν
2454 2662 2670 2732 εἴρηται
2697 2675 2712 2689 ⁸
2745 2659 3018 2729 Ἔγραψα
3068 2656 3234 2726 ὑμῖν,
3264 2656 3608 2719 νεανίσκοι,
3641 2652 3730 2708 ὅτι

2139 2754 2497 2822 νενικήκατε
2524 2751 2634 2805 τὸν
2658 2750 2930 2817 πονηρόν
2950 2765 2964 2777 ’
2994 2747 3064 2802 τὰ
3097 2748 3270 2817 νήπια
3293 2745 3498 2800 αὐτῶν.

2143 2899 2148 2903 ,
2217 2865 2235 2899 ι
2285 2844 2412 2898 Ἐὰν
2441 2842 2518 2914 μὴ
2542 2839 2822 2910 ἀΰατωθῇ.
2858 2856 2878 2890 »
2915 2838 3030 2890 Ἵνα
3059 2835 3261 2914 μηκέτι
3300 2835 3470 2906 ἔχωσι
3498 2835 3607 2888 τιοῦ
3630 2852 3730 2890 κα-

2138 2935 2369 2992 ταλῦσαι
2407 2936 2459 2988 οἱ
2509 2934 2801 3004 δαίμονες,
2833 2931 2942 2984 τῶν
2981 2927 3291 3000 ἀνθρώπων
3328 2927 3731 3000 ἐλευθερουμέ-

2142 3045 2270 3094 νων,
2291 3027 2394 3080 ,καὶ
2421 3026 2532 3078 τῶν
2557 3023 2816 3078 εἰδωλίων
2849 3019 3403 3090 καταστρεψαμένων.

2217 3138 2238 3172 ι
2291 3119 2425 3174 Ἰδοὺ
2470 3116 2662 3187 ὥσπερ
2689 3114 2870 3178 ἀετός.
2919 3132 2939 3164 »
2981 3113 3040 3165 Ὀ
3085 3111 3300 3184 μέλλων
3335 3111 3508 3183 αὐτὴν
3558 3127 3733 3165 κατα-

2141 3212 2311 3268 λύειν..

2143 3595 2289 3649 χεια,
2342 3577 2467 3628 τότε
2518 3573 2790 3627 ἐκαλεῖτο.
2839 3568 3297 3641 Ἐϐασιλεύον[το]
3347 3569 3404 3622 δὲ
3457 3571 3647 3624 ἐκεῖνα
3665 3573 3734 3626 τὰ

2144 3669 2322 3740 χωρία
2340 3669 2463 3721 τότε
2495 3665 2600 3720 ὑπὸ
2643 3667 2742 3736 τῆς
2771 3659 3068 3735 Δαμασκοῦ
3111 3677 3124 3691 ο
3153 3660 3300 3733 αὕτη
3340 3661 3452 3732 γὰρ
3479 3657 3558 3734 ἦν
3609 3662 3731 3716 τότε

2037 3815 2041 3822 ,
2145 3763 2178 3832 ὴ
2205 3761 2314 3814 τῶν
2325 3758 2404 3812 Σύ
2410 3775 2522 3830 ρων
2546 3755 2812 3828 βασιλικὴ
2837 3755 3014 3826 χώρα.

2221 3872 2239 3904 ι
2269 3851 2393 3914 Πῶς
2414 3849 2537 3919 οὐχὶ
2555 3849 2879 3917 ἐγκατέλιπε
2911 3847 3099 3913 πόλιν;
3131 3866 3149 3900 »
3185 3847 3276 3900 Ἐν
3293 3847 3416 3910 ταῖς
3437 3847 3551 3900 τῶν
3571 3846 3731 3900 παλαι

2149 3941 2288 4012 μιων
2344 3941 2536 4002 ἀκοαῖς
2559 3937 3076 4009 ,καταλιμπάνοντες
3117 3937 3220 4001 τὰς
3249 3937 3462 4001 πόλεις,
3507 3939 3592 4001 είς
3635 3940 3728 4000 τὰς

2146 4031 2342 4101 κώμας
2399 4030 2654 4098 ἔφευγον.
2706 4029 2830 4092 Πῶς
2881 4024 3006 4096 οὖν,
3053 4029 3255 4099 φησὶν,
3304 4029 3399 4082 ἐπὶ
3447 4031 3727 4091 τοιαύταις

2147 4124 2339 4185 ἀκοαῖς
2385 4121 2484 4174 οὐκ
2527 4120 2754 4191 ἔμελλον
2797 4119 3238 4190 καταλιμπάνειν
3277 4119 3600 4192 τὴν-πόλιν,
3638 4121 3725 4175 καὶ

2146 4217 2369 4272 ἀπιέναι
2418 4219 2498 4281 εἰς
2541 4217 2639 4281 τὰς
2691 4215 2882 4286 κώμας
2898 4233 2922 4282 .;
2980 4218 3170 4272 Πόλιν
3227 4216 3286 4270 δὲ
3329 4217 3517 4287 ἐμὴν,
3542 4220 3722 4288 φησιν,

2147 4307 2336 4379 ἐπειδὴ
2364 4310 2417 4362 αἱ
2455 4310 2627 4365 πᾶσαι
2657 4307 2842 4373 πόλεις
2867 4307 2962 4360 τοῦ
2981 4307 3118 4360 Θεοῦ
3149 4309 3311 4362 είσιν.

541 4394 608 4448 γ.
638 4394 730 4448 27.
768 4411 786 4442 ‹
824 4391 995 4444 Bivia.
1041 4408 1060 4439 »
1097 4387 1274 4458 Reges
1328 4384 1587 4456 Syrorum
1618 4383 1764 4437 Ader
1791 4381 2038 4437 nomina-

2222 4417 2239 4450 ι
2282 4398 2551 4468 Ἀμφοδα.
2588 4419 2606 4451 »
2627 4399 2717 4462 Ὣς
2741 4399 2978 4469 βασιλεῖς
3001 4398 3212 4468 Σύρων,
3222 4398 3389 4470 ’Δδερ
3411 4399 3721 4464 ἐκαλοῦντο,

468 4487 695 4548 bantur,
725 4481 865 4536 sicut
885 4487 940 4533 et
969 4478 1346 4549 Aigyptiorum
1373 4476 1609 4530 Pharao.

541 4576 612 4630 Ὗ.
651 4573 741 4628 30.
770 4591 788 4623 ι
818 4570 1038 4642 Fugite,
1077 4569 1376 4640 demergite
1409 4569 1464 4621 in
1517 4566 1839 4623 sessionem.
1880 4585 1898 4616 »
1935 4565 2044 4621 Pu-

470 4662 630 4720 tastis
650 4663 707 4718 in
727 4668 845 4716 tuto
875 4661 1087 4724 sedere,
1113 4659 1169 4713 id
1199 4667 1284 4714 est
1313 4658 1584 4713 habitare.

541 4773 570 4808 4
617 4753 681 4808 In
709 4752 852 4808 aula.
882 4771 910 4805 -»
946 4753 1008 4805 ln
1056 4751 1305 4818 deserto;
1353 4757 1581 4806 vocatur
1610 4762 1741 4803 vero
1764 4747 1883 4801 aula
1919 4746 2044 4816 quia

470 4849 576 4907 sub
607 4847 719 4903 dio.

449 4996 451 4998 .
546 4937 612 4993 Ἴ.
645 4940 733 4994 5i.
762 4935 1108 5006 c-Consurge,
1147 4945 1204 4988 et
1250 4933 1512 4988 ascende.
1562 4950 1580 4983 »
1626 4929 1920 4986 Sedentem
1945 4945 2043 4985 vo-

472 5033 747 5103 luptuose,
793 5030 977 5101 quiete
1003 5027 1311 5097 degentem,
1333 5033 1400 5080 et
1425 5023 1761 5081 'confidenter
1786 5022 2044 5078 habitan-

474 5131 608 5176 tem.
1717 5173 1726 5184 .

547 5232 568 5266 ι
597 5211 808 5279 Quibus
833 5225 944 5264 non
976 5215 1106 5263 sunt
1135 5217 1318 5277 portae.
1337 5225 1354 5258 »
1388 5205 1604 5274 'Balani,
1629 5205 1690 5260 id
1717 5214 1801 5260 est
1837 5205 2041 5270 claves,

475 5323 539 5363 ex
579 5318 648 5359 eo
690 5302 835 5372 quod
859 5302 962 5357 sub
992 5301 1082 5356 dio
1113 5299 1444 5356 habitarent.

553 5415 576 5450 ι
633 5390 750 5446 Soli
803 5389 1071 5445 habitant.
1105 5407 1125 5442 »
1157 5390 1265 5444 Pro
1288 5389 1544 5460 dispersi.

549 5496 574 5532 ι
607 5479 885 5534 Attonsos.
919 5497 938 5532 ι
974 5478 1043 5534 ld-
1064 5487 1148 5534 est
1175 5478 1373 5535 decore
1399 5493 1498 5534 suo
1523 5479 1798 5550 privatos;
1827 5478 1919 5536 alii
1947 5493 2043 5536 co-

479 5566 630 5624 dices
643 5568 850 5640 legunt,
878 5568 1225 5636 commistos,
1258 5568 1374 5624 scil.
1411 5568 1689 5625 confusos.

2148 4487 2223 4552 ὡς
2259 4488 2353 4542 καὶ
2388 4489 2437 4541 οἱ
2461 4487 2756 4556 Αἰγύπτιοι
2787 4487 3004 4559 Φαραώ.

2225 4598 2244 4630 ι
2302 4579 2438 4634 Λίαν
2496 4580 2842 4648 ὲμὸαΘύνατε
2900 4581 2978 4644 είς
3025 4578 3262 4634 κὰθισιν.
3325 4597 3348 4631 ³
3401 4579 3720 4651 Ἐνομίσαπ

2149 4670 2408 4749 ἀσφαλῶς
2443 4670 2742 4742 καθῆσθαι,
2771 4671 3048 4728 τουτέστιν
3071 4672 3263 4726 οίιιεῖν.

2225 4781 2245 4814 ι
2285 4761 2378 4816 Ἐν
2422 4764 2489 4833 τῇ
2536 4762 2694 4833 αὐλῇ.
2735 4781 2754 4815 »
2801 4761 2890 4816 Ἐν
2929 4765 2996 4834 τῇ
3029 4763 3242 4834 ἐρήμῳ.
3282 4762 3432 4833 Δύλὴ
3456 4763 3519 4817 δὲ
3547 4761 3723 4816 aut

2151 4853 2383 4925 αἴθριον.
2421 4903 2426 4906 .

2225 4961 2246 4995 ι
2275 4943 2569 5016 ’Δνάστηθι
2598 4944 2694 4999 καὶ
2722 4944 2990 5016 ἀνάϐηθι.
3009 4964 3031 5000 ι
3061 4947 3393 5019 Καθήμενον
3411 4949 3500 5013 εἰς
3519 4945 3725 5015 ἀναψυ-

2151 5031 2273 5103 χὴν,
2313 5035 2609 5106 ἡσυχάζον,
2633 5034 2954 5091 εὐσταθοῦν.

2228 5229 2247 5262 ι
2271 5205 2368 5273 Οἷς
2395 5211 2497 5264 οὐκ
2513 5209 2622 5264 εἰσὶ
2640 5209 2822 5284 θύραι.
2845 5231 2869 5265 λι
2891 5212 3140 5280 Βάλανοι,
3163 5215 3228 5269 -αί
3292 5214 3535 5283 κλεῖδες,
3559 5214 3655 5270 διὰ
3671 5215 3726 5270 τὸ

2151 5298 2398 5370 αίῆρίους
2431 5300 2622 5355 οἰκεῖν.

2227 5410 2246 5442 ι
2278 5391 2448 5448 Μόνοι
2472 5391 2821 5451 καταλύουσι.
2863 5410 2886 5447 ι
2925 5395 3076 5449 ’Λντὶ
3102 5394 3218 5463 τοῦ,
3240 5395 3660 5469 διεσπαρμένοι.

2224 5501 2244 5534 ι
2284 5483 2695 5554 Κεκαρμένους.
2733 5503 2752 5537 »
2780 5485 2927 5540 Ἀντὶ
2954 5485 3071 5551 τοῦ,
3093 5486 3190 5558 τὴν
3211 5487 3550 5560 εὐπρέπειαν
3618 5491 3726 5559 ἀφ-

2125 5565 2463 5644 ’ῃρημένους
2498 5590 2511 5604 ·
2537 5573 2674 5627 ἄλλα
2721 5576 2778 5628 δὲ
2839 5575 3019 5646 βιϐλία
3062 5577 3261 5650 ἔχουσι,
3319 5581 3726 5652 κεκραμένους.

2149 5665 2272 5717 ἀντὶ
2307 5663 2423 5729 τοῦ,
2458 5667 2920 5739 συγκεχυμένους.
