3876 6304
472 283 569 348 ’ἰίὸ

1565 278 2086 344 OLYMPIODORI
2127 277 2657 341 ALEXANDRINI

3686 273 3772 335 715

538 397 718 454 v.14.
753 416 775 450 ι
799 396 905 464 Qui
936 396 1164 452 tenditis
1192 411 1400 451 arcum.
1439 413 1457 446 ι
1489 396 1570 451 Ad
1615 397 1894 466 apostolos
1939 407 2045 452 ten-

2242 416 2260 447 ι
2303 394 2515 456 Πάντες
2574 393 2843 467 τείνοντες
2874 390 3050 454 τόξον.
3084 408 3102 439 ι
3151 388 3298 458 Πρὸς
3334 388 3474 449 τοὺς
3531 382 3767 440 ἀποστό-

471 492 549 547 (lit
577 491 666 546 hic
695 505 897 553 sermo,
927 489 981 543 in
1014 488 1351 559 spiritualem
1388 490 1738 562 Babylonem.

545 581 608 637 V.
644 582 730 636 15.
778 600 798 632 ι
848 580 1177 636 Ceciderunt
1219 580 1629 652 propugnacula
1680 580 1820 649 ejus.
1867 599 1883 630 ι
1946 580 2058 635 Fu-

474 673 615 728 nesti
640 673 942 728 daemones.

553 765 660 819 «Et
712 764 976 819 sutl'ossus
1009 771 1094 818 est
1138 777 1330 818 murus
1382 763 1527 833 ejus.
1563 781 1581 814 ι
1623 760 1740 833 Ipse
1791 763 2058 818 malorum

472 858 713 912 omnium
748 859 1007 928 princeps
1039 858 1288 911 Satanas.

544 947 608 1002 V.
648 948 765 1003 16.1
790 949 836 1000 A
868 946 1010 1003 facie
1038 948 1198 1019 gladii
1220 946 1411 1003 Graaci.
1445 965 1463 998 ι
1492 946 1633 1018 Cyro
1656 947 1857 1002 milites
1885 948 2057 1004 Graeci

468 1055 689 1109 operam
750 1054 904 1094 suam
953 1040 1328 1109 praestiterant
1385 1040 1564 1109 gladio
1610 1059 1623 1093 :
1672 1041 1851 1112 gladio
1899 1042 2059 1112 igitur

468 1134 658 1186 Gnaeo
687 1132 917 1199 victore,
945 1131 1144 1201 captivi
1202 1130 1358 1185 liberi
1391 1145 1421 1184 a
1448 1131 1589 1202 Cyro
1611 1133 1819 1187 dimissi
1850 1133 1904 1186 in
1959 1149 2057 1202 pa-

470 1224 625 1277 triam
657 1232 1027 1279 revertentur.

540 1313 719 1369 v.17.
753 1333 772 1366 ι
810 1314 1025 1368 Primus
1056 1313 1295 1369 comedit
1345 1327 1472 1367 eum
1516 1328 1609 1368 rex
1664 1313 1851 1368 Assur.
1893 1332 1910 1366 ι
1952 1312 2057 1368 As-

469 1406 647 1475 syrius
678 1405 1074 1459 Sennaeherim
1106 1404 1317 1474 primus
1338 1403 1530 1457 decem
1555 1404 1751 1468 tribus,
1781 1418 1903 1473 quae
1929 1417 2056 1457 caro

469 1506 645 1559 erant,
682 1497 939 1561 comedit,
970 1496 1077 1550 hoc
1104 1506 1210 1560 est,
1249 1495 1496 1565 captivas
1529 1496 1703 1550 duxit.

548 1609 566 1640 ι
606 1588 671 1643 Et
696 1589 783 1642 hic
808 1587 1138 1643 novissimus
1167 1603 1288 1643 ossa
1312 1589 1450 1658 ejus.
1483 1606 1502 1639 ι
1531 1587 2051 1643 Nabuchodonosor.

470 1679 605 1734 Ossa
634 1695 763 1734 vero
790 1678 983 1734 Judam
1017 1679 1271 1749 appellat,
1296 1680 1441 1749 quod
1487 1678 1659 1733 fulcra
1713 1678 1824 1732 sint
1885 1677 2053 1733 totius

470 1773 739 1843 corporis.

542 1864 606 1917 γ.
637 1865 729 1919 20.
761 1883 781 1915 ι
807 1862 1087 1929 Quaerent.
1132 1883 1150 1915 ι
1195 1862 1352 1930 Quod
1373 1863 1629 1918 omnibus
1658 1864 1750 1934 qui
1800 1864 2052 1919 credide-
2116 1880 2123 1888 '

470 1966 598 2010 runt
626 1955 878 2011 Christus
908 1956 1175 2026 integram
1204 1964 1551 2026 peccatorum
1585 1954 1908 2011 oblivionem
1944 1955 2051 2009 lar-

507 2049 611 2103 itus
635 2057 739 2103 est.

507 2065 611 2103 llus
635 2065 739 2103 esu

468 2065 502 2117 8
542 2138 719 2194 v.21.
756 2158 775 2191 ι
810 2139 1009 2192 Amare
1059 2137 1297 2193 ascende
1347 2153 1515 2208 super
1567 2152 1710 2193 eam.
1750 2156 1769 2188 ι
1802 2135 2048 2192 Litterali

467 2232 685 2301 quidem
718 2246 881 2287 sensu
907 2230 1022 2285 haec
1067 2231 1135 2285 ad
1195 2228 1519 2301 Babylonem
1572 2231 1870 2300 pertinent,
1934 2246 2051 2302 my-

468 2325 602 2379 stice
628 2340 757 2378 vero
776 2324 831 2377 in
862 2323 1242 2378 idololatriam.

538 2413 603 2466 V.
623 2414 713 2468 25.
752 2432 770 2464 ι
798 2413 1085 2479 Quomodo
1114 2411 1430 2467 confractus
1453 2423 1509 2467 et
1542 2414 1834 2469 contritus.
1866 2433 1884 2466 ι
1922 2414 2050 2468 Mal-

468 2505 584 2560 leus
634 2507 905 2560 universa:
951 2514 1132 2568 terrae,
1166 2504 1258 2574 qui
1312 2513 1485 2559 totum
1545 2514 1813 2560 terrarum
1861 2507 2045 2562 orbem

466 2598 742 2658 contrivit,
774 2596 1012 2667 Babylon
1043 2596 1129 2650 vel
1165 2596 1329 2649 etiam
1358 2596 1691 2651 idololatria.

536 2686 600 2743 V.
631 2689 720 2742 24.
746 2708 764 2739 ι
795 2687 1189 2758 Aggredientur
1222 2687 1276 2740 in
1301 2696 1371 2740 te.
1402 2707 1419 2738 ι
1448 2688 1526 2742 Ad
1554 2688 1786 2743 litteram
1805 2690 2044 2759 quidem,

469 2791 700 2850 propter
731 2779 1079 2849 repentinum
1123 2779 1360 2833 hostium
1403 2779 1702 2848 impetum;
1734 2782 2047 2850 spiritaliter

464 2889 614 2937 vero,
650 2881 873 2944 propter
927 2888 1185 2928 arcanum
1232 2874 1486 2942 prolundi
1525 2875 1728 2930 Christi
1779 2877 2041 2948 mysterii,

463 2968 606 3028 quod
627 2983 725 3037 per
760 2966 1039 3022 Christum
1065 2959 1245 3020 aetum
1269 2975 1369 3021 est.

534 3057 597 3115 γ.
634 3058 723 3114 25.
764 3077 781 3109 ι
813 3058 1043 3127 Aperuit
1068 3058 1350 3114 Dominus.
1385 3079 1402 3109 ι
1437 3060 1668 3130 Propter
1707 3060 1980 3115 occultum
2008 3076 2039 3114 a

463 3148 677 3203 sazculis
710 3147 1048 3217 mysterium.

533 3237 600 3294 V.
628 3240 717 3295 26.
754 3258 772 3291 ι
806 3238 1133 3295 Scrutamini
1161 3255 1299 3295 eam.
1332 3261 1349 3292 ι
1390 3241 1466 3296 Ex
1504 3241 1638 3311 ipsis
1668 3241 1792 3295 imis
1834 3243 2042 3313 cogita-

466 3332 703 3387 tionibus
741 3332 1099 3388 idololatriam
1129 3334 1484 3388 demolimini.

533 3418 594 3473 V.
622 3420 713 3474 27.
751 3438 769 3471 ι
793 3419 1076 3475 Exsiccate
1104 3437 1297 3477 omnes
1331 3424 1451 3492 ejus
1489 3424 1719 3481 fructus.
1759 3445 1776 3477 ›
1817 3427 1896 3482 Ad
1949 3428 2040 3481 lit-

464 3518 633 3565 teram
663 3511 902 3582 quidem,
924 3510 1212 3581 Babylonis
1253 3520 1545 3582 tyrannos;
1573 3515 1639 3569 ad
1668 3530 1887 3570 sensum
1913 3531 2042 3570 vero

461 3602 768 3672 mysticum,
797 3601 1003 3671 peccati
1029 3601 1256 3664 fructus.
1284 3602 1720 3671 fornicationem,
1745 3606 2042 3661 immundi-

463 3694 589 3749 tiam
613 3704 668 3750 et
693 3701 908 3749 extera.

529 3785 696 3841 ικιδ.
720 3806 737 3837 ι
768 3784 885 3841 Vox
914 3784 1259 3856 fugientium,
1287 3806 1306 3838 ι
1336 3796 1443 3843 etc.
1476 3789 1678 3844 Eorum
1702 3789 1798 3858 qui
1835 3789 1905 3844 ad
1929 3789 2036 3844 Do-

460 3878 667 3932 minum
701 3887 948 3934 nostrum
989 3879 1331 3951 confugiunt.

526 3970 594 4025 ν.
625 3975 712 4027 51.
753 3994 771 4025 ι
810 3973 947 4029 Ecce
977 3989 1077 4045 ego
1107 3976 1418 4044 superbiam
1446 3992 1610 4046 super
1642 3988 1714 4031 te.
1752 3995 1771 4028 ι
1804 3976 2036 4032 Possunt

457 4063 574 4119 haec
600 4075 656 4119 et
687 4065 738 4118 in
769 4063 1078 4121 Judaeorum
1103 4065 1436 4138 Synagogam
1466 4069 1709 4124 referri."

528 4238 591 4295 V.
616 4243 703 4296 52.
736 4260 753 4291 ι
793 4242 859 4295 Ει
884 4241 1209 4296 succendam
1241 4242 1418 4313 ignem
1448 4242 1501 4296 in
1537 4244 1669 4298 silva
1704 4246 1844 4314 ejus.
1882 4268 1900 4299 ι
1932 4249 2035 4303 Sil-

455 4353 545 4397 va,
573 4334 623 4388 id
650 4343 732 4389 est
761 4332 814 4386 in
868 4332 1234 4386 multitudine.
1272 4332 1571 4388 Sciendum
1632 4351 1794 4405 porro
1854 4339 2029 4410 ignem

2161 484 2286 548 λους
2311 488 2339 539 ὁ
2379 485 2557 550 λόγος,
2586 482 2683 534 ἐπὶ
2709 484 2809 551 τὴν
2847 480 3044 551 νοητὴν
3073 478 3402 533 Βαϐυλῶνα.

2236 596 2254 629 ι
2306 578 2552 630 Ἔπεσαν
2600 576 2658 627 αἱ
2703 573 2964 636 ἐπάλξεις
3015 572 3212 641 αὐτῆς.
3283 589 3301 623 ι
3366 571 3437 622 οι
3480 568 3761 637 ἀλιτήριοι
3842 568 3843 617 ζ

2157 671 2440 740 δαίμονες.

2235 780 2254 813 ι
2294 762 2406 815 Καὶ
2454 762 2781 832 κατεσκάφη
2831 760 2893 814 τὸ
2936 760 3119 828 τεῖχος
3171 754 3370 825 αὐτῆς.
3436 772 3459 805 ι
3498 752 3692 816 Αὐτὸς
3738 753 3762 806 ὀ

2159 852 2473 923 ἀρχέκακος
2500 852 2769 916 Σατανᾶς.

2236 964 2254 996 ι
2326 945 2460 997 Ἀπὸ
2493 944 2792 1016 προσώπου
2832 943 3109 1014 μαχαίρας
3175 940 3537 1011 Ἑλληνικῆς.
3607 958 3630 991 ι
3680 939 3760 1010 τῷ

2159 1036 2333 1108 Κύρῳ
2389 1036 2656 1106 Ἕλληνες
2691 1036 3119 1106 συνεμάχησαν·
3173 1033 3491 1103 νικησάσης
3536 1026 3641 1085 οὖν
3668 1031 3758 1099 τῆς

2168 1129 2494 1200 Ἑλληνικῆς
2527 1127 2828 1199 μαχαίρας,
2870 1127 3169 1197 ἀφεθέντες
3199 1125 3306 1178 ὑπὸ
3346 1124 3449 1178 τοῦ
3490 1124 3687 1195 Κύρου
3712 1127 3754 1178 οἱ

2157 1221 2499 1294 αἰχμάλωτοι
2534 1224 2615 1285 εἰς
2639 1222 2738 1294 τὴν
2775 1221 2914 1276 ἰδίαν
2946 1219 3501 1291 ὲπαναστρέψουσιν.

2234 1332 2253 1365 ι
2300 1313 2357 1367 '0
2398 1313 2617 1384 πρῶτος
2668 1313 2875 1383 ἔφαγεν
2918 1312 3082 1366 αὐτὸν
3129 1312 3390 1382 βασιλεὺς
3422 1309 3694 1380 ’Δσσοῦρ.
3730 1328 3749 1363 ι

2169 1405 2461 1477 Ἀσσύριος
2484 1405 2561 1459 ὢν
2588 1407 2618 1459 ὁ
2644 1405 2993 1475 Σεναχηρείμ
3014 1406 3234 1476 πρῶτος
3257 1404 3359 1466 τὰς
3388 1403 3533 1457 δέκα
3562 1402 3752 1471 φυλάς.

2158 1495 2369 1568 σάρκας
2402 1495 2571 1560 οὔσας
2606 1496 2800 1565 ἔφαγε,
2832 1494 3120 1548 τουτέστιν
3140 1493 3567 1565 ᾐχμαλώτισεν.

2233 1605 2252 1637 ι
2295 1588 2406 1639 Καὶ
2433 1580 2596 1647 οὗτος
2623 1587 2856 1658 ὕστερον
2889 1587 2957 1640 τά
2986 1587 3126 1640 ὀστᾶ
3153 1584 3340 1640 αὑτοῦ.
3371 1604 3391 1637 ι
3440 1583 3506 1638 '0
3539 1584 3753 1638 Ναὸωο

2158 1677 2466 1751 χοδονόσορ.
2515 1679 2682 1733 Ὀστᾶ
2710 1679 2769 1732 δὲ
2800 1680 2959 1733 καλεῖ
2984 1679 3077 1731 τὸν
3124 1676 3324 1742 Ἰούδα,
3368 1676 3451 1741 ώς
3494 1675 3753 1730 σύστασιν

2084 1761 2128 1817 Β
2155 1769 2288 1824 ὄντα
2315 1770 2410 1823 τοῦ
2440 1770 2642 1834 παντὸς
2669 1770 2944 1840 σώματος.
2984 1816 2989 1821 .

2231 1880 2251 1914 ι
2287 1864 2622 1934 Ζητήσουσι.
2664 1882 2683 1916 ι
2732 1865 2856 1917 Ὅτι
2882 1865 3019 1917 πᾶσι
3072 1865 3185 1926 τοῖς
3232 1861 3614 1915 πιστεύσασιν
3661 1860 3751 1931 τὴν

2152 1953 2462 2024 ἀμνηστίαν
2483 1953 2593 2007 τῶν
2623 1954 3043 2025 ἁμαρτημάτων
3072 1955 3102 2007 ὁ
3126 1952 3369 2025 Χριστὸς
3400 1953 3747 2024 ἐδωρήσατο.

2226 2156 2245 2188 ι
2288 2135 2513 2207 Πικρῶς
2575 2134 2807 2208 ἐπίϐηθι
2860 2136 3169 2208 ὲπάυτήν.
3228 2153 3249 2186 ι
3306 2134 3458 2205 Πρὸς
3512 2136 3619 2205 μὲν
3657 2135 3748 2205 τὴν

2155 2229 2401 2296 ἱστορίαν
2437 2229 2534 2281 ἐπὶ
2569 2228 2671 2299 τὴν
2701 2228 3023 2296 Βαϐυλῶνα,
3055 2229 3195 2303 πρὸς
3240 2227 3299 2281 δὲ
3341 2226 3602 2284 διάνοιαν
3662 2230 3746 2283 ἐπὶ

2149 2322 2249 2393 τὴν
2276 2320 2755 2392 εἰδωλολατρείαν.

2225 2434 2244 2465 ι
2278 2413 2405 2477 Πῶς
2460 2411 2827 2484 συνεκλάσθη.
2854 2432 2873 2465 ι
2898 2414 2958 2467 ’Ιί
3001 2412 3185 2485 σφύρα
3226 2415 3411 2486 πάσης
3473 2415 3580 2485 τῆς
3622 2413 3743 2485 γῆς.

2148 2507 2179 2573 ή
2214 2506 2316 2575 τὴν
2349 2506 2678 2578 οἰκουμένην
2711 2507 3078 2577 συντρίψασα,
3100 2506 3362 2561 Βαϐυλὼν
3390 2507 3424 2559 ἢ
3458 2510 3564 2561 καὶ
3589 2510 3742 2561 εἰδω-

2148 2599 2462 2668 λολατρεία.

2224 2709 2242 2740 ι
2279 2689 2667 2759 Ἐπιθήσονταί
2730 2707 2837 2744 σοι.
2878 2710 2898 2743 ι
2959 2690 3106 2761 Πρὸς
3163 2691 3266 2763 μὲν
3330 2692 3437 2763 τὴν
3472 2694 3739 2765 ἱστορίαν,

2145 2778 2233 2832 διὰ
2273 2779 2338 2831 τὸ
2371 2778 2481 2832 τῶν
2521 2777 2776 2849 πολέμων
2822 2780 3088 2848 αἰφνίδιον
3116 2795 3129 2809 ·
3181 2781 3321 2850 πρὸς
3361 2781 3423 2834 δὴ
3474 2782 3738 2847 διάνοιαν,

2144 2871 2235 2925 διὰ
2262 2872 2325 2924 τὸ
2353 2872 2596 2942 κρυπτὸν
2618 2871 2713 2924 τοῦ
2744 2872 2943 2949 βάθους
2959 2871 3055 2925 τοῦ
3080 2872 3226 2926 κατὰ
3256 2873 3504 2942 Χριστὸν
3537 2892 3742 2947 μυστη-

2153 2966 2294 3036 ρίου.

2222 3075 2242 3109 ι
2289 3058 2509 3123 Ἦνοιξε
2557 3057 2787 3130 Κύριος.
2848 3078 2864 3110 ι
2905 3057 3005 3112 Διὰ
3053 3059 3115 3112 τὸ
3196 3062 3607 3132 κεκρυμμένον
3636 3064 3742 3119 ἀπὸ

2146 3149 2254 3203 τῶν
2286 3150 2502 3204 αἰώνων
2539 3152 2864 3222 μυστήριον.

2221 3258 2241 3291 ι
2290 3242 2651 3312 Ἐρευνήσατε
2685 3242 2877 3313 αὑτήν.
2919 3259 2938 3292 ι
2979 3241 3070 3306 Ἐξ
3102 3241 3284 3295 αὐτῶν
3315 3242 3431 3297 τῶν
3454 3243 3740 3316 λογισμῶν

2147 3333 2595 3403 ἀναμοχλεὺσατε
2621 3334 2725 3402 τὴν
2755 3333 3232 3404 εἱδωλολατρεὶαν.

2222 3444 2240 3475 ι
2284 3425 2691 3494 Ἀναξηράνατε
2727 3424 2900 3494 αὐτῆς
2949 3426 3156 3486 πάντας
3203 3425 3333 3489 τοὺς
3385 3428 3670 3497 καρπούς.
3712 3447 3733 3481 ι

2145 3515 2288 3585 Πρὸς
2320 3514 2419 3583 μὲν
2464 3515 2565 3585 τὴν
2612 3514 2877 3583 ἱστορίαν,
2923 3515 3050 3579 τοὺς
3079 3517 3383 3587 τυράννους
3423 3517 3531 3586 τῆς
3562 3519 3739 3572 816'.»-

2142 3608 2312 3672 λῶνος
2347 3624 2360 3638 ·
2403 3609 2539 3679 πρὸς
2571 3608 2631 3661 δὲ
2673 3609 2943 3671 διάνοιαν,
2977 3611 3105 3670 τοὺς
3143 3610 3241 3678 τῆς
3272 3611 3565 3679 ἁμαρτίας
3599 3630 3736 3680 καρ-

2145 3701 2303 3765 ποὺς,
2333 3700 2618 3776 πορνείαν,
2662 3702 2757 3753 καὶ
2791 3701 3156 3770 ἀκαθαρσίαν,
3191 3702 3285 3754 καὶ
3313 3701 3381 3754 τά
3412 3702 3570 3772 ἑξῆς.

2215 3810 2235 3842 ι
2279 3790 2436 3861 Φωνὴ
2468 3789 2801 3858 φευγόντων.
2847 3809 2865 3840 ι
2900 3790 3023 3842 Τῶν
3056 3791 3137 3852 εἰς
3175 3790 3268 3844 τὸν
3320 3790 3536 3861 Κύριον
3578 3793 3731 3863 ἡμῶν

2140 3880 2625 3948 καταφευγόντων.

2216 3992 2234 4023 ι
2288 3972 2419 4025 Ἰδοὺ
2462 3970 2574 4040 ἐγὼ
2616 3971 2709 4022 ἐπὶ
2765 3970 2824 4022 σὲ
2862 3971 2961 4039 τὴν
3006 3971 3354 4042 ὑερίστριαν.
3413 3991 3433 4024 ι
3489 3971 3728 4026 Δύναται

2135 4066 2312 4120 ταῦτα
2335 4063 2595 4119 καὶκατὰ
2626 4062 2728 4134 τῆς
2754 4065 2864 4118 τῶν
2889 4064 3161 4117 Ἰουδαίων
3217 4066 3552 4136 συναγωγῆς
3585 4068 3726 4139 λαμ-

2139 4158 2428 4213 σάνεσθαι.

2215 4270 2231 4299 ι
2273 4252 2384 4304 Καὶ
2425 4249 2617 4318 ἀνάψω
2655 4248 2766 4319 πῦρ
2810 4252 2870 4302 ὲν
2903 4249 2981 4318 τῷ
3013 4248 3205 4319 δρυμῷ
3235 4251 3429 4318 αὐτῆς.
3470 4272 3487 4304 ι
3516 4253 3722 4324 Apum}

2140 4344 2258 4414 μὲν,
2281 4340 2361 4411 τῷ
2404 4341 2626 4411 πλήθει.
2664 4341 2867 4394 ’ἰστέον
2921 4341 2975 4393 δὲ
3022 4341 3253 4394 ὅτι-καὶ
3290 4343 3355 4396 τὸ
3404 4343 3557 4397 θεῖον
3611 4345 3719 4415 πῦρ

456 4438 675 4491 quoque
720 4420 964 4476 divinum
992 4421 1045 4473 in
1072 4421 1285 4475 animos
1311 4422 1603 4491 labentem,
1636 4427 1789 4494 quasi
1819 4427 2034 4486 ﬂamma

2184 4435 2411 4487 ιπίπτον
2455 4435 2534 4496 εἰς
2561 4433 2761 4503 ψυχάς,
2810 4430 3001 4501 ὥσπερ
3033 4431 3164 4500 φλὸξ
3196 4434 3256 4485 ὲν
3300 4433 3497 4506 δρυμῷ
3522 4436 3716 4503 ξύλων,

457 4514 514 4567 in
546 4514 676 4567 silva
709 4513 1000 4583 lignorum,
1025 4511 1310 4568 absumere
1332 4514 1513 4569 omnia
1538 4518 1794 4587 nequitia:
1810 4536 2028 4592 genera.

530 4603 595 4659 γ.
642 4605 733 4660 55.
774 4623 791 4654 ι
819 4604 946 4660 Haec
986 4604 1118 4658 dicit
1159 4603 1437 4659 Dominus.
1470 4624 1490 4658 ι
1536 4608 1611 4660 De
1665 4614 1929 4680 corporali
1969 4614 2034 4668 ﬁ-

459 4689 654 4750 lierum
707 4695 867 4750 Israel
912 4705 966 4751 et
1002 4694 1328 4767 intelligibili
1349 4696 1652 4754 animarum
1699 4704 2029 4773 captivitate,

457 4789 636 4860 deque
686 4804 870 4844 earum
923 4805 1021 4861 per
1086 4788 1376 4845 Dominum
1416 4791 1735 4848 liberatione
1774 4795 2029 4865 loquitur.

530 4973 699 5028 [δι.
724 4993 741 5025 ι
764 4974 1364 5043 ἰυᾶίοἰυιηίυάἰωὺὶω
1399 4976 1601 5032 Idcirco
1643 4980 1890 5035 Salvator
1931 4983 2035 5035 οἴει

462 5066 549 5121 bat
571 5083 584 5118 :
607 5068 762 5120 Nunc
763 5066 1028 5134 judicium
1044 5066 1199 5135 hujus
1213 5068 1414 5132 mundi,
1432 5083 1568 5121 nunc
1589 5070 1826 5139 princeps
1854 5075 2032 5126 mundi

458 5158 615 5226 hujus
642 5157 835 5227 ejecta:
863 5166 937 5209 est
959 5154 1024 5209 ³⁸.

532 5247 590 5301 ν.
627 5250 715 5303 ³58.
760 5265 779 5297 ι
805 5248 981 5316 Super
1005 5262 1197 5316 aquam
1230 5248 1368 5317 ejus.
1397 5269 1413 5299 ι
1444 5248 1520 5304 Ad
1547 5251 1779 5304 litteram
1809 5253 2029 5322 quidem

458 5349 563 5404 est,
597 5338 971 5395 multitudine:
1004 5339 1223 5408 mystice
1250 5353 1398 5399 vero,
1430 5348 1649 5409 propter
1668 5339 1946 5397 humidam
1978 5354 2034 5398 et

461 5431 659 5483 ﬂuxam
690 5430 1058 5501 nefariaman
1080 5431 1291 5484 vivendi
1325 5430 1606 5485 rationem.

538 5539 556 5570 ι
587 5521 655 5574 Et
679 5521 731 5574 in
756 5522 965 5576 insulis.
999 5542 1017 5573 ι
1041 5507 1170 5575 Nam
1196 5529 1252 5575 et
1277 5520 1465 5575 harum
1494 5523 1844 5592 potiebantur
1861 5524 2031 5596 Baby-

464 5611 629 5680 lonii;
660 5612 881 5682 mystice
914 5629 1043 5668 vero
1075 5614 1125 5667 in
1154 5613 1331 5670 idolis.

532 5727 575 5759 "
603 5727 757 5782 Joan.
789 5743 889 5793 xii,
918 5728 1007 5781 '51.

2134 4531 2315 4581 πάντα
2345 4526 2734 4580 καταναλίσκει
2758 4526 2856 4594 τῆς
2889 4526 3089 4587 κακίας
3108 4526 3177 4577 τὰ
3205 4525 3345 4595 εἴδη.

2210 4639 2226 4670 ι
2262 4618 2401 4672 Τάδε
2428 4618 2577 4685 λέγει
2606 4618 2829 4686 Κύριος.
2872 4636 2890 4669 ι
2932 4618 3066 4687 Περὶ
3086 4617 3187 4685 τῆς
3217 4618 3489 4689 αἰσθητῆς
3512 4622 3717 4691 αἰχμα-

2131 4710 2333 4774 λωσίας
2354 4710 2463 4762 τῶν
2491 4709 2622 4762 υἱῶν
2646 4708 2887 4780 Ἰσραὴλ,
2915 4712 3007 4762 καὶ
3036 4709 3138 4778 τῆς
3163 4711 3274 4763 τῶν
3303 4711 3496 4782 ψυχῶν
3518 4716 3716 4785 νοητῆς

2132 4802 2535 4872 αἰχμαλωσίας,
2569 4801 2788 4871 καὶτῆς
2815 4802 2995 4854 αὐτῶν
3023 4802 3113 4855 δια
3144 4804 3240 4855 τοῦ
3275 4805 3483 4875 Κυρίου
3513 4808 3721 4861 ἀπολυ-

2130 4908 2159 4942 τ
2166 4890 2385 4960 ρώσεώς
2415 4908 2595 4959 φησιν.

2206 5000 2227 5031 ι
2280 4983 2478 5053 Κρὶσιν
2522 4982 2717 5053 κρίνει.
2758 5001 2774 5031 ι
2817 4984 2916 5034 Διὰ
2955 4984 3113 5037 τοῦτο
3169 4985 3358 5053 ἔλεγεν
3400 4988 3427 5038 ὁ
3482 4989 3721 5061 Σωτήρ·

2131 5073 2261 5126 Νῦν
2290 5074 2488 5141 κρίσις
2518 5072 2624 5126 τοῦ
2650 5075 2883 5141 κόσμου
2909 5076 3123 5129 τούτου
3147 5095 3158 5105 ·
3186 5077 3304 5132 νῦν
3328 5081 3363 5132 ὀ
3380 5079 3583 5148 ἅρχων
3610 5083 3717 5135 τοῦ

2132 5166 2365 5231 κόσμου
2396 5166 2615 5217 τούτου
2642 5163 3012 5230 ἑκϐἐὸληται.

2208 5274 2226 5307 ι
2268 5255 2394 5307 Ἑπί
2431 5253 2508 5323 τῷ
2544 5254 2696 5306 ὕδατι
2731 5256 2922 5325 αὐτῆς.
2961 5275 2979 5307 ι
3014 5256 3155 5309 Καθ’
3187 5256 3435 5326 ἱστορίαν
3460 5257 3586 5327 μὲν,
3624 5258 3716 5312 ἐπὶ

2132 5348 2209 5416 τῷ
2248 5346 2469 5417 πλήθει·
2517 5348 2654 5416 πρὸς
2709 5346 2764 5398 δὲ
2812 5346 3086 5412 διάνοιαν,
3140 5350 3234 5401 ἐπὶ
3273 5349 3351 5420 τῷ
3394 5348 3571 5421 ὑγρῷ,
3618 5353 3716 5405 καὶ

2132 5441 2423 5510 ἀνειμένῳ,
2459 5442 2552 5493 καὶ
2579 5441 2888 5511 ἁμαρτωλῷ
2917 5441 3037 5510 βίῳ.

2211 5551 2230 5581 ι
2259 5532 2365 5583 Καὶ
2390 5533 2448 5583 ἐν
2480 5533 2599 5594 ταῖς
2627 5533 2833 5601 νήσοις.
2852 5552 2869 5583 ι
2891 5531 2980 5594 Ὠς
3016 5531 3111 5583 καὶ
3139 5531 3346 5585 τούτων
3378 5531 3717 5604 κρατοῦντες

2131 5622 2564 5677 οἱΒαβυλὼνιῡι·
2612 5623 2749 5695 πρὸς
2784 5624 2839 5676 δὲ
2884 5623 3144 5690 διάνοιαν,
3182 5625 3240 5677 ἐν
3296 5626 3407 5689 τοῖς
3444 5621 3720 5687 εξδώλοις.
