3876 6304
116 325 222 392 717
276 304 279 307 ’

1236 323 1696 384 FRAGMENTA
1733 324 1814 383 ΙΝ
1853 324 2265 386 IEREMIAM.

3263 326 3368 390 ἨΒ

195 463 216 496 ί
252 440 351 495 Διὰ
371 439 532 494 τοῦτο
566 438 1010 510 κατοικήσουσιν.
1055 458 1073 490 ι
1109 438 1469 509 Ὀμοιὼματα
1490 438 1693 510 ἀνθρώ-

1876 437 1935 492 ν.
1970 441 2058 495 '59.
2104 460 2120 491 ι
2149 440 2440 524 Propterea
2474 442 2818 498 babitabunt.
2858 463 2875 494 ι
2920 442 3218 499 Simulacra
3266 446 3368 499 im-

115 551 258 598 πων,
293 533 394 587 οὐκ
424 531 743 601 ἄνθρωποι,
797 531 886 583 ἴνα
933 529 1067 604 εἴπῃ
1092 530 1192 600 τὴν
1252 529 1537 585 ἀσθένειαν
1583 530 1693 584 τῶν

118 622 562 695 συμμαχούντων
594 623 709 684 τοῖς
762 620 1077 690 βασιλείοις.
1113 620 1224 675 Καὶ
1271 622 1385 693 γὰρ
1431 623 1527 675 καὶ
1568 622 1692 684 τοὺς

111 713 562 782 ἀντιπράξαντας
591 708 702 764 τῶν
731 708 1011 780 νησιωτῶν
1056 705 1205 763 εἷλεν
1259 711 1287 762 ὁ
1335 708 1537 778 Κύρος.
1584 710 1695 778 Τὴν

109 807 175 859 δὲ
204 803 406 857 τούτων
445 800 686 872 ἐρημίαν
737 801 995 872 σημαίνει
1026 799 1117 855 διὰ
1142 799 1255 853 τῶν
1297 801 1592 871 Σειρήνων,
1622 801 1696 863 ὡς

114 890 613 963 ἀνθρωπομόριρων
656 888 846 943 λοιπὸν
896 889 1215 959 δαιμονίων,
1266 888 1301 959 ἢ
1341 889 1435 943 καὶ
1483 889 1696 961 ᾠδικῶν

112 985 344 1053 ὀρνέων,
371 982 461 1036 διὰ
489 982 590 1053 τὴν
616 981 858 1053 ἐρημίαν
885 979 1185 1035 οἰκούντων
1205 979 1332 1043 τοὺς
1365 980 1588 1044 τόπους.

198 1095 218 1129 t
274 1076 408 1129 Ἰδοὺ
455 1074 586 1137 λαὸς
626 1072 870 1145 ἔρχεται.
929 1092 949 1125 ι
1001 1073 1067 1126 Oi
1126 1072 1187 1137 ἐξ
1241 1071 1414 1126 ἐθνῶν
1477 1071 1698 1126 πιστεύ-

119 1184 335 1232 σαντες.
1664 1204 1669 1217 .

200 1279 219 1313 ι
257 1259 363 1313 Καὶ
387 1257 631 1329 βασιλεῖς
663 1252 873 1310 πολλοί.
900 1275 919 1307 ι
954 1255 1148 1317 Ἐθνος
1187 1254 1298 1326 γάρ
1335 1255 1476 1307 εἰσιν
1513 1252 1693 1322 ἅγιον,

121 1351 398 1424 βασίλειον
439 1350 776 1423 ἱεράτευμα·
812 1347 987 1402 ταῦτα
1014 1347 1070 1401 δὲ
1109 1349 1223 1400 ἑνοῖ
1252 1348 1392 1416 μετὰ
1426 1345 1524 1416 τὴν
1562 1347 1700 1399 ίστο-

163 1444 268 1499 ίαν.

119 1463 268 1592 Pu";
307 1539 369 1590 ὲν
420 1533 499 1606 τῷ
549 1532 795 1605 Ἰορδάνῃ
847 1528 1245 1600 βαπτιζόμενος
1291 1528 1440 1591 λαός.
1492 1528 1553 1581 '0
1603 1527 1702 1597 τὴν

119 1630 321 1702 νοητὴν
346 1624 649 1681 Βαϐυλῶνα
678 1620 1106 1693 καταπολεμῶν.

201 1739 221 1773 ι
256 1721 347 1784 Είς
377 1717 617 1789 Γαιθάμ.
671 1736 690 1769 ι
739 1714 956 1785 Γαιθὰμ
1000 1713 1164 1776 τόπος
1193 1712 1290 1766 τοῦ
1321 1710 1611 1783 Ἰορδάνου,
1646 1711 1703 1763 ἐν

117 1807 171 1883 ᾧ
198 1811 387 1867 πολλοὶ
419 1810 657 1873 λέοντες.

201 1926 220 1958 ι
256 1904 383 1958 Ὀτι
409 1900 622 1971 ταχέως
652 1896 895 1961 ὲκδιώξω
929 1895 1149 1960 αὐτούς.
1183 1914 1203 1949 ι
1234 1895 1374 1958 Τοὺς
1403 1892 1706 1958 Χαλδαίους

118 2000 193 2052 ἐκ
220 1997 319 2068 τῆς
354 1995 693 2058 Βαϐυλῶνος.

203 2109 222 2142 ι
258 2091 368 2144 Καὶ
399 2088 482 2152 τίς
511 2082 666 2151 οὗτος
714 2085 943 2156 ποιμήν.
985 2103 1005 2136 ι
1034 2082 1141 2137 Τοῦ
1180 2080 1291 2153 γὰρ
1333 2079 1544 2152 ἀγαθοῦ
1589 2096 1708 2134 ποι-

124 2184 290 2255 μένος
320 2179 712 2251 ἐξαιρουμένου
732 2178 905 2252 ἡμᾶς,
924 2175 1081 2230 οὐδὲν
1112 2177 1244 2247 ἡμῖν
1276 2175 1455 2229 ποιεῖν
1483 2173 1707 2228 δύναται

120 2279 156 2330 ὁ
188 2274 471 2344 πολέμιος.

104 2423 112 2431 ,
206 2385 224 2417 ι
266 2366 393 2420 Ἐὰν
430 2363 507 2434 μὴ
555 2358 881 2430 διαφανισθῇ
935 2357 1076 2428 νομὴ
1110 2357 1207 2410 ἀπ’
1249 2355 1457 2412 αὐτῶν.
1499 2375 1520 2410 ι
1558 2356 1710 2410 ’Δντὶ

118 2456 244 2522 τοῦ,
285 2456 519 2525 φίλτατα
544 2451 710 2506 τέκνα
734 2467 748 2480 θ
769 2451 969 2519 δεῖγμα
999 2449 1056 2501 δὲ
1082 2447 1244 2501 τοῦτο
1280 2449 1487 2520 πικρᾶς
1511 2449 1709 2518 αίχμα-

121 2549 351 2611 λωσίας.
1238 2560 1239 2565 ‘

744 2636 901 2697 ΚΕΦ.
940 2634 1069 2688 ΝΔ’.

205 2748 224 2781 ι
265 2729 507 2797 Ἄνεμον
566 2727 823 2784 καύσωνα
877 2722 1283 2795 διαφθείροντα.
1337 2743 1358 2776 ι
1412 2725 1569 2779 Μετὰ
1609 2725 1709 2797 τὴν

128 2820 373 2892 ἱστορίαν
404 2819 516 2872 νόει
545 2820 674 2880 τοὺς
706 2818 811 2871 ὑπὸ
854 2815 948 2869 τοῦ
1005 2816 1164 2884 ἁγίου
1199 2816 1517 2887 Πνεῦματος
1580 2815 1709 2887 βοη-

124 2915 225 2969 θου
237 2912 454 2984 μένους,
483 2911 611 2974 τοὺς
644 2909 1005 2982 ξηραίνοντας
1035 2910 1131 2983 καὶ
1167 2908 1588 2980 διαφθείροντας
1611 2910 1710 2977 τῆς

124 3005 330 3066 κακίας
361 3002 428 3056 τὰ
466 3001 740 3073 ῥεύματα.

205 3113 226 3147 ς
273 3095 383 3148 Καὶ
417 3093 492 3165 μὴ
523 3091 798 3161 φείσεσθε.
832 3110 850 3144 ι
889 3092 1038 3144 Ἀντὶ
1063 3090 1181 3151 τοῦ.
1213 3093 1288 3162 μὴ
1312 3091 1589 3184 πτοηθῆτε
1609 3093 1708 3161 τὴν
1736 3126 1779 3184 c

122 3187 361 3259 ἀπειλὴν
393 3186 503 3240 τῶν
523 3186 815 3257 δαιμόνων.
849 3183 994 3251 Ἐγὼ
1024 3183 1134 3253 γάρ
1164 3182 1283 3252 εἰμι
1321 3182 1442 3253 μεθ’
1478 3182 1649 3251 ὑμῶν.

205 3300 225 3331 ι
262 3281 385 3334 Ὀτι
429 3281 463 3349 ἡ
503 3279 576 3348 γῆ
615 3278 815 3332 αὐτῶν.
861 3296 879 3328 ›
917 3278 1199 3347 Πλήρωμα
1230 3275 1359 3343 γὰρ,
1411 3275 1566 3343 φησὶ,
1608 3274 1708 3342 τῆς

121 3370 344 3433 ἀδικίας
390 3369 499 3423 τῶν
529 3369 835 3432 Χαλδαίων,
868 3368 930 3420 τὸ
970 3366 1064 3420 καὶ
1114 3365 1182 3418 τὰ
1231 3363 1401 3433 σκεύη
1455 3364 1525 3417 τὰ
1577 3362 1711 3432 ἅγια

124 3463 227 3516 καὶ
261 3461 451 3529 ἁγίους
474 3459 673 3532 ἄνδρας
711 3459 971 3529 μετάγειν
1001 3459 1081 3520 είς
1107 3455 1427 3511 Βαϐυλῶνα.

206 3571 226 3603 ι
251 3550 487 3619 Φεῦγετε
526 3552 589 3602 ἐκ
623 3550 790 3619 μέσου
818 3547 1162 3610 Βαϐυλῶνος.
1197 3567 1215 3599 ι
1258 3545 1485 3614 Φεύγειν
1515 3546 1543 3599 ὀ
1574 3562 1710 3615 προ-

122 3648 311 3715 φήτης
351 3641 565 3695 κελεύει
596 3643 661 3693 ὲκ
701 3641 869 3709 μέσου
902 3639 1005 3708 τῆς
1035 3638 1353 3700 Βαϐυλῶνος
1379 3638 1507 3701 τοὺς
1538 3635 1710 3701 σωζο-

124 3739 353 3808 μένους,
378 3734 486 3787 εἴτε
513 3735 611 3804 τῆς
663 3732 950 3803 αἰσθητῆς,
975 3732 1087 3786 εἴτε
1116 3731 1212 3785 καὶ
1256 3730 1361 3800 τῆς
1382 3729 1478 3783 τοῦ
1505 3729 1710 3799 κόσμου

122 3825 475 3896 συγχύσεως.

206 3936 225 3968 ι
260 3917 529 3986 Ποτήριον
559 3913 798 3984 χρυσοῦν
829 3912 1106 3967 Βαϐυλών.
1143 3932 1160 3964 ι
1206 3913 1470 3984 Ποτήριον
1513 3911 1709 3965 πολλα·

120 4008 227 4080 χοῦ
255 4008 405 4078 παρὰ
426 4009 492 4078 τῇ
519 4007 640 4077 θεία
663 4005 855 4077 Γραφῇ
877 4005 1193 4075 ὠνόμασται
1216 4005 1249 4075 ἡ
1270 4003 1545 4074 λεγομένη
1573 4003 1711 4072 ὀργὴ

123 4101 227 4157 τοῦ
258 4100 416 4156 Θεοῦ.
434 4099 656 4169 Ἐπειδὴ
678 4092 772 4153 οῦν
794 4098 920 4161 τοὺς
946 4095 1389 4167 προσκυνοῦντας
1412 4095 1562 4165 αὑτῷ
1581 4095 1714 4157 Θεὸς

121 4193 218 4247 διὰ
252 4191 614 4245 Βαϐυλωνίων
641 4191 993 4260 ἐτιμωρεῖτο,
1025 4187 1291 4258 ποτήριον
1325 4185 1594 4257 μεθύσκον
1616 4185 1713 4238 αὑ-

122 4285 228 4352 τὴν
273 4281 543 4351 κέκληκεν
569 4297 582 4312 ο
619 4280 859 4353 χρυσοῦν
892 4279 980 4344 δὲ,
1011 4277 1103 4333 διὰ
1131 4279 1222 4332 τὸν
1264 4280 1323 4330 ὲν
1363 4277 1501 4347 αὐτῇ
1550 4276 1714 4329 πλοῦ-

124 4393 244 4430 τον.

1798 528 2028 591 minutn,
2064 544 2172 584 non
2200 528 2472 596 homines,
2503 541 2560 586 ut
2587 547 2775 587 eorum
2793 534 2883 604 qui
2901 532 3212 604 Babyloniis
3238 551 3367 602 sup—

1799 619 1971 689 petias
2015 620 2280 686 ferebant,
2331 608 2702 680 infirmitatem
2760 627 3112 697 exprimeret.
3139 628 3273 681 Nam
3317 639 3374 681 et

1799 708 2096 779 insularum
2127 709 2350 777 incolas,
2380 714 2473 782 qui
2502 712 2604 768 sibi
2632 715 2980 781 obstiterant,
3012 717 3158 786 cepit
3177 716 3368 787 Cyrus.

1799 793 1904 850 Eas
1948 812 2113 866 porro
2138 798 2317 854 nullos
2354 800 2560 855 incolas
2580 800 2782 858 habere
2812 819 2910 874 per
2938 803 3159 860 Sirenes
3198 805 3371 875 signi-

1786 887 1946 956 .ﬁcat,
1977 906 2099 960 quae
2122 891 2389 947 daemonia
2420 900 2547 948 sunt
2600 894 2837 950 humana
2879 895 3068 968 ﬁgura,
3111 897 3196 953 vel
3244 911 3374 954 aves

1798 994 2013 1035 canora:
2035 995 2157 1050 quae.
2180 981 2416 1038 solitaria
2441 984 2557 1039 loca
2586 984 2912 1041 inhabitant.

1870 1069 1937 1123 γ.
1959 1069 2049 1125 Μ’.
2088 1088 2107 1123 ι
2132 1071 2271 1128 Ecce
2289 1074 2521 1144 populus
2546 1078 2713 1132 venit.
2742 1096 2762 1129 ι
2792 1076 2895 1142 Qui
2919 1093 2950 1133 e
2975 1079 3230 1149 gentibus
3255 1095 3376 1136 cre-

1801 1158 2077 1214 diderunt.

1877 1247 1988 1302 «Et
2031 1265 2187 1321 reges
2223 1252 2397 1307 multi.
2434 1272 2453 1306 ι
2487 1254 2635 1311 Gens
2679 1258 2824 1312 enim
2880 1271 3066 1317 sancta
3109 1272 3237 1318 sunt
3286 1279 3375 1319 re-

1801 1340 1922 1409 gale
1977 1340 2431 1400 sacerdotium":
2495 1347 2611 1403 haec
2651 1358 2832 1403 autem
2882 1348 3125 1407 historiae
3172 1354 3378 1410 subne-

1803 1433 1917 1486 ctu»

1873 1527 2109 1596 Populus
2131 1530 2224 1600 qui
2251 1530 2306 1584 in
2331 1530 2570 1587 Jordane
2598 1533 2922 1604 baptizatur.
2952 1534 3055 1602 Qui
3075 1536 3377 1608 spiritalem

1805 1616 2128 1688 Babylonem
2157 1631 2447 1694 expugnat.

1882 1706 2057 1764 v.44.
2113 1730 2132 1762 ι
2160 1713 2216 1765 ln
2264 1713 2527 1770 Gaetham.
2562 1734 2582 1769 ι
2617 1715 2797 1774 Locus
2825 1727 2908 1775 est
2957 1720 3209 1777 Iordanis
3260 1722 3382 1779 Gaz-

1736 1788 1779 1843 B
1807 1798 1978 1863 math,
2018 1798 2265 1856 leonibus
2292 1803 2593 1861 abundans.

1881 1907 1900 1938 ι
1937 1888 2073 1954 Quia
2130 1891 2241 1947 cito
2298 1896 2565 1966 expellam
2602 1912 2714 1953 eos.
2756 1917 2776 1952 ι
2819 1897 3161 1959 Chaldaeose
3204 1903 3382 1978 Baby-

1802 1978 1948 2036 Ione.

1877 2070 1942 2125 Et
1981 2073 2104 2144 quis
2162 2075 2262 2131 iste
2295 2087 2500 2146 pastor.
2532 2097 2551 2131 ι
2585 2079 2720 2137 Nam
2751 2095 2969 2154 pastore
3001 2088 3146 2143 bono
3182 2103 3283 2145 nos
3313 2089 3380 2143 li-

1805 2163 2051 2228 berante,
2079 2167 2215 2221 nihil
2246 2170 2404 2224 nobis
2432 2186 2628 2229 nocere
2653 2184 2831 2245 potest
2860 2178 3227 2237 adversarius.

1877 2345 1941 2401 ν.
1971 2347 2060 2402 45.
2093 2369 2108 2400 ι
2138 2348 2248 2404 Nisi
2272 2363 2693 2423 corrumpantur
2719 2357 2841 2427 agni
2863 2360 3067 2415 ovium.
3092 2378 3112 2413 ι
3138 2362 3254 2419 Hoc
3278 2373 3382 2429 est,

1807 2439 2122 2494 charissima
2154 2442 2397 2513 pignora,
2439 2444 2643 2501 indicat
2678 2463 2840 2518 porro
2885 2449 2993 2507 hoc
3035 2453 3385 2512 durissimam

1809 2531 2200 2601 captivitatem.

2468 2628 2620 2686 CAP.
2648 2631 2734 2685 LI.

1882 2714 1945 2769 V.
1979 2718 2027 2771 l.
2065 2738 2081 2768 ι
2116 2717 2348 2773 Ventum
2377 2730 2645 2777 urentem.
2678 2742 2697 2774 ι
2750 2723 2878 2780 Post
2931 2742 3149 2783 sensum
3211 2729 3389 2785 histo-

1811 2808 1983 2863 rirum
2016 2810 2250 2881 intelligo
2285 2828 2380 2867 eos
2415 2828 2552 2882 quos
2601 2816 2822 2884 adjuvat
2877 2818 3111 2889 Spiritus
3142 2836 3384 2892 sanctus,

1811 2900 2147 2957 exsiccantes
2201 2911 2257 2957 et
2310 2915 2725 2974 corrumpentes
2781 2909 3039 2978 nequitia:
3098 2911 3383 2971 ﬂuxiones.

1888 3084 1947 3138 V.
1976 3087 2027 3140 5.
2086 3106 2102 3138 ι
2136 3087 2200 3142 Et
2246 3103 2315 3143 ne
2340 3090 2593 3159 parcatis.
2627 3110 2646 3143 ι
2691 3091 2804 3148 Hoc
2830 3105 2933 3159 est,
2974 3111 3045 3150 ne
3098 3097 3390 3154 timueritis

1811 3175 2117 3229 daemonum
2146 3175 2342 3232 mittas.
2366 3179 2478 3249 Ego
2502 3180 2648 3235 enim
2674 3196 2796 3236 sum
2819 3184 3118 3241 vobiscum.

1850 3266 1857 3271 ’
1883 3264 1943 3317 ν.
1968 3265 2019 3319 5.
2050 3286 2066 3317 t
2098 3264 2234 3332 Quia
2275 3277 2415 3324 terra
2440 3284 2648 3326 eorum.
2679 3290 2698 3322 ι
2727 3272 3194 3344 Complementum
3241 3280 3390 3336 enim

1812 3356 2090 3425 iniustitia:
2111 3357 2489 3415 Chaldaeorum
2522 3362 2599 3416 ait
2620 3361 2810 3428 fuisse,
2849 3368 2993 3435 quod
3022 3377 3209 3425 sancta
3259 3387 3390 3428 vasa

1810 3457 2141 3520 sanctosque
2171 3451 2417 3506 homines
2434 3451 2759 3523 Babylonem
2791 3460 3190 3517 transtulerint.

1884 3541 1945 3594 V.
2002 3541 2054 3596 6.
2107 3561 2125 3593 ι
2176 3542 2366 3613 Fugite
2402 3545 2470 3600 de
2513 3547 2695 3602 medio
2740 3549 3047 3621 Babylonis.
3090 3571 3110 3605 ι
3180 3555 3390 3628 Fugere

1807 3633 1963 3701 jubet
1991 3636 2253 3704 propheta
2284 3637 2352 3691 de
2385 3638 2565 3693 medio
2597 3638 2890 3711 Babylonis
2927 3659 3021 3699 eos
3045 3645 3140 3716 qui
3170 3647 3389 3703 salvan-

1816 3734 1921 3792 tur,
1970 3727 2053 3781 vel
2074 3742 2195 3797 qua:
2223 3727 2291 3782 ad
2319 3741 2541 3783 sensum
2573 3732 2828 3801 pertinet,
2864 3736 2947 3790 vel
2973 3736 3041 3791 de
3066 3738 3390 3796 confusione

1814 3816 2018 3871 mundi.

1885 3907 2024 3963 v.7.
2076 3927 2096 3961 ι
2134 3908 2285 3965 Calix
2327 3926 2525 3969 aureus
2576 3914 2835 3987 Babylon.
2885 3937 2904 3970 ι
2941 3918 3090 3975 Calix
3139 3936 3283 3992 saepe
3332 3922 3389 3979 in

1812 3998 1981 4054 sacris
2005 3998 2224 4055 Litteris
2249 4010 2437 4056 vocata
2466 4011 2570 4067 est,
2609 4019 2731 4074 qua:
2758 4006 2954 4061 dicitur
2984 4009 3060 4063 ira
3092 4009 3205 4066 Dei.
3242 4013 3390 4078 Quo-

1811 4088 1958 4143 niam
2011 4089 2175 4159 igitur
2216 4090 2354 4147 Deus
2385 4093 2618 4149 cultores
2652 4110 2779 4151 suos
2821 4099 3033 4167 punivit
3078 4117 3175 4170 per
3216 4102 3390 4175 Baby-

1813 4181 2009 4247 lonios,
2033 4182 2257 4238 calicem
2289 4184 2649 4240 inebriantem
2669 4202 2786 4241 eam
2809 4191 3099 4260 appellavit
3123 4210 3135 4258 ;
3163 4209 3386 4252 aureum

1814 4289 1964 4336 vero,
2006 4284 2226 4345 propter
2257 4276 2376 4348 ejus
2405 4277 2646 4336 divitias.

207 4420 470 4536 I'HYStpe
518 4465 721 4537 Κύριος
764 4464 826 4517 τὸ
870 4463 1088 4533 πνεῦμα
1121 4461 1385 4533 βασιλέως
1414 4461 1636 4533 Μήδων.
1681 4480 1700 4512 ›

1884 4453 1944 4508 ν.
1982 4453 2068 4507 Η.
2112 4420 2139 4506 ι’
2172 4453 2466 4512 Suscitavit
2506 4454 2770 4513 Dominus
2812 4460 3064 4530 spiritum
3095 4463 3239 4537 regis
3275 4465 3392 4522 Me-

122 4556 440 4631 Προφητῶν
467 4559 503 4628 ὴ
531 4556 685 4626 φωνὴ
719 4554 1193 4626 εὐχαριστοῦντων
1211 4592 1226 4617 ,
1251 4554 1333 4606 ὅτι
1373 4551 1653 4622 ὲλυτρώθη
1683 4554 1701 4606 ἐ

1841 4558 2025 4597 :orum.
2076 4563 2093 4596 ι
2139 4544 2529 4614 Prophetarum
2572 4563 2675 4601 vox
2699 4549 2901 4618 gratias
2952 4553 3060 4608 Deo
3091 4557 3389 4625 agentium,

121 4649 259 4711 λαὸς
292 4647 392 4716 τῆς
436 4663 498 4699 τε
533 4645 654 4699 καθ’
679 4645 922 4715 ἱστορίαν
956 4642 1354 4715 αἰχμαλωσίας,
1386 4642 1479 4696 καὶ
1511 4641 1609 4711 τῆς
1649 4644 1701 4695 ἐκ

1841 4635 1951 4690 ‘uod
1984 4634 2246 4691 liberatus
2274 4637 2345 4690 sit
2386 4639 2620 4707 populus
2663 4649 2717 4692 et
2754 4642 2822 4695 ab
2877 4642 3135 4700 historica
3164 4650 3393 4718 captivi-

122 4734 226 4789 τοῦ
265 4732 473 4803 κόσμου
508 4733 826 4802 συγχύσεως
849 4730 939 4785 διὰ
960 4731 1055 4785 τοῦ
1084 4731 1333 4802 Σωτῆρος
1363 4730 1521 4801 ήμῶν
1538 4730 1701 4802 Ἰησοῦ

1841 4736 1943 4793 ate,
1965 4736 2020 4781 et
2044 4742 2074 4780 e
2105 4727 2292 4780 mundi
2318 4727 2642 4782 confusione
2661 4745 2759 4792 per
2782 4731 3119 4788 Salvatorem
3143 4748 3391 4793 nostrum

122 4821 398 4896 Χριστοῦ.

1841 4834 1989 4871 esum
2019 4818 2318 4870 Christum.

200 4934 223 4967 ι
256 4910 752 4982 Κατασκηνοῦντας
799 4909 884 4980 ἐφ’
910 4909 1064 4963 ὕδασι
1108 4910 1346 4971 πολλοῖς.
1383 4928 1401 4960 ι
1442 4908 1550 4962 Τοῦ
1593 4910 1701 4962 Κύ-

1884 4908 1941 4961 ν.
1977 4908 2064 4959 15.
2110 4927 2128 4958 ε
2165 4905 2482 4961 Habitantes
2510 4906 2562 4960 in
2606 4908 2763 4978 aquis
2806 4912 3012 4968 multis.
3061 4933 3081 4966 ι
3116 4914 3240 4987 Cyri
3277 4921 3396 4989 qui-

122 5020 226 5073 ρου
251 5018 264 5031 ’
296 5002 430 5070 φασὶ
459 5000 515 5053 δὲ
547 5000 727 5071 ἕτεροι
758 5000 1008 5070 Δαρείου.
1046 5000 1181 5053 Καθ’
1210 4999 1474 5068 ἱστορίαν,
1507 5002 1573 5070 τῇ
1608 5018 1701 5057 πο‹

1846 5015 1930 5053 am
1950 4999 2139 5066 aiunt;
2170 4998 2261 5052 alii
2288 4998 2455 5053 Darii.
2487 4997 2568 5054 Ad
2600 5015 2825 5057 sensum
2862 5004 3204 5074 historicum,
3238 5011 3393 5081 copia

118 5092 432 5162 λυπληθείᾳ
475 5092 584 5145 τῶν
632 5091 865 5162 ἀνδρῶν,
892 5090 1028 5162 πρὸς
1064 5089 1123 5143 δὲ
1153 5089 1427 5157 διάνοιαν,
1453 5093 1566 5154 τοῖς
1615 5096 1714 5162 τῆς

123 5181 365 5254 καρδίας
398 5181 688 5251 ῥεύμασιν.

207 5271 369 5325 «Ὅτι
414 5268 598 5338 ὤμοσε
629 5270 833 5342 Κύριος
868 5270 1008 5325 κατὰ
1036 5268 1130 5323 τοῦ
1160 5268 1464 5340 βραχίονος.
1498 5289 1519 5322 ι
1554 5273 1711 5329 Κατὰ

126 5367 228 5438 τῆς
256 5361 456 5418 ἑαυτοῦ
482 5361 790 5432 δυνάμεως.

206 5475 227 5510 ι
256 5456 372 5510 Καὶ
400 5450 729 5524 φθέγξονται
756 5452 847 5507 ἐπὶ
874 5451 989 5509 σε.»
1033 5453 1179 5508 Ἀντί
1206 5451 1325 5520 τοῦ,
1360 5452 1707 5518 ὀνειδίζοντές

135 5566 218 5606 σε.

204 5741 250 5775 ³⁸
278 5740 300 5796 l
329 5738 476 5799 Petr.
502 5755 558 5810 tt,
592 5739 645 5796 9.

1812 5084 2133 5157 hominum;
2171 5089 2417 5162 mystice,
2449 5090 2781 5150 ﬂuxionibus
2812 5097 3012 5155 cordis.

1891 5266 1950 5321 V.
2009 5267 2095 5322 14.
2142 5236 2335 5333 {Quia
2392 5268 2596 5338 juravit
2633 5269 2896 5328 Dominus
2957 5287 3056 5342 per
3106 5274 3388 5330 brachium

1816 5372 1995 5412 suum.
2037 5377 2055 5408 ι
2090 5359 2193 5414 Per
2222 5374 2375 5414 suam
2404 5360 2687 5415 virtutem.

1893 5473 1912 5505 ι
1961 5454 2030 5511 Et
2062 5455 2357 5526 loquentur
2395 5470 2560 5527 super
2595 5465 2668 5515 te.
2695 5476 2715 5509 ι
2766 5457 2891 5525 Pro,
2927 5460 3023 5517 tibi
3051 5459 3391 5533 exprobran-

1816 5554 1916 5600 tes.
