3876 6304
168 286 282 349 725

1184 296 1649 358 FRAGMENTA
1684 297 1764 356 IN
1813 297 2084 357 JEREM.
2121 297 2446 356 ΙΑΜΕΝΤ.

3341 295 3444 358 726

248 415 272 448 ε
295 397 384 450 Ἐν
415 401 484 470 γῇ
517 397 717 470 Ἢμάθ.
747 419 764 453 ι
803 401 982 472 Ἡμὰθ
1019 404 1052 474 ἡ
1078 402 1172 457 νῦν
1201 405 1515 476 καλουμένη
1549 406 1749 458 Ἀντιό-

1924 405 1986 459 ν.
2045 404 2136 458 27.
2192 421 2209 454 ι
2270 403 2326 456 1η
2368 413 2508 457 terra
2547 402 2761 458 Emath.
2809 423 2824 453 ι
2865 405 3058 458 Emath
3119 421 3237 475 quae
3296 425 3442 464 nunc

161 506 294 558 χεια
316 508 328 520 ·
357 493 600 546 Δεόλαθὰ
620 494 675 547 δὲ
706 495 767 546 τὸ
793 495 996 566 ταύτης
1029 497 1352 567 προάστειον
1380 501 1412 568 ἠ
1441 499 1651 568 Δάφνη.

250 685 271 720 ε
287 668 516 721 Ἔλαϐεν
550 671 1000 742 Οὑλαιμαδάχαρ.
1037 693 1054 723 ι
1079 675 1296 744 Ἐπειδὴ
1318 676 1373 729 δὲ
1397 679 1445 728 οἱ
1473 676 1754 746 αἰχμάλω-

160 775 257 810 ⁴τοι
291 759 440 812 κάτω
473 760 721 813 νεύουσιν
761 763 864 816 ὑπὸ
893 764 990 832 τῆς
1023 767 1330 834 συμφορᾶς,
1363 765 1558 829 ἔλαϐε,
1597 769 1753 838 φησὶ,

160 847 277 918 τὴν
302 851 577 917 κεφαλὴν
603 851 814 918 αὑτοῦ,
849 855 970 906 ἀντὶ
995 853 1113 919 τοῦ,
1139 855 1488 926 ἀνώρθωσεν,
1515 856 1753 924 ὕψωσεν,

159 941 289 992 ἄνω
340 941 560 1006 βλέπειν
616 947 1048 1015 παρεσκεύασεν.
1091 947 1179 1010 Ὠς
1221 949 1312 1001 καὶ
1356 949 1520 1003 Δαϐὶδ
1567 949 1714 1017 λέγει
1743 967 1755 979 ·

173 1030 334 1086 Ἰδοὺ
366 1033 576 1101 ὕψωσε
607 1036 884 1104 κεφαλήν
923 1055 1042 1106 μου
1089 1037 1180 1091 ἐπ’
1203 1040 1456 1108 ἐχθρούς
1477 1059 1617 1109 μου.
1659 1040 1752 1103 Τὸ,

158 1123 397 1179 ἔλασεν
428 1126 551 1178 ἀντὶ
579 1126 694 1192 τοῦ,
727 1126 973 1197 ὕψωσεν,
1006 1130 1083 1193 ὡς
1131 1133 1189 1184 ὲν
1235 1130 1313 1201 τῷ
1360 1131 1505 1184 τέλει
1531 1133 1632 1200 τῆς
1669 1149 1756 1185 τε·

156 1215 381 1286 τάρτης
407 1217 516 1269 τῶν
533 1216 830 1272 Βασιλειῶν
853 1238 1041 1291 φησιν.

243 1395 291 1427 ⁸³
369 1393 510 1450 Psal.
539 1411 618 1460 Ill,
642 1397 696 1452 4.

1861 498 2147 553 Antiochia
2195 506 2459 563 vocatur;
2504 497 2725 551 Deblata
2777 511 2908 551 vero
2954 500 3073 566 ejus
3119 501 3441 555 suliurbium

1862 589 2104 655 Daphne.

1933 679 1994 732 V.
2027 680 2115 733 5|.
2168 699 2184 729 ι
2214 678 2434 747 Acr-epit
2477 677 2886 734 Vallebardach.
2925 701 2943 730 ι
3004 680 3273 746 Quoniam
3316 698 3445 734 vero

1861 769 2056 840 captivi
2087 769 2338 823 deorsum
2370 777 2617 838 spectant
2655 771 2889 826 miseriis
2922 773 3191 842 oppressi,
3219 775 3438 842 accepit,

1861 863 2054 931 inquit,
2088 870 2247 929 caput
2280 861 2442 924 illius,
2480 861 2580 914 hoc
2608 871 2691 916 est
2725 865 2918 924 erexit.
2950 865 3203 930 elevavit,
3235 876 3295 920 ut
3320 882 3442 920 sur-

1854 969 1974 1007 sum
2003 953 2209 1006 videret
2229 951 2448 1006 eﬂ‘ecit:
2485 953 2641 1006 sicuti
2667 962 2722 1006 et
2751 953 2918 1008 David
2947 955 3024 1009 ait
3055 973 3067 1007 :
3103 955 3236 1010 Ecce
3260 956 3445 1011 eleva-

1852 1046 1925 1097 vit
1975 1052 2129 1111 caput
2189 1060 2361 1098 meant
2412 1059 2569 1112 super
2612 1045 2852 1098 inimicos
2910 1063 3050 1100 meos
3072 1046 3138 1102 ³⁸.
3204 1049 3440 1117 Accepit,

1853 1136 1906 1190 id
1964 1143 2066 1201 est,
2119 1136 2384 1199 elevavit,
2439 1145 2497 1190 ut
2551 1135 2607 1188 in
2667 1135 2775 1190 line
2821 1137 2998 1205 quarti
3031 1138 3238 1209 Regum
3266 1139 3442 1194 habe-

1857 1235 1970 1282 tur.

172 1589 3404 1627 .._______.____________________________________________

297 1775 1100 1864 'FRAGMENTA
1221 1779 1350 1866 IN
1468 1780 2033 1866 JEREMIAE
2157 1783 3216 1879 LAMENTATIONES.

710 2145 1106 2200 ΚΕΦΔΑΑῙΟΝ
1144 2147 1222 2198 A'.

257 2261 276 2293 ι
309 2242 414 2296 Καὶ
445 2241 683 2308 ἐγένετο.
716 2259 732 2290 ι
766 2239 966 2308 Θρηνεῖ
997 2239 1094 2308 μὲν
1150 2235 1290 2290 κατὰ
1325 2238 1424 2307 τὴν
1460 2239 1703 2309 ιστοριαν
1727 2243 1756 2294 ὁ

167 2336 467 2404 προρήτης
484 2332 582 2403 τὴν
605 2333 721 2385 τότε
741 2331 842 2400 τῆς
867 2331 1221 2402 Ἰερουσαλὴμ
1239 2333 1540 2401 γενομένην
1557 2334 1755 2402 αἰχμα-

173 2426 408 2488 λωσίαν,
429 2424 784 2495 προφητικῶς
809 2423 866 2474 δὲ
899 2423 991 2475 καὶ
1016 2421 1377 2492 ἀληθέστερον
1395 2423 1494 2492 τὴν
1518 2423 1611 2475 ἐπὶ
1628 2423 1756 2476 Ῥω-

176 2517 360 2588 μαίων
391 2517 524 2586 αὐτῇ
563 2515 845 2585 συμϐᾶσαν
873 2513 962 2566 διὰ
1000 2513 1096 2583 τὴν
1131 2512 1221 2566 τοῦ
1254 2513 1490 2584 Χριστοῦ
1516 2515 1756 2585 παράνο-

176 2626 288 2679 μον
316 2609 538 2678 τόλμαν.
558 2607 705 2660 Ἐκεῖ
736 2607 833 2676 μὲν
860 2605 971 2674 γὰρ
1004 2606 1066 2658 ἐκ
1105 2604 1420 2668 Βαϐυλῶνος
1453 2605 1754 2677 ἀνεκλήθη-

177 2720 310 2764 σαν,
361 2701 498 2769 μετὰ
526 2700 584 2753 δὲ
618 2701 715 2770 τὴν
757 2698 860 2751 ὑπὸ
895 2697 1186 2767 Ῥωμαίων
1231 2697 1501 2751 ἀνάλωσιν
1547 2697 1752 2750 οὐκέτι.

188 2793 552 2862 ’Δναφέρεται
580 2791 636 2844 δὲ
662 2791 732 2843 τὰ
760 2789 1127 2860 γεγραμμένα
1177 2790 1270 2842 καὶ
1302 2790 1389 2842 ἐπὶ
1418 2788 1623 2859 ψυχὴν,
1661 2790 1753 2840 ὲκ-

176 2884 455 2937 πεσοῦσαν
509 2883 608 2954 μὲν
654 2883 753 2952 τῆς
793 2882 1016 2952 ἀρετῆς,
1047 2881 1468 2950 κατενεχθεῖσαν
1493 2879 1550 2933 δὲ
1579 2882 1660 2943 εἰς
1689 2880 1756 2932 τὰ

174 2978 280 3046 τῆς
310 2977 507 3039 κακίας
541 2975 678 3043 εἴδη.
709 2977 802 3030 καὶ
829 2975 916 3027 διὰ
943 2973 1102 3026 τοῦτο
1142 2977 1198 3026 ὲν
1239 2973 1496 3044 συγχύσει
1523 2973 1755 3041 γενομέ-

173 3087 306 3139 νην·
333 3069 586 3121 Βαῦυλὼν
615 3069 723 3138 γὰρ
751 3069 1053 3136 σύγχυσις
1083 3065 1449 3137 ἑρμηνεύεται
1473 3081 1486 3094 ο
1521 3065 1616 3117 καὶ
1652 3064 1756 3116 ὑπὸ

173 3159 286 3213 τῶν
314 3158 518 3228 νοητῶν
549 3158 826 3228 πολεμίων
856 3154 1411 3228 αἰχμαλωτισθεῖσαν.

255 3251 558 3324 «Ἐγενήθη
611 3253 687 3316 ὡς
733 3252 897 3324 χήρα.
933 3270 952 3303 ι
997 3250 1104 3304 Τοῦ
1153 3250 1386 3320 νυμφίου
1429 3247 1758 3319 στερηθεῖσα

176 3345 361 3413 λόγου.

251 3452 270 3485 ι
300 3433 754 3504 Πεπληθυσμένη,
793 3452 811 3485 ι
859 3433 922 3486 Ἡ
975 3431 1164 3502 πρώτη
1212 3427 1481 3502 [πρώην]
1541 3428 1757 3503 πλήρης

171 3526 396 3593 ἀγαθῶν
414 3526 710 3595 λογισμῶν.

253 3619 566 3687 «Ἀρχουσα
595 3620 651 3670 ὲν
679 3617 907 3687 χώραις.
941 3636 960 3668 ι
1006 3616 1070 3668 Ἥ
1111 3615 1220 3668 τῶν
1269 3613 1477 3668 κακιῶν
1524 3615 1757 3686 ἐπικρα-

169 3705 345 3759 τοῦσα
379 3705 652 3777 ὑπόφορος
684 3705 910 3768 ταύταις
937 3706 1185 3774 γέγονεν.

253 3817 273 3849 ι
322 3797 603 3852 Κλαίουσα
650 3797 938 3857 ἔκλαυσεν.
993 3817 1010 3848 ι
1079 3798 1167 3851 Ἐν
1220 3802 1286 3869 τῇ
1338 3799 1601 3870 ἐπαγωγῇ
1650 3795 1756 3850 τῶν

171 3889 402 3961 ἐχθρῶν.
423 3889 620 3941 ’ἰστέον
661 3888 717 3941 δὲ
761 3887 837 3950 ὡς
879 3886 1024 3958 ψυχὴ
1081 3888 1478 3959 ἁμαρτάνουσα
1511 3889 1568 3939 ὲν
1601 3886 1757 3939 νυκτὶ

171 3982 410 4050 γίνεται,
446 3977 840 4050 μακρυνομένη
864 3975 960 4030 τοῦ
997 3977 1180 4030 Ἠλίου
1209 3978 1305 4047 τῆς
1343 3976 1715 4046 δικαιοσύνης.

249 4092 267 4123 ι
294 4072 417 4125 Ἐπὶ
448 4069 558 4123 τῶν
589 4068 874 4137 σιαγόνων.
905 4069 1146 4139 »Ὥσπερ
1167 4067 1397 4138 νοοῦμεν
1421 4066 1753 4136 ὀφθαλμοὺς,

169 4161 316 4213 οῦτω
363 4161 612 4228 λέγονται
665 4160 761 4212 καὶ
813 4158 1063 4227 σιαγόνες
1107 4157 1307 4228 ψυχῆς,
1349 4157 1416 4210 δι’
1437 4157 1502 4221 ἃς
1533 4156 1632 4220 τὰς
1659 4157 1756 4209 τοῦ

169 4253 330 4320 λόγου
359 4254 621 4322 τρέφεται
654 4251 1053 4322 [reponendum
1079 4251 1294 4305 videtur
1323 4249 1557 4322 τροφὰς]
1591 4249 1756 4303 δυνά-

175 4360 318 4414 μεις,
351 4343 787 4397 καταλεαενουσα
816 4343 1024 4406 ταύτας
1052 4342 1146 4396 καὶ
1180 4342 1582 4412 μαρυκωμὲνη.

252 4453 270 4485 ι
302 4435 411 4486 Καὶ
456 4434 553 4503 οὐχ
605 4435 851 4505 ὑπῆρχεν
883 4435 910 4486 ὁ
939 4432 1276 4503 παρακαλῶν
1307 4433 1502 4502 αὐτήν.
1531 4451 1548 4482 ι
1601 4433 1756 4487 Κατὰ

174 4527 276 4596 μὲν
305 4526 400 4596 τὴν
429 4526 693 4596 ἱστορίαν,
723 4527 806 4578 ὅτι
833 4525 926 4578 ἐπὶ
957 4525 1170 4588 πάντας
1198 4520 1264 4594 ἦν
1295 4525 1326 4594 ὴ
1356 4525 1518 4596 ὀργὴ,
1541 4524 1634 4577 καλ⁵
1656 4525 1755 4578 οὐκ

171 4619 255 4671 ἔτι
279 4618 464 4687 ἔτερος
494 4619 584 4670 τὸν
616 4619 803 4689 ἕτερον
833 4617 1285 4689 παρεκάλει.Ἕτι
1313 4616 1476 4689 [ἔστι]
1505 4618 1562 4670 δὲ
1591 4621 1752 4683 νοεῖν,

170 4712 256 4763 ὅτι
286 4710 335 4760 οἱ
369 4707 560 4777 πρώην
590 4709 911 4774 ἀγαπῶντες
965 4708 1066 4778 τὴν
1097 4709 1278 4778 ψυχὴν
1311 4709 1458 4776 ἅγιοι
1504 4707 1748 4775 ἄγγελοι,

2351 2163 2577 2221 CAPUT
2645 2160 2932 2217 PlilSlUM.

1934 2268 1950 2299 ι
1993 2250 2059 2304 Et
2102 2251 2302 2308 factum
2342 2267 2444 2311 est.
2493 2275 2511 2306 ι
2573 2256 2757 2310 Plorat
2807 2254 3026 2322 quidem
3073 2253 3338 2322 propheta
3367 2253 3437 2310 ad

1858 2342 2138 2396 veritatem
2175 2346 2411 2402 historiae
2441 2349 2830 2417 captivitatem,
2859 2361 3020 2415 quam
3053 2356 3186 2406 tunc
3211 2345 3438 2402 Jerusa-

1859 2429 1961 2484 lem
2013 2448 2170 2501 passa
2222 2445 2344 2489 est:
2401 2438 2719 2507 praphctice
2764 2445 2945 2490 autem
2985 2444 3039 2490 et
3068 2436 3253 2490 verius
3286 2451 3431 2502 eam,

1856 2537 2017 2591 quam
2048 2542 2076 2577 a
2106 2524 2362 2581 Romanis
2403 2544 2559 2596 passa
2593 2537 2697 2590 est,
2732 2536 2950 2596 propter
2982 2528 3278 2582 nefandum
3309 2543 3432 2585 sce-

1857 2613 1940 2666 lus
1958 2613 2012 2667 in
2037 2614 2314 2670 Christum
2360 2616 2512 2671 Tunc
2534 2618 2678 2671 enim
2701 2633 2731 2671 e
2752 2617 3020 2686 Babylone
3047 2615 3254 2670 reducti
3285 2626 3435 2683 sunt,

1857 2716 1906 2758 at
1930 2716 2051 2775 post
2073 2708 2272 2762 illatam
2295 2709 2595 2764 aiidmanis
2632 2711 2842 2764 ruinam
2872 2723 3148 2776 nunquam
3175 2708 3431 2777 amplius.

1857 2795 2136 2862 Quadrant
2161 2800 2321 2853 etiam
2343 2815 2464 2870 qua:
2515 2801 2716 2869 scripta
2741 2808 2867 2853 sunt
2917 2799 2972 2852 in
3021 2799 3287 2860 animam,
3316 2813 3439 2868 qua:

1855 2889 2055 2943 virtute
2095 2891 2371 2952 exciderit.
2420 2901 2474 2946 et
2519 2892 2570 2945 in
2619 2892 2765 2945 varia
2825 2891 3185 2960 improbitatis
3239 2905 3439 2960 genera

1857 2982 2077 3051 delapsa
2126 2983 2196 3038 ob
2235 2985 2287 3038 id
2337 2985 2391 3038 in
2446 2984 2768 3038 confusione
2803 2983 2978 3052 posita
3021 2983 3092 3037 sit
3130 3001 3143 3035 :
3204 2983 3439 3053 Babylon

1856 3087 2092 3142 namque
2157 3075 2392 3145 confusio
2436 3075 2829 3144 interpretatur
2867 3092 2880 3126 :
2933 3081 2988 3128 et
3032 3089 3061 3127 a
3107 3073 3442 3144 spiritalibus

1857 3161 2105 3217 hostibus
2135 3165 2402 3232 captivata
2433 3166 2520 3219 sit.

1927 3251 1992 3306 ν.
2033 3255 2082 3307 l.
2125 3274 2144 3308 ς
2182 3256 2344 3310 Facta
2369 3265 2451 3312 est
2476 3257 2629 3326 quasi
2663 3257 2842 3310 vidua.
2887 3273 2905 3306 ι
2946 3255 3182 3326 Sponso,
3214 3255 3443 3312 rationis

1857 3345 2085 3406 lumine.
2117 3348 2346 3415 privata.

1941 3457 1960 3489 ι
1994 3435 2180 3492 Plena.
2223 3459 2241 3491 ι
2280 3438 2444 3494 Plena
2492 3456 2666 3510 nuper
2722 3441 2987 3495 bonarum
3028 3438 3438 3513 cogitationum.

1937 3628 1956 3661 ι
1994 3610 2255 3679 Princeps
2283 3611 2336 3664 in
2369 3612 2682 3681 provinciis.
2721 3631 2737 3662 ι
2782 3611 2912 3677 Qum
2946 3611 3092 3666 vitiis
3123 3610 3443 3667 dominaba-

1860 3708 1966 3763 tur.
2000 3702 2106 3755 illis
2135 3703 2416 3756 tributaria
2445 3703 2583 3756 facta
2611 3713 2717 3759 est.

1929 3790 1995 3845 V.
2021 3792 2075 3847 2.
2105 3811 2122 3844 ι
2147 3791 2373 3847 Plorans
2406 3793 2657 3862 ploravit.
2690 3814 2706 3844 ι
2736 3794 2792 3846 In
2824 3793 3149 3847 adduc-tione
3174 3793 3436 3850 hostium.

1859 3882 2151 3938 Sciendum
2181 3899 2344 3954 porro
2373 3883 2633 3946 animam,
2666 3899 2790 3937 cum
2822 3895 3026 3952 peccat,
3063 3893 3223 3936 nocte
3257 3884 3435 3949 obrui,

1857 3977 2047 4048 procul
2085 3992 2115 4031 a
2154 3975 2281 4030 Sole
2305 3975 2532 4044 iustitiae
2557 3975 2928 4029 constitutam.

1936 4089 1954 4121 ι
1991 4068 2053 4123 In
2093 4067 2340 4121 maxillis.
2392 4087 2409 4118 ι
2455 4066 2609 4120 Sicut
2648 4065 3001 4136 intelligimus
3033 4064 3239 4130 oculos,
3283 4065 3356 4119 ita
3383 4073 3440 4121 ct

1858 4160 2052 4215 animm
2089 4159 2353 4224 maxillas,
2381 4174 2476 4228 per
2505 4174 2641 4228 quas
2669 4157 2894 4212 rationis
2923 4158 3085 4212 alitur
3110 4157 3264 4224 cibis,
3297 4171 3441 4212 com-

1858 4254 2113 4308 minuens
2139 4267 2235 4307 eos
2265 4259 2321 4306 et
2350 4250 2651 4305 ruminans.

1936 4449 1954 4483 ι
1994 4432 2060 4486 Εῑ
2104 4447 2210 4486 non
2277 4440 2360 4486 est
2399 4430 2490 4500 qui
2538 4429 2854 4486 consoletur
2886 4444 3027 4484 eam.
3068 4447 3087 4480 ›
3125 4427 3441 4485 Secundum

1858 4524 2139 4579 historiam
2162 4524 2404 4594 quidem,
2450 4524 2710 4592 quoniam
2734 4523 2811 4576 ira
2847 4523 3106 4578 saaviebat
3136 4523 3191 4576 in
3220 4539 3439 4591 omnes,

1857 4627 2036 4684 neque
2081 4621 2196 4667 tum
2247 4612 2383 4665 alter
2427 4612 2657 4666 alterum
2699 4613 3106 4666 consolabatur.
3135 4611 3286 4665 Licet
3310 4625 3442 4666 vero

1857 4703 2020 4758 etiam
2053 4702 2374 4771 intelligere,
2399 4712 2616 4756 sanctos
2638 4702 2877 4770 angelos,
2905 4702 2997 4770 qui
3027 4701 3181 4770 prius
3202 4703 3440 4754 animam

171 4801 304 4853 ὅταν
352 4797 492 4868 ἐκδῷ
540 4799 735 4869 ἑαυτὴν
787 4802 854 4871 τῇ
902 4799 1092 4869 κακίᾳ,
1135 4798 1531 4868 ἀπαράκλητον
1579 4799 1749 4867 αὐτὴν

1879 4793 2171 4863 liligebant,
2227 4805 2352 4844 cum
2403 4789 2492 4841 illa
2549 4789 2896 4854 semetipsam
2949 4789 3093 4841 vitiis
3141 4789 3435 4852 dediderit,

174 4891 359 4944 ἐῶσιν.
571 4889 589 4902 ⁸
1791 4877 1794 4878 ⁷
1863 4883 1982 4936 sine
2011 4880 2380 4934 consolatione
2409 4893 2528 4930 eam
2557 4877 2881 4944 relinquere.

250 5004 269 5035 ι
303 4986 510 5048 Πάντες
543 4986 592 5036 οἱ
628 4986 929 5054 φιλοῦντες.
963 5003 982 5034 ι
1019 4981 1464 5050 Παραδαίνοντες
1514 4981 1586 5036 τὰ
1631 4981 1749 5036 θεῖα

1939 4992 1959 5025 ι
1993 4971 2196 5027 Omnes
2233 4968 2390 5022 amici
2416 4968 2552 5036 ejus.
2587 4988 2604 5020 ι
2646 4967 3094 5022 Praevaricatores
3127 4968 3439 5024 divinarum

174 5076 380 5144 νόμιμα
411 5079 460 5129 oi.
493 5076 962 5149 τῆςἹερουσαλὴμ
991 5077 1298 5145 οἰκήτορες,
1330 5075 1425 5127 καὶ
1452 5073 1749 5146 ψευδοπροε

1883 5083 2038 5140 egum
2077 5063 2380 5119 habitantes
2424 5061 2759 5121 Jerusalem,
2814 5069 2869 5115 et
2925 5059 3437 5131 pseudOpmphetzc,

173 5165 344 5234 φῆται
367 5182 378 5192 ·
415 5167 509 5217 καὶ
536 5169 584 5219 οἱ
612 5167 804 5238 πρώην
832 5168 890 5221 δὲ
920 5164 1378 5238 προσποιούμενοι
1408 5165 1505 5234 τὴν
1539 5165 1749 5217 τοιάνδε

1879 5173 1916 5217 ιι
1967 5161 2059 5232 qui
2106 5159 2258 5229 prius
2313 5158 2454 5211 hanc
2516 5156 2783 5225 ejusmodi
2859 5155 3097 5209 animam
3147 5169 3332 5209 amare
3363 5157 3438 5208 si-

173 5257 354 5327 ψυχὴν
401 5257 620 5327 ἀγαπᾷν
678 5259 978 5330 ἀκάθαρτοι
1030 5257 1306 5326 δαίμονες,
1335 5257 1546 5328 ἐχθρῶν
1597 5257 1749 5327 δίκην

1879 5255 2140 5309 nulabant
2169 5250 2364 5318 impuri
2393 5250 2689 5313 dzemones,
2712 5248 2884 5302 instar
2912 5246 3151 5300 hostium
3184 5247 3251 5301 de
3283 5246 3436 5301 illius

174 5347 555 5418 tmxaipouow
587 5352 652 5418 τῇ
685 5351 855 5418 αὐτῆς
885 5353 1113 5402 πτώσει.

1879 5347 2016 5400 'uina
2041 5347 2306 5398 laetantur.

252 5457 270 5490 ι
303 5439 632 5508 Μετῳκεσθη
677 5440 924 5494 Ἰουδαία.
953 5459 970 5489 ι
1017 5438 1148 5488 Ἀπὸ
1177 5437 1270 5490 τοῦ
1299 5438 1466 5491 τόπου
1491 5437 1592 5508 τῆς
1619 5440 1749 5509 ἁρε-

1931 5433 1995 5487 ν.
2027 5435 2080 5488 5.
2123 5451 2140 5483 ι
2171 5432 2423 5501 Migravit
2447 5429 2655 5484 Judaza.
2701 5447 2718 5478 ι
2764 5426 2805 5480 Ε
2841 5427 3058 5482 virtutis
3092 5429 3210 5483 loco
3234 5428 3300 5483 ad
3333 5430 3434 5487 im-

176 5529 272 5602 τῆς
303 5532 386 5593 εις
410 5531 502 5583 τὸν
528 5531 628 5598 τῆς
662 5530 879 5592 κακίας.
1305 5599 1313 5607 ⁸

1879 5525 2146 5579 )robitatis
2174 5525 2375 5577 locum.
2731 5518 2756 5536 ⁸

251 5642 268 5675 ι
295 5623 404 5676 Καὶ
433 5623 542 5676 ἀπὸ
575 5621 834 5691 πλήθους.
859 5642 875 5672 ι
920 5623 1303 5693 Ἀςροιιρεθεῖσα
1334 5624 1440 5693 γὰρ
1466 5624 1569 5694 τῆς
1596 5623 1749 5694 δόξης

1935 5637 1954 5669 ι
1986 5619 2052 5672 Et
2080 5625 2303 5687 propter
2333 5612 2754 5668 multitudinem.
2791 5630 2806 5660 ι
2835 5610 3011 5665 Gloria
3034 5608 3433 5682 quippe,\quam

175 5711 243 5788 ἦς
273 5712 435 5788 εἶχεν,
465 5717 544 5781 εἰς
574 5713 819 5770 δουλείαν
849 5714 1222 5788 παραδίδοται.

1879 5709 2091 5763 iubebat
2113 5707 2360 5777 spoliata,
2388 5705 2642 5759 servituti
2674 5703 2925 5758 traditur.
