3876 6304
466 276 567 342 ’ΖΞΊ

1549 306 2067 367 OLYMPIODORI
2100 306 2634 371 ALEXANDRINI

3645 307 3759 370 τρε

541 424 560 456 ι
596 404 751 461 Sedit
772 407 826 460 in
855 410 1126 479 gentibus.
1168 432 1186 464 ι
1225 414 1523 472 Αόιιιετοηε
1540 421 1691 472 enim
1714 420 2029 475 adversarii:

2218 438 2238 472 ι
2260 423 2545 481 Ἐκάθισεν
2573 427 2632 479 ὲν
2650 425 2855 480 ἔθνεσι.
2886 443 2908 476 ι
2938 423 3319 496 Προστεθεῑσα
3346 422 3460 494 γάρ
3499 424 3636 486 τοῖς
3666 426 3754 477 ὲν-

466 498 626 568 longe
661 497 800 555 facta
841 510 924 557 est
948 518 979 557 a
1012 505 1199 574 quiete
1229 506 1343 560 Dei.

543 604 565 640 ι
598 589 1096 658 Apprebenderunt
1143 610 1284 648 eain.
1322 614 1341 647 ι
1396 597 1676 655 Dirertens
1706 600 1853 656 enim
1884 603 2049 657 homo

466 692 497 731 e
533 677 617 731 via
677 678 766 732 Dei
819 680 1114 737 all‘ectuum
1167 699 1360 739 servus
1393 686 1468 753 ﬁt,
1506 690 1916 753 tribulantibus,
1946 693 2043 758 ait,

468 769 698 837 impuris
762 771 1101 829 daemonibus
1158 793 1171 829 :
1247 779 1507 847 quoniam
1591 782 1754 853 igitur
1818 784 2048 840 alfectus

466 859 704 914 animam
757 860 1160 933 insequuntur,
1201 875 1257 921 et
1298 885 1491 925 eorum
1544 873 1868 929 excitatores
1933 876 2047 929 da:-

465 963 679 1016 mones,
708 952 955 1023 praecipit
991 954 1287 1026 Apostolus
1314 960 1505 1016 dicens
1536 979 1550 1016 :
1591 962 1778 1034 Fugite
1809 966 2045 1035 {arnica-

464 1039 657 1096 tionem
671 1044 736 1097 ".

533 1133 599 1190 Υ.
620 1137 675 1191 4.
714 1158 734 1190 ι
765 1139 879 1196 γεω
904 1140 1038 1198 Sion
1087 1143 1294 1217 lugent.
1334 1168 1355 1202 ι
1400 1147 1600 1207 Tribus
1622 1153 1750 1208 anni
1782 1156 2042 1225 tempori-

460 1226 563 1283 bus
587 1228 706 1300 lege
748 1240 1010 1289 statutum
1036 1246 1155 1292 erat
1179 1253 1343 1295 onlno
1371 1244 1732 1299 masculinum
1760 1246 1872 1302 Deo
1900 1246 2041 1313 sisti,

460 1317 516 1372 in
564 1319 797 1388 Pascha,
849 1323 906 1377 in
954 1324 1093 1381 festo
1141 1328 1529 1400 Primitiarum,
1568 1342 1625 1389 et
1657 1333 2037 1409 Scenopegia:

459 1409 547 1464 his
622 1410 805 1481 itaque
871 1416 1043 1472 tribus
1103 1417 1489 1479 festivitatibus
1554 1424 1729 1481 Judaei
1798 1428 2041 1500 undique

457 1499 757 1556 Jerusalem
790 1509 1144 1564 conveniunt.
1192 1510 1505 1568 Secundum
1547 1515 1830 1573 historiam
1876 1499 2041 1591 igitur

458 1591 679 1647 nemine
730 1595 862 1650 Sion
901 1607 1122 1667 petente
1176 1602 1246 1656 ob
1277 1603 1510 1660 civitatis
1549 1609 1892 1665 eversionem
1939 1611 2038 1666 viae

459 1682 665 1751 lugent.
710 1685 816 1742 Sed
853 1691 1151 1746 secundum
1184 1693 1499 1752 interiorem
1545 1713 1786 1767 sensum,
1817 1702 2037 1757 institu-

458 1772 637 1829 tiones
659 1788 756 1846 per
782 1795 918 1849 quas
972 1782 1138 1837 homo
1188 1785 1253 1841 ad
1310 1787 1563 1844 virtutem
1619 1790 1923 1860 ingreditur
1977 1796 2031 1850 in

457 1881 691 1923 maerore
723 1877 867 1937 sunt,
909 1872 1197 1929 deficiente
1219 1877 1612 1934 addiscentium
1643 1884 1846 1938 studio.

527 2176 544 2205 ι
596 2155 798 2213 Omnes
846 2168 1015 2228 portae
1068 2163 1207 2233 ejus.
1260 2181 1279 2216 ι
1323 2165 1585 2223 Doctores
1635 2171 1729 2240 qui
1775 2187 1879 2227 nec
1930 2173 2030 2242 ipsi

452 2263 679 2318 regnum
737 2251 833 2311 Dei
911 2252 1328 2325 ingrediuntur,
1383 2265 1438 2313 et
1487 2259 1758 2318 adeuntes
1840 2266 2031 2334 piohi-

450 2339 597 2397 bent.
840 2403 862 2420 κ
1642 2342 1649 2349 ’

526 2449 545 2483 ι
608 2429 931 2489 Sacerdotes
983 2436 1126 2505 ejus.
1169 2456 1189 2490 ι
1239 2439 1321 2495 Ad
1373 2441 1650 2498 litteram:
1716 2446 1852 2512 Quia
1921 2465 2030 2505 non

448 2531 578 2578 sunt
601 2523 693 2592 qui
741 2523 979 2582 olIerant
1007 2543 1022 2593 ;
1052 2529 1369 2598 Spiritaliter
1393 2572 1409 2597 ,
1453 2533 1828 2594 Sacerdotales
1856 2541 2030 2595 virtu-

451 2609 519 2663 tis
575 2612 759 2677 modi,
813 2623 1111 2682 sacrantes,
1151 2616 1368 2674 virtutis
1420 2636 1621 2689 mores,
1668 2625 1795 2694 quia
1868 2643 2032 2684 nemo

449 2701 702 2755 accurrit.

527 2812 545 2845 ε
586 2793 837 2864 Virgines
881 2797 1021 2868 ejus.
1075 2818 1094 2852 ι
1136 2799 1336 2875 lntegri
1374 2802 1783 2878 incorruptique
1825 2825 2025 2876 mores,

449 2899 557 2938 non
588 2884 756 2941 libere
778 2888 1087 2958 gradientes
1116 2903 1339 2964 propter
1364 2897 1698 2953 mortiferam
1733 2901 2025 2972 iiiagistro-

449 2982 570 3024 rum
602 2969 966 3029 traditionem.

2149 513 2372 578 αντίοις,
2399 516 2721 589 ἑμακρύνθη
2747 518 2847 588 τῆς
2879 516 3245 579 ἀναπαύσεως
3267 515 3365 569 τοῦ
3395 515 3574 570 Θεοῦ.

2222 628 2245 662 ι
2275 611 2590 665 Κατέλαϐον
2628 614 2824 683 αὐτήν.
2853 630 2872 665 ι
2919 614 3251 681 Ἐκτραπεὶς
3292 614 3403 682 γὰρ
3449 611 3749 680 ἄνθρωπος

2147 702 2212 755 ἐκ
2244 706 2342 773 τῆς
2367 702 2490 756 ὁδοῦ
2521 704 2614 758 τοῦ
2645 703 2803 769 Θεοῦ,
2831 705 3144 777 ὑποχείριος
3193 707 3309 768 τοῖς
3357 703 3572 758 πάθεσι
3602 704 3750 772 τινες·

2144 810 2255 861 ται,
2279 794 2593 861 θλιϐόντων,
2610 797 2765 867 φησὶ,
2782 797 2893 851 τῶν
2922 798 3251 869 ἀκαθάρτων
3274 797 3564 866 δαιμόνων
3582 813 3602 829 ⁸
3622 797 3749 851 hat

2145 881 2239 939 οὗν
2267 885 2336 938 τά
2367 885 2517 957 πάθη
2553 887 2954 942 καταδιώκουσι
2987 889 3090 959 τὴν
3115 887 3316 957 ψυχὴν,
3349 886 3450 939 καὶ
3488 888 3543 939 οι
3588 887 3745 956 ἐνερ-

2144 975 2369 1045 γοῦντες
2394 977 2538 1030 αὐτὰ
2567 977 2855 1048 δαίμονες,
2907 977 3281 1046 παραγγέλλει
3336 978 3366 1030 ὁ
3406 976 3745 1041 Ἀπόστολος

2143 1066 2348 1138 λέγων’
2381 1069 2634 1139 Φεύγετε
2672 1068 2789 1138 τὴν
2820 1071 3131 1139 πορνείαν.

2219 1177 2239 1213 ι
2262 1158 2403 1214 ὐδοὶ
2431 1160 2573 1214 Σιὼν
2606 1159 2888 1217 πενθοῦσι.
2917 1181 2938 1214 ι
2979 1160 3143 1232 Τρεῖς
3168 1162 3398 1233 καιροὺς
3424 1161 3525 1215 τοῦ
3554 1162 3743 1215 ἔνην.

2140 1245 2239 1302 τοῦ
2268 1246 2559 1303 ἐκέλευσεν
2588 1250 2618 1304 ό
2645 1248 2814 1320 νόμος
2840 1248 3023 1305 πάντα
3043 1248 3113 1303 τά
3131 1249 3405 1321 ἀρσενικὰ
3429 1249 3518 1321 τῷ
3544 1251 3743 1322 Κυρίῳ

2141 1338 2451 1410 φαίνεσθαι,
2481 1338 2562 1411 τῷ
2604 1339 2824 1410 Πάσχα,
2859 1341 2926 1411 τῇ
2957 1341 3120 1413 ἑορτῇ
3169 1339 3281 1394 τῶν
3330 1342 3737 1413 Πρωτογεννηο

2143 1431 2353 1500 μάτων,
2386 1431 2483 1485 καὶ
2527 1433 2596 1503 τῇ
2648 1431 3035 1502 Σκηνοπηγίᾳ⁶
3083 1434 3142 1486 ὲν
3192 1432 3423 1496 ταύταις
3473 1427 3578 1486 οὖν
3620 1435 3738 1496 ταῖς

2138 1524 2322 1595 τρισὶν
2366 1524 2583 1594 ἑορταῖς
2625 1524 2676 1577 οί
2722 1523 3061 1593 πανταχόθεν
3091 1524 3340 1578 Ἰουδαῖοι
3368 1523 3736 1596 συνέρχονται

2139 1617 2219 1681 είς
2249 1615 2628 1687 Ἰερουσαλήμ.
2664 1614 2823 1668 Κατά
2846 1615 3029 1669 τοίνυν
3074 1616 3176 1687 τὴν
3223 1615 3477 1688 ἱστορίαν
3513 1616 3734 1678 οὔδε-νος

2139 1707 2438 1780 ἐρχομένου
2466 1708 2524 1761 ὲν
2544 1709 2614 1779 τῇ
2643 1706 2782 1760 Σιὼν
2816 1707 2906 1761 διὰ
2933 1707 3032 1779 τὴν
3069 1708 3440 1779 κατασκαφὴν
3486 1710 3596 1780 τῆς
3633 1711 3733 1762 πό-

2138 1797 2279 1861 λεως
2308 1795 2598 1850 πενθοῦσιν
2623 1796 2681 1850 αί
2701 1795 2831 1850 ὁδοί.
2865 1795 3010 1867 Πρὸς
3040 1795 3099 1849 δὲ
3125 1796 3391 1863 διάνοιαν,
3420 1797 3503 1849 τὰ
3541 1797 3733 1865 διδάγο

2144 1907 2309 1960 ματα,
2343 1889 2408 1941 δι’
2453 1881 2529 1941 ὧν
2577 1887 2888 1959 εἰσέρχεται
2918 1886 3210 1959 ἄνθρωπος
3236 1890 3317 1950 εἰς
3360 1886 3466 1957 τὴν
3500 1888 3730 1958 ἀρετὴν,

2135 1981 2198 2032 ὲν
2229 1978 2506 2049 κατηφείᾳ
2533 1978 2673 2030 είσὶν
2692 2016 2707 2042 ,
2742 1976 3074 2048 ἐκκοπείσης
3100 1976 3201 2047 τῆς
3231 1976 3590 2046 προθεσμίας
3620 1976 3729 2050 [ιον.

2140 2069 2474 2142 προθυμίας]
2508 2068 2618 2122 τῶν
2647 2068 3053 2137 μανθανόντων.

2213 2180 2232 2213 ι
2264 2162 2444 2214 Πᾶσαι
2477 2160 2533 2213 αἱ
2566 2158 2752 2214 πύλαι.
2785 2177 2805 2210 ι
2844 2158 2908 2212 Οἱ
2933 2156 3278 2220 διδάσκαλοι,
3308 2157 3361 2210 οἱ
3392 2157 3541 2228 μήτε
3576 2157 3730 2212 αὐτοὶ

2139 2252 2516 2323 εἰσερχόμενοι
2544 2250 2624 2313 εἰς
2656 2248 2760 2319 τὴν
2809 2248 3092 2319 βασιλείαν
3136 2248 3230 2302 τοῦ
3265 2247 3429 2312 Θεοῦ,
3467 2249 3574 2301 καὶ
3605 2250 3727 2311 τοὺς

2137 2342 2469 2416 ἐρχομένους
2492 2338 2822 2402 κωλύοντες.

2212 2453 2230 2486 ι
2255 2434 2442 2504 ’ἱερεῖς
2470 2433 2663 2504 αὐτῆς.
2691 2451 2710 2484 ι
2758 2431 2906 2502 Πρὸς
2946 2430 3046 2501 μὲν
3089 2429 3152 2484 τὸ
3197 2428 3384 2500 ῥητὸν,
3412 2429 3508 2483 διὰ
3550 2430 3616 2483 τὺ
3655 2430 3729 2502 μὴ

2135 2519 2274 2578 εἶναι
2321 2524 2451 2586 τοὺς
2492 2523 2934 2594 προσφέροντας·
2965 2520 3103 2592 πρὸς
3127 2521 3185 2574 δὲ
3210 2520 3480 2588 διάνοιαν,
3517 2522 3573 2575 οἱ
3617 2522 3727 2591 ἱερ-

2134 2616 2326 2688 ουργοὶ
2372 2616 2473 2686 τῆς
2513 2615 2719 2687 ἀρετῆς
2750 2614 2965 2686 τρόποι,
2988 2612 3079 2667 διὰ
3104 2612 3167 2667 τὸ
3196 2613 3410 2685 μηδένα
3444 2618 3724 2686 προστρέ-

2170 2727 2270 2763 ειν.

2136 2728 2529 2870 χεἱνὶιαρθένοι
2557 2799 2747 2869 αὐτῆς.
2778 2818 2797 2851 ι
2831 2800 2894 2853 Ol
2925 2799 3057 2853 σῶοι
3105 2798 3201 2853 καὶ
3246 2799 3475 2869 ἄμωμοι
3506 2799 3724 2869 τρόποι,

2136 2894 2198 2947 ού
2228 2893 2350 2947 κατ’
2379 2892 2632 2957 ἐξουσίαν
2663 2891 2975 2961 βαδίζοντες
3002 2891 3093 2947 διὰ
3114 2893 3213 2962 τὴν
3238 2890 3583 2961 φθοροποιὸν
3614 2891 3725 2944 τῶν

2133 2983 2469 3038 διδασκάλων
2495 2982 2820 3054 παράδοσιν.

519 3056 586 3113 ν.
618 3058 673 3112 5.
709 3078 728 3111 ι
768 3059 917 3117 Facti
947 3074 1077 3119 sunt
1106 3067 1432 3128 tribulantes
1465 3089 1608 3130 eam.
1642 3094 1661 3128 ι
1702 3074 1872 3134 Valde
1901 3079 2029 3136 elati

2186 3094 2228 3133 ,ι
2277 3076 2557 3145 Ἐγένοντο
2595 3076 2646 3127 οἱ
2678 3072 2956 3137 θλίϐοντες
2997 3074 3191 3142 αὑτήν.
3225 3092 3245 3125 ι
3290 3072 3726 3144 Ὑπερεπήρθη-

348 3198 367 3213 ,
449 3156 580 3202 sunt
610 3147 915 3221 Babylonii,
950 3161 1005 3209 et
1035 3154 1236 3212 funesti
1269 3160 1568 3218 (lteluones.

527 3255 546 3289 ι
582 3235 804 3295 Parvuli
853 3242 995 3312 ejus.
1039 3262 1058 3297 ι
1112 3246 1185 3301 Et
1226 3250 1320 3318 qui
1359 3262 1583 3322 propter
1634 3266 1916 3325 peccatum
1973 3260 2027 3314 in

443 3327 713 3395 judicium
748 3334 929 3388 vocari
959 3351 1071 3391 non
1102 3350 1352 3407 possunt,
1389 3344 1455 3398 ad
1488 3360 1703 3414 pinnam
1740 3360 2029 3417 parentum

453 3416 593 3472 mala
645 3419 748 3491 ipsi
797 3421 1000 3481 ferunt.
1039 3424 1137 3484 Vel
1191 3432 1449 3499 parvulos
1494 3444 1655 3490 vocat
1701 3416 1918 3494 sanctos
1958 3442 2029 3496 ob

448 3511 623 3580 plebis
672 3524 891 3583 peccata
947 3529 1201 3585 vexatos,
1256 3523 1344 3578 vel
1406 3526 1646 3594 parvula:
1701 3529 1895 3584 animae
1952 3547 2030 3585 eae

449 3610 599 3668 sunt,
626 3620 748 3674 qua
784 3622 908 3665 cum
954 3609 1126 3666 Deum
1174 3614 1355 3670 colere
1400 3632 1578 3686 nuper
1622 3620 1938 3690 coepissent,
1975 3634 2030 3678 et

451 3697 505 3746 iu
557 3711 722 3750 cursu
768 3699 1033 3754 virtutum
1089 3702 1253 3772 lapsae
1297 3716 1513 3773 essent,
1559 3710 1626 3765 ad
1671 3711 1799 3766 vitia
1850 3714 2027 3769 redie-

448 3795 596 3847 runt.

521 3897 541 3930 ι
579 3880 722 3936 Ante
763 3880 981 3939 faciem.
1017 3906 1034 3937 ι
1074 3885 1177 3952 Qui
1209 3888 1263 3945 in
1296 3889 1667 3959 captivitatem
1700 3906 1872 3967 agunt
1896 3907 2027 3952 ante

447 3986 504 4022 se
551 3971 775 4027 mittunt
828 3990 1049 4043 pueros,
1109 3989 1419 4051 coguntque
1473 3981 1584 4048 ire;
1653 3985 1758 4040 hoc
1820 3987 2027 4046 faciunt

445 4060 727 4118 ilzeiuones
776 4068 1166 4137 compelleutes
1220 4071 1457 4126 animam
1525 4089 1855 4147 quocunque
1919 4079 2024 4134 illis

445 4152 687 4213 libuerit.

516 4244 577 4298 ν.
611 4246 664 4301 6.
703 4265 724 4298 ι
761 4250 948 4304 Omnis
977 4251 1144 4306 decor
1181 4256 1316 4323 ejus.
1359 4277 1378 4310 ι
1415 4258 1497 4314 Ad
1537 4259 1772 4315 litteram
1800 4259 2023 4329 quidem

446 4336 732 4405 templum,
764 4338 953 4408 legalis
987 4341 1201 4407 cultus;
1232 4346 1297 4400 ad
1336 4362 1558 4403 sensum
1588 4358 1771 4403 autem
1799 4351 2020 4420 spirita-

445 4425 575 4490 lem,
612 4427 704 4481 Dei
728 4429 990 4497 cognitio,
1022 4438 1243 4499 prepter
1264 4435 1545 4492 inductum
1572 4448 1877 4509 peceatum.

523 4535 540 4564 ι
581 4513 730 4573 Facti
781 4525 930 4575 sunt.
963 4538 981 4572 ι
1029 4520 1158 4577 Sive
1203 4525 1538 4590 sacerdotes.
1572 4528 1688 4584 sive
1722 4530 1831 4585 alio
1860 4533 2022 4589 modo

448 4605 631 4674 populi
657 4606 847 4674 duces,
874 4623 988 4664 non
1017 4612 1281 4670 habentes
1302 4616 1539 4687 amplius
1559 4618 1652 4690 qui
1683 4620 1791 4675 illis
1818 4621 2020 4694 aliquid

446 4697 728 4753 ull'errent.
760 4699 1012 4761 Interiori
1053 4718 1183 4760 vero
1218 4721 1404 4772 sensu,
1433 4709 1570 4776 Quia
1608 4721 1893 4782 peccatum
1934 4714 2023 4769 in-

445 4797 560 4845 star
595 4791 741 4846 venti
781 4795 992 4850 urentis
1029 4796 1324 4855 exsiccavit
1361 4816 1458 4857 eos
1493 4802 1584 4873 qui
1623 4804 1681 4859 in
1720 4805 2021 4876 disciplinis

442 4888 600 4934 erant
653 4898 975 4955 progressus
1025 4887 1251 4956 facturi,
1306 4892 1592 4950 doctorum
1645 4896 2018 4954 institutiones

443 4987 641 5041 pascua
669 4991 778 5030 non
810 4976 1117 5035 inveniunt.
1138 5026 1141 5031 ,

517 5085 536 5117 ι
572 5067 642 5123 Et
677 5070 922 5125 abibant.
960 5092 979 5124 ι
1017 5072 1155 5127 Dum
1176 5076 1601 5144 abducerentur,
1629 5078 1725 5145 ait,
1758 5080 1828 5135 ad
1854 5082 2023 5152 capti-

448 5151 687 5220 vitatem,
727 5159 924 5214 robore
963 5159 1212 5218 destituti
1258 5176 1407 5219 sunt.
1450 5165 1546 5222 Vel
1586 5176 1643 5223 et
1691 5168 1791 5236 sic,
1830 5151 2021 5228 contra

444 5257 731 5312 peccatum
783 5251 1021 5317 intueri,
1067 5263 1122 5310 et
1177 5255 1252 5310 illi
1311 5257 1563 5314 resistere
1613 5274 1726 5315 non
1770 5260 2016 5320 valentes

444 5338 701 5393 infirmati
735 5349 883 5396 sunt.

518 5429 577 5483 V.
612 5430 663 5485 7.
698 5451 717 5484 ι
749 5431 1049 5489 ιὶθοοτάιιιιι
1084 5448 1166 5492 est
1188 5438 1510 5494 Jerusalem.
1541 5459 1560 5492 ι
1586 5440 1647 5497 In
1662 5443 2009 5511 memoriam,

444 5523 538 5576 ait.
582 5533 851 5586 venerunt
885 5524 1274 5585 dierum’aute
1328 5546 1482 5586 suam
1535 5533 2005 5615 humiliationem,

542 5721 586 5755 ⁶⁹
624 5720 639 5775 Ι
668 5722 792 5781 Cor.
825 5741 886 5794 δί,
921 5729 999 5784 13.

2100 3197 2107 3203 ο
2134 3186 2233 3222 σαν
2258 3167 2611 3231 Βαϐυλώνιοι,
2643 3169 2738 3221 καὶ
2760 3168 2813 3219 οἱ
2841 3165 3118 3237 ἀλιτήριοι
3151 3166 3437 3237 δαίμονες.

2212 3281 2230 3313 ι
2266 3259 2348 3313 Τὰ
2380 3261 2551 3330 νήπια
2582 3259 2775 3329 αὐτῆς.
2805 3277 2825 3311 ι
2874 3259 2987 3319 Καὶ
3014 3258 3085 3317 τά
3113 3260 3284 3328 μήπω
3328 3258 3398 3312 δι’
3434 3257 3724 3329 ἁμαρτω

2131 3350 2430 3418 κρινόμενα
2474 3349 2570 3402 ἐπὶ
2615 3347 2891 3418 τιμωρίαν
2924 3348 3032 3400 τῶν
3063 3347 3452 3416 γεννησάντων
3475 3346 3727 3416 πάσχουο

2134 3456 2239 3495 σιν.
2271 3441 2340 3493 Ἢ
2374 3441 2472 3493 καὶ
2511 3439 2684 3510 νήπια
2720 3438 2847 3501 τοὺς
2887 3437 3077 3505 ἁγίους
3107 3439 3296 3502 καλεῖ,
3323 3435 3721 3506 ταλαιπωρου-

2135 3533 2332 3602 μένους
2362 3532 2452 3585 διὰ
2481 3530 2582 3601 τᾲς
2607 3530 2717 3583 τῶν
2743 3529 2962 3583 πολλῶν
2996 3528 3296 3599 ἁμαρτίας,
3326 3528 3361 3599 ἢ
3393 3529 3492 3582 καὶ
3522 3529 3719 3599 νήπιαι

2130 3621 2301 3692 ψυχαὶ
2338 3624 2394 3679 αἱ
2426 3622 2549 3692 ἄρτι
2579 3621 2853 3676 θεοσεϐεῖν
2903 3621 3209 3693 ἀρξάμεναι
3232 3663 3250 3688 ,
3274 3622 3373 3675 καὶ
3408 3621 3717 3676 ὀκλάσασαι

2131 3713 2262 3784 περὶ
2289 3712 2384 3766 τὸν
2414 3712 2615 3783 δρόμον
2644 3713 2745 3784 τῆς
2786 3713 3014 3783 ἀρετῆς,
3040 3713 3135 3766 καὶ
3169 3712 3595 3785 ὑποστρέψασαι
3632 3712 3715 3774 είς

2129 3803 2230 3875 τὴν
2260 3803 2481 3857 κακίαν.

2206 3916 2226 3949 ι
2258 3897 2415 3951 Κατά
2442 3895 2757 3966 πρόσωπον.
2790 3914 2810 3949 ι
2842 3897 2908 3949 0t
2929 3894 3441 3966 αἰχμαλωτεύοντες
3470 3896 3719 3966 ἐμπροσ-

2130 3987 2222 4041 θεν
2276 3987 2561 4058 βάλλοντες
2627 3986 2696 4041 τά
2765 3986 2944 4057 βρέφη
2999 3985 3378 4054 ἀναγκάζουσι
3439 3986 3707 4057 βαδίζειν

2128 4079 2271 4136 οὕτω
2300 4080 2356 4134 δὲ
2385 4078 2636 4132 ποιοῦσιν
2663 4079 2761 4133 καὶ
2780 4081 2830 4133 οἱ
2857 4079 3132 4148 δαίμονες,
3163 4077 3592 4144 συνελαύνοντες
3610 4079 3710 4150 τὴν

2126 4170 2308 4242 ψυχὴν
2346 4173 2425 4233 εἰς
2457 4171 2486 4224 ὃ
2524 4170 2827 4241 βούλονται.

2205 4281 2223 4314 ι
2256 4263 2413 4317 Πᾶσα
2439 4263 2473 4332 ή
2505 4261 2811 4331 εὐπρέπεια
2842 4259 3039 4330 αὐτῆς.
3082 4279 3101 4309 ι
3139 4259 3285 4330 Πρὸς
3324 4260 3426 4330 μὲν
3454 4260 3519 4313 τὸ
3546 4260 3707 4332 ῥητὸν

2126 4352 2156 4404 ό
2180 4351 2329 4416 ναὸς,
2359 4354 2391 4422 ἡ
2421 4353 2624 4425 νομικὴ
2651 4353 2879 4424 λατρεία
2898 4370 2912 4386 ·
2946 4354 3087 4425 πρὸς
3114 4354 3172 4407 δὲ
3203 4354 3472 4420 διάνοιαν,
3509 4358 3544 4425 ὴ
3591 4354 3707 4409 θεο-

2052 4429 2100 4486 Ῑ)
2126 4444 2333 4512 γνωσία
2359 4444 2449 4498 διά
2476 4447 2578 4516 τὴν
2604 4448 2703 4516 τῆς
2732 4444 3012 4518 ἁμαρτίας
3043 4447 3375 4521 ἐπαγωγὴν.

2198 4555 2219 4589 ι
2263 4536 2562 4604 Ἐγένοντο.
2597 4556 2616 4588 ι
2654 4537 2780 4591 Εἴτε
2821 4539 2872 4592 οι
2914 4538 3116 4609 ἱερεῖς,
3157 4539 3268 4592 εἴτε
3307 4539 3402 4591 καὶ
3431 4538 3486 4591 oi
3526 4536 3705 4600 ἄλλως

2122 4627 2420 4700 ἡγούμενοι
2447 4627 2542 4683 τοῦ
2569 4628 2724 4693 λαοῦ,
2761 4629 2947 4685 οὐκέτι
2969 4628 3184 4700 ἔχοντες
3212 4629 3340 4692 τοὺς
3361 4628 3704 4699 προσφέρον-

2120 4721 2222 4786 τάς
2250 4738 2304 4775 τι
2343 4721 2548 4787 αὐτοῖς.
2591 4720 2736 4791 Πρὸς
2774 4721 2833 4775 δὲ
2857 4722 3125 4785 διάνοιαν,
3169 4722 3273 4792 τῆς
3304 4720 3594 4791 ἁμαρτίας
3629 4718 3706 4774 δί-

2122 4829 2227 4884 κην
2280 4812 2593 4877 καύσωνος,
2642 4812 2772 4876 τοὺς
2820 4815 2882 4867 ἐν
2935 4814 3003 4884 τῇ
3068 4810 3308 4884 μαθήσει
3363 4811 3704 4882 προκόπτειν

2125 4902 2418 4974 μέλλοντας
2469 4902 2935 4976 άποξηρανάσης,
2978 4905 3027 4958 οἱ
3079 4903 3455 4959 διδασκαλικοὶ
3505 4905 3703 4975 τρόποι

2119 4994 2220 5065 οὐχ
2256 4994 2575 5065 εὑρίσκουσι
2607 4996 2803 5066 νομήν.

2198 5103 2217 5136 ι
2259 5084 2371 5139 Καὶ
2420 5084 2770 5157 ἐπορεύοντο.
2807 5106 2828 5139 ι
2883 5087 3370 5160 Συνελαυνὸμενοι,
3396 5089 3589 5160 φησὶν,
3618 5092 3698 5155 εἰς

2121 5175 2222 5247 τὴν
2263 5177 2682 5248 αἰχμαλωσίαν·
2730 5179 2919 5233 οὐκέτι
2965 5177 3214 5251 ίσχυσαν.
3252 5180 3324 5235 Ἦ
3367 5184 3465 5236 καὶ
3500 5182 3701 5248 οὕτως,

2121 5267 2455 5340 ήσθένησαν,
2494 5270 2817 5342 άντωπῆσαι
2859 5272 2955 5326 καὶ
2986 5273 3308 5337 ἀντιστῆναι
3340 5276 3409 5345 τῇ
3448 5275 3701 5346 ἁμαρτίᾳ

2125 5358 2202 5431 μὴ
2227 5359 2567 5430 δυνηθέντες.

2195 5466 2214 5498 ι
2256 5448 2537 5519 Ἐμνήσθη
2572 5448 2955 5520 Ἰερουσαλήμ.
2988 5469 3007 5503 ι
3031 5451 3126 5515 Et;
3147 5452 3477 5522 ἀνάμνησιν,
3508 5455 3695 5522 φησὶν,

2116 5533 2279 5609 ἦλθον
2331 5540 2441 5593 τῶν
2488 5540 2596 5611 πρὸ
2641 5541 2742 5611 τῆς
2794 5543 3178 5608 ταπεινώσεως
3223 5544 3395 5616 αὐτῆς
3445 5546 3697 5617 ἡμερῶν,
