3876 6304
197 276 302 336 :29
1181 280 1642 340 FRAGMENTA
1683 265 1764 342 IN
1802 284 2073 344 JEREM.
2115 281 2470 344 LAMENT.‘

3337 281 3442 347 730

192 382 304 436 τῶν
335 381 420 434 ὅτε
447 379 622 450 ᾤκουν
644 381 742 452 τὴν
781 382 1156 454 Ἰερουσαλὴμ,
1181 389 1276 438 καὶ
1296 383 1442 457 εἶχον
1471 390 1569 452 τὰς
1600 407 1768 460 προσ-

1901 409 1992 446 um
2026 391 2346 446 habitabant
2373 386 2694 452 Jerusalem,
2724 395 2779 440 et
2807 387 3110 442 oblationes
3148 387 3439 444 habebant.

192 473 367 543 φοράς
393 488 407 502 ·
439 472 594 542 ἢκαὶ
635 473 808 536 οὕτως
839 490 854 504 ⁸
887 473 982 537 Εἰς
1023 477 1329 547 ἁκὰμνησιν
1361 476 1524 550 ἦλθον
1553 483 1660 534 τῶν
1691 485 1771 534 ol-

191 565 363 618 κείων
417 563 869 634 ἁμαρτημάτων,
929 565 996 619 δι’
1054 567 1090 621 ἃ.
1146 567 1371 636 γέγονεν
1422 574 1500 634 εἰς
1562 574 1769 642 αἰχμα-

193 655 429 709 λωσίαν.

275 765 302 831 «Ι
330 748 515 802 Πάντα
544 747 613 800 τὰ
645 747 1060 818 ἐπιθυμήματα.
1101 771 1120 803 ›
1164 752 1310 823 Πρὸς
1342 753 1438 822 μὲν
1482 754 1543 806 τὸ
1583 755 1767 824 ῥητὸν,

189 839 220 890 6
252 837 401 902 ναὸς,
431 839 490 890 αἱ
519 837 878 908 πανηγύρεις,
910 841 964 891 αἱ
1003 841 1211 905 θυσίαι,
1240 843 1296 894 αί
1327 843 1662 912 προσφοραὶ,
1702 844 1770 898 τὰ

194 928 319 997 ἱερὰ
345 927 539 997 σκεύη.
560 929 701 998 Πρὸς
719 929 775 981 δὲ
797 929 1031 982 διάνοιαν
1049 945 1062 959 ·
1084 929 1446 1001 Ἀνεμνήσθη,
1479 934 1633 1002 φησὶ,
1662 933 1769 986 τῶν

189 1019 504 1090 ἐπιθυμιῶν
534 1018 727 1092 αὐτῆς,
761 1013 848 1082 αἷς
877 1019 1354 1091 ἐξακολουθήσασα
1384 1023 1608 1091 γέγονεν
1648 1024 1770 1094 αίχο

194 1107 468 1178 μάλωτος.

274 1217 293 1252 ι
340 1198 560 1262 ’ἰδόντες
592 1199 643 1254 οἱ
679 1199 868 1270 ἐχθροὶ
897 1201 1071 1272 αὐτῆς
1101 1202 1390 1270 ἐγέλασαν.
1420 1222 1441 1256 ι
1481 1204 1770 1274 Πεφύκασι

190 1289 312 1361 γὰρ
339 1291 389 1344 oi
419 1290 674 1362 δαίμονες
703 1292 845 1362 μετὰ
863 1292 926 1346 τδ
953 1295 1283 1350 καταϐαλεῖν
1311 1295 1411 1368 τὴν
1430 1296 1631 1368 ψυχὴν,
1648 1297 1769 1351 τότε

193 1382 296 1435 καὶ
323 1383 588 1453 ἐπιγελᾷν
623 1383 788 1454 αὐτῇ.

276 1491 296 1526 t
341 1473 644 1545 ’Δμαρτίαν
682 1475 952 1546 ἥμαρτεν.
991 1494 1010 1528 ι
1060 1478 1176 1540 Πᾶς
1227 1478 1326 1548 μὲν
1363 1479 1392 1532 6
1437 1478 1770 1550 ἁμαρτάνων

188 1565 358 1636 δῆλον
406 1565 488 1620 ὅτι
539 1565 638 1636 τὴν
685 1567 963 1639 ἁμαρτίαν
1005 1569 1332 1638 ἐργάζεται·
1381 1570 1662 1641 ἁμαρτίαν
1713 1571 1771 1624 δὲ

192 1657 544 1729 ἁμαρτάνειν
571 1651 814 1728 λέγεται,
843 1662 872 1713 6
896 1661 955 1713 ἐν
984 1660 1184 1729 γνώσει
1211 1662 1558 1732 ἁμαρτάνων.
1585 1664 1770 1717 AM:-

191 1768 353 1804 τεται
378 1751 437 1804 δὲ
464 1753 591 1815 τοὺς
630 1752 917 1814 Ἰουδαίους
944 1794 958 1817 ,
991 1755 1074 1807 ὄτι
1113 1755 1204 1809 τὸν
1231 1756 1768 1826 προκηρυττόμενον,

193 1843 296 1896 καὶ
346 1843 798 1914 προσδοκώμενον
847 1845 939 1898 ὑπ’
990 1847 1170 1900 αὐτῶν
1205 1848 1429 1918 Κύριον,
1464 1859 1774 1921 παραγεγο-

193 1932 329 1984 νὸτα
363 1934 735 2004 ἐσταύρωσαν.

277 2041 296 2074 ι
335 2023 544 2086 Πάντες
570 2025 620 2077 οἱ
642 2024 960 2089 δοξάζοντες
985 2025 1176 2095 αὐτήν.
1215 2043 1232 2076 ι
1273 2025 1418 2094 Πρὸς
1447 2027 1545 2094 μὲν
1585 2028 1768 2096 ῥητὸν,

193 2117 228 2184 ἡ
270 2116 559 2188 συναγωγὴ
588 2116 1089 2186 αἰχμαλωτισθείσα
1113 2155 1127 2180 ,
1173 2121 1307 2188 πρὸς
1346 2117 1403 2170 δὲ
1434 2118 1695 2179 διάνοιαν,
1737 2119 1768 2189 ἡ

197 2208 446 2277 αμαρτίᾳ
477 2208 706 2261 νοσοῦσα
751 2207 898 2278 ψυχὴ
923 2248 938 2275 ,
982 2209 1081 2278 τῆς
1119 2209 1289 2278 ὀρθῆς
1317 2209 1561 2272 στάσεως
1600 2227 1772 2278 παρα-

195 2297 506 2366 κινηθεῖσα.

276 2411 296 2444 ‹
320 2393 726 2445 Ἐταπείνωσαν
755 2393 948 2462 αὐτήν.
974 2411 992 2444 ι
1020 2393 1091 2446 Ἢ
1119 2394 1168 2446 οί
1194 2393 1449 2463 δαίμονες
1470 2437 1482 2460 ,
1508 2395 1558 2447 οἱ
1584 2394 1771 2464 πρώην

191 2485 371 2557 αὐτὴν
401 2486 854 2557 ἁναπτεροῦντες,
874 2487 963 2540 ὅτε
998 2486 1183 2548 αὐτοῖς
1213 2485 1368 2540 ἔθυεν
1393 2488 1426 2556 ὴ
1454 2488 1768 2556 συναγωγὴ,

192 2576 296 2640 οὓς
340 2577 431 2649 καὶ
481 2575 707 2647 ὕστερον
755 2577 1107 2647 ἀπεστράφη,
1155 2577 1188 2647 ἢ
1241 2579 1334 2630 καὶ
1365 2580 1420 2630 αί
1457 2579 1566 2630 τῶν
1599 2581 1772 2647 ἁγίων

193 2668 393 2736 ψυχαὶ,
431 2669 487 2720 αἱ
527 2670 590 2720 ἐκ
625 2667 922 2730 διαθέσεως
945 2668 1238 2735 ἀγαπῶσαι
1269 2669 1370 2738 τὴν
1395 2669 1771 2741 Ἰερουσαλὴμ,

195 2759 298 2810 καὶ
324 2757 645 2822 δοξάζουσαι
669 2757 839 2827 αὐτὴν
871 2757 1316 2826 εύπρὰττουσαν,
1351 2759 1774 2828 ἁμαρτάνουσαν

195 2849 258 2910 δὲ
290 2849 790 2920 ἀποστρεφόμεναι.

280 2957 298 2990 ι
337 2935 488 3006 Εἶδον
529 2940 636 3012 γὰρ
667 2941 765 3011 τὴν
802 2938 1196 3010 ἀσχημοσύνην
1239 2940 1430 3009 αὐτῆς.
1466 2960 1484 2992 ι
1528 2942 1628 2996 Διὰ
1667 2942 1774 3012 γὰρ

1875 482 1969 534 Vel
2000 491 2056 534 et
2085 481 2164 534 sic
2199 496 2213 533 :
2251 478 2599 546 Pr0priorum
2632 477 2956 532 delictorum
2993 477 3257 532 recordati
3292 488 3440 544 sunt,

1872 582 2093 642 propter
2129 586 2252 640 qua:
2282 570 2568 640 captivitas
2600 568 2766 624 venit.

1947 767 1965 800 ι
2001 747 2256 803 Omnium
2281 747 2693 802 desideriorum.
2721 765 2740 798 ι
2769 747 2849 801 Ad
2875 747 3130 810 litteram,
3153 749 3438 817 templum,

1871 841 2273 904 solemnitates,
2337 838 2627 903 sacriﬁcia,
2686 837 3021 902 oblationes,
3077 853 3206 892 vasa
3264 854 3441 893 sacra.

1873 930 2048 986 Sensu
2091 947 2220 986 vero
2263 930 2514 1000 mystico,
2546 929 2829 984 recordata
2875 939 2980 993 est,
3012 929 3107 994 ait,
3142 929 3440 985 desiderio-

1871 1038 1992 1077 rum
2017 1038 2266 1087 suorum,
2292 1037 2415 1092 quae
2438 1029 2664 1086 sectata,
2693 1021 2904 1090 captiva
2933 1019 3070 1075 facta
3091 1029 3195 1075 est.

1946 1215 1964 1247 ι
2015 1193 2270 1248 Videntes
2329 1191 2536 1248 inimici
2592 1191 2712 1262 ejus
2771 1191 3028 1246 riserunt.
3075 1208 3095 1242 ο
3153 1189 3440 1261 Proprium

1867 1286 2071 1357 quippe
2121 1285 2429 1340 daemonum
2474 1292 2580 1347 est,
2625 1284 2718 1338 ubi
2763 1283 2999 1338 animam
3021 1282 3442 1353 prostraveri-nt,

1875 1386 2003 1432 tunc
2033 1376 2196 1430 etiam
2229 1374 2477 1429 irridere.

1941 1465 2007 1519 V.
2039 1465 2091 1520 8.
2128 1483 2147 1516 α
2177 1463 2468 1518 Peccatum
2496 1460 2760 1531 peccavit.
2791 1479 2809 1512 ι
2839 1459 3035 1529 Liquet
3063 1473 3280 1513 omnem
3309 1473 3440 1528 pec-

1871 1567 2086 1613 cantem
2169 1564 2454 1626 peccatum
2525 1553 2856 1618 admittere;
2943 1561 3224 1622 peccatum
3309 1565 3442 1605 vero

1875 1664 2099 1719 peccare
2162 1648 2206 1703 is
2260 1647 2482 1710 dicitur,
2540 1645 2632 1714 qui
2689 1645 2923 1698 scienter
2986 1652 3194 1712 peccat.
3259 1641 3492 1698 lnnuit.

1802 1719 2036 1818 Bporro
2089 1740 2337 1802 Judaeos,
2388 1739 2480 1808 qui
2549 1736 2967 1806 praenuntiatum
3031 1743 3085 1789 et
3157 1744 3444 1802 exspecta-

1876 1843 1988 1888 tum
2069 1831 2176 1886 illis
2248 1830 2574 1896 Dominum,
2630 1828 2721 1883 ubi
2782 1827 3036 1890 advenit,
3096 1827 3150 1879 in
3223 1840 3441 1880 crucem

1872 1930 2122 1992 egerunt.

1947 2035 1965 2066 c
2003 2015 2209 2070 Omnes
2255 2013 2346 2083 qui
2395 2011 2770 2082 gloriﬁcabant
2822 2024 2961 2063 eam.
3003 2026 3021 2060 ι
3075 2007 3155 2060 Ad
3203 2007 3441 2061 litteram

1870 2109 2114 2179 quidem,
2139 2106 2418 2177 Synagoga
2477 2103 2533 2156 in
2586 2101 2958 2171 captivitatem
3006 2099 3167 2154 ducta
3215 2117 3228 2152 :
3274 2113 3440 2152 sensu

1870 2215 2001 2254 vero
2026 2197 2224 2262 altiori,
2249 2194 2534 2265 iniquitate
2559 2193 2812 2247 laborans
2841 2191 3042 2254 anima,
3068 2205 3098 2243 a
3122 2197 3272 2244 recto
3296 2198 3438 2243 statu

1871 2293 2095 2348 dimota.

1948 2403 1966 2434 ‹
2004 2381 2442 2436 Humiliaverunt
2476 2377 2642 2431 illam.
2681 2394 2697 2425 ι
2735 2373 2827 2427 Vel
2859 2374 3134 2427 daemones
3166 2371 3256 2440 qui
3292 2370 3442 2440 prius

1872 2489 1997 2528 eam
2066 2471 2357 2533 inﬂabant,
2410 2483 2532 2520 cum
2588 2464 2694 2518 illis
2747 2460 3024 2532 Synagoga
3080 2459 3440 2523 sacriﬁcabat,

1872 2580 2010 2634 quos
2038 2564 2202 2618 etiam
2237 2569 2514 2630 postremo
2555 2563 2797 2609 aversata
2837 2559 2921 2606 est
2949 2570 2962 2605 :
2989 2551 3072 2604 vel
3111 2551 3274 2603 etiam
3317 2563 3441 2602 san-

1873 2668 2085 2712 ctorum
2129 2653 2344 2712 animae,
2381 2666 2501 2718 quae
2535 2664 2598 2701 ex
2634 2645 2796 2700 corde
2830 2643 3084 2696 amabant
3120 2639 3440 2703 Jerusalem,

1873 2763 2102 2816 eamque
2157 2752 2302 2798 recte
2359 2747 2610 2810 agentem
2663 2734 3068 2808 gloriticabant,
3125 2739 3441 2800 peccantem

1877 2858 2004 2896 vero
2033 2835 2482 2892 adversabantur.

1951 2951 1970 2983 ι
1995 2929 2264 2982 Viderunt
2283 2925 2429 2978 enim
2454 2918 2810 2990 ignominiam
2841 2915 2978 2984 ejus.
3005 2932 3023 2964 ι
3052 2911 3216 2968 Gravi
3244 2909 3444 2980 quippe

195 3026 301 3095 τῆς
335 3002 572 3100 σφοδρᾶς
605 3002 1512 3099 τιμωρίαςηὰνεκαλύ-φθησαν-καὶ
1574 3002 1769 3098 sectile.-

1901 3020 2143 3092 npplicio
2177 3018 2403 3072 detecta:
2446 3021 2574 3066 sunt
2606 3020 2661 3063 ct
2694 3008 2868 3078 palam
2921 3005 3074 3059 facta
3107 3002 3442 3072 iniquitates,

199 3115 459 3186 ρώθησαν
481 3118 538 3169 αί
565 3117 871 3188 ἁμαρτίαι,
897 3115 965 3168 δι’
995 3115 1060 3178 ἂς
1094 3117 1187 3169 καὶ
1217 3117 1316 3181 τὰς
1355 3121 1626 3192 τιμωρίας
1666 3123 1772 3174 ὑπ-

199 3205 358 3277 έστη.
423 3253 426 3256 λ

277 3318 298 3350 ι
339 3301 511 3368 Καίγε
559 3303 698 3374 αὐτὴ
740 3306 1100 3370 στενάζουσα.
1141 3327 1159 3360 ι
1212 3309 1277 3361 Ἢ
1336 3307 1437 3378 μὲν
1483 3306 1774 3377 συναγωγὴ

199 3390 384 3446 οὐκέτι
412 3392 740 3450 δουλεύουσα
772 3398 1058 3470 δαίμοσιν*
1104 3403 1138 3471 ἡ
1167 3399 1224 3453 δὲ
1249 3400 1474 3470 τοιαύτη
1506 3398 1652 3470 ψυχὴ
1695 3401 1774 3461 εἰς

202 3483 559 3554 συναίσθησιν
589 3487 883 3558 ἐρχομένη,
931 3491 1024 3543 καὶ
1061 3491 1421 3556 στενάζουσα,
1453 3493 1548 3543 καὶ
1576 3491 1776 3560 τρόπον

197 3576 326 3629 τινὰ
357 3575 658 3648 βουλομένη
678 3581 1032 3646 ἁποποδίζειν
1071 3585 1138 3635 ἐκ
1165 3583 1291 3635 -τῶν
1337 3583 1773 3653 ἁμαρτημάτων.

281 3683 301 3717 ι
351 3667 692 3738 Ἀκαθαρσία,
729 3673 900 3740 αὐτῆς
946 3674 1052 3744 πρὸ
1104 3674 1281 3726 ποδῶν
1330 3674 1520 3743 αὐτῆς.
1561 3693 1577 3724 ο
1633 3671 1777 3724 ’Λντὶ

199 3755 320 3822 τοῦ,
356 3774 424 3826 με
434 3759 770 3829 μολυσμέναι
803 3763 960 3818 εἰσίν.

282 3863 305 3897 ι,
337 3847 450 3900 Οὐκ
473 3849 722 3920 ἐμνήσθη
760 3850 966 3921 ἔσχατα
992 3853 1185 3920 αὐτῆς.
1219 3873 1237 3904 υ
1276 3855 1340 3907 El
1372 3853 1618 3923 ἐμνήσθη
1641 3894 1654 3916 ,
1682 3871 1778 3924 φη-

203 3939 311 4003 σὶν,
357 3940 438 3992 ὅτι
484 3943 632 3994 ἐστὶν
666 3943 1048 4006 ἁνταπόδοσις,
1089 3942 1234 4014 εἶχεν
1273 3945 1473 4014 ἑαυτῆς
1502 3945 1776 3996 ταπεινώ-

203 4049 319 4085 σειν
366 4033 464 4095 τὴν
505 4034 910 4106 ὑπερηφανίαν,
946 4036 1032 4089 ἵνα
1063 4037 1139 4106 μὴ
1170 4037 1312 4106 πέσῃ
1349 4036 1452 4088 ὑπὸ
1482 4036 1579 4106 τὴν
1617 4053 1779 4104 τιμω-

203 4124 359 4194 ρίαν·
387 4127 415 4178 ό
447 4126 547 4194 μὲν
577 4130 684 4198 γὰρ
713 4127 1022 4198 ὑπέρογκος
1051 4125 1428 4190 ταπεινοῦται,
1450 4127 1478 4179 ὁ
1501 4125 1556 4179 δὲ
1583 4142 1778 4178 ταπει-

200 4215 293 4276 νὸς
323 4215 572 4285 ὑψοῦται.

281 4324 300 4356 ‹
334 4307 460 4372 Ἴδε,
506 4309 729 4378 Κύριος.
769 4326 788 4359 ι
843 4295 1264 4361 Οίκειοποιεϊται
1308 4309 1335 4360 6
1369 4306 1524 4376 ἅγιος
1569 4307 1779 4361 ἐκεῖθεν

202 4397 312 4450 τῶν
346 4400 766 4468 ἁμαρτανόντων
793 4400 860 4452 τὰ
891 4399 1374 4470 πλημμέληματα,
1402 4400 1498 4453 καὶ
1520 4398 1616 4470 τὴν
1639 4399 1779 4470 ὑπὲρ

203 4488 385 4542 αὐτῶν
417 4491 683 4559 προσάγει
717 4489 920 4560 δέησιν.

285 4598 304 4630 ι
349 4580 528 4646 Χεῖρα,
566 4579 731 4638 αὑτοῦ
773 4579 1070 4642 ἐξεπέτασε
1105 4579 1324 4634 θλίϐων.
1369 4599 1387 4631 ι
1424 4581 1570 4650 Πρδς
1596 4579 1695 4649 μὲν
1720 4580 1782 4633 τὺ

208 4668 395 4742 ῥητὸν,
422 4669 687 4739 πρότερος
730 4671 756 4723 ὁ
795 4668 1137 4732 Βαϐυλώνιος
1161 4709 1175 4732 ,
1223 4668 1452 4740 ὕστερον
1489 4670 1546 4722 δὲ
1585 4669 1680 4722 καὶ
1731 4670 1780 4721 oi

221 4759 483 4828 Ῥωμαῖοι
511 4762 578 4814 τὰ
607 4761 921 4831 ἐπιθυμητὰ
953 4761 1142 4830 σκεύη,
1178 4762 1274 4816 καὶ
1309 4764 1409 4816 ὅσα
1429 4756 1497 4830 ἦν
1527 4759 1782 4825 ἀξιόλογα

205 4853 266 4905 ἐν
292 4853 358 4920 τῇ
387 4849 742 4920 Ἰερουσαλὴμ
772 4850 1076 4920 εἰλήφασιν.
1100 4850 1240 4920 Πρὸς
1265 4849 1323 4903 δὲ
1343 4849 1603 4912 διάνοιαν,
1634 4849 1784 4902 ἐτόλ-

210 4958 373 5012 μησε,
412 4942 600 5011 φησὶν,
635 4944 668 5013 ἡ
706 4941 896 5006 κακία,
919 4941 1244 5011 ἐφήπλωσεν
1283 4940 1483 5010 ἑαυτὴν
1498 4943 1642 4995 κατὰ
1683 4944 1784 5013 τῆς

206 5033 410 5102 ψυχῆς.
438 5037 534 5088 καὶ
562 5033 914 5088 ἐπεσκότισεν
943 5032 1114 5099 αὐτῆς
1149 5035 1253 5102 τὴν
1299 5031 1642 5104 ἐπιθυμητὴν
1668 5034 1790 5098 θεοτ

211 5123 474 5192 γνωσίαν.
1127 5131 1132 5138 ³

292 5233 311 5265 ι
349 5211 469 5265 Εἶὸε
505 5215 610 5284 γὰρ
641 5217 788 5286 ἐθνη.
821 5237 840 5268 ›
892 5215 1210 5269 Ἐκέλευσεν
1255 5217 1281 5267 ό
1314 5214 1448 5278 Θεὸς
1491 5216 1786 5278 Μωαϐίτας

212 5308 311 5360 καὶ
349 5304 687 5374 Ἀμμανίτας
717 5307 790 5375 μὴ
834 5308 914 5368 εἰς
968 5305 1264 5372 ἐκκλησίαν
1287 5306 1494 5375 Κυρίου
1525 5306 1782 5358 εἰσιέναιο

212 5392 601 5468 ἐρημωθείσης
631 5390 720 5446 οὖν
743 5394 841 5462 τῆς
883 5394 1274 5462 Ἰερουσαλὴμ,
1303 5393 1555 5462 εἰσῆλθον
1585 5394 1677 5446 καὶ
1700 5389 1790 5446 οὖα

212 5505 299 5544 τοι
336 5487 416 5548 είς
442 5485 532 5536 τὸν
564 5484 712 5537 ναόν.
748 5484 888 5555 Πρὸς
932 5485 988 5538 δὲ
1020 5484 1278 5549 διάνοιαν,
1312 5483 1615 5553 ἀκάθαρτοι
1647 5501 1790 5548 τινες

210 5578 470 5649 λογισμοὶ
495 5579 574 5641 εἰς
606 5579 666 5630 τὸ
690 5579 882 5632 ἄδυτον
918 5583 1015 5651 τῆς
1044 5580 1220 5650 ψυχῆς
1251 5580 1560 5650 ἐχώρησαν.

289 5690 334 5724 ⁸³
364 5691 520 5746 Deut.
552 5707 610 5755 ll,
637 5691 722 5744 ἐξ).

1876 3115 1946 3170 ob
1974 3127 2108 3182 quas
2139 3108 2304 3163 etiam
2329 3104 2506 3176 νωθής
2533 3102 2745 3158 addicta
2773 3109 2876 3156 est.

1953 3328 1971 3362 ι
2015 3310 2191 3377 Atque
2230 3305 2345 3374 ipsa
2390 3315 2634 3373 gemens.
2674 3317 2692 3350 ›
2738 3297 3017 3368 Synagoga
3071 3294 3292 3365 quidem
3336 3305 3446 3346 non

1877 3397 2110 3467 amplius
2139 3392 2477 3450 daemonibus
2508 3388 2770 3452 serviens,
2803 3386 3069 3456 ejusmodi
3103 3399 3232 3438 vero
3264 3381 3448 3436 anima

1879 3489 1933 3542 in
1968 3502 2026 3541 se
2070 3484 2306 3546 rediens,
2337 3489 2392 3535 et
2437 3493 2682 3550 gemens,
2716 3484 2770 3529 et
2819 3471 3218 3544 quodammodo
3258 3469 3448 3524 volens

1879 3576 2071 3647 pedem
2099 3575 2167 3629 de
2201 3580 2425 3642 peccato
2453 3569 2750 3623 retrahere.

1948 3664 2012 3718 V.
2043 3664 2096 3718 9.
2135 3681 2152 3712 (
2193 3658 2542 3714 lmmunditia
2589 3657 2708 3726 ejus
2749 3662 2874 3707 ante
2909 3650 3074 3721 pedes
3103 3650 3239 3718 ejus.
3280 3665 3300 3699 ι
3337 3645 3450 3701 lloc

1879 3764 1979 3822 est,
2009 3753 2226 3823 polluta
2255 3757 2402 3804 sunt.

1956 3865 1973 3896 ι
2012 3845 2131 3899 Non
2160 3851 2241 3897 est
2272 3839 2552 3894 recordata
2582 3834 3001 3890 novissimorum
3049 3845 3292 3885 suorum.
3331 3845 3350 3878 ι
3393 3826 3452 3880 Si

1881 3933 2161 3988 recordata
2203 3937 2369 3993 esset,
2394 3925 2591 3995 inquit,
2625 3921 3040 3976 retributionem
3092 3919 3265 3987 sequi,
3297 3931 3453 3970 suam

1881 4026 2068 4094 utique
2102 4020 2410 4090 superbiam
2441 4015 2877 4085 compressisset,
2911 4027 2978 4064 ne
3013 4011 3190 4080 poenis
3218 4007 3455 4062 obnoxia

1881 4117 2036 4170 fieret
2069 4131 2082 4167 :
2118 4112 2336 4167 inﬂatus
2375 4108 2523 4166 enim
2575 4105 2912 4166 bumiliatur,
2955 4111 3009 4155 at
3033 4100 3254 4155 humilis
3303 4099 3455 4152 exal-

1881 4217 2049 4262 tatur.

1956 4315 1975 4348 ι
2021 4294 2177 4357 Vide,
2212 4291 2464 4347 Domine.
2510 4306 2528 4340 ι
2589 4286 2704 4342 Sibi
2756 4283 2978 4338 ascribit
3041 4282 3170 4336 inde
3232 4290 3458 4335 sanctus

1883 4399 2231 4458 peccatorum
2263 4385 2480 4446 delicta,
2518 4389 2680 4449 atque
2714 4392 2814 4448 pro
2846 4375 2951 4430 illis
2980 4389 3170 4444 preces
3198 4372 3454 4427 effundit.

1954 4583 2016 4637 V.
2052 4582 2138 4634 10.
2187 4599 2206 4631 ι
2242 4578 2457 4632 Manum
2510 4589 2664 4629 suam
2715 4571 2955 4626 extendit
2984 4571 3272 4624 tribulans.
3311 4585 3332 4620 ι
3373 4566 3459 4622 Ad

1881 4676 2115 4731 litteram
2148 4673 2356 4742 priores
2386 4666 2688 4736 Babylonii.
2721 4665 2920 4718 deinde
2959 4671 3015 4716 et
3053 4661 3282 4716 Romani
3312 4659 3460 4712 desi-

1882 4766 2142 4822 derabilia
2177 4777 2326 4822 vasa,
2354 4768 2410 4812 et
2437 4755 2699 4827 quidquid
2734 4760 2856 4806 erat
2896 4752 3194 4820 pretiosum
3236 4750 3458 4802 Jeroso-

1882 4857 2039 4920 lvmis
2075 4854 2444 4920 diripuerunt.
2494 4847 2574 4898 Ad
2631 4843 2961 4898 sententiam
3011 4849 3191 4894 autem
3241 4838 3455 4906 spirita-

1885 4917 1992 5004 lem
2022 4968 2034 5002 :
2067 4917 2233 5007 Ausa,
2266 4939 2467 5008 inquit,
2501 4945 2583 4991 est
2613 4932 2884 5002 nequitia;
2914 4931 3106 4985 eﬂ‘udit
3147 4946 3206 4985 se
3245 4929 3298 4981 in
3337 4929 3462 4981 ani-

1885 5055 2063 5098 mam,
2109 5030 2635 5098 desiderabilemque
2691 5025 2744 5079 in
2807 5025 2894 5078 illa
2953 5022 3048 5076 Dei
3091 5020 3458 5092 cognitionem

1887 5129 2288 5187 obtenebravit.

1963 5241 1981 5272 ι
2025 5219 2166 5273 Vidit
2199 5217 2345 5271 enim
2384 5224 2592 5284 gentes.
2633 5229 2649 5260 ι
2683 5209 2929 5263 Jusserat
2955 5205 3096 5260 Deus
3119 5204 3164 5236 ⁸⁵
3196 5203 3456 5258 Moabitas

1889 5320 1944 5366 et
1981 5308 2316 5364 Ammonitas
2365 5306 2417 5358 in
2471 5300 2684 5356 Domini
2714 5297 2997 5352 ecclesiam
3048 5311 3153 5349 tton
3195 5289 3408 5362 ingredi
3442 5310 3455 5345 :

1891 5399 2132 5455 desolata
2180 5397 2345 5467 igitur
2387 5392 2742 5461 .lerosolyma,
2773 5385 3003 5458 ingressi
3035 5393 3164 5441 sunt
3197 5379 3461 5451 templum

1893 5500 1948 5544 et
1975 5491 2076 5559 ipsi
2105 5507 2118 5543 :
2147 5486 2500 5557 spiritualiter
2522 5498 2675 5546 vero,
2701 5480 2928 5549 impurae
2969 5478 3214 5549 quadam
3252 5474 3458 5547 cogitu-

1896 5581 2074 5633 tiones
2103 5579 2156 5632 in
2185 5579 2298 5634 loca
2325 5575 2518 5630 animae
2549 5581 2761 5628 secreta
2788 5577 3166 5642 penetrarunt.
