3876 6304
272 260 382 319 ’733

1280 274 1744 335 FRAGMENTA
1786 275 1867 334 ΙΝ
1907 277 2177 335 JEREM.
2219 278 2547 337 LAMENT.

3425 283 3532 347 ’131

270 371 653 462 ἁμαρτήματα
709 374 1012 442 συνήγαγεν
1075 377 1154 440 εἰς
1225 379 1305 444 ἓν,
1361 381 1517 436 ἅτινα
1613 385 1842 455 πατήσας

1967 385 2108 440 mina
2140 388 2197 439 in
2226 403 2394 441 unum
2423 385 2667 457 collegit;
2699 403 2819 457 quae
2845 389 3062 444 calcans
3092 390 3277 444 viuum
3307 408 3534 462 expres-

264 459 676 534 ἑποίησενοῐνον
697 483 710 495 ·
734 483 802 518 πε
811 468 864 534 ρί
880 461 942 520 οῦ
976 484 1139 536 φησιν
1155 471 1182 521 6
1203 470 1526 543 Ψαλμῳδὸς,
1545 475 1624 528 ὅτι
1663 475 1851 541 [Ioni-

259 572 408 624 ριον
458 555 530 607 ἐν
561 556 711 624 χειρὶ
747 557 969 624 Κυρίου
1018 559 1192 614 οἴνου
1246 562 1525 630 ἀκράτου.
1569 565 1844 622 τουτέστιν

261 646 463 715 ὀργῆς.
496 647 888 717 Ἐξεταζόμενα
911 651 1019 718 γὰρ
1049 650 1118 703 τὰ
1137 653 1530 723 ἁμαρτήματα,
1549 657 1643 708 καὶ
1663 656 1851 727 ὥσπερ

266 738 667 806 ὲκθλιϐόμενα,
698 739 849 792 θείαν
877 741 1044 812 ὀργὴν
1065 743 1484 810 ἀποστάζουσιν,
1506 746 1575 816 ἢν
1602 746 1852 810 ποτίζον-

263 843 364 880 ται
400 829 448 880 οἱ
479 828 909 898 ἁμαρτάνοντες,
1695 839 1701 846 ”

353 940 372 973 ι
424 919 484 973 '0
513 920 793 991 ὀφθαλμός
839 940 942 991 μου
989 925 1308 994 κατήγαγεν
1344 925 1508 998 ὕδωρ.
1543 947 1564 980 ι
1618 928 1691 980 Τὸ
1731 927 1850 980 δια-

262 1012 521 1082 νοητικδν
565 1015 663 1084 τῆς
713 1013 895 1082 ψυχῆς
926 1015 1128 1082 τρόπον
1153 1016 1275 1070 τινὰ
1301 1019 1566 1092 δακρύει,
1604 1020 1696 1072 καὶ
1726 1022 1850 1072 ἑπι-

264 1103 520 1168 στενὰζει
548 1107 662 1166 τοῖς
693 1105 1115 1175 ἁμαρτήμασιν.

352 1215 371 1248 ι
390 1196 449 1249 ’0
475 1196 822 1265 ἐπιστρέφων
841 1196 1021 1267 ψυχήν
1055 1215 1176 1267 μου.
1214 1219 1232 1251 ι
1276 1201 1418 1269 Πρὸς
1454 1202 1552 1272 μὲν
1573 1203 1635 1255 τὸ
1660 1203 1849 1273 ῥητὸν,

261 1287 354 1338 ὅτι
386 1287 544 1358 μέχρι
581 1287 675 1340 νῦν
712 1289 953 1343 Ἰουδαῖοι
983 1291 1396 1360 ταλαιπωροῦσι
1425 1333 1441 1356 ,
1483 1293 1618 1362 πρὸς
1645 1293 1702 1345 δὲ
1739 1293 1852 1344 διὰ-

262 1397 442 1444 νοιαν,
466 1382 494 1432 6
519 1380 716 1448 τρόπος
747 1384 846 1450 τῆς
881 1384 1104 1453 μνήμης
1135 1383 1229 1436 τοῦ
1263 1382 1420 1449 Θεοῦ,
1443 1387 1471 1436 ὁ
1500 1385 1849 1454 ἐπιστρέφων

261 1470 372 1541 τὴν
396 1470 572 1541 ψυχὴν
601 1476 663 1526 ἐκ
695 1472 928 1528 Θανάτου
961 1475 1042 1537 είς
1069 1476 1234 1545 ζωήν.

344 1588 361 1615 ι
417 1564 698 1630 Ἐγένοντο
731 1565 782 1617 oi.
810 1565 917 1618 υἱοί
961 1582 1084 1635 μου.
1127 1585 1146 1617 ι
1201 1568 1266 1618 Ai
1306 1567 1557 1636 διάφοροι
1597 1565 1826 1636 πράξεις

262 1653 369 1706 τοῦ
421 1655 616 1726 ἐχθροῦ
671 1655 829 1725 ἡμῶν
877 1657 1123 1710 διαϐόλου
1175 1657 1636 1728 ἐπικρατεστέρου
1707 1676 1851 1726 γινο-

266 1747 458 1816 μένου.

349 1856 366 1888 ι
397 1839 693 1891 Διεπέτασε
724 1838 882 1893 Σιών.
916 1859 934 1890 ι
971 1839 1105 1892 Ὑπὸ
1139 1839 1454 1910 ἐκπλήξεως
1509 1843 1849 1912 παρειμένας

262 1928 397 1998 ἔσχε
424 1930 521 1991 τὰς
547 1934 756 2001 χεῖρας,
787 1931 965 1992 πάσας
991 1931 1201 1998 ἀγαθὰς
1226 1931 1432 2002 ῥίψασα
1449 1933 1699 2006 πράξεις’.

346 2037 364 2069 ι
403 2019 517 2072 Οὐκ
542 2023 690 2073 ἐστιν
725 2022 752 2072 ό
794 2021 1130 2090 παρακαλῶν
1154 2022 1347 2092 αὐτήν.
1393 2040 1410 2072 ι
1453 2024 1526 2076 Οὐ
1557 2025 1743 2094 νόμος,
1785 2028 1845 2078 οὐ

261 2109 576 2179 “mitti:-

347 2217 364 2248 ι
414 2197 748 2250 Ἑνετείλατο
777 2198 1002 2268 Κύριος.
1041 2216 1058 2247 ι
1094 2199 1494 2269 Παρήγγειλε,
1522 2202 1656 2272 φησὶ
1681 2243 1694 2266 ,
1735 2203 1848 2256 Κύ-

257 2306 414 2353 ριος.
443 2288 566 2340 Ὅτι
597 2287 783 2358 κύκλῳ
815 2291 951 2341 εἰσὶν
982 2291 1031 2341 οἰ
1065 2290 1340 2354 θλίϐοντές
1378 2309 1434 2344 σε
1456 2332 1469 2356 ,
1501 2294 1692 2362 νῆψονο
1733 2294 1759 2344 6
1787 2293 1845 2345 δὲ

259 2381 350 2449 είς
379 2379 653 2449 ρᾳθυμίαν
694 2379 989 2444 ἐξέκλινεν.
1026 2383 1095 2434 ’Ἡ
1125 2382 1332 2444 οὕτως·
1379 2384 1600 2455 Ἐντολὴ
1639 2385 1842 2454 Κυρίου

261 2471 468 2538 φησίνο
515 2471 659 2525 Ἰδοὺ
708 2473 942 2540 τέθεικα
989 2476 1101 2543 πρὸ
1149 2476 1476 2543 προσώπου
1522 2475 1690 2545 ὐμιῖη⁸
1729 2476 1844 2544 τὴν

260 2563 457 2630 ζωὴν,
488 2563 588 2616 καὶ
627 2564 732 2618 τὸν
767 2564 1044 2618 θάνατον.
1097 2566 1316 2638 Ἐπειδὴ
1353 2568 1534 2620 τοίνυν
1569 2566 1843 2620 ἁνθείλετο

260 2655 367 2723 τῆς
400 2651 544 2721 ζωῆς
574 2653 666 2706 τὸν
699 2652 929 2706 θάνατον
952 2655 980 2704 6
1015 2652 1226 2718 Ἰακὼϐ,
1256 2654 1505 2722 ἐγένοντο
1531 2653 1717 2722 κύκλῳ
1745 2653 1844 2704 αὺ-

261 2743 363 2797 τοῦ
394 2745 444 2796 οί
475 2743 754 2807 θλίϐοντες
786 2745 968 2799 αὐτόν.

343 2850 360 2882 ι
394 2831 485 2893 Et;
540 2833 994 2902 ἀποκαθημένην.
1039 2850 1055 2884 ι
1111 2835 1257 2887 Ἀντὶ
1313 2834 1441 2888 τοῦθ
1485 2835 1654 2905 ’Υπὲρ
1717 2837 1844 2898 τοὺς

264 2922 522 2993 ἐχθροὺς,
554 2917 628 2976 ὧν
672 2924 730 2975 ἐν
777 2922 932 2993 μέσῳ
973 2924 1253 2993 τυγχάνει,
1301 2924 1565 2996 βδελυκτὴ
1597 2925 1839 2992 γέγονεν.

1960 477 2022 531 sit
2044 497 2057 544 ;
2079 479 2149 550 de
2179 495 2288 547 quo
2317 478 2607 534 Psalmista
2640 498 2652 532 :
2688 479 2844 534 Catia:
2888 483 2940 534 in
2984 499 3145 535 manu
3182 483 3394 536 Domini
3424 490 3529 544 vini

1957 571 2086 624 meri
2114 570 2179 634 ",
2211 571 2263 624 id
2298 581 2380 624 est
2410 571 2523 624 iraa
2547 571 2837 642 Disquisita
2870 575 3014 626 enim
3052 584 3296 644 peccata,
3327 585 3382 629 et
3410 577 3530 629 vel-

1959 660 2036 712 uti
2093 659 2321 722 calcata,
2353 660 2594 715 divinam
2643 661 2908 717 distillant
2953 664 3110 729 iram,
3134 681 3294 735 quam
3339 680 3532 735 pecca-

1959 755 2104 803 tores
2137 749 2350 803 bibunt.

2027 929 2091 984 ν.
2128 929 2214 983 16.
2260 949 2278 979 ι
2313 927 2515 983 Oculus
2555 943 2708 984 meus
2752 928 2977 984 deduxit
3017 944 3235 998 aquam.
3271 947 3292 980 ο
3331 929 3524 984 Facul-

1959 1025 2041 1071 tas
2077 1018 2272 1072 animae
2297 1017 2711 1086 contemplatrix
2748 1019 3148 1087 quodammodo
3177 1020 3523 1089 lacrymatur,

1958 1117 2014 1160 et
2043 1108 2266 1178 ingemit
2295 1122 2460 1175 super
2493 1109 2753 1175 peccatis.

2032 1219 2050 1250 ι
2069 1201 2402 1252 Convertens
2417 1199 2651 1252 animam
2671 1213 2864 1252 meam.
2879 1219 2896 1249 ι
2924 1200 3003 1253 Ad
3025 1199 3259 1254 litteram
3280 1201 3524 1270 quidem,

1956 1290 2098 1360 quod
2152 1291 2433 1357 hucusque
2479 1287 2649 1342 Judaei
2700 1290 2900 1344 misere
2946 1301 3154 1360 agunt:
3190 1306 3352 1345 sensu
3397 1306 3526 1345 vero

1957 1382 2222 1443 interiori,
2265 1379 2598 1448 propositum
2627 1381 2904 1435 memoriae
2935 1381 3029 1435 Dei
3065 1391 3393 1436 convertens
3417 1383 3526 1434 ani-

1957 1485 2099 1526 mam
2135 1473 2200 1524 de
2230 1479 2406 1524 morte
2434 1469 2499 1522 ad
2532 1469 2715 1523 vitam.

2033 1582 2052 1614 ε
2094 1562 2243 1616 Facti
2283 1571 2414 1615 sunt
2451 1560 2545 1615 ﬁlii
2573 1561 2699 1614 mei.
2742 1580 2760 1612 ι
2813 1561 3034 1615 Diversa
3078 1575 3260 1629 opera,
3304 1560 3526 1613 inimico

1956 1665 2148 1709 nostro
2174 1655 2388 1708 diabolo
2418 1652 2768 1723 praevalente.

2025 1836 2205 1890 v.17.
2249 1855 2264 1885 ι
2302 1835 2570 1905 Expandit
2621 1834 2770 1888 Sion.
2803 1855 2821 1887 ι
2887 1835 3003 1891 Pra:
3049 1848 3272 1905 stupore
3319 1836 3526 1890 solutas

1955 1928 2142 1982 habuit
2170 1941 2387 1988 manus,
2416 1927 2672 1980 omnibus
2699 1927 2925 1996 abjectis
2956 1927 3263 1981 actionibus
3292 1927 3468 1980 bonis.
3541 1970 3544 1974 .

2027 2037 2044 2067 ι
2088 2019 2153 2072 Et
2181 2032 2290 2074 non
2323 2028 2407 2073 est
2430 2018 2520 2087 qui
2547 2019 2860 2072 consoletur
2900 2033 3040 2072 eam.
3077 2038 3094 2068 ι
3130 2018 3244 2070 Νοιι
3282 2018 3386 2079 lex,
3416 2034 3524 2070 non

1951 2109 2237 2180 propheta.

2023 2221 2040 2252 ι
2078 2200 2354 2256 Mandavit
2395 2200 2679 2255 Dominus.
2716 2220 2734 2251 ι
2783 2201 3072 2262 Mundam,
3108 2199 3203 2262 ait,
3247 2199 3519 2252 Dominus.

1949 2294 2216 2361 Quoniam
2259 2294 2316 2348 in
2365 2293 2598 2348 circuitu
2643 2291 2888 2361 suntqui
2936 2292 3251 2360 opprimunt
3290 2304 3360 2354 te,
3393 2305 3525 2342 cau-

1947 2397 2035 2444 tus
2060 2395 2213 2451 esto;
2252 2386 2343 2441 ille
2375 2400 2502 2440 vero
2524 2385 2811 2455 segnitiem
2846 2387 3066 2439 amavit.
3099 2383 3192 2438 Vel
3223 2385 3333 2438 sic:
3375 2383 3524 2436 Man-

1947 2481 2135 2533 datum
2164 2477 2383 2531 Domini
2424 2476 2535 2529 ait:
2565 2475 2699 2529 Ecce
2728 2477 2878 2543 posui
2921 2485 3042 2528 ante
3077 2477 3264 2545 faciem
3296 2485 3523 2527 vestram

1945 2574 2110 2627 vitam
2153 2581 2200 2624 et
2229 2578 2448 2624 mortem
2475 2568 2542 2620 ⁵³.
2589 2568 2855 2631 Quoniam
2898 2568 3064 2636 igitur
3095 2566 3262 2620 Jacob
3288 2565 3524 2633 pra-tulit

1945 2666 2069 2718 vita:
2100 2673 2349 2723 mortem,
2383 2661 2508 2715 facti
2555 2668 2683 2714 sunt
2721 2661 2773 2712 in
2812 2659 3044 2713 circuitu
3076 2659 3194 2725 ejus
3220 2657 3522 2726 aﬂligentcs

1947 2771 2092 2808 eum.

2021 2863 2038 2894 ι
2065 2844 2226 2909 Quasi
2255 2844 2457 2913 polluta
2478 2843 2776 2897 menstruis
2802 2842 2854 2894 in
2880 2841 3062 2894 medio
3086 2854 3328 2892 eorum.»
3355 2835 3522 2902 Quasi

1945 2937 2150 2991 diceret
2179 2953 2192 2987 :
2224 2935 2513 3004 Plusquam
2552 2933 2788 2987 inimicis
2828 2932 2964 3001 ipsis
2998 2944 3230 3000 quorum
3261 2928 3312 2981 in
3341 2927 3524 2981 medio

265 3019 379 3069 Καὶ
432 3018 604 3082 οὕτως
668 3017 809 3087 μετά
858 3018 958 3089 τὴν
995 3020 1373 3089 αἰχμαλωσίαν
1418 3021 1634 3091 ἔμεινεν
1678 3021 1735 3072 ἐν
1775 3022 1839 3090 τῇ

1967 3037 2050 3093 εει,
2079 3028 2459 3083 abominabilis
2497 3026 2635 3080 facta
2664 3034 2767 3080 est.
2800 3025 2862 3077 Et
2891 3025 2969 3077 sic
2997 3032 3118 3092 post
3148 3021 3522 3091 captivitatem

266 3111 376 3182 ἰδίᾳ
406 3110 740 3182 ἀκαθαρσίᾳ,
771 3111 846 3182 μὴ
878 3112 1232 3182 μετανοοῦσα.

343 3222 362 3253 ι
393 3204 659 3257 Ἐκάλεσα
682 3206 790 3275 γὰρ
813 3206 942 3266 τοὺς
966 3205 1206 3275 ἐραστάς
1239 3222 1366 3274 μου.
1408 3225 1426 3256 ι
1457 3205 1718 3278 Ἐρασταὶ
1743 3207 1844 3259 αὑ-

262 3292 367 3360 τῆς
407 3293 892 3364 ψευδοπροφῆται,
925 3295 1016 3346 καὶ
1040 3295 1434 3364 τερατοσκόποι
1454 3336 1468 3358 ,
1503 3296 1598 3347 καὶ
1628 3297 1677 3347 oi
1708 3297 1846 3350 ἀκά-

264 3386 458 3456 θαρτοι
500 3386 776 3455 δαίμονες.
834 3386 1096 3456 Ἐρασταὶ
1139 3386 1196 3438 δὲ
1232 3385 1404 3455 αὐτῆς
1447 3387 1769 3452 καλοῦνται,
1812 3388 1843 3458 ἢ

260 3483 348 3534 ὃτι
381 3482 520 3551 αὐτὴ
550 3481 652 3552 ὲρᾷ
685 3481 784 3550 τῆς
813 3481 994 3532 αὐτῶν
1027 3481 1264 3552 ἀπάτης,
1299 3483 1330 3552 ἢ
1365 3483 1445 3534 ὅτι
1470 3470 1628 3534 αὐέοὶ
1663 3499 1845 3554 ,προσ-

264 3575 587 3642 ποιούμενοι
621 3573 793 3640 φιλεῖν
832 3574 1028 3643 αὐτὴν,
1069 3575 1164 3642 τῆς
1196 3574 1346 3637 θείας
1394 3575 1565 3645 ὀργῆς
1597 3574 1844 3642 ἐγένοντο

267 3665 524 3735 πρόξενοι
549 3705 564 3729 ,
601 3665 751 3717 οὐδὲν
783 3665 922 3736 αὐτῇ
959 3666 1281 3735 δυνηθέντες
1329 3667 1629 3734 ἐπαμῦναι.
1675 3667 1844 3719 Τοῦτο

264 3761 379 3830 γὰρ
412 3758 669 3829 σημαίνει
707 3759 788 3824 τὸ,
819 3760 1310 3828 Παρελογίσαντό
1326 3777 1421 3828 με.

341 3959 360 3991 ι
401 3941 464 3993 Οἱ
509 3941 674 4008 ἱερεῖς
709 3955 830 4008 μου.
890 3955 907 3987 ι
949 3935 1138 3989 Ταῦτα
1191 3935 1291 4003 μὲν
1339 3938 1396 3988 ὲν
1440 3939 1508 4006 τῇ
1558 3937 1843 4006 πολιορκίᾳ

264 4033 488 4102 συνέϐη.
515 4032 657 4101 Πρὸς
692 4031 749 4083 δὲ
783 4031 1048 4093 διάνοιαν,
1097 4028 1147 4080 οἱ
1178 4027 1516 4089 διδάσκαλοι,
1550 4029 1601 4078 οἱ
1638 4028 1842 4091 ἀνάξιοι

262 4125 355 4178 τοῦ
389 4123 549 4192 λόγου
578 4121 672 4176 τοῦ
705 4121 841 4173 Θεοῦ
865 4119 1172 4192 κριθέντες,
1199 4118 1249 4169 oi
1280 4119 1377 4188 τῆς
1409 4118 1520 4171 τῶν
1552 4117 1696 4170 λαῶν
1734 4136 1842 4170 σω-

260 4217 458 4286 τηρίας
518 4214 593 4284 μὴ
643 4213 827 4265 πιστοὶ
857 4211 1132 4280 οἰκονόμοι
1188 4210 1493 4278 γενόμενοι,
1546 4211 1644 4280 οὐχ
1688 4205 1842 4280 εὖρον

261 4299 390 4370 τοὺς
416 4304 862 4373 διδασκομένους.
889 4304 1088 4365 οἵτινές
1119 4303 1260 4355 εἰσιν
1281 4303 1462 4356 αὐτῶν
1499 4302 1722 4372 βρῶσις,
1747 4303 1840 4355 τοῦ

263 4396 393 4452 λαοῦ
427 4395 913 4464 συνολισθήσαντος
937 4397 1002 4463 τῇ
1028 4392 1137 4446 τῶν
1157 4393 1497 4447 διδασκάλων
1526 4393 1767 4464 ἀσεϐείᾳ.

342 4505 361 4539 ι
415 4485 479 4539 Ἡ
505 4485 684 4538 κοιλία
707 4501 830 4554 μου.
873 4503 889 4533 ι
936 4484 1086 4536 ’Λντὶ
1111 4482 1225 4548 τοῦ,
1252 4483 1512 4538 πάντατὰ
1541 4484 1693 4546 ἐντός
1716 4501 1836 4554 μου.

266 4577 460 4628 Κοιλία
487 4575 545 4627 δὲ
567 4575 662 4628 καὶ
705 4571 920 4644 καρδία,
953 4571 1098 4625 κατὰ
1125 4572 1252 4636 τοὺς
1285 4573 1498 4642 τροπῆς
1525 4574 1745 4642 νόμους,
1784 4574 1839 4624 αἱ

263 4667 578 4722 ἁναδοτικα“ι
643 4666 734 4718 καὶ
772 4665 1003 4730 ζωτικαὶ
1026 4664 1125 4735 τῆς
1158 4664 1334 4734 ψυχῆς
1365 4664 1646 4734 δυνάμεις,
1679 4663 1744 4717 δι’
1766 4659 1839 4718 ὧν

264 4761 435 4830 αὐτῆς
468 4758 726 4829 τρέφεται
750 4758 843 4808 καὶ
869 4756 1208 4826 γυμνάζεται
1237 4755 1306 4807 τὰ
1337 4755 1694 4825 αἰσθητήρια.

344 4961 364 4993 ε
401 4941 640 5006 Ἕξωθεν
695 4938 971 5010 ὴτέκνωσέ
1021 4954 1087 5005 με
1143 4936 1411 5004 μάχαιρα.
1473 4955 1488 4985 ι
1550 4934 1694 5000 Πρὸς
1745 4935 1841 5003 μὲν

268 5034 535 5102 ἱστορίαν,
573 5033 699 5095 τοὺς
729 5035 794 5084 ἐκ
828 5030 923 5100 τῆς
965 5025 1285 5096 πολιορκίας
1335 5025 1579 5088 ἐξιόντας
1610 5026 1844 5095 ἀνῄρουν

270 5127 320 5179 οἱ
337 5124 594 5194 Ῥωμαῖοι
610 5142 622 5155 '
645 5125 778 5193 πρὸς
795 5123 850 5174 δὲ
871 5121 1131 5179 διάνοιαν,
1153 5119 1214 5171 Ἡ
1230 5118 1337 5170 τῶν
1352 5118 1597 5187 ἀοράτων
1613 5117 1706 5186 έχθ
1715 5117 1843 5186 ρῶν,

270 5219 459 5289 φησὶν,
491 5218 677 5284 ἔφοδος
709 5215 928 5280 ἔξωθεν,
978 5213 1256 5266 τουτέστιν
1312 5214 1371 5264 οὗ
1405 5211 1656 5282 συμφυὴς
1716 5213 1845 5280 ἡμῖν

267 5311 427 5374 οὖσα,
461 5309 639 5364 ἀνεῖλέ
688 5326 787 5378 μου
839 5309 966 5370 τοὺς
1004 5306 1244 5373 ἀγαθοὺς
1289 5303 1588 5372 λογισμούς
1611 5323 1623 5335 ·
1657 5303 1845 5374 ὥσπερ

266 5402 482 5460 ἔνδοθεν
508 5404 543 5471 ἡ
567 5401 665 5470 τῆς
689 5401 1059 5470 προαιρέσεως
1084 5398 1240 5468 ἡμῶν
1263 5399 1355 5450 ἐπὶ
1373 5399 1432 5450 τὸ
1451 5401 1630 5468 χεῖρον
1659 5397 1802 5466 ὁρμή
1825 5413 1837 5426 ο

265 5498 427 5551 τοῦτο
452 5510 564 5564 γαρ
593 5491 742 5561 δηλοῖ
765 5489 1014 5554 θάνατος
1049 5490 1118 5540 ἐν
1150 5489 1310 5552 οἴκῳ.

345 5696 387 5728 δ’
417 5691 559 5748 Psal.
589 5703 768 5754 ιχχιν,
802 5687 853 5740 9.
931 5686 972 5717 ’⁵³
1007 5685 1162 5738 Deut.
1197 5699 1319 5748 nx,
1349 5681 1433 5738 19.

1949 3120 2002 3174 in
2032 3135 2128 3174 sua
2161 3119 2362 3173 mansit
2393 3117 2757 3180 itnmunditia,
2803 3115 3173 3184 pmnitentiam
3199 3129 3310 3168 non
3333 3127 3520 3181 agens.

2016 3210 2079 3263 ν.
2120 3210 2204 3264 19.
2253 3227 2272 3259 ι
2307 3207 2505 3262 νοωνὶ
2548 3207 2694 3261 enim
2759 3215 3030 3258 amatores
3065 3215 3235 3257 meos.
3278 3221 3296 3253 ι
3347 3205 3520 3254 Ama-

1948 3311 2094 3356 tores
2117 3299 2236 3369 ejus
2255 3305 2380 3352 sunt
2415 3295 2924 3366 psi'udoprophetas,
2953 3292 3321 3362 prodigiorum
3350 3290 3521 3344 inter-

1946 3401 2148 3464 pretes,
2183 3401 2237 3445 et
2286 3389 2484 3458 impuri
2534 3388 2830 3442 daemones.
2861 3385 3143 3438 Amatores
3171 3398 3302 3436 vero
3330 3381 3522 3435 dicun-

1948 3497 2054 3542 tur,
2089 3483 2172 3535 vel
2218 3481 2360 3552 quod
2402 3481 2518 3550 ipsa
2550 3478 2920 3535 seductionctn
2943 3490 3132 3529 eorum
3172 3481 3398 3533 amaret,
3438 3471 3520 3524 vel

1945 3579 2088 3648 quod
2118 3576 2193 3629 illi
2221 3575 2542 3628 simulantes
2577 3588 2636 3626 se
2676 3571 2823 3625 illius
2852 3582 3035 3622 amore
3068 3566 3261 3629 teneri,
3281 3564 3518 3618 divinam

1946 3672 1999 3725 in
2027 3684 2146 3723 eam
2177 3667 2521 3721 concitarunt
2564 3663 2722 3724 iram,
2749 3675 2874 3714 cum
2918 3660 3060 3714 ferre
3088 3658 3162 3713 illi
3186 3657 3387 3710 nullam
3422 3670 3521 3723 po-

1945 3763 2177 3816 tuissent
2209 3773 2404 3829 opem:
2435 3755 2486 3811 id
2527 3754 2672 3809 enim
2713 3751 2984 3824 signiﬁcat
3021 3765 3123 3804 vox
3149 3749 3257 3811 illa,
3298 3747 3522 3814 Dec-epe-

1945 3864 2067 3908 runt
2109 3869 2208 3905 me.

2021 3931 2049 3997 ι
2080 3941 2402 3997 Sacerdotes
2428 3936 2556 3991 mei.
2591 3955 2609 3987 ι
2630 3934 2758 3988 Haec
2780 3932 2999 4002 quidem
3026 3931 3079 3984 in
3109 3931 3224 3999 ipsa
3238 3928 3520 3983 obsidione

1945 4042 2263 4091 evenerunt.
2289 4031 2509 4100 Mystice
2536 4043 2684 4089 vero.
2710 4025 2962 4080 doctores
2988 4022 3155 4077 verbo
3184 4021 3274 4075 Dei
3311 4021 3518 4090 indigni

1939 4126 2188 4198 iudicati,
2221 4124 2312 4192 qui
2372 4119 2561 4175 salutis
2591 4117 2918 4188 populorum
2964 4129 3074 4169 non
3137 4113 3322 4167 ﬁdeles
3369 4110 3520 4165 fuere

1943 4222 2367 4288 dispensatores,
2386 4227 2493 4266 non
2523 4211 2853 4265 invenerunt
2880 4205 3238 4264 erudiendos,
3261 4203 3351 4274 qui
3387 4213 3520 4258 sunt

1942 4312 2098 4365 cibus
2129 4322 2340 4370 eorum,
2369 4305 2607 4372 collapso
2628 4302 2739 4371 jam
2763 4299 2966 4370 populo
2994 4313 3103 4351 una
3131 4311 3257 4351 cum
3315 4310 3518 4364 praece-

1879 4391 1918 4443 Ι)
1949 4411 2163 4470 ptorum
2191 4397 2491 4467 impietate.

2017 4491 2080 4547 ν.
2107 4492 2198 4546 9.0.
2232 4508 2250 4542 ι
2283 4489 2482 4544 Venter
2542 4501 2717 4540 meus.
2750 4503 2769 4535 ι
2811 4483 2923 4538 Hoc
2945 4491 3048 4543 est.
3077 4482 3259 4537 omnia
3311 4479 3519 4533 viscera

1946 4583 2290 4642 mea.Venter
2307 4590 2487 4635 autem
2519 4587 2575 4632 et
2615 4593 2732 4642 eor,
2775 4576 3078 4631 secundum
3132 4575 3348 4642 regulas
3387 4573 3522 4640 ligu-

1946 4687 2077 4730 ratae
2101 4671 2411 4733 locutionis,
2428 4666 2826 4723 distributrices
2863 4673 2993 4719 sunt
3020 4674 3077 4720 et
3102 4665 3295 4718 vitalcs
3326 4663 3520 4714 animze

1947 4767 2253 4825 facultates,
2283 4774 2382 4828 per
2437 4771 2572 4826 quas
2636 4755 2856 4814 aluntur
2897 4761 2952 4806 et
3011 4761 3336 4806 exercentur
3398 4752 3518 4819 ejus

1939 4855 2207 4914 sensoria.

2019 4970 2036 5001 ι
2075 4944 2228 5002 Foris
2255 4941 2466 4995 orbavit
2491 4953 2578 4994 me
2609 4937 2733 4992 ﬁliis
2753 4937 2993 5008 gladius.
3029 4957 3049 4988 ι
3085 4937 3163 4991 Ad
3197 4933 3515 4989 historicum

1942 5035 2159 5108 quidem
2185 5043 2428 5093 sensum,
2458 5041 2522 5083 ex
2557 5026 2843 5082 obsidione
2871 5026 3142 5097 fugientes
3177 5023 3520 5093 perimebant

1943 5123 2208 5186 Romani;
2271 5122 2337 5174 ad
2369 5133 2590 5174 sensum
2654 5133 2786 5171 vero
2818 5117 3084 5180 altiorem,
3149 5113 3516 5176 hostium,in-

1951 5216 2087 5286 quit,
2130 5211 2481 5267 invisibilium
2510 5208 2740 5279 irruptio
2777 5208 2925 5270 foris,
2957 5207 3006 5260 id
3065 5216 3167 5268 est,
3198 5219 3306 5257 non
3352 5203 3514 5257 insita

1952 5308 2108 5361 nobis
2166 5321 2194 5358 a
2243 5314 2457 5363 natura,
2490 5302 2659 5354 bonas
2692 5298 3046 5370 cogitationes
3072 5297 3204 5351 mihi
3247 5292 3510 5365 peremit;

1950 5395 2574 5466 quemadmodumintus
2600 5393 2888 5443 τοιειιιιςιιὶς
2920 5399 3118 5448 nostra:
3184 5385 3249 5441 ad
3313 5386 3506 5442 malum

1954 5497 2231 5537 assensus.
2265 5478 2373 5535 lloe
2402 5481 2543 5536 enim
2573 5480 2673 5535 sibi
2702 5480 2811 5533 vult
2843 5498 2978 5534 mors
3010 5483 3170 5538 duini.
