3876 6304
416 312 518 376 735

484 423 550 479 Υ.
575 421 666 477 21.
703 440 723 472 ι
752 419 955 476 Ornnes
973 421 1180 475 inimici
1211 421 1342 474 mei.
1379 440 1398 472 ι
1431 419 1646 474 lnimici
1679 419 1986 473 animceim-
2019 421 2064 476 Α

421 513 543 584 puri
565 513 840 568 daemones
868 523 1016 575 sunt,
1049 512 1142 580 qui
1177 520 1231 565 et
1255 521 1526 565 amatores
1557 512 1678 579 ejus
1711 512 1989 564 dicuntur.

1497 305 2015 366 OLYMPIODOlll
2050 303 2347 362 ALEXAN
2357 302 2489 362 DRI
2499 301 2545 360 N
2555 301 2582 358 Ι

3597 291 3704 352 πε

2168 434 2186 466 ι
2231 416 2438 477 Πάντες
2468 415 2518 466 οἱ
2548 411 2734 482 ἐχθροί
2771 426 2892 481 μου.
2940 428 2956 461 ι
3010 409 3230 480 Ἑχθροὶ
3273 407 3377 477 τῆς
3420 406 3616 478 ψυχῆς
3647 424 3681 457 ο

2095 507 2397 576 ἀκάθαρτοι
2431 505 2708 575 δαίμονες,
2739 503 2940 564 οἵτινες
3000 502 3094 553 καὶ
3138 499 3372 564 ἐρασταὶ
3400 499 3586 567 αὐτῆς
3620 499 3700 550 λέ-

419 603 554 659 Nam
575 619 696 658 cum
721 605 903 658 hostes
931 603 1061 666 sint,
1081 618 1262 656 amare
1289 603 1574 666 simulant;
1598 603 1689 672 qui
1711 613 1993 672 postquam

2138 615 2305 650 ονται.
2340 597 2450 649 Καὶ⁸
2475 595 2584 663 γὰρ
2615 591 2804 662 ἐχθροὶ
2831 591 3007 656 ὄντες,
3041 592 3175 660 ὲρᾷν
3219 589 3663 661 προσποιοῦνται
3683 606 3698 619 ο

419 695 489 750 ad
517 703 793 765 peccatum
819 694 1193 763 perduxerint,
1226 694 1472 748 demoliri
1507 709 1723 763 quoque
1754 709 1875 747 eam
1900 699 1995 764 ag-

2138 690 2290 750 ἷτινες
2339 687 2477 756 μετά
2501 686 2559 739 τὸ
2585 685 2806 754 ποιῆσαι
2829 683 3166 754 ἁμαρτάνειν
3215 685 3312 736 καὶ
3339 681 3698 753 ἐπιχειροῦσι

424 788 768 859 grediuntur.

501 897 520 930 ‹
543 877 823 931 Adduxisti
854 877 1016 930 diem.
1044 896 1062 928 ι
1107 875 1431 931 Punitionis.

501 986 519 1019 ι
563 965 676 1020 Heu
711 966 866 1028 mihi,
899 967 1003 1019 heu
1040 965 1192 1020 mihi.
1227 985 1246 1016 ι
1309 964 1583 1035 Repetitio
1604 966 1805 1021 doloris
1835 968 2000 1022 velte.

423 1058 685 1112 mentiam
719 1058 1006 1126 signiﬁcat.

497 1147 560 1201 V.
591 1149 682 1202 22.
722 1166 740 1198 ι
781 1149 1121 1218 lngrediatur
1158 1149 1357 1203 omnis.
1399 1167 1418 1199 ι
1484 1146 1623 1214 Fiat,
1664 1150 1860 1220 inquit,
1915 1150 2000 1204 in-

426 1237 646 1306 quisitio
665 1239 1032 1308 prementium
1063 1253 1148 1293 me
1173 1240 1478 1294 secundum
1499 1241 1787 1296 veritatem
1822 1251 1997 1296 tuam.

428 1329 616 1384 Facies
640 1331 787 1383 enim
820 1330 912 1384 Dei
946 1331 1143 1385 veritas
1173 1341 1278 1386 est.

505 1439 523 1472 ι
562 1419 854 1475 Vindemio
883 1436 997 1476 eos.
1032 1441 1050 1472 ι
1076 1421 1355 1476 Racemuli
1408 1431 1538 1477 sunt
1591 1423 1786 1477 minuti
1837 1424 2000 1490 botri,

429 1509 525 1578 qui
546 1523 925 1576 smpenumero
957 1510 1380 1565 vindemiatores
1419 1512 1705 1582 etIugiuut.
1738 1513 1840 1578 Qui
1871 1529 2002 1585 ergo

430 1599 686 1668 reliquias
704 1600 979 1670 colligunt,
1013 1601 1130 1656 illos
1187 1603 1524 1658 vindemiant
1563 1605 1774 1660 curiosa
1812 1607 2002 1676 exqui-

431 1685 629 1740 sitione
655 1686 792 1741 vites
821 1691 1188 1758 explorantes.
1225 1692 1381 1745 Sicut
1419 1692 1695 1760 igitur'me
1730 1697 2003 1751 dagmones

2098 783 2164 850 τῇ
2199 779 2368 846 αὐτῆς
2399 775 2628 830 πτώσει.

2176 890 2194 922 ε
2243 868 2556 938 Ἑπήγαγες
2587 866 2825 937 ἡμέραν.
2863 884 2881 917 ι
2912 865 3023 936 Τὴν
3049 865 3152 934 τῆς
3175 866 3483 929 κολάσεως.

2175 981 2194 1012 ι
2224 963 2403 1031 Οῖμοι,
2448 961 2616 1031 οἴμοι.
2653 978 2672 1010 ι
2725 959 2783 1013 Ὁ
2811 958 3209 1028 διπλασιασμὸς
3240 958 3303 1012 τὸ
3360 960 3700 1031 ἐπιτεταμέ-

2102 1072 2190 1108 νον
2219 1053 2318 1122 τῆς
2343 1054 2539 1122 ὀδύνης
2575 1053 2858 1123 σημαίνει.

2179 1166 2196 1198 ι
2237 1147 2482 1199 Εἰσέλοοι
2506 1148 2678 1199 πᾶσα.
2727 1166 2745 1198 ι
2767 1147 3007 1210 Γένοιτο,
3039 1146 3230 1216 φησὶν,
3256 1147 3288 1216 ἡ
3314 1144 3581 1209 ἐξέτασις
3595 1145 3698 1197 τῶν

2101 1237 2462 1306 ἀμυνομένων
2508 1252 2575 1304 με
2605 1239 2752 1289 κακά
2789 1235 2906 1308 [ῖσ.
2946 1235 3114 1308 κατὰ]
3147 1237 3246 1307 τὴν
3269 1236 3542 1308 ἀλήθειάν
3578 1253 3694 1290 περ·

2100 1328 2163 1382 τὸ
2192 1327 2300 1398 γὰρ
2330 1329 2622 1397 πρόσωπον
2645 1328 2737 1381 τοῦ
2759 1328 2902 1382 Θεοῦ
2931 1330 2965 1399 ἡ
3001 1329 3254 1400 ἀλήθεια.

2181 1437 2201 1470 ι
2255 1418 2674 1486 Ἐπιφύλλισσον
2731 1420 2940 1483 αὐτοῖς.
2977 1439 2996 1472 ι
3028 1417 3418 1490 Ἐπιφυλλίδες
3471 1420 3586 1473 εἰσὶ
3634 1421 3694 1473 τά

2110 1509 2282 1580 μικρᾶ
2333 1509 2606 1580 βοτρύδια,
2661 1510 2697 1564 ἃ.
2737 1511 3004 1574 πολλάκις
3050 1512 3146 1565 καὶ
3193 1513 3322 1575 τοὺς
3369 1512 3695 1582 τρυγῶντας

2107 1601 2485 1657 λανθάνουσιν.
2503 1603 2564 1656 Ol
2585 1602 2714 1669 γοῦν
2736 1603 3127 1673 καλαμὼμενοι
3146 1603 3322 1658 ταῦτα
3349 1604 3692 1669 ἐκλέγονται.

2107 1693 2354 1762 ἀκριϐῶς
2403 1695 2501 1756 τὰς
2567 1693 2847 1763 ἀμπέλους
2895 1695 3268 1760 ἐξετάζοντες.
3328 1696 3550 1765 Ὠσπερ
3605 1691 3694 1748 οὖν

431 1776 627 1830 acerbe
665 1777 1068 1846 impetiverunt,
1102 1782 1187 1835 vel
1221 1785 1361 1836 sicut
1389 1795 1652 1838 curarunt
1674 1795 1733 1840 ut
1777 1787 2007 1858 diligen-

2138 1786 2326 1854 πικρῶς
2377 1785 2639 1837 ἐπέθεντό
2699 1802 2786 1854 μοι
2825 1787 2873 1837 οἱ
2921 1785 3206 1854 δαίμονες·
3265 1787 3297 1857 ἢ
3349 1787 3444 1838 καὶ
3505 1785 3691 1854 ῶσπερ

435 1875 518 1920 ter
564 1868 932 1937 inquireretur
979 1873 1032 1925 in
1073 1883 1292 1941 peccata
1353 1890 1472 1928 mea
1521 1878 2007 1948 pseudOpropltetaa

434 1966 488 2011 et
515 1961 963 2032 pseudomagistri
994 1965 1330 2034 decipientes
1361 1983 1468 2031 me,
1495 1969 1567 2022 ita
1603 1970 1894 2039 diligenter
1950 1973 2003 2025 in

434 2046 490 2100 in
528 2062 642 2113 eos,
677 2048 920 2114 Domine,
958 2052 1170 2122 inquire
1189 2055 1493 2108 secundum
1529 2056 1800 2124 judicium
1832 2068 2004 2112 tuum.

1103 2228 1250 2285 CAP.
1281 2230 1342 2284 ll.

503 2313 646 2370 v.1.
686 2334 703 2366 α
740 2316 1024 2382 Quomodo
1075 2322 1286 2376 obtexit
1351 2323 1599 2394 caligine.
1649 2345 1667 2378 ι
1726 2323 2010 2392 Quomodo

435 2405 582 2460 velut
608 2408 820 2462 cuidam
856 2411 1072 2481 caligini
1139 2413 1378 2468 hostium
1448 2416 1734 2486 irruptioni
1771 2419 2008 2473 tradidit.

509 2513 530 2548 ε
566 2495 798 2578 Projecit
826 2499 894 2553 de
925 2501 1065 2555 caelo
1118 2502 1173 2556 in
1215 2512 1438 2562 terram.
1471 2526 1488 2558 ι
1558 2507 1779 2562 Caelesti
1825 2525 2010 2577 parem

435 2585 732 2656 splendori,
763 2589 855 2652 ait,
882 2591 1133 2646 decorem
1167 2596 1436 2648 convertit
1457 2596 1760 2651 Jerusalem
1810 2599 1864 2652 in
1913 2601 2011 2653 de-

436 2677 622 2743 decus,
656 2681 898 2748 projecta
935 2682 1022 2735 illa
1054 2685 1122 2737 ab
1157 2685 1326 2753 ipsius
1367 2697 1628 2756 perpetua
1664 2690 2002 2745 visitatione.

513 2869 532 2902 ι
563 2852 626 2907 Et
653 2870 758 2907 non
773 2863 857 2909 est
888 2858 1224 2913 recordatus.
1251 2879 1270 2911 ι
1296 2861 1600 2917 Scabellum
1631 2863 1725 2917 Dei
1750 2867 2010 2935 templum

439 2953 613 3008 vocat,
642 2955 898 3014 tanquam
930 2947 1018 3002 Dei
1053 2952 1338 3018 praesentia
1358 2953 1424 3007 de
1451 2956 1589 3008 ccelo
1637 2955 1689 3008 in
1715 2955 1847 3009 illud
1881 2973 2010 3026 per-

440 3034 700 3106 tingente,
743 3039 828 3091 vel
857 3040 1017 3093 etiam
1039 3042 1390 3098 lsraeliticum
1417 3049 1674 3116 populum
1705 3050 1796 3116 Dei
1823 3051 2008 3120 cogni-

443 3125 588 3181 tione
618 3126 919 3198 dignatum.
959 3131 1210 3188 Tltronus
1242 3137 1442 3205 quippe
1478 3137 1569 3190 Dei
1623 3140 1819 3193 caelum
1850 3158 2010 3195 voca-

443 3225 548 3275 tur,
608 3219 753 3284 quod
801 3219 856 3272 in
912 3223 1219 3291 purissimis
1263 3226 1370 3281 illic
1425 3229 1700 3284 mentibus
1746 3232 2005 3299 quiescat.

439 3303 744 3363 Scabellum
775 3319 956 3367 autem
985 3315 1132 3369 illius
1165 3326 1327 3382 terra,
1367 3320 1512 3388 quod
1571 3336 1741 3389 usque
1800 3323 1865 3376 ad
1910 3340 2012 3378 nos

438 3410 541 3466 pro
561 3408 744 3456 nostra
767 3405 1070 3474 capacitate
1105 3409 1347 3478 cognitio
1380 3410 1510 3480 ejus
1538 3415 1832 3480 perveniat.

508 3692 573 3747 V.
605 3693 660 3748 2.
693 3714 710 3744 ι
747 3695 940 3750 Omnia
968 3698 1238 3766 speciosa.
1281 3717 1300 3750 ι
1347 3700 1425 3754 Ad
1462 3701 1693 3755 litteram
1723 3743 1737 3762 ,
1790 3719 2008 3758 onmem

439 3785 663 3854 legalem
690 3788 1019 3853 cultum;ad
1055 3804 1280 3844 sensum
1327 3801 1510 3845 autem
1566 3793 1848 3853 latentem.
1890 3811 2010 3863 pro.

436 3879 613 3945 posita
645 3878 884 3946 pietatis.

511 3988 532 4019 1
564 3969 855 4026 Bcstruxit.
897 3991 915 4023 ι
949 3971 1380 4030 Destructionem
1409 3985 1565 4030 vocat
1589 3977 1658 4031 ab
1705 3975 1838 4047 ipsis
1883 3979 2010 4032 fun-

435 4060 709 4116 damentis
734 4064 1055 4120 motionem.

513 4169 533 4202 ι
557 4153 916 4211 'Munitiones.
955 4178 975 4208 ο
1036 4157 1116 4212 Ad
1143 4159 1406 4222 litteram,
1442 4162 1725 4230 templum,
1762 4164 1844 4217 vel
1901 4181 2013 4217 ma-

437 4252 626 4312 gnates
651 4247 819 4308 urbis,
847 4247 912 4300 all
941 4262 1161 4302 sensum
1217 4266 1348 4304 vero
1408 4251 1716 4319 mysticum,
1782 4254 2012 4310 virtutes

439 4331 886 4404 inexpugnabiles
911 4338 965 4392 in
1001 4347 1202 4393 terram
1223 4340 1444 4407 dejecit.

514 4443 533 4474 ι
569 4424 768 4480 ΡοΙΙιιίῐ
794 4443 976 4496 regem
1005 4429 1143 4497 ejus.
1182 4449 1200 4481 ι
1264 4430 1344 4484 Ad
1377 4409 1638 4492 litteram:
1673 4435 2009 4501 potentiores
2045 4430 2090 4484 Ι)

437 4509 590 4579 ejus;
619 4514 938 4582 spiritaliter
960 4533 1111 4582 vero,
1155 4519 1422 4586 impuros,
1465 4521 1560 4584 ait,
1610 4523 1848 4578 ostendit
1875 4540 2009 4594 prte-

437 4602 801 4659 stantissimos
840 4607 1136 4664 voluntatis
1169 4612 1288 4680 ejus
1313 4622 1515 4666 motus.

509 4690 650 4746 v.5.
690 4712 708 4744 ‹
759 4693 932 4750 Omne
971 4714 1162 4754 cornu.
1204 4719 1222 4752 ι
1282 4700 1364 4754 Ad
1419 4701 1700 4756 historiam
1765 4704 2006 4772 quidem,

437 4795 630 4838 omnes
666 4785 858 4850 tribus,
899 4789 982 4843 vel
1029 4805 1220 4846 omnes
1275 4801 1526 4862 potentes
1559 4811 1571 4846 :
1611 4795 1676 4848 ad
1738 4795 2007 4851 internam

438 4875 1021 4948 verointelligentiam,
1083 4899 1301 4937 omnem
1363 4885 1532 4938 animi
1583 4885 1844 4941 victorem
1894 4903 2011 4942 mo-

435 4967 586 5022 dum.

511 5076 532 5110 ‹
572 5061 891 5117 Retrorsum
944 5063 1199 5117 avertit.»
1235 5063 1332 5118 Vel
1373 5066 1544 5134 ipsius
1606 5065 1767 5121 Israel
1831 5075 2011 5121 rectas

435 5149 700 5216 actiones,
761 5155 1061 5223 posteriora
1137 5155 1281 5208 enim
1348 5166 1474 5219 sunt
1538 5157 1756 5210 sinistra
1828 5158 2010 5211 on-nia

437 5239 660 5305 dextris,
690 5245 744 5297 in
779 5246 931 5312 pejus
957 5245 1172 5306 avertit,
1199 5246 1301 5300 hoc
1326 5256 1408 5301 est
1426 5248 1477 5300 in
1509 5248 1695 5301 l:evam
1719 5265 1732 5299 :
1763 5247 1844 5300 vel
1871 5248 2012 5300 Deus

440 5346 566 5385 suas
592 5335 735 5388 vires
757 5335 1009 5400 detinuit,
1034 5351 1134 5389 nec
1163 5337 1267 5391 illis
1289 5353 1445 5407 Opem
1477 5339 1617 5395 tulit.
1649 5353 1772 5391 cum
1807 5339 1874 5394 ab
1908 5341 2008 5393 ho-

442 5423 618 5476 stibus
650 5425 791 5480 bello
819 5437 1218 5495 premerentur.

519 5529 538 5560 ι
571 5510 633 5565 Et
651 5517 918 5570 accendit.
961 5537 979 5568 ιι
1023 5519 1244 5573 Factum
1293 5535 1390 5587 per
1421 5519 1694 5573 Roxnanos
1718 5522 2008 5577 excidium.

447 5597 528 5652 lra
559 5602 737 5671 itaque
765 5607 854 5660 Dei
881 5609 1031 5674 quasi
1067 5610 1244 5676 ignem
1279 5612 1525 5666 accendit
1552 5613 1812 5666 adversus
1845 5613 2012 5667 JaCob

451 5687 692 5747 ultricem
724 5695 840 5766 ejus
861 5697 1131 5750 virtutem.

2108 1875 2350 1945 ἀκριϐῶς
2401 1875 2758 1945 ἐξετασθῆναι
2813 1877 3150 1944 πεποιήκασι
3195 1877 3264 1930 τά
3311 1877 3695 1946 ἁμαρτήματὰ

2113 1983 2214 2035 μου
2245 1967 2292 2018 οἱ
2342 1965 2823 2034 ψευδοδιδάσκαλοι
2858 1967 2950 2018 καὶ
2983 1964 3431 2036 ψευδοπροφῆται
3479 1969 3691 2031 ἀπατήο

2111 2059 2303 2120 σαντές
2336 2075 2424 2126 με,
2456 2055 2632 2120 οὕτως
2665 2057 2910 2129 ἀκριϐῶς
2962 2057 3155 2111 ἐτασον
3197 2058 3397 2119 αὐτοὺς
3448 2059 3594 2110 κατὰ
3639 2059 3693 2108 τὸ

2112 2149 2201 2199 σὸν
2233 2148 2425 2217 κρίμα,
2459 2146 2654 2216 Κύριε.

2769 2235 2926 2288 ΚΕΦ.
2965 2234 3040 2290 B'.

2188 2346 2208 2378 ‹
2246 2325 2369 2389 Πῶς
2402 2327 2736 2395 ἐγνόφωσεν.
2778 2345 2798 2378 ι
2847 2325 2994 2388 Πῶς,
3029 2325 3221 2396 ὥσπερ
3250 2327 3356 2382 τινὶ
3389 2329 3601 2398 γνόφῳ,
3635 2334 3696 2398 τῇ

2109 2419 2220 2474 τῶν
2249 2419 2460 2492 ἐχθρῶν
2492 2419 2670 2489 ἐφόδῳ
2701 2417 3108 2486 παραδέδωκεν.

2189 2530 2207 2563 t
2245 2511 2596 2582 Κατὲρριψεν
2637 2509 2696 2574 ἐξ
2729 2508 2964 2579 οὐρανοῦ
2997 2511 3076 2571 είς
3106 2509 3229 2578 γῆν.
3283 2529 3302 2560 ι
3333 2509 3450 2581 Τὴν
3477 2512 3696 2581 οὐρανο-

2113 2603 2332 2673 πρεπῆ,
2384 2606 2591 2672 φησιν,
2663 2602 3001 2671 εὐπρέπειαν
3059 2602 3156 2670 τῆς
3198 2601 3567 2672 Ἰερουσαλὴμ
3621 2606 3696 2664 εἰς

2111 2696 2339 2766 ἀτιμίαν
2377 2695 2735 2764 μετέστησεν,
2766 2694 3133 2764 ἀπωσάμενος
3155 2693 3325 2764 αὐτὴν
3349 2693 3418 2745 ἐκ
3444 2697 3546 2763 τῆς
3573 2695 3696 2748 ἑαυ-

2111 2787 2204 2840 τοῦ
2232 2787 2516 2856 διηνεκοῦς
2549 2786 2918 2855 ἐπισκέψεως.

2189 2897 2205 2928 ι
2241 2878 2348 2930 Καὶ
2375 2877 2474 2928 οὐκ
2505 2877 2775 2946 ἐμνήσθη.
2822 2895 2839 2928 ι
2893 2875 3218 2928 Ὑποπὸδιόν
3267 2893 3409 2946 φησι
3441 2875 3580 2928 Θεοῦ
3609 2877 3698 2929 τὸν

2114 2965 2260 3029 ναὸν,
2307 2968 2382 3028 ὡς
2415 2965 2725 3035 φθανούσης
2753 2968 2836 3028 είς
2873 2966 3036 3018 αὑτὸν
3085 2967 3148 3017 ἐκ
3189 2965 3283 3017 τοῦ
3331 2966 3572 3036 οὐρανοῦ
3601 2966 3696 3035 τῆς

2115 3057 2264 3120 Θείας
2301 3059 2724 3129 ἐπιφοιτήσεως,
2753 3058 2784 3128 ἢ
2836 3060 2930 3111 καὶ
2966 3057 3058 3110 τὸν
3114 3057 3520 3128 Ἰσραηλιτικὸν
3549 3058 3694 3119 λαὸν,

2114 3151 2202 3202 τὸν
2234 3149 2540 3220 ἠξιωμένον
2587 3151 2688 3219 τῆς
2727 3148 2983 3218 γνώσεως
3012 3149 3107 3202 τοῦ
3157 3149 3313 3203 Θεοῦ.
3361 3149 3568 3220 Θρόνος
3599 3151 3698 3218 μὲν

2113 3243 2218 3309 γὰρ
2245 3242 2380 3295 Θεοῦ
2423 3243 2671 3295 καλεῖται
2701 3243 2730 3293 ό
2755 3240 3004 3310 οὐρανὸς,
3043 3240 3120 3303 ὡς
3145 3242 3258 3302 τοῖς
3288 3241 3406 3292 ἐκεῖ
3438 3241 3694 3309 καθαρω-

2111 3330 2294 3392 τάτοις
2334 3327 2574 3396 λογικοῖς
2605 3331 3097 3399 ἐπαναπαυομένου
3124 3329 3216 3382 τοῦ
3246 3329 3406 3385 Θεοῦ.
3454 3331 3693 3385 Ὑποπὸ-

2111 3420 2222 3472 διον
2267 3421 2323 3473 δὲ
2372 3421 2535 3474 αὐτοῦ
2581 3423 2613 3491 ή
2651 3423 2742 3490 γῆ,
2789 3422 2865 3484 ὡς
2903 3421 2994 3474 καὶ
3044 3421 3124 3482 είς
3174 3423 3324 3490 ἡμᾶς
3381 3421 3695 3492 φθανούσης

2114 3511 2252 3564 κατὰ
2283 3509 2384 3580 τὴν
2435 3513 2836 3567 ἐπιϐάλλουσαν
2867 3516 2999 3582 ἡμῖν
3043 3513 3338 3581 ἀναλογίαν
3381 3517 3485 3584 τῆς
3527 3515 3691 3567 αὑτοῦ

2113 3602 2388 3675 γνώσεως.

2188 3713 2206 3745 ι
2245 3696 2428 3748 Πάντα
2455 3697 2523 3748 τὰ
2569 3695 2774 3766 ὡραῖα.
2813 3714 2831 3746 ι
2889 3695 3032 3767 Πρὸς
3086 3694 3184 3763 μὲν
3239 3695 3302 3747 τὸ
3364 3698 3554 3767 ῥητὸν,
3595 3697 3689 3765 τὴν

2113 3786 2346 3856 νομικὴν
2373 3789 2555 3841 πᾶσαν
2574 3786 2835 3858 λατρείαν
2858 3805 2873 3819 ο
2905 3788 3040 3859 πρὸς
3071 3788 3129 3840 δὲ
3162 3788 3424 3853 διάνοιαν,
3445 3791 3575 3852 τοὺς
3596 3791 3691 3860 τῆς

2113 3875 2397 3936 εὐσεϐείας
2430 3875 2691 3944 τρόπους.

2189 3987 2206 4019 ι
2246 3968 2529 4023 Καθεῖλεν.
2582 3989 2601 4022 ι
2641 3969 2979 4042 Καθαίρεσίν
3018 3989 3182 4042 φησιν
3213 3972 3312 4040 τὴν
3332 3975 3398 4026 ὲκ
3426 3973 3689 4044 Θεμελίων

2113 4059 2352 4130 κίνησιν.

2190 4170 2209 4203 ι
2257 4152 2300 4202 Τ
2305 4151 2338 4204 ἀ
2368 4151 2722 4223 ὀχυρώματα.
2763 4172 2782 4205 ι
2823 4153 2968 4224 Πρὸς
3010 4154 3109 4223 μὲν
3141 4153 3324 4224 ρητδν,
3360 4154 3455 4207 τδν
3483 4156 3687 4223 ναὸν,ἢ

2113 4243 2360 4306 καὶτοὺς
2406 4245 2464 4296 ὲν
2513 4245 2652 4314 αὐτῇ
2685 4245 2977 4308 δυνατούς·
3026 4245 3164 4315 πρὸς
3202 4245 3259 4297 δὲ
3298 4247 3562 4311 διάνοιαν,
3592 4248 3689 4310 τὰς

2114 4335 2574 4405 ἀκαταμαχήτους
2603 4335 2810 4406 ἀρετὰς
2848 4339 2962 4401 τοῖς
2985 4338 3198 4407 γηϊνοις
3221 4337 3551 4409 ἀπέρριψεν.

2194 4446 2214 4478 ι
2265 4428 2635 4497 Ἐϐεϐήλωσεν
2667 4429 2893 4498 βασιλέα
2923 4431 3114 4501 αὐτῆς.
3151 4449 3169 4480 ι
3201 4430 3343 4500 Πρὸς
3381 4432 3480 4500 μὲν
3508 4433 3686 4502 ῥητὸν,

2113 4519 2240 4582 τοὺς
2257 4520 2312 4571 ὲν
2333 4519 2468 4590 αὐτῇ
2487 4519 2752 4583 δυνατούς,
2770 4538 2784 4550 ο
2803 4520 2938 4591 πρὸς
2960 4520 3016 4572 δὲ
3042 4521 3302 4581 διάνοιαν,
3324 4521 3687 4592 ἀκαθάρτους,

2116 4612 2305 4681 φησιν,
2333 4612 2584 4675 ἀπέδειξε
2612 4613 2738 4675 τοὺς
2763 4613 2884 4665 κατ’
2915 4611 3104 4682 ἐξοχὴν
3131 4613 3297 4680 αὐτῆς
3331 4614 3584 4681 τρόπους.

2193 4719 2210 4750 ι
2253 4701 2368 4753 Πᾶν
2414 4701 2603 4770 κέρας.
2670 4720 2688 4750 ι
2749 4700 2886 4754 Καθ’
2941 4699 3180 4770 ἱστορίαν
3225 4701 3348 4769 μὲν,
3381 4701 3560 4764 πάσας
3591 4702 3691 4764 τὶς

2117 4792 2307 4860 φυλάς.
2340 4794 2372 4863 ἢ
2411 4794 2618 4856 πάντας
2655 4793 2782 4855 τοὺς
2818 4793 3083 4856 δυνατούς
3104 4806 3118 4820 °
3169 4792 3310 4862 πρὸς
3343 4793 3402 4846 δὲ
3433 4792 3688 4864 Θεωρίαν,

2117 4885 2297 4936 πάντα
2328 4885 2594 4937 ἐπινίκιον
2629 4884 2726 4954 τῆς
2758 4884 2937 4954 ψυχῆς
2966 4885 3192 4956 τρόπον.

2196 5082 2215 5114 α
2259 5061 2654 5133 ’Δπέστρεψεν.
2691 5079 2710 5111 t
2745 5062 2816 5114 "H
2847 5061 3015 5114 αὐτοῦ
3041 5062 3141 5116 τοῦ
3207 5065 3429 5136 Ἰσραὴλ
3471 5067 3570 5131 τὰς
3599 5068 3687 5121 δε-

2119 5153 2236 5218 ξιάς
2262 5154 2490 5222 πράξεις
2518 5154 2598 5214 εἰς
2628 5153 2690 5205 τὸ
2727 5147 2890 5223 ἦττον
2917 5153 3279 5223 ἀπέστρεψεν,
3309 5158 3589 5212 τουτέστιν
3610 5163 3694 5223 εἰς

2115 5247 2184 5299 τὰ
2206 5246 2507 5317 ἀριστερά·
2543 5245 2721 5298 ὀπίσω
2763 5246 2870 5314 γὰρ
2901 5245 3007 5298 τῶν
3050 5246 3242 5310 δεξιῶν
3284 5249 3352 5301 τά
3391 5250 3688 5322 ἀριστεράο

2116 5338 2149 5407 ἢ
2181 5339 2208 5390 ό
2230 5337 2364 5399 Θεὸς
2393 5336 2492 5406 τὴν
2541 5336 2706 5388 αὐτοῦ
2731 5335 2959 5405 δύναμιν
3004 5337 3259 5406 ἐπέσχεν,
3289 5339 3385 5391 καὶ
3426 5341 3528 5392 οὐκ
3586 5343 3684 5392 ﬁ:-

2121 5429 2332 5497 ἠμυνεν
2367 5429 2552 5490 αὐτοῖς
2583 5427 3015 5497 πολεμουμένοις
3047 5428 3153 5481 ὑπὸ
3189 5429 3299 5481 τῶν
3329 5431 3568 5501 ἐχθρῶν-

2195 5538 2214 5570 r
2258 5519 2367 5571 Kal.
2398 5520 2624 5588 ἀνῆψεν.
2685 5539 2702 5570 ι
2755 5521 2868 5588 Τὴν
2899 5520 2989 5574 διὰ
3037 5520 3323 5590 Ῥωμαίων
3364 5523 3585 5576 ἅλωσιν.
3624 5525 3687 5574 ἰι

2119 5611 2257 5681 ὀργὴ
2289 5610 2383 5663 οὖν
2413 5611 2506 5663 τοῦ
2547 5609 2682 5662 Θεοῦ
2714 5611 2789 5673 ὡς
2823 5611 2931 5681 πῦρ
2957 5611 3160 5681 ἀνῆψεν
3195 5613 3334 5666 κατὰ
3366 5617 3461 5666 τοῦ
3494 5615 3688 5667 Ἰακωξ

2121 5703 2217 5771 τὴν
2258 5702 2548 5772 ἐταστικὴν
2585 5702 2753 5771 αὐτῆς
2776 5701 3022 5773 δύναμιν.
