3876 6304
133 313 265 379 737

1168 315 1632 377 FRAGMENTA
1667 319 1748 378 IN
1788 318 2060 379 JEREM.
2099 321 2430 380 LAMENT.

3327 326 3430 389 738

233 453 254 483 ι
305 429 574 484 Ἐνέτεινε
607 427 762 493 τόξον
792 425 980 480 αὐτοῦ.
1020 444 1039 478 ι
1067 426 1179 498 Τὴν
1209 427 1455 499 παντελῆ
1484 430 1751 501 ἀποστρο-

1935 434 2000 490 V.
2030 434 2078 488 ι.
2112 453 2130 486 ι
2165 433 2420 488 'l‘etendit
2447 447 2634 488 arcum
2689 447 2873 489 suum.
2913 450 2932 485 ι
2997 432 3298 490 Pet-rectam
3335 433 3428 490 Dei

141 525 270 598 φῆν
296 521 395 575 τοῦ
433 518 568 573 Θεοῦ
600 518 752 586 λέγει
774 534 786 548 ·
819 514 886 590 ἦς
907 519 1200 590 γινομένης
1229 518 1446 592 καιρίαι
1479 520 1629 591 παρὰ
1647 519 1758 576 τῶν

1907 526 2207 579 versionem
2235 525 2365 580 dicit
2395 543 2407 577 :
2436 539 2504 580 ex
2530 540 2641 595 quo
2669 524 2728 580 iit
2759 534 2818 580 ut
2849 525 3071 579 lethalia
3098 527 3322 581 vulnera
3349 529 3432 581 in.

139 617 381 690 ἐχθρῶν
413 611 769 682 ἐπιφέρονται
811 609 1040 679 πληγαί.

235 728 258 762 ε
307 707 420 760 Καὶ
449 703 800 757 ἀπέκτεινεν.
842 720 861 752 ι
919 702 1062 771 Πρὸς
1111 701 1213 772 μὲν
1255 700 1418 772 ῥητὸν
1450 703 1575 765 τοὺς
1604 701 1756 766 υἱοὺς

147 802 370 862 αὐτῶν,
415 795 638 859 καὶτὰς
683 793 1015 865 θυγατέρας,
1063 796 1163 848 καὶ
1213 794 1269 847 εῐ
1300 812 1354 848 τι
1386 795 1519 866 παρ’
1567 795 1755 858 αὐτοῖς

148 895 309 960 ζῶον
341 893 522 962 τίμιον
545 906 559 920 ο
589 887 724 958 πρὸς
768 886 824 941 δέ
870 887 1133 951 διάνοιαν,
1174 887 1273 950 τὰς
1311 887 1626 956 κρείττονας
1655 887 1754 955 τῆς

147 985 348 1055 ψυχῆς
395 979 626 1052 ὀρέξεις.
683 977 857 1031 Τοῦτο
895 978 1006 1047 γὰρ
1055 979 1200 1030 ποιεί
1227 979 1261 1048 ἡ
1292 977 1613 1047 ἀποστροφὴ
1656 977 1752 1030 τοῦ

149 1075 328 1130 Θεοῦ.
374 1073 440 1125 Ἥ
471 1071 580 1145 γὰρ
614 1064 913 1138 ἐπίσκεψις
942 1069 1113 1123 αὑτοῦ
1144 1067 1262 1140 ζωὴ
1289 1068 1566 1140 τυγχάνει.

242 1187 261 1219 ι
301 1167 483 1236 Σκηνῇ
523 1161 797 1233 θυγατρὸς
832 1161 994 1216 Σιών.
1053 1180 1072 1214 ι
1123 1160 1264 1214 Καθ’
1331 1161 1576 1231 ἱστορίαν
1630 1160 1749 1231 μὲν,

151 1261 220 1312 ἐν
254 1257 334 1328 τῷ
370 1256 486 1326 ναῷ
520 1247 564 1322 ᾧ
613 1252 988 1324 ἐφονεύθησαν
1014 1268 1026 1282 ·
1073 1251 1212 1322 πρὸς
1257 1250 1315 1304 δέ
1369 1251 1642 1317 διάνοιαν,
1693 1253 1750 1306 ἐν

150 1351 290 1410 ταῖς
330 1346 430 1412 τῆς
457 1345 638 1415 ψυχῆς
678 1341 1077 1396 ἀναπαύσεσιν.

245 1457 264 1491 ι
308 1436 580 1506 Ἐγενήθη
617 1433 843 1506 Κύριος.
899 1452 918 1485 ι
961 1432 1151 1486 Αὐτῶν
1200 1433 1432 1496 ἐαυτοὺς
1475 1451 1751 1504 καταστη-

160 1532 389 1584 σάντων
428 1527 656 1598 ὲχθροὺς
697 1525 791 1578 τοῦ
827 1524 965 1578 Θεοῦ
1002 1524 1090 1578 διὰ
1118 1523 1227 1576 τῶν
1259 1525 1340 1587 εἰς
1364 1525 1530 1578 αὐτὸν
1564 1541 1743 1596 παρα·

155 1619 375 1691 νομιῶν
397 1635 411 1650 ο
447 1620 580 1681 Θεὸς
611 1617 721 1688 γὰρ
745 1618 804 1670 ού
841 1619 1008 1686 μισεῖ.

249 1728 270 1761 ι
311 1708 601 1778 Διέφθειρε
629 1708 718 1761 τά.
759 1728 778 1760 ι
819 1708 962 1778 Πρὸς
999 1707 1098 1778 μὲν
1137 1707 1318 1779 ῥητὸν,
1349 1707 1418 1760 τὰ
1441 1706 1619 1777 τείχη,
1657 1707 1752 1760 καὶ

1861 615 2132 686 ﬂigantur.

1937 725 1956 758 ο
1991 707 2056 761 Et
2089 707 2305 762 occidit.
2348 726 2368 761 ι
2397 708 2478 762 Ad
2505 707 2764 774 litteram,
2801 709 2941 763 ﬁlios
2959 723 3150 764 eorum
3188 717 3244 764 et
3272 709 3434 781 tilias,

1861 798 1986 853 etsi
2025 800 2170 869 quod
2197 799 2394 853 animal
2424 808 2543 854 erat
2563 801 2620 855 in
2667 800 2844 870 pretio
2871 801 3016 870 apud
3051 815 3165 854 eos.
3202 801 3282 854 Ad
3301 815 3422 855 sen-

1860 905 1980 943 sum
2010 905 2140 944 vero
2167 889 2506 958 interiorem,
2541 893 2780 961 potiores
2823 891 2990 945 animi
3017 891 3381 960 appetitiones

1861 981 2025 1052 hujus
2047 983 2193 1036 enim
2219 998 2383 1038 causa
2408 991 2493 1038 est
2544 983 2760 1040 aversio
2794 983 2912 1038 Dei.
2938 985 3153 1039 Etenim
3194 982 3430 1038 visitatio

1857 1073 1976 1144 ejus
2001 1074 2108 1128 vita
2144 1083 2248 1130 est.

1935 1183 1953 1216 ι
1989 1164 2044 1218 In
2064 1166 2412 1220 tabernaculo
2429 1165 2551 1220 filiae
2570 1165 2719 1220 Sion.
2736 1185 2754 1218 ι
2786 1164 3102 1220 Secundum
3123 1164 3432 1231 historiam,

1857 1253 1914 1307 in
1947 1256 2150 1324 templo
2175 1254 2231 1309 in
2251 1271 2363 1325 quo
2385 1257 2557 1310 necati
2580 1265 2706 1310 sunt
2731 1275 2745 1308 :
2773 1255 3109 1325 spiritaliter,
3129 1255 3219 1309 ubi
3248 1255 3428 1308 anima

1857 1347 2190 1414 quiescebat.

1928 1435 1994 1491 γ.
2033 1438 2086 1491 5.
2121 1457 2139 1489 ι
2173 1437 2374 1493 Factus
2421 1447 2505 1492 est
2548 1437 2831 1492 Dominus.
2868 1455 2888 1490 ι
2939 1436 3074 1506 Ipsis
3111 1437 3431 1506 semetipsos

1857 1524 2109 1581 inimicos
2129 1526 2222 1580 Dei
2253 1526 2716 1582 constituentibus
2733 1535 2954 1596 propter
2979 1536 3204 1596 peccata
3233 1523 3287 1576 in
3305 1539 3430 1578 eum

1859 1617 2095 1672 admissa
2131 1637 2146 1672 :
2179 1618 2512 1673 Deusenim
2551 1617 2827 1672 neminem
2863 1617 2998 1673 odit.

1935 1729 1954 1762 ι
1993 1710 2264 1780 Corrupit.
2297 1731 2316 1762 ι
2344 1711 2424 1765 Ad
2455 1711 2713 1775 litteram,
2746 1718 2803 1764 et
2826 1709 3046 1773 muenia,
3071 1715 3126 1762 et
3148 1707 3428 1776 templum,

159 1802 264 1854 τὸν
293 1801 444 1863 ναὸν,
495 1800 590 1852 καὶ
621 1799 718 1863 τὰς
750 1799 927 1862 οἰκίας
976 1799 1149 1868 φησί’
1199 1799 1334 1869 πρὸς
1388 1799 1446 1852 δέ
1490 1799 1756 1864 διάνοιαν,

1907 1815 1914 1851 μ
1936 1799 2127 1854 domos
2153 1801 2246 1854 ait.
2268 1799 2508 1870 Spiritali
2538 1815 2722 1862 sensu,
2739 1800 2910 1854 bonas
2935 1799 3291 1870 cogitationes
3315 1799 3435 1852 ani-

160 1893 300 1955 τοὺς
329 1891 805 1962 περιφράττοντας
836 1889 933 1960 τὴν
955 1889 1134 1960 ψυχὴν
1167 1889 1411 1956 ἀγαθοὺς
1439 1889 1756 1959 λογισμούς.

165 1984 310 2057 [Καὶ
342 1981 574 2054 ἅλλως·]
604 1984 727 2037 ’Ὁτι
761 1982 946 2036 οὐκέτι
976 1982 1128 2053 παρὰ
1188 1981 1462 2045 Ἰουδαίοις
1492 1983 1627 2052 μετὰ
1662 1982 1761 2053 τὴν

164 2075 320 2129 κατὰ
359 2073 454 2128 τοῦ
501 2073 744 2144 Χριστοῦ
780 2073 989 2144 τόλμαν
1023 2074 1084 2126 ού
1127 2075 1435 2145 προφήτης,
1475 2075 1579 2128 ούκ
1627 2075 1763 2128 ἀντιο⁴

173 2168 440 2232 κάλυψις,
471 2167 570 2220 οὐκ
603 2166 826 2238 ἔννομος
860 2167 1163 2238 ἱερουργία.

255 2281 272 2312 ι
313 2259 752 2331 Ταπεινούμενα.
791 2278 810 2312 ›
847 2257 1003 2312 Μετὰ
1049 2258 1150 2328 τὴν
1179 2257 1442 2328 ἱστορίαν,
1487 2258 1614 2322 τοὺς
1658 2259 1762 2312 ὑπὸ

167 2353 278 2424 τῆς
304 2351 576 2423 ἁμαρτίας
607 2349 1002 2421 ἁλισκομένους
1041 2349 1228 2420 φησίν.

253 2464 272 2495 ι
317 2444 426 2498 Καὶ
469 2442 789 2496 διεπέτασεν
827 2441 902 2505 ὡς
930 2441 1196 2511 ἄμπελον.
1244 2459 1262 2492 ι
1305 2443 1374 2494 Ἣ
1413 2441 1569 2494 τοῦτό
1602 2457 1758 2511 φησι,

169 2537 258 2588 ὃτι
291 2536 390 2604 τὴν
425 2532 619 2604 πρώην
652 2532 728 2595 ὡς
786 2531 1034 2601 ἄμπελον
1065 2531 1392 2584 ἐκταθεῖσαν
1430 2533 1762 2600 Συναγωγὴν

171 2626 469 2696 παρέδωκε
497 2626 610 2687 τοῖς
641 2623 860 2694 ἐχθροῖς
881 2639 896 2654 ·
926 2622 959 2692 ἢ
991 2621 1186 2688 οὕτως,
1211 2623 1292 2676 ὅτι
1310 2623 1480 2692 αὐτὴν
1506 2621 1762 2692 ἥπλωσεν

173 2723 288 2785 τοῖς
329 2720 726 2791 διαρπάζουσιν
754 2717 830 2780 ὡς
860 2717 1108 2786 ἄμπελον
1137 2718 1506 2772 ἀσκέπαστον.

255 2831 273 2864 ι
309 2811 627 2881 Διέφθειρεν
653 2811 847 2880 ἑορτὴν
869 2809 1055 2862 αὑτοῦ.
1090 2829 1108 2860 ι
1135 2809 1247 2879 Τῆς
1273 2809 1372 2879 μὲν
1409 2807 1764 2880 Ἰερουσαλὴμ

177 2904 281 2967 τὰς
311 2903 542 2975 νομικὰς
571 2902 766 2973 ἑορτάς
789 2917 801 2930 '
828 2901 929 2971 τῆς
957 2901 1014 2953 δέ
1037 2902 1215 2972 ψυχῆς
1241 2901 1340 2972 τὴν
1374 2901 1467 2954 ἐπὶ
1488 2901 1564 2972 τῷ
1582 2901 1763 2971 κρείτ-

177 3014 296 3050 τονι
325 2997 630 3067 χαρμονήν.

265 3105 282 3138 ι
325 3085 651 3138 Ἐπελάθετο
691 3082 920 3154 Κύριος.
961 3102 980 3135 ι
1023 3083 1438 3156 Κατεφρόνησε,
1478 3084 1631 3154 φησι,
1669 3083 1764 3137 καὶ

1863 1905 2008 1946 mam
2074 1890 2361 1944 vallantes.
2411 1889 2692 1961 [Mitem]
2750 1889 3016 1955 Quoniam
3044 1889 3188 1959 apud
3217 1889 3433 1945 Judaos

1862 1990 1986 2052 post
2017 1981 2217 2044 scelus,
2250 1981 2395 2050 quod
2427 1982 2479 2036 in
2503 1981 2787 2036 Christum
2827 1981 2948 2036 ausi
2980 1990 3128 2046 sunt,
3171 1996 3282 2034 non
3313 1997 3434 2035 am-

1861 2073 2004 2142 plius
2029 2071 2314 2141 propheta,
2338 2086 2449 2125 non
2478 2072 2758 2135 revelatio,
2786 2086 2896 2125 non
2931 2070 3230 2140 legitimum
3259 2070 3432 2124 sacri-

1862 2163 2066 2219 ﬁcium.
2817 2169 2824 2174 ·

1937 2273 1957 2307 ι
1987 2255 2359 2315 Humiliatam.
2405 2273 2424 2306 ι
2461 2255 2591 2309 Post
2620 2254 2942 2309 historicum
2969 2269 3190 2310 sensum
3212 2267 3308 2309 eos
3342 2252 3432 2307 in-

1863 2345 2073 2413 telligit,
2105 2347 2196 2414 qui
2226 2346 2600 2414 iniquitatibus
2629 2345 2970 2414 captivantur

1933 2433 1998 2489 ν.
2028 2434 2081 2489 6.
2122 2453 2142 2484 ι
2179 2435 2247 2488 Et
2266 2434 2522 2502 expandit
2549 2434 2702 2502 quasi
2735 2434 2920 2488 vitem.
2954 2451 2972 2484 ι
3003 2431 3098 2487 Vel
3133 2433 3236 2487 hoc
3256 2431 3426 2487 dicit:

1865 2522 2221 2594 Synagogam,
2252 2539 2372 2591 qua:
2393 2531 2554 2576 antea
2599 2532 2855 2592 tanquam
2915 2521 3040 2576 vitis
3073 2521 3293 2574 dilatata
3315 2528 3432 2576 erat

1863 2615 2114 2671 traditam
2146 2614 2436 2669 hostibus:
2471 2614 2557 2669 vel
2594 2614 2693 2678 sic,
2730 2613 2874 2682 quod
2901 2614 3074 2682 ipsam
3131 2611 3432 2680 diripienti-

1863 2707 1966 2762 bus
1995 2706 2332 2776 expanderit,
2366 2705 2519 2776 quasi
2544 2705 2708 2760 vitem
2733 2705 3070 2759 derelictam.

1939 2817 1958 2849 ι
1993 2797 2251 2866 Corrupit
2278 2797 2625 2851 festivitatem
2650 2811 2826 2850 suam.
2857 2813 2875 2846 ι
2914 2792 3217 2848 Jerusalem
3234 2790 3432 2863 legales

1864 2887 2255 2951 solemnitates,
2282 2886 2478 2941 animae
2497 2901 2629 2940 vero
2663 2884 2920 2956 gaudium
2951 2884 3018 2938 de
3051 2884 3184 2938 Deo.

1943 3104 1962 3139 ι
2000 3085 2213 3142 Oblitus
2241 3094 2325 3140 est
2353 3084 2638 3166 Dominus.
2667 3102 2687 3134 ›
2711 3082 2848 3138 Suas
2865 3083 3050 3148 etiam,
3081 3082 3275 3152 inquit,
3289 3082 3434 3154 leges

179 3180 280 3248 τῆς
312 3177 504 3230 ἑαυτοῦ
537 3132 883 3248 νομοθεσίας,
903 3176 1004 3245 τῆς
1033 3132 1553 3246 παραζιὲλειίομένης
1575 3175 1760 3244 ἑορτά·

1907 3177 2216 3247 ontempsit,
2247 3191 2368 3246 quae
2393 3157 2509 3231 dies
2537 3175 2705 3230 festos
2740 3190 2920 3245 agere,
2946 3182 3002 3229 et
3045 3132 3268 3229 sahData
3294 3132 3434 3244 p1;-

183 3269 297 3333 ζειν
331 3270 426 3321 καὶ
452 3266 825 3332 σαϐϐατίζειν.

261 3378 279 3412 ι
319 3361 428 3413 Καὶ
479 3357 820 3430 παρώξυνεν.
866 3376 885 3408 ι
933 3355 1228 3409 Ἐπιπλέον
1277 3355 1626 3408 ἐκθλίϐεσθαι
1661 3355 1762 3409 αύ-

183 3451 312 3515 τούς
343 3450 744 3521 συνεχώρησεν,
795 3448 828 3520 ἢ
879 3447 1044 3511 αὐτὸς
1085 3447 1616 3519 παροξυνόμενος,ἣ
1667 3447 1762 3500 καὶ

185 3545 345 3608 αὐτὸς
380 3543 701 3615 παροξύνων
727 3542 821 3594 ἐπὶ
861 3545 928 3612 τῇ
959 3541 1068 3593 τῶν
1110 3541 1321 3610 ἐχθρῶν
1347 3541 1590 3612 εὐθηνίᾳ.

264 3657 282 3688 ι
315 3636 604 3688 Ἀπώσατο
667 3633 892 3703 Κύριος.
929 3651 946 3684 ι
980 3632 1054 3684 Τὸ
1101 3631 1344 3701 νομικὸν,
1408 3630 1497 3684 ἴνα
1549 3632 1763 3684 ἀντεισ-

185 3727 378 3796 ενεχθῇ
398 3725 461 3778 τδ
489 3723 588 3794 τῆς
607 3724 816 3792 Καινῆς
845 3723 1124 3793 Διαθήκης
1147 3722 1538 3791 πνευματικόν.
1557 3722 1680 3774 Ἐὰν
1703 3721 1762 3774 δὲ

186 3819 281 3874 ἐπὶ
303 3818 398 3889 τῆς
415 3813 761 3887 αίχμαλώτου
785 3814 963 3886 ψυχῆς
986 3813 1423 3884 ἐκλαμὸἀνηται,
1450 3813 1540 3866 διὰ
1572 3813 1632 3866 τὸ
1665 3815 1762 3866 ἀν-

186 3908 344 3974 αξίαν
374 3907 548 3978 αὐτὴν
571 3905 806 3977 φανῆναι
831 3907 931 3976 τῆς
961 3904 1056 3958 τοῦ
1086 3904 1224 3958 Θεοῦ
1255 3903 1530 3974 λατρείας.

265 4021 283 4053 ι
329 3997 708 4062 Ἀπετίναξεν.
758 4015 776 4048 ι
830 3996 1153 4065 Ἀποτόμως
1185 3995 1515 4049 ἀπεσάλετο.

266 4113 284 4146 ι
331 4091 519 4163 Φωνὴν
581 4089 815 4145 ἔδωκαν.
877 4107 896 4142 ι
970 4087 1096 4141 Ἐπὶ
1157 4087 1325 4141 πλέον
1383 4085 1668 4156 χαίροντες
1714 4087 1765 4138 oi

189 4183 392 4256 ἐχθροί.

267 4294 284 4327 ι
323 4277 512 4346 Τεῖχος
542 4273 836 4345 θυγατρός.
867 4291 886 4324 ι
913 4271 1138 4343 Ἔκρινε
1157 4271 1268 4344 [Ῐσ.
1296 4269 1540 4344 ἔφθειρε]
1567 4273 1764 4340 τεῖχος,

190 4366 280 4422 τὸν
314 4367 496 4437 νόμον.

1865 3270 2162 3340 cipiebant.

1942 3377 1960 3410 ι
1992 3360 2070 3414 -Ει
2101 3356 2350 3412 irritavit.
2387 3375 2406 3408 ι
2427 3354 2682 3410 Permisit
2726 3364 2785 3410 ut
2828 3356 3208 3412 vehementius
3235 3356 3437 3427 amige-

1865 3459 2077 3514 rentur,
2117 3450 2202 3504 vel
2230 3450 2345 3519 ipse
2364 3447 2626 3512 irritatus,
2651 3449 2738 3502 vel
2768 3456 2824 3502 et
2847 3447 2962 3516 ipse
2993 3448 3211 3502 irritaus
3233 3449 3302 3502 de
3333 3450 3436 3502 ho-

1867 3542 2032 3596 stium
2055 3541 2435 3610 prosperitate.

1937 3631 2002 3685 V.
2037 3633 2090 3686 7.
2119 3651 2138 3683 ι
2177 3632 2397 3702 Repulit
2433 3631 2717 3688 Dominus.
2757 3651 2776 3684 ι
2813 3631 3029 3702 Legale,
3060 3641 3122 3688 ut
3147 3633 3437 3704 spirituale

1864 3723 2004 3779 Novi
2031 3724 2364 3778 Testamenti
2385 3725 2718 3779 succederet.
2748 3724 2903 3791 Quod
2931 3725 2974 3779 si
3011 3725 3080 3780 de
3129 3726 3311 3779 anima
3346 3741 3437 3780 ca-

1867 3821 2010 3890 ptiva
2047 3821 2148 3875 hoc
2172 3821 2489 3890 accipiatur,
2518 3820 2774 3890 quoniam
2825 3821 3012 3876 divino
3039 3819 3190 3875 cultu
3216 3819 3436 3890 indigna

1865 3912 1980 3966 visa
2015 3917 2119 3965 est.

1943 4021 1963 4056 ι
1993 4001 2259 4058 Excussit.
2296 4019 2314 4052 ›
2335 4000 2532 4056 Severe
2553 4000 2768 4070 abiecit.

1943 4112 1962 4146 ι
2004 4091 2202 4149 Vocem
2222 4091 2513 4148 dederunt.
2553 4109 2572 4145 ι
2611 4089 2811 4146 Hostes
2837 4087 3071 4143 nimium
3114 4087 3432 4158 gaudentes.

1939 4268 2004 4322 ν.
2038 4269 2091 4323 8.
2120 4286 2138 4320 ι
2188 4267 2402 4322 Murum
2444 4265 2590 4322 ﬁliae.
2636 4283 2655 4318 ι
2710 4264 2994 4321 Destruxit
3056 4277 3297 4329 murum,
3355 4258 3436 4316 le-

1869 4374 2009 4429 gem.
2091 4379 2094 4382 ·

269 4477 287 4510 ι
322 4459 435 4512 Ούκ
485 4456 822 4528 ἀπέστρεψε.
874 4475 892 4506 ι
933 4455 1007 4508 Τὸ
1051 4454 1334 4526 σύγκριμα
1375 4455 1486 4527 lic.
1530 4454 1590 4507 τὸ
1647 4453 1760 4506 σύν-

1947 4469 1965 4502 (
2003 4445 2122 4506 Νοή
2153 4449 2368 4505 avertit.
2408 4468 2428 4502 ι
2456 4448 2943 4504 Conculcationem-
2965 4445 3136 4504 auxit.

191 4567 316 4620 τριμ
329 4549 426 4620 μα]
458 4551 795 4620 παρέτεινεν.

270 4658 287 4690 ι
322 4640 432 4692 Καὶ
470 4639 758 4708 ἐπένθησε.
799 4638 975 4698 [Οὐκ
1007 4636 1266 4706 ἐφείσατο
1294 4636 1387 4690 τοῦ
1421 4635 1766 4708 παραρρίψαι

194 4731 274 4793 είς
305 4729 700 4798 καταπὰτημα,
752 4729 878 4791 τοὺς
905 4730 985 4791 είς
1019 4731 1181 4782 αὑτὸν
1227 4728 1481 4799 ἐμμόνως
1515 4728 1766 4797 ἁμαρτά-

194 4838 382 4884 νοντας
389 4860 402 4873 .

270 4931 290 4966 ι
324 4911 726 4981 Ἐνεπάγησαν.
761 4933 779 4964 ι
807 4915 870 4967 Οί
899 4912 999 4982 τὴν
1028 4911 1378 4964 διδασκαλίαν
1407 4910 1766 4980 πεπιστευμέ-

197 5020 276 5057 νοι
303 5002 790 5074 κατεσυθήσθησαν
817 5003 896 5063 είς
934 5001 1005 5053 τὰ
1034 5003 1198 5069 γήϊνα
1229 4998 1552 5068 πράγματα.

272 5113 290 5146 ι
327 5092 623 5146 Ἀπώλεσε.
651 5112 670 5144 ›
698 5093 996 5162 ’Πφὰνισεν
1012 5090 1180 5158 αὐτῆς
1211 5088 1277 5141 τὰ
1305 5089 1764 5157 παραγγέλματα,

201 5185 338 5238 ὥστε
379 5184 470 5236 τδν
515 5183 836 5254 βουλόμενον
877 5180 1222 5251 εἰσέρχεσθαι
1262 5180 1518 5248 ἀπορεῖν,
1550 5181 1642 5231 καὶ
1673 5181 1764 5248 ζη-

201 5277 330 5331 τείν.

273 5385 291 5417 ι
327 5364 620 5418 Ἐκάθισαν
648 5363 726 5426 είς
745 5364 844 5433 τὴν
877 5364 1000 5434 γῆν.
1033 5383 1049 5412 ι
1071 5359 1474 5429 Ἦδαφίσθησαν
1511 5360 1578 5413 τὰ
1607 5362 1768 5429 γήϊνα

204 5459 595 5530 φρονήσαντες.

274 5568 291 5601 ι
331 5547 733 5618 Ἐσιώπησαν.›
763 5546 1075 5599 ’Λπώλεσαν
1107 5546 1165 5598 τὸ
1195 5543 1576 5596 διδασκαλικὸν
1605 5542 1768 5607 ἀξίω-

209 5661 296 5705 ιια,
331 5637 806 5707 ἀποκωφώθησαν.

277 5753 292 5785 ι
333 5732 712 5788 Ἀνεϐίῦασαν.
756 5748 773 5779 ι
813 5728 967 5782 Κατὰ
1011 5727 1106 5797 μὲν
1148 5727 1244 5798 τὴν
1271 5727 1513 5797 ἱστορίαν
1543 5725 1601 5778 τὸ
1637 5729 1769 5796 σχῆ-

1944 4643 1962 4674 ι
2001 4625 2287 4694 Luxitque.
2313 4643 2330 4676 ι
2364 4625 2456 4679 Eis
2494 4640 2604 4678 non
2636 4625 2900 4694 pepercit,
2930 4625 3026 4678 sed
3043 4625 3440 4681 conculcandos

1868 4718 2114 4786 projccit,
2154 4717 2248 4784 qui
2267 4715 2482 4770 assidue
2502 4716 2558 4768 in
2583 4731 2706 4768 eum
2731 4716 3048 4783 peccabant.

1940 4893 2003 4947 V.
2036 4895 2090 4948 9.
2127 4912 2144 4943 ι
2171 4891 2366 4945 Delirat
2388 4898 2534 4944 sunt.
2562 4907 2579 4937 ι
2611 4888 2823 4952 Quibus
2847 4886 3076 4940 docendi
3102 4901 3302 4941 munus
3323 4901 3439 4941 cre-

1868 4987 2039 5042 ditum
2072 4993 2176 5043 est,
2212 4983 2266 5036 in
2295 4998 2382 5037 res
2421 4989 2665 5035 terrenas
2693 4977 2938 5030 immersi
2984 4986 3132 5031 sunt.

1948 5093 1966 5124 ι
2005 5070 2266 5126 Perdidit.
2307 5089 2326 5122 ›
2364 5067 2566 5124 Monita
2597 5083 2692 5123 seu
2717 5064 2942 5119 consilia
2999 5063 3145 5119 illius
3179 5061 3440 5132 perdidit,

1865 5176 1932 5246 ut
1959 5167 2050 5236 qui
2081 5165 2284 5219 intrare
2315 5161 2466 5226 velit,
2490 5161 2696 5215 haereat
2721 5167 2777 5214 et
2805 5165 3032 5228 quaerat.

1940 5363 2006 5416 γ.
2049 5364 2132 5418 10.
2165 5382 2182 5413 ι
2224 5361 2495 5416 Sederunt
2526 5359 2578 5412 in
2629 5369 2794 5412 terra.
2822 5375 2840 5408 ι
2887 5355 3159 5411 Sederunt
3184 5353 3242 5409 in
3297 5361 3442 5410 terra

1875 5465 2088 5509 terrena
2120 5454 2410 5522 sapientes.

1949 5546 2402 5600 «Conticucrunt.
2437 5562 2455 5594 ι
2521 5540 2812 5611 Magistcrii
2875 5538 3189 5610 dignitatem
3243 5538 3442 5592 amise-

1874 5643 2020 5697 runt,
2051 5633 2182 5687 muti
2217 5631 2340 5684 facti
2366 5638 2512 5684 sunt.

1953 5742 1968 5774 ι
2012 5724 2410 5792 lmpnsuerunt.
2445 5740 2459 5770 ι
2497 5719 2806 5774 Secundum
2852 5717 3151 5772 historiam.
3203 5713 3444 5786 lugubris
