3876 6304
153 306 260 368 ’177

1067 298 1528 361 FRAGMENTA
1563 295 1645 357 IN
1693 293 2046 358 IEREMIJE
2079 290 2523 354 EPISTOLAM.

3307 285 3415 352 778

151 420 268 474 τῶν
298 417 491 488 ἱερέων
527 412 709 484 ψυχὰς
745 411 847 465 οὐκ
875 411 1134 476 ἐκλύτους
1172 407 1313 464 εἶναι
1355 411 1454 476 δεῖ,
1483 409 1597 461 ἀλλ’
1644 409 1742 462 ἀν-

1869 405 2128 459 :erdotum
2169 403 2380 456 animas
2421 398 2716 455 dissolutas
2751 413 2871 454 esse
2904 414 3012 453 non
3043 399 3259 466 decere,
3320 405 3418 459 sed

155 511 347 578 δρείας
380 507 478 560 καὶ
512 505 760 576 γενικὰς.

234 616 254 652 ι
300 596 404 651 Ὧν
434 598 490 651 αί
516 595 752 666 κεφαλαὶ
781 595 1085 650 ἀκάλυπτοί
1115 597 1276 649 εἰσιν.
1324 613 1342 645 ι
1381 591 1497 645 Οὐκ
1527 590 1747 660 ἔχουσαι

154 711 256 766 τοῦ
291 707 562 780 σωτηρίου
593 706 692 780 τὴν
722 707 1181 778 περικεφαλαίαν.

241 822 446 876 Ἐνεόν
493 838 626 892 φησι
674 820 737 873 τὸ
784 819 998 873 εἴδωλον
1047 817 1108 871 τὸ
1163 817 1396 886 ἄφωνον.
1423 814 1625 883 Βῆλον
1649 814 1747 867 Δία

155 913 255 966 καὶ
275 912 538 982 Ἕλληνες
567 909 965 980 ἐσεϐάσθησαν.

240 1043 260 1078 ο
296 1027 362 1079 Al.
404 1025 462 1079 δὲ
489 1027 751 1094 γυναῖκες
804 1023 1162 1092 περιθέμεναι
1195 1021 1427 1090 σχοινία.
1469 1037 1488 1070 ι
1525 1019 1744 1088 Σχοινία

154 1116 330 1186 φησιν
351 1116 419 1169 τὰ
445 1113 808 1186 περιζώματα
831 1130 846 1144 ο
877 1111 1250 1167 καλύπτουσαι
1268 1111 1377 1182 γὰρ
1407 1111 1543 1181 μόνα
1562 1111 1630 1163 τὰ
1648 1110 1741 1163 τοῦ

156 1208 418 1278 σώματος
438 1209 750 1276 ἀσχήμονα,
777 1207 846 1259 τὰ
865 1205 1030 1258 λοιπὰ
1059 1204 1464 1276 παρεγύμνουν,
1497 1220 1741 1273 προσκα-

155 1298 424 1367 λούμεναι
456 1299 582 1360 τοὺς
613 1298 872 1367 ἐραστάς.

237 1405 257 1439 ι
295 1387 579 1456 Θυμιῶσαι
603 1387 673 1439 τὰ
700 1387 927 1457 πίτυρα.
967 1406 988 1441 ι
1026 1386 1312 1459 Ἀφροδίτῃ
1345 1385 1526 1455 τυχὸν,
1560 1384 1593 1455 ἦ
1632 1401 1738 1437 τινι

155 1474 667 1547 προαγωγῷ.¹’1σως
695 1475 752 1528 δὲ
781 1477 878 1531 καὶ
911 1477 991 1538 είς
1016 1477 1299 1547 καθαρμὸν
1329 1475 1488 1528 τοῦτο
1519 1475 1737 1528 ὲποίουν

154 1570 210 1620 οἱ
241 1566 543 1636 δυστυχεῖς.

241 1676 259 1708 ι
300 1658 421 1709 Ὀτι
443 1657 543 1708 οὐκ
565 1656 811 1725 ἠξίωται.
853 1677 872 1708 ι
912 1657 1034 1709 Ὅτι
1081 1656 1181 1709 οὐκ
1211 1655 1417 1726 ἠξιώθη
1447 1653 1581 1707 Θεοῦ
1609 1655 1730 1707 ἑπι-

1852 494 2057 559 viriles,
2093 503 2147 548 et
2177 505 2493 565 generosas.

1925 605 1985 658 V.
2013 597 2100 659 50.
2135 622 2153 654 ι
2190 604 2430 670 Quorum
2454 604 2629 675 capita
2654 605 2797 661 nuda
2836 613 2982 660 sunt.
3023 623 3041 655 ι
3069 602 3185 658 Non
3214 603 3422 659 haben-

1847 697 1919 752 tia
1951 696 2201 752 salutaris
2229 698 2458 768 galeam.

1915 811 1982 865 ν.
2035 811 2124 866 4οι
2183 811 2386 866 Mutum
2429 821 2586 867 voeat
2630 811 2830 866 idolum
2891 811 3178 866 sinevoce.
3207 809 3417 874 Belum,

1842 902 2030 959 JOVem
2056 903 2228 959 Graeci
2256 919 2472 974 quoque
2515 904 2822 970 coluerunt.

1914 1013 1981 1070 ν.
2015 1016 2106 1071 42.
2145 1035 2163 1066 ι
2199 1016 2453 1071 Mulieres
2498 1027 2678 1070 autem
2717 1015 3066 1070 circumdata:
3111 1013 3354 1068 funibus.
3395 1031 3414 1063 ι

1844 1108 2025 1162 Funes
2041 1118 2198 1163 vocat
2224 1109 2554 1180 subligacula
2578 1128 2590 1164 :
2621 1108 2762 1162 solas
2781 1108 2929 1161 enim
2956 1115 3199 1176 tegentes
3224 1105 3419 1160 obsce-

1841 1213 1940 1252 nas
1965 1199 2212 1268 corporis
2245 1211 2445 1270 partes,
2465 1211 2660 1258 caetera
2690 1199 2987 1263 nudabant,
3016 1197 3081 1252 ad
3101 1195 3420 1250 alliciendos

1841 1301 2130 1347 amatores.

1919 1400 1938 1432 ι
1985 1383 2284 1437 Adolentes
2363 1369 2592 1440 furfura.
2655 1403 2672 1434 ι
2762 1381 2960 1438 Veneri
3027 1383 3277 1442 fortasse,
3335 1379 3422 1433 vel

1843 1474 1999 1528 alteri
2030 1475 2267 1537 numiui,
2299 1477 2442 1545 quod
2466 1476 2754 1530 lenociniis
2806 1477 3013 1546 prmsit.
3038 1474 3201 1528 Forte
3255 1472 3420 1526 etiam

1840 1566 1907 1619 ad
1941 1582 1998 1620 se
2023 1568 2336 1622 lustrandos
2366 1569 2549 1622 miseri
2579 1570 2684 1623 hoc
2700 1570 2950 1638 agebant.

1913 1658 1971 1709 ν.
1987 1660 2076 1713 45.
2095 1677 2113 1710 ι
2142 1659 2294 1725 Quod
2316 1675 2423 1714 non
2449 1661 2520 1714 sit
2539 1661 2699 1730 digna
2721 1660 2952 1715 habitan
2976 1656 3241 1723 Quoniam
3262 1655 3423 1724 digna

159 1749 433 1818 σκέψεως.
468 1778 540 1788 -—
570 1748 694 1810 Πῶς
723 1765 788 1816 γε
818 1747 881 1817 δὴ
912 1748 1096 1818 μέλλοι
1129 1749 1196 1800 τὰ
1227 1749 1319 1801 ὑπ’
1355 1749 1536 1802 αὐτῶν
1562 1765 1734 1800 κατα-

1869 1764 1949 1802 ιοη
1981 1749 2100 1810 fuit.
2145 1765 2265 1819 qure
2298 1766 2328 1804 a
2375 1752 2485 1804 Deo
2512 1750 2932 1804 inviseretur.—
2957 1744 3424 1814 Quomodoigitur

162 1840 532 1893 σκευασθέντα
557 1836 692 1893 εἴναι
717 1839 849 1907 θεοὶ,
880 1841 962 1893 ὅτι
984 1840 1044 1894 τὺ
1067 1841 1172 1893 ὑπὸ
1195 1839 1356 1893 ἄλλου
1378 1841 1660 1910 γινόμενον
1680 1839 1740 1892 οὐ

159 1929 318 1993 Θεός.

241 2041 260 2074 ι
295 2020 672 2091 Γνωσθήσεται
703 2020 842 2091 μετὰ
871 2019 1043 2074 ταῦτα
1067 2021 1150 2074 ὅτι
1176 2013 1294 2074 ἐστὶ
1316 2019 1508 2090 ψευδῆ.
1549 2039 1568 2072 ι
1597 2008 1660 2075 Ὃ
1679 2019 1742 2090 δὴ

160 2113 261 2165 καὶ
289 2111 513 2178 γέγονεν
544 2106 632 2163 διὰ
655 2109 754 2180 τῆς
777 2109 871 2162 τοῦ
894 2111 1148 2180 Σωτῆρος
1183 2109 1529 2178 ἐπιφανείας.

243 2217 260 2248 ι
295 2199 507 2269 Ὥσπερ
538 2199 646 2268 γὰρ
667 2197 926 2268 κορῶναι.
963 2210 982 2249 ι
1027 2186 1092 2250 Ἦ
1125 2197 1339 2268 κορώνη
1370 2198 1571 2268 πτηνὸν
1602 2197 1740 2251 ἀκά-

163 2292 389 2362 θαρτον.
433 2291 760 2360 Ἀκάθαρτοι
785 2287 876 2344 οὖν
899 2292 1037 2344 εἰσιν
1059 2293 1107 2344 οί
1129 2291 1398 2361 δαίμονες,
1427 2291 1551 2345 οὔτε
1581 2294 1744 2348 ἐπουο

168 2383 347 2451 ρὰνιοι
378 2381 530 2444 ὄντες
546 2382 634 2434 διὰ
660 2381 722 2434 τὸ
758 2380 1030 2452 ἄτιμοι,οῦ
1053 2399 1112 2434 τε
1146 2382 1402 2450 ἐπίγειοι,
1435 2383 1569 2436 διότι
1590 2382 1745 2452 ψευδ-

163 2472 378 2540 ώνυμοι
405 2487 419 2503 ·
476 2473 570 2524 καὶ
626 2471 798 2534 ἄλλως
828 2472 884 2524 δὲ
910 2509 925 2534 ,
976 2472 1084 2524 ἀπὸ
1122 2475 1220 2540 μὲν
1243 2473 1510 2542 οὐρανίων
1539 2471 1744 2541 ἀψίδων

167 2564 278 2616 ὑπὸ
307 2563 863 2634 Θεοῦ-ἐξεϐλήθησαν,
891 2564 998 2617 ἀπὸ
1030 2563 1090 2617 δὲ
1120 2565 1219 2633 τῆς
1238 2565 1341 2634 γῆς
1370 2563 1745 2634 περιελαύνον-

165 2673 263 2709 ται
304 2657 408 2710 ὑπὸ
447 2656 616 2726 ἁγίων
652 2655 954 2727 ἀνθρώπων
988 2656 1075 2709 διὰ
1103 2657 1202 2726 τῆς
1227 2655 1320 2710 τοῦ
1351 2655 1587 2726 Χριστοῦ
1619 2656 1744 2726 βοη-

168 2747 346 2811 θείας.
385 2748 542 2801 Κατὰ
570 2748 628 2802 δὲ
663 2749 820 2815 λόγον
858 2748 1116 2817 μυστικὸν
1149 2749 1244 2801 καὶ
1269 2749 1298 2800 ὁ
1328 2748 1518 2819 Σωτὴρ
1549 2751 1626 2813 εἰς
1652 2747 1745 2802 τὸν

169 2841 409 2908 σταυρὸν
449 2839 702 2909 ἀνῆλθεν,
745 2841 838 2894 τὸν
868 2841 1007 2910 ἀέρα
1031 2840 1310 2911 καθαίρων
1341 2842 1406 2893 ὲκ
1431 2841 1528 2910 τῆς
1563 2839 1744 2894 αὐτῶν

169 2931 518 3001 ἀκαθαρσίας
541 2939 555 2959 δ
612 2931 708 2985 καὶ
739 2933 820 2994 είς
851 2933 918 2985 τὰ
968 2931 1303 3001 καταχθόνια
1341 2931 1744 3002 παραγέγονεν,

169 3021 464 3076 καταλύων
491 3021 670 3074 αὐτῶν
707 3023 824 3075 ἐκεῖ
846 3021 946 3092 τὴν
971 3022 1278 3092 τυραννίδα.

1848 1840 2142 1894 fabrefacta
2177 1841 2246 1894 ab
2280 1840 2384 1893 illis
2444 1840 2648 1894 fuerint
2676 1841 2770 1906 dii,
2805 1855 2929 1894 cum
2971 1839 3021 1892 id
3049 1837 3193 1908 quod
3219 1837 3287 1890 ab
3317 1834 3425 1888 alio

1848 1931 1927 1993 ίιι,
1966 1931 2110 1985 Deus
2126 1945 2235 1984 non
2259 1932 2370 1986 sit?

1917 2006 1984 2072 ν.
2023 2020 2112 2074 50.
2148 2037 2166 2070 ι
2203 2019 2419 2074 Scietur
2439 2029 2623 2090 postea
2650 2021 2776 2090 quia
2802 2019 2934 2075 falsa
2970 2022 3116 2074 sunt.
3144 2013 3334 2084 )QuOd
3367 2023 3428 2071 et

1849 2112 2051 2166 factum
2074 2121 2158 2166 est
2180 2128 2276 2182 per
2295 2113 2590 2168 Salvator-is
2614 2114 2928 2168 adventum.

1923 2203 1984 2257 ν.
2019 2204 2106 2258 55.
2137 2223 2155 2254 ι
2203 2203 2358 2259 Sicut
2389 2205 2535 2259 enim
2568 2204 2879 2259 corniculae.
2920 2222 2938 2255 ι
2997 2198 3288 2258 Cornicula
3316 2201 3422 2254 im-

1849 2296 2054 2350 munda
2094 2296 2331 2350 volucris
2357 2306 2461 2350 est.
2487 2298 2758 2351 lmmundi
2788 2312 2916 2365 ergo
2951 2305 3081 2351 sunt
3118 2296 3420 2356 daemones.

1848 2403 2028 2457 neque
2057 2388 2329 2454 caelestes,
2359 2389 2483 2457 quia
2513 2389 2657 2458 pleni
2689 2389 3006 2459 ignominia,
3067 2401 3246 2456 neque
3306 2393 3422 2440 ter-

1850 2475 1988 2539 reni,
2014 2475 2267 2544 quoniam
2291 2476 2408 2530 falsi
2428 2478 2665 2532 nominis
2680 2486 2828 2542 Sunt,
2852 2485 2907 2531 et
2932 2486 3189 2545 praetcrea
3214 2476 3281 2530 de
3306 2489 3422 2529 coe-

1850 2567 2074 2622 lestibus
2129 2569 2427 2622 fornicibus
2464 2568 2623 2638 ejecti
2649 2584 2678 2622 a
2731 2569 2841 2623 Deo
2870 2578 3026 2631 sunt;
3052 2583 3082 2621 e
3109 2577 3251 2621 terra
3292 2571 3424 2620 vero

1849 2671 1950 2726 per
1971 2667 2190 2711 sanctos
2225 2656 2474 2710 homines
2503 2657 2706 2710 Christi
2755 2672 2858 2726 ope
2918 2656 3192 2726 fugantur.
3229 2657 3298 2709 At
3331 2671 3422 2708 rae

1853 2748 2000 2803 tione
2023 2748 2249 2818 mystica
2270 2748 2516 2803 Salvator
2537 2763 2754 2818 quoque
2797 2749 2854 2802 in
2885 2763 3103 2802 crucem
3153 2748 3418 2805 ascendit.

1850 2855 2158 2911 expurgans
2187 2856 2368 2895 aerem
2407 2842 2474 2896 ab
2503 2857 2691 2895 eorum
2742 2841 3114 2908 immunditia;
3145 2848 3200 2895 et
3240 2838 3424 2910 partes

1848 2931 2037 2985 mundi
2071 2931 2456 2987 subterraneas
2487 2931 2639 2998 adiit,
2690 2945 2878 2986 eorum
2936 2931 3008 2985 ibi
3079 2931 3419 3000 tyrannidem

1849 3026 2168 3082 demolicns.

253 3151 272 3184 ι
307 3132 492 3187 Ταῦτα
531 3123 588 3186 δὲ
615 3132 737 3186 οὔτε
776 3137 896 3196 ταῖς
919 3133 1103 3196 ἰδέαις.
1141 3145 1160 3184 ι
1199 3131 1280 3186 Τὰ
1314 3117 1524 3197 εἴδωλα,
1561 3133 1745 3202 φησὶν,

1923 3126 1986 3193 ν.
2019 3137 2108 3195 62.
2149 3158 2168 3191 ι
2213 3139 2338 3195 llaec
2381 3147 2564 3195 autem
2612 3143 2792 3212 neque
2835 3141 3140 3212 speciebus.
3180 3159 3199 3193 ι
3250 3132 3418 3205 ldola,

171 3225 300 3280 οὒτε
327 3225 560 3296 λαμπρά
597 3229 755 3290 εἰσιν,
787 3225 862 3288 ὡς
887 3225 1036 3296 ἥλιος
1067 3225 1164 3278 καὶ
1197 3223 1392 3294 σελήνη
1420 3226 1433 3254 δ
1466 3223 1590 3277 οὔτε
1619 3224 1749 3294 δρα-

174 3314 360 3380 στικὰ,
386 3313 461 3376 ὡς
493 3312 602 3384 πῦρ
640 3314 734 3366 καὶ
772 3313 992 3382 ἄνεμος.
1025 3313 1090 3365 El.
1119 3312 1178 3365 δὲ
1203 3315 1322 3375 ταῖς
1354 3313 1522 3376 ίδέαις
1559 3313 1653 3366 καὶ
1680 3314 1746 3382 τῇ

167 3404 400 3473 δυνάμει
461 3403 808 3474 ἁσυγκρίτως
863 3403 1041 3455 αὐτῶν
1095 3403 1421 3474 διαφέροντα
1464 3403 1565 3455 οὐκ
1611 3402 1749 3456 είσὶν

170 3496 310 3555 θεοὶ,
347 3494 464 3558 πῶς
497 3494 638 3546 αὐτὰ
666 3493 946 3563 νομιστέον
975 3489 1113 3547 εἶναι
1146 3493 1334 3559 θεούς,

255 3605 272 3634 ι
306 3586 514 3656 Σημεῖά
536 3603 597 3638 τε
639 3587 696 3638 ὲν
730 3586 927 3638 ἔθνεσι.
963 3604 981 3636 ›
1020 3585 1119 3638 Διὰ
1154 3583 1312 3638 τοῦτο
1345 3585 1476 3647 ἴσως
1515 3585 1610 3638 καὶ
1645 3586 1750 3638 Φα-

175 3679 378 3748 ρισαῖοι
420 3677 649 3746 ἠρώτων
678 3676 769 3729 τὸν
811 3677 1060 3747 Σωτῆρα,
1083 3675 1331 3744 λέγοντες
1355 3693 1370 3708 ο
1406 3677 1468 3729 Τί
1497 3675 1749 3745 σημεῖον

172 3769 473 3831 δεικνύεις
509 3767 652 3836 ἡμῖν
705 3767 807 3822 ἀπ’
849 3767 1108 3836 οὐρανοῦ
1129 3784 1149 3831 ;
1183 3769 1380 3839 Ἤρκει
1415 3767 1471 3820 δὲ
1521 3768 1678 3838 μόνος
1720 3769 1750 3820 ό

171 3862 354 3930 ἀστὴρ
385 3859 554 3924 δεῖξαι
588 3861 678 3914 τὸν
726 3859 986 3930 τεχθέντα
1033 3862 1116 3914 ὅτι
1151 3860 1270 3914 ἐστὶ
1315 3859 1449 3923 Θεός
1479 3877 1491 3888 °
1539 3861 1636 3914 καὶ
1680 3860 1749 3913 τὰ

174 3954 271 4005 ἐπὶ
299 3951 391 4005 τοῦ
431 3951 666 4024 σταυροῦ
694 3953 1060 4022 γεγενημένα,
1085 3951 1286 4016 ἔδειξεν
1316 3951 1480 4004 αὑτοῦ
1509 3951 1608 4021 τὴν
1637 3950 1750 4004 θεό-

171 4063 339 4116 τητα,
380 4045 468 4097 ὅτε
512 4046 541 4097 ό
581 4044 732 4113 ἥλιος
774 4043 873 4106 τὰς
909 4043 1047 4105 ιδίας
1087 4042 1425 4096 συνέστειλεν
1466 4042 1690 4104 ἀκτῖνας
1730 4057 1744 4070 ο

174 4135 280 4189 καὶ
308 4135 344 4203 ἠ
371 4135 698 4202 οὐρανόθεν
721 4130 1034 4202 ἐνεχθεῖσα
1063 4132 1256 4202 φωνὴ,
1296 4128 1484 4196 Οὗτός
1511 4133 1681 4185 ἐστιν
1715 4135 1749 4186 δ

183 4229 321 4290 Υἱός
343 4243 464 4295 μου
507 4226 540 4278 ὁ
577 4225 900 4292 ἀγαπητός.
964 4223 1095 4276 Ἰδοὺ
1128 4223 1416 4294 τοιγαροῦν
1467 4223 1558 4276 καὶ
1592 4223 1662 4276 τὰ
1689 4223 1748 4288 ἐξ

171 4316 409 4386 οὐρανοῦ
437 4316 654 4386 σημεῖα.

1852 3229 2047 3300 inquit,
2096 3241 2273 3309 neque
2323 3232 2612 3301 Splendent
2673 3243 2734 3286 ut
2784 3234 2864 3288 sol
2916 3242 2972 3287 et
3030 3234 3194 3298 luna;
3244 3247 3424 3301 neque

1849 3319 2024 3373 activa
2057 3328 2259 3374 suntut
2288 3319 2426 3390 ignis
2477 3330 2531 3374 et
2554 3329 2766 3375 ventus.
2823 3321 2978 3387 Quod
3014 3321 3058 3374 sl
3099 3319 3213 3374 hmo
3240 3321 3423 3390 specie

1848 3418 1904 3464 et
1930 3409 2130 3464 virtute
2163 3409 2662 3480 incomparabiliter
2697 3411 2800 3465 illis
2841 3412 3150 3480 praestantia
3181 3411 3255 3466 dii
3311 3427 3418 3464 non

1849 3512 1997 3566 sunt,
2028 3503 2302 3571 quomodo
2326 3503 2440 3573 ipsa
2472 3517 2570 3573 pro
2600 3503 2708 3558 diis
2742 3503 2990 3558 habenda
3010 3502 3177 3557 sunt?

1922 3592 1984 3645 V.
2016 3593 2103 3648 66.
2149 3612 2167 3644 ι
2209 3593 2371 3665 Signa
2402 3595 2566 3648 etiam
2621 3593 2676 3648 in
2727 3595 2996 3667 gentibus.
3033 3613 3052 3646 ι
3117 3591 3418 3662 PrOpterca

1849 3683 2079 3740 fortasse
2098 3693 2152 3738 et
2181 3684 2439 3739 Pharisaei
2484 3684 2817 3740 Salvatorem
2872 3681 3277 3754 interrogabant
3331 3682 3416 3738 di-

1849 3787 2038 3833 centes
2064 3777 2244 3843 :Quod
2271 3779 2477 3849 signum
2520 3775 2745 3833 ostendis
2774 3769 2918 3832 nobis
2941 3775 3004 3832 de
3038 3775 3263 3838 twlpi“?
3321 3780 3418 3832 Sat

1849 3878 2034 3926 autem
2066 3879 2182 3925 erat
2202 3871 2286 3924 vel
2323 3863 2435 3925 sala
2467 3869 2646 3937 stella,
2681 3872 2748 3925 ad
2797 3871 3195 3926 ostendendum
3245 3869 3415 3926 Deum
3503 3887 3509 3892 ·

1849 3977 1970 4017 esse
1993 3961 2084 4031 qui
2116 3960 2280 4017 natus
2308 3959 2427 4015 erat
2456 3978 2468 4014 :
2498 3962 2689 4032 etquae
2736 3963 2789 4016 in
2840 3978 3003 4017 cruce
3047 3963 3414 4034 contigerunt,

1848 4049 2148 4119 probarunt
2186 4045 2306 4118 ejus
2337 4047 2700 4111 divinitatem.
2731 4049 2950 4119 quando
2995 4047 3077 4102 sol
3135 4061 3263 4102 suos
3284 4064 3418 4101 con-

1849 4141 2014 4194 traxit
2039 4140 2238 4204 radios,
2267 4149 2314 4194 et
2334 4156 2431 4193 eoa:
2457 4141 2520 4193 de
2551 4139 2676 4194 calo
2710 4136 2860 4208 lapsa
2891 4155 2910 4194 :
2979 4138 3079 4192 llic
3134 4147 3208 4192 est
3249 4137 3416 4192 Filius

1848 4241 1991 4286 meus
2020 4231 2238 4286 dilectus
2257 4229 2326 4286 ⁸⁸.
2351 4231 2431 4286 En
2463 4230 2629 4304 igitur
2657 4233 2688 4286 e
2707 4229 2846 4286 coelo
2862 4231 3024 4285 etiam
3055 4230 3228 4301 signa.

253 4379 272 4458 ὲ
306 4379 734 4480 Προὸασκάνιον.
765 4428 784 4460 ι
805 4393 1071 4478 Ἐλλήνων
1096 4410 1144 4462 οἱ
1171 4408 1318 4478 λόγοι
1345 4405 1743 4480 προόασκάνια,

1925 4406 1989 4462 V.
2008 4401 2096 4463 69.
2132 4426 2150 4459 ι
2209 4407 2655 4463 Probaseanium.
2697 4426 2716 4460 ι
2762 4405 2951 4463 Graeco
3006 4418 3254 4460 sermone
3290 4379 3416 4474 pro-

171 4503 270 4555 aut
308 4500 632 4572 κερὰμὸηλα
677 4500 954 4566 καλοῦσιν,
995 4503 1151 4555 ἅτινα
1179 4501 1400 4554 ἱστῶσιν
1429 4502 1477 4554 οἱ
1501 4497 1748 4572 ἀγροφύὲ

170 4593 340 4655 laxe;
375 4592 512 4664 πρὸς
551 4592 718 4660 φόϐον
747 4594 950 4662 ὀρνέων
993 4591 1026 4662 ἢ
1063 4592 1159 4645 καὶ
1192 4592 1499 4664 ἀνθρώπων
1523 4609 1536 4622 ⁸
1573 4589 1746 4645 ταῦτὰ

169 4686 228 4737 δὲ
264 4685 358 4738 καὶ
391 4683 764 4754 μορμολύκεια
796 4683 1109 4737 καλοῦνται.

249 4796 267 4827 σ
316 4777 468 4830 Aera
513 4793 572 4827 τε
605 4775 665 4840 ἐξ
697 4776 925 4847 ὑστέρου
968 4774 1361 4846 βρωθήσοντὰι.
1400 4793 1418 4827 ι
1475 4774 1612 4828 Ὑπὸ
1649 4763 1748 4830 sed“

173 4868 372 4938 χρόνου
397 4867 662 4938 δηλονότι.
699 4867 804 4920 Τοῦ
838 4867 982 4920 θείου
1011 4867 1434 4938 προστάγματος
1472 4866 1746 4938 τηροῦντα

171 4978 203 5011 τ
217 4961 265 5012 λὺ
278 4979 295 5020 ς
308 5005 315 5012 .
328 4961 506 5030 ὅρους.

250 5069 268 5100 ι
303 5052 571 5118 Κρεῖσσον
600 5046 696 5104 οὖν
717 5048 1006 5119 ἄνθρωπος
1027 5046 1253 5108 δίκαιος.
1286 5061 1305 5097 ι
1331 5045 1405 5096 Τὸ
1434 5045 1742 5112 κρεῖσσον,

171 5143 234 5193 οὐ
275 5142 416 5192 κατὰ
459 5143 746 5212 σύγκρισιν
768 5182 782 5206 ,
825 5142 942 5196 ἀλλ’
971 5145 1092 5194 ἀντὶ
1129 5140 1243 5205 τοῦ,
1281 5140 1565 5203 ἐπαινετὸς
1599 5139 1748 5209 παρὰ

171 5231 315 5300 Θεῷ,
372 5230 472 5283 οὐκ
526 5233 662 5301 ἔχων
690 5233 746 5285 δὲ
791 5234 1006 5297 εἴδωλα,
1037 5233 1098 5285 οὐ
1133 5225 1291 5300 μόνον
1333 5230 1586 5301 αἰσθητὰ,
1626 5228 1745 5283 ἀλλ’

169 5323 293 5378 οὐδὲ
337 5321 478 5376 κατὰ
515 5321 692 5393 ψυχὴν
726 5323 794 5376 τὰ
828 5326 925 5394 τῆς
958 5323 1235 5394 ἁμαρτίας
1281 5322 1476 5375 εἴδωλα
1511 5320 1742 5391 περιφέ-

173 5431 310 5488 ρων.

251 5523 269 5558 ι
312 5507 507 5558 Ἔσται
543 5505 653 5574 γὰρ
703 5503 919 5574 μακρὰν
953 5505 1059 5559 ἀπὸ
1099 5491 1424 5576 όνειδισμοῦς
1465 5516 1484 5554 ί
1533 5493 1591 5556 Ὀ
1633 5502 1742 5572 γὰρ

248 5682 556 5739 "10311.".
589 5681 670 5733 18.
743 5680 787 5711 ⁸⁸
815 5679 1000 5733 Matth.
1037 5691 1164 5740 xvn,
1188 5681 1239 5733 5.

545 5776 816 5834 ΙἈΤιιοι..
862 5773 975 5834 Gn.
1022 5775 1246 5835 XCIII.

1842 4498 2099 4555 bascania
2122 4507 2178 4554 et
2201 4499 2502 4555 cerambela
2534 4497 2642 4554 dici
2704 4496 2900 4563 solent,
2956 4512 3078 4566 qua:
3129 4494 3417 4566 praefigunt

1839 4592 2095 4661 agrorum
2127 4595 2384 4644 custodes
2405 4590 2472 4644 ad
2507 4588 2863 4645 deterrendas
2899 4604 3048 4655 aves,
3080 4589 3195 4643 sive
3231 4586 3414 4641 homi-

1847 4695 1968 4745 nes,
2000 4695 2123 4749 quae
2149 4681 2314 4734 etiam
2348 4679 2602 4734 Ierricula
2630 4673 2918 4733 vecant'ur.

1910 4771 1976 4827 ν.
2003 4772 2092 4828 71.
2127 4789 2146 4822 ι
2177 4771 2245 4824 Ει
2277 4771 2389 4837 ipsa
2413 4776 2684 4838 postremo
2741 4769 3114 4822 cemedentur.
3157 4787 3175 4818 ι
3212 4768 3417 4838 Nempe

1844 4871 1873 4918 ξι
1903 4859 2373 4942 ιεηιροτέηΠίνίηἰ
2400 4859 2655 4927 ρτωοοριί
2689 4857 2953 4910 terminos
2979 4857 3272 4910 servantia.

1917 5039 1979 5093 V.
2009 5037 2098 5091 γε.
2132 5055 2151 5089 ι
2185 5035 2372 5090 Melior
2399 5035 2562 5106 igitur
2609 5028 2773 5088 homo
2804 5032 3002 5102 justus.
3050 5051 3068 5084 ι
3091 5030 3283 5086 Melior
3326 5031 3418 5086 hic

1846 5150 1956 5187 non
1989 5130 2358 5202 comparative
2389 5130 2592 5193 dictum
2623 5135 2724 5194 est,
2779 5128 2875 5182 sed
2907 5143 3006 5197 pro
3029 5141 3096 5180 eo
3121 5125 3266 5195 quod
3309 5135 3413 5189 est,

1849 5223 1989 5292 apud
2022 5209 2189 5276 Deum
2217 5222 2500 5291 probatus,
2531 5239 2638 5275 non
2669 5221 2874 5275 habens
2905 5235 3069 5290 porro
3108 5217 3272 5282 idola,
3305 5233 3414 5270 non

1853 5322 2060 5367 tantum
2085 5313 2385 5378 sensibilia,
2418 5313 2510 5367 sed
2540 5329 2641 5368 nec
2693 5313 2748 5366 in
2779 5312 2962 5366 animo
2994 5311 3176 5364 ferens
3207 5309 3414 5380 peccati

1851 5406 2011 5461 idola.

1922 5499 1986 5555 V.
2021 5499 2110 5552 72.
2145 5520 2162 5551 ι
2197 5497 2345 5569 Nam
2393 5497 2498 5552 erit
2537 5497 2696 5568 longe
2754 5497 2820 5552 ab
2870 5495 3183 5566 opprobrio.
3228 5513 3246 5546 ι
3310 5491 3414 5558 Qui

2975 5766 3052 5828 25
