3886 6306
216 246 332 311 789

1399 253 1482 316 ΙΝ
1511 257 1946 323 LEVITICUM.
1981 288 2053 300 -·
2080 265 2226 326 LIB.
2262 265 2312 326 Ι.

3506 199 3546 234 κ

3384 262 3528 335 τωτ·

215 359 460 428 Spiritus
490 368 538 413 et
556 361 782 425 virtutis,
815 371 870 415 ut
897 363 1026 431 ﬁdet
1056 373 1223 420 vestra
1245 382 1346 423 non
1374 369 1442 422 sit
1465 370 1522 423 in
1544 371 1809 442 sapientia
1837 379 1883 437 Α
1913 377 2008 430 sed
2036 385 2326 446 propterea
2371 374 2639 430 modicam
2671 376 2972 446 quamdam
3018 376 3246 450 gratiam
3289 396 3489 441 conse-

220 451 516 516 Itomiuum,
554 453 645 505 sed
687 453 742 505 in
771 454 959 508 virtute
987 454 1084 508 Dei
1111 459 1152 510 '.
1188 457 1490 526 Quomodo,
1556 472 1652 517 aut
1713 463 1807 516 ubi

220 545 317 608 sit,
376 554 432 599 et
461 545 605 613 apud
658 559 795 612 quos
847 545 1077 612 habitet,
1114 549 1285 618 ipsius
1337 551 1680 609 demonstrat
1711 555 1807 611 Dei

222 635 465 697 bonitas,
505 635 724 704 quando
751 635 919 691 Paulo
941 639 1142 693 auferri
1174 641 1452 696 stimulum
1471 645 1653 700 carnis
1673 660 1804 711 suae,

219 735 282 779 et
313 726 743 796 colaphizantem
783 728 998 784 Satanae
1047 732 1300 801 angelum
1329 734 1614 792 discedere
1659 753 1689 791 a
1747 752 1807 792 se

223 817 462 885 roganti,
482 818 724 872 dicebat:
753 817 950 888 Sit/ficit
975 821 1068 874 tibi
1097 824 1272 892 gratia
1295 841 1411 877 mea
1441 843 1458 880 :
1493 842 1616 880 nam
1643 828 1807 882 virtus

223 907 283 959 in
301 908 607 976 inﬁrmitate
619 910 887 977 perﬁcitur
903 912 962 965 ".
989 910 1098 967 lloc
1117 929 1244 983 ergo
1263 916 1493 971 credens
1508 917 1707 974 debere
1719 936 1808 975 me

225 998 410 1053 facere
437 1016 559 1068 qua:
587 1001 680 1054 alii
701 1017 810 1054 non
843 1001 1112 1066 fecerunt,
1139 1008 1444 1075 praecepisti
1490 1019 1551 1064 ut
1580 1009 1804 1066 Levitici

223 1090 352 1142 libri
379 1090 678 1158 spiritalem
710 1093 1066 1148 intentionem
1107 1112 1204 1165 per
1237 1100 1482 1154 ordinem
1535 1102 1808 1173 interpre-

227 1190 396 1246 tarer,
423 1181 881 1252 defcndercmque
908 1185 1140 1240 litteram
1167 1190 1348 1244 multis
1371 1193 1804 1251 adversariorum

227 1271 677 1325 accusationibus
711 1273 1108 1342 subjacentem,
1140 1279 1209 1331 ad
1251 1279 1504 1335 altiorem
1542 1299 1664 1338 eam
1720 1287 1809 1339 in-

233 1360 507 1415 tellectum
564 1363 902 1420 deducendo.
968 1366 1223 1423 Facerem
1277 1382 1458 1427 autem
1522 1375 1646 1439 hoc,
1696 1393 1809 1432 non

228 1453 692 1519 quemadmodum
743 1457 870 1510 olim
889 1459 1130 1526 quidam,
1163 1477 1282 1516 rara
1303 1466 1548 1534 quaedam
1572 1470 1808 1538 capitula

229 1554 608 1611 excerpentes,
641 1548 734 1602 sed
762 1549 942 1602 omnia
971 1565 1066 1618 per
1085 1551 1329 1608 ordinem
1358 1571 1528 1625 usque
1557 1559 1622 1613 ad
1646 1559 1806 1616 ﬁnem

230 1635 550 1690 discutiens.
601 1636 757 1703 Quod
805 1655 967 1708 quam
1012 1642 1082 1696 sit
1124 1643 1360 1710 difﬁcile,
1402 1662 1467 1702 ex
1527 1649 1633 1705 hoc
1697 1669 1808 1709 uno

231 1743 524 1796 perparvo,
551 1741 819 1797 quantum
854 1732 920 1784 ad
951 1743 1207 1788 cunctum
1237 1737 1480 1804 praedicti
1521 1740 1642 1796 libri
1672 1759 1805 1798 con-

235 1827 442 1872 textum
475 1829 623 1875 tanta
660 1823 918 1876 varietate
959 1825 1200 1892 plenum,
1239 1842 1505 1898 cognosce
1549 1835 1804 1902 capitulo.

235 1908 374 1962 Eum
398 1913 489 1980 qui
523 1913 846 1968 sacriﬁcium
871 1915 1239 1984 paciﬁcorum,
1273 1935 1370 1974 seu
1405 1923 1643 1980 salutare
1671 1927 1810 1982 olle-

235 2009 341 2064 ret,
372 2002 416 2054 si
437 2002 657 2071 quidem
687 2020 787 2074 pro
819 2006 1114 2076 gratiarum
1143 2011 1356 2065 actione
1385 2012 1600 2079 offeret,
1643 2017 1698 2071 in
1721 2020 1810 2074 die

234 2107 343 2158 qua
377 2093 656 2159 obtulerit,
687 2096 782 2161 ait,
801 2099 1118 2153 comedetur
1142 2116 1154 2153 :
1182 2116 1289 2156 non
1309 2105 1693 2162 remanebitex
1730 2108 1810 2162 eis

234 2196 409 2250 usque
430 2199 608 2240 mane.
635 2185 789 2251 Quod
818 2188 864 2241 si
902 2198 1027 2243 voto
1067 2191 1145 2245 vel
1175 2203 1368 2260 sponte
1393 2197 1678 2267 quisquam
1707 2199 1809 2254 ob-

235 2274 422 2327 tulerit
449 2276 704 2340 hostiam,
737 2281 926 2334 eadem
953 2281 1040 2336 die
1092 2298 1198 2352 qua
1229 2286 1511 2350 obtulerit,
1559 2290 1809 2346 similiter

232 2365 450 2432 edetur,
484 2382 697 2422 necnon
715 2373 961 2440 sequenti
986 2374 1093 2428 die.
1124 2375 1258 2430 Cum
1285 2393 1414 2449 ergo
1441 2380 1685 2448 ejusdem
1716 2398 1810 2453 ge-

233 2456 406 2518 neris,
431 2459 571 2514 sicut
604 2472 850 2530 apparet,
879 2466 1140 2520 saeriﬁcia
1184 2468 1312 2533 sint,
1347 2478 1635 2542 utrumque.
1663 2476 1810 2530 enim

235 2548 602 2616 paciﬁcorum,
637 2568 734 2608 seu
765 2555 1020 2622 salutare,
1047 2558 1160 2611 ait:
1194 2574 1259 2612 ex
1305 2576 1371 2616 eo
1413 2564 1631 2632 quidem
1665 2568 1810 2634 quod

235 2647 324 2691 est
358 2643 649 2708 gratiarum
688 2646 938 2709 actionis,
985 2663 1081 2702 seu
1133 2649 1482 2720 laudationis,
1545 2657 1598 2710 in
1649 2673 1810 2712 mane

237 2744 350 2783 non
383 2732 613 2802 relinqui
645 2737 902 2805 praecepit
940 2759 952 2792 :
988 2740 1118 2793 illud
1151 2751 1332 2796 autem
1355 2746 1500 2814 quod
1529 2759 1613 2802 est
1646 2763 1812 2817 spono

238 2835 481 2891 laneum,
515 2828 660 2881 vesci
708 2831 953 2900 praecipit
989 2842 1044 2886 et
1079 2834 1132 2886 in
1182 2839 1504 2892 crastinum.
1545 2840 1810 2910 Equidem

237 2915 286 2968 si
316 2917 516 2970 malum
545 2929 662 2972 erat
694 2922 900 2975 servari
952 2925 1019 2978 de
1067 2927 1333 2981 sacriﬁcio
1384 2930 1438 2984 in
1490 2934 1807 2999 crastinum,

1910 473 2118 528 cutum,
2178 476 2238 520 ut
2257 482 2320 521 ea
2347 483 2468 536 quae
2492 467 2637 536 apud
2675 467 2922 523 homines
2950 469 3305 540 impostsibilia
3335 486 3485 541 sunt,

1909 557 2188 628 possibilia
2208 559 2351 628 apud
2373 559 2543 612 Deum
2572 568 2890 628 appareant,
2913 575 3038 614 cum
3062 562 3186 632 ejus
3206 563 3490 633 sapientia

1911 647 2163 702 homines
2191 647 2784 717 deserviuntimperiti.
2813 649 2968 715 Quod
2995 663 3489 727 autemargumem

1911 745 2024 792 tum
2045 737 2207 807 hujus
2237 736 2380 798 libri,
2403 736 2470 790 de
2485 751 2593 806 quo
2610 737 2715 792 hoc
2739 737 2857 792 loco
2876 738 3170 809 loquimur,
3195 742 3284 808 sit,
3311 743 3492 812 ipsum

1911 826 2184 898 inquirere
2210 827 2535 896 scriptorem
2569 835 2789 896 oportet
2834 845 2846 880 :
2893 842 2958 882 ea
2995 830 3141 884 enim
3182 831 3250 886 de
3288 830 3498 902 quibit.

1909 919 2123 973 sancire
2149 918 2437 988 disposuit,
2462 919 2701 973 breviter
2722 918 2993 974 instruere
3010 920 3252 991 legentes
3273 923 3483 988 volens,

1911 1008 2213 1063 Leviticum
2239 1009 2410 1073 hunc,
2440 1009 2584 1063 sicut
2615 1010 2912 1077 cernimus,
2945 1012 3235 1081 appellavit
3263 1029 3278 1067 :
3303 1013 3486 1083 appel-

1910 1100 2163 1155 lationem
2192 1099 2545 1156 adinveniens
2571 1115 2692 1170 quae
2727 1116 2837 1155 uno
2889 1103 3190 1173 eodemque
3243 1111 3488 1174 tempore

1909 1207 2071 1246 omne
2116 1193 2277 1261 hujus
2302 1191 2425 1245 libri
2459 1191 2830 1246 manifestaret
2864 1205 3246 1262 argumentum
3291 1179 3316 1248 :A
3358 1195 3488 1264 quia

1909 1282 2040 1338 Levi
2063 1283 2233 1338 tribus
2252 1283 2391 1338 sacri
2416 1283 2746 1336 tabernaculi
2765 1283 3131 1338 ministerium
3159 1285 3348 1340 sortita
3379 1293 3486 1350 est,

1909 1373 1964 1427 in
2009 1388 2142 1443 quo.
2178 1373 2466 1442 oportebat
2521 1371 2809 1436 sacriﬁcia,
2848 1370 3233 1442 fructuumque
3291 1373 3485 1444 primi-

1909 1466 2032 1526 tias,
2063 1475 2118 1519 et
2145 1465 2629 1534 primogenitorum
2645 1459 2968 1529 oblationes,
2987 1466 3285 1520 secundum
3312 1464 3487 1536 legem

1909 1554 2114 1620 olferri,
2172 1556 2462 1622 celebrari,
2518 1557 2683 1612 etiam
2721 1572 3080 1627 quascunque
3135 1556 3222 1611 lex
3276 1557 3331 1610 in
3381 1557 3489 1610 im-

1911 1646 2130 1700 mundis
2170 1662 2234 1700 ex
2268 1647 2510 1716 qualibet
2533 1663 2697 1702 causa
2751 1647 3173 1703 emundationes
3219 1646 3485 1718 praecipit,

1913 1736 2157 1790 exhiberi
2190 1756 2201 1789 :
2242 1737 2355 1792 hare
2377 1754 2618 1807 pmsens
2643 1739 2781 1794 liber
2818 1739 3083 1804 continet,
3124 1738 3338 1808 aliaque
3364 1751 3486 1805 quae

1913 1827 2286 1897 hujuscemodi
2325 1837 2452 1886 sunt
2474 1828 2768 1884 eruditioni
2813 1829 3126 1899 conjuncta.
3170 1829 3297 1883 Sive
3337 1827 3485 1883 enim

1911 1919 2233 1973 festivitates
2257 1918 2482 1983 dixeris,
2516 1917 2630 1973 sive
2660 1919 2908 1974 ciborum
2945 1918 3302 1982 ditlerentias,
3366 1933 3488 1988 qua

1911 2012 2132 2082 quidem
2171 2027 2359 2066 eorum
2419 2011 2644 2076 munda,
2679 2026 2800 2081 quae
2865 2020 3047 2064 autem
3086 2018 3340 2080 Oporteat
3378 2009 3486 2064 dici

1913 2103 2211 2168 immunda,
2240 2103 2355 2157 sive
2378 2102 2696 2172 nuptiarum
2740 2101 3074 2163 illicitarum,
3114 2101 3228 2156 sive
3279 2098 3485 2154 sacriﬁo

1911 2195 2118 2250 ciorum
2151 2195 2419 2250 maculam
2457 2193 2774 2250 habentium
2802 2192 3118 2262 prohibitio,
3138 2201 3252 2246 tum
3292 2190 3482 2245 altaris

1911 2287 2285 2350 sanctiﬁcatio,
2313 2286 2381 2340 ad
2412 2285 2628 2339 Levitas
2668 2284 2945 2354 pertinent
2982 2295 3038 2338 et
3071 2283 3208 2346 ham,
3239 2291 3295 2337 et
3330 2297 3484 2351 quae-

1911 2393 2128 2447 cunque
2156 2377 2261 2430 alia
2304 2376 2557 2446 praesenti
2593 2376 2712 2444 lege
2750 2376 3060 2444 conscripta
3107 2383 3255 2429 sunt.
3286 2372 3396 2428 Sed
3426 2383 3488 2426 ut

1911 2480 2022 2519 non
2077 2463 2415 2534 superﬂuum
2469 2464 2884 2519 dinumeremus
2927 2462 3172 2531 singula,
3225 2460 3488 2516 faciemus

1913 2557 2218 2611 exordium.
2263 2555 2398 2609 lllud
2440 2571 2552 2624 prae
2591 2555 2848 2609 omnibus
2891 2569 3073 2609 sermo
3120 2569 3217 2610 eos
3244 2553 3336 2623 qui
3373 2554 3494 2608 haec

1912 2647 2103 2702 lecturi
2122 2657 2250 2701 sunt
2279 2653 2642 2709 contestatur,
2681 2646 2826 2714 quod
2855 2660 3082 2700 necesse
3113 2645 3185 2700 sit
3207 2645 3492 2714 interpre-

1914 2739 2175 2793 tationem
2201 2738 2268 2792 ad
2296 2753 2576 2807 anagogen
2610 2737 2774 2801 trahi,
2803 2747 2856 2792 et
2877 2737 3122 2792 auditum
3150 2737 3219 2791 ab
3265 2736 3490 2790 humili-

1909 2829 2014 2885 bus
2040 2829 2108 2884 ad
2136 2830 2450 2884 sublimiora
2493 2828 2797 2895 transferri,
2847 2829 3254 2899 spiritalemque
3286 2827 3492 2883 intelli-

1914 2920 2148 2989 gentiam
2195 2921 2247 2972 in
2295 2921 2476 2973 littera
2541 2919 2895 2988 perscrutari.
2954 2919 3142 2988 Neque
3189 2918 3336 2972 enim
3389 2918 3493 2973 hoc

237 3021 343 3060 nec
372 3009 438 3062 de
459 3010 639 3078 aliquo
663 3028 851 3066 eorum
882 3015 983 3069 hoc
1011 3017 1273 3072 debuerat
1302 3023 1519 3089 prtecipi
1556 3041 1568 3076 :
1607 3025 1652 3078 si
1683 3042 1811 3080 vero

1916 3011 2236 3065 contradicit
2267 3010 2392 3081 legi,
2418 3011 2512 3065 sed
2535 3011 2646 3065 imo
2669 3011 2840 3080 magis
2863 3011 3109 3066 defendit
3131 3020 3186 3066 et
3204 3011 3493 3066 conﬁrmat

237 3098 465 3162 bonum,
496 3101 726 3158 debebat
759 3105 808 3158 in
843 3114 1074 3176 utroque
1098 3112 1316 3164 sanciri.
1369 3114 1574 3168 Similia
1630 3127 1811 3173 autem

239 3186 346 3251 his,
383 3197 438 3242 et
475 3205 570 3258 prr
609 3209 824 3246 omnem
870 3197 1272 3263 quodammodo
1313 3211 1627 3256 contextum
1680 3206 1814 3276 legis

239 3277 404 3346 hujus
436 3282 676 3336 invenies
692 3284 864 3352 egisse
879 3301 975 3353 per
987 3287 1237 3355 spiritum
1261 3289 1642 3360 legislatorcm,
1658 3295 1709 3349 id
1730 3306 1814 3351 est

239 3371 645 3439 prmeipientcm
680 3389 801 3442 quae
825 3385 1090 3442 vetuerat,
1119 3395 1415 3450 rursusque.
1434 3385 1812 3450 prohibentem

235 3475 361 3531 quae
381 3460 584 3530 pridem
596 3475 945 3533 praeceperat.
972 3467 1125 3532 Quod
1149 3480 1204 3523 et
1225 3470 1387 3525 nimis
1407 3473 1811 3530 observantiam

242 3552 594 3620 reprehendit
638 3554 830 3609 littera:
857 3597 871 3621 ,
923 3559 1268 3628 ostenditque
1317 3565 1811 3622 considerationem

242 3643 608 3697 necessariam
647 3661 766 3699 esse
798 3647 1056 3715 spiritalis
1116 3651 1489 3723 intelligentiae
1533 3674 1546 3710 :
1598 3674 1812 3712 necnon

242 3735 609 3802 evangelieam
656 3737 900 3792 defendit
948 3743 1389 3809 praedicationem
1428 3749 1812 3816 prohibentem

241 3823 485 3891 qumdam
503 3825 570 3878 de
594 3825 679 3879 his
699 3843 818 3896 qua:
831 3829 1083 3884 videntur
1105 3834 1226 3902 legi,
1255 3838 1554 3891 secundum
1581 3840 1814 3895 litteram

244 3912 464 3983 intelligi
489 3916 606 3970 sive
633 3917 742 3983 agi,
764 3927 815 3971 et
844 3935 1009 3973 unum
1040 3925 1400 3994 eamdemque
1439 3942 1560 3981 esse
1602 3931 1816 3998 legisla-

245 4012 414 4056 toreai
447 4005 783 4060 demonstrat
807 4011 928 4062 novi
964 4011 1124 4065 simul
1146 4029 1209 4067 ac
1236 4017 1433 4068 veteris
1483 4022 1814 4083 testamenti,

244 4094 372 4148 dum
396 4111 458 4148 ex
494 4101 816 4153 auctoritate
843 4102 957 4155 sive
988 4112 1279 4170 potestate,
1323 4123 1444 4174 qua:
1487 4109 1620 4173 vult,
1671 4127 1820 4165 nunc

243 4185 520 4254 pra-cipit,
546 4203 690 4242 nunc
731 4200 914 4244 autem
985 4193 1258 4261 prohibet.
1302 4197 1448 4250 Nihil
1493 4209 1674 4253 autem
1717 4203 1816 4255 sibi

243 4276 573 4331 contrarium
629 4277 803 4346 jubet,
836 4281 960 4336 licet
988 4285 1266 4352 przecipiat
1311 4302 1374 4340 ea
1429 4304 1550 4357 quae
1608 4291 1816 4360 pridem

245 4365 538 4432 prohibuit,
574 4377 629 4422 et
662 4369 946 4438 prohibeat
986 4389 1107 4442 quae
1155 4377 1284 4429 olim
1337 4352 1623 4448 praecepta
1662 4391 1810 4437 sunt.
1853 4352 1892 4405 θ

244 4455 349 4509 Sed
391 4467 444 4510 et
469 4458 633 4513 nimis
669 4461 844 4515 sancit
891 4465 1290 4532 convenientia,
1333 4470 1435 4523 scit
1473 4486 1502 4524 a
1549 4486 1657 4540 quo
1699 4473 1820 4542 ejus

244 4548 466 4618 intelligi
523 4551 694 4619 possit
753 4551 1006 4616 intentio,
1052 4566 1108 4610 et
1139 4559 1203 4612 ad
1232 4576 1392 4628 quem
1428 4561 1590 4616 ﬁnem
1641 4565 1818 4634 respi-

241 4640 391 4693 ciant
419 4642 539 4707 ejus
571 4651 771 4698 statuta
792 4647 999 4700 sentiri.
1033 4647 1136 4702 Sed
1167 4651 1291 4719 quia
1331 4654 1464 4707 mihi
1492 4655 1559 4709 de
1595 4656 1678 4712 his
1696 4673 1820 4711 ver-

243 4729 371 4782 bum
404 4729 518 4782 dari
547 4731 600 4782 in
629 4733 965 4800 apertionetn
993 4737 1124 4799 oris,
1157 4739 1210 4792 in
1237 4741 1408 4794 omni"
1451 4743 1713 4811 patientia
1766 4755 1821 4800 et

241 4817 620 4873 obsecratione
680 4820 853 4876 fecisti
887 4841 902 4876 :
942 4828 1426 4892 quemadmodum.
1456 4831 1817 4895 Ephesiorum

243 4905 538 4994 Ecclesiatn
565 4908 761 4963 Paulus
788 4927 973 4977 orans,
1007 4913 1301 4982 deprecare
1332 4915 1351 4945 ³
1389 4923 1448 4967 ut
1491 4917 1586 4972 ﬁat
1619 4920 1822 4973 oblatio

244 4999 393 5052 verbi
424 4999 529 5053 mei
557 5004 922 5072 acceptabilis,
950 5021 1058 5059 non
1087 5007 1262 5060 solum
1289 5006 1342 5060 in
1370 5007 1694 5075 Jerusalem,
1725 5012 1820 5067 sed

245 5091 300 5134 et
337 5085 390 5137 in
419 5091 562 5142 omni
599 5100 742 5146 terra
781 5094 836 5148 in
875 5109 982 5163 qua
1024 5095 1136 5150 Deo
1159 5109 1436 5153 annuente
1468 5099 1733 5164 defertur,
1760 5112 1822 5156 ut
1850 5137 1867 5156 .

245 5174 574 5244 gloriﬁeetur
595 5182 864 5248 Christus,
913 5186 1005 5255 qui
1063 5189 1229 5242 stulta
1260 5191 1467 5258 tnundi,
1496 5201 1550 5246 et
1578 5192 1813 5260 inﬁrma,

245 5276 301 5321 et
328 5267 602 5336 ignobilia.
638 5283 694 5328 et
729 5290 792 5329 ea
819 5291 939 5346 qua:
969 5294 1076 5333 non
1113 5291 1260 5345 sunt,
1297 5283 1462 5352 elegit
1498 5302 1510 5336 :
1548 5284 1709 5337 sicuti
1764 5295 1820 5338 et

244 5374 334 5412 me
356 5363 424 5414 ab
449 5365 596 5415 omni
631 5365 840 5432 justitia
869 5370 1209 5437 destitutum,
1237 5383 1294 5427 et
1323 5389 1352 5426 a
1387 5374 1652 5443 sapientia
1683 5373 1818 5428 alie-

247 5467 402 5517 num,
429 5468 538 5506 non
569 5455 844 5523 idoneum,
881 5477 984 5516 nec
1005 5479 1220 5519 servum
1253 5465 1496 5520 inutilem
1524 5467 1818 5532 nominari,

320 5647 382 5700 Ἰ
415 5648 541 5703 Cor.
583 5666 644 5715 ιι,
671 5652 724 5715 4,
751 5652 801 5706 5.
882 5658 922 5686 "
957 5658 993 5710 Il
1018 5659 1141 5712 Cor.
1185 5677 1275 5729 xu,
1319 5663 1370 5716 9.

1471 5663 1490 5692 ³
1521 5661 1720 5732 Ephes.
1760 5681 1832 5727 vt,
1874 5663 1957 5717 l8.

1915 3101 2085 3170 legem
2127 3119 2139 3153 :
2171 3100 2294 3169 quia
2329 3115 2432 3154 nec
2462 3109 2652 3154 contra
2679 3115 2819 3164 eam,
2856 3101 2948 3155 sed
2972 3100 3156 3171 potius
3191 3099 3491 3155 resistenti-
3547 3127 3558 3139 -

1914 3193 2015 3248 bus
2045 3207 2144 3261 pro
2189 3208 2252 3246 ea
2297 3208 2538 3262 pugnare
2586 3192 2950 3261 suscepimus.
3013 3192 3360 3246 Manifestum
3409 3201 3495 3246 est

1916 3294 2094 3338 autem
2126 3285 2247 3346 hoc,
2279 3300 2344 3338 ex
2371 3299 2438 3338 eo
2455 3284 2600 3352 quod
2625 3282 2828 3336 inimici
2861 3283 2994 3352 legis
3016 3283 3249 3338 maxime
3277 3299 3396 3337 eam
3436 3283 3490 3336 in

1916 3375 2098 3427 multis
2128 3374 2561 3442 nihiljuva'ntem
2585 3381 2640 3426 et
2665 3373 2912 3426 inutilem
2949 3380 3244 3425 accusant:
3276 3372 3369 3426 sed
3393 3388 3493 3425 nos

1919 3460 2080 3528 hujus
2126 3461 2413 3513 maximam
2457 3461 2745 3514 utilitatem
2773 3475 2872 3529 per
2902 3460 3322 3531 intelligibilium
3357 3477 3491 3514 ana-

1916 3564 2084 3620 go-gen
2112 3550 2467 3605 ostendimus.
2492 3550 2602 3604 Nec
2621 3550 2765 3603 enim
2794 3549 3195 3619 reprehendere
3220 3549 3342 3619 quis
3359 3565 3495 3603 ana-

1917 3657 2065 3710 εοεαε
2091 3641 2588 3708 interpretationes,
2633 3656 2732 3694 nec
2773 3641 3147 3694 intellectuum
3177 3641 3492 3694 considera-

1920 3733 2142 3796 tionem,
2175 3747 2277 3786 nec
2304 3732 2499 3785 littera:
2515 3741 2808 3801 praesumat
2828 3732 3288 3800 explanationem,
3315 3747 3492 3802 neque

1918 3833 2104 3877 noster
2126 3824 2412 3893 quispiam,
2431 3839 2609 3894 neque
2638 3824 2868 3878 alienus.
2898 3823 3030 3877 Nam
3056 3834 3245 3878 noster
3269 3825 3490 3894 quidem

1921 3913 2227 3966 testimonia
2277 3921 2464 3981 aperta
2529 3913 2835 3967 iStiusmodi
2901 3915 3260 3982 expositionis
3325 3915 3495 3969 multa

1922 4005 2283 4073 habet.atque
2308 4004 2665 4058 differentia:
2712 4005 2877 4059 veluti
2935 4005 3137 4058 Christi
3189 4005 3493 4075 parabolas,

1920 4093 1972 4146 in
2005 4093 2202 4161 quibus
2229 4109 2416 4162 agrum
2461 4094 2747 4156 mundum,
2812 4093 3102 4163 agricolam
3171 4111 3251 4156 se.
3308 4110 3497 4150 semen

1919 4183 2122 4237 bonum
2143 4183 2343 4251 justos,
2375 4184 2582 4237 zizania
2621 4183 2908 4254 malignos,
2937 4199 3209 4238 messores
3253 4185 3493 4256 angelos,

1922 4276 2198 4329 inimicum
2233 4277 2761 4346 superseminantem
2781 4277 2958 4331 tritico
2989 4275 3195 4331 zizania
3226 4276 3511 4332 diabolum.

1924 4381 2222 4434 exponens,
2275 4367 2703 4437 unumquodque
2747 4367 3133 4436 praedictorum
3185 4365 3512 4436 appellavit..

1923 4455 2061 4522 Quid
2093 4474 2221 4528 ergo
2246 4459 2625 4528 incongruum,
2664 4458 2708 4512 si
2733 4459 2856 4528 quis
2882 4459 3048 4513 etiam
3078 4473 3225 4513 nunc
3255 4472 3513 4528 praesens.

1924 4549 2056 4620 legis
2095 4551 2371 4620 negotium
2402 4566 2706 4620 exponens,
2755 4552 2948 4606 bovem
2977 4551 3121 4606 dicat
3168 4567 3290 4607 esse
3330 4551 3503 4606 bomi~

1924 4658 2048 4696 nem
2098 4643 2188 4710 qui
2241 4652 2496 4710 operatur
2542 4643 2846 4712 justitiam;
2890 4660 3052 4698 ovem
3095 4644 3398 4712 simplicem
3445 4651 3503 4697 ct

1926 4735 2296 4795 innocentem,
2319 4733 2624 4786 columbam
2665 4740 2757 4785 aut
2787 4742 3052 4785 turturem
3079 4771 3093 4795 ,
3120 4734 3367 4786 viventes
3405 4747 3502 4785 su-

1926 4823 2164 4885 blimius,
2195 4822 2749 4890 contemplationique
2777 4831 3050 4874 vacantes.
3073 4821 3180 4874 Sed
3195 4837 3262 4875 ne
3281 4821 3506 4878 Judtens

1924 4911 2144 4984 quidem
2167 4913 2538 4969 contradicere
2563 4913 2875 4982 hujusmodi
2900 4912 3033 4983 legis
3065 4912 3501 4983 interpretationi

1925 5005 2158 5076 poterit:
2189 5004 2439 5073 nunquid
2483 5019 2592 5059 non
2635 5002 2934 5058 Jerusalem
2983 5003 3207 5058 leaenam
3250 5001 3502 5060 Ezechiel

1926 5097 2189 5169 propheta
2203 5098 2224 5128 ’δ
2239 5097 2563 5166 appellavit?
2579 5096 2818 5151 catulum
2845 5105 3026 5151 autem
3039 5095 3158 5165 ejus
3176 5093 3498 5158 Heliachim.

1926 5192 2017 5260 qui
2043 5191 2240 5244 ductus
2267 5199 2351 5243 est
2382 5189 2434 5242 in
2467 5188 2801 5259 Egyptum‘!
2833 5187 3012 5241 Alium
3039 5201 3230 5242 rursus
3260 5188 3520 5243 catulum.

1925 5280 2192 5348 Joachim,
2215 5296 2373 5350 quem
2407 5281 2464 5334 in
2495 5279 2741 5339 vinculis.
2771 5280 2906 5346 sive,
2932 5289 2991 5334 ut
3019 5279 3162 5334 LXX
3193 5280 3498 5352 ediderunt.

1933 5373 1988 5426 in
2019 5388 2182 5427 cavea
2221 5372 2725 5428 Nabuchodonosor
2749 5371 3021 5442 Babylona
3046 5373 3324 5444 perduxit.
3362 5371 3501 5436 Quia

1931 5473 2116 5518 autem
2143 5463 2460 5534 intelligitur
2490 5463 2670 5533 aquila
2698 5465 2906 5536 magnis
2931 5463 3052 5533 alis,
3092 5465 3247 5534 quid.
3281 5465 3504 5522 inaures

2039 5673 2058 5696 ‘
2087 5662 2284 5720 Ezech.
2313 5682 2424 5731 xix,
2461 5663 2481 5719 Ι
2507 5678 2666 5736 seqq.
