3886 6306
1258 199 1357 216 γ.-.

389 253 490 321 ⁸191
1277 245 1284 247 “
1573 255 1931 318 HESYCHII
1983 251 2455 317 PRESBYTERI
3551 245 3661 315 79!

387 373 445 421 et
468 362 882 428 discrimiualia,
914 363 1240 435 hyacinthus
1260 372 1315 419 et
1332 364 1544 436 byssus,
1563 375 1619 420 et
1639 367 1742 420 alia
1768 367 1965 435 quibus
1994 372 2038 424 Α
2070 361 2210 417 Deus
2240 359 2554 431 appellavit,
2583 358 2772 414 dicens
2801 375 2815 412 :
2850 357 3002 430 Ejeci
3032 374 3116 413 eos
3141 360 3204 414 de
3233 347 3375 413 terra
3408 356 3658 428 ﬁggpti,

385 454 688 512 Jerusalem
730 453 894 522 Deus,
919 457 1218 511 secundum
1247 457 1390 525 quod
1435 459 1511 512 ait
1543 458 1630 513 hic
1661 459 1776 527 ipse
1833 473 1962 526 pro-
2063 461 2113 508 et
2133 453 2287 506 eduxi
2315 452 2370 504 in
2390 451 2612 514 deserto,
2635 458 2686 504 et
2704 451 2822 503 dedi
2847 451 2922 503 eis
2949 459 3211 520 pracepta
3237 467 3376 513 mea,
3416 460 3466 503 et
3500 450 3661 518 judi-

387 549 576 620 pheta,
607 547 868 602 vestivit?
898 547 1040 613 Quid
1069 557 1253 603 autem
1289 558 1345 604 et
1402 550 1561 614 later,
1607 551 1664 605 in
1688 566 1796 620 quo
1824 552 1961 606 civi—
2063 544 2144 596 cia
2171 559 2286 596 mea
2310 541 2509 595 ostendi
2538 542 2629 605 eis,
2656 556 2772 610 quae
2793 541 2958 611 faciat
2984 541 3139 593 homo
3169 550 3220 594 et
3241 542 3387 594 vivat
3425 542 3486 593 in
3517 540 3658 594 eis’.

387 645 556 692 tatem
608 637 899 708 depinxit?
943 639 1072 707 quid
1112 638 1289 693 ferrea
1321 641 1586 711 sartago?
1625 643 1754 711 quid
1805 643 1962 712 panis
2062 633 2201 688 Ecce
2229 633 2370 686 bona
2401 641 2456 687 et
2482 631 2639 686 valde
2666 632 2811 686 bona
2843 631 2896 684 in
2932 639 3146 686 tantum
3171 640 3232 685 ut
3279 631 3458 685 vitam
3511 646 3662 700 pre-

362 743 547 801 quem
570 727 638 781 de
676 727 876 792 tritico,
905 737 960 782 et
988 727 1213 791 hordeo,
1245 740 1299 783 el
1337 728 1477 796 laba,
1510 731 1674 798 lente,
1702 733 1872 799 milio,
1906 742 1962 788 et
2061 734 2675 788 stenteommemorans,
2707 723 2831 778 vide
2857 723 3036 792 qualia
3069 739 3259 777 rursus
3276 722 3348 777 de
3374 723 3468 776 his
3498 737 3661 776 man-

384 819 546 883 vicia,
575 818 689 872 Deo
709 817 938 887 jubente
973 819 1500 886 comedebat?Quia
1535 837 1646 877 non
1671 824 1847 878 solum
1895 840 1959 879 ea
2059 819 2199 874 datis
2232 818 2470 873 subdidit
2526 834 2539 870 :
2581 816 2649 870 Et
2676 832 2769 886 ego
2814 817 2888 869 eis
2937 817 3078 880 dedi,
3139 815 3337 885 inquit,
3389 816 3658 869 mandata

2059 927 2159 964 non
2194 911 2350 974 bona,
2371 917 2420 962 et
2442 909 2650 977 judicia
2675 908 2730 960 in
2762 907 2947 978 quibus
2977 924 3081 960 non
3107 907 3279 960 vivent
3302 909 3348 960 ⁸.
3397 907 3477 961 At
3513 923 3656 977 quo-

2058 1001 2220 1055 modo
2250 1007 2478 1069 possunt
2502 999 2641 1052 bona
2673 997 2791 1052 haec
2842 1013 2984 1064 esse,
3025 1007 3078 1052 et
3128 1013 3241 1052 non
3295 999 3486 1053 bona?
3545 1000 3656 1053 Aut

2057 1093 2328 1163 quomodo
2357 1107 2504 1145 nunc
2529 1091 2792 1160 praebent,
2842 1105 2991 1144 nunc
3042 1100 3226 1145 autem
3258 1107 3370 1145 non
3405 1092 3660 1162 praebent

2056 1186 2221 1238 vitam
2242 1184 2264 1236 ?
2283 1185 2386 1237 Aut
2414 1191 2564 1237 certe
2591 1181 2715 1250 quis
2740 1181 2814 1234 ita
2867 1182 3168 1236 secundum
3219 1198 3348 1237 eum
3383 1183 3654 1247 custodit.

2057 1272 2356 1328 secundum
2374 1286 2536 1340 quem
2559 1286 2588 1323 a
2607 1269 2914 1339 legislatore
2928 1271 3199 1340 descripta
3225 1281 3377 1336 sunt,
3398 1272 3658 1328 videlicet

2056 1361 2342 1430 spiritum?
2369 1360 2599 1428 Spiritus
2647 1361 2787 1412 enim
2826 1369 2899 1412 est
2936 1359 3095 1422 Deus,
3129 1369 3179 1414 et
3227 1376 3314 1414 eos
3373 1363 3471 1431 qui
3527 1364 3656 1416 ado-

2055 1461 2175 1506 rant
2209 1467 2348 1514 eum,
2375 1451 2432 1504 in
2450 1451 2640 1519 spiritu
2671 1460 2719 1503 et
2748 1451 2966 1503 veritate
2985 1460 3185 1519 oportet
3207 1453 3442 1506 adorare
3463 1454 3488 1486 ’
3511 1454 3658 1523 :ipse

381 1543 507 1595 dum
545 1559 758 1597 carnem
795 1552 951 1596 natus
979 1552 1075 1608 est,
1106 1545 1194 1612 qui
1225 1554 1404 1598 autent
1441 1545 1708 1611 exlibena,
1745 1564 1838 1614 per
1867 1565 1952 1602 re-
2054 1543 2110 1602 in
2135 1542 2214 1598 eis
2244 1542 2396 1596 vivit.
2431 1540 2538 1607 Qui
2591 1556 2721 1595 vero
2749 1540 3041 1595 carnaliter
3090 1541 3311 1612 accipit,
3357 1553 3518 1599 recte
3545 1562 3656 1601 non

381 1633 808 1701 promissionem;
841 1650 957 1705 qua:
979 1644 1098 1688 sunt
1128 1651 1220 1704 per
1243 1635 1550 1705 allegoriam
1580 1638 1728 1692 dicta
1753 1638 1951 1703 ’..Qui-
1987 1688 2028 1705 η
2054 1635 2197 1690 bona
2215 1634 2382 1688 sentit
2417 1633 2597 1687 divina
2613 1632 2851 1702 judicia:
2878 1633 3082 1701 quippe
3110 1648 3213 1687 nec
3234 1633 3520 1704 intelligit,
3554 1650 3657 1690 nec

380 1688 488 1790 que
504 1723 609 1778 hoc
635 1688 1024 1789 dicens,'illico
1046 1688 1646 1795 allegoriamvexhibuit,
1670 1728 1744 1782 ait
1764 1688 1947 1787 enim:
1984 1688 2029 1748 Β
2057 1727 2138 1782 eis
2153 1726 2324 1780 utitur
2343 1724 2682 1779 bene.‘Unde
2710 1738 2774 1777 ea
2801 1739 2923 1792 qua:
2944 1724 3090 1778 bona
3115 1732 3264 1788 sunt,
3286 1688 3448 1779 recte,
3466 1725 3522 1779 ei
3543 1741 3654 1779 non

382 1813 514 1868 Hec
533 1823 654 1868 sunt
683 1815 786 1869 duo
819 1824 1148 1880 testamenta,
1204 1817 1366 1872 unum
1418 1820 1627 1889 quidem
1674 1821 1738 1874 de
1779 1831 1953 1877 monte
2057 1818 2200 1872 bona
2246 1815 2422 1881 ﬁunt,
2471 1829 2576 1869 nec
2613 1814 2821 1868 vivitin
2852 1814 2962 1868 eis:
2990 1829 3116 1867 nam
3145 1815 3385 1884 primum
3425 1817 3653 1884 quidem

379 1901 532 1967 Sina,
553 1904 611 1955 in
633 1905 930 1958 servitutem
955 1922 1231 1976 generans,
1263 1922 1380 1976 qum
1407 1916 1480 1962 est
1521 1909 1664 1980 Agar
1683 1911 1726 1975 ⁸,
1771 1919 1825 1964 et
1861 1927 1952 1965 re-
2057 1909 2310 1980 ignorant
2351 1907 2517 1961 vitam
2573 1920 2694 1974 quae
2744 1905 2800 1957 in
2831 1904 2910 1958 eis
2942 1905 3124 1958 abdita
3161 1915 3264 1971 est,
3301 1906 3516 1960 deinde
3541 1923 3652 1961 non

378 1994 526 2064 liqua
545 2010 667 2065 qua:
691 2004 1018 2066 sequuntur.
1054 1997 1160 2052 Sed
1188 2013 1335 2051 nunc
1360 2007 1416 2052 et
1447 1998 1564 2054 haec
1588 2015 1654 2054 eo
1695 2001 1857 2056 modo
1883 2001 1951 2056 ad
2056 2012 2294 2067 semper,
2320 1997 2413 2051 sed
2427 2006 2576 2051 certo
2591 2003 2832 2065 tempore
2849 1994 3122 2064 legislator
3147 1995 3318 2050 voluit
3352 1997 3654 2066 superﬁcie

379 2086 716 2157 allegoriam,
752 2102 862 2156 quo
891 2089 1471 2158 reliquasScripturas,
1500 2091 1642 2145 trahi
1685 2101 1902 2161 oportet
1933 2109 1946 2144 :
2057 2095 2215 2141 tenus
2262 2085 2520 2143 custodiri
2553 2124 2569 2149 ,
2602 2092 2662 2138 ut
2706 2084 3033 2156 astringeret
3076 2085 3392 2140 Judaeorum
3450 2087 3652 2140 duram

376 2191 480 2232 nec
507 2178 1103 2246 quemadmodumillaa,
1129 2196 1250 2234 cum
1291 2195 1541 2250 magnam
1561 2195 1627 2235 ex
1645 2182 1950 2250 semetipsis
2054 2177 2343 2239 cervicem,
2377 2174 2720 2245 graviorique
2747 2183 2998 2242 egentem
3017 2175 3172 2245 jugo.
3203 2174 3510 2244 Propterea
3546 2191 3650 2244 po-

376 2265 615 2318 habeant
643 2266 774 2335 vim,
809 2268 1071 2336 majorem
1115 2277 1296 2321 tamen
1329 2284 1427 2336 per
1462 2269 1830 2324 contentionis
1859 2270 1949 2322 in-
2054 2266 2241 2336 pulum
2271 2279 2395 2318 eum
2417 2263 2568 2318 durae
2603 2262 2831 2332 cervicis
2857 2263 3140 2331 prophetae
3197 2263 3412 2318 dicunt.
3476 2264 3650 2319 Isaias

375 2355 820 2423 terpretationem
844 2356 1150 2426 suscipiunt
1193 2356 1501 2421 utilitatem,
1536 2358 1607 2411 ita
1637 2366 1948 2427 etpraesens
2053 2362 2237 2408 autem
2271 2369 2382 2407 non
2423 2361 2630 2406 tantum
2660 2351 2808 2406 durae
2831 2351 3085 2414 cervicis,
3113 2352 3209 2405 sed
3239 2352 3472 2406 vitulam
3521 2368 3646 2406 con-

375 2444 604 2508 sanctio,
633 2461 797 2515 parva
825 2445 957 2500 mihi
990 2456 1044 2500 et
1066 2445 1312 2510 minima,
1347 2456 1404 2501 et
1431 2447 1837 2502 utcredendum
1865 2455 1950 2502 est
2053 2451 2389 2500 sternentem
2432 2441 2745 2498 Judasorum
2791 2443 3056 2512 populum
3080 2443 3378 2513 appellavit
3403 2443 3470 2496 ιθ.
3510 2443 3647 2508 Quae

375 2544 477 2585 nec
505 2533 888 2598 reticendum,
914 2534 1124 2588 inutilis
1173 2535 1260 2589 vel
1301 2534 1548 2590 fortassis
1581 2537 1746 2590 etiam
1789 2537 1948 2591 noxia
2053 2544 2233 2590 autem
2254 2542 2610 2590 constemens
2623 2540 2728 2596 est,
2755 2533 2801 2588 si
2831 2533 2904 2588 ita
2927 2534 3229 2604 susceperit
3243 2536 3463 2605 jugum,
3491 2535 3646 2589 nullo

375 2628 462 2674 est
489 2620 579 2676 hic
639 2621 840 2688 littera,
897 2623 943 2677 si
988 2625 1250 2692 Spolietur
1271 2625 1539 2694 spirituali
1591 2625 1948 2698 intelligentia
2054 2627 2214 2680 modo
2230 2626 2501 2679 domatur.
2520 2623 2587 2679 Et
2615 2624 3110 2694 rursus:Ephraim
3132 2625 3297 2678 vitula
3321 2625 3482 2678 docta
3512 2625 3643 2679 dili-

375 2711 564 2765 multis
593 2714 996 2782 emergentibus
1030 2714 1201 2784 ipsius
1232 2716 1442 2781 litterae,
1471 2725 1527 2771 et
1559 2718 1722 2772 variis
1758 2733 1948 2788 repre-
2053 2733 2172 2788 gere
2191 2718 2459 2782 trituram,
2490 2715 2736 2770 transibit
2791 2732 2948 2785 super
3003 2716 3455 2786 pulchritudinem
3517 2718 3641 2770 colli

377 2801 755 2870 hensionibus,
809 2804 950 2859 sicut
1007 2806 1064 2868 in
1092 2807 1550 2876 subsequentibus
1589 2809 1944 2878 reperiemus,
2053 2809 2166 2877 ejus
2199 2809 2262 2872 ἰ,
2302 2821 2400 2877 per
2430 2807 2626 2861 collum
2649 2806 3016 2862 obedientiam
3068 2805 3404 2877 signiﬁcans,
3443 2807 3497 2860 in
3535 2824 3642 2876 que

377 2892 481 2950 nisi
516 2893 639 2962 quis
672 2895 740 2950 ad
791 2896 1159 2958 sublimiorem
1199 2898 1707 2967 interpretationem
1759 2901 1948 2956 confu-
2048 2903 2237 2972 jugum
2273 2900 2404 2969 legis
2434 2899 2879 2968 superimposuit,
2930 2906 2991 2952 ut
3037 2899 3356 2952 humiliatus
3405 2901 3645 2968 populus

375 2983 547 3054 giens,
575 3000 641 3038 ex
675 3001 738 3040 ea
771 2989 1230 3055 quemadmodum
1261 3005 1359 3060 pro
1420 2991 1596 3047 littera
1637 2992 1948 3048 satisfacere
1977 3032 2018 3091 ϐ
2053 2992 2288 3045 libenter
2332 2989 2704 3059 evangelicum
2730 2990 2946 3058 iugum.
2978 2997 3164 3058 utpote
3192 2989 3312 3042 leve
3355 3003 3646 3058 suaveque

377 3075 570 3143 possit,
604 3078 870 3146 exquirat.
905 3079 1130 3149 PrOpter
1152 3083 1297 3151 quod
1318 3090 1374 3136 et
1404 3083 1599 3137 bonam
1629 3084 1822 3153 legem,
1854 3099 1951 3137 seu
1979 3075 2018 3091 “’
2057 3081 2377 3149 susciperet.
2418 3078 2522 3132 Sed
2543 3079 2652 3149 jam
2678 3089 2894 3149 tempus
2918 3088 3009 3134 est
3043 3087 3102 3132 ut
3150 3078 3324 3148 ipsam
3349 3079 3490 3148 legis
3516 3095 3640 3151 prq-

377 3165 653 3232 mandata,
681 3176 735 3222 et
771 3184 881 3224 non
911 3170 1110 3224 bonam
1161 3187 1260 3241 per
1323 3172 1645 3243 prophetam
1699 3173 1948 3229 Ezechiel
2056 3186 2322 3242 ponamus
2354 3169 2608 3224 litteram.
3529 3155 3537 3160 ”

385 903 506 978 quia
537 909 590 962 in
615 908 886 978 parabolis
914 909 1057 964 dicta
1083 919 1231 974 sunt,
1269 912 1365 966 sed
1395 923 1450 967 et
1488 928 1551 968 ea
1606 929 1728 983 quae
1757 930 1959 970 secun-

384 1001 516 1055 dum
557 1001 836 1055 hiSIOriam
885 1010 1034 1068 sunt,
1080 1004 1156 1057 ad
1184 1004 1556 1060 sublimiorem
1621 1006 1958 1062 intellectum

383 1106 480 1160 per
512 1091 825 1162 allegoriam
858 1093 982 1148 duci
1011 1103 1308 1164 oporteret,
1331 1105 1516 1165 aperte
1539 1097 1736 1152 Paulus
1757 1107 1812 1153 et
1839 1099 1957 1154 sine

382 1181 562 1250 aliqua
584 1181 845 1236 dilatione
873 1181 1077 1238 Galatis
1133 1185 1379 1239 scribens
1429 1185 1505 1238 ait
1549 1204 1562 1238 :
1611 1185 1782 1240 Dicite
1827 1189 1956 1241 mihi

383 1274 473 1342 qui
501 1273 594 1326 sub
615 1273 726 1342 lege
749 1273 905 1327 vultis
936 1291 1062 1338 esse,
1096 1274 1257 1344 legem
1296 1292 1398 1328 non
1427 1276 1667 1346 legistis?
1689 1277 1955 1346 Scriptum

382 1372 456 1415 est
491 1363 652 1424 enim,
683 1364 807 1432 quia
838 1363 1106 1416 Abraham
1139 1367 1266 1416 duos
1298 1363 1434 1431 ﬁlios
1459 1365 1661 1429 habuit,
1703 1382 1863 1419 unum
1892 1383 1956 1420 ea:

382 1451 602 1515 ancilla,
632 1451 861 1504 alterum
893 1467 958 1506 ea:
980 1452 1162 1506 libera.
1195 1452 1299 1506 Sed
1323 1453 1413 1521 qui
1430 1470 1493 1506 ea:
1517 1455 1736 1518 ancilla,
1765 1472 1954 1509 secun-

450 3317 472 3352 '
509 3318 783 3390 Galat.1v,
823 3323 1025 3388 21,24.
1106 3325 1279 3396 “ibid.
1353 3328 1372 3358 ⁷
1409 3327 1606 3391 Ezech.
1631 3346 1721 3397 xx,
1747 3327 1832 3397 10,
1865 3329 1950 3382 ll.
2027 3327 2049 3358 ⁸
2076 3324 2206 3396 ibid.
2261 3323 2346 3391 l2.
2412 3323 2607 3379 'Joan.
2636 3339 2708 3379 Iv.
2750 3324 3033 3391 ‘°lsa.xv,
3060 3325 3113 3378 5.
3191 3324 3235 3357 “
3260 3322 3403 3380 Osce
3454 3339 3511 3391 x,
3551 3325 3642 3387 ﬂ.

390 3539 2340 3567 mw

2340 3548 3580 3576 Wm—

1472 3703 1883 3801 LIBER
1957 3679 2514 3794 PRIMUS.

2057 4103 2134 4158 nis
2156 4142 2168 4165 ,
2201 4102 2385 4154 domus
2416 4099 2588 4154 Israel
2604 4098 2678 4151 l'?
2708 4098 2869 4168 Atqui
2903 4098 3216 4168 frequenter
3241 4098 3556 4154 obtulerant
3615 4118 3628 4155 :

885 4099 1113 4176 canor
1151 4054 1443 4158 parum.

449 4190 609 4247 Vens.
647 4195 697 4256 1,
720 4194 774 4247 2.
814 4209 833 4244 ι
879 4191 1110 4247 Vocat-it
1143 4202 1324 4247 autem
1348 4193 1588 4263 Moysen,
1641 4201 1697 4248 et
1731 4187 1945 4255 locutus
1979 4212 2023 4267 ι)
2053 4191 2149 4246 sed
2179 4192 2248 4246 ob
2273 4192 2375 4246 hoc
2398 4191 2540 4260 quod
2565 4190 2727 4243 nimis
2759 4189 3118 4260 displicebant
3146 4189 3300 4254 ei,ea
3317 4191 3474 4258 quasi
3519 4207 3628 4245 non

376 4291 458 4338 est
487 4284 534 4338 ei
569 4283 827 4338 Dominus
857 4284 925 4338 de
959 4283 1309 4346 tabernaculo
1346 4283 1660 4346 testimonii,
1707 4285 1894 4340 dicens
1929 4304 1942 4339 :

374 4373 622 4452 Loquere
655 4374 776 4441 ﬁliis
823 4373 1003 4438 Israel,
1037 4382 1092 4428 et
1119 4375 1267 4435 dices
1324 4375 1392 4440 ad
1436 4389 1572 4430 eos:
1624 4375 1797 4429 llomo
1854 4377 1945 4446 qui

375 4463 635 4532 obtulerit
664 4479 728 4516 ex
753 4463 908 4518 vobis
943 4464 1176 4519 hostiam
1204 4465 1438 4518 Domino
1466 4465 1532 4520 de
1563 4467 1872 4538 pecoribus,
1890 4467 1945 4522 id

377 4564 477 4620 est,
513 4555 578 4608 de
608 4555 780 4610 bobus
826 4564 881 4609 et
909 4554 1102 4609 ovibus
1125 4555 1365 4620 ollerens
1389 4540 1654 4612 victimas.
1686 4577 1704 4609 ι

446 4644 600 4709 Quod
666 4661 774 4699 non
835 4644 1068 4714 diligens
1133 4646 1276 4703 Deus
1339 4649 1622 4715 sacriﬁcia,
1695 4666 1757 4704 ca
1823 4668 1945 4722 qua:

374 4738 441 4791 de
472 4735 752 4801 sacriﬁciis
778 4737 978 4792 Judacis
1016 4739 1354 4809 prmceperit,
1388 4741 1726 4811 demonstrat
1778 4726 1944 4811 Isaias

374 4830 560 4882 dicens
594 4845 606 4880 :
641 4826 752 4892 Quo
782 4829 911 4894 mihi
942 4829 1330 4896 multitudinem
1360 4832 1693 4886 victimarum
1743 4843 1944 4886 vestra-

378 4934 488 4970 rum
510 4919 534 4971 ?
555 4919 681 4981 dicit
708 4917 996 4982 Dominus;
1028 4918 1210 4986 plenus
1229 4934 1345 4984 sum
1371 4919 1671 4973 holocausta
1695 4921 1944 4984 arietum,

375 5019 424 5062 et
452 5009 607 5075 adipe
629 5009 923 5079 pinguium;
944 5009 1253 5076 sanguinem
1274 5010 1574 5071 vitulorum,
1609 5020 1658 5062 et
1685 5013 1941 5080 agnorum

378 5108 425 5149 et
465 5097 728 5150 hircorum
775 5095 938 5150 nolui.
985 5094 1115 5149 Cum
1158 5095 1400 5149 veneritis
1445 5106 1568 5150 ante
1620 5107 1948 5164 conspectum

379 5204 568 5252 meum,
601 5189 715 5258 quis
733 5189 969 5261 (μιωεὶυῆ
1003 5189 1110 5240 haec
1133 5189 1196 5242 de
1225 5190 1464 5242 manibus
1487 5191 1672 5244 vestris
1695 5191 1778 5242 “?
1807 5192 1948 5261 Ergo

379 5278 776 5344 quodammodo
803 5280 907 5332 hoc
944 5279 1086 5347 quod
1145 5279 1213 5333 de
1259 5279 1540 5334 sacriﬁciis
1590 5293 1943 5350 praeceperat,

381 5371 588 5424 abnuit.
625 5368 721 5424 His
741 5369 935 5424 similia
964 5377 1017 5422 et
1047 5371 1213 5425 Amos
1240 5371 1371 5424 dicit
1400 5387 1412 5422 :
1438 5369 1690 5441 Nunquid
1706 5372 1945 5425 victimas

383 5469 430 5521 et
459 5459 718 5526 sacriﬁcia
752 5457 1006 5511 obtulistis
1032 5460 1156 5512 mihi
1189 5461 1244 5512 in
1259 5460 1460 5513 deserto
1481 5461 1834 5531 quadraginta
1857 5479 1947 5515 an-

489 5633 529 5677 "
555 5634 652 5696 La.
686 5650 726 5695 l,
763 5636 841 5697 ll,
877 5635 954 5689 1‘2.
1060 5640 1283 5698 "Amos
1319 5658 1364 5695 v.
1404 5637 1491 5693 25.

2051 4285 2230 4339 oblata
2260 4283 2567 4354 reputabat.
2604 4283 2804 4337 Eadem
2840 4291 2896 4336 et
2915 4282 3181 4338 Jeremias
3208 4283 3474 4352 propheta
3499 4285 3576 4338 ait
3613 4301 3628 4337 :

2051 4377 2177 4430 Ha'c
2217 4377 2343 4430 dicit
2379 4375 2625 4429 Dominus
2675 4375 3015 4439 exercituum,
3059 4373 3198 4427 Deus
3224 4374 3430 4428 Israel:
3458 4373 3626 4426 Holo-

2053 4476 2358 4522 cautomata
2396 4477 2568 4522 vestra
2598 4466 2773 4519 addite
2795 4466 3020 4520 victimis
3054 4467 3258 4528 vestris,
3289 4475 3338 4519 et
3370 4467 3625 4519 comedit!

2053 4575 2274 4618 carnes:
2305 4559 2427 4629 quia
2459 4573 2562 4610 non
2611 4573 2727 4609 sum
2785 4556 2986 4610 locutus
3028 4556 3266 4624 patribus
3316 4558 3520 4620 vestris,
3573 4568 3624 4608 et

2051 4663 2152 4700 non
2175 4646 2395 4715 praecepi
2418 4647 2489 4699 eis
2510 4646 2564 4698 in
2593 4645 2676 4698 die
2721 4662 2823 4714 qua
2851 4645 3008 4698 eduxi
3027 4661 3110 4698 eos
3141 4647 3205 4698 de
3221 4655 3360 4699 terra
3383 4646 3621 4715 ﬁgypti,

2050 4739 2114 4792 de
2146 4739 2298 4791 verbo
2334 4737 2812 4790 holocautomatum
2851 4745 2898 4788 et
2927 4737 3258 4789 victimarum
3308 4737 3370 4788 “.
3403 4737 3510 4790 Sed
3541 4738 3622 4789 in.

2051 4828 2207 4898 quies
2241 4845 2252 4878 :
2284 4826 2410 4880 Haec
2434 4826 2500 4880 de
2535 4825 2730 4902 quibus
2768 4825 3044 4894 loquimur
3080 4825 3198 4895 ipse
3229 4827 3504 4880 mandavit
3528 4829 3619 4896 qui

2052 4910 2107 4972 et
2139 4926 2319 4988 negat,
2351 4927 2407 4972 et
2435 4932 2532 4972 cur
2563 4926 2724 4987 negat
2747 4931 2868 4986 quae
2911 4917 3301 4972 mandaverat?
3325 4918 3474 4972 Cur?
3494 4921 3616 4988 quia

2050 5010 2409 5076 intentionem
2443 5008 2649 5063 datoris
2701 5008 2758 5062 hi
2788 5009 2882 5076 qui
2924 5018 3256 5078 acceperunt
3295 5011 3616 5080 transgressi

2049 5110 2193 5156 Sunt.
2229 5101 2364 5154 Cum
2409 5101 2554 5154 enim
2591 5099 2806 5154 subtilis
2839 5108 3004 5165 esset,
3052 5111 3109 5154 et
3159 5101 3318 5155 valde
3371 5102 3616 5156 sublimis

2046 5193 2152 5254 lex,
2177 5203 2380 5246 etcum
2419 5199 2702 5260 propterea
2744 5190 3008 5246 absconsa
3046 5200 3192 5245 esset
3227 5192 3281 5244 in
3331 5192 3615 5261 superﬁcie

2044 5282 2258 5348 litterae,
2286 5290 2554 5351 quatenus
2578 5288 2981 5349 perscrutantes
3013 5295 3131 5334 eam
3175 5282 3452 5336 discerent
3486 5297 3613 5335 cum

2043 5373 2196 5444 prius
2233 5387 2362 5426 suos
2398 5371 2786 5426 emendassent
2820 5385 3048 5424 sensus:
3082 5380 3241 5426 erant
3265 5372 3410 5426 enim
3462 5387 3610 5426 eraso

2041 5461 2201 5518 sioris
2226 5471 2386 5531 atque
2421 5460 2539 5516 duri
2571 5458 2770 5524 cordis,
2802 5465 2857 5513 et
2887 5461 3119 5515 necdum
3148 5461 3320 5532 legem
3377 5461 3472 5516 Dei
3522 5459 3608 5514 iu-

1595 5639 1635 5677 ”
1661 5639 1861 5694 .lei'em.
1900 5655 1992 5697 ru.
2016 5640 2104 5708 2i,
2125 5637 2213 5693 ‘22.
