3886 6306
1801 157 1851 167 ποο-
1895 159 1949 173 υ-

55 289 186 354 ’193
1268 293 1353 357 ΙΝ
1386 295 1668 360 ιΕνΙΤΙ(

1775 298 1827 358 ll.
1866 325 1931 339 --
1971 301 2117 363 LIB.
2156 302 2206 364 Ι.
3234 298 3351 365 794

21 384 343 469 ltelligere
362 395 626 465 valentes,
657 396 712 454 in
737 397 1041 470 ignorantia
1105 412 1506 461 remanserunt.
1530 402 1670 460 Cum
1703 413 1746 465 Α
1772 406 2029 464 videlicet
2062 410 2248 476 Israel,
2283 410 2352 466 de
2369 409 2571 481 quibus
2599 424 2727 467 eum
2753 411 2848 482 qui
2878 407 3182 468 voluntaria
3210 412 3357 467 dona

22 495 280 543 {autem
326 488 560 545 niaxima
623 489 968 547 districtione
1025 494 1315 549 verborum
1399 495 1668 566 legislator

1775 502 2059 564 oﬂerebat,
2084 503 2153 559 de
2184 503 2363 559 bubus
2410 505 2498 560 vel
2529 505 2598 560 de
2615 504 2811 560 ovibus
2830 503 3031 559 otl‘erre
3054 504 3350 573 praecepit:

22 590 27 617 ί
60 589 307 679 utatur.
336 595 494 679 sugg
509 580 672 679 etiam
694 583 764 679 ab
793 583 910 679 ipsa
948 592 1033 639 est
1079 599 1257 639 orsus.
1292 583 1588 640 Exordium
1617 584 1674 639 in
1773 607 1838 649 ex
1869 605 2101 663 utroque
2134 595 2356 649 animali
2382 594 2735 662 veljumento
2780 593 3016 648 similem
3058 593 3356 661 designans

22 684 23 713 ξ
58 667 338 771 editione
360 667 503 770 bXX
548 668 742 739 incipit
769 671 838 725 ab
860 685 924 726 ea
955 680 1110 741 parte
1139 673 1403 729 orationis
1428 689 1549 743 qua:
1589 684 1668 728 est

1775 682 2073 744 hominem.
2108 683 2201 752 qui
2235 683 2370 737 nihil
2421 684 2716 743 acuminis,
2744 699 2923 751 neque
2964 683 3030 735 ad
3068 681 3352 745 virtutem,

22 784 25 805 δ
63 761 417 829 conjunctio
457 774 622 829 quam
675 761 1066 816 consuevimus
1123 762 1180 817 in
1230 762 1414 819 medio
1466 761 1675 817 ordinis
1773 788 1952 842 neque
1996 773 2063 827 ad
2110 773 2374 827 malitiam
2438 773 2625 837 ιηικει,
2665 772 2760 826 sed
2802 770 3037 825 ιι-,ιιίιυτ
3083 771 3152 825 ab
3188 769 3350 824 an";

22 870 29 899 ι
61 864 303 920 ponere
329 849 638 912 verborum,
673 858 733 904 ut
758 850 1193 920 praecedentibus
1240 851 1539 923 coniungat
1582 867 1668 906 se-

1775 864 1910 918 tales
1942 872 2073 918 sunt
2112 863 2284 918 boves
2316 871 2373 917 et
2405 878 2568 926 oves;
2604 861 2768 916 nimis
2815 861 2963 915 enim
3015 860 3081 914 ad
3130 871 3354 912 manum

22 986 23 991 η
60 938 319 1008 quentia
364 956 377 992 :
409 938 583 1008 ipsum
610 939 810 1010 quippe
832 940 955 995 libri
989 941 1153 1011 hujus
1180 941 1402 996 initium
1436 941 1668 996 termino

1775 961 1904 1007 sunt
1930 960 2190 1009 consueta
2224 951 2500 1014 animalia,
2528 960 2589 1005 et
2612 966 2711 1005 eos
2747 950 2838 1019 qui
2879 950 2957 1004 ita
3007 950 3232 1004 trahunt
3278 947 3356 1001 la-

22 1046 23 1049 ‘
64 1031 456 1100 pmcedentis
487 1031 789 1109 conjunxit,
820 1032 911 1101 qui
965 1033 1269 1103 appellatur
1315 1033 1558 1097 Exodus,
1613 1033 1671 1087 in

22 1147 27 1171 π
64 1137 187 1192 quo
224 1121 443 1192 Moyses
479 1122 884 1177 tabernaculum
929 1124 1127 1188 erexit,
1178 1123 1268 1179 cui
1327 1133 1477 1179 recte
1529 1139 1673 1195 prie-

22 1250 25 1273 ι
63 1215 270 1271 sentia
303 1216 729 1287 conjunguntur,
758 1232 882 1272 cum
907 1217 1075 1273 unius
1097 1217 1453 1288 ejusdemque
1472 1216 1565 1272 Dei
1614 1217 1671 1270 in

22 1332 26 1349 ι
69 1317 335 1378 utroque
363 1309 710 1363 contineatur
765 1323 921 1379 opus.
977 1309 1087 1364 Sed
1141 1318 1198 1365 et
1242 1310 1380 1364 liber
1424 1307 1670 1374 Numeri,

65 1400 209 1470 quia
256 1399 399 1454 nihil
446 1398 689 1454 medium
741 1399 887 1455 inter
937 1416 1062 1456 eum
1103 1409 1161 1457 et
1210 1400 1513 1455 Leviticum
1571 1415 1673 1469 ap-

70 1489 353 1557 pellatur,
394 1489 571 1544 simile
623 1489 788 1545 habet
831 1499 884 1545 et
965 1490 1082 1560 ipse
1162 1490 1542 1561 prommium;
1593 1489 1673 1544 ait

22 1630 23 1633 η
67 1579 237 1634 enim
272 1597 290 1633 :
330 1579 718 1650 «Locutusque
764 1588 850 1635 est
904 1579 1169 1636 Dominus
1214 1580 1285 1636 ad
1341 1579 1561 1651 Moysen
1613 1578 1672 1633 in

22 1708 23 1729 ι
70 1672 316 1726 deserto
355 1670 527 1736 Sinai,
575 1672 629 1725 in
667 1672 1016 1728 tabernaculo
1066 1670 1310 1739 foederis,
1354 1673 1530 1742 prima
1583 1671 1672 1726 die

1772 1045 1877 1099 cile
1901 1044 2209 1114 sequentia.
2241 1044 2308 1097 Et
2335 1050 2625 1112 propterea
2651 1056 2764 1095 non
2788 1040 3035 1095 omnium
3072 1041 3188 1095 haec
3228 1054 3352 1091 mu-

1772 1150 1926 1201 nera,
1963 1137 2058 1190 sed
2087 1134 2400 1189 Judaeorum
2430 1131 2770 1187 solummodo
2788 1145 2913 1185 esse
2966 1139 3194 1199 possunt
3224 1147 3236 1182 :
3273 1128 3352 1181 illi

1773 1227 1918 1283 enim
1953 1227 2167 1305 etiamsi
2199 1225 2418 1280 virtutis
2441 1224 2646 1292 aliquid
2675 1238 2784 1277 non
2811 1235 3128 1290 operantur,
3153 1221 3356 1275 sufﬁcit

1771 1315 1853 1370 eis
1884 1300 2109 1369 minime
2144 1315 2330 1383 inique
2361 1312 2601 1382 operari.
2643 1312 2720 1366 De
2748 1310 2954 1380 quibus
2979 1309 3144 1362 David
3202 1309 3351 1363 dicc-
3446 1299 3448 1302 ’

1770 1407 1864 1463 bat
1899 1423 1915 1461 :
1946 1406 2192 1460 Homines
2219 1414 2268 1459 et
2302 1405 2547 1474 jumenta
2585 1403 2762 1457 salvos
2812 1396 2995 1473 faciei,
3027 1399 3248 1454 Domine
3270 1401 3350 1471 "q;

1771 1497 2011 1568 primum
2064 1496 2314 1551 ordinem
2390 1494 2703 1549 hominibus
2752 1492 3091 1554 custodiens,
3151 1489 3352 1543 deinde

1772 1586 2080 1642 concedens
2110 1585 2276 1639 etiam
2313 1584 2540 1652 reliquis
2562 1582 2816 1638 salutem.
2848 1580 3011 1646 Quod
3033 1587 3216 1639 autem
3248 1578 3351 1633 lio-

1773 1679 1976 1734 minem
2012 1678 2197 1741 istum,
2228 1677 2297 1732 de
2319 1691 2429 1746 quo
2471 1690 2619 1730 nunc
2672 1681 2856 1729 sermo
2901 1682 3008 1736 est,
3073 1671 3353 1739 logislator

68 1762 302 1815 mensis
327 1762 575 1828 secundi,
599 1777 744 1817 anno
774 1763 967 1816 altero.
994 1781 1015 1814 ι
1037 1761 1184 1816 Nihil
1208 1777 1337 1832 ergo
1355 1768 1479 1830 post
1495 1761 1672 1815 bisto-
1705 1754 1747 1809 Β
1774 1769 2086 1839 appellavit,
2117 1768 2192 1822 ait
2212 1768 2358 1821 enim
2393 1785 2407 1820 :
2440 1765 2614 1821 Homo
2646 1781 2713 1820 ex
2739 1765 2913 1829 vobis,
2949 1778 3061 1818 non
3092 1763 3197 1816 hoc
3245 1761 3347 1815 ad-

22 1882 23 1913 ξ
71 1852 223 1905 riam
255 1850 487 1906 Levitici
506 1853 632 1907 libri
656 1895 672 1918 ,
700 1862 828 1907 ante
854 1853 1141 1908 historiam
1170 1868 1299 1908 vero
1324 1851 1546 1906 Numeri
1558 1864 1670 1920 'po-

70 1944 254 2013 pulus
275 1943 592 1998 Judaaorum
615 1944 754 2015 egit:
778 1959 954 2015 neque
977 1945 1125 1999 enim
1144 1945 1322 2000 locum
1340 1951 1667 2007 mutaverat,

22 2068 23 2071 η
70 2036 211 2105 quia
247 2035 486 2090 necdum
524 2035 932 2091 tabernaculum
957 2034 1296 2102 dedicarant,
1315 2050 1418 2090 nec
1453 2043 1670 2103 tempus

70 2128 324 2182 multum
363 2126 717 2196 praeterierat.
758 2125 817 2179 In
871 2125 1048 2195 primo
1096 2124 1299 2194 quippe
1339 2136 1528 2178 mense
1580 2136 1670 2176 se-

72 2216 256 2270 cundi
295 2215 446 2281 anni,
470 2215 718 2286 ejusdem
748 2213 949 2268 mensis
972 2212 1124 2268 initio
1151 2213 1235 2282 agi
1272 2220 1577 2281 coeperunt.
1609 2208 1666 2262 In

72 2307 279 2362 Exodo
303 2315 486 2360 autem
520 2316 575 2360 et
604 2304 824 2367 Genesi,
863 2303 989 2374 quia
1041 2311 1256 2373 tempus
1289 2301 1517 2356 multum
1550 2313 1669 2353 me-

72 2400 262 2464 dium,
303 2398 503 2468 Joseph
535 2397 744 2461 mortis,
774 2405 831 2450 et
861 2394 1193 2466 egressionis
1225 2393 1460 2448 ﬁliorum
1507 2389 1670 2445 Israel

76 2498 516 2553 transcurrerat,
550 2503 658 2542 non
695 2486 945 2541 similiter
973 2484 1030 2540 in
1061 2485 1272 2540 eisdem
1297 2482 1452 2539 libris
1479 2481 1665 2552 coepit.

72 2581 201 2635 Non
233 2579 389 2633 enim
408 2587 464 2633 et
490 2577 912 2647 conjunctionis,
935 2577 1030 2631 sed
1053 2584 1422 2646 opportunum
1448 2572 1671 2641 dispen-

74 2671 291 2726 sationi
317 2685 509 2724 eorum
538 2685 659 2738 quae
688 2669 764 2723 ibi
790 2667 991 2738 scripta
1018 2676 1167 2728 sunt,
1193 2663 1665 2736 ponitexordium.

74 2761 173 2816 Ait
201 2759 363 2815 enim
393 2759 474 2814 sic
502 2777 514 2812 :
544 2758 668 2812 Haec
682 2765 803 2811 sunt
826 2756 968 2810 enim
992 2756 1204 2809 nomina
1221 2755 1454 2824 ﬁliorum
1475 2751 1667 2818 Israel,

76 2853 172 2921 qui
206 2848 440 2920 ingressi
467 2857 587 2902 sunt
606 2848 663 2901 in
691 2846 922 2918 Egypto
951 2862 1071 2900 cum
1107 2845 1288 2910 Jacob,
1328 2843 1523 2914 singuli
1552 2858 1670 2895 cum

75 2944 331 2996 domibus
361 2941 469 2994 suis
493 2941 557 2993 ¹⁵.
590 2938 699 2993 Sed
756 2938 875 2993 sine
931 2937 1098 2993 dubio
1123 2936 1346 3006 objiciet
1376 2934 1666 3005 quispiam,

77 3035 450 3103 quamobrem
476 3032 598 3087 libri
624 3031 758 3102 legis
786 3031 946 3086 divisi
976 3038 1125 3094 sunt,
1182 3044 1308 3085 cum
1363 3044 1472 3081 non
1525 3026 1669 3081 divi-

1770 1860 2018 1922 mireris;
2050 1858 2309 1928 possibile
2332 1868 2417 1913 est
2444 1859 2591 1912 enim
2644 1858 2898 1912 eumdem
2960 1865 3017 1911 et
3071 1855 3353 1910 hominem

1768 1947 2050 2019 appellari,
2083 1955 2139 2001 et
2167 1963 2288 2016 quae
2314 1947 2686 2015 iumentorum
2711 1954 2840 2000 sunt
2860 1960 3042 2015 agere.
3102 1943 3347 1996 Demon-

1768 2050 2098 2097 stratautem
2130 2039 2235 2093 hoc
2265 2038 2408 2093 idem
2461 2037 2630 2092 David
2664 2037 2930 2107 propheta
2983 2035 3174 2090 dicens
3207 2052 3221 2087 :
3276 2032 3353 2088 Εε

1766 2132 1919 2185 Itonia
1948 2147 2065 2184 cum
2111 2131 2168 2184 in
2197 2130 2389 2183 honore
2415 2138 2564 2191 esset,
2602 2138 2940 2199 comparatus
2978 2138 3051 2182 est
3091 2128 3354 2197 jumenlis

1767 2223 2153 2290 insipientibus,
2200 2230 2249 2275 et
2277 2219 2467 2274 similis
2499 2221 2671 2288 {actus
2716 2228 2788 2273 est
2851 2219 2958 2271 illis
3005 2218 3070 2271 ιθ.
3141 2218 3345 2271 Verum

1767 2316 1895 2387 quia
1928 2314 2319 2383 intelligibilem
2337 2312 2628 2382 quemdam
2655 2311 2823 2365 Israel
2837 2311 3150 2374 didicimus,
3184 2321 3345 2363 eum-

1767 2422 1874 2477 que
1922 2403 2317 2474 intelligibilem
2409 2401 2882 2458 circumcisionem
2968 2409 3343 2464 venerantem,

1766 2496 2222 2569 quemadmodum
2243 2494 2443 2549 Paulus
2462 2493 2569 2548 ait:
2592 2492 2707 2546 Non
2724 2494 2862 2547 enim
2878 2495 2969 2562 qui
2994 2495 3050 2546 in
3065 2493 3346 2561 manifesto
3382 2516 3385 2519 λ

1764 2591 2000 2655 Ιαάωιω,
2024 2605 2117 2643 nec
2144 2605 2207 2642 ea
2236 2602 2353 2657 quae
2390 2585 2670 2656 propalam
2702 2587 2758 2638 in
2787 2600 2946 2637 carne
2996 2592 3081 2638 est
3120 2583 3348 2635 circum-

1767 2684 1914 2744 cisio,
1952 2682 2042 2736 sed
2066 2696 2182 2751 qua:
2219 2682 2275 2732 in
2326 2678 2548 2741 occulto,
2590 2685 2638 2730 et
2669 2692 2785 2744 qua:
2827 2674 3155 2729 circumcisio
3176 2672 3349 2725 cordis

1766 2776 1822 2829 in
1854 2773 2065 2842 spiritu,
2096 2786 2199 2823 non
2228 2768 2425 2832 littera,
2455 2767 2607 2836 cujus
2632 2764 2750 2818 laus
2787 2779 2889 2816 non
2926 2777 2990 2815 ea:
3023 2759 3342 2823 hominibus,

1766 2864 1856 2919 sed
1887 2878 1954 2917 ea:
1997 2862 2103 2915 Deo
2146 2867 2222 2913 est
2254 2858 2321 2922 ³⁸,
2363 2856 2416 2911 ei
2471 2854 2795 2925 spiritaliter
2838 2851 3155 2923 praedictam
3213 2847 3351 2921 legis

1769 2953 2108 3009 sanctionem
2135 2955 2481 3018 coaptemus.
3180 3002 3191 3009 ‘

1841 3043 2089 3101 νεικεῖν.
2142 3058 2161 3093 ¢
2198 3039 2255 3095 Si
2314 3039 2436 3108 ejus
2494 3035 2871 3090 holocaustum
2926 3031 3089 3086 fuerit
3147 3027 3349 3084 oblatio

79 3127 375 3189 darentur,
433 3123 573 3178 sicut
630 3094 947 3193 praedictum
1011 3129 1130 3185 est,
1180 3129 1423 3188 tempore
1475 3119 1499 3173 ?
1563 3116 1668 3172 Sed

1775 3151 1839 3192 ac
1865 3137 1933 3192 de
1958 3142 2224 3197 armento,
2254 3128 2556 3185 masculum
2597 3126 3027 3185 immaculatum,
3052 3122 3251 3176 oll‘eret
3278 3119 3348 3173 ad

82 3218 193 3271 hoc
247 3215 377 3271 ideo
394 3224 453 3270 ut
484 3229 596 3268 non
622 3213 899 3269 fastidium
945 3210 1251 3283 legentibus
1289 3209 1411 3264 libri
1464 3208 1670 3263 faceret

80 3308 399 3379 amplitudo
445 3325 460 3362 :
514 3306 750 3361 libenter
816 3304 965 3360 enim
1004 3303 1373 3373 negotiatores
1446 3301 1669 3370 pelagus

83 3402 319 3471 viasque
344 3399 620 3462 dividunt,
650 3399 825 3467 ipsum
874 3393 1277 3465 quodammodo
1335 3392 1666 3447 arbitrantes

83 3493 339 3547 dividere
359 3505 418 3545 se
438 3490 702 3544 laborem.
743 3487 1015 3543 Praeterea
1051 3484 1353 3540 secundum
1379 3482 1523 3536 LXX
1554 3497 1666 3536 non

86 3583 299 3646 vorari,
351 3581 447 3637 sed
480 3581 722 3635 revocari
771 3577 991 3649 Moysen
1043 3575 1310 3646 scriptum
1370 3581 1476 3637 est,
1525 3575 1669 3629 sicut

84 3673 312 3743 quando
383 3673 565 3734 idem,
631 3669 933 3726 secundum
1013 3667 1177 3730 LXX,
1257 3664 1497 3720 Beseleel
1582 3674 1666 3719 ta-

87 3766 449 3820 bernaculum
503 3763 803 3819 secundum
870 3760 1096 3832 ﬁguram
1147 3773 1269 3827 qua:
1311 3765 1530 3813 ostensa
1585 3766 1669 3810 est

86 3854 144 3907 in
193 3863 408 3917 monte,
460 3853 641 3907 facere
693 3849 970 3920 praecepit.
1030 3848 1119 3903 Ait
1163 3846 1311 3901 enim
1351 3863 1365 3901 :
1419 3845 1668 3915 Dixitque

94 3946 298 4017 Moysis
320 3944 446 4014 ﬁliis
474 3943 642 3998 lsrael
666 3958 687 3997 :
725 3942 857 3996 Ecce
885 3940 1142 3994 revocavit
1172 3938 1311 3992 Deus
1339 3953 1404 3992 ea:
1460 3936 1667 3990 nemine

88 4036 324 4093 Beseleel
352 4036 523 4106 ﬁlium
546 4034 657 4089 Hor
680 4035 743 4088 de
764 4033 904 4093 tribu
939 4031 1102 4096 Juda,
1138 4038 1188 4083 et
1219 4028 1454 4097 implevit
1472 4026 1667 4095 spiritu

88 4129 369 4196 sapientia:
388 4128 453 4181 “.
484 4125 625 4197 Ergo
659 4133 715 4180 et
748 4138 896 4178 nunc
955 4121 1188 4176 aliorum
1239 4117 1665 4188 intelligibilium

88 4218 476 4293 quorumdam,
538 4226 594 4271 et
628 4212 1028 4270 rationabilium
1055 4208 1446 4266 sacriﬁciorum
1482 4198 1671 4277 imagié

89 4323 238 4369 nem,
267 4306 577 4364 describere
610 4303 870 4359 Dominus
892 4300 1108 4371 Moysen
1133 4298 1408 4368 praecepit,
1436 4303 1492 4351 et
1511 4309 1670 4365 aper-

93 4400 306 4456 tissime
331 4400 447 4454 lizec
468 4413 589 4468 quae
619 4397 818 4451 dicitur
861 4391 1154 4455 revocatio,
1193 4389 1660 4460 dispensationem

91 4491 384 4560 quamdam
434 4490 745 4551 verborum,
798 4485 883 4539 vel
923 4498 1103 4538 rerum
1156 4482 1223 4535 ad
1271 4479 1553 4550 superiora
1584 4493 1668 4533 re-

94 4582 471 4652 Spiirientium,
510 4579 709 4635 innuit.
749 4577 856 4633 Sed
907 4575 1049 4630 unde
1100 4573 1168 4628 ad
1210 4587 1334 4628 eum
1398 4570 1665 4626 Dominus

94 4674 372 4744 loquitur?
401 4675 476 4727 De
492 4669 841 4726 tabernaculo
861 4667 1065 4722 scilicet
1087 4664 1401 4720 testimonii.
1425 4663 1667 4717 Primum

96 4765 319 4833 quidem
355 4763 424 4818 de
454 4761 613 4824 ccelo,
640 4761 763 4831 quia
795 4759 849 4812 in
884 4759 1002 4828 ipso
1023 4755 1267 4810 habitare
1326 4753 1468 4809 Deus
1520 4752 1668 4811 alii:-

95 4865 296 4919 matur.
331 4852 541 4909 Deinde
572 4850 978 4906 tabernaculum
1011 4846 1307 4903 testimonii
1337 4853 1664 4915 praesentem

98 4946 421 5016 scripturam
448 4943 799 5014 intelligimus
825 4959 838 4994 :
869 4939 1125 5009 quoniam
1166 4936 1321 5006 quasi
1349 4935 1672 4990 tabernaeuw

99 5036 215 5090 lum
249 5038 517 5106 quoddam
579 5043 724 5100 erat,
758 5048 883 5090 cum
916 5047 981 5086 ea
1004 5044 1128 5100 quae
1162 5024 1506 5091 dicebantur,
1533 5026 1673 5080 ima-

102 5127 260 5199 gines
310 5128 427 5182 sive
454 5127 637 5198 ﬁgura:
662 5124 1007 5197 sequentium
1059 5121 1436 5193 mysteriorum
1463 5128 1670 5184 essent,

103 5225 330 5285 propter
362 5217 505 5285 quod
542 5214 947 5270 tabernaculum
1000 5210 1297 5266 testimonii
1352 5209 1660 5264 dicebatur.

103 5303 309 5362 ﬂorum
335 5316 517 5362 autem
541 5319 851 5361 sermonum
872 5302 1277 5363 tabernaculum
1298 5299 1673 5355 testimonium

108 5394 413 5452 futurarum
445 5411 624 5452 rerum
650 5403 754 5460 est,
792 5395 1200 5450 indubitabilem
1233 5391 1314 5447 eis
1357 5390 1516 5446 ﬁdem
1542 5405 1675 5458 prae-

110 5496 276 5543 stans.
308 5486 452 5555 Quid
481 5495 664 5541 autem
686 5484 945 5548 dicit,aut
969 5486 1035 5538 ad
1066 5499 1203 5553 quos
1219 5482 1422 5554 jussit?
1450 5481 1518 5536 ad
1536 5480 1675 5535 ﬁlios

212 5643 254 5675 ¹⁵
289 5641 455 5698 Exod.
483 5661 516 5697 ι.
559 5643 606 5696 1.

120 5727 207 5783 λιι.
241 5712 289 5769 1.

717 5639 758 5668 ¹⁶
798 5637 961 5691 Exod.
991 5653 1131 5703 XXXI,
1167 5636 1212 5689 l.

1293 5636 1332 5667 ”
1361 5633 1503 5688 Psal.
1530 5649 1687 5698 xxsv,
1724 5633 1775 5689 7.
1856 5627 1897 5658 ’⁸
1935 5622 2076 5677 Psal.
2111 5638 2295 5689 xum,
2324 5620 2408 5674 l5.

1774 3225 1973 3281 ostium
2005 3218 2342 3278 tabernaculi
2368 3215 2691 3280 testimonii,
2731 3215 2799 3269 ad
2851 3212 3181 3284 placandum
3242 3207 3347 3264 sibi

1775 3317 2089 3373 Dominum.
2128 3334 2146 3365 ι

1844 3407 1981 3473 Quia
2030 3404 2295 3461 sacriﬁcia
2346 3405 2487 3458 Deus
2541 3417 2572 3456 a
2622 3399 2784 3454 nobis
2829 3412 2929 3467 pro
2953 3402 3140 3450 nostra
3172 3391 3350 3446 salute

1772 3503 1907 3564 vult,
1947 3514 2058 3552 non
2093 3498 2210 3567 ipse
2253 3496 2335 3551 eis
2364 3510 2503 3565 opus
2546 3493 2777 3555 habens,
2826 3487 2960 3543 satis
2998 3499 3101 3540 nos
3144 3481 3350 3537 Paulus

1775 3588 2191 3648 commonefacit
2218 3603 2233 3651 ;
2257 3587 2329 3640 ait
2353 3588 2498 3641 enim
2526 3604 2539 3639 :
2561 3584 2780 3639 Obsecro
2802 3582 2982 3650 itaque
2997 3593 3108 3639 uos,
3132 3577 3346 3646 fratres,

1774 3702 1866 3757 per
1893 3680 2305 3737 misericordiam
2337 3678 2455 3740 Dei,
2500 3688 2557 3731 ut
2597 3673 2880 3730 exhibeatis
2913 3685 3132 3740 corpora
3175 3675 3347 3720 vestra

1773 3772 1996 3826 hostiam
2041 3769 2237 3828 vivam,
2271 3775 2533 3830 sanctam,
2574 3764 2681 3818 Deo
2736 3763 3071 3832 placentem;
3104 3756 3349 3810 rationa-

1773 3863 1874 3919 bile
1901 3861 2200 3932 obsequium
2227 3870 2454 3915 oeslrum
2470 3857 2537 3912 ’°.
2588 3857 2729 3925 Ergo
2762 3853 2983 3923 placens
3021 3848 3348 3904 sacriﬁcium

1774 3956 1906 4020 Deo,
1937 3967 2227 4022 corporum
2256 3957 2569 4004 nostrorum
2606 3941 2954 4000 mortiﬁcatio
2984 3949 3070 3995 est
3123 3942 3143 3992 ε’
3186 3936 3349 3991 simul

1773 4048 1921 4104 enim
1947 4046 2001 4100 in
2034 4059 2101 4100 eo
2147 4044 2445 4103 lucramur,
2499 4047 2556 4094 et
2584 4037 2730 4108 quod
2763 4051 2794 4090 a
2826 4044 3053 4105 peccato
3103 4029 3349 4085 abstine-

1775 4154 1917 4204 mus,
1942 4134 2168 4206 etquod
2194 4133 2425 4188 virtutes
2468 4128 2824 4200 acquirimus.
2884 4125 2992 4180 Sed
3046 4123 3177 4193 quia
3231 4121 3349 4190 ipsa

1774 4245 1999 4300 corpora
2030 4228 2248 4295 quidam
2278 4223 2617 4295 plenissime,
2650 4219 2817 4289 aliqui
2866 4228 3050 4271 autem
3083 4230 3148 4269 ex
3195 4221 3351 4283 parte

1775 4321 2137 4385 mortiﬁcant,
2170 4321 2471 4372 secundum
2510 4312 2881 4369 conditionem
2917 4304 3353 4364 conversationis

1703 4437 1747 4492 ο
1776 4422 1831 4468 et
1857 4411 2076 4467 modum
2102 4409 2228 4464 vitae
2251 4409 2307 4463 in
2342 4423 2448 4477 qua
2475 4405 2704 4477 degunt,
2745 4418 2870 4459 cum
2922 4400 2977 4455 hi
3026 4400 3245 4470 quidem
3291 4406 3354 4451 ut

1775 4505 1998 4578 perfecti
2018 4504 2257 4575 sapiunt,
2289 4502 2379 4557 alii
2433 4507 2495 4555 ut
2524 4498 2757 4570 parvuli,
2785 4511 2849 4552 ea
2884 4510 3005 4566 quae
3036 4490 3352 4548 omnimoda

1774 4606 1859 4654 est
1896 4596 2227 4652 renuntiatio
2265 4593 2471 4656 saeculi,
2523 4601 2581 4647 et
2647 4590 2987 4659 voluptatum
3034 4584 3354 4657 plenissima

1775 4686 2078 4757 abnegatio,
2100 4685 2481 4738 holocaustum
2502 4679 2704 4734 dicitur
2731 4696 2745 4732 :
2768 4685 2940 4731 totum
2963 4690 3022 4729 se
3047 4676 3197 4729 enim
3231 4672 3355 4741 quis

1779 4779 1889 4834 Deo
1923 4792 2020 4847 per
2048 4772 2443 4842 intelligibilem
2500 4769 2679 4836 ignem
2731 4765 2956 4832 spiritus
3016 4763 3199 4826 olfert,
3242 4775 3352 4814 non

1772 4871 1887 4939 jam
1917 4875 2187 4923 terrenus,
2213 4860 2306 4915 sed
2341 4857 2625 4927 spiritalis,
2667 4862 2724 4908 et
2784 4852 3190 4921 quodammodo
3241 4864 3355 4903 eoe-

1771 4935 1927 5012 lestis
1958 4952 2207 5009 edoctus.
2241 4949 2297 5002 Si
2319 4964 2448 5018 ergo
2473 4945 2562 4999 hic
2603 4948 2858 5013 operator
2911 4938 3072 4993 fuerit
3129 4935 3354 5006 iustitiae

1774 5047 1927 5120 legis,
1952 5059 2077 5116 quae
2098 5040 2398 5096 secundum
2417 5038 2657 5092 litteram
2688 5042 2792 5097 est,
2818 5032 2916 5086 bos
2939 5044 3068 5082 vero
3096 5025 3352 5080 similiter

1776 5136 2116 5199 nominatur,
2144 5130 2271 5201 quia
2306 5129 2486 5199 ipsum
2542 5122 2745 5181 animal
2781 5122 2969 5191 jugqu
3005 5123 3186 5187 portat
3245 5123 3350 5168 ter-

1778 5238 2033 5281 renorum
2059 5236 2307 5291 operum,
2332 5219 2521 5289 jugum
2540 5224 2717 5269 autem
2753 5222 2837 5267 est
2866 5219 2921 5264 et
2950 5210 3058 5262 let.
3090 5207 3181 5261 Sic
3206 5204 3351 5259 enim

1780 5315 1990 5378 Petrus,
2023 5327 2145 5366 cum
2171 5310 2224 5363 in
2244 5307 2545 5364 Jerusalem
2575 5303 3012 5364 concionaretur,
3041 5293 3349 5366 appellavit,

1779 5404 1965 5460 dicens
2003 5418 2016 5453 :
2066 5397 2203 5463 Quid
2256 5396 2467 5450 tentatis
2508 5393 2813 5455 Dominum,
2853 5390 3118 5458 imponere
3160 5384 3350 5455 jugum

1780 5510 1936 5564 super
1956 5490 2175 5545 cervices
2206 5486 2598 5558 discipulorum,
2620 5484 2759 5553 quod
2780 5500 2871 5538 nec
2904 5499 3015 5544 nos,
3062 5496 3152 5534 nec
3180 5485 3359 5547 patres

2489 5619 2530 5650 ιθ
2562 5617 2717 5672 Rom.
2738 5632 2800 5683 ιι,
2824 5616 2914 5679 28,
2945 5615 3034 5674 29.
3115 5614 3160 5646 ’°
3192 5610 3351 5667 Rom.
