3886 6306
545 304 649 365 795

1726 309 2086 370 HESYCHII
2143 309 2618 370 PRESBYTERI

3729 319 3825 382 τῦ

543 413 708 465 nostri
732 420 940 479 portare
970 412 1114 480 potui
1136 429 1230 466 nus
1253 411 1292 444 "
1319 412 1340 464 ?
1369 411 1545 466 Tcsfis
1576 420 1660 466 est
1688 422 1870 468 autem
1900 424 1956 468 et
1978 415 2117 469 Pau-
2149 423 2190 476 Α
2221 415 2389 476 mino,
2421 423 2476 468 et
2504 414 2736 470 ederent
2776 415 2868 470 ﬁlii
2911 416 3092 472 Aaron
3127 418 3430 474 sacerdotis
3488 425 3820 492 sanguineas

546 504 630 556 lus
657 505 725 557 de
759 506 859 558 boc
889 503 1109 556 animali
1135 504 1362 572 loquens
1386 520 1399 566 ;
1419 519 1855 559 commemorans
1882 522 2116 574 namque

546 595 862 647 mandatum
911 595 1067 663 legis,
1103 594 1214 646 ait:
1254 593 1372 645 Non
1435 593 1684 662 alligabis
1712 610 1766 647 os
1797 597 1910 648 bovi
1960 598 2118 648 tritu-

546 689 688 736 ranti
715 686 773 737 ".
808 684 959 748 Quod
992 685 1114 738 vide
1163 684 1622 752 quemadmodum
1677 685 2068 754 interpretetur
2100 704 2114 740 :

544 773 796 844 Nunquid
817 776 878 827 de
901 775 1056 827 bobus
1086 791 1211 827 cura
1241 785 1315 828 est
1346 775 1455 828 Deo
1485 777 1530 807 ’³
1562 776 1674 829 ?an
1743 787 1966 846 propter
2016 794 2117 832 nos

546 867 664 920 baac
689 867 837 928 dicit,
865 866 989 933 quia
1018 866 1182 920 debet
1208 866 1262 918 in
1289 882 1386 935 spe
1416 868 1505 935 qui
1535 877 1652 921 arat
1693 884 1869 934 arare,
1917 878 1972 923 et
2022 871 2116 939 qui

544 957 778 1010 seminat
801 958 852 1008 in
883 971 981 1025 spe
1027 957 1236 1012 fructus
1290 959 1603 1028 colligendi.
1657 960 1952 1014 Masculurn
1984 977 2117 1016 vero

543 1063 663 1101 esse
721 1063 919 1101 munus
959 1089 973 1112 ,
1037 1049 1151 1101 sive
1196 1050 1550 1113 oblationem,
1605 1063 1659 1105 et
1707 1052 2116 1106 immaculatum

545 1138 690 1191 vult:
711 1140 1009 1193 masculum
1043 1140 1281 1208 quidem,
1308 1149 1364 1193 ut
1395 1142 1705 1195 nullatenus
1733 1145 2116 1198 mandatorum

543 1228 908 1293 eﬂ'eminctur,
928 1231 1041 1284 sive
1063 1233 1374 1286 exnollcscat
1399 1243 1682 1300 operator;
1711 1235 2116 1287 inunaculatum

544 1333 695 1383 vero,
720 1319 834 1373 sive
853 1336 1042 1387 purum
1066 1360 1081 1384 ,
1107 1329 1164 1374 ut
1190 1337 1527 1390 nequaquam
1547 1323 1753 1391 justitia
1777 1323 2116 1392 iniquitatem

545 1408 891 1474 permisceat,
921 1425 1022 1462 nec
1053 1409 1398 1464 simulatione
1431 1410 1682 1464 virtutem
1733 1414 2114 1466 commaculet.

546 1496 651 1550 Sed
682 1499 747 1550 ad
781 1500 980 1552 ostium
1017 1501 1343 1553 tabernaculi
1389 1502 1708 1565 testimonii,
1744 1505 1881 1568 sive,
1918 1519 2116 1558 secun-

547 1588 677 1641 dum
718 1588 855 1642 LXX
882 1631 896 1655 ,
924 1592 989 1644 ad
1027 1592 1432 1646 tabernaculum
1469 1594 1763 1648 testimonii
1802 1596 1966 1664 jussit
1995 1613 2114 1650 mu-

547 1697 651 1734 nus
676 1681 878 1735 oll‘erri.
930 1683 1362 1739 Tabernaculum
1423 1696 1602 1740 autem
1669 1689 1963 1745 testimonii
2015 1691 2118 1744 hoc

549 1775 688 1840 loco,
720 1792 826 1830 non
863 1778 1036 1831 solum
1069 1779 1210 1843 coeli,
1247 1781 1356 1833 illic
1389 1782 1592 1850 quippe
1628 1790 1869 1835 nostram
1903 1793 2117 1852 oportet

548 1881 668 1920 esse
724 1869 1215 1932 conversationem,
1284 1870 1376 1924 sed
1434 1880 1489 1924 et
1549 1872 1883 1924 conscientia
1926 1885 2117 1929 nostra

550 1957 898 2026 intelligitur;
935 1959 986 2012 in
1020 1975 1081 2015 ea
1115 1961 1259 2013 enim
1304 1962 1661 2031 cogitationes
1715 1963 2118 2035 habitant,quae

549 2049 921 2103 testimonium
958 2067 1055 2120 pro
1079 2053 1237 2105 nobis
1278 2064 1371 2106 aut
1422 2064 1611 2109 contra
1677 2072 1777 2110 nos
1829 2058 2118 2112 redditura:

548 2151 694 2194 sunt.
726 2142 804 2193 Ad
828 2141 1146 2209 placandum
1176 2145 1274 2196 sibi
1308 2145 1611 2199 Dominum.
1647 2147 1959 2202 Secundum
2019 2149 2120 2203 Se-

547 2231 827 2299 ptuaginta
864 2241 1066 2297 autem,
1100 2249 1223 2287 esse
1257 2235 1358 2289 hoc
1392 2245 1445 2289 et
1496 2246 1778 2305 acceptum
1814 2238 1965 2292 dicit.
2011 2239 2122 2292 Cur

547 2323 764 2374 autem?
796 2321 1058 2377 Oll‘erenti
1091 2326 1362 2389 videlicet,
1412 2338 1467 2380 et
1497 2331 1670 2383 oranti
1709 2332 1762 2384 in
1822 2341 2120 2401 conspectu

551 2414 785 2467 Domini.
820 2415 874 2467 Si
907 2417 1052 2469 enim
1089 2427 1372 2487 acceptum
1411 2421 1566 2473 nobis
1610 2437 1739 2475 vere
1775 2423 1864 2484 sit,
1913 2434 1966 2477 et
2027 2439 2122 2479 cor

548 2511 794 2556 nostrmu
823 2515 968 2562 recte
995 2506 1266 2573 judicans,
1303 2509 1543 2578 nullique
1575 2512 1865 2567 adhaerens
1899 2516 2117 2581 passio-

550 2594 627 2656 ni,
655 2595 967 2660 probaverit
999 2613 1199 2650 munus
1217 2613 1338 2652 esse
1354 2600 1419 2652 ad
1441 2602 1845 2670 suscipiendum
1872 2607 2118 2674 dignum,

552 2694 682 2736 tunc
712 2701 868 2738 orare
900 2688 952 2740 in
989 2700 1286 2756 conspectu
1331 2690 1566 2753 Domini,
1603 2693 1653 2746 id
1690 2703 1793 2759 est,
1843 2699 2120 2752 remissio-

554 2791 678 2828 ncm
710 2777 868 2830 nobis
897 2778 948 2830 in
975 2790 1272 2848 conspectu
1305 2783 1513 2835 Domini
1536 2798 1821 2852 possumus
1849 2787 2119 2854 obtinere,

555 2865 619 2916 ad
652 2879 747 2918 cor
772 2868 914 2921 enim
956 2870 1251 2924 inclinatur
1273 2873 1434 2938 Deus,
1472 2877 1771 2929 secundum
1798 2881 1944 2945 quod
1984 2881 2124 2934 scri-

558 2955 693 3008 hens
717 2954 958 3011 Joannes
989 2959 1296 3029 Tlteologus
1329 2977 1427 3014 nos
1457 2963 1660 3018 docuit.
1688 2965 1754 3018 Et
1779 2981 1961 3022 coram
2007 2971 2124 3039 ipso

2219 507 2357 575 ejus,
2391 505 2680 561 fundentes
2706 522 2802 576 per
2828 509 3016 562 altaris
3044 509 3356 574 circuitum,
3385 512 3542 580 quod
3579 523 3678 567 est
3706 527 3816 568 ante

2217 596 2421 648 ostium
2445 597 2802 651 tabernaculi.
2827 598 3191 666 Detractaque
3224 600 3365 668 pelle
3428 600 3650 656 hostia:
3684 618 3818 658 artas

2218 684 2273 738 in
2307 685 2480 740 frusta
2512 687 2822 752 concident,
2860 697 2915 742 et
2965 691 3261 758 subjicient
3290 691 3344 745 iu
3401 692 3576 745 altari
3619 694 3815 762 ignem.

2218 786 2366 832 strue
2389 777 2657 847 lignorum
2713 789 2840 833 ante
2874 781 3226 848 rcomposita,
3273 791 3330 835 et
3385 783 3659 836 membra
3713 801 3822 852 qua

2217 884 2354 923 caesa
2387 880 2518 922 sunt
2546 871 2783 938 desuper
2829 870 3170 934 ordinantes,
3202 885 3372 942 caput
3425 875 3728 931 videlicet.
3777 887 3822 928 ει

2217 967 2411 1012 cuncta
2436 975 2557 1028 quae
2573 961 2855 1014 adhaerent
2888 962 3082 1030 jecori,
3143 963 3425 1017 intestinis
3467 973 3530 1017 et
3593 966 3822 1033 pedibus

2217 1049 2341 1102 lotis
2371 1065 2508 1117 aqua
2543 1068 2555 1102 :
2595 1051 2944 1120 adolebitque
2988 1067 3052 1105 ea
3108 1053 3374 1106 sacerdos
3418 1069 3603 1122 super
3661 1055 3822 1108 altare

2216 1138 2271 1191 in
2305 1139 2700 1201 holocaustum.
2732 1149 2786 1194 et
2819 1157 3042 1196 suavem
3071 1143 3294 1196 odorem
3325 1144 3602 1197 Domino.
3643 1163 3666 1194 ι

2286 1229 2512 1282 Multum
2535 1230 2804 1285 laboriosa
2822 1246 2906 1285 εει
2925 1233 3029 1296 lex,
3089 1243 3146 1288 et
3166 1233 3483 1300 spiritalem
3501 1235 3818 1288 considera-

2218 1318 2421 1373 tionem
2484 1330 2706 1389 propter
2745 1322 2851 1376 boc
2897 1324 3104 1378 habens
3157 1326 3571 1389 necessariam,
3619 1335 3686 1378 ut
3724 1340 3816 1376 non

2217 1409 2486 1477 superﬂue
2523 1411 2796 1480 legislator
2826 1413 3128 1466 subtilitate
3153 1413 3258 1468 hac
3286 1414 3596 1469 rationalis
3637 1416 3819 1468 hostia

2218 1515 2347 1553 usus
2382 1516 2503 1555 esse
2551 1502 2817 1556 videatur.
2863 1502 2996 1557 Illud
3045 1520 3175 1574 ergo
3218 1505 3272 1558 in
3326 1505 3542 1574 primis
3582 1507 3818 1566 intende.

2218 1591 2344 1657 quia
2372 1591 2600 1644 vitulum
2622 1607 2805 1645 coram
2833 1592 3061 1647 Domino
3085 1595 3348 1664 praecepit
3369 1595 3568 1649 occidi
3599 1614 3616 1660 ;
3638 1605 3704 1650 ut
3725 1612 3822 1666 non

2219 1680 2393 1732 solum
2426 1681 2701 1749 propriam
2748 1684 3162 1747 conscientiam,
3217 1687 3821 1754 conversationemque

2220 1781 2458 1824 nostram
2490 1772 2782 1827 oneramus
2818 1775 2947 1839 Deo,
2996 1776 3091 1829 sed
3121 1777 3613 1844 quemadmodum
3663 1777 3825 1845 placet

2221 1864 2292 1922 ei,
2337 1864 2499 1916 etiam
2547 1878 2746 1932 corpus
2797 1865 3207 1930 mortiﬁcemus,
3236 1883 3347 1920 non
3389 1869 3467 1921 ad
3500 1869 3825 1923 inferiorem

2219 1954 2464 2023 gloriam,
2494 1954 2589 2007 sed
2619 1954 2687 2007 ad
2719 1971 2952 2024 superna
3001 1957 3374 2021 intendentes,
3414 1957 3535 2012 hoc
3563 1971 3658 2014 est
3694 1961 3825 2012 enim

2221 2060 2400 2099 coram
2431 2045 2681 2099 Domino.
2729 2044 2836 2099 Sed
2862 2047 2954 2115 qui
2982 2059 3130 2110 sunt,
3169 2048 3260 2116 qui
3291 2049 3446 2102 hunc
3496 2051 3825 2121 sanguinem

2220 2135 2489 2189 offerunt?
2513 2135 2632 2189 Filii
2654 2137 2904 2192 videlicet
2926 2138 3108 2191 Aaron
3137 2139 3478 2202 sacerdotis,
3519 2141 3642 2210 ipsi
3689 2145 3822 2196 enim

2220 2235 2274 2281 et
2304 2227 2576 2279 occidunt.
2610 2226 2870 2296 Equidem
2895 2228 2939 2282 is
2961 2231 3053 2298 qui
3080 2229 3416 2285 oblationem
3449 2232 3694 2298 oﬂ‘eret,
3722 2236 3824 2286 sine

2220 2320 2438 2372 nomine
2459 2327 2513 2371 et
2537 2333 2646 2372 non
2676 2319 2952 2389 designate
2996 2337 3287 2391 expressus
3331 2332 3444 2376 est.
3474 2321 3618 2378 Filii
3655 2336 3821 2379 autem

2220 2414 2475 2467 dicuntur
2530 2414 2706 2467 Aaron
2761 2414 3107 2467 immolantes
3139 2413 3286 2481 quod
3327 2414 3600 2470 oblatum
3636 2427 3740 2477 est,
3779 2427 3822 2468 et

2221 2505 2539 2574 sanguinem
2600 2505 2892 2559 oﬂerentes
2938 2523 2951 2558 :
2991 2505 3116 2572 quia
3185 2504 3538 2559 oblationem
3613 2507 3820 2575 quidem

2221 2595 2507 2658 adducere,
2535 2596 2588 2649 id
2617 2604 2698 2648 est
2730 2593 3066 2662 promittere,
3105 2593 3487 2660 quorumlibet
3532 2604 3629 2647 est
3674 2611 3688 2646 :
3725 2594 3817 2646 im-

2223 2688 2368 2755 plere
2416 2697 2596 2740 autem
2649 2687 2930 2756 promissa,
2976 2684 3121 2753 quod
3161 2683 3368 2737 occisio
3437 2684 3613 2738 bovis
3664 2685 3819 2753 ipsius

2224 2779 2449 2832 docetet
2470 2780 2748 2847 sanguinis
2776 2776 2992 2838 eﬂ‘usio,
3026 2790 3134 2828 non
3173 2775 3589 2843 quorumlibet,
3620 2776 3717 2829 sed
3761 2774 3817 2827 il-

2224 2869 2396 2922 lorum
2431 2871 2523 2938 qui
2548 2870 2641 2922 filii
2681 2869 2858 2922 Aaron
2907 2882 3095 2920 revera
3117 2875 3265 2923 sunt.
3309 2875 3510 2934 utpote
3557 2867 3815 2919 habentes

2226 2961 2276 3013 in
2307 2958 2608 3026 semetipsis
2631 2955 3270 3024 sa‘cerdotiidignitatem.
3305 2956 3490 3007 Aaron
3523 2954 3686 3008 enim
3703 2966 3816 3003 arca

558 3047 905 3100 suadebimus
934 3050 1094 3102 corda
1130 3061 1312 3104 nostra
1348 3070 1359 3104 :
1397 3052 1531 3116 Quia
1566 3057 1610 3108 si
1655 3060 1982 3124 reprehendit
2037 3079 2120 3116 nos

2229 3049 2314 3101 vel
2338 3059 2612 3101 montanus
2661 3049 3072 3115 interpretatur.
3125 3046 3266 3115 Ergo
3309 3045 3577 3113 quisquis
3624 3053 3818 3098 semet—

559 3153 646 3188 cor
673 3150 923 3201 nostrum,
960 3149 1007 3192 et
1042 3142 1234 3194 scimus
1265 3145 1389 3211 quia
1430 3146 1604 3212 major
1655 3157 1729 3200 est
1783 3149 1916 3203 Deus
1975 3156 2127 3206 corde

560 3238 753 3284 nostro.
800 3239 845 3280 et
899 3232 1154 3296 cognoscit
1208 3235 1404 3286 omnia.
1445 3234 1799 3301 Dilectissimi,
1835 3242 1881 3292 si
1915 3259 2123 3296 corno-

557 3328 721 3369 strunt
748 3335 845 3370 non
876 3323 1212 3388 reprehendat
1233 3340 1343 3390 nos,
1376 3326 1743 3394 conﬁdentiam
1776 3331 2023 3386 habemus
2056 3338 2126 3389 ad

563 3409 725 3462 Deum
743 3411 807 3463 ’³.

632 3546 787 3601 Vnus.
831 3550 882 3602 4.
922 3571 940 3602 ‹
998 3551 1272 3620 Ponetque
1330 3570 1524 3608 manus
1577 3571 1740 3624 super
1793 3570 1955 3628 caput
2022 3563 2157 3617 ho-‘

554 3643 691 3703 stite,
721 3651 775 3695 et
811 3646 1157 3713 acceptabilis
1188 3646 1308 3711 erit,
1339 3657 1500 3716 atque
1554 3650 1607 3700 in
1652 3651 1959 3718 expiatione
2006 3655 2125 3725 ejus

551 3734 862 3804 proﬁciens.
905 3755 922 3786 ι

623 3869 777 3935 Quod
803 3889 900 3924 nos
929 3873 1158 3925 hostiam
1191 3873 1438 3939 dicimus,
1491 3874 1678 3930 Graece
1731 3878 1934 3932 dicitur
1985 3880 2121 3950 κάρ-

551 3980 742 4031 πωμα,
795 3966 939 4032 quod
980 3967 1289 4033 specialiter
1346 3968 1685 4040 intelligibile
1743 3970 2120 4026 holocaustum

554 4055 908 4123 significatur,
941 4058 1065 4126 quia
1090 4074 1251 4111 omne
1285 4063 1597 4115 mandatum
1636 4062 1947 4126 l'ructilicat,
1979 4064 2122 4132 quod

551 4159 650 4214 per
709 4146 1006 4213 spiritalem
1077 4152 1553 4206 conversationem
1602 4153 1834 4206 cllix-itur
1866 4155 2124 4208 holocau-

552 4238 730 4288 stum."
755 4235 1045 4304 Propterea
1080 4249 1134 4292 et
1166 4256 1386 4292 manum
1423 4243 1473 4292 in
1500 4252 1665 4309 caput
1696 4243 1887 4296 hostiae
1919 4258 2122 4311 ponere

551 4343 676 4380 cum
738 4328 827 4394 qui
859 4327 1067 4390 oli'cret,
1087 4329 1263 4396 jubet,
1283 4337 1339 4380 nt
1371 4339 1532 4397 caput
1556 4331 1773 4398 quidem
1802 4332 1993 4386 hostia:
2020 4335 2122 4388 hoc

2232 3140 2408 3208 ipsum
2439 3139 2696 3206 templum
2729 3138 2840 3200 Dei,
2881 3146 2934 3190 et
2968 3136 3229 3202 templum
3252 3135 3538 3188 excelsum
3581 3133 3815 3189 aedifica-

2229 3230 2306 3283 vit
2335 3229 2642 3290 virtutibus,
2681 3228 2768 3280 hic
2804 3228 2944 3280 filius
2976 3227 3154 3281 Aaron
3189 3241 3316 3280 vere
3366 3225 3601 3287 dicitur,
3647 3224 3743 3278 sed
3771 3232 3817 3277 et

2228 3319 2496 3374 sacerdos.
2527 3319 2581 3371 Si
2612 3317 2754 3371 enim
2794 3319 2863 3371 ab
2894 3319 3150 3371 unctione
3181 3315 3442 3369 sacerdos
3473 3318 3813 3384 agnoscitur,

2228 3407 2412 3476 utique
2457 3408 2601 3460 uncti
2655 3417 2710 3460 et
2769 3423 2871 3461 nos
2902 3417 3121 3476 propter
3183 3407 3475 3477 mysticum
3547 3406 3812 3465 chrisma,

2226 3501 2370 3568 quod
2408 3499 2463 3552 in
2487 3499 2645 3552 nobis
2672 3508 2774 3561 est,
2808 3499 3062 3553 dicimur.
3091 3500 3234 3568 Ergo
3266 3507 3321 3551 et
3348 3513 3451 3552 nos
3495 3500 3811 3552 sacerdotes

2226 3605 2415 3644 sumus
2457 3592 2500 3644 si
2551 3591 2971 3645 custodierimus
3028 3591 3343 3660 dignitatem
3387 3590 3696 3652 unctionis,
3746 3589 3807 3643 de

2225 3697 2330 3750 qua
2369 3691 2422 3736 et
2439 3681 2674 3736 Joannes
2711 3682 2923 3735 dicebat
2949 3700 2962 3735 :
2993 3682 3059 3734 Et
3088 3699 3174 3734 vos
3209 3683 3509 3733 unctionem
3540 3681 3747 3732 habetis
3775 3697 3804 3731 ι

2224 3784 2422 3837 sancto,
2447 3786 2493 3826 et
2525 3774 2668 3826 scitis
2703 3789 2877 3826 omnes
2905 3774 2969 3825 ³³.
3001 3773 3106 3825 Sed
3150 3781 3204 3825 et
3244 3773 3441 3826 Petrus
3482 3787 3591 3825 nos
3635 3787 3804 3826 sacer-

2226 3863 2380 3918 dotes
2407 3865 2713 3933 appellavit.
2746 3864 2820 3917 ait
2840 3864 2986 3917 cnim
3014 3882 3026 3914 :
3056 3863 3148 3915 Vos
3174 3873 3351 3915 autem
3375 3879 3543 3930 genus
3565 3864 3800 3920 electura,

2227 3949 2400 4017 regale
2445 3951 2813 4010 sacerdotium,
2844 3966 2967 4019 gens
3011 3959 3224 4008 sancta,
3251 3949 3476 4016 populus
3500 3952 3803 4018 (requisitio-

2225 4041 2306 4092 nis
2326 4042 2388 4094 υ.
2418 4041 2481 4093 Hi
2505 4041 2821 4110 sanguinem
2849 4040 3082 4093 fundunt
3125 4054 3221 4107 per
3247 4040 3434 4092 altaris
3471 4041 3763 4094 circuitum
3787 4079 3799 4098 .

2223 4130 2364 4198 quod
2387 4140 2469 4184 est
2494 4140 2619 4184 ante
2664 4131 2863 4184 ostium
2919 4130 3278 4184 tabernaculi.
3316 4130 3416 4183 l‘er
3481 4133 3798 4200 sanguinem

2224 4216 2458 4269 animam
2490 4217 2578 4271 hic
2606 4216 2827 4286 intelligi
2865 4217 3222 4270 dubitandum
3245 4233 3354 4271 non
3382 4227 3469 4271 est
3497 4235 3510 4269 :
3539 4234 3672 4271 cum
3696 4219 3799 4286 ipse

2225 4307 2500 4377 legislator
2537 4309 2696 4376 paulo
2725 4316 2846 4376 post
2881 4308 3026 4362 dicat
3052 4326 3064 4360 :
3089 4308 3417 4378 Sanguinem
3466 4325 3579 4363 non
3624 4324 3798 4364 come-

552 4414 671 4468 loco
723 4415 934 4468 initium
983 4418 1251 4484 praelictae
1294 4397 1723 4475 conversationis
1765 4423 2115 4494 intelligatur.
2152 4408 2200 4464 θ
2224 4397 2350 4451 ditis
2381 4397 2435 4494 i_“
2464 4397 2888 4494 habitationibus
2919 4397 3115 4451 “suis
3136 4438 3150 4460 ’
3182 4414 3307 4465 qu'a
3340 4414 3523 4451 amma
3552 4413 3793 4494 carius"

552 4506 654 4569 Qui
689 4515 870 4558 autem
901 4508 1092 4561 oti‘eret
1133 4523 1272 4572 eam,
1318 4514 1430 4579 ipse
1461 4511 1563 4565 sibi
1621 4529 1781 4568 causa
1813 4516 2120 4584 huiusmodi

550 4599 930 4668 promissionis
948 4603 1299 4670 approbctur,
1326 4613 1511 4673 utpote
1534 4617 1728 4674 sponte
1757 4609 1824 4662 ad
1865 4611 2006 4664 hanc
2032 4625 2122 4664 ve-

549 4691 707 4744 niens
735 4708 746 4744 :
779 4691 981 4746 donum
1017 4696 1218 4765 quippe
1243 4696 1454 4760 oﬂ‘eret,
1493 4712 1656 4752 onme
1693 4709 1870 4753 autem
1915 4701 2121 4759 donum

548 4783 914 4838 voluntarium
945 4765 1202 4858 est..li't'gr)
1226 4787 1268 4841 si
1303 4789 1722 4858 promissionem
1759 4807 1910 4845 suam
1940 4801 2121 4848 trans-

547 4891 764 4943 gressus
787 4876 965 4941 lucrit.
993 4881 1366 4948 semetipsum,
1390 4896 1512 4935 cum
1531 4898 1715 4950 ptenas
1737 4883 1854 4946 luit,
1880 4895 2115 4940 accuset.

550 4963 638 5018 Sic
651 4976 830 5019 autem
848 4968 1262 5036 ciacceptabilis
1293 4971 1414 5034 erit,
1433 4979 1488 5024 et
1517 4971 1580 5023 ad
1605 4972 1966 5039 expiationem
1997 4991 2120 5042 pro-

550 5057 753 5112 licicns.
792 5059 1008 5126 quando
1041 5059 1411 5126 pnedicaverit
1439 5069 1495 5114 et
1531 5064 1896 5126 confitebitur,
1927 5074 1983 5119 et
2021 5082 2119 5135 po-

549 5147 803 5202 sitionem
860 5165 1055 5202 manus
1101 5152 1533 5207 manifestaverlt
1567 5195 1581 5218 ,
1643 5155 1770 5223 quia
1819 5163 2121 5225 spontaneo

549 5252 720 5294 motu.
752 5250 806 5294 et
825 5258 930 5293 non
953 5243 1272 5298 necessitate
1287 5244 1621 5313 compulsus,
1642 5261 1742 5299 nec
1771 5255 1993 5304 exactus
2017 5247 2120 5304 hoc

550 5331 745 5386 obtulit
775 5333 1119 5386 sacrilicium.

618 5444 779 5500 Vens.
837 5446 944 5501 5-9.
995 5465 1012 5498 t
1047 5446 1451 5516 lmmolabitque
1498 5447 1722 5503 vitulum
1775 5465 1955 5505 coram
2011 5451 2116 5508 Do-

617 5618 664 5693 ίξ
687 5622 803 5693 Act.
839 5637 924 5693 xv.
962 5621 1042 5693 l0.
1103 5625 1147 5655 ”
1171 5623 1323 5678 Deut.
1354 5641 1476 5684 xxv,
1513 5625 1574 5688 ις
1609 5627 1866 5693 ICor.tx,
1894 5630 1946 5682 9.

562 5687 688 5746 n.9,
760 5691 802 5720 ’τ
839 5691 1024 5745 .‘llatth.
1056 5709 1110 5758 x,
1146 5694 1232 5748 39.
1322 5695 1364 5725 "'
1396 5687 1568 5748 lixod.
1600 5715 1689 5760 xx,
1727 5698 1814 5752 94.

2024 5633 2067 5663 ’³
2092 5632 2222 5688 Ibid.

2220 4490 2480 4560 sanguine
2506 4498 2606 4542 est.
2649 4488 2878 4558 Oportet
2899 4506 3026 4560 ergo
3049 4506 3148 4544 nos
3181 4505 3290 4543 non
3331 4505 3559 4558 parcere
3589 4493 3792 4552 animt,

2221 4581 2364 4633 unde
2391 4579 2644 4633 Dominth
2662 4579 2739 4633 ait
2770 4597 2783 4632 :
2817 4578 2916 4643 Qui
2942 4581 3227 4647 perdiderit
3247 4581 3486 4632 animum
3511 4597 3671 4633 suam
3696 4599 3793 4648 pro-

2219 4676 2332 4736 pter
2363 4683 2461 4727 me,
2507 4667 2726 4719 inueniet
2771 4683 2888 4719 eam
2921 4667 2986 4720 '7.
3015 4667 3128 4720 Hoc
3168 4674 3253 4719 est
3298 4667 3630 4737 sanguinem
3680 4669 3793 4722 iun-

2220 4757 2367 4810 dere.
2393 4756 2592 4810 Fundit
2618 4766 2798 4809 autem
2831 4758 2883 4808 in
2919 4757 3104 4810 altaris
3150 4758 3403 4821 circuitu,
3440 4757 3707 4813 videlicet
3749 4760 3794 4811 in

2222 4847 2482 4916 unigeniti
2523 4862 2715 4915 corpus
2747 4865 2760 4899 :
2805 4847 2909 4901 hoc
2945 4849 3090 4901 enim
3117 4863 3306 4901 revera
3358 4848 3530 4902 altare
3560 4849 3793 4906 dicitur:

2219 4950 2329 5004 quo
2382 4937 2543 4989 modo
2609 4936 2748 4990 sicut
2795 4952 2958 4992 omne
3029 4938 3353 4992 sacrificium
3413 4953 3581 5007 super
3637 4940 3797 4993 altare

2219 5041 2251 5079 a
2303 5027 2671 5082 sacerdotibus
2717 5029 3156 5084 ministrantibus
3217 5029 3457 5098 ponitur,
3531 5029 3617 5083 sic
3691 5047 3793 5084 etn-

2223 5133 2346 5171 nem
2390 5120 2586 5174 animae
2641 5119 2896 5173 virtutem
2940 5123 2994 5174 in
3063 5136 3293 5189 corpore
3339 5121 3578 5182 Domini,
3619 5123 3675 5177 id
3703 5135 3793 5180 ῦξῐ.

2221 5208 2285 5261 ad
2310 5209 2428 5277 ejus
2470 5209 2820 5264 imitationem
2852 5212 3162 5266 sacerdotes
3209 5222 3534 5280 operantur.
3571 5213 3690 5267 Hoc
3725 5217 3794 5267 εις

2221 5305 2332 5351 tare
2357 5297 2562 5368 Moyses
2587 5299 2914 5368 signiﬁcans,
2953 5301 3168 5355 dicebat
3193 5319 3206 5355 :
3243 5301 3427 5354 Altare
3461 5303 3526 5354 de
3556 5313 3699 5356 terra
3722 5310 3792 5373 [u-

2219 5391 2363 5442 cietis
2391 5391 2516 5442 mihi
2553 5391 2618 5444 ²⁸.
2647 5390 2718 5444 De
2753 5401 2933 5445 nostra
2955 5394 3099 5446 enim
3127 5399 3292 5451 terra.
3319 5391 3371 5445 id
3394 5401 3498 5454 est.
3543 5409 3789 5464 consper-

2220 5480 2371 5536 sione
2412 5482 2526 5537 sive
2565 5497 2762 5547 massa,
2805 5498 3003 5552 corpus
3042 5482 3383 5537 Dominicum
3441 5483 3650 5539 factum
3699 5496 3786 5539 est.

2302 5636 2344 5665 "
2375 5635 2526 5691 Joan.
2564 5654 2641 5702 tu,
2678 5637 2766 5702 20,
2789 5637 2877 5691 2|.
2954 5636 3041 5689 ⁸⁸1
3077 5637 3243 5691 Joan-
3270 5652 3332 5699 ιι,
3358 5637 3449 5692 9.0.
3533 5639 3582 5671 "
3612 5640 3782 5695 li‘etr.
