3886 6306
19 288 132 349 '97

1275 287 1357 348 IN
1397 286 1832 350 LEVITICUM.
1867 311 1937 322 -
1969 285 2118 346 LIB.
2149 286 2200 346 1.

1832 157 1996 172 μ.--

3242 286 3352 350 798

19 403 88 458 Et
113 417 386 463 rursus
405 400 518 472 ipse
543 419 557 454 :
579 398 728 466 Quod
757 403 804 456 si
827 401 1005 454 altare
1027 399 1292 468 lapideum
1311 399 1494 470 feceris
1524 397 1671 462 milii,
1703 401 1746 454 A
1775 410 1916 460 rum,
1946 396 2082 465 quod
2109 395 2334 465 fructum
2357 409 2512 448 suum
2539 392 2682 452 dabit
2699 395 2754 448 in
2779 405 3010 466 tempore
3031 411 3128 454 sua
3157 396 3222 450 ³⁸.
3240 397 3350 460 Sed

19 507 140 546 ton
177 491 516 562 cdiﬁca‘bis
543 491 676 546 illud
705 490 770 544 de
795 490 946 546 sectis
968 489 1229 558 lapidibus
1248 505 1267 544 :
1299 490 1343 542 si
1368 488 1672 546 enimrleva-

19 583 184 638 ieris
255 583 510 637 cultrum
569 591 718 635 tuum
761 597 916 648 super
969 597 1047 642 eo,
1088 579 1352 649 polluetur
1379 581 1446 635 ".
1489 578 1675 648 Neque

19 671 210 725 :nim
270 680 472 735 secta,
515 685 693 740 neque
738 669 918 724 dolata
975 668 1044 722 ab
1093 667 1332 722 hominis
1370 683 1534 722 manu
1590 678 1675 723 est

19 759 290 815 3hristi
337 776 482 823 caro,
519 761 588 814 de
612 775 717 829 qua
766 759 954 812 Daniel
995 758 1240 815 dicebat:
1273 757 1540 812 Abscissus
1596 767 1673 812 est

19 852 199 919 lapis
237 853 330 906 de
361 860 532 905 monte
547 851 660 902 sine
690 849 930 902 manibus
955 849 1024 912 ⁸⁸,
1065 850 1190 918 quia
1220 849 1340 902 sine
1390 849 1675 919 complexu

19 943 146 996 viri
183 951 262 997 et
307 942 558 996 mulieris
579 950 874 1010 conceptus
901 941 1022 1009 ejus
1050 939 1314 1010 processit
1363 949 1416 994 et
1462 949 1670 1009 partus.

21 1033 216 1087 Bene
245 1045 449 1088 autem
475 1032 718 1086 addidit:
755 1031 820 1086 Et
844 1031 981 1102 quod
1017 1039 1092 1084 est
1113 1039 1237 1084 ante
1281 1031 1466 1084 ostium
1497 1031 1673 1084 taber-

27 1124 262 1177 naculi
305 1124 605 1179 testimonii
633 1124 690 1178 in
720 1123 972 1188 circuitu,
997 1131 1058 1176 ut
1088 1121 1144 1176 in
1173 1121 1427 1178 omnibus
1453 1123 1672 1192 quidem

27 1231 193 1268 cum
225 1215 542 1270 imitemur.
572 1214 713 1268 Ante
747 1213 948 1268 ostium
993 1219 1175 1266 autem
1216 1211 1568 1275 tabernaculi,
1614 1219 1676 1266 ut

31 1303 329 1368 ostium,
360 1303 662 1358 doctrinam
709 1303 1084 1372 apostolorum
1141 1301 1523 1372 intelligamus.
1573 1300 1676 1355 Per

35 1392 262 1460 ipsam
300 1394 446 1446 enim
471 1393 634 1447 nobis
671 1392 730 1446 fit
751 1393 1006 1446 introitus
1044 1391 1098 1444 in
1145 1392 1364 1447 caeleste
1419 1393 1674 1446 taberna-

37 1483 304 1542 culum,
339 1483 390 1534 in
429 1498 536 1550 quo
581 1481 825 1537 habitare
853 1481 1021 1557 Deum
1075 1479 1354 1550 Scriptura
1403 1488 1674 1536 testatur:

43 1571 227 1638 quod
259 1571 579 1624 manifestat
609 1567 794 1634 Isaias,
825 1569 1012 1624 dicens
1043 1587 1056 1622 :
1089 1568 1300 1638 Respice
1351 1570 1415 1623 de
1441 1569 1586 1635 caelo,
1625 1577 1676 1622 et

43 1661 193 1713 vide
265 1662 341 1716 de
386 1671 538 1716 domo
575 1671 762 1716 sancta
818 1661 1000 1731 gloria:
1041 1669 1144 1730 tua:
1174 1663 1238 1716 ".
1286 1659 1443 1728 Quod
1493 1669 1673 1716 autem

46 1749 300 1803 ostium
332 1751 698 1819 apostolorum
738 1749 987 1804 doctrina
1015 1758 1116 1814 est,
1149 1749 1488 1820 apertissime
1533 1750 1672 1807 Pau-

49 1840 156 1895 lus
193 1841 478 1902 ostendit,
507 1839 728 1895 diceus:
763 1838 967 1895 Ostium
1008 1841 1147 1892 enim
1175 1857 1412 1908 apertum
1443 1851 1518 1895 est
1565 1857 1676 1894 ma-

52 1946 254 2001 gnum
307 1938 357 1984 et
397 1930 625 1995 evidens,
648 1937 696 1982 et
729 1929 1022 1983 aduersarii
1061 1929 1214 1983 multi
1242 1933 1308 1995 ",
1344 1933 1540 1986 ostium
1575 1933 1675 1987 do-

57 2019 336 2072 ctrinam
383 2033 504 2088 quas
552 2017 703 2072 ducit
751 2018 820 2072 ad
871 2017 1152 2072 scientiam
1189 2017 1307 2082 Dei,
1331 2021 1540 2084 dicens,
1587 2023 1674 2076 cui

56 2107 420 2162 omnimodo
447 2107 538 2175 qui
564 2107 774 2161 diversa
799 2105 996 2160 docent
1025 2107 1266 2162 obviant.
1311 2107 1456 2162 Nihil
1495 2118 1672 2164 autem

61 2196 303 2250 mirum
329 2206 412 2250 cst
437 2197 504 2256 si,
537 2211 656 2249 cum
710 2195 970 2249 Dominus
999 2195 1200 2250 ostium
1239 2195 1308 2250 sit
1351 2197 1673 2266 appellatus,

63 2287 364 2340 similiter
394 2286 713 2355 appelletur,
747 2300 909 2356 quam
948 2285 1068 2354 ipse
1093 2285 1424 2354 impertitur,
1455 2297 1674 2356 aposto-

67 2375 274 2430 lorum
308 2376 573 2431 doctrina.
603 2373 693 2428 Sic
722 2375 1034 2430 sacerdotes
1087 2375 1398 2430 ministrare
1439 2387 1669 2446 Oportet.

73 2463 459 2532 Detractaque
494 2463 627 2532 pelle
655 2464 857 2528 hostile,
889 2475 1037 2517 artus
1069 2464 1125 2516 in
1162 2465 1331 2534 frusta
1383 2467 1670 2532 concidere,

71 2564 130 2606 et
148 2553 365 2624 pellem
381 2553 598 2624 quidem
618 2553 920 2617 detrahere,
943 2561 1002 2606 ut
1017 2552 1239 2616 divitiis,
1257 2553 1483 2624 aliisque
1495 2556 1640 2610 omni
1663 2585 1673 2596 -

70 2643 186 2698 bus
240 2643 600 2698 su-cularibus
639 2643 837 2712 quibus
889 2643 1352 2713 circumtegimur,
1403 2645 1672 2714 exspolie-

77 2729 254 2788 muri
273 2733 502 2802 Propter
519 2734 662 2802 quod
691 2735 759 2788 de
785 2733 888 2786 Job
916 2733 1164 2787 diabolus
1185 2733 1395 2788 dicebat
1429 2754 1442 2789 :
1475 2735 1670 2790 Pellem

76 2841 182 2894 pro
216 2824 378 2892 pelle,
408 2833 454 2876 et
481 2824 656 2877 omnia
680 2839 1000 2892 qurccunque
1023 2824 1176 2876 liabet
1205 2827 1376 2886 homo,
1405 2825 1547 2878 dabit
1576 2841 1672 2893 pro

80 2917 280 2967 uicinia
301 2930 395 2967 sua
422 2913 494 2967 ,³⁸.
523 2912 820 2968 Concidere
849 2923 1049 2978 autem,
1083 2924 1142 2968 ut
1187 2931 1285 2984 per
1323 2925 1504 2984 partes
1547 2931 1673 2985 par-

1773 494 1820 538 et
1847 485 2204 546 exsultabant,
2271 483 2470 554 inquit,
2537 486 2718 540 omnia
2743 485 2888 557 ligna
2917 486 3174 541 silvarum
3199 504 3231 540 a
3258 489 3346 558 fa-

1775 581 1851 634 cie
1877 579 2110 645 Domini,
2154 579 2554 649 quoniam'uenit
2581 581 2646 634 ”.
2687 581 2943 638 Gaudent
2969 583 3118 638 enim
3145 584 3200 638 bi
3251 584 3344 654 qui

1772 667 1982 734 divinas
2008 665 2320 738 Scriptores
2347 669 2700 734 meditantur,
2721 673 2940 740 quando
2963 687 3088 726 eum
3105 673 3344 738 venisse,

1772 757 1862 828 qui
1886 757 1941 812 in
1969 758 2050 813 eis
2069 766 2126 812 et
2151 773 2249 828 per
2273 773 2367 812 eos
2397 760 2752 828 prophetatus
2807 769 2909 826 est,
2949 769 3340 831 cognoverunt.

1774 847 1872 900 llis
1893 847 2052 916 jussit
2074 848 2284 917 imponi
2325 849 2670 904 concisiones
2687 852 3078 914 membrorum,
3108 860 3270 920 caput
3289 857 3344 904 et

1773 947 1967 990 cuncta
1990 953 2110 1006 quae
2139 938 2628 1007 adhatrentjecori.
2666 937 2785 1000 Vel,
2822 939 3146 1002 sicutl.XX,
3177 950 3346 1010 caput

1773 1036 1830 1081 et
1852 1028 2064 1096 adipes.
2095 1027 2210 1082 Nos
2281 1043 2410 1082 vero
2454 1044 2551 1097 per
2600 1028 2940 1084 concisiones
2990 1029 3226 1084 animam
3289 1038 3347 1085 et

1773 1127 1970 1182 corpus
1991 1113 2340 1184 intelligimus
2364 1131 2379 1180 ;
2405 1130 2528 1169 cum
2561 1116 2704 1169 enim
2737 1115 2898 1170 unius
2933 1117 3044 1172 sint
3067 1119 3339 1183 animalis,

1773 1203 2070 1258 secundum
2089 1203 2436 1274 operationes
2465 1206 2778 1273 passionum
2831 1207 3065 1260 invicem
3116 1207 3344 1273 sibiad-
3440 1195 3452 1262 ἓ

1773 1301 2062 1347 versantur
2095 1292 2272 1356 ;dicit
2310 1291 2456 1345 enim
2499 1291 2834 1362 Apostolus:
2864 1293 3001 1347 Caro
3033 1295 3344 1363 concupiscit
3439 1294 3446 1302 ”

1774 1381 2021 1436 adversus
2057 1381 2320 1450 spiritum,
2383 1382 2602 1453 spiritus
2652 1382 2904 1436 adversus
2947 1398 3179 1436 carnem.
3220 1386 3347 1438 Hau:

1775 1473 1909 1524 enim
1932 1471 2146 1524 invicem
2165 1470 2264 1524 sibi
2291 1471 2640 1526 adversantur
2661 1472 2728 1525 ⁸⁸.
2756 1472 3049 1542 Propterea
3072 1472 3342 1527 Abraham

1774 1577 1909 1616 cum-
1932 1562 2154 1616 oll‘erret
2184 1562 2512 1617 Sacrificium
2571 1562 2702 1627 Deo,
2736 1563 2987 1618 dividens
3015 1579 3256 1628 vaccam,
3291 1573 3351 1622 et

1777 1667 2015 1722 capram,
2045 1659 2102 1706 et
2127 1652 2376 1718 arietem,
2403 1651 2702 1707 divisiones
2763 1663 2956 1708 contra
2987 1671 3046 1710 se
3093 1654 3346 1708 altrinse-

1776 1759 1874 1798 cus
1904 1743 2102 1809 posuit.
2138 1742 2318 1812 Caput
2353 1749 2538 1797 autem
2570 1743 2751 1798 omnis
2779 1745 3060 1800 rationalis
3087 1746 3347 1801 animalis

1775 1849 1932 1888 mens
1965 1833 2186 1900 dicitur,
2209 1840 2430 1902 propter
2450 1833 2595 1902 quod
2651 1833 2816 1889 Isaias
2841 1835 2976 1889 dixit
3004 1853 3017 1888 :
3059 1840 3221 1890 Omne
3251 1852 3344 1890 ca-

1775 1933 1868 1994 put
1891 1923 2230 1994 languidum,
2257 1932 2306 1976 et
2339 1938 2492 1976 omne
2522 1939 2612 1976 cor
2661 1939 2900 1990 marcus,
2927 1943 2958 1980 a
2990 1925 3175 1996 planta
3199 1927 3347 1996 pedis

1777 2029 1936 2083 usque
1968 2014 2038 2066 ad
2067 2013 2308 2066 verticem
2331 2029 2432 2066 non
2458 2021 2532 2066 est
2571 2014 2628 2066 in
2679 2031 2738 2067 eo
2767 2015 2970 2068 sanitas
2999 2017 3066 2070 ".
3094 2015 3344 2086 Compati

1775 2105 1920 2156 enim
1947 2102 2049 2156 sibi
2081 2103 2244 2156 nimis
2272 2103 2389 2158 haec
2433 2103 2666 2158 invicem
2700 2105 2979 2172 dicuntur,
3003 2117 3059 2162 et
3081 2107 3346 2162 rationale

1774 2202 2042 2258 nostrum,
2074 2202 2264 2263 utpote
2289 2193 2344 2247 in
2375 2201 2605 2264 utroque
2636 2195 2906 2261 habitans,
2945 2199 3228 2268 utriusque
3259 2198 3344 2255 fo-

1776 2299 1934 2344 vetur
1969 2290 2163 2346 salute.
2187 2289 2245 2343 In
2270 2299 2497 2359 utroque
2519 2298 2698 2343 autem
2721 2288 2946 2353 habitat,
2975 2289 3030 2343 in
3049 2291 3210 2343 corde
3236 2289 3345 2344 sci-

1774 2379 1902 2434 licet
1919 2391 1971 2434 el
1995 2382 2048 2434 in
2070 2381 2317 2445 cerebro,
2343 2381 2464 2449 quia
2479 2396 2592 2438 non
2612 2389 2826 2449 oportet
2843 2388 3082 2434 mentem
3106 2379 3344 2436 sobriam

1773 2469 1974 2535 dividi,
2003 2471 2098 2526 sed
2131 2471 2302 2539 ipsam
2326 2489 2355 2524 a
2387 2487 2518 2540 pace
2551 2471 2644 2525 Dei
2687 2469 3014 2524 custoditam
3040 2507 3056 2534 ,
3089 2469 3234 2524 sicut
3270 2471 3348 2524 ait

1773 2559 2096 2628 Apostolus:
2119 2559 2184 2611 Et
2199 2575 2306 2628 pas:
2323 2559 2438 2624 Dei,
2457 2573 2573 2628 qum
2593 2551 2872 2626 exsuperat
2891 2572 3094 2609 omnem
3115 2572 3342 2620 sensum,
3398 2613 3406 2623 ,

1772 2649 2029 2702 custodiat
2047 2651 2202 2703 corda
2224 2659 2413 2712 vestra,
2433 2658 2482 2702 et
2503 2646 2873 2716 intelligentias
2896 2654 3092 2699 vestras
3108 2643 3176 2709 “,
3200 2644 3350 2698 (olli-

1771 2753 1898 2809 gcre
1910 2746 2122 2806 Oportet
2135 2739 2189 2791 in
2206 2753 2374 2792 unum
2393 2739 2636 2807 corporis
2652 2746 2706 2790 et
2719 2734 2912 2788 anima:
2934 2735 3349 2802 motum.Adcps

1771 2836 1950 2882 autem
1972 2845 2000 2880 a
2025 2827 2383 2882 divisionibus
2406 2842 2516 2880 non
2547 2828 2665 2880 sine
2690 2839 2855 2880 causa
2882 2831 3188 2893 separatur,
3218 2837 3344 2877 cum

1781 2919 2048 2976 testimari
2067 2928 2306 2989 oportet,
2331 2919 2481 2988 quia,
2504 2926 2693 2986 utpote
2726 2915 2818 2986 qui
2851 2916 2902 2968 in
2936 2915 3068 2984 ipsis
3095 2923 3198 2978 est,
3225 2929 3346 2966 cum

85 3015 293 3077 tesque
320 3012 502 3058 nostra
531 3005 870 3061 conversatio
905 3006 1253 3074 approbetur,
1283 3008 1409 3076 quia
1431 3016 1485 3061 et
1519 3009 1668 3062 Cbri-
1699 3034 1741 3092 ε
1777 3010 1908 3080 ipsis
1935 3010 2156 3064 deberet
2183 3009 2407 3074 oll‘erri;
2438 3009 2532 3062 sed
2563 3007 2689 3076 quia
2724 3003 3080 3076 pinguiSsima
3111 3019 3237 3074 pars
3291 3010 3350 3057 et

21 3105 23 3108 ‘
82 3108 235 3162 stus,
269 3096 412 3150 sicut
436 3097 510 3150 ait
538 3095 753 3161 Paulus,
777 3097 1058 3150 secundum
1080 3099 1434 3164 operationem
1460 3100 1512 3152 in
1532 3103 1671 3152 mea-

85 3205 286 3242 suram
336 3187 742 3257 uniuscujusque
780 3187 998 3241 membri
1061 3198 1401 3258 augmentum
1439 3190 1672 3258 corporis

89 3281 222 3348 facit
257 3278 316 3330 in
338 3279 733 3346 (adiﬁcationem
777 3278 860 3332 sui
887 3279 939 3331 in
983 3278 1239 3332 cliaritale
1256 3279 1318 3334 “.
1359 3279 1512 3335 Tunc
1547 3296 1675 3351 ergo

91 3367 193 3422 lilii
225 3369 410 3420 Aaron
434 3367 729 3420 sacerdotis
761 3365 872 3438 (qui
901 3374 1083 3420 autem
1116 3366 1172 3420 hi
1203 3369 1314 3422 sint
1343 3383 1506 3438 supra
1537 3369 1676 3424 dixi-

93 3459 253 3528 mus)
281 3457 553 3522 subjicieut
589 3457 751 3511 altari
771 3459 960 3527 ignem.
997 3457 1194 3526 Utpote
1219 3460 1673 3516 ministrationem

97 3549 332 3616 spiritus
355 3542 670 3616 'plcnissime
697 3549 942 3602 valentes
959 3549 1280 3604 accendere.
1316 3551 1382 3604 Et
1403 3553 1675 3620 quomodo

99 3637 427 3692 habebimus
448 3637 622 3708 ignem
648 3637 739 3706 qui
762 3637 983 3692 minime
1010 3639 1420 3708 exstinguatur?
1459 3640 1672 3695 Strucm

100 3726 372 3797 lignorum
396 3735 802 3796 componentes,
835 3727 1042 3782 scilicet
1089 3738 1396 3784 sanctarum
1429 3729 1672 3799 Scriptu-

103 3831 292 3872 rarum
313 3818 689 3872 meditationes
721 3827 902 3888 atque
954 3820 1230 3874 doctrinas
1250 3839 1265 3878 :
1287 3822 1500 3890 ρει-,1ης
1529 3823 1672 3878 enim

107 3896 349 3964 nul-ritur
369 3909 592 3979 spiritus
649 3909 760 3973 Dei,
815 3918 871 3964 et
917 3911 1176 3966 continue
1228 3914 1562 3979 accenditur,
1618 3927 1671 3970 ut

108 4001 418 4058 turbinibus
451 4000 800 4054 adver'sarum
856 4009 1198 4069 potestatum
1253 4004 1520 4074 exstingui
1563 4019 1674 4058 non

109 4091 311 4160 possit;
343 4100 560 4160 propter
589 4089 732 4160 quod
763 4098 819 4143 et
850 4089 1047 4144 Paulus
1097 4090 1314 4146 dicebat
1347 4109 1361 4144 :
1415 4091 1675 4162 Spiritum

113 4189 272 4243 nolite
295 4189 635 4257 exstinguere,
663 4185 962 4254 propheticis
1005 4185 1163 4238 nolite
1194 4202 1439 4253 spernere
1462 4187 1528 4242 ³⁸.
1565 4187 1674 4243 Nec

114 4280 414 4334 mirandum
465 4288 566 4340 est,
619 4276 664 4330 si
717 4275 856 4346 ligna
901 4285 1213 4330 sanctarum
1267 4276 1670 4346 Scripturarum

1777 3101 1940 3156 nimis
1963 3101 2198 3155 crassior
2227 3101 2406 3154 oninis
2437 3099 2690 3152 annnalis
2722 3097 2890 3159 adeps
2933 3109 3059 3148 esse
3120 3092 3344 3158 dicitur,

1775 3207 1844 3246 ex
1870 3191 1988 3262 ipso
2017 3201 2201 3246 autem
2245 3189 2402 3244 nobis
2429 3187 2824 3243 desideriorum
2855 3191 3156 3254 exsurgunt
3185 3191 3348 3250 atque

1775 3291 2186 3336 commoventur
2216 3281 2494 3350 appetitus
2515 3319 2529 3343 ,
2603 3277 2748 3347 quod
2791 3276 3143 3329 manifestum
3177 3287 3348 3327 estex

1776 3389 1842 3428 eo
1893 3372 2034 3442 quod
2065 3373 2372 3442 superjacet
2399 3370 2624 3424 renibus
2680 3378 2737 3422 et
2758 3367 3092 3437 inguinibus,
3123 3381 3242 3435 qua:
3261 3381 3351 3418 or-

1775 3477 1912 3532 gana
1957 3477 2057 3515 seu
2100 3462 2464 3514 instrumenta
2521 3473 2644 3513 esse
2695 3459 2963 3510 seminum
3012 3454 3350 3510 commistio-

1776 3565 2013 3618 numque
2035 3547 2530 3617 putamur,auferri
2557 3548 2704 3600 hunc
2728 3562 2757 3599 a
2779 3545 2888 3600 divi
2908 3543 3139 3597 .ionibus
3161 3543 3347 3612 jussit,

1777 3657 1879 3696 nec
1901 3641 2046 3694 enim
2073 3640 2232 3693 aliter
2262 3648 2478 3708 poterat
2529 3639 2703 3692 solum
2760 3634 2964 3690 ollerri.
3011 3633 3225 3688 Aulerri
3253 3649 3352 3690 auv
3423 3665 3432 3674 -

1777 3743 1910 3796 tem,
1946 3741 2006 3786 ut
2037 3732 2311 3786 discamus
2335 3729 2621 3786 desideriis
2647 3743 2758 3782 non
2795 3725 3148 3796 corporaliter
3173 3740 3351 3794 neque

1775 3822 2078 3877 animaliter
2105 3821 2204 3884 uti,
2235 3823 2330 3875 sed
2365 3820 2703 3889 spiritaliter,
2732 3827 2792 3872 ut
2817 3819 2928 3871 sola
2960 3816 3227 3887 spiritalia
3251 3818 3350 3870 tle-

1775 3912 2100 3974 sideremus,
2127 3921 2180 3964 et
2205 3927 2422 3966 onmem
2447 3911 2749 3980 appetitum
2782 3911 2838 3963 in
2867 3908 2946 3962 eis
2979 3918 3220 3976 etusque
3283 3910 3348 3963 ad

1774 4023 1838 4062 ea
1887 4008 2262 4068 extendamus,
2313 4022 2440 4075 qua
2477 4016 2533 4060 et
2565 4004 2818 4058 animalis
2863 4009 3016 4057 homo
3079 4019 3180 4056 non
3225 4020 3350 4072 per-

1777 4101 1910 4168 cipit
1960 4117 2023 4153 ea
2069 4116 2186 4170 qua?
2222 4109 2341 4153 sunt
2361 4098 2597 4167 spiritus,
2643 4095 2869 4150 stultitia
2903 4103 2976 4148 est
3006 4094 3144 4147 enim
3173 4092 3251 4176 illi
3283 4093 3348 4146 η.

1773 4191 1914 4261 Ergo
1936 4191 2226 4244 animalem
2252 4189 2433 4244 dicere
2465 4189 2664 4242 Paulus
2688 4187 2906 4242 videtur
2949 4202 3074 4240 eum
3126 4185 3221 4255 qui
3241 4199 3345 4240 non

1775 4283 2003 4336 multum
2033 4282 2101 4336 de
2125 4281 2437 4336 carnalibus
2459 4281 2662 4348 cogitat
2710 4277 2788 4348 (et
2818 4278 2940 4331 ideo
2969 4277 3202 4330 carnalis
3241 4291 3351 4330 non

115 4367 382 4422 doctrinas
413 4365 716 4428 docuimus,
753 4379 875 4418 cum
905 4363 1196 4434 legerimus
1245 4365 1299 4418 in
1319 4365 1558 4434 Epistola
1606 4367 1672 4422 ad
1709 4367 1749 4421 D
1777 4383 1860 4428 est
1879 4373 2226 4442 appellatus),
2251 4372 2348 4427 sed
2376 4371 2620 4434 anitnum
2649 4385 2776 4440 erga
2821 4383 2962 4424 vana
2993 4365 3260 4422 desideria
3297 4373 3354 4421 et

116 4455 421 4512 Corinthios
455 4473 468 4508 :
501 4453 688 4526 Ligna,
720 4455 917 4524 fcitum,
963 4453 1186 4522 stipulas
1211 4456 1273 4517 ’⁸,
1305 4457 1473 4511 malas
1503 4457 1676 4512 τιοιὶοο

119 4565 215 4605 nos
259 4549 341 4604 vel
391 4548 662 4603 doctrinas
697 4545 1045 4616 signiﬁcatas.
1107 4547 1212 4602 Sed
1248 4542 1514 4618 lignorum
1573 4551 1680 4604 alia

121 4641 332 4710 quidem
364 4647 492 4693 sunt
514 4637 808 4703 fructuosa,
865 4653 989 4692 nam
1037 4636 1304 4691 Jeremias
1355 4638 1422 4691 de
1455 4653 1521 4692 eo
1583 4639 1677 4708 qui

123 4727 339 4782 conlidit
373 4726 426 4780 in
461 4725 567 4780 Deo
597 4726 764 4783 dixit:
797 4727 862 4780 Et
925 4727 1024 4780 erit
1072 4711 1224 4796 quasi
1274 4727 1472 4796 lignum
1538 4731 1678 4800 quod

89 4814 97 4896 ί
127 4820 534 4890 transplantatur
561 4835 713 4888 super
737 4835 922 4890 aquas,
956 4825 1093 4890 quod
1131 4820 1203 4872 ad
1225 4820 1494 4874 humorem
1516 4821 1676 4874 mittit

128 4913 318 4967 radices
347 4928 472 4966 suas
497 4913 560 4965 ³⁷.
597 4910 749 4976 Quod
785 4921 968 4966 autem
1029 4926 1130 4980 per
1185 4911 1329 4984 ligna
1374 4911 1676 4979 fructifera,

131 5013 266 5057 recte
288 5003 562 5058 meditatio
585 5017 856 5058 sacrarum
887 5001 1288 5072 Scripturarum
1323 5001 1677 5074 intelligatur,

133 5101 306 5160 aperte
337 5089 493 5146 nobis
511 5091 676 5146 David
698 5091 1030 5146 demonstrat
1072 5091 1172 5145 :de
1201 5109 1268 5146 eo
1294 5093 1460 5156 enini,
1496 5095 1585 5162 qui
1622 5096 1676 5148 in

137 5181 236 5246 lege
261 5180 467 5238 Domini
498 5181 776 5234 meditatur
809 5182 892 5235 die
923 5197 984 5234 ac
1011 5192 1155 5235 nocte
1185 5183 1249 5246 ³⁸,
1277 5183 1418 5246 Erit,
1445 5185 1540 5247 ait,
1573 5185 1680 5238 sic-

139 5282 190 5328 ut
214 5271 402 5344 lignum
438 5269 574 5340 quod
599 5269 894 5340 plumatum
927 5279 1000 5325 est
1038 5287 1182 5327 secus
1234 5273 1482 5328 decursus
1511 5291 1684 5346 aqua-

225 5503 264 5534 ”
291 5500 448 5565 lbid.,
481 5497 570 5552 25.
646 5497 692 5530 '°
725 5495 854 5553 Dan.
910 5516 975 5562 ιι.
1013 5501 1102 5556 51.

153 5642 285 5710 v,l‘l.
353 5640 400 5726 f'
427 5639 531 5696 lsa.
559 5653 598 5705 I,
626 5637 678 5693 6.
795 5640 837 5675 ι’
873 5637 982 5690 l'hJ
1011 5655 1095 5708 pp.
1125 5655 1196 5704 tv,
1247 5641 1299 5696 7.

1195 5501 1236 5533 "
1275 5501 1380 5564 lsa,
1432 5516 1587 5568 Lina,
1642 5503 1732 5558 15.

149 5570 428 5624 “l'lhess.
463 5586 514 5632 ν,
561 5567 641 5620 19.
719 5567 763 5598 ³⁸
799 5568 964 5622 lCor.
1005 5587 1086 5631 ιιι,
1119 5571 1191 5625 12.
1271 5572 1315 5603 ³⁷
1342 5571 1545 5626 ιιι-τειιι.
1573 5567 1670 5626 έχιί

153 5642 285 5706 v.l‘l.
361 5640 400 5671 ἰ
427 5639 531 5696 lsa.
559 5653 598 5705 ι,
626 5637 678 5693 6.
795 5640 837 5675 ι’
873 5637 982 5690 1⁵1ι.1
1011 5655 1095 5706 pp.
1125 5655 1196 5704 tv,
1247 5641 1299 5696 7.
1395 5641 1491 5695 "l
1551 5639 1674 5696 Cor.

1780 5572 1833 5626 s.
1924 5574 1927 5598 ι

1776 5659 1800 5706 ι,
1841 5639 1927 5692 ιι.

1777 4465 2107 4534 quaestiones
2136 4472 2382 4532 occupat.
2419 4461 2570 4516 verbi
2607 4462 2800 4532 gratia,
2837 4461 2892 4513 in
2919 4459 3192 4514 mensuris
3206 4457 3350 4521 coeli,

1781 4567 1838 4612 et
1876 4565 2147 4610 astrorum
2193 4554 2466 4616 numeris,
2523 4559 2580 4606 et
2629 4551 2829 4606 similia
2886 4549 3352 4620 philosophantes,

1777 4648 1872 4717 qui
1901 4647 2202 4702 forinsecus
2229 4660 2483 4714 ntaguum
2532 4642 2788 4696 videntur
2823 4657 2949 4711 erga
2971 4642 3208 4694 animam
3239 4647 3356 4692 stu-

1779 4739 1928 4792 dium
1943 4735 2274 4805 impendere.
2307 4733 2530 4802 Propter
2561 4731 2705 4798 quod
2731 4737 2786 4783 et
2815 4745 3002 4784 eorum
3029 4727 3354 4795 sapientiam

1779 4827 2092 4888 animalem,
2131 4821 2475 4884 diabolicam,
2531 4827 2825 4878 terrenam,
2879 4831 2992 4868 non
3059 4823 3241 4868 autem
3287 4813 3356 4866 de

1779 4912 2155 4982 superioribus
2183 4908 2624 4970 descendentem,
2682 4919 2752 4958 ex
2789 4903 2992 4973 quibus
3051 4900 3346 4957 descendit

1779 5006 2026 5076 spiritus,
2054 5001 2290 5059 Jacobus
2317 4997 2630 5070 appellavit,
2671 4996 2872 5068 quibus
2907 4993 3134 5050 Stultitia
3161 5001 3246 5046 est
3287 5007 3352 5046 ea

1782 5112 1902 5164 quae
1922 5102 2051 5150 sunt
2069 5091 2325 5162 spiritus;
2359 5103 2468 5144 non
2495 5087 2643 5143 enim
2675 5103 2739 5142 ea
2776 5093 3006 5156 possunt
3029 5082 3352 5152 intelligere,

1787 5187 1910 5257 quia
1939 5183 2254 5254 spiritaliter
2279 5198 2389 5237 non
2419 5181 2754 5234 examinant.
2782 5176 2923 5247 Ergo
2952 5174 3352 5246 intelligibilem

1793 5276 2036 5345 adipem.
2069 5274 2122 5329 id
2145 5283 2250 5338 est,
2291 5287 2456 5327 omne
2483 5279 2734 5326 nostrum
2755 5267 3031 5324 dcsidcriu
3053 5285 3107 5331 ιι,
3135 5281 3231 5320 seu
3253 5280 3354 5334 ap-

2443 5496 2490 5530 ⁸³
2532 5496 2632 5550 Job
2662 5511 2720 5559 II,
2742 5495 2796 5550 4.

2481 5565 2698 5622 “l’sal.
2750 5579 2870 5628 xcv,
2925 5564 3010 5617 l2.

2883 5492 2930 5525 ”
2956 5491 3158 5562 Ephes.
3182 5504 3264 5562 _t_v,
3295 5491 3347 5549 7.

1824 5502 1870 5535 ⁸⁸
1900 5499 2072 5555 lCor.
2120 5517 2236 5563 xvi,
2287 5500 2340 5554 9.
2443 5499 2490 5530 ³³
2532 5499 2632 5550 Job
2662 5511 2720 5559 ιι,
2742 5499 2796 5550 4.
2883 5499 2930 5525 ³⁵
2956 5499 3158 5562 Ephes.
3192 5504 3264 5551 tv,
3295 5499 3347 5549 'l.

1824 5610 1833 5621 .
1924 5570 1967 5601 ³⁸
2003 5570 2146 5624 Psal.
2181 5587 2220 5624 ι.
2249 5571 2305 5624 9.
2333 5568 2386 5622 5.
2481 5566 2523 5598 ”
2552 5565 2698 5622 l’sal.
2750 5579 2870 5624 xcv,
2925 5564 3010 5617 l2.
3107 5561 3149 5592 ιο
3171 5559 3349 5624 Galat,

1924 5570 1967 5601 ³⁸
2003 5570 2146 5624 Psal.
2181 5587 2220 5636 ι,
2249 5571 2305 5632 9,
2333 5568 2386 5622 5.
