3886 6306
502 295 612 361 799

506 405 737 478 petitum
758 418 956 463 vacare
977 404 1121 462 circa
1148 400 1397 473 spiritum
1447 398 1625 481 jubet,
1677 408 1736 457 et
1792 410 2078 473 propterea
2111 404 2157 462 Δ

508 514 621 554 non
650 512 773 552 cum
806 495 1192 557 divisionibus,
1222 492 1319 548 sed
1373 506 1474 563 per
1506 506 1565 547 se
1596 491 1807 550 oll‘err‘i.
1850 494 2084 549 Verum-

512 597 694 644 tamen
716 595 773 642 et
788 584 1104 648 divisiones,
1138 588 1392 652 eteaput,
1411 590 1467 637 et
1490 581 1730 652 adipem,
1754 596 1919 651 super
1939 583 2088 652 ligna

512 677 711 731 ttnibus
740 676 879 746 ignis
907 674 1189 744 subjectus
1217 681 1324 736 est,
1381 684 1611 741 qumque
1656 679 1786 726 sunt
1816 686 1985 742 super
2011 671 2090 726 al-

517 774 652 826 tare.
676 767 958 835 imponere
978 764 1156 834 jubet,
1189 770 1249 817 ut
1275 777 1495 817 omnem
1532 769 1780 816 nostrum
1807 761 2088 816 hominem

514 856 803 928 scripturis
860 854 1218 925 spiritalibus,
1284 867 1407 924 qua:
1463 852 1532 908 de
1603 852 1931 924 intelligibili
2003 854 2088 908 al-

514 947 615 1002 tari
683 946 928 1015 corporis
994 942 1209 999 Domini
1273 942 1434 998 dieue
1505 950 1667 1008 sunt,
1752 951 2089 1012 coaptemus,

515 1039 814 1093 secundum
869 1037 991 1107 ejus
1035 1035 1286 1091 viventes
1348 1048 1446 1089 seu
1514 1042 1908 1090 conversantes
1963 1033 2093 1088 imi-

516 1128 795 1183 tationem.

587 1217 858 1274 Intestinis
891 1223 1069 1270 autent
1102 1214 1398 1284 etpedibus
1433 1214 1553 1269 latis
1569 1232 1734 1287 aqua,
1772 1216 1917 1287 quod
1952 1214 2094 1270 LXX

518 1309 691 1364 edunt
714 1325 727 1361 :
758 1307 830 1362 Ea
844 1322 966 1378 quae
984 1315 1109 1362 sunt
1126 1306 1184 1361 in
1206 1317 1418 1372 ventre,
1451 1314 1508 1361 et
1529 1307 1698 1377 pedes
1721 1322 1859 1378 aqua
1887 1308 2093 1374 lavent,

520 1412 620 1467 per
647 1410 712 1450 ea
743 1411 865 1465 quae
896 1395 953 1449 in
986 1402 1179 1449 ventre
1229 1401 1378 1460 sunt,
1426 1395 1641 1449 abditas
1662 1393 1723 1449 et'
1752 1395 1984 1450 latentes
2003 1411 2099 1451 co-

522 1488 813 1559 gitationes
856 1485 1232 1559 signiﬁcantes
1292 1486 1346 1540 in
1419 1494 1612 1540 ventre
1674 1487 1915 1553 animze,
1972 1488 2098 1557 quia

523 1590 714 1633 venter
735 1578 931 1632 animae
955 1592 1050 1632 cor
1081 1586 1185 1632 est.
1216 1576 1373 1632 Unde
1420 1587 1476 1632 et
1533 1578 1797 1634 Jeretnias
1844 1579 2094 1634 dicebat:

531 1667 767 1723 Ventrem
803 1682 997 1731 meum,
1022 1675 1250 1719 ventrem
1276 1682 1447 1718 meum
1477 1666 1624 1720 doleo
1642 1666 1708 1730 “,
1742 1683 1903 1736 quem
1960 1683 2095 1721 νεη-

525 1767 665 1811 trem
688 1756 802 1825 ipse
835 1754 1142 1810 subinl‘ert:
1172 1753 1241 1807 Et
1261 1769 1443 1808 sensus
1460 1756 1633 1808 cordis
1664 1733 1773 1809 mei
1801 1757 2096 1809 conturbati
2130 1733 2168 1789 Β

524 1854 666 1898 sunt.
691 1841 864 1896 Pedes
891 1850 1074 1895 autem
1110 1839 1374 1904 actiones,
1403 1840 1529 1908 quia
1564 1842 1842 1910 prepbette
1857 1857 2097 1912 praesens

528 1933 790 1987 saeculum
823 1932 987 1987 vitam
1009 1930 1281 2000 appellare
1310 1941 1732 1993 consueverunt,
1762 1932 1831 1985 ita
1846 1941 1909 1985 nt
1933 1932 2099 1985 David

527 2023 736 2078 diceret
767 2041 780 2078 :
815 2022 968 2077 Beati
1008 2017 1340 2074 immaculati
1390 2020 1443 2071 in
1471 2021 1579 2085 via,
1611 2023 1699 2091 qui
1727 2021 2001 2074 ambulant
2046 2022 2102 2074 in

530 2113 641 2185 lege
672 2113 884 2167 Domini
910 2113 979 2173 ⁸⁸,
1004 2112 1057 2166 id
1085 2121 1188 2176 est,
1222 2112 1316 2182 qui
1360 2111 1415 2164 in
1450 2111 1565 2182 lege
1630 2112 1843 2166 Domini
1867 2128 2102 2181 operan-

533 2216 641 2259 tur.
670 2203 796 2257 Vult
825 2219 954 2270 ergo
983 2192 1082 2257 nos
1107 2203 1269 2257 simul
1310 2218 1434 2257 cunt
1487 2203 1794 2257 actionibus
1853 2213 1909 2257 et
1963 2204 2107 2274 cogi-

533 2295 767 2351 tationes
782 2294 989 2349 diluere
1017 2309 1177 2363 aqua,
1206 2293 1321 2348 sive
1352 2294 1629 2363 baptismi,
1654 2295 1768 2348 sive
1790 2293 2105 2364 lletus.quia

535 2392 591 2438 et
623 2385 689 2439 de
711 2384 1128 2455 cegitationibus
1155 2383 1234 2438 rei
1260 2384 1315 2437 in
1351 2383 1558 2453 judicio
1581 2393 1852 2439 tenemur.
1877 2385 1929 2439 Si
1961 2368 2107 2439 enim

537 2475 626 2543 qui
648 2477 898 2527 irascitur
919 2474 1077 2544 fratri
1092 2489 1186 2527 suo
1208 2474 1326 2528 sine
1351 2489 1512 2528 causa
1540 2491 1658 2527 reus
1677 2484 1750 2528 est
1781 2476 2025 2544 geltennte
2041 2476 2107 2540 “,

538 2565 618 2620 ira
640 2574 821 2619 autem
840 2566 1036 2619 animae
1057 2573 1140 2619 est
1165 2574 1368 2627 motus,
1398 2581 1508 2619 non
1542 2566 1705 2620 debet
1732 2567 1820 2620 hic
1849 2584 1911 2620 ex
1938 2569 2111 2622 actio-

536 2670 607 2710 nc
653 2654 1075 2724 judicium?Sed
1134 2671 1257 2711 cum
1308 2656 1751 2720 tanta-dixisset,
1815 2656 2111 2729 legislatio-

539 2758 664 2796 nem
692 2759 842 2797 Suam
880 2743 945 2797 ad
987 2759 1151 2798 unutn
1187 2745 1457 2814 breveqne
1481 2745 1748 2799 conclusit
1775 2762 1791 2811 ;
1821 2747 1895 2800 ait
1923 2748 2069 2800 enim
2095 2766 2110 2803 :

613 2833 949 2904 Adolebitque
977 2851 1038 2888 ea
1077 2836 1318 2889 sacerdos
1340 2852 1496 2905 super
1528 2836 1700 2890 altare
1747 2836 1804 2890 in
1858 2837 2114 2891 holocau-

538 2933 699 2990 stum,
731 2934 779 2978 et
800 2941 1017 2979 suavem
1046 2924 1256 2979 odorem
1315 2925 1555 2979 Domino.
1606 2925 1749 2997 Ergo
1780 2927 1998 2995 quando
2024 2943 2114 2982 sa-

541 3015 803 3069 criﬁcium
832 3024 1079 3070 nostrum
1125 3016 1503 3070 holocaustum
1569 3017 1643 3078 lit,
1703 3025 1835 3070 tunc
1886 3017 2114 3072 Domino

540 3107 678 3160 odor
706 3105 1320 3162 suavitatisincenditur
1348 3124 1361 3160 :
1387 3120 1440 3162 et
1468 3108 1686 3177 quando
1707 3108 1888 3162 omnia
1947 3123 2115 3178 super

542 3194 880 3264 intelligihile
904 3194 1072 3249 altare
1114 3195 1494 3259 obtulerimus,
1555 3196 1853 3250 imitatores
1911 3195 2115 3251 Christi

542 3286 842 3342 secundum
876 3285 1286 3355 possibilitatem
1317 3287 1520 3349 eﬁ'ecti,
1545 3295 1600 3341 et
1627 3288 1694 3340 ad
1727 3287 1897 3356 ipsius
1928 3285 2113 3341 imita-

542 3375 749 3430 tionem
804 3385 1044 3429 nostram
1087 3376 1273 3440 vitam,
1333 3390 1432 3429 seu
1502 3374 1974 3430 conversationem
2021 3387 2115 3427 co-

541 3477 812 3538 aptantes.
843 3465 957 3522 Hoc
1013 3469 1158 3522 enim
1195 3483 1318 3524 esse
1390 3467 1561 3522 altare
1615 3466 1871 3536 superius
1924 3473 2116 3521 osten-

542 3559 747 3614 dimus.

617 3649 979 3704 VensJO-H’).
1012 3669 1030 3700 ι
1062 3649 1214 3715 Quod
1243 3648 1286 3702 si
1316 3649 1383 3703 de
1415 3650 1703 3719 pecoribus
1754 3648 1960 3705 oblatio
2004 3656 2112 3714 est,

544 3739 614 3793 de
637 3738 831 3793 ovibus
865 3739 980 3793 sive
1008 3738 1075 3793 de
1105 3739 1283 3807 capris
1312 3738 1690 3793 holocaustum
1713 3754 1912 3808 agnum
1953 3737 2116 3791 anni-

544 3830 728 3884 culum
762 3839 815 3884 et
843 3830 1049 3899 absque
1074 3830 1284 3884 macula
1319 3829 1532 3894 oﬁeret,
1573 3829 1986 3899 immolabitque
2043 3828 2113 3882 ad

547 3920 690 3975 latus
719 3920 924 3983 altaris,
951 3921 1095 3990 quod
1120 3920 1340 3990 respicit
1370 3920 1435 3975 ad
1462 3921 1772 3990 aquilonem
1794 3932 1981 3974 coram
2011 3918 2115 3971 Do-

546 4012 716 4065 mino.
745 4012 1072 4082 Sanguinem
1105 4027 1234 4065 vero
1263 4011 1408 4065 illius
1449 4011 1678 4066 fundent
1730 4026 1898 4080 super
1946 4009 2121 4064 altare

548 4101 644 4155 lilii
667 4101 843 4155 Aaron
867 4116 964 4171 per
982 4101 1291 4165 circuitum,
1324 4101 1681 4171 divideutque
1723 4101 1989 4163 membra,
2028 4113 2124 4154 ca-

546 4201 668 4261 put,
687 4200 737 4246 et
768 4193 953 4246 omnia
987 4208 1107 4261 qua:
1160 4192 1444 4247 adltterent
1504 4190 1776 4260 jecori,et
1837 4191 2120 4260 imponent

550 4296 716 4348 super
738 4280 895 4349 lignis
923 4281 1121 4349 quibus
1144 4279 1521 4348 subjiciendus
1554 4287 1639 4333 est
1687 4279 1859 4349 ignis;
1893 4278 2113 4333 intesti-

1692 291 2055 354 HESYCHII
2101 289 2577 353 PRESBYTERI

2822 231 2902 297 Ὗ
3698 279 3812 342 suo

2183 398 2595 460 Verumtamen,
2620 410 2747 453 cum
2796 393 2981 450 ovium
3037 389 3356 446 memoriam
3402 386 3668 453 iecisSet.
3727 392 3805 443 ait

2188 492 2335 549 enim
2378 510 2392 547 :
2422 490 2481 546 Si
2509 498 2688 544 autem
2719 493 2784 542 de
2812 485 2993 540 ovibus
3041 493 3117 538 est
3171 482 3368 537 oblatio
3393 522 3410 547 ,
3481 481 3806 536 subimulit

2186 584 2330 640 aliud
2360 581 2582 646 animal,
2612 579 2666 635 id
2700 587 2787 635 est
2814 591 3146 647 caprarum;
3182 574 3317 630 dicit
3347 574 3498 628 enim
3533 573 3623 627 sic
3665 592 3686 626 :
3730 573 3807 626 De

2189 675 2367 731 ovibus
2392 682 2441 729 et
2475 672 2538 727 de
2569 671 2763 742 capris.
2817 669 3034 737 Quanta
3059 675 3244 721 autem
3300 665 3450 719 inter
3477 679 3697 733 capras
3750 675 3809 717 et

2190 780 2319 820 oves
2356 760 2666 818 diﬁ‘ereutia
2696 759 2787 823 sit,
2807 755 3156 828 apertissime
3185 768 3287 808 nos
3323 750 3607 807 Dominus
3634 750 3810 805 Iesus

2191 856 2396 921 docuit,
2440 855 2569 911 dum
2604 853 2674 909 de
2729 850 3209 908 consummatione
3255 847 3445 903 saeculi
3481 855 3759 900 narraret
3790 865 3808 898 :

2192 947 2286 1018 qui
2312 947 2443 1003 dum
2477 960 2610 1001 oves
2656 960 2687 999 a
2732 942 2944 999 dextris
2986 940 3297 1004 statuisset,
3331 937 3807 993 benedictionem

2193 1040 2275 1096 eis
2294 1040 2566 1111 iustorum
2591 1035 2855 1099 subdidit,
2876 1032 3061 1089 haedos
3091 1041 3273 1087 autem
3303 1045 3333 1083 a
3364 1029 3808 1091 sinistris,cono

2195 1140 2275 1185 tra
2298 1143 2436 1200 quos
2465 1127 2796 1184 sententiam
2850 1124 2999 1180 illam
3056 1120 3362 1177 terribilem
3416 1126 3803 1188 peccatorum

2198 1221 2420 1293 protulit
2442 1219 2508 1273 “.
2536 1217 2691 1274 Sicut
2712 1231 2841 1288 ergo
2865 1215 2996 1271 licet
3008 1228 3122 1268 non
3148 1212 3328 1268 solum
3355 1210 3426 1265 de
3442 1209 3683 1270 ovibus,
3702 1207 3804 1260 sed

2196 1323 2251 1370 et
2290 1315 2357 1369 de
2387 1309 2569 1382 capris
2584 1307 2789 1375 offerri,
2819 1315 2876 1362 et
2903 1304 3109 1361 oblatio
3133 1302 3202 1358 de
3221 1302 3519 1373 pecoribus
3550 1299 3808 1360 dicitur.

2197 1408 2279 1463 sic
2306 1414 2360 1461 et
2387 1420 2512 1458 eum
2542 1402 2635 1473 qui
2662 1416 2731 1456 ex
2773 1396 3159 1470 peccatoribus
3215 1403 3322 1457 est,
3382 1392 3669 1464 possibile
3718 1403 3807 1446 est

2199 1495 2533 1567 simplicitati
2568 1501 2789 1564 operam
2844 1490 2996 1555 dare,
3028 1496 3084 1543 et
3122 1487 3280 1557 quasi
3328 1501 3490 1540 ovem
3559 1484 3807 1548 factum,

2198 1588 2670 1644 conversationem
2692 1597 2849 1638 suam
2880 1581 2937 1635 in
2990 1580 3373 1635 holocaustum
3394 1577 3610 1631 oﬂerre
3656 1575 3808 1629 Deo:

2199 1681 2326 1750 quia
2357 1677 2505 1733 enim
2531 1674 2668 1728 nihil
2695 1671 2920 1743 impedit
2941 1670 3009 1725 ad
3061 1666 3480 1738 adipiscendam
3511 1664 3810 1734 jus-tilica-

2201 1771 2401 1822 tionem
2416 1774 2779 1835 ’peceatorem
2811 1759 3129 1830 quempiam
3173 1756 3366 1819 fuisse,
3392 1754 3670 1824 quamvis
3700 1754 3807 1805 hoc

2198 1858 2369 1913 .ludtei
2398 1870 2506 1909 non
2531 1859 2822 1921 putarent,
2855 1850 2979 1905 audi
3002 1848 3182 1919 qualia
3212 1863 3311 1917 per
3342 1844 3812 1911 Ezechielisprt»

2203 1948 2441 2020 pbetiam
2476 1944 2628 1999 dixit.
2659 1941 2797 1997 Cum
2826 1941 2972 1996 enim
3000 1941 3053 1995 in
3075 1939 3258 1993 multis
3288 1938 3548 1992 invertus
3595 1936 3806 1988 fuisset

2201 2049 2390 2097 contra
2419 2038 2702 2107 iniustum,
2733 2044 2788 2088 et
2819 2033 3070 2096 dixisset,
3099 2030 3269 2085 Morte
3321 2028 3623 2089 moriatur,
3676 2042 3807 2079 san-

2203 2133 2317 2211 guis
2362 2129 2474 2197 ejus
2497 2142 2653 2195 super
2681 2126 2853 2194 ipsum
2879 2122 2977 2176 erit
3011 2162 3027 2186 ,
3085 2121 3202 2175 hzcc
3254 2119 3420 2173 etiam
3487 2116 3750 2171 subdidit
3788 2128 3805 2165 :

2206 2222 2356 2287 Quod
2389 2221 2433 2275 si
2459 2218 2695 2289 genuerit
2719 2215 2890 2284 [ilium
2932 2215 3022 2285 qui
3041 2252 3061 2280 ,,
3086 2213 3266 2267 videns
3319 2211 3506 2265 omnia
3576 2219 3803 2279 peccata

2206 2311 2373 2380 patris
2411 2308 2494 2362 sui
2521 2322 2637 2378 qua:
2683 2305 2827 2375 fecit,
2882 2320 2986 2357 non
3027 2303 3206 2373 fecerit
3257 2300 3430 2354 simile
3480 2300 3583 2359 eis,
3635 2313 3799 2366 super

2209 2411 2405 2457 montes
2430 2416 2531 2452 non
2558 2397 2859 2463 comederit,
2881 2405 2929 2449 et
2960 2394 3135 2449 oculos
3158 2409 3280 2447 suos
3318 2408 3423 2444 non
3443 2390 3718 2444 (evaserit
3738 2390 3806 2440 ad

2210 2494 2350 2547 idola
2378 2499 2560 2545 (tomus
2592 2488 2782 2551 Israel,
2815 2499 2863 2542 et
2894 2503 3109 2541 uxorem
3136 2485 3367 2555 proximi
3386 2482 3473 2537 sui
3501 2490 3614 2535 non
3644 2482 3809 2535 viola-

2211 2587 2359 2650 verit,
2385 2593 2439 2639 et
2460 2584 2562 2638 alia
2590 2582 2676 2637 his
2702 2580 2919 2643 similia,
2952 2580 3007 2633 in
3028 2579 3230 2648 quibus
3263 2577 3427 2631 linem
3464 2576 3625 2629 hunc
3651 2573 3799 2627 addi-

2213 2680 2310 2745 dit,
2339 2678 2421 2731 Itic
2443 2693 2545 2730 non
2565 2675 2817 2728 morietur
2847 2674 2902 2726 in
2922 2673 3202 2743 iniquitate
3227 2671 3401 2739 patris
3426 2669 3539 2731 sui,
3578 2668 3678 2721 sed
3702 2668 3805 2720 vita

2212 2772 2366 2826 vivet.
2399 2767 2462 2822 Et
2492 2768 2664 2821 dicitis
2687 2781 2708 2821 :
2729 2764 2905 2830 Quare
2930 2780 3034 2818 non
3087 2762 3323 2831 portabit
3366 2761 3515 2830 ﬁlius
3542 2760 3808 2828 iniquita-

2217 2872 2319 2915 tem
2349 2860 2518 2929 patris
2542 2858 2624 2911 ‘9?
2685 2856 2775 2911 Sic
2789 2855 2962 2911 ιιι(ὶωί
2988 2866 3216 2908 necesse
3235 2865 3357 2906 esse
3395 2850 3576 2905 ﬁlium
3600 2889 3621 2912 ,
3654 2848 3808 2919 quasi

2220 2948 2701 3017 Itaareditariojure
2721 2986 2736 3011 ,
2773 2946 2827 2999 in
2858 2944 3026 3015 patris
3056 2941 3357 2998 succedere
3389 2948 3632 3011 peccato
3662 2938 3807 2992 arbi-

2142 3055 2181 3111 c
2217 3043 2517 3097 trahantur.
2548 3039 2653 3095 Sed
2672 3054 2833 3109 quam
2856 3038 2925 3091 ob
2953 3040 3072 3090 rent
3092 3050 3223 3089 oves
3261 3043 3318 3089 et
3345 3048 3550 3103 capras
3565 3032 3641 3086 ad
3672 3032 3808 3086 latus

2221 3134 2406 3189 altaris
2456 3131 2599 3202 quod
2623 3130 2846 3200 respicit
2880 3128 2948 3183 ad
2979 3127 3314 3197 aquilonem,
3342 3140 3536 3180 coram
3573 3124 3808 3178 Domino

2222 3226 2484 3296 praecepit
2505 3222 2704 3287 occidi,
2726 3237 2851 3277 cum
2880 3235 2992 3275 non
3016 3220 3092 3273 ita
3121 3218 3188 3273 de
3216 3218 3396 3272 bobus
3422 3216 3806 3285 praecepisset,

2223 3318 2319 3373 sed
2350 3332 2534 3371 coram
2566 3314 2795 3368 Domino
2856 3311 3127 3366 sanxisset
3171 3307 3478 3363 immolari?
3545 3306 3808 3361 Videntur

2222 3409 2368 3464 enim
2394 3407 2557 3463 verba
2614 3406 2732 3475 ipsa
2767 3402 3212 3458 contrarietatem
3266 3397 3570 3468 quamdam
3612 3398 3805 3451 habere

2223 3506 2385 3569 atque
2412 3494 2777 3552 diﬁ'erentiam
2818 3509 2831 3545 :
2861 3492 2988 3562 quia
3031 3505 3159 3548 cum
3194 3488 3264 3544 sit
3296 3487 3633 3542 sacriﬁcium
3658 3488 3805 3541 holo-

2225 3591 2548 3645 cautomatis
2568 3594 2880 3655 utrumque,
2912 3581 3222 3637 diﬁereutia
3251 3580 3338 3634 his
3368 3578 3800 3633 distribuitloca.

2224 3679 2345 3733 Non
2370 3687 2453 3732 est
2477 3690 2606 3746 ergo
2656 3673 3014 3745 ignorandum
3039 3670 3189 3740 quia.
3219 3675 3491 3738 quantum
3525 3668 3600 3721 ad
3616 3682 3801 3736 super-

2226 3768 2402 3824 ﬁciem
2429 3766 2647 3842 littenp,
2682 3763 2936 3819 eumdem
2985 3761 3040 3815 in
3096 3760 3344 3829 utrisque
3365 3757 3555 3813 locum
3592 3757 3804 3828 legisla-

2228 3869 2312 3916 tor
2352 3857 2690 3929 signiﬁcavit.
2748 3854 3262 3909 Holocautomatum
3289 3851 3442 3906 enim
3461 3850 3664 3912 altare,
3685 3858 3804 3903 ante

2228 3948 2639 4005 tabernaculum
2660 3945 3017 4001 constitutum
3076 3957 3140 3997 ex
3174 3942 3344 3995 latere
3381 3950 3504 3995 erat
3524 3942 3732 4009 jauuze.
3751 3951 3829 3993 ut.

2229 4056 2340 4096 non
2369 4047 2679 4094 sanctorum
2719 4033 3157 4091 ministrantibus
3191 4032 3580 4087 obstrueretur
3637 4031 3801 4084 intro-

2231 4132 2361 4198 itus,
2394 4129 2538 4184 sicut
2567 4128 2623 4182 in
2647 4126 2834 4182 Exodo
2858 4126 2927 4181 de
2961 4125 3154 4180 eodem
3176 4122 3376 4178 dicitur
3408 4122 3511 4176 :Et
3562 4123 3801 4190 imposuit

2230 4184 2600 4290 velumjanute
2631 4214 2959 4271 tabernaculi
2995 4212 3300 4274 testimonii,
3355 4222 3403 4266 et
3452 4228 3614 4265 aram
3668 4184 3815 4309 κοῖα-ξ

2233 4320 2593 4367 cautomatum
2641 4307 2815 4377 posuit
2842 4307 2985 4360 circa
3029 4304 3225 4358 ostium
3265 4302 3605 4356 tabernaculi
3669 4302 3825 4377 testi-:-

552 4387 622 4424 na
651 4386 779 4423 vero
811 4381 866 4424 et
898 4370 1063 4438 pedes
1092 4370 1421 4424 lavabuntur
1443 4385 1603 4437 aqua,
1639 4379 1696 4425 et
1724 4370 1904 4424 oblata
1934 4370 2120 4425 omnia
2157 4401 2199 4457 υ
2228 4399 2474 4457 ωσπερ..
2496 4370 2848 4466 ρυωέηηςυθ
2875 4410 3003 4463 ει,ςο
3033 4393 3101 4449 ad
3131 4392 3460 4449 sacriﬁcium
3500 4374 3815 4447 05mm";

552 4457 1065 4512 adolebitsarerdos
1109 4472 1275 4526 super
1320 4456 1491 4512 altare
1532 4457 1586 4511 in
1642 4458 2021 4513 holocaustum
2069 4466 2127 4513 et

553 4552 777 4607 odorem
802 4551 1182 4606 suavissimum
1209 4551 1454 4606 Domino.
1496 4570 1515 4603 ι

497 4710 503 4716 ί
629 4642 827 4696 Eadem
850 4642 1178 4698 etiamnunc
1206 4642 1394 4712 paucis
1453 4642 1754 4698 immutatis
1785 4641 1935 4696 dicit.
1989 4641 2129 4697 Illud

554 4743 738 4790 autent
765 4735 1061 4807 intelligere
1089 4746 1303 4805 oportet
1343 4750 1470 4791 eum
1501 4735 1595 4805 qui
1623 4734 1907 4790 subtiliter
1961 4733 2130 4787 verba

557 4824 692 4891 legis
721 4824 1027 4895 investigat,
1060 4825 1186 4895 quia
1227 4840 1338 4879 non
1361 4825 1539 4879 solum
1556 4824 1624 4879 de
1655 4823 1850 4887 bobus,
1872 4823 1969 4877 sed
1987 4831 2042 4877 et
2060 4822 2129 4876 de

559 4916 751 4971 ovibus
781 4918 1035 4987 prmerpit
1060 4918 1356 4971 lsraelitam
1380 4917 1578 4972 oﬁ'erre
1614 4916 1955 4971 holocausta.
1986 4914 2130 4985 Ergo

560 5024 668 5061 non
709 5009 881 5063 solum
917 5008 1007 5077 qui
1042 5007 1173 5076 legis
1203 5008 1456 5062 mandata
1493 5017 1775 5076 operatur,
1809 5007 1957 5061 hunc
1983 5004 2135 5059 enim

456 5100 459 5103 ’
558 5109 684 5151 esse
705 5098 920 5163 bovem,
959 5104 1019 5150 ut
1041 5107 1170 5166 pOIe
1188 5105 1531 5166 operatorem
1553 5096 1810 5161 diximus,
1831 5095 1924 5150 sed
1943 5094 2137 5164 etqui-

564 5189 697 5241 libet
716 5189 949 5257 simplex
1003 5196 1060 5241 et
1092 5187 1211 5242 sine
1234 5188 1465 5252 malitia,
1503 5186 1592 5241 cui
1623 5195 1976 5255 comparatur
1996 5185 2135 5250 ovis,

566 5280 780 5333 dicente
808 5277 1040 5333 Ieremia
1073 5297 1086 5332 :
1125 5279 1235 5349 Ego
1268 5279 1422 5351 quasi
1482 5294 1647 5348 agnus
1680 5286 2005 5343 mansuetus,
2046 5278 2138 5348 qui

567 5374 808 5432 portatur
832 5368 1212 5431 advictimam,
1271 5376 1462 5422 etnon
1514 5368 1813 5437 cognovi”.
1879 5366 2019 5437 Ergo
2082 5374 2139 5421 et

571 5462 687 5531 ipSt'
715 5465 1064 5534 semetipsum
1083 5466 1463 5522 holocaustum
1518 5464 1630 5520 Deo
1684 5464 1884 5521 oﬁ'erre
1911 5464 2133 5535 poterit.

673 5601 715 5632 “
735 5605 937 5659 Jerem.
987 5624 1059 5667 tv.
1092 5610 1172 5664 l9.

684 5609 937 5684 L‘Jerem.
987 5610 1204 5684 tv,_l9_.A
1276 5609 1491 5684 "fatal.
1534 5626 1723 5684 _Clell,
1766 5613 1813 5667 ι.
1858 5682 1870 5684 _
1898 5611 1963 5684 A“
2009 5612 2195 5670 Matth.

605 5671 857 5737 "Etcrh.
893 5692 1004 5739 xta,
1046 5678 1230 5735 l5-l9.

1321 5681 1367 5712 ⁸ο
1400 5680 1569 5737 Evoti.
1594 5697 1819 5748 xxxvttt,
1848 5681 1937 5737 26.

2228 4502 2340 4558 tur,
2366 4507 2431 4546 ex
2458 4491 2630 4545 latere
2652 4464 2839 4543 altaris
2868 4488 2937 4543 ab
2963 4486 3229 4556 aquilone
3255 4486 3495 4549 stabant,
3528 4494 3588 4540 et
3619 4485 3699 4540 sic
3725 4464 3815 4540 eo:

2229 4599 2344 4639 ram
2379 4581 2610 4636 Domino
2640 4578 2970 4636 sacriﬁcium
2991 4579 3391 4638 celebrabatur,
3433 4575 3488 4631 id
3507 4587 3595 4631 est
3618 4577 3671 4629 in
3688 4593 3800 4631 eou-

2232 4680 2424 4745 spectu
2450 4678 2763 4726 sanctorum
2801 4687 2815 4723 :
2862 4669 3069 4724 faciem
3106 4669 3254 4723 enim
3302 4667 3514 4721 Domini
3576 4669 3800 4737 appellat

2234 4762 2431 4818 Sancta
2454 4769 2787 4826 sanctorum,
2812 4760 2939 4830 quia
2960 4761 3017 4813 in
3037 4759 3172 4830 ipsis
3194 4759 3288 4813 Dei
3323 4757 3604 4812 habitabat
3620 4758 3801 4830 gloria.

2234 4853 2388 4910 Unde
2414 4868 2517 4908 nec
2542 4852 2859 4922 frequenter
2885 4852 2943 4906 in
2995 4852 3118 4922 ipsa
3175 4850 3381 4905 intrare
3436 4850 3794 4911 sacerdotem,

2233 4942 2339 4998 nisi
2369 4943 2537 4998 semel
2566 4941 2625 4997 in
2653 4957 2799 4998 anno
2827 4941 3070 5012 iubebat.
3094 4940 3187 4996 llis
3232 4956 3363 5012 ergo
3392 4941 3468 4994 ita
3498 4955 3560 4994 se
3597 4941 3797 4996 haben-

2237 5035 2402 5101 tibus,
2435 5034 2802 5090 diﬂ‘erentiam
2844 5034 2953 5090 dici
2980 5022 3292 5099 verborum,
3332 5032 3479 5087 sicut
3499 5033 3794 5090 necessaria

2237 5125 2683 5196 contemplationi
2709 5134 2849 5190 erat,
2877 5126 3136 5195 oportuit.
3155 5123 3291 5190 Quia
3307 5124 3454 5179 enim
3481 5125 3654 5180 altare
3668 5125 3792 5180 dixi-

2238 5232 2362 5272 mus
2385 5232 2506 5272 esse
2524 5216 2826 5281 Christum,
2855 5217 3037 5271 ovium
3058 5225 3235 5271 autem
3258 5214 3586 5270 sacriﬁcium
3603 5217 3793 5287 simpli-

2243 5305 2462 5361 citatem
2491 5306 2846 5371 studentium,
2870 5321 2981 5362 non
3000 5306 3243 5362 absolute
3258 5315 3438 5361 autem
3460 5306 3628 5361 etiam
3644 5306 3789 5377 justi-

2219 5404 2230 5417 ’
2244 5399 2374 5453 tiam
2390 5400 2752 5468 operantium,
2767 5415 2876 5453 non
2888 5399 2942 5453 in
2955 5399 3214 5454 directum
3237 5398 3589 5470 intelligibilis
3604 5398 3789 5461 altaris,

2243 5490 2432 5545 sed-ex
2465 5490 2636 5544 latere
2662 5489 2909 5544 oﬁ‘ertur.
2939 5490 2997 5543 ln
3041 5490 3309 5545 directum
3338 5488 3435 5544 est
3464 5489 3632 5555 enim,
3677 5489 3785 5559 quia

2232 5631 2283 5678 v,
2316 5613 2406 5668 22.
2504 5611 2547 5644 ⁵⁷
2571 5610 2769 5667 Jerem.
2800 5624 2876 5676 XI,
2910 5606 2992 5662 19.
3072 5605 3114 5638 ⁸⁸
3145 5604 3334 5661 Matth.
3364 5621 3493 5669 xxv,
3529 5605 3599 5660 3'5
3648 5620 3783 5674 seqq.
