3886 6306
11 252 144 320 801

1198 252 1278 312 ΙΝ
1317 252 1752 314 LEVITICUM.
1792 275 1859 286 -
1893 252 2039 310 LIB.
2082 251 2128 312 Ι.

3190 257 3298 322 802

11 365 303 420 mandata
353 361 585 431 perficit.
621 361 697 415 Ex
754 361 920 415 latere
965 370 1168 425 autem,
1201 362 1328 431 quia
1385 377 1413 415 a
1473 359 1626 414 malis
1655 365 1696 418 Α
1730 358 1911 411 antile
1941 359 2208 415 columbis
2264 361 2456 416 oll'erat
2503 377 2705 418 munus
2761 379 2942 432 suum,
2992 365 3044 420 id
3099 376 3204 433 est,
3234 371 3292 422 in

13 457 308 512 abstinet.
335 453 552 520 Quare?
587 454 713 523 quia
741 455 881 508 sicut
916 455 967 507 in
1001 455 1202 518 aulam,
1223 454 1371 508 verbi
1427 455 1620 524 gratia,

17 547 254 617 regiam
292 545 490 598 melius
519 553 602 598 est
629 544 849 613 quidem
909 560 1006 613 per
1033 545 1233 598 ostium
1279 552 1487 598 rectum
1537 542 1623 596 in-

15 637 224 707 gredi,
253 650 376 690 cum
407 643 590 688 autem
612 635 716 689 hoc
759 650 866 687 non
921 643 1004 687 est
1063 634 1243 695 facile,
1296 634 1498 687 bonum
1555 631 1625 686 sit

17 727 213 780 etiam
247 741 342 794 per
372 725 504 778 illud
530 726 672 793 quod
705 739 773 778 ex
804 725 972 780 latere
1002 735 1088 779 est
1116 725 1341 778 introire
1369 742 1382 776 :
1415 723 1624 777 sicme-

20 819 156 872 lius
178 828 263 872 est
294 818 405 871 Deo
433 817 649 886 quidem
682 832 778 886 per
830 816 1204 870 mandatorum
1233 815 1414 870 oﬁerri
1445 816 1624 885 perfe-

22 909 535 971 ctionem,bonum
554 916 638 961 est
670 915 852 961 tamen
899 917 955 961 et
987 907 1032 960 si
1094 922 1192 976 per
1243 907 1508 960 malorum
1566 921 1624 961 se

25 1001 172 1070 quis
202 1000 397 1054 offerat
424 1000 830 1064 abstinentiam,
877 1001 985 1054 Deo
1043 1001 1246 1069 quippe
1289 999 1452 1052 modo
1485 1013 1622 1068 quo-

26 1091 186 1144 libet
218 1090 402 1143 oll'erri
435 1090 641 1144 bonum
664 1099 768 1144 est.
799 1090 880 1143 Ad
919 1090 1064 1143 latus
1095 1100 1276 1144 autem
1317 1090 1502 1143 altaris
1557 1088 1625 1142 ad

27 1183 365 1251 aquilonem
395 1182 710 1236 necessario
741 1182 978 1246 addidit;
1030 1184 1291 1237 nebulosa
1309 1182 1454 1236 enim
1489 1196 1626 1249 pene

29 1288 272 1340 semper
299 1275 416 1326 haec
435 1287 560 1341 pars
589 1281 673 1326 est
703 1291 716 1326 :
743 1273 1062 1326 obtinentur
1105 1273 1372 1342 siquidem
1407 1272 1622 1336 nebula,

35 1363 106 1416 id
132 1371 221 1416 est
255 1361 588 1431 ignorantia,
623 1362 678 1415 hi
710 1364 800 1430 qui
831 1379 897 1416 ex
927 1371 1038 1416 toto
1073 1378 1133 1416 se
1171 1364 1493 1417 innocentia:
1519 1373 1627 1415 tra-

29 1451 216 1510 dunt,
243 1457 530 1518 propterea
557 1459 611 1504 et
631 1450 1004 1504 holocaustum
1064 1451 1284 1516 dicitur,
1311 1451 1474 1505 etiam
1509 1451 1628 1506 sine

29 1540 373 1609 operatione
397 1539 639 1607 justitiae.

121 1631 292 1685 Vsus.
333 1631 520 1685 14-17.
554 1649 572 1680 ι
635 1629 692 1684 Si
721 1639 902 1684 autem
959 1630 1025 1684 de
1089 1632 1281 1687 avibus
1324 1632 1622 1687 holocausti

30 1723 258 1777 oblatio
279 1722 445 1775 fuerit
480 1721 731 1785 Domino,
772 1722 840 1776 de
873 1723 1179 1777 turturibus
1235 1731 1289 1776 et
1323 1723 1484 1793 pullis
1539 1739 1624 1778 co-
1655 1699 1697 1754 Β

28 1813 488 1879 lumba,offeret
507 1827 626 1867 eam
655 1813 910 1868 sacerdos
940 1814 1005 1866 ad
1041 1814 1230 1879 altare,
1252 1823 1306 1868 et
1334 1824 1538 1870 retorto
1556 1816 1622 1870 ad

29 1903 255 1958 collum
277 1903 478 1972 capite,
511 1918 576 1957 ac
605 1914 768 1972 rupto
790 1904 1031 1958 vulneris
1067 1905 1209 1960 loco.
1233 1905 1524 1960 decurrere
1547 1906 1626 1960 fa-

31 1996 160 2049 ciet
181 1994 504 2064 sanguinem
529 2009 693 2064 super
723 1995 1055 2064 crepidinem
1075 1996 1281 2050 altaris.
1318 1996 1622 2052 Vesiculam

30 2098 184 2139 vero
204 2084 442 2154 gutturis
470 2093 527 2136 et
555 2083 768 2152 plumas
803 2085 1055 2154 projieiet
1082 2095 1303 2155 propter
1335 2087 1505 2141 altare
1555 2088 1623 2142 ad

31 2175 374 2230 orientalem
408 2175 619 2245 plagam
643 2215 658 2240 ,
698 2176 752 2229 in
809 2176 928 2230 loco
960 2175 1013 2228 in
1036 2191 1144 2245 quo
1177 2176 1390 2231 eineres
1419 2177 1622 2232 elfundi

30 2267 254 2331 solent,
285 2265 696 2336 confringetque
723 2267 949 2321 aseellas
998 2268 1138 2336 ejus,
1169 2275 1224 2321 et
1253 2283 1362 2321 non
1392 2268 1619 2332 secabit,

30 2372 155 2412 nec
178 2356 324 2410 ferro
353 2357 726 2416 divideteam:
757 2367 814 2411 et
838 2359 1252 2428 adolebitsuper
1279 2359 1447 2412 altare
1466 2360 1623 2430 lignis

34 2446 175 2516 igne
203 2445 500 2514 suppositis
534 2463 549 2502 :
583 2446 958 2503 holocaustum
977 2457 1062 2502 est
1093 2458 1149 2502 et
1178 2449 1380 2503 oblatio
1404 2450 1618 2504 suavis-

33 2533 178 2587 simi
201 2531 386 2587 odoris
419 2531 669 2586 Domino.
706 2553 726 2586 ι

117 2622 474 2676 Admirabilis
508 2634 590 2678 est
611 2623 859 2695 legalium
893 2626 1182 2680 verborum
1201 2626 1492 2692 subtilitas,
1510 2641 1620 2681 non

36 2712 232 2768 solum
257 2713 384 2781 quia
421 2713 759 2769 diﬂerentias
811 2718 1282 2772 conversationum
1344 2719 1618 2783 describit,

36 2802 148 2857 sed
171 2802 336 2857 etiam
368 2805 822 2872 quemadmodum
876 2808 1136 2875 quasdam
1177 2809 1622 2864 conversationes

36 2894 354 2948 secundum
388 2894 583 2963 legem,
605 2897 866 2964 quasdam
895 2912 1022 2950 vero
1035 2913 1197 2966 super
1227 2899 1420 2968 legem,
1451 2899 1620 2970 signi-

37 2984 198 3040 ﬁcet.
237 2983 545 3039 Secundum
572 2986 741 3056 legem
775 2987 921 3040 enim
961 2997 1089 3042 sunt
1123 2989 1286 3043 boum
1327 2998 1382 3044 et
1414 2991 1619 3053 ovium,

37 3076 182 3130 licet
207 3084 521 3145 spontaneaa
544 3077 818 3132 dicuntur.
863 3076 1176 3133 Secundum
1204 3079 1378 3151 legem
1414 3079 1623 3149 quare?

36 3165 192 3232 Quia
224 3165 324 3220 etsi
358 3165 556 3220 oﬂerre
618 3181 820 3221 munus
851 3168 906 3220 in
955 3175 1278 3236 potestatem
1339 3168 1623 3222 offerentis

37 3255 228 3320 dedit,
255 3255 419 3308 nimis
439 3264 604 3316 recte,
630 3256 784 3309 liberi
809 3256 1012 3326 quippe
1040 3257 1247 3310 arbitrii
1280 3257 1420 3310 Deus
1443 3257 1623 3311 homi-

38 3359 182 3398 nem
215 3345 516 3409 constituit,
539 3353 720 3398 tamen
759 3346 917 3413 quale
943 3344 1225 3408 oﬂeratur,
1249 3361 1359 3400 non
1395 3347 1508 3415 jam
1529 3360 1625 3398 vo-

39 3435 284 3490 luntatis
314 3444 416 3500 est,
439 3451 507 3490 ne
535 3436 674 3490 forte
703 3437 842 3490 mala
895 3436 1229 3492 offerantur:
1257 3452 1485 3492 necesse
1540 3448 1625 3492 est

40 3541 185 3595 ergo
207 3534 299 3578 aut
318 3527 511 3580 bovem
532 3527 717 3580 offerri
748 3535 842 3580 aut
869 3541 1052 3593 ovem,
1078 3527 1128 3581 id
1152 3537 1258 3592 est,
1289 3537 1383 3582 aut
1407 3529 1622 3598 Operari

33 3617 342 3687 justitiam,
361 3625 454 3671 aut
492 3633 523 3672 a
553 3619 709 3672 malis
736 3619 1030 3674 abstinere.
1054 3619 1199 3672 Dixit
1225 3620 1369 3674 enim
1395 3620 1449 3673 in
1467 3620 1624 3676 initio

38 3707 178 3761 libri
203 3723 217 3758 :
271 3707 436 3761 Homo
469 3709 558 3776 qui
588 3709 829 3764 obtulerit
857 3725 922 3762 ea:
948 3710 1088 3762 vobis
1110 3709 1337 3762 hostiam
1375 3710 1620 3776 Domino,

39 3799 116 3852 de
143 3797 435 3862 pecoribus,
469 3797 522 3848 id
547 3807 620 3849 est
650 3798 712 3850 de
727 3799 881 3851 bobus
904 3806 952 3852 et
976 3799 1151 3852 ovibus
1177 3800 1348 3868 oﬁ'eret
1362 3801 1619 3854 victimas.

40 3887 110 3940 In
140 3886 244 3938 hac
273 3893 458 3938 autem
475 3885 748 3940 oblatione
780 3904 890 3941 non
923 3887 1018 3952 ita,
1054 3889 1324 3957 praedicta:
1357 3890 1622 3959 siquidem

41 3975 316 4031 oblationi
345 3975 655 4030 diﬂerentia
676 3979 975 4033 volatilium
1008 3994 1117 4035 non
1153 3990 1238 4036 est
1263 3996 1624 4037 connumera-

42 4077 130 4131 ιιι,
168 4075 230 4120 ut
252 4066 507 4121 videlicet
533 4067 822 4136 perfectior
886 4080 942 4127 et
991 4074 1185 4143 major,
1217 4076 1622 4145 multorumque

44 4154 471 4225 transgrediens
489 4157 927 4224 possibilitatem.
981 4159 1228 4219 Volatilia
1250 4165 1418 4228 enim,
1444 4167 1624 4221 homi-

42 4263 152 4303 nes
171 4256 302 4301 sunt
335 4248 783 4317 contemplationi
840 4264 1113 4316 vacantes,
1144 4258 1376 4312 terrenis
1398 4260 1624 4314 omnino

42 4353 111 4392 se
143 4352 255 4390 non
282 4337 578 4394 miscentes
599 4341 832 4410 negotiis
862 4360 875 4395 :
905 4345 1048 4412 quod
1065 4353 1118 4399 et
1143 4346 1188 4400 si
1218 4347 1357 4402 forte
1382 4351 1623 4404 necessi-
1655 4375 1700 4430 ο

45 4439 136 4482 tas
162 4429 424 4498 exegerit,
443 4445 568 4484 mox
595 4432 840 4486 revolant
859 4433 926 4487 ad
954 4436 1226 4503 sublimia,
1271 4448 1326 4493 et
1353 4440 1444 4495 illo
1464 4458 1633 4498 evan-

43 4516 228 4585 gelico
279 4517 538 4586 juvantur
600 4521 929 4587 testimonio,
995 4526 1138 4593 quod
1201 4526 1462 4586 Dominus
1503 4534 1628 4588 ait:

44 4605 394 4660 Considerate
420 4609 660 4662 volatilia
699 4612 832 4676 cwli,
862 4614 986 4683 quia
1036 4631 1139 4668 non
1164 4620 1423 4675 seminant
1466 4639 1632 4695 neque

44 4705 277 4759 metunt,
320 4705 368 4748 et
392 4695 552 4749 Pater
582 4708 752 4751 vester
773 4701 992 4755 caelestis
1015 4715 1188 4771 pascet
1221 4707 1314 4760 illa
1351 4711 1490 4765 δ’δ’,
1552 4712 1629 4767 De

43 4789 260 4844 eisdem
295 4787 558 4842 Dominus
581 4789 832 4845 dicebat:
878 4791 1064 4848 Simile
1093 4805 1168 4850 est
1218 4815 1434 4869 regnum
1471 4805 1626 4857 calo-

44 4895 171 4932 rum
193 4894 362 4946 grano
394 4878 616 4948 sinapis,
643 4883 782 4950 quod
833 4899 950 4936 cum
995 4887 1310 4952 seminatur,
1353 4893 1527 4946 minus
1554 4904 1626 4947 est

44 4966 292 5022 omnibus
341 4969 611 5035 oleribus;
674 4987 792 5023 cum
831 4985 1012 5026 autem
1037 4978 1273 5040 creverit,
1336 4979 1424 5046 fiet
1474 4983 1630 5037 arbor

45 5061 338 5130 rnajor,ita
367 5072 422 5114 ut
451 5063 680 5116 volucres
712 5065 826 5117 caeli
849 5067 1112 5119 venientes
1127 5067 1359 5134 habitent
1384 5070 1437 5120 in
1466 5073 1629 5125 ramis

44 5151 167 5219 ejus
197 5151 262 5201 ⁸³.
289 5151 738 5221 Contemplationi
765 5170 892 5225 ergo
944 5170 1164 5219 vacans,
1196 5165 1250 5209 ct
1289 5157 1344 5210 in
1379 5159 1628 5227 superio~

47 5257 172 5293 rum
204 5239 699 5296 considerationem
771 5243 1048 5312 perfectus
1083 5245 1244 5299 homo
1276 5262 1289 5296 :
1320 5247 1422 5302 hoc
1476 5250 1622 5304 enim

47 5343 176 5397 qua:
199 5326 457 5396 pra-dicta
483 5330 953 5396 suntdoeuerunt,
1013 5332 1059 5386 si
1122 5337 1622 5402 conversationem,

49 5416 170 5470 sive
209 5415 372 5468 vitam
390 5429 541 5468 suam
576 5416 904 5472 oblationem
935 5419 1148 5486 oll'eret,
1184 5422 1252 5476 de
1302 5425 1622 5488 turturibus,

125 5545 244 5577 5""
289 5545 474 5600 Matth.
508 5563 584 5610 vr,
618 5546 708 5599 26.
785 5548 830 5579 ⁵⁸
858 5548 1046 5603 Matth.
1092 5567 1212 5612 xm,
1246 5555 1333 5612 51.
1378 5557 1466 5608 532.

53 5615 98 5646 ⁸⁸
121 5615 325 5671 Coloss.
355 5633 433 5681 ιιι,
469 5619 513 5670 l.
619 5617 662 5648 ⁸⁸
697 5617 827 5683 ltno,
857 5619 1059 5674 Jerem.
1091 5637 1142 5686 ν,
1171 5623 1220 5673 1.

1577 5556 1622 5588 ⁸⁵
1647 5557 1848 5614 Ιειτιῐιι.
1885 5575 2000 5624 γιιι,
2031 5561 2081 5612 7.

1324 5625 1417 5711 “Il
1446 5625 1576 5696 iieg.
1617 5643 1692 5692 lx,
1721 5628 1810 5681 24.

1725 449 1952 503 scientia
1983 454 2472 508 etmansuetndine
2518 455 2772 524 spiritali,
2811 456 2912 509 hac
2959 455 3105 510 enim
3155 473 3300 527 opus

1725 539 1914 605 habet,
1946 550 2132 596 utnon
2161 543 2388 598 excedat
2439 543 2572 614 legis
2630 545 2992 599 consideratio
3044 545 3096 599 in
3145 547 3298 600 vanis

1725 642 2010 700 occupata.
2038 633 2157 688 Non
2180 635 2377 690 frustra
2433 646 2613 691 autem
2669 647 2932 692 turturem
2990 647 3045 692 et
3087 638 3292 692 colum-

1724 721 1873 786 bam,
1898 723 1993 776 sed
2019 724 2086 779 ad
2110 725 2559 795 significationem
2608 728 2985 797 praedictorum
3021 728 3300 798 legislator

1725 815 2061 883 assumpsit;
2097 825 2275 870 turtur
2311 817 2577 886 siquidem
2597 859 2611 879 ,
2647 819 2771 888 quia
2800 816 3163 887 cognitionem
3193 819 3298 872 ha-

1724 903 1838 970 bet,
1871 905 1942 958 ita
1977 914 2035 959 ut
2063 905 2182 974 ejus
2215 907 2483 976 exemplo,
2515 907 2825 962 Judaeorum
2873 908 3305 978 exprobraretur

1724 999 1978 1066 populus,
2031 998 2297 1054 Jeremias
2367 1002 2603 1070 prohat;
2654 1003 2729 1056 ait
2775 1019 2922 1057 enim
2957 1020 2971 1058 :
3011 1002 3204 1055 Turtur
3247 1009 3296 1054 et

1725 1086 1952 1140 hirundo
1975 1097 2023 1142 et
2051 1089 2251 1142 ciconia
2283 1093 2637 1144 custodierunt
2671 1103 2872 1162 tempus
2904 1093 3154 1145 adventus
3181 1091 3263 1144 sui
3278 1107 3303 1151 ε

1724 1184 1949 1253 papulas
1975 1193 2152 1237 autem
2172 1201 2315 1239 meus
2339 1199 2441 1236 non
2469 1184 2702 1252 cognovit
2722 1184 2984 1252 judicium
3007 1183 3293 1236 Domini".

1725 1273 1989 1328 Columba
2020 1281 2201 1328 autem
2233 1275 2433 1328 munda
2452 1283 2508 1326 et
2539 1275 2788 1346 simplex,
2819 1273 3301 1340 annuntiatrixque

1725 1363 2030 1431 praesentiae
2059 1364 2232 1418 sancti
2261 1365 2497 1433 Spiritus
2512 1371 2616 1428 est,
2672 1364 2860 1432 quales
2915 1371 3132 1431 oportet
3169 1375 3298 1416 esse

1727 1457 1928 1522 eosqui
1963 1454 2105 1508 circa
2140 1455 2588 1522 contemplandas
2609 1453 2919 1522 Seripturas
2953 1454 3153 1506 habent
3181 1461 3299 1505 stu-

1727 1541 1898 1596 dium.
1934 1542 2163 1612 Propter
2195 1544 2338 1612 quod
2360 1553 2415 1597 et
2443 1545 2714 1612 apostolos
2749 1543 3024 1612 simplices
3053 1543 3299 1597 vultesse

1729 1631 2012 1696 Dominus,
2042 1642 2101 1688 ut
2142 1634 2484 1700 columbam;
2524 1633 2599 1687 ait
2650 1633 2793 1687 enim
2833 1651 2846 1686 :
2890 1632 3040 1686 Beati
3103 1634 3299 1686 mundo

1730 1722 1904 1786 corde,
1939 1723 2063 1791 quia
2108 1723 2208 1792 ipsi
2273 1723 2556 1776 Dominum
2612 1723 2854 1776 videbunt
2883 1725 2949 1776 ⁵⁸.
3010 1722 3115 1776 Sed
3144 1732 3201 1775 et
3229 1723 3298 1777 ad

1729 1811 2096 1865 meditandum
2125 1827 2316 1867 vacare
2341 1813 2560 1877 debent,
2584 1813 2727 1866 unde
2751 1811 3009 1866 Ezechias
3038 1810 3114 1865 ait
3147 1809 3298 1864 :Me-

1729 1901 1938 1955 ditabor
1965 1911 2020 1955 ut
2053 1903 2289 1956 columba
2316 1905 2380 1956 ⁸⁷.
2421 1903 2570 1958 Hanc
2589 1904 2918 1958 oblationem
2953 1917 3094 1957 unus
3119 1917 3298 1957 sacer-

1729 1991 1828 2044 dos
1855 1992 2069 2054 oll‘eret,
2096 2008 2205 2046 non
2234 1993 2389 2047 multi
2409 2011 2425 2059 ;
2445 2009 2553 2047 non
2569 1994 2865 2063 estquippe
2881 1993 3298 2062 contemplativa

1730 2081 1841 2136 vita
1881 2081 2260 2150 plurimorum,
2295 2084 2346 2138 id
2367 2094 2470 2150 est,
2503 2093 2561 2138 ut
2594 2101 2660 2138 ex
2684 2094 2792 2139 tota
2815 2099 2890 2150 ‘se
2945 2093 3129 2138 mente
3158 2083 3295 2138 olle-

1729 2180 1855 2224 rant
1879 2170 2013 2235 Deo,
2048 2173 2295 2242 nihilque
2326 2175 2623 2228 humanum
2649 2173 2879 2228 ulterius
2904 2173 3163 2244 cogitent,
3197 2173 3296 2227 sed

1729 2263 1988 2318 continue
2009 2265 2448 2333 contemplentur
2474 2266 2735 2330 caelestia,
2765 2276 2821 2319 et
2849 2279 2912 2318 ea
2937 2280 3058 2333 quae
3077 2279 3294 2318 sursum

1728 2359 1878 2416 sunt,
1911 2352 2144 2421 sapiant,
2178 2354 2264 2406 ubi
2300 2353 2538 2408 Christus
2587 2363 2684 2419 est,
2721 2354 2857 2407 sicut
2875 2353 2952 2407 ait
2980 2351 3294 2422 Apostolus,

1727 2438 1783 2490 in
1803 2445 2014 2492 dextera
2043 2439 2142 2493 Dei
2171 2442 2351 2494 sedens
2375 2441 2441 2506 ⁵⁸,
2467 2441 2718 2496 videlicet
2736 2441 2912 2495 Patris
2933 2457 2950 2506 ;
2974 2439 3098 2509 quia
3111 2449 3294 2494 autem

1729 2529 1834 2584 hoc
1871 2531 2034 2585 nimis
2057 2546 2241 2585 rarum
2265 2540 2368 2596 est,
2404 2532 2522 2601 ipse
2552 2531 2816 2586 Dominus
2850 2532 2918 2586 de
2950 2531 3148 2586 talibus
3167 2546 3297 2600 pro-

1728 2621 1908 2688 phetaa
1937 2621 2207 2676 Ezechieli
2231 2622 2458 2692 loquens
2494 2623 2746 2677 edocuit:
2797 2622 3051 2677 Scrutare
3074 2621 3298 2675 Jerusa-

1729 2711 1850 2775 lem,
1881 2720 1928 2763 et
1959 2712 2072 2764 vide
2101 2715 2182 2765 :si
2210 2714 2464 2766 inveneris
2490 2714 2658 2766 virum
2678 2713 2732 2766 in
2763 2728 2825 2765 ea
2849 2711 3058 2786 omninp
3072 2718 3304 2764 stantem

1728 2813 1850 2858 ante
1879 2805 2065 2874 faciem
2088 2820 2278 2868 meam,
2301 2805 2594 2872 propitiam
2623 2803 2944 2871 propitiabor
2965 2803 3013 2855 ei
3037 2800 3102 2855 δ’.
3134 2798 3300 2869 Διιιυὶ

1727 2900 1885 2946 erant
1916 2891 2007 2944 lilii
2036 2890 2280 2946 Ionadab
2330 2906 2432 2944 nec
2456 2889 2643 2944 vinum
2673 2889 2942 2952 bibentes,
2973 2901 3077 2942 nec
3103 2885 3299 2940 domus

1731 2984 2015 3046 habentes,
2049 2997 2152 3036 nec
2179 2996 2339 3050 agros
2374 2981 2702 3050 plantantes.
2745 2979 2855 3034 Sed
2897 2978 3144 3033 absolute
3195 2976 3300 3030 ali-

1729 3075 1862 3145 quid
1883 3074 2168 3129 sublimius
2191 3073 2404 3143 qumrit,
2439 3071 2584 3125 unde
2634 3071 2725 3124 alii
2767 3071 2835 3125 ad
2887 3069 3298 3124 tabernaculum

1733 3164 2027 3220 testimonii
2045 3163 2372 3218 oblationem
2403 3161 2670 3227 offerunt;
2694 3161 2810 3214 haec
2831 3168 3012 3214 autem
3043 3157 3110 3213 ad
3131 3159 3301 3213 altare

1730 3255 1977 3319 offertur,
2011 3255 2168 3324 cujus
2199 3253 2308 3309 vim
2337 3253 2392 3306 in
2442 3251 2880 3322 praecedentibus
2935 3250 3193 3314 didicisti,
3248 3249 3301 3304 id

1730 3356 1814 3402 est
1844 3347 1970 3416 quia
2004 3347 2345 3400 Dominicum
2394 3343 2674 3412 significet.
2704 3357 2922 3411 corpus.
2976 3341 3085 3396 Sed
3114 3340 3302 3395 videa-

1733 3455 1852 3498 mus
1876 3454 1996 3507 qua:
2027 3438 2114 3493 bis
2146 3438 2526 3506 subjiciantur.

1802 3529 1871 3583 Et
1890 3538 2083 3582 retorto
2113 3529 2183 3581 ad
2209 3529 2398 3582 collum
2425 3529 2616 3597 capite,
2663 3541 2728 3580 ac
2753 3535 2904 3596 rupto
2919 3524 3146 3579 vulneris
3163 3525 3297 3579 loco.
3353 3527 3364 3532 ’

1735 3617 2074 3686 Abrumpens
2101 3617 2353 3670 videlicet
2379 3632 2409 3668 a
2442 3616 2582 3684 pelle
2636 3629 2755 3684 qua:
2794 3615 3100 3684 superjacet
3137 3613 3298 3676 collo,

1730 3721 1838 3760 non
1873 3707 2028 3760 valde
2049 3706 2193 3760 illam
2216 3720 2478 3775 separans
2508 3721 2538 3758 a
2578 3720 2826 3774 corpore,
2861 3714 3043 3759 utnec
3063 3703 3300 3773 dissipa-

1733 3805 1816 3850 ret
1835 3794 1988 3859 illud,
2012 3809 2115 3848 nec
2136 3808 2202 3848 eo
2241 3809 2430 3848 rursus
2471 3794 2820 3864 astringatur,
2848 3793 2992 3862 quod
3027 3792 3309 3864 signiﬁca-.

1730 3895 1820 3940 tur
1837 3887 2070 3956 abrupto
2097 3885 2336 3940 vulneris
2361 3885 2500 3950 Ιοιεο,
2525 3885 2646 3956 vel,
2662 3885 2807 3939 sicut
2831 3884 2972 3939 LXX
2997 3885 3189 3949 edunt,
3213 3900 3300 3938 re-

1731 3974 1994 4030 fractione
2021 3977 2234 4046 capitis.
2261 3977 2463 4031 Eodem
2496 3977 2698 4046 quippe
2712 3991 2965 4030 sermone
3001 3984 3057 4030 et
3081 3975 3299 4030 Samuel

1729 4063 1796 4118 ad
1822 4064 2039 4118 Saulem
2063 4079 2194 4119 usus
2217 4073 2318 4127 est,
2371 4065 2590 4134 quando
2647 4065 2698 4120 ei
2723 4081 2936 4119 armum
2965 4065 3124 4131 dans,
3153 4066 3299 4120 idem

1729 4155 2026 4212 secundum
2057 4155 2198 4208 LXX
2219 4155 2353 4209 dixit
2382 4172 2397 4207 :
2423 4154 2664 4222 Comede,
2707 4157 2833 4225 quia
2861 4156 2919 4209 in
2947 4157 3300 4210 testimonium

1729 4265 1762 4302 a
1788 4247 1978 4317 populo
2005 4247 2231 4315 positum
2259 4255 2334 4300 est
2357 4247 2448 4300 tibi
2472 4247 2538 4299 “.
2573 4245 2842 4316 Refringe,
2871 4246 2924 4300 id
2951 4253 3037 4301 est
3055 4263 3154 4316 per
3171 4263 3300 4317 par-

1730 4349 1812 4394 tes
1840 4338 2150 4394 comminue
2181 4347 2236 4393 et
2256 4353 2538 4393 consume.
2567 4339 2636 4393 Et
2661 4337 2785 4393 ideo
2813 4339 2976 4393 etiam
3011 4354 3159 4394 nunc
3186 4354 3298 4394 non

1731 4439 1791 4484 ut
1817 4431 2098 4486 occidatur
2117 4431 2256 4492 avis,
2289 4430 2385 4485 sed
2410 4443 2470 4483 ut
2529 4430 2891 4501 abrumpatur
2917 4432 3002 4486 vel
3031 4432 3299 4505 refringa-

1730 4529 1818 4575 tur
1841 4520 2112 4588 lcgislator
2131 4520 2312 4589 jussit,
2338 4519 2634 4574 ostendens
2695 4521 2968 4589 quomodo
2998 4537 3096 4590 per
3119 4532 3300 4591 partes

1727 4619 1783 4665 et
1812 4613 2007 4666 leniter
2037 4627 2223 4666 verum
2257 4621 2438 4681 caput,
2485 4612 2538 4665 id
2585 4620 2669 4666 est
2723 4622 2960 4667 mentem
3013 4613 3218 4668 dividat
3266 4630 3298 4670 a

1728 4703 1886 4772 pelle,
1910 4703 1963 4757 id
1995 4711 2096 4765 est,
2121 4717 2150 4755 a
2177 4718 2370 4767 carne;
2393 4703 2536 4756 unde
2562 4718 2663 4756 nec
2694 4703 2928 4757 eﬁ'undit
2952 4706 3297 4774 sanguinem,

1725 4793 1821 4847 sed
1845 4793 2137 4848 decurrere
2158 4792 2340 4854 faciet,
2366 4793 2448 4844 vel
2477 4792 2776 4845 secundum
2800 4793 2963 4855 LXX,
2992 4795 3221 4857 esculat,
3240 4803 3300 4848 ut

1726 4901 1822 4954 per
1852 4894 2034 4953 partes
2057 4893 2113 4936 et
2146 4882 2385 4950 perfecte
2412 4881 2674 4949 despiciat
2694 4882 3044 4949 praesentium
3065 4884 3298 4937 medita-

1727 4979 1929 5029 tionem
1960 4973 2046 5028 vel
2076 4972 2264 5036 vitam,
2292 4980 2482 5041 utpote
2509 4973 2599 5041 qui
2634 4981 2798 5027 totam
2860 4989 3012 5028 suam
3059 4973 3298 5028 animam

1725 5067 1921 5122 obtulit
1953 5066 2084 5118 Deo.
2129 5065 2240 5118 lloc
2273 5065 2417 5118 enim
2453 5064 2725 5135 significat
2760 5082 2777 5120 :
2816 5065 2883 5120 Et
2914 5067 3128 5137 sanguis
3153 5081 3300 5118 esca-

1727 5157 1866 5210 latus
1896 5159 2035 5210 circa
2069 5155 2238 5209 basim
2267 5155 2477 5219 altaris,
2509 5157 2650 5224 quod
2673 5165 2757 5211 est
2793 5157 3044 5211 Christus
3070 5155 3300 5211 :Christi

1732 5255 1914 5301 autem
1954 5247 2098 5302 basis
2127 5257 2210 5302 est
2235 5245 2609 5317 Ev'angelium,
2639 5247 2692 5300 in
2733 5263 2841 5315 quo
2870 5247 3100 5302 maxime
3133 5262 3301 5316 opor-

1733 5343 1848 5390 tere
1872 5352 1968 5390 nos
1999 5346 2321 5405 praesentem
2349 5337 2514 5391 vitam
2560 5339 2863 5407 despicere,
2893 5347 3081 5407 utpote
3131 5347 3300 5393 totam

1733 5427 1970 5481 animam
2001 5439 2242 5482 nostram
2284 5427 2394 5482 Deo
2425 5429 2740 5493 offerentes,
2775 5429 3083 5486 didicimus.
3143 5429 3301 5485 Vesi-

2179 5559 2223 5589 εδ
2257 5555 2444 5610 Matth.
2474 5575 2524 5623 v,
2559 5558 2611 5616 8.
2703 5562 2746 5594 ⁸⁷
2792 5563 2892 5617 lsa.
2937 5579 3167 5625 χχχι-ιιι,
3214 5567 3298 5624 ll.
