3886 6306
588 244 701 311 803

602 354 777 410 «alam
803 361 982 410 autem
1003 352 1239 427 gutturis
1283 359 1344 406 et
1389 351 1603 421 plumas
1648 350 1839 419 projici
1881 350 2065 419 jussit,
2123 349 2180 403 id
2205 359 2250 410 Α

599 453 704 509 est,
728 453 981 513 utroque,
1014 451 1072 498 et
1113 441 1411 502 inﬂatione,
1437 448 1599 508 atque
1626 438 2027 508 superﬂuarum
2092 437 2179 491 in-

596 534 893 604 quisitione
925 548 1050 589 eum
1068 547 1274 596 carere,
1302 530 1665 599 mundarique
1684 530 1872 584 volens
1900 547 1915 582 :
1943 528 2179 583 maxime

600 624 746 678 enim
777 625 863 679 his
895 623 1258 694 passionibus,
1294 621 1347 675 hi
1376 623 1468 690 qui
1500 620 1740 674 uberiori
1762 621 1971 690 pollent
1999 620 2180 674 scien-

599 716 697 779 tia,
717 714 1100 774 surcumbunt,
1131 720 1424 767 attestante
1447 710 1610 764 Paulo
1635 729 1649 762 :
1681 710 1912 764 Scientia
1936 710 2090 777 inﬂat
2108 711 2173 763 οι.

600 805 669 859 Ει
691 819 927 858 rursus:
978 802 1037 857 Si
1072 804 1191 873 quis
1245 802 1452 856 videtur
1497 802 1632 856 scire
1682 801 1911 866 aliquid,
1959 801 2177 854 necdum

600 894 838 965 cognovit
859 893 1298 962 quemadmodum
1351 902 1586 961 oporteat
1617 908 1737 945 eum
1768 892 1901 945 scire
1926 891 1992 945 “.
2037 890 2177 943 Rur-

599 999 692 1039 sus
722 985 836 1053 ipse
858 983 936 1037 ait
969 1000 982 1036 :
1009 982 1209 1050 Corpus
1254 991 1431 1035 autem
1466 980 1659 1036 Christi
1688 996 1707 1033 :
1755 996 1907 1034 nemo
1929 996 2016 1034 vos
2044 980 2179 1034 deci-

598 1075 734 1142 piat,
778 1073 951 1127 uolens
975 1074 1030 1125 in
1063 1072 1364 1126 humilitate
1398 1082 1446 1125 et
1471 1072 1721 1141 religione
1743 1071 2177 1141 angelorumqute

599 1180 703 1219 non
734 1166 884 1227 uidit.
946 1165 1230 1218 ambulans
1279 1165 1480 1234 frustra
1522 1164 1742 1232 inﬂatus
1798 1180 1951 1218 sensu
1979 1165 2177 1219 .carnis

595 1273 706 1310 sua:
730 1256 798 1309 ⁸³.
834 1257 970 1309 Nam
1004 1254 1343 1309 Theodotion
1408 1254 1661 1307 similiter
1707 1255 1933 1307 uesicam
1961 1254 2132 1308 edidit
2160 1271 2174 1306 :

598 1346 788 1415 Aq'uila
814 1346 1005 1411 σιτίον,
1033 1345 1086 1399 id
1133 1352 1217 1398 est
1244 1343 1530 1407 cibarium,
1562 1343 1689 1411 quia
1713 1343 1768 1395 in
1795 1343 1987 1397 avibus
2018 1342 2174 1396 inﬂa-

601 1436 934 1504 tioniaptum
964 1450 1059 1489 vas
1084 1434 1501 1504 suscipiensque
1534 1432 1832 1501 superﬂua,
1857 1433 2036 1487 vesica
2070 1440 2173 1487 est.

599 1526 720 1579 Non
750 1541 880 1596 ergo
907 1526 1168 1594 permittit
1195 1523 1401 1587 inﬂari:
1426 1533 1482 1578 et
1528 1524 1648 1577 ideo
1677 1523 1879 1577 auferri
1921 1524 2178 1593 praecl-pit

601 1618 866 1672 vesicam.
896 1618 1003 1671 Sed
1037 1633 1141 1671 nec
1167 1607 1372 1685 majora
1411 1615 1567 1669 nobis
1593 1630 1837 1684 qurerere
1868 1615 2172 1669 velaltiora.

601 1709 802 1762 Αἰτίαι-α
827 1708 969 1761 enim
999 1717 1068 1769 te,
1104 1709 1194 1768 ait,
1238 1723 1300 1758 ne
1359 1707 1648 1775 quaesieris,
1683 1713 1733 1758 et
1762 1705 2069 1758 sublimiora
2123 1714 2172 1758 te

603 1816 668 1852 ne
693 1807 959 1851 scrutatus
991 1797 1152 1868 fueris
1172 1798 1238 1850 σε.
1266 1794 1417 1849 Unde
1446 1804 1498 1849 et
1539 1797 1751 1865 plumas
1780 1795 1846 1848 ab
1878 1795 2053 1849 hostia
2086 1809 2173 1848 se-

602 1889 830 1959 paravit,
892 1894 947 1941 et
1015 1887 1247 1956 projecit
1315 1892 1537 1955 propter
1601 1885 1769 1938 altare
1817 1885 1884 1937 ad
1959 1886 2171 1955 plagam

598 1980 941 2041 orientalem,
1010 1978 1066 2031 in
1113 1977 1232 2031 loco
1272 1976 1327 2030 in
1373 1992 1482 2045 quo
1524 1975 1736 2030 cineres
1800 1974 2005 2029 eﬂ‘undi
2079 1989 2171 2029 so-

600 2071 733 2124 lent.
757 2070 838 2123 Ad
867 2068 1132 2122 orientem
1154 2066 1396 2135 quidem,
1422 2066 1546 2134 quia
1563 2066 1841 2134 inquisitio
1859 2065 2170 2119 sublimium

600 2175 780 2215 rerum
804 2159 1020 2214 videtur
1045 2172 1187 2211 esse.
1224 2157 1386 2210 Extra
1407 2157 1575 2210 altare
1625 2165 1829 2219 autem,
1879 2156 2008 2224 quia
2059 2171 2168 2209 non

599 2251 989 2310 necessariam,
1020 2250 1116 2315 sed
1141 2247 1468 2317 superﬂuam
1499 2255 1663 2315 atque
1712 2247 1928 2300 noxiam
1960 2253 2173 2298 scruta-

601 2342 807 2396 tionem
834 2341 1099 2410 possidet.
1149 2339 1211 2393 lu
1269 2339 1451 2392 locum
1475 2348 1658 2392 autem
1698 2337 1855 2405 jubet
1896 2337 2170 2398 cinerum,

599 2442 825 2505 propter
845 2440 1118 2493 naturam,
1150 2429 1218 2483 de
1242 2443 1349 2497 qua
1377 2429 1651 2481 Abraham
1695 2427 1867 2481 dicit:
1897 2425 2010 2495 Ego
2055 2440 2172 2477 sum

600 2526 768 2592 puluis
779 2534 826 2577 et
838 2524 969 2576 cinis
979 2523 1045 2574 ⁸⁸.
1061 2520 1200 2590 Ergo
1211 2535 1307 2589 per
1320 2519 1500 2573 locum
1515 2519 1763 2573 cinerum
1775 2518 2028 2586 praedicas
2035 2533 2085 2570 ιιι
2098 2517 2170 2570 in-

599 2614 874 2668 ﬂationem
890 2612 1167 2680 redarguit
1182 2609 1474 2679 legislator,
1497 2617 1685 2677 utpote
1699 2623 1821 2676 qua:
1836 2607 2082 2677 diguasit
2096 2607 2173 2660 ci-

599 2720 752 2770 nere;
772 2705 913 2773 quqd
931 2711 1110 2757 autem
1125 2701 1309 2754 cinere
1325 2700 1546 2768 dignum
1567 2706 1671 2763 est,
1685 2697 1936 2753 deorsum
1959 2699 2012 2752 in
2029 2708 2170 2752 terra

600 2802 803 2853 manet,
827 2801 883 2846 et
897 2792 948 2844 in
967 2791 1163 2844 cmlum
1180 2788 1471 2842 ascendere
1485 2803 1591 2845 non
1607 2796 1801 2857 potest.
1829 2786 2029 2840 Deinde
2051 2787 2128 2840 ait
2153 2804 2166 2840 :

673 2882 1076 2952 Confringetque
1124 2877 1347 2931 ascellas
1395 2878 1529 2946 ejus,
1585 2887 1635 2932 et
1689 2893 1793 2930 non
1835 2878 2053 2942 sccabit,
2078 2892 2171 2930 nec

598 2974 738 3043 ferro
754 2972 965 3024 dividet.
1001 2968 1321 3023 Necessarie
1340 2968 1664 3038 praecipiens
1691 2978 1984 3037 utrumque
2004 2984 2014 3016 :
2033 2983 2168 3022 con-

598 3058 847 3128 fringens
881 3056 1173 3126 siquidem,
1208 3056 1332 3125 quia
1355 3056 1569 3124 oportet
1599 3056 1839 3109 membra
1885 3064 2167 3111 conterere

599 3152 761 3214 atque
784 3144 1019 3214 aﬂligere
1034 3157 1159 3197 eum
1213 3143 1304 3212 qui
1356 3143 1465 3197 Deo
1484 3142 1809 3196 sacriﬁcium
1832 3143 1949 3196 ﬁeri
1997 3143 2164 3212 cupit.

600 3234 719 3288 Non
750 3233 956 3287 secabit
986 3242 1192 3297 autem,
1237 3247 1339 3287 nec
1395 3233 1542 3287 l‘erro
1605 3232 1830 3298 dividet,
1855 3248 1958 3287 nec
2007 3233 2169 3288 faciet

597 3337 754 3377 avem
797 3324 937 3376 sicut
1000 3323 1192 3377 bovem
1246 3329 1342 3376 aut
1359 3337 1514 3377 ovem
1558 3337 1656 3390 per
1709 3321 2022 3375 divisiones.
2054 3322 2168 3376 lloc

596 3413 797 3483 quippe
820 3421 873 3466 et
924 3413 1194 3466 Abraham
1266 3412 1320 3465 in
1380 3426 1481 3466 suo
1541 3410 1807 3466 sacriﬁcio
1850 3412 2164 3477 custodirit,

595 3504 812 3572 quando
846 3503 1203 3569 Deojubente
1257 3517 1479 3557 vaccam
1507 3502 1741 3565 trimam,
1805 3503 2058 3557 similiter
2110 3514 2168 3559 et

594 3608 831 3664 Capram,
854 3602 911 3647 et
933 3594 1157 3648 arietem
1181 3593 1473 3657 triennem,
1495 3602 1554 3646 et
1578 3602 1846 3647 turturem
1873 3602 1930 3648 et
1954 3593 2165 3648 colum-

593 3686 716 3739 bam
739 3683 976 3748 obtulit;
1004 3681 1081 3737 ait
1110 3682 1255 3736 enim
1289 3698 1305 3734 :
1337 3682 1545 3749 Accepit
1563 3682 1661 3736 sibi
1703 3685 1813 3737 luet:
1861 3683 2061 3746 orantia,
2115 3692 2166 3736 et
2227 3740 2233 3745 ,

592 3774 766 3827 diuisit
795 3788 856 3825 ea
883 3787 975 3839 per
994 3772 1224 3827 medium
1267 3770 1597 3834 altrinsecus,
1621 3780 1670 3824 et
1717 3779 1896 3824 contra
1924 3786 1979 3825 se
2006 3764 2165 3840 expo-

590 3865 716 3929 suit,
748 3880 868 3917 aues
894 3873 1069 3919 autem
1098 3880 1201 3917 non
1214 3863 1387 3918 diuisit
1412 3865 1480 3916 “.
1525 3862 1828 3917 Prudenter
1847 3871 2028 3917 autem
2059 3865 2166 3918 hoc

591 3956 904 4018 custodivit,
961 3964 1122 4024 atque
1169 3955 1475 4009 secundum
1526 3954 1857 4009 intellectum
1908 3956 2160 4024 praecepti

592 4044 819 4099 nuncin
852 4043 1160 4114 legem-dat.
1206 4044 1666 4113 Contemplationi
1720 4045 1866 4099 enim
1890 4044 2163 4100 inhaerens

593 4135 780 4198 homo,
813 4134 1059 4203 nihilque
1090 4135 1305 4221 habens
1362 4145 1671 4221 terrenum.
1704 4136 1803 4221 sed
1862 4134 1954 4204 qui
2004 4144 2163 4221 totus

585 4223 906 4293 jamdudum
918 4220 1159 4278 caelestis
1186 4220 1604 4280 est.adversans
1629 4220 1825 4275 anima:
1855 4234 1965 4274 non
1992 4220 2164 4275 habet

1775 240 2136 303 HESYCHII
2173 236 2625 304 PRESBYTER!

3785 239 3869 299 εει

2892 410 3126 467 CAPUT
3168 412 3235 467 ll.

2349 522 2516 577 Vens.
2550 521 2668 576 1-5.
2723 540 2743 576 ι
2803 522 2995 577 Anima
3044 538 3169 579 cum
3199 521 3465 578 obtulerit
3544 521 3859 577 oblatiorca

2275 612 2523 668 sacriﬁcii
2557 613 2807 675 Domino,
2836 612 3012 667 simila
3027 613 3135 668 erit
3158 614 3277 682 ejus
3294 612 3537 673 oblatio,
3579 610 3860 678 [audetque

2275 716 2442 770 super
2465 716 2586 755 eam
2611 701 2815 764 oleum,
2843 712 2900 755 et
2919 710 3088 770 ponet
3118 702 3265 765 thus,
3295 716 3361 754 ac
3390 701 3627 755 deferet
3654 700 3728 754 ad
3753 702 3867 755 ﬁlios

2273 793 2455 846 Aaron
2509 793 2830 849 sacerdotis.
2891 794 3138 858 Quorum
3182 807 3327 847 unus
3375 791 3542 844 tollet
3615 792 3866 861 pugilhun

2275 882 2497 951 plenum
2529 882 2719 936 simila:
2741 890 2799 936 et
2825 882 2927 935 olei
2956 897 3023 936 ac
3058 890 3230 935 totum
3263 881 3421 944 thus,
3453 890 3518 935 et
3553 890 3736 949 pauet
3766 897 3866 933 me-

2274 973 2503 1026 moriale
2524 988 2691 1041 super
2719 974 2889 1026 altare
2939 973 2991 1025 in
3053 972 3278 1026 odorem
3319 972 3736 1026 suavissimum
3778 970 3866 1023 Do-

2273 1059 2449 1121 mino.
2478 1056 2633 1123 Quod
2654 1068 2837 1113 autem
2869 1058 3139 1127 reliquum
3168 1059 3333 1112 fuerit
3357 1059 3433 1113 de
3458 1057 3863 1119 sacriﬁcio.er:t

2273 1145 2453 1205 Aaron
2473 1156 2528 1202 et
2546 1147 2780 1201 ﬁliorum
2809 1147 2929 1215 ejus
2975 1147 3233 1201 Sanctum
3273 1158 3611 1202 sanctorum
3638 1149 3709 1202 de
3735 1149 3861 1200 obl:-

2276 1237 2777 1293 tionihusDomini.
2808 1258 2826 1291 ι

2345 1326 2481 1394 Quia
2511 1329 2747 1383 animam
2779 1338 2952 1385 totum
2986 1329 3264 1383 hominem
3303 1330 3583 1398 appellat,
3651 1346 3774 1383 man
3799 1331 3861 1381 lc-

2272 1426 2416 1474 stum
2447 1428 2532 1473 est
2563 1434 2627 1473 ex
2655 1421 2759 1473 hoc
2775 1420 2919 1488 quod
2959 1420 3035 1473 ait
3065 1438 3077 1473 :
3116 1418 3307 1474 Simila
3336 1420 3443 1473 erit
3486 1420 3615 1488 ejus
3648 1420 3864 1471 oblatis:

2276 1510 2331 1563 in
2356 1518 2525 1564 totum
2552 1512 2789 1565 animam
2833 1513 3033 1566 iterare
3055 1513 3245 1565 volens
3276 1511 3382 1565 hoc
3415 1512 3578 1580 quod
3638 1511 3863 1564 ﬂendum

2276 1609 2413 1664 erat,
2448 1601 2645 1656 deinde
2671 1611 2727 1656 et
2754 1602 2987 1656 similam
3019 1601 3206 1656 offerri
3238 1602 3521 1672 prtecipit.
3550 1603 3754 1655 Anima
3778 1617 3863 1653 au-

2204 1687 2246 1740 Β
2277 1699 2384 1744 tem
2415 1691 2529 1759 ipsa
2559 1706 2656 1759 per
2682 1708 2741 1746 se
2767 1694 3041 1760 quomodo
3065 1693 3302 1747 deferret
3317 1693 3701 1757 oblationem,
3720 1708 3861 1761 quam

2273 1795 2495 1836 necesse
2523 1782 2757 1835 habebat
2782 1783 3103 1851 deprecans,
3156 1792 3211 1838 et
3248 1783 3316 1835 ad
3377 1785 3493 1837 hoc
3528 1785 3732 1851 utique
3779 1799 3857 1835 ne-

2272 1869 2568 1924 cessarium
2600 1870 2827 1924 haberet
2858 1872 3223 1926 ministerium
3256 1873 3564 1941 corporis?
3633 1874 3743 1927 Sed
3774 1889 3854 1924 au-

2273 1959 2558 2028 ribusquze
2586 1960 2786 2013 divinis
2816 1973 2943 2015 sunt
2987 1962 3300 2016 assuefactus
3358 1963 3709 2031 Scripturis,
3744 1966 3858 2016 nihil

2272 2050 2528 2103 novitatis
2559 2051 2645 2104 hic
2677 2052 2872 2106 asserit
2892 2068 3092 2106 sermo.
3146 2052 3278 2106 Nam
3322 2062 3377 2106 et
3439 2055 3610 2119 alibi,
3635 2058 3853 2108 animam

2272 2155 2369 2209 per
2395 2155 2472 2206 se,
2507 2156 2685 2196 mores
2717 2159 2844 2196 vero
2864 2153 3034 2198 totum
3067 2145 3346 2199 hominem
3367 2147 3729 2215 appellavit;
3756 2150 3853 2200 vel-

2274 2232 2349 2283 uti
2386 2247 2508 2289 cum
2535 2249 2723 2287 eorum
2766 2235 2857 2303 qui
2889 2236 2943 2289 in
3011 2236 3241 2307 Egypto
3292 2239 3725 2293 descenderunt
3766 2255 3850 2292 nu-

2274 2337 2481 2377 merum
2510 2324 2780 2392 digerens,
2809 2327 2921 2380 ait:
2947 2325 3158 2382 Cuncta:
3203 2331 3401 2383 aninue
3444 2347 3574 2399 quae
3622 2332 3848 2400 ingressa

2271 2422 2391 2466 sunt
2414 2430 2531 2467 cum
2551 2413 2716 2468 Jacob
2747 2417 2800 2468 in
2823 2417 3136 2486 Egyptum,
3169 2429 3216 2473 et
3246 2421 3444 2488 egressi
3467 2422 3539 2473 de
3576 2423 3847 2492 {emeritas

2272 2504 2407 2573 ejus,
2436 2504 2631 2575 absque
2658 2508 2905 2560 uxoribus
2920 2510 3174 2572 ﬁliorum,
3206 2513 3558 2579 septuaginta
3588 2515 3661 2566 “.
3684 2515 3783 2566 Sed
3806 2523 3851 2564 ct

2272 2594 2467 2658 Lucas,
2499 2611 2623 2651 cum
2647 2597 2798 2653 Pauli
2832 2599 3102 2669 navigium
3128 2599 3355 2654 Romam
3406 2604 3613 2657 eui-tis
3658 2605 3849 2658 descri-

2270 2684 2448 2745 beret.
2475 2685 2550 2740 ait
2583 2705 2596 2739 :
2632 2685 2865 2743 Erantus
2886 2698 3063 2745 autem
3090 2705 3266 2743 omnes
3302 2692 3504 2746 anima:
3527 2695 3593 2745 in
3628 2697 3851 2747 maide-

2271 2773 2405 2824 centi
2430 2775 2762 2842 septuaginta
2789 2786 2840 2829 et
2865 2763 2978 2830 sex.
3003 2777 3071 2829 ”.
3112 2775 3438 2832 Intuendum
3520 2789 3619 2832 est
3675 2790 3849 2834 autem

2271 2877 2340 2916 ne
2372 2862 2593 2917 forsitan
2613 2866 2849 2920 animam
2898 2867 2955 2921 in
3014 2868 3117 2923 hoc
3152 2868 3277 2923 loco
3329 2870 3602 2939 gentilem
3632 2872 3853 2927 dixisset

2273 2952 2590 3008 hominem:
2618 2959 2745 3025 quia
2779 2958 2923 3011 enim
2970 2958 3221 3025 superius
3278 2959 3401 3014 ﬁliis
3436 2960 3616 3016 Israel
3645 2978 3717 3016 ea
3746 2979 3850 3033 qu:

2272 3052 2401 3096 sunt
2450 3042 2501 3095 in
2543 3045 2806 3114 sanguine
2858 3047 3122 3101 sacriﬁcia
3172 3048 3311 3102 dixit
3353 3065 3367 3101 :
3423 3049 3703 3120 Loquere,
3767 3054 3847 3113 ait,

2265 3130 2392 3199 ﬁliis
2434 3132 2651 3187 Israel:
2713 3139 2886 3190 Homo
2935 3139 3025 3208 qui
3054 3138 3296 3192 obtulerit
3332 3156 3395 3193 ea:
3422 3142 3575 3195 vobis
3627 3144 3847 3197 hostium

2266 3222 2512 3289 Domino,
2541 3227 2604 3281 de
2634 3229 2927 3295 pecoribus,
2956 3231 3011 3284 id
3039 3239 3114 3284 est
3147 3231 3211 3284 de
3231 3232 3389 3285 bobus
3422 3243 3475 3285 et
3501 3236 3693 3289 ovibus
3726 3239 3848 3303 σεῖε-

2266 3317 2748 3382 retvictimas;hic
2772 3319 2901 3373 illud
2944 3323 3087 3390 quod
3152 3330 3305 3375 extra
3351 3326 3688 3393 sanguinem
3752 3337 3844 3390 est,

2265 3406 2591 3477 sacriﬁcium
2617 3407 2810 3462 similae
2840 3409 3161 3478 praecipiens
3197 3412 3533 3474 necessarie.
3562 3428 3679 3467 non
3693 3416 3841 3475 dixit;

2266 3494 2440 3549 Ηυιιιο
2462 3498 2719 3564 exyobis,
2735 3499 2852 3564 sed,
2871 3499 3066 3552 Anima
3088 3516 3207 3552 cum
3225 3500 3472 3554 obtulerit
3496 3503 3837 3567 oblationes,

2264 3585 2498 3639 animam
2528 3586 2784 3656 gentilem
2809 3588 3121 3651 nominans,
3169 3590 3294 3658 quia
3358 3592 3638 3648 animales
3690 3607 3839 3649 erant

2264 3676 2438 3745 prius,
2470 3684 2526 3731 et
2544 3676 2636 3745 qui
2660 3693 2769 3732 non
2793 3681 3101 3746 potuissent
3139 3680 3441 3748 intelligere
3473 3698 3537 3737 ea
3570 3701 3698 3752 qua:
3720 3696 3839 3739 sunt

2264 3766 2508 3833 spiritus;
2528 3776 2899 3824 verumtamen
2913 3779 3175 3825 vocantur
3192 3772 3260 3823 ad
3284 3771 3649 3838 oblationem,
3669 3782 3839 3833 mise-

2263 3866 2418 3912 rante
2472 3872 2569 3911 eos
2589 3857 2738 3926 justo
2775 3859 2906 3925 Deo,
2962 3869 3124 3929 atque
3166 3878 3268 3931 per
3311 3865 3837 3933 condescensionen

2264 3948 2530 4001 salvante.
2558 3946 2633 4002 De
2656 3965 2764 4017 quo
2790 3960 2848 4003 et
2881 3949 3137 4005 Salomon
3180 3951 3312 4007 dicit
3368 3952 3425 4007 in
3476 3953 3835 4011 Proverbiis:

2259 4030 2441 4087 Justus
2478 4036 2752 4089 miseretur
2776 4036 3354 4107 animasjumentorum
3377 4057 3607 4097 suorum
3634 4046 3702 4098 ".
3728 4046 3835 4099 liu-
3866 4097 3870 4107 ,

2257 4122 2348 4198 jus
2379 4138 2508 4193 ergo
2536 4124 2626 4192 qui
2652 4136 2774 4195 eget
2804 4127 3013 4182 divitiis
3058 4145 3183 4198 qua:
3230 4142 3363 4186 sunt
3404 4136 3706 4198 virtutum,
3738 4140 3835 4190 τὰ

2261 4213 2463 4269 oblatio
2494 4214 2692 4270 simila.
2717 4217 2883 4271 Paulo
2897 4227 3019 4287 post
3031 4220 3202 4283 enim,
3223 4237 3349 4275 cum
3368 4238 3468 4290 pro
3486 4230 3734 4292 peccatis
3752 4244 3830 4282 sa-

590 4329 790 4382 corpus
826 4331 840 4366 :
872 4314 1139 4381 integrum
1174 4310 1375 4379 quippe
1397 4310 1518 4377 ejus
1545 4324 1744 4378 corpus
1767 4317 1824 4363 et
1841 4311 2020 4366 anima
2049 4319 2154 4370 est,
2190 4314 2231 4370 υ
2260 4304 2462 4360 criﬁcia
2484 4307 2746 4376 disponit,
2773 4322 2898 4363 eum
2933 4310 3027 4380 qui
3072 4327 3176 4367 nec
3201 4328 3365 4368 ovem
3407 4314 3580 4372 habet
3602 4334 3709 4375 nec
3748 4337 3825 4373 α..

590 4404 686 4458 sed
716 4410 774 4457 et
798 4402 1047 4469 spiritus,
1079 4402 1379 4456 secundum
1403 4400 1545 4469 quod
1580 4399 1722 4461 dixit,
1764 4399 1965 4455 Paulus
1992 4417 2007 4455 :
2035 4400 2162 4456 Sine

590 4491 802 4564 querela
818 4491 875 4543 in
888 4492 1169 4549 aduentum
1196 4490 1407 4545 Domini
1425 4489 1715 4543 custoditur
1730 4489 1795 4543 "'.
1818 4488 1886 4543 Et
1913 4498 2163 4559 propter-

589 4599 654 4640 ea
687 4580 965 4652 superﬂua
1013 4582 1070 4636 in
1107 4582 1188 4637 eis
1245 4582 1616 4639 membrorum
1658 4580 1856 4636 divisio
1884 4591 1990 4642 est,
2021 4581 2163 4636 inte-

588 4688 745 4744 grum
773 4672 921 4727 enim
946 4686 1113 4742 super
1144 4671 1480 4742 intelligibile
1519 4671 1710 4735 altare,
1734 4678 1789 4726 et
1816 4686 1982 4741 super
2014 4672 2161 4743 ligna

544 4773 556 4834 ξ
587 4763 789 4833 quibus
822 4761 1113 4833 subjicitur
1139 4762 1304 4834 ignis,
1336 4761 1564 4816 oﬂ'ertur
1585 4779 1599 4814 :
1624 4775 1802 4830 neque
1827 4762 1971 4814 enim
2001 4760 2157 4817 aliter

586 4853 916 4912 sacriﬁcium
964 4851 1300 4922 acceptabile
1348 4840 1598 4913 edicitur,
1649 4848 1753 4904 nisi
1809 4848 2155 4904 meditatione

585 4944 843 5015 spiritalis
867 4945 1023 5014 legis,
1054 4952 1111 4998 et
1144 4952 1275 4996 tunc
1317 4940 1695 4996 holocaustum
1723 4944 1780 5001 et
1803 4939 2004 4994 oblatio
2028 4954 2156 4994 sua-

574 5034 790 5091 vissimi
812 5032 996 5088 odoris
1021 5030 1256 5085 Domino
1294 5030 1565 5099 reperitur
1604 5028 1697 5098 qui
1724 5043 1939 5097 semper
1962 5029 2158 5083 odora-

586 5131 677 5178 tnr
695 5119 1021 5178 sacriﬁcium
1042 5128 1312 5181 nostrum,
1333 5124 1389 5171 et
1439 5116 1870 5187 uniuscujusque
1907 5124 2155 5172 nostrum

583 5212 753 5266 vitam
784 5210 901 5264 sive
949 5207 1417 5262 conversationem
1449 5245 1465 5268 ,
1518 5222 1589 5260 an
1638 5207 1936 5261 secundum
1982 5207 2153 5277 legem

583 5316 702 5370 quae
735 5300 804 5353 ab
829 5314 896 5354 eo
923 5299 1045 5353 data
1062 5309 1166 5363 est,
1190 5299 1470 5353 oﬂ'eratur.

676 5521 717 5552 Μ
746 5521 762 5573 l
790 5519 919 5573 Cor.
952 5535 1069 5579 vm,
1106 5519 1156 5574 i.
1262 5520 1306 5550 "
1344 5518 1477 5571 ibid.
1522 5519 1578 5572 2.
1654 5518 1698 5550 ⁸³
1729 5516 1941 5571 Coloss.
1976 5533 2035 5576 ιι,
2063 5519 2116 5571 Δ.

2259 4414 2432 4469 pram,
2454 4408 2699 4456 turtures
2727 4411 2783 4456 ct
2827 4404 3003 4473 pullos
3052 4405 3427 4462 columbarum
3474 4410 3826 4484 olempr»

2258 4490 2404 4561 repit
2429 4507 2449 4558 ;
2478 4491 2569 4559 qui
2604 4500 2788 4548 autem
2820 4509 2921 4548 nec
2952 4496 3056 4551 hoc
3086 4496 3271 4561 habet,
3305 4498 3540 4554 similam
3569 4517 3703 4558 eum
3717 4521 3827 4559 sau-

2257 4583 2332 4635 cit
2356 4581 2573 4636 oﬂ'erre.
2605 4580 2724 4639 Non
2753 4585 3029 4655 enim'jam
3056 4602 3119 4641 ex
3153 4588 3434 4657 cperibus,
3467 4601 3671 4662 utpote
3699 4611 3827 4665 pau-

2258 4685 2354 4738 per
2382 4670 2689 4736 virtutibus,
2719 4672 2814 4726 sed
2867 4675 2981 4728 sola
3032 4673 3125 4728 Dei
3184 4676 3499 4745 cognitione
3536 4680 3777 4735 salutat
3807 4697 3821 4731 :

2257 4774 2379 4828 quae
2400 4758 2455 4813 in
2500 4758 2617 4831 lege
2645 4762 2819 4819 simila
2841 4807 2860 4829 ,
2891 4763 2947 4818 in
3003 4762 3296 4836 Evangelia
3322 4776 3505 4822 autem
3528 4768 3712 4824 farina
3736 4785 3824 4823 ao-

2252 4849 2529 4918 minatnr;
2561 4852 2632 4906 ait
2655 4852 2802 4906 enim
2832 4854 3097 4910 Dominus
3130 4873 3143 4909 :
3174 4856 3361 4911 Simile
3386 4866 3462 4911 est
3488 4874 3717 4929 regam
3730 4878 3821 4915 α-

2255 4937 2423 4993 larum
2454 4940 2726 5010 fermento.
2758 4945 2895 5008 quod
2920 4944 3113 5012 accipit
3165 4944 3375 5006 mulier.
3405 4955 3456 5000 et
3477 4946 3753 5001 abscondit
3775 4950 3821 4999 is

2254 5030 2574 5099 {arina'sata
2606 5032 2732 5092 tria.
2762 5049 2928 5104 usque
2958 5034 3085 5096 dum
3131 5034 3534 5105 {eratantaretur
3562 5046 3736 5091 totum
3760 5038 3818 5098 ".
3868 5080 3869 5099 η

2255 5117 2553 5173 licclesiam
2585 5121 2915 5189 signiﬁcans,
2965 5138 3086 5191 quae
3115 5123 3168 5177 in
3233 5123 3520 5181 Trinitatis
3537 5129 3717 5183 verbo
3732 5126 3821 5181 (ee

2257 5215 2464 5261 mental
2487 5208 2769 5279 theologia:
2792 5212 3127 5278 mysterium.
3164 5212 3288 5267 llaec
3331 5215 3508 5269 simila
3524 5217 3819 5271 secundum

2258 5299 2431 5368 legem
2458 5299 2679 5365 dicitur,
2715 5301 2858 5355 unde
2889 5308 2943 5357 et
2982 5311 3092 5358 tres
3136 5304 3376 5360 decimas
3397 5306 3593 5361 simila:
3636 5308 3819 5364 oﬂ'em

2219 5517 2263 5592 ff
2289 5517 2461 5592 _Eccli.
2495 5534 2578 5582 ιιι,
2606 5519 2698 5592 Ξεὶ.
2769 5521 2819 5592 ff
2842 5519 2980 5592 Gen.
3011 5535 3164 5583 xvm,
3195 5520 3288 5575 27.
3367 5522 3411 5554 ⁸⁸
3444 5522 3583 5580 Cen.
3623 5541 3710 5592 xv,
3741 5525 3815 5581 ιο.

582 5587 669 5645 "l
700 5589 893 5643 Thess.
909 5605 964 5654 ν,
995 5588 1087 5643 25.
1163 5588 1207 5621 ⁸⁸
1228 5587 1397 5642 Exod.
1426 5589 1532 5654 1,5.
1608 5589 1652 5619 ⁸⁵
1687 5591 1808 5640 Art.
1844 5603 2011 5651 χχι-ιι,
2040 5587 2130 5641 57.

2284 5588 2444 5642 Prov.
2479 5604 2574 5660 sn,
2616 5591 2700 5640 lU.
2768 5586 2809 5618 "
2834 5588 3023 5643 Matth.
3047 5606 3167 5655 xui,
3191 5592 3281 5645 33.
