3886 6306
153 282 262 346 805

1310 277 1388 338 [Ν
1423 277 1861 339 LEVITICUM.
1907 301 1975 312 -·
2016 278 2160 336 LIB.
2197 277 2246 336 Ι.

3287 279 3395 342 806

149 391 219 443 ad
241 387 606 458 expiationem
637 387 820 456 leprre,
848 387 899 441 id
921 394 1006 440 est
1047 386 1113 440 ad
1166 388 1542 444 remissionem
1592 403 1721 458 pec-
1751 397 1792 448 Α
1828 385 1984 448 LXX,
2013 403 2120 440 non
2153 387 2352 441 dicitur
2390 394 2449 439 ut
2491 384 2738 440 absolute
2768 383 3088 441 oﬁerentcm
3115 387 3394 458 Signiﬁca-

147 480 279 543 cati,
306 478 447 534 Deus
483 476 647 548 Moysi
680 478 955 546 praecepit.
1010 477 1081 532 Ut
1112 493 1240 548 ergo
1260 479 1438 533 adhuc
1461 480 1715 544 crassior,

146 579 341 638 etquae
394 568 628 622 necdum
651 567 810 636 plena
841 567 896 620 in
941 568 1058 638 lege
1111 569 1295 624 divina
1347 570 1581 640 cognitio
1624 584 1722 622 ne-

146 659 575 716 cessariesimila
603 659 925 728 appellatur,
952 659 1006 712 in
1060 660 1370 730 Evangeliis
1411 670 1594 714 autem
1641 661 1721 715 la-

150 749 288 811 rina,
315 757 374 802 ut
400 748 713 802 subtiliores
754 749 1008 802 videlicet
1057 757 1110 802 et
1132 749 1477 822 sublimiores
1525 765 1556 803 a
1601 750 1719 820 lege

145 839 454 894 intellectus
484 839 727 902 habens,
766 840 870 892 hoc
913 839 1120 908 Moyses
1157 839 1392 894 innuens
1422 841 1566 911 (quia
1609 848 1716 892 tam

145 931 324 985 farina
362 945 525 997 quam
553 928 754 990 simila,
787 939 1012 997 propter
1041 929 1326 998 praedictas
1391 945 1584 985 causas
1633 932 1715 985 di-

143 1017 272 1069 vina
330 1018 557 1070 scientia
613 1025 827 1085 poterat
883 1016 1035 1087 dici.)
1069 1033 1193 1070 cum
1259 1028 1553 1088 apparente
1607 1019 1716 1073 Deo

140 1107 374 1161 Abrahae
402 1109 468 1162 ad
502 1108 681 1162 ilicem
707 1107 986 1172 Mambrae,
1044 1107 1330 1165 Trinitatis
1395 1112 1713 1181 mysterium

140 1198 493 1268 signiﬁcaret,
521 1198 919 1252 describiteum
974 1197 1121 1254 Sara:
1148 1199 1419 1255 dicentem
1454 1219 1467 1254 :
1500 1202 1712 1256 Festina

141 1297 194 1341 et
215 1289 486 1341 commisce
509 1289 613 1341 tria
641 1298 758 1341 sata
783 1290 971 1344 simin
1007 1291 1073 1342 τ’.
1101 1289 1250 1346 Licet
1277 1300 1458 1346 autem
1487 1292 1578 1345 Dei
1618 1308 1713 1346 co-

140 1377 318 1448 gnitio
347 1378 538 1432 salutis
568 1379 808 1447 gentium
837 1380 1166 1449 principium
1191 1381 1280 1445 sit,
1318 1381 1712 1452 superfundere

139 1485 324 1530 tamen
355 1477 542 1530 similae
566 1477 745 1532 oleum
771 1521 786 1544 ,
821 1486 877 1532 et
910 1480 1033 1534 thus
1059 1495 1424 1548 superponere
1451 1497 1589 1550 Opus
1610 1483 1709 1536 ha-

138 1567 354 1625 bemus,
397 1577 455 1619 ut
513 1567 739 1635 gratiam
801 1568 896 1621 Dei
966 1570 1323 1640 eleemosynis
1373 1573 1709 1642 orationique

133 1655 590 1710 connnisceamus
621 1675 635 1708 ι
671 1658 786 1711 bsec
812 1659 956 1712 enim
999 1661 1158 1714 nobis
1185 1673 1416 1729 possunt
1463 1664 1531 1718 de
1569 1667 1706 1718 ccelo

1824 484 1923 526 ret.
1956 475 2010 525 Si
2035 476 2180 526 enim
2211 474 2277 526 de
2302 472 2584 527 sacerdote
2614 473 2857 536 dixisset,
2889 475 3047 544 plane
3071 476 3174 531 hoc
3205 480 3393 547 utique

1822 565 1962 618 sicut
1991 563 2044 616 in
2072 564 2356 625 sacriﬁcio,
2381 565 2447 616 de
2469 571 2690 630 peccato
2751 566 3018 619 sancitum
3045 576 3207 632 esset,
3246 571 3392 638 quod

1821 664 1874 707 ct
1898 653 2074 721 ipsum
2107 653 2174 707 de
2215 654 2390 706 simila
2414 653 2593 714 ﬁebat,
2620 655 2862 708 adderet.
2896 656 2970 710 lbi
3003 658 3150 711 enim
3181 673 3392 713 memo-

1820 741 1950 797 riale
1983 759 2101 798 esse
2122 745 2234 797 vult
2273 743 2375 798 hoc
2395 746 2538 814 quod
2575 746 2628 798 in
2691 747 2889 815 pugillo
2917 749 3211 802 sacerdotis
3233 749 3393 804 oﬁ'er-

1821 843 1909 908 tur
1935 834 2044 888 Deo
2083 833 2268 888 :aliud
2307 836 2586 904 quidpiam
2611 836 2864 890 sanciens
2909 847 3063 892 extra
3089 840 3192 893 hoc
3243 839 3389 908 quod

1817 940 1964 979 nunc
1995 926 2216 988 dicitur,
2252 927 2391 980 sicut
2423 928 2587 995 paulo
2613 929 2884 996 posterius
2907 932 3275 987 ostendemus.
3295 933 3390 988 llic

1819 1031 1948 1069 vero
1978 1032 2088 1070 non
2117 1017 2189 1070 ita
2214 1058 2229 1082 ,
2261 1019 2355 1070 sed
2407 1026 2642 1086 sumpto,
2677 1021 2976 1074 secundum
3007 1025 3150 1091 quod
3184 1025 3387 1078 dictum

1819 1117 1918 1172 est,
1955 1123 2022 1161 eo
2091 1110 2235 1176 quod
2287 1108 2474 1162 oﬁeret
2531 1111 2782 1164 sacerdos
2810 1113 2948 1181 (esse
2999 1125 3178 1168 autem
3243 1116 3388 1170 hunc

1813 1195 1996 1250 Jesum
2031 1197 2310 1266 didicisti),
2346 1198 2596 1252 sacriﬁcii
2619 1191 2929 1254 memoriale
2957 1203 3010 1256 in
3026 1205 3234 1259 caelesti
3260 1207 3390 1261 olle-

1813 1295 1895 1340 rct
1921 1286 2097 1339 altari.
2129 1285 2442 1340 Memorialc
2493 1299 2676 1341 autem
2709 1292 3038 1357 cognitionis
3073 1294 3163 1346 Dei
3207 1297 3384 1363 perfe-

1810 1385 1896 1430 cta
1952 1378 2181 1431 scientia
2241 1386 2342 1442 est,
2377 1379 2534 1446 cujus
2585 1395 2802 1450 semper
2843 1398 3110 1437 memores
3160 1386 3380 1450 erimus,

1809 1468 2024 1534 quando
2053 1469 2170 1536 ejus
2192 1483 2416 1536 capaces
2437 1469 2720 1534 fuerimus,
2779 1489 2900 1541 quae
2959 1490 3236 1542 nunquam
3292 1477 3384 1528 tle-

1811 1557 2058 1621 struitur,
2083 1573 2203 1625 quae
2227 1573 2344 1612 eam
2389 1575 2669 1627 qmenunc
2685 1571 2787 1626 est,
2836 1579 2945 1617 non
2976 1574 3034 1617 ut
3054 1567 3380 1620 contr-ariam

1809 1645 2060 1708 destruit,
2085 1648 2184 1702 sed
2217 1657 2424 1716 partem
2451 1665 2570 1703 eam
2622 1652 2898 1706 minimam
2942 1670 3061 1708 esse
3109 1671 3204 1724 per
3229 1672 3382 1710 suam

133 1741 235 1796 De;
267 1745 545 1797 scientiam
575 1744 880 1815 proﬂigare_
950 1745 1045 1800 His
1077 1715 1255 1802 auw'm
1289 1715 1443 1805 ίρέιέε
1739 1715 1781 1770 Β
1808 1736 2195 1804 plenitudinem
2218 1715 2508 1800 monstrat,
2529 1740 2830 1794 secundum
2859 1743 3003 1810 quod
3031 1715 3239 1796 dictum
3259 1753 3374 1798 est:

132 1832 336 1895 nelius,
361 1833 426 1886 ad
456 1849 614 1900 quem
647 1835 988 1889 descendens
1027 1837 1094 1891 de
1121 1838 1258 1893 coelo
1283 1840 1504 1909 angelus
1526 1841 1659 1894 dixit
1686 1857 1698 1891 :

131 1921 367 1984 Corneli,
399 1923 659 1976 orationes
689 1933 792 1977 tua:
817 1933 867 1977 et
905 1925 1242 1996 eleemosyna:
1258 1931 1598 1983 ascenderunt
1636 1931 1706 1984 ad

131 2009 437 2077 Dominum,
471 2025 520 2065 et
541 2029 677 2066 nunc
703 2015 848 2067 mitte
869 2016 1005 2069 viros
1036 2018 1090 2068 in
1108 2017 1292 2086 Joppe,
1327 2023 1524 2074 accersi
1555 2021 1624 2072 ad
1658 2030 1705 2075 te

126 2098 414 2162 Simonem,
445 2101 534 2170 qui
561 2104 961 2171 cognominatur
981 2104 1252 2160 Petrus".
1283 2107 1400 2176 Ipse
1432 2111 1576 2163 enim
1608 2126 1704 2164 γει

129 2206 246 2245 ram
268 2191 551 2246 scientiam
605 2194 857 2248 Cornelio
903 2196 1202 2252 traditurus
1227 2207 1365 2252 erat.
1423 2200 1705 2265 Quomodo

125 2293 311 2336 autem
335 2283 388 2335 in
423 2283 578 2336 thure
595 2283 886 2350 accipiatur
916 2287 1111 2350 oratio,
1140 2304 1393 2357 quaerens
1426 2292 1544 2360 ejus
1595 2295 1701 2346 vim

127 2382 607 2443 perscrutansque,
638 2375 938 2444 cognoscis.
975 2375 1058 2430 Uti
1093 2378 1293 2446 quippe
1321 2395 1384 2434 eo
1409 2392 1596 2435 contra
1627 2384 1705 2435 in-

125 2463 359 2517 teriores
377 2465 656 2533 passiones
688 2465 883 2520 medici
906 2467 1107 2532 solent,
1135 2470 1524 2538 oculorumque
1544 2474 1701 2543 aegri-

125 2555 334 2608 tudinis
360 2571 550 2610 curare
588 2557 834 2620 vulnera,
869 2566 924 2612 et
962 2559 1140 2628 siquis
1168 2561 1466 2617 incendens
1497 2565 1702 2619 fumum

126 2646 250 2714 ejus
283 2647 560 2714 suscipiat,
599 2649 875 2718 restringit
919 2637 1249 2705 accedentes
1265 2669 1330 2706 ex
1388 2654 1702 2710 inﬁrmitate

125 2735 397 2806 lacrimas
431 2753 446 2790 :
488 2738 592 2791 hoc
625 2737 815 2790 eodem
849 2739 1010 2792 modo
1039 2741 1213 2794 oratio
1236 2757 1450 2810 quoque
1475 2745 1702 2812 plurima

124 2834 388 2891 Operatur
421 2842 434 2878 :
473 2827 585 2880 haec
617 2826 820 2895 quippe
851 2829 1085 2882 maxime
1114 2831 1307 2886 animae
1326 2833 1604 2900 passiones
1619 2851 1704 2889 sa-

123 2927 244 2983 nat,
333 2919 450 2974 haec
499 2920 664 2973 etiam
711 2920 1128 2987 intelligibilium
1199 2924 1480 2978 oculorum
1549 2937 1703 2982 curat

124 3011 378 3077 vulnera,
403 3013 692 3067 absolvens
727 3014 794 3066 ab
849 3013 1151 3083 ignorantia
1185 3024 1347 3084 atque
1363 3033 1427 3070 ex
1456 3033 1516 3070 ea
1578 3034 1696 3088 quae
1725 3031 1767 3087 ο

122 3115 260 3153 vere
284 3109 366 3153 est
391 3100 672 3170 aegritudo,
707 3102 758 3155 id
789 3109 871 3154 est
903 3116 970 3155 ex
991 3113 1212 3170 peccato
1241 3105 1503 3174 lucrymas
1525 3122 1691 3160 acce-

123 3190 319 3243 dentes
343 3191 532 3243 salvat.
556 3190 868 3258 Inﬁrmatur
926 3193 1069 3246 enim
1128 3195 1244 3262 quis
1294 3196 1351 3246 in
1413 3197 1574 3260 vobis,
1618 3200 1692 3252 ait

120 3279 378 3342 Jacobus,
411 3291 646 3334 convocet
683 3282 1028 3351 presbyteros,
1080 3293 1128 3336 et
1155 3295 1300 3337 orent
1351 3302 1508 3354 super
1549 3304 1688 3352 eum,

123 3379 370 3439 augentes
402 3387 518 3424 eum
560 3371 670 3424 oleo
699 3372 752 3424 in
782 3375 989 3426 nomine
1027 3373 1272 3440 Domini;
1303 3385 1350 3427 et
1379 3379 1547 3429 oratio
1569 3378 1691 3444 ﬁdei

120 3461 346 3513 salvabit
373 3461 660 3527 inﬁrmum,
685 3471 734 3514 et
763 3462 1010 3515 allevabit
1034 3481 1150 3517 eum
1203 3465 1474 3529 Dominus,
1498 3478 1544 3519 et
1565 3469 1611 3520 si
1637 3469 1690 3520 in

121 3556 352 3622 peccatis
376 3557 464 3617 sit,
485 3557 816 3609 remittemur
841 3558 890 3609 ei
921 3558 984 3610 ".
1039 3557 1167 3611 Post
1193 3559 1330 3623 haec,
1357 3561 1558 3630 pugillo
1587 3561 1690 3614 tol-

120 3645 239 3698 lere
272 3645 426 3714 jubet
459 3646 708 3709 similam,
747 3646 796 3700 id
828 3656 911 3701 est
973 3648 1076 3701 ﬁde
1113 3650 1395 3703 scientiam
1435 3651 1522 3704 Dei
1550 3667 1692 3705 com-

121 3735 494 3803 prehendere;
543 3751 638 3804 per
660 3737 915 3806 pugillum
966 3739 1112 3792 enim
1146 3738 1234 3793 hic
1292 3739 1450 3792 ﬁdem
1485 3741 1689 3809 signiﬁ-

120 3833 231 3885 cat,
252 3832 542 3893 aperteque
565 3827 800 3880 ostendit
832 3827 974 3880 illam
1024 3828 1305 3881 scientiam
1337 3869 1350 3892 ,
1378 3831 1492 3883 sive
1507 3832 1690 3901 cogni-

120 3913 328 3967 tionem
358 3914 448 3967 Dei
487 3915 714 3968 Domino
753 3925 1053 3986 acceptam,
1099 3934 1259 3986 quam
1282 3919 1415 3974 ﬁdes
1441 3935 1692 3990 compre-

120 4001 366 4056 hendere
395 4010 615 4070 potest;
651 4013 708 4056 ct
735 4006 1194 4073 quemadmodum
1229 4007 1319 4075 qui
1352 4011 1552 4078 pugillo
1570 4011 1690 4078 plus

120 4091 240 4144 vult
284 4092 769 4160 comprehendere,
818 4094 952 4148 nihil
980 4096 1238 4164 proﬁcit,
1287 4106 1458 4152 totum
1487 4101 1688 4170 quippe

120 4180 364 4234 decurrit
389 4191 440 4234 et
472 4182 636 4246 cadit,
673 4192 834 4251 atque
886 4183 1150 4239 inutiliter
1175 4185 1402 4250 laborat,
1426 4187 1504 4241 sic
1532 4204 1687 4242 men-

108 4258 250 4326 sura
281 4269 372 4323 Dei
395 4271 638 4325 scientiae
676 4272 810 4326 ﬁdes
861 4283 963 4327 est.
1013 4272 1232 4328 Credere
1278 4276 1419 4328 enim
1461 4287 1681 4344 oportet,

1807 1825 1892 1878 Ea:
1923 1837 2073 1896 parte
2095 1829 2466 1896 cognoscimus,
2503 1839 2551 1882 et
2581 1847 2644 1883 ea:
2671 1843 2823 1896 parte
2846 1834 3229 1901 prophetamus.
3248 1837 3381 1888 Cum

1806 1928 1980 1970 autem
2006 1920 2200 1970 venerit
2231 1920 2367 1989 quod
2391 1923 2674 1989 perfectum
2721 1933 2818 1986 est,
2871 1925 3209 1982 evacuabitur
3237 1931 3376 1993 quod

1804 2024 1866 2061 ea;
1891 2019 2041 2076 parte
2063 2019 2134 2062 est
2154 2010 2217 2063 ⁸⁰.
2254 2011 2314 2062 Et
2349 2012 2624 2077 quomodo
2679 2014 3057 2076 evacuabitur,
3089 2019 3232 2068 clare
3256 2031 3374 2091 ma-

1803 2100 2025 2152 nifestat
2052 2101 2331 2153 subdens:
2372 2101 2610 2153 Videmus
2648 2118 2786 2154 nunc
2848 2120 2941 2170 per
2995 2105 3264 2173 speculum
3315 2107 3374 2158 in

1807 2190 2106 2259 a'nigmate,
2136 2199 2258 2241 tunc
2288 2200 2463 2242 autent
2498 2192 2634 2260 facie
2666 2193 2735 2244 ad
2764 2194 2974 2261 faciem.
3017 2194 3377 2265 Nunccogna-

1802 2296 1887 2333 sco
1917 2297 1978 2333 ex
1996 2291 2166 2348 parte,
2198 2291 2318 2332 tunc
2349 2297 2652 2349 cognoscant
2681 2283 2815 2335 sicut
2847 2292 2894 2335 et
2913 2285 3147 2353 cognitus
3175 2287 3370 2340 sum“.

1806 2369 1917 2425 lloc
1949 2372 2274 2424 sacriﬁcium
2325 2372 2551 2425 odorem
2619 2374 3003 2426 suavissimum
3067 2377 3376 2430 necessarie

1801 2461 2030 2514 Domino
2057 2462 2328 2530 l--gislator
2361 2462 2668 2530 appellavit.
2695 2462 2925 2516 Odorem
2964 2465 3018 2516 in
3040 2465 3266 2520 Domino
3290 2474 3374 2520 est

1802 2550 2060 2618 cognitio,
2085 2551 2200 2604 sive
2229 2552 2454 2606 scicntia
2481 2551 2630 2619 ejus;
2659 2561 2710 2604 et
2742 2567 2809 2606 nc
2827 2552 2929 2606 hoc
2949 2554 3182 2618 dubites,
3207 2556 3385 2610 habes

1802 2641 1867 2692 ad
1894 2640 1995 2692 hoc
2028 2654 2241 2707 quoque
2267 2639 2493 2692 Paulum
2539 2640 2948 2694 veracissimum
2983 2651 3175 2696 testem
3212 2661 3227 2696 ε
3265 2645 3374 2697 Deo

1803 2730 1940 2782 enim
1978 2731 2200 2799 gratias,
2234 2729 2426 2798 inquit,
2457 2732 2546 2799 qui
2592 2747 2795 2797 semper
2816 2733 3103 2799 triumphat
3140 2751 3232 2801 per
3281 2752 3376 2790 nos

1801 2820 1856 2872 in
1885 2819 2090 2872 Clu-isto
2113 2818 2257 2883 Jesu,
2281 2829 2328 2870 et
2359 2820 2566 2871 odorem
2593 2821 2790 2872 notitia:
2815 2836 2924 2874 sua?
2947 2823 3247 2892 manifestat
3281 2839 3376 2891 per

1803 2924 1893 2960 nos
1928 2909 1980 2959 in
2002 2911 2142 2960 omni
2183 2908 2292 2961 loco
2318 2909 2383 2962 ⁸⁸.
2409 2909 2543 2963 Ecce
2577 2909 2792 2962 interim
2823 2912 3118 2980 cognovisti
3147 2913 3369 2966 odorem

1802 3001 2027 3053 notitiae.
2051 2999 2232 3053 Sedet
2267 3002 2464 3053 bonum
2523 3002 2743 3055 odorem
2801 3001 2855 3055 in
2917 3003 3374 3072 subsequentibus

1799 3090 1923 3143 audi
1969 3088 2142 3153 :Quia
2172 3089 2362 3143 Christi
2427 3091 2588 3142 bonus
2617 3093 2744 3142 odor
2807 3106 3008 3155 sumus,
3039 3091 3093 3143 in
3147 3093 3226 3144 Itis
3283 3094 3377 3162 qui

1797 3183 1928 3234 salvi
1948 3191 2088 3245 sunt,
2114 3190 2161 3234 et
2191 3181 2245 3234 in
2269 3180 2471 3248 his'qui
2509 3193 2723 3248 pereunt
2751 3183 2817 3235 ⁸³.
2884 3181 3090 3236 Deinde
3130 3183 3260 3238 dicit
3291 3185 3370 3237 le-

1797 3275 2015 3345 gislator
2048 3291 2064 3328 ι
3357 3336 3359 3339 .

1867 3364 2016 3426 Quod
2033 3373 2222 3415 .autem
2257 3363 2512 3432 reliquum
2537 3363 2695 3431 fuerit
2717 3364 2779 3414 de
2807 3363 3064 3430 sacrificio
3082 3366 3370 3426 eritztarcn

1798 3464 1844 3506 et
1879 3454 2106 3521 ﬁliorum
2129 3455 2262 3522 ejus,
2312 3463 2549 3506 sanctum
2595 3462 2896 3504 sanctorum
2937 3461 2998 3506 de
3022 3453 3370 3513 oblationibus

1798 3546 2029 3598 Domini.
2076 3545 2357 3612 Reliquum
2381 3545 2456 3596 ait
2484 3545 2550 3596 de
2600 3543 2686 3596 illa
2743 3543 3004 3612 perfecta,
3033 3546 3166 3598 etin
3216 3547 3372 3603 caelis

1796 3635 2116 3690 abscondita
2139 3644 2298 3702 atque
2341 3635 2574 3702 reposita
2625 3633 2679 3685 in
2712 3633 2928 3687 Christo
2991 3634 3216 3689 scientia
3253 3636 3370 3690 sive

1789 3726 2006 3794 notitia.
2025 3725 2088 3778 In
2117 3726 2228 3793 ipso
2262 3725 2395 3776 enim
2416 3733 2536 3776 sunt
2571 3724 2802 3778 thesauri
2819 3726 3091 3792 sapientia
3120 3735 3169 3778 et
3197 3727 3360 3780 scien~

1796 3819 1882 3871 tiae
1907 3817 2190 3870 absconditi
2220 3815 2285 3870 3‘.
2322 3815 2579 3868 Sanctum
2611 3827 2921 3869 sanctorum
2941 3825 3026 3868 est
3048 3816 3115 3869 de
3136 3816 3365 3871 oblatio-

1795 3908 1957 3962 nibus
1989 3905 2223 3967 Domini,
2251 3905 2459 3974 partilis
2479 3905 2625 3958 enim
2647 3913 2732 3959 est
2765 3905 2991 3958 scientia
3016 3921 3136 3974 quae
3159 3907 3364 3976 reliqua

1793 4005 1899 4061 est,
1924 4010 2114 4051 omnes
2149 4005 2328 4048 tamen
2355 3995 2487 4049 alias
2539 4010 2823 4064 superans,
2865 4003 2919 4048 et
2944 3997 3252 4064 perducens
3295 4001 3362 4053 ad

1763 4087 2409 4159 ‘perfectioncm.Aaron
2464 4101 2594 4156 ergo
2634 4095 2687 4140 et
2760 4085 2994 4140 ﬁliorum
3053 4086 3172 4154 ejus
3235 4086 3362 4139 erit.

1792 4180 1972 4234 Aaron
2000 4188 2178 4233 autem
2212 4193 2340 4230 arca
2401 4177 2485 4231 vel
2529 4185 2809 4231 montanus
2859 4177 3268 4245 interpretatur,
3309 4177 3360 4232 id

1799 4279 1903 4334 est,
1923 4269 2030 4322 alta
2062 4268 2130 4322 de
2154 4267 2264 4321 Deo
2299 4267 2632 4336 intelligens:
2658 4267 2782 4337 quia
2804 4277 2859 4322 ct
2883 4283 3032 4332 area,
3056 4277 3241 4337 utpote
3264 4270 3356 4322 ba-

60 4354 72 4372 '
120 4359 270 4424 sicut
287 4359 490 4414 Paulus
514 4361 608 4422 ait,
639 4363 730 4430 qui
759 4363 960 4416 accedit
1002 4370 1072 4416 ad
1119 4364 1310 4430 Deum,
1365 4367 1489 4436 quia
1518 4377 1591 4420 est
1623 4369 1686 4422 ⁷⁸.
1724 4365 1768 4424 ι)
1795 4363 1933 4417 bens
1960 4362 2015 4415 in
2046 4375 2104 4414 se
2133 4360 2305 4430 legem
2337 4357 2431 4412 Dei
2450 4367 2505 4412 et
2553 4359 2786 4427 eloquia,
2822 4358 3018 4414 oﬁ'erre
3046 4359 3361 4428 praedictum

122 4451 192 4505 Et
216 4468 442 4507 rursus:
466 4451 591 4507 Sine
620 4454 722 4522 ﬁde
755 4456 1074 4524 impossibile
1112 4467 1188 4511 est
1225 4459 1432 4528 placere
1488 4448 1592 4516 Deo
1623 4463 1691 4518 ⁷⁸.

122 4543 189 4596 Et
212 4551 268 4596 ut
295 4544 540 4600 dicamus
571 4545 836 4612 breviter,
856 4562 1009 4600 omne
1041 4549 1180 4617 quod
1227 4565 1328 4603 non
1385 4561 1462 4604 est
1498 4567 1563 4604 ea:
1591 4552 1696 4618 ﬁde
1779 4589 1782 4592 ‹

119 4641 393 4699 peccatum
432 4642 548 4698 est,
581 4632 720 4687 sicut
751 4634 893 4688 idem
942 4635 1008 4689 ad
1067 4634 1340 4692 Romanos
1378 4639 1596 4707 scripsit
1623 4641 1688 4694 ".

120 4719 264 4789 Ergo
287 4733 396 4772 non
433 4727 613 4787 potest
634 4735 752 4774 esse
802 4721 1119 4791 gloriﬁcatio
1159 4724 1214 4777 in
1249 4725 1581 4781 inﬁdelitate.
1607 4727 1694 4780 ln-

122 4804 286 4858 tende
315 4813 500 4859 autem
520 4804 642 4872 quia
671 4823 796 4860 cum
833 4809 957 4862 oleo
1006 4809 1166 4879 jubet
1211 4811 1445 4866 similam
1497 4813 1689 4882 accipi,

119 4893 464 4967 apertissime
496 4895 894 4967 eieemosynam
941 4913 1044 4952 nos
1090 4898 1272 4954 facere
1309 4901 1514 4957 volens.
1565 4902 1696 4956 Date

117 4986 264 5039 cnim
297 4986 698 5057 eleemasynam,
739 4988 915 5057 inquit
944 4988 1228 5051 Dominus,
1251 4999 1300 5042 et
1358 5007 1472 5050 ecce
1516 4995 1692 5046 omnia

118 5077 318 5128 munda
345 5078 742 5134 eruntvabis".
798 5077 962 5133 lubet
1006 5086 1188 5133 autem
1243 5094 1403 5134 omne
1452 5082 1579 5137 thus
1634 5083 1692 5136 in

117 5164 328 5234 pugillo
342 5167 514 5218 sumi:
539 5183 719 5231 omne,
739 5169 940 5237 quare?
966 5170 1090 5237 quia
1110 5185 1326 5239 semper
1341 5181 1551 5238 oportet
1572 5187 1690 5224 ora-

120 5269 180 5306 rc
204 5293 218 5316 ,
252 5263 304 5307 et
342 5254 466 5307 sine
487 5255 886 5312 intermissione
915 5259 1113 5329 gratias
1134 5275 1312 5330 agere,
1328 5261 1469 5315 sicut
1489 5259 1688 5317 Paulus

118 5343 283 5398 ait".
307 5345 560 5413 Sed‘quis
589 5357 671 5402 est
694 5351 784 5417 qui
819 5349 874 5403 in
922 5351 1121 5420 pugillo
1162 5351 1338 5404 tollit?
1388 5353 1686 5408 secundum

190 5561 236 5592 τ’
265 5561 401 5616 Gen.
433 5575 586 5624 xvm,
621 5563 672 5613 ﬁ.
749 5563 796 5594 τ’
826 5568 942 5618 Act.
978 5581 1033 5620 κ.
1064 5566 1113 5625 4,
1145 5567 1195 5618 5.

1279 5567 1324 5598 τι
1353 5566 1467 5620 δερ,
1501 5585 1552 5632 ν,
1578 5568 1662 5628 η,
1696 5568 1782 5621 15‘,
1849 5567 2074 5620 "Hebr.
2113 5583 2186 5623 si.
2231 5567 2282 5629 6,

1791 4454 2115 4510 sacriﬁcium
2142 4460 2341 4522 potest.

1860 4545 2024 4598 Vens.
2066 4541 2119 4595 4.
2155 4560 2172 4593 ο
2209 4542 2346 4596 Cum
2400 4549 2582 4596 autem
2613 4539 2878 4596 obtuleris
2914 4539 3238 4596 sacriﬁcium
3267 4557 3361 4597 co-

1793 4645 1940 4689 ctum
1971 4634 2025 4688 in
2057 4633 2272 4688 clibano
2316 4633 2385 4686 de
2429 4631 2627 4695 simila,
2681 4646 2850 4700 panes
2899 4631 3105 4686 scilicet
3158 4631 3364 4699 absque

1791 4729 2062 4783 fermento
2082 4766 2096 4792 ,
2159 4739 2482 4793 conspersos
2515 4725 2670 4787 oleo,
2720 4732 2775 4776 et
2810 4722 2998 4791 lagana
3035 4737 3219 4792 azyma
3241 4722 3363 4776 oleo

1789 4820 1903 4873 lita.
1938 4836 1956 4870 ο

1861 4903 2214 4962 Admirabilis
2247 4911 2333 4956 est
2365 4901 2694 4971 legislatoris
2731 4899 2986 4960 intentio,
3027 4916 3126 4970 per
3177 4900 3358 4954 omnia

1794 4991 2067 5046 subtiliter
2096 4988 2357 5044 incedens
2389 5004 2404 5040 :
2435 4987 2561 5057 quia
2591 4986 2740 5040 enim
2784 4985 3029 5040 scientia
3074 4987 3192 5052 Dei,
3244 4987 3361 5041 sive

1790 5084 2001 5138 notitia:
2031 5080 2287 5150 superius
2320 5079 2650 5135 mentionem
2684 5078 2833 5143 fecit,
2853 5093 2924 5132 ne
2950 5078 3094 5133 forte
3149 5079 3356 5147 putaris

1793 5183 1944 5230 extra
1975 5188 2092 5226 eam
2125 5186 2246 5226 esse
2275 5171 2694 5241 dispensationis
2714 5170 3001 5225 Dominicis
3019 5164 3371 5240 mysterim,'

1794 5265 1922 5318 vide
1950 5263 2224 5332 quomodo
2271 5278 2371 5331 per
2425 5261 2709 5331 aenigmata
2770 5260 3014 5327 exponit,
3065 5260 3362 5314 nativitatis

1795 5356 1933 5424 ejus,
2000 5355 2182 5409 crucis
2227 5363 2284 5406 et
2331 5351 2745 5407 resurrectionis
2785 5351 2974 5404 volens
3017 5352 3363 5407 introducere

2359 5568 2552 5622 "ibid.
2601 5570 2643 5598 ""
2675 5567 2826 5620 lioni.
2858 5584 2966 5628 xw,
2989 5568 3076 5620 ‘23.
3155 5567 3197 5598 τε
3226 5566 3356 5621 [με.

125 5646 198 5695 ιι,
229 5633 317 5685 41.
395 5633 440 5663 ⁷³
481 5631 497 5682 l
538 5631 737 5684 Thess.
761 5649 813 5694 ν,
841 5633 924 5688 17.
1000 5633 1045 5664 ⁸ο
1074 5635 1092 5686 l
1123 5636 1246 5688 Cor.
1280 5634 1416 5699 Xlll,
1442 5638 1493 5689 9.
1537 5631 1612 5668 7"
1646 5637 1699 5690 ib

1814 5637 1896 5690 12.
1975 5638 2020 5667 ⁸³
2052 5637 2094 5689 il
2121 5636 2244 5690 Cor.
2268 5652 2325 5703 ll,
2362 5637 2446 5691 Η.
2523 5638 2568 5668 ⁸³
2592 5637 2719 5691 ibid.
2748 5639 2828 5692 15.
2905 5638 3249 5702 “001055.11,
3269 5635 3321 5688 ὃ.
3360 5661 3369 5698 ς
