3886 6306
486 233 593 299 8σ1

1671 233 2026 295 HESYCHII
2085 231 2551 292 PRESBYTEBl

3645 235 3762 296 &?8

492 345 877 400 narrationem.
903 343 1236 399 Sacriﬁeidm
1267 351 1530 411 ococtnm,
1568 343 1767 398 Christi
1819 345 2054 414 appellat
2083 349 2126 404 Α
2155 340 2316 394 oﬂ'ert
2345 358 2358 395 :
2386 339 2616 409 Eﬁimdit
2643 355 2800 409 super
2837 355 2953 392 eam
2987 339 3198 401 oleum;
3238 338 3325 393 hic
3361 349 3578 400 autem,
3623 344 3757 410 quia

489 435 939 498 incarnationem,
971 436 1036 489 ad
1071 437 1173 488 hoc
1219 433 1363 487 enim
1395 435 1710 491 incarnatus
1753 445 1837 489 est
1872 444 1930 488 ut
1953 435 2056 488 im-

490 528 805 580 molaretur.
835 527 1058 594 Propter
1079 525 1222 593 quod
1250 541 1396 589 cum,
1433 525 1642 595 Aguum
1673 525 1766 579 Dei
1801 528 1890 596 qui
1921 525 2056 578 tollit

490 626 705 684 peccata
732 616 994 677 mundi”,
1023 615 1263 669 Joannes
1293 614 1532 684 Baptista
1559 615 1870 684 appellavit.
1890 615 2056 669 Recte

491 723 618 778 ergo
647 706 966 762 sacriﬁcium
997 705 1048 758 in
1099 706 1202 759 hoc
1236 706 1374 769 loco,
1409 714 1467 759 ut
1489 706 1837 760 denuntiaret
1857 705 2054 759 nativi-

493 805 656 850 tatem
683 797 820 864 ejos,
849 794 1046 848 dicitur
1068 803 1282 847 coctum
1315 794 1368 846 in
1387 794 1619 854 clibano,
1654 793 1745 848 Dei
1764 793 2071 848 Genitricis'

491 884 741 937 videlicet
767 891 944 936 utero.
983 881 1076 934 llla
1107 883 1253 935 enim
1316 882 1563 936 clibanus
1614 883 1920 937 necessarie
1959 897 2056 937 no-

491 974 743 1036 minatur,
781 975 904 1041 quia
936 980 990 1026 et
1028 988 1194 1042 panes
1245 973 1530 1042 ignemque
1550 974 1784 1042 desuper
1810 973 2056 1027 clibanus

489 1065 734 1133 suscipit,
758 1065 900 1119 sicut
919 1072 975 1118 et
1001 1063 1104 1140 Dei.
1127 1063 1400 1127 Genitrix,
1435 1064 1669 1133 desuper
1689 1065 1811 1119 vita:
1836 1068 2052 1134 panem,

490 1157 584 1210 Dei
616 1156 865 1210 videlicet
889 1155 1123 1209 Verbum
1155 1156 1209 1207 in
1231 1170 1331 1208 suo
1350 1164 1522 1219 utero,
1554 1156 1842 1225 ignemque
1869 1169 2054 1210 susce-

489 1247 567 1313 pit
596 1245 898 1314 pratsentiaa
923 1244 1178 1312 Spiritus.
1233 1242 1460 1311 Spiritus
1491 1245 1656 1308 enim,
1690 1245 1884 1312 inquit,
1937 1258 2056 1298 san-

489 1345 600 1388 ctus
633 1335 955 1401 superveniet
979 1335 1029 1386 in
1055 1342 1123 1398 te,
1160 1344 1208 1386 et
1233 1335 1395 1385 virtus
1451 1333 1705 1386 Altissimi
1728 1333 2055 1385 obumbrabit

489 1429 582 1480 tibi
613 1428 679 1479 “.
707 1426 862 1480 Hunc
895 1425 1123 1495 Moyses,
1147 1425 1364 1494 quando
1381 1425 1522 1478 Deus
1551 1425 1618 1478 ad
1646 1425 1915 1477 Abraham
1946 1425 2054 1477 dis-

489 1518 670 1586 posuit
715 1516 940 1571 seminis
971 1523 1373 1579 testamentum,
1402 1515 1671 1568 clibanum
1704 1513 2052 1568 commenda-

491 1609 596 1673 vit;
615 1608 690 1660 ait
709 1607 879 1667 enim,
902 1605 1028 1673 quia
1058 1605 1312 1657 veniente
1335 1604 1447 1657 sole
1469 1605 1534 1657 ad
1563 1619 1835 1667 occasum,
1863 1602 2052 1672 (signi-

2159 425 2421 486 lncarnati
2480 433 2738 500 pietatem
2797 430 3084 501 significat,
3160 446 3268 484 non
3328 434 3427 494 ait,
3509 434 3752 486 eﬂnndit

2155 521 2354 584 oleum,
2393 521 2510 586 sed,
2545 520 2720 573 Panes
2745 521 2799 572 in
2837 503 2948 573 οἰὲο
3013 536 3311 589 conspersos
3354 523 3603 589 exponit.
3655 524 3751 576 llis

2155 610 2298 662 enim
2330 609 2512 663 verbis
2541 609 2863 679 signiﬁcavit
2911 609 3125 663 Domini
3184 610 3563 665 nativitatem.
3609 615 3751 667 Sub-

2154 699 2510 767 sequentibus
2530 708 2712 752 autem
2747 707 2802 753 et
2831 699 3139 768 passionem
3159 700 3455 770 signiﬁcat.

2224 791 2387 846 Vsus.
2428 793 2480 855 5,
2513 791 2566 846 6.
2612 810 2631 842 ι
2671 791 2727 845 Si
2767 792 2969 846 oblatio
3011 801 3102 845 tua
3144 792 3310 846 fuerit
3352 794 3425 847 de
3465 795 3753 865 sartagine

2155 882 2346 938 simila
2385 898 2693 952 conspersa:
2737 883 2876 948 oleo,
2913 891 2970 937 et
3011 883 3216 952 absque
3267 883 3577 950 fermento,
3611 888 3752 940 divi-

2153 972 2249 1026 des
2277 988 2394 1027 eam
2426 973 2756 1035 minutatim,
2789 973 3151 1043 edundesque
3183 991 3350 1044 supra
3383 977 3600 1032 oleum.
3638 998 3655 1029 ι

2227 1064 2563 1117 Sacriﬁcium
2579 1063 2646 1117 de
2677 1064 2950 1132 sartagine
2967 1064 3433 1133 dispensationem
3471 1069 3752 1135 passionis

2154 1151 2389 1221 appellat
2417 1153 2718 1222 Unigeniti:
2749 1168 2965 1207 crucem
2999 1154 3282 1208 assimilari
3315 1158 3591 1226 sartagini
3623 1175 3751 1226 pro-

2101 1283 2103 1285 .
2155 1254 2337 1314 pterea
2358 1244 2764 1314 judicans,quia
2791 1256 3006 1314 sartago
3027 1244 3084 1298 in
3121 1254 3332 1298 tantum
3366 1255 3453 1301 est
3477 1247 3664 1314 fortis,
3691 1261 3750 1303 ut

2155 1334 2493 1410 superposita
2527 1334 2789 1404 igni,ipsa
2827 1334 3046 1402 quidem
3075 1349 3183 1387 non
3228 1347 3625 1402 consumatur,
3649 1355 3750 1392 nec

2154 1426 2386 1494 aliquam
2406 1425 2810 1495 corruptionem
2837 1425 3105 1478 sustineat
3128 1434 3219 1478 aut
3238 1425 3698 1482 imminutionem
3733 1470 3747 1492 ,

2154 1517 2524 1586 superpositos
2538 1525 2716 1571 autem
2734 1516 2885 1570 cibos
2903 1531 3025 1568 mox
3043 1525 3100 1569 ut
3120 1515 3298 1586 ignem
3317 1519 3638 1587 tetigerint,
3665 1524 3753 1573 vel

2155 1607 2202 1662 si
2227 1607 2474 1662 duriores
2498 1605 2718 1670 fuerint,
2742 1620 2850 1658 non
2871 1605 3032 1675 longo
3069 1605 3358 1659 intervallo
3411 1618 3584 1676 aptos
3631 1611 3752 1663 esui

492 1697 615 1750 ﬁcat
641 1696 728 1749 hic
747 1695 906 1748 ﬁnem
942 1693 1155 1763 mundi)
1182 1692 1395 1746 ﬂamma
1417 1694 1553 1746 facta
1586 1701 1687 1755 est,
1720 1699 1775 1746 et
1809 1707 1934 1746 ecce
1959 1708 2056 1762 ap-
2086 1675 2129 1732 Β
2159 1698 2353 1752 reddit.
2403 1697 2496 1752 Sic
2541 1705 2597 1751 et
2627 1695 2829 1751 Christi
2864 1706 3016 1760 crux,
3057 1694 3211 1748 {onis
3243 1697 3472 1764 quidem
3532 1708 3750 1753 tantum

492 1785 935 1856 paruitclibanus
960 1783 1158 1837 ardens
1177 1784 1246 1838 ⁸⁷.
1295 1783 1362 1836 Et
1403 1783 1533 1852 quid
1575 1790 1660 1836 est
1694 1781 1828 1836 hoc?
1850 1781 2058 1835 addidit

489 1887 546 1930 et
568 1877 856 1946 fumigans,
877 1884 932 1929 et
954 1875 1203 1929 transivit
1231 1890 1329 1943 per
1351 1874 1585 1928 medium
1605 1874 1960 1929 divisionum.
1993 1874 2054 1928 In

490 1967 579 2020 die
637 1967 722 2021 illa
784 1965 990 2035 pepigit
1031 1965 1291 2019 Dominus
1355 1965 1528 2019 foedus
1579 1979 1702 2017 cum
1761 1963 2052 2017 Abraham.

491 2056 718 2122 Quando
742 2056 885 2110 enim
931 2055 1167 2110 caelestis
1194 2055 1354 2125 ignis,
1423 2053 1655 2123 Spiritus
1691 2053 1965 2118 videlicet,
1999 2053 2056 2106 in

490 2147 703 2201 clibano
725 2145 862 2200 uteri
894 2145 1185 2200 Genitricis
1213 2144 1308 2199 Dei
1336 2146 1504 2210 venit,
1538 2157 1598 2198 ut
1624 2154 1765 2199 totas
1787 2145 2054 2201 accende-

491 2244 576 2289 ret
607 2234 791 2288 mundi
822 2243 1024 2303 partes,
1059 2241 1190 2287 tunc
1238 2241 1624 2288 testamentum
1687 2235 1831 2288 Deus
1883 2235 2056 2289 Abra-

492 2325 637 2388 ham,
657 2324 710 2377 id
735 2332 819 2377 est
850 2323 1099 2393 gentibus
1120 2323 1386 2391 disposuit
1424 2341 1437 2376 :
1473 2324 1742 2377 Abraham
1770 2323 1914 2378 enim
1957 2341 2056 2393 pa-

492 2426 570 2468 ter
598 2416 828 2488 gentium
879 2415 1217 2467 nominatur.
1245 2414 1301 2466 Si
1356 2429 1484 2484 ergo
1512 2430 1712 2469 munus
1743 2415 1941 2470 offeres
1970 2416 2056 2470 in-

490 2505 824 2560 carnationis
842 2503 1136 2574 Unigeniti,
1180 2519 1300 2572 quae
1330 2504 1386 2557 in
1429 2513 1619 2560 ventre
1653 2505 1890 2576 Virginis
1917 2506 2055 2562 facta

491 2604 596 2659 est,
630 2611 737 2648 non
766 2595 922 2647 aliter
943 2600 1228 2660 acceptum
1259 2601 1342 2646 est
1373 2592 1502 2655 Deo,
1545 2594 1646 2648 nisi
1709 2604 1925 2650 coctum
1988 2596 2056 2650 de

487 2685 686 2751 simila,
715 2685 766 2738 id
793 2701 859 2738 ex
898 2683 989 2736 Dei
1013 2683 1238 2736 scientia
1269 2684 1354 2737 vel
1387 2685 1578 2739 notitia
1606 2685 1716 2741 ﬁat.
1739 2686 1891 2742 Unde
1910 2688 2054 2742 enim
2087 2693 2090 2696 ’

491 2775 710 2829 aliunde
741 2775 806 2828 de
829 2775 931 2828 hac
966 2790 1025 2828 re
1054 2774 1406 2839 locutionem,
1469 2775 1569 2828 nisi
1597 2776 1664 2830 ab
1694 2777 1954 2846 apostolis
2003 2786 2058 2832 et

491 2865 772 2935 prophetis
835 2865 1204 2934 sumpsimus?
1253 2867 1427 2920 Verba
1485 2881 1613 2937 ergo
1685 2868 2052 2937 apostolorum

491 2974 660 3028 panes
695 2957 900 3026 accipe,
926 2958 1314 3027 prophetarum
1366 2974 1495 3012 vero
1526 2959 1713 3029 lagana
1743 2976 1756 3013 :
1789 2969 2052 3028 quantum
2081 2994 2124 3052 ο

491 3049 636 3102 enim
668 3062 837 3117 panes
865 3063 895 3102 a
924 3048 1131 3118 lagonis
1191 3049 1256 3102 ad
1290 3049 1635 3103 nutriendum
1694 3059 1821 3104 sunt
1876 3050 2053 3119 aptio-

491 3155 602 3203 res,
641 3147 848 3193 tantum
865 3140 1027 3194 verba
1057 3141 1420 3208 apostolorum
1439 3141 1618 3195 verbis
1643 3142 2052 3210 prophetarum;

491 3229 707 3298 utrique
723 3237 900 3282 autem
926 3229 1130 3300 azymi,
1159 3231 1283 3298 quia
1317 3246 1380 3284 ex
1415 3230 1516 3283 alia
1547 3230 1788 3284 doctrina
1815 3230 2057 3284 fermen-

494 3327 606 3372 tum
642 3334 752 3371 non
787 3320 1008 3383 habent,
1034 3321 1184 3374 verbi
1234 3320 1404 3390 gratia
1463 3320 1739 3388 sapientiae
1761 3321 2055 3383 saecularis,

490 3408 634 3475 quod
675 3408 943 3462 haereticis
959 3410 1215 3462 convenit
1252 3410 1532 3464 accedere.
1570 3409 1636 3462 Hi
1682 3409 1882 3479 quippe
1929 3425 2055 3463 cum

491 3496 757 3550 exteriora
787 3498 1138 3552 interioribus
1170 3501 1509 3569 conjungere
1537 3499 1806 3563 nituntur,
1835 3510 1889 3553 et
1941 3501 2058 3554 haec

492 3587 660 3656 magis
681 3587 787 3641 illis
820 3588 1089 3656 subjicere
1118 3596 1173 3642 et
1233 3586 1583 3652 fermentare,
1637 3605 1758 3658 quae
1831 3591 2061 3644 fermen-

493 3676 592 3728 tari
613 3676 923 3730 nullatenus
939 3686 1185 3746 possunt,
1215 3677 1284 3731 ab
1303 3678 1505 3748 azymis
1536 3679 1879 3734 sermonibus
1909 3679 2058 3735 esci-

489 3766 689 3820 derunt
718 3783 734 3832 ;
762 3767 857 3821 sed
915 3781 1044 3821 ecce
1094 3768 1461 3838 apostolorum
1515 3783 1683 3838 panes
1716 3770 1770 3822 in
1797 3771 1937 3835 oleo,
2006 3780 2060 3824 et

491 3857 883 3926 prophetarum
914 3856 1105 3927 lagona
1137 3859 1192 3912 in
1218 3859 1338 3913 oleo
1364 3859 1500 3913 ﬁunt
1527 3861 1896 3915 :concorditer
1912 3861 2056 3915 enim

489 3957 545 4000 et
577 3949 646 4001 ab
677 3949 803 4014 illis,
831 3958 885 4003 et
910 3949 978 4003 ab
1033 3950 1154 4004 istis
1181 3952 1442 4022 scriptum
1477 3960 1580 4017 est,
1611 3954 1737 4021 quia
1767 3968 1864 4006 nos
1893 3953 2058 4007 mise-

493 4053 618 4092 rans
645 4037 896 4094 Christus
937 4040 1160 4095 advenit
1193 4059 1208 4107 ;
1270 4043 1365 4096 sed
1399 4043 1625 4112 apostoli
1692 4043 1906 4113 planius
1937 4061 1952 4109 ;
1984 4043 2061 4097 ait

487 4128 636 4182 enim
665 4128 864 4183 Paulus
896 4129 1384 4194 :Quemadmodum
1415 4134 1553 4186 enim
1608 4150 1696 4187 vos
1756 4135 1902 4202 prius
1961 4151 2062 4187 non

487 4219 784 4272 credidistis
807 4218 933 4282 Deo,
969 4235 1106 4271 nunc
1134 4227 1311 4272 autem
1346 4222 1756 4273 misericordiam
1802 4223 2060 4275 consecuti

2160 1789 2279 1854 fuit,
2317 1796 2373 1842 ut
2421 1803 2642 1842 omnem
2693 1794 2994 1841 creaturam
3052 1785 3348 1855 subjiceret
3399 1787 3690 1844 Cruciﬁxo
3734 1809 3748 1844 :

2158 1893 2375 1932 carnem
2421 1888 2599 1932 autem
2649 1879 2786 1947 ejus,
2827 1893 2948 1947 quae
2990 1877 3057 1930 ad
3098 1878 3506 1932 comedendum
3563 1880 3750 1950 inepta

2155 1977 2271 2021 erat
2300 1978 2426 2022 ante
2469 1969 2799 2036 passionem,
2841 1968 2984 2039 (quis
3024 1967 3169 2021 enim
3198 1969 3495 2023 comedere
3552 1971 3748 2039 cupie-

2156 2058 2251 2112 bat
2279 2073 2497 2112 carnem
2528 2057 2685 2128 Dei?)
2721 2067 2902 2127 aptam
2936 2058 3057 2111 cibo
3077 2067 3197 2126 post
3213 2057 3535 2127 passionem
3572 2060 3702 2115 fecit
3729 2080 3743 2114 :

2155 2143 2198 2197 si
2233 2143 2377 2196 enim
2425 2159 2536 2196 non
2582 2143 2773 2197 fuisset
2811 2143 3124 2209 cruciﬁxus,
3162 2146 3495 2201 sacriﬁcium
3539 2163 3744 2217 corpo-

2155 2232 2231 2286 ris
2262 2233 2381 2303 ejus
2411 2233 2633 2288 minime
2671 2234 3104 2289 comederemus.
3149 2232 3506 2292 Comedimus
3555 2248 3744 2293 autem

2155 2340 2302 2380 nunc
2344 2325 2549 2391 cibum,
2583 2333 2860 2380 sumentes
2905 2326 3024 2395 ejus
3070 2327 3390 2382 memoriam
3439 2330 3742 2395 passionis.

2157 2413 2306 2468 llanc
2338 2415 2671 2482 sartaginem
2707 2413 2846 2483 apud
2887 2414 3225 2469 Ezechielem
3257 2415 3529 2471 Deminus
3565 2419 3746 2488 signi-

2156 2503 2324 2558 ﬁcans
2353 2505 2425 2557 ait
2461 2521 2473 2556 :
2505 2503 2570 2557 Et
2605 2513 2683 2565 tu,
2720 2519 2866 2557 sume
2909 2505 3000 2556 tibi
3022 2505 3343 2574 sartaginem
3385 2508 3650 2576 ferream,
3692 2503 3743 2561 et

2155 2609 2313 2663 pones
2340 2609 2457 2647 eam
2490 2610 2698 2647 murum
2729 2596 2957 2664 ferreum
3000 2595 3137 2648 inter
3177 2607 3228 2648 te
3269 2605 3316 2648 et
3352 2598 3632 2651 civitatem
3667 2601 3744 2652 ".-

2158 2683 2410 2738 Ferream
2454 2684 2673 2753 quidem
2717 2699 2834 2737 eam
2873 2693 3095 2753 propter
3131 2686 3445 2755 prazdictam
3487 2690 3745 2758 appella-

2156 2775 2234 2830 vit
2273 2774 2664 2829 fortitudinem.
2713 2775 2861 2828 lnter
2894 2783 2946 2828 te
2979 2784 3157 2828 autem
3202 2787 3256 2830 et
3298 2777 3604 2842 civitatem,
3641 2782 3745 2844 ait,

2157 2862 2211 2917 id
2256 2873 2340 2917 est
2380 2861 2679 2917 Jerusalem
2715 2864 2880 2933 :quia
2915 2866 3150 2919 maxime
3189 2867 3290 2934 ipsi
3334 2868 3386 2920 in
3429 2884 3600 2924 cruce
3633 2871 3748 2924 Do-

2158 2953 2314 3018 mini,
2345 2953 2684 3008 oli‘endentes
2716 2961 2771 3007 et
2803 2954 2966 3007 illatis
2985 2955 3328 3023 passionibus
3356 2957 3426 3010 ab
3457 2957 3584 3024 ejus
3611 2969 3751 3012 sunt

2158 3044 2384 3098 scicntia
2438 3044 2693 3113 separati.
2749 3042 3062 3109 Mysterium
3120 3059 3248 3114 ergo
3303 3046 3631 3113 passionum
3685 3050 3746 3102 in

2156 3135 2276 3188 oleo
2326 3136 2722 3204 conspergitur,
2769 3134 2895 3202 quia
2942 3134 3209 3189 miserans
3254 3150 3377 3197 nos,
3423 3150 3525 3204 pro
3577 3138 3750 3191 nobis

2155 3224 2418 3279 sustinuit
2459 3234 2710 3278 mortem.
2747 3223 2906 3289 Quod
2937 3232 2992 3277 et
3023 3224 3143 3278 sine
3187 3223 3458 3280 fermento
3495 3242 3651 3293 esse,
3690 3229 3747 3281 id

2156 3325 2240 3370 est
2277 3315 2539 3369 mundum
2590 3315 2658 3373 ab
2707 3315 2964 3369 exteriori
3009 3315 3125 3368 vult
3165 3330 3286 3370 esse
3325 3317 3605 3372 doctrina.
3651 3321 3748 3373 Ait

2156 3416 2334 3460 autem
2374 3423 2386 3458 ζ

2229 3497 2434 3551 Divides
2473 3514 2533 3550 ea
2579 3497 2901 3551 minutatim.
2934 3494 3006 3550 Ut
3033 3495 3085 3550 in
3117 3497 3398 3566 passiones
3438 3500 3585 3569 ejus,
3616 3517 3744 3570 quae

2156 3603 2253 3657 per
2307 3597 2487 3656 partes
2536 3597 2962 3656 processerunt,
3016 3602 3323 3642 sermonem
3384 3589 3741 3657 dividamus,

2156 3677 2323 3731 veluti
2376 3677 2579 3746 alapis,
2629 3677 2894 3747 colaphis,
2928 3677 3139 3747 sputis,
3189 3679 3618 3750 conﬁxioneque
3664 3684 3741 3736 la-

2159 3768 2310 3822 teris.

2227 3858 2475 3928 Eﬂ'undes
2523 3874 2686 3926 supra
2735 3856 2926 3910 oleum.
2977 3855 3084 3912 Sed
3135 3858 3605 3926 quemadmodum
3654 3862 3741 3916 ille

2155 3949 2586 4005 misericordiam
2634 3949 2687 4000 in
2729 3948 2890 4002 nobis
2936 3948 3164 4013 habens,
3199 3964 3298 4018 pro
3333 3950 3493 4004 nobis
3530 3962 3740 4006 semet-

2158 4040 2334 4110 ipsum
2373 4037 2593 4092 tradidit
2637 4031 2899 4108 passioni,
2945 4038 3024 4092 sic
3066 4047 3282 4107 oportet
3322 4047 3379 4092 et
3413 4055 3519 4094 nos
3549 4045 3741 4111 proxi-

2160 4131 2264 4185 mis
2307 4129 2578 4193 misereri,
2615 4128 2923 4198 passionem
2961 4128 3297 4182 Dominicam
3335 4130 3403 4182 ad
3435 4132 3606 4199 hujus
3646 4148 3737 4185 ac-

2161 4221 2428 4290 cipientes
2445 4220 2662 4290 pietatis
2673 4218 2979 4288 exemplum
2991 4261 3004 4283 ,
3021 4218 3165 4271 unde
3186 4219 3292 4271 ait:
3314 4217 3561 4288 Eﬁ'undes
3573 4239 3736 4289 supra

488 4309 611 4360 estis
643 4323 736 4375 per
763 4308 983 4359 istorum
1012 4307 1435 4372 inobedientiam,
1458 4311 1533 4361 sic
1559 4320 1607 4363 et
1635 4310 1722 4362 isti
1760 4325 1860 4362 non
1887 4313 2055 4365 credi-
2089 4309 2132 4364 ο
2161 4314 2353 4379 oleum,
2381 4323 2441 4367 ut
2457 4321 2514 4367 et
2530 4311 2843 4366 nosviscera
2863 4310 3246 4364 misericordia:
3277 4310 3738 4367 Dominiatmule-

489 4398 674 4449 derunt
700 4397 755 4447 in
781 4406 950 4448 uestra
971 4395 1350 4462 misericordia,
1379 4407 1494 4451 utet
1513 4400 1611 4468 ipsi
1641 4400 2056 4456 misericordiam

490 4495 890 4556 consequuntur.
945 4486 1212 4541 Conclusit
1268 4490 1405 4542 enim
1465 4489 1605 4544 Deus
1638 4493 1814 4545 omnia
1839 4495 1932 4546 sub
1949 4511 2060 4563 pec-

447 4606 452 4616 -
490 4583 626 4640 cuto,
651 4582 708 4628 ut
737 4577 973 4630 omnibus
997 4577 1312 4632 misereatur
1354 4580 1420 4633 ⁸⁵.
1474 4579 1900 4636 Misericordiam
1933 4585 2058 4638 ubi-

489 4680 595 4734 que
615 4665 848 4735 appellat
898 4667 1164 4722 adventus
1212 4669 1412 4724 Christi
1445 4673 1780 4737 mysterium,
1837 4682 2060 4743 propter

441 4751 633 4840 jquod
664 4769 831 4823 panes
885 4756 1104 4826 quidem
1160 4756 1215 4811 in
1281 4759 1402 4814 oleo
1440 4761 1721 4830 conspersi
1780 4762 2056 4816 dicuntur.

485 4846 770 4916 Propheta:
795 4856 975 4904 autem
999 4865 1104 4905 non
1129 4850 1226 4915 sic,
1252 4851 1345 4906 sed
1376 4852 1524 4907 velut
1545 4852 1598 4906 in
1628 4853 1912 4924 aenigmate
1937 4871 1950 4918 ;
1975 4855 2059 4908 di-

485 4937 560 4990 cit
588 4939 734 4992 enim
762 4939 932 4994 David
966 4955 982 4994 :
1011 4940 1370 4995 Misericordia
1401 4952 1448 4995 et
1501 4945 1694 4998 veritas
1724 4944 2058 4997 obviaverunt

483 5028 661 5083 sibi”.
687 5028 748 5083 Et
777 5045 966 5083 rursus
997 5046 1010 5080 :
1037 5029 1259 5084 Ostende
1292 5032 1457 5093 nobis,
1487 5031 1732 5096 Domine,
1757 5034 2056 5086 misericor-

485 5117 631 5172 diam
657 5127 802 5172 tuam
833 5129 880 5172 et
902 5118 1141 5172 salutare
1171 5128 1319 5172 tuum
1351 5122 1418 5173 da
1472 5122 1616 5175 nobis
1643 5123 1710 5175 ’°.
1763 5123 2051 5192 Propterea

481 5219 593 5260 non
615 5220 932 5276 conspersa,
961 5208 1055 5262 sed
1073 5207 1164 5262 lita
1185 5209 1307 5264 oleo
1335 5211 1524 5279 lagona
1556 5212 1924 5280 appellantur.-
1947 5213 2051 5267 Sed

484 5295 704 5349 etillam
731 5297 939 5352 custodi
980 5299 1270 5353 verborum
1343 5301 1717 5364 subtilitatem,
1758 5304 2050 5372 quomodo,

485 5386 704 5449 quando
736 5383 851 5440 visit
880 5397 939 5442 ut
966 5403 1066 5442 nos
1092 5389 1465 5455 misereantur,
1529 5389 1658 5446 dicit
1713 5395 1780 5447 de
1840 5409 1907 5448 eo
1961 5392 2051 5460 qui

550 5515 600 5547 "
639 5515 794 5574 Joan.
838 5539 873 5582 ι.
909 5522 996 5576 29.
1093 5524 1139 5556 ⁸⁸
1185 5523 1313 5578 Luc.
1355 5543 1393 5582 ι.
1441 5527 1529 5581 53.

496 5585 536 5617 ⁶¹
566 5584 762 5640 Ezecb.
799 5603 868 5655 tv,
891 5593 943 5644 5.
1018 5593 1062 5625 θ’
1091 5593 1219 5648 Luc.
1247 5611 1319 5662 vt,
1349 5596 1436 5650 36.

1603 5527 1644 5559 ⁸⁷
1669 5527 1806 5583 Gen.
1838 5545 1930 5594 xv,
1973 5529 2056 5582 17.

2196 5528 2355 5582 Rom.
2388 5545 2466 5592 XI,
2498 5529 2685 5584 50—52.
2763 5530 2808 5562 ⁸⁸
2835 5529 2979 5584 Psal.
3040 5544 3259 5596 Lxxnv,
3317 5530 3372 5587 8.

2155 4421 2315 4468 mur;
2349 4403 2424 4458 ait
2450 4401 2651 4472 quippe
2689 4419 2703 4456 :
2733 4402 2913 4455 Estote
2961 4399 3323 4452 misericordes
3349 4401 3553 4453 sic-utet
3574 4402 3740 4454 Pater

2155 4505 2320 4550 vester
2349 4493 2644 4547 misericors
2674 4500 2747 4544 est
2773 4491 2839 4543 θ’.
2873 4487 3008 4554 Quia
3041 4489 3185 4541 enim
3225 4489 3328 4542 hoc
3357 4490 3424 4542 de
3453 4489 3736 4544 Dominica

2156 4583 2501 4656 proposuerit
2560 4581 2817 4652 passione
2869 4579 3207 4648 capitulum,
3269 4578 3578 4649 designatio
3643 4582 3736 4633 de-

2157 4683 2426 4729 monstrat
2477 4673 2590 4742 ipsa
2645 4686 2979 4724 sermonum.
3037 4669 3190 4734 Quod
3234 4670 3380 4722 enim
3433 4669 3736 4723 secundum

2159 4765 2300 4820 LXX
2327 4763 2552 4825 addidit,
2585 4761 2917 4830 Sacriﬁcium
2963 4771 3037 4814 est
3079 4761 3320 4823 Domino,
3355 4761 3458 4813 hoe
3507 4761 3594 4813 hic
3647 4763 3740 4815 ad-

2156 4853 2292 4907 dens
2328 4853 2682 4921 praecipuum,
2728 4851 2871 4919 quod
2905 4864 3168 4920 nusquam
3204 4851 3259 4904 in
3322 4851 3737 4905 liolocautoma-

2157 4943 2226 4996 tis
2269 4942 2570 5012 inscripsit,
2607 4949 2698 4995 aut
2733 4941 2789 4994 in
2828 4941 2949 4994 aliis
2977 4933 3102 5020 qua:
3137 4942 3398 5011 praecepit
3431 4945 3691 5011 superius
3722 4962 3734 4994 :

2157 5032 2247 5086 hic
2287 5039 2470 5085 autem
2518 5031 2727 5085 addidit
2759 5049 2772 5084 :
2809 5031 2937 5099 quia
2975 5031 3249 5102 Unigeniti
3296 5032 3478 5101 passio
3527 5036 3737 5088 sacriﬁ-

2159 5119 2301 5173 cium
2355 5121 2468 5173 Deo
2515 5119 2658 5174 Patri
2710 5120 2887 5174 oblata
2940 5130 3056 5185 est,
3110 5123 3464 5190 semetipsum
3497 5121 3734 5184 Christo,

2160 5211 2616 5278 quemadmodum
2669 5212 2745 5265 ait
2799 5211 3031 5275 Paulus,
3078 5211 3342 5266 oﬂ'erentc
3371 5229 3384 5264 :
3418 5213 3495 5267 ait
3542 5214 3732 5266 enim:

2160 5299 2219 5354 Si
2245 5300 2384 5354 enim
2412 5301 2629 5370 sanguis
2674 5310 2950 5354 taurorum
3003 5311 3050 5354 et
3081 5302 3364 5365 hircorum,
3395 5311 3448 5354 et
3489 5301 3620 5356 cinis
3661 5317 3733 5356 rt-

2163 5392 2286 5446 tulce
2310 5409 2552 5461 aspersus
2581 5392 2943 5461 coinquinatos
2975 5392 3267 5459 sanctiﬁcat
3298 5393 3370 5444 ad
3397 5396 3730 5446 emendatio-

3453 5531 3500 5564 "
3526 5530 3656 5586 ibid.
3679 5531 3729 5585 8.
