3886 6306
467 217 558 281 ειι
1661 207 1956 270 HESYCII
1969 209 2018 264 ll
2067 207 2534 270 PRESBYTERI

3677 204 3784 270 81!

465 342 576 384 non
624 325 739 380 vult
789 323 1056 396 integram
1102 321 1215 378 Deo
1278 321 1580 376 doctrinam
1642 320 1830 374 oﬂ‘erri
1866 339 1879 374 :
1918 319 2047 374 inde
2083 330 2120 381 Α
2152 322 2419 377 rationale
2463 334 2566 379 est.
2623 323 2764 396 Ergo
2836 325 3146 379 testamenti
3181 323 3484 395 evangelici
3538 335 3605 377 et
3653 327 3779 378 salis

465 416 598 473 dicit
635 456 650 469 .

537 507 657 562 Non
697 505 993 560 adolebitur
1021 505 1076 557 in
1119 503 1440 573 sacriﬁcium
1495 505 1634 567 quod
1682 513 1757 556 est
1807 502 1862 555 in
1911 503 2054 553 holo-

465 602 728 660 caustum,
760 596 1026 666 primitias
1056 602 1263 648 tantum
1297 611 1481 648 eorum
1512 595 1755 666 offeretis.
1793 593 2058 662 Praecepit

466 692 615 746 enim
638 706 702 745 ex
738 699 892 759 parte
921 687 1063 742 illius
1092 687 1374 757 sapientia?
1406 687 1676 757 primitias
1703 686 1909 749 oﬂ‘erri,
1949 701 2055 738 non

472 792 655 840 autem
701 782 861 852 plene
892 797 954 834 ea
987 779 1087 841 uti,
1119 780 1213 834 sed
1256 779 1715 849 quemadmodum
1759 794 1881 834 eum
1917 779 2051 831 Pau-

473 877 552 931 lus
573 875 717 944 apud
739 872 1104 927 Athenienses
1132 872 1572 936 concionarctur,
1601 873 1788 926 dicens
1812 873 1832 902 ⁵
1872 890 1883 924 :
1913 868 2058 923 Sicut

467 968 685 1036 quidam
716 974 882 1019 rester
936 973 1086 1034 poeta
1116 964 1243 1016 dixit
1288 978 1306 1016 :

468 1058 558 1126 qui
591 1057 882 1111 inveniens
925 1055 1149 1108 verbum
1205 1055 1448 1107 exterius
1490 1053 1554 1107 ad
1591 1053 1932 1107 occasionem
1966 1045 2059 1104 Dei

469 1148 712 1205 scientia:
757 1156 965 1217 aptum,
1017 1159 1123 1198 non
1177 1145 1396 1212 quidem
1452 1144 1680 1213 respuit,
1730 1159 1829 1196 nec
1879 1153 2061 1194 tamen

471 1242 698 1305 addidit,
735 1255 917 1310 neque
966 1239 1112 1292 enim
1170 1237 1294 1291 inde
1342 1238 1478 1290 ultra
1526 1235 1833 1290 testimonia
1882 1232 2064 1286 multi-

474 1329 717 1400 plicavit.
768 1327 992 1394 Quare?
1040 1328 1166 1394 quia
1223 1324 1432 1377 Placuit
1489 1325 1594 1378 Deo
1645 1339 1737 1392 per
1782 1322 2061 1376 stultitiam

474 1419 893 1490 pra'dicationis,
943 1419 1086 1472 sicut
1131 1416 1244 1485 ipse
1295 1416 1489 1469 Paulus
1537 1415 1633 1480 ait,
1681 1414 1850 1467 salvos
1893 1415 2065 1483 facere

476 1513 762 1575 credentes,
798 1521 853 1564 ut
883 1511 1011 1579 ﬁdes
1039 1519 1210 1563 vestra
1244 1526 1344 1562 non
1393 1509 1458 1562 sit
1500 1509 1554 1561 in
1596 1507 1858 1577 sapientia
1896 1507 2065 1559 Itami-

475 1621 636 1668 num,
691 1604 782 1657 sed
834 1605 889 1656 in
942 1603 1131 1656 virtute
1179 1601 1276 1655 Dei
1315 1602 1355 1654 ⁸.
1401 1601 1627 1670 Propter
1676 1599 1818 1670 quod
1863 1599 1940 1652 ait
1984 1599 2062 1652 lc-

477 1695 704 1766 gislator
736 1715 748 1750 :

547 1786 719 1856 Super
752 1785 928 1839 altare
955 1801 1074 1839 vero
1104 1801 1205 1838 non
1237 1785 1571 1853 imponentur
1600 1783 1651 1836 in
1685 1787 1896 1836 odorem
1930 1797 2057 1834 sua-

476 1880 675 1934 uitatis.
720 1877 786 1931 Et
826 1893 947 1931 cum
987 1876 1178 1930 liceret
1216 1874 1319 1928 dici
1357 1889 1466 1927 non
1500 1881 1799 1942 ponuntur,
1825 1885 1935 1924 non
1963 1884 2060 1939 po-

477 1979 679 2026 nentur
716 1970 872 2030 dixit,
923 1965 1218 2021 ostendens
1266 1965 1412 2035 quia,
1466 1965 1568 2018 etsi
1623 1979 1722 2018 nos
1765 1961 2062 2018 tentaveri-

476 2081 601 2120 mus
639 2064 707 2119 de
751 2059 1122 2117 esterioribus
1169 2056 1468 2111 divinitatis
1511 2055 1736 2125 adipisci
1784 2053 2058 2116 notitiam,

475 2159 542 2212 ad
585 2157 753 2211 altare
797 2153 891 2207 Dei
943 2151 1049 2206 tale
1100 2151 1204 2204 hoc
1251 2148 1575 2202 sacrificium
1633 2161 1744 2199 non
1795 2143 2057 2208 ascendit,

476 2264 580 2305 nec
628 2249 767 2304 odor
817 2247 876 2301 fit
932 2242 1220 2300 suavitatis
1272 2241 1521 2305 Domino,
1573 2239 1664 2294 sed
1711 2237 2062 2293 inferioribus

475 2342 769 2413 deputatur
797 2338 903 2394 tale
933 2335 1280 2395 sacrificium,
1313 2344 1388 2399 et,
1423 2341 1610 2402 utpote
1641 2330 1783 2401 quod
1807 2329 1874 2384 de
1918 2336 2062 2381 terra

475 2433 642 2488 habet
674 2427 1107 2491 subsistentiam,
1135 2427 1203 2480 ad
1235 2435 1431 2480 terram
1463 2423 1808 2492 deprimitur.

547 2523 715 2577 Vsus.
761 2521 850 2574 15.
907 2537 924 2568 ι
964 2517 1243 2587 Quidquid
1295 2515 1558 2570 obtuleris
1613 2513 1899 2578 sacrificii,
1953 2511 2062 2565 sale

479 2615 724 2677 condics,
757 2627 861 2667 nec
905 2610 1122 2664 auferes
1155 2610 1232 2661 sal
1268 2607 1488 2661 forderis
1521 2606 1610 2659 Dei
1655 2606 1731 2658 tui
1783 2605 1848 2658 de
1892 2603 2062 2657 sacri-

481 2707 607 2762 fleio
652 2713 768 2760 tuo.
805 2704 862 2758 In
893 2702 1040 2756 omni
1073 2700 1348 2755 oblatione
1377 2699 1576 2752 offeres
1607 2698 1702 2752 sal.
1739 2715 1759 2749 δ

549 2796 744 2854 Cernis
796 2794 921 2864 quia
973 2793 1042 2848 de
1094 2792 1202 2846 Deo
1256 2791 1542 2859 laquentcs
1589 2805 1696 2841 non
1745 2787 1860 2841 vult
1901 2787 2064 2840 nimis

479 2891 732 2947 exteriori
760 2889 837 2943 uti
867 2885 1156 2955 sapientia,
1195 2884 1287 2938 sed
1341 2882 1657 2953 apostolica,
1687 2881 1752 2934 de
1783 2895 1888 2950 qua
1921 2878 2062 2931 Pau-

478 2985 566 3040 lus
603 2983 770 3036 dicit:
799 2978 1129 3048 Sapientiam
1182 2976 1447 3047 loquimur
1485 2975 1622 3028 intcr
1666 2974 1938 3044 perfectos,
1971 2987 2062 3024 sa-

479 3075 734 3148 pientiam
771 3082 947 3124 autem
984 3086 1084 3122 non
1118 3068 1302 3122 mundi
1346 3067 1526 3136 hujus,
1558 3081 1721 3130 neque
1768 3064 2065 3132 principum

482 3166 666 3224 mundi
695 3164 873 3234 hujus,
906 3162 996 3233 qui
1029 3161 1392 3221 destruantur,
1440 3158 1527 3211 scd
1560 3157 1823 3224 loquimur
1856 3154 1948 3206 Dei
1979 3170 2068 3206 sa-

483 3259 763 3327 pientiam,
797 3258 850 3309 in
881 3254 1128 3324 mysterio
1167 3251 1548 3312 absconditam,
1595 3263 1754 3318 qttam
1793 3245 2067 3314 pra’dcsti-

485 3349 629 3404 navit
679 3345 820 3402 Deus
871 3352 994 3399 ante
1038 3341 1232 3396 sazcula
1274 3340 1344 3394 ad
1383 3339 1609 3411 gloriam
1659 3347 1890 3390 nostram
1920 3336 1958 3386 ".
2001 3335 2067 3388 Et

487 3443 631 3499 unde
660 3449 743 3495 est
784 3447 1018 3501 certum,
1051 3433 1210 3494 dicis,
1242 3433 1367 3502 quia
1397 3430 1474 3484 sal
1504 3446 1599 3500 pro
1639 3429 1933 3500 apostolica
1976 3442 2064 3481 sa-

484 3535 689 3606 pientia
735 3529 902 3588 dixit?
951 3529 1119 3585 Plane
1162 3526 1264 3581 hoc
1306 3525 1465 3579 nobis
1501 3523 1764 3577 Dominus
1802 3520 2064 3584 ostendit,

485 3621 692 3681 dicens
720 3619 978 3696 apostolis
1011 3637 1024 3672 :
1061 3617 1156 3671 Vos
1202 3616 1323 3670 estis
1357 3614 1439 3668 sal
1479 3623 1664 3678 term;
1693 3613 1738 3666 si
1778 3621 1951 3665 autem
1983 3609 2067 3664 sal

485 3715 777 3779 eranueril,
803 3713 874 3767 ad
910 3709 1132 3766 nihilum
1173 3708 1364 3765 valebit
1396 3706 1557 3768 ultra,
1595 3706 1695 3760 nisi
1725 3714 1780 3758 ut
1822 3705 2066 3758 mittatur

487 3812 650 3882 foras,
673 3817 720 3861 et
747 3803 1078 3860 conculcetur
1098 3802 1160 3856 ab
1183 3800 1476 3856 hominibus
1497 3798 1538 3850 ⁸.
1568 3796 1861 3867 Propterea
1883 3804 2063 3849 autem

487 3901 568 3956 sal
615 3897 967 3970 apostolicam
1018 3894 1346 3965 sapientiam
1393 3890 1707 3962 appellavit,
1755 3889 1882 3960 quia
1927 3887 2066 3942 sicut

487 3989 666 4044 omnis
705 3986 858 4040 cibus
900 3984 966 4039 ad
999 3983 1353 4039 nutriendum
1389 3989 1549 4052 aptus
1603 3978 1915 4033 omnimodo
1954 3977 2066 4032 sale

486 4080 743 4137 conditur
773 4120 788 4145 ,
824 4077 897 4134 ita
930 4087 984 4132 et
1016 4075 1195 4130 omnis
1240 4089 1419 4128 sermo
1451 4072 1598 4127 utilis
1635 4071 1701 4125 ad
1741 4069 2063 4140 juvandum,

487 4171 798 4242 apostolicae.
831 4167 1147 4224 omnimodo
1174 4163 1544 4219 necessarium
1585 4162 1750 4216 habet
1789 4160 2067 4231 sapientia:

487 4263 922 4318 condimentum.
961 4258 1257 4327 Propterea
1296 4269 1407 4309 non
1453 4255 1644 4309 abesse
1697 4254 1776 4308 sal
1822 4269 1852 4306 a
1899 4253 2067 4308 sacri-

1357 963 1527 1032 llujus
1571 974 1617 1016 et
1664 979 1822 1033 genus
1857 977 2058 1023 sumus,
2085 997 2097 1006 ς

2161 417 2441 484 apostolici
2475 434 2814 488 praemonere
2844 434 2944 472 nos
2973 419 3246 490 legislator
3277 419 3419 474 vult.

2234 507 2394 563 Vens.
2433 509 2522 563 16.
2558 529 2577 560 ‹
2614 509 2712 564 Sin
2761 519 2944 562 autem
2994 509 3261 565 obtuleris
3307 525 3523 563 munus
3580 509 3776 579 primi-

2163 599 2360 652 tiarnm
2414 602 2628 671 frugum
2667 610 2882 655 tuarum
2939 600 3190 664 Domino,
3244 601 3314 656 de
3363 601 3544 670 spicis
3597 602 3779 654 adhuc

2164 692 2464 747 virentibus
2507 693 2742 747 terrebis
2779 708 2871 747 eas
2915 693 3022 762 igni
3056 711 3069 746 :
3101 704 3156 747 et
3197 692 3525 762 confringes
3567 707 3677 744 eas
3730 697 3780 743 in

2162 799 2370 838 morem
2422 784 2602 846 farris,
2631 797 2685 838 et
2711 785 2791 840 sic
2819 783 3020 838 oﬂ‘eres
3045 784 3316 854 primitias
3343 793 3469 838 luas
3500 783 3780 842 Domino,

2164 875 2398 931 fundens
2434 891 2599 945 super
2642 890 2704 930 ea
2749 876 2952 936 oleum,
2983 884 3039 929 et
3079 876 3208 930 thus
3255 875 3596 943 imponens,
3651 874 3780 942 quis

2162 968 2365 1022 oblatio
2395 967 2609 1021 Domini
2638 977 2741 1032 εει,
2768 968 2834 1021 de
2858 982 2962 1036 qua
2995 965 3234 1020 adolebit
3261 965 3534 1032 sacerdos
3567 965 3633 1017 in
3660 982 3777 1018 me-

2165 1060 2394 1112 moriam
2445 1058 2712 1121 muneris,
2750 1068 2958 1128 partem
3000 1058 3162 1113 farris
3211 1057 3369 1112 fracti
3404 1067 3472 1114 et
3515 1059 3665 1123 olei,
3718 1075 3780 1110 ac

2165 1157 2336 1202 totum
2369 1149 2516 1202 thus.
2551 1168 2568 1199 ι

2238 1239 2356 1293 Non
2385 1240 2558 1294 solum
2603 1239 2852 1310 pnecipit
2896 1238 2987 1294 Dei
3037 1240 3288 1294 notitiam
3328 1240 3449 1295 sive
3472 1241 3776 1294 scientiam

2165 1347 2260 1385 eos
2285 1331 2484 1386 oﬂerre
2523 1331 2616 1400 qui
2669 1330 2722 1383 in
2763 1330 2954 1384 eadem
2991 1330 3219 1384 scientia
3255 1330 3499 1384 multum
3547 1341 3778 1399 tempus

2165 1432 2602 1494 permanserunt,
2653 1422 2750 1477 sed
2793 1431 2848 1476 et
2893 1422 3219 1476 inchoantes
3260 1422 3408 1476 illam
3441 1422 3641 1491 qualis
3675 1421 3779 1475 fuit

2166 1510 2366 1565 Paulus
2412 1528 2424 1564 :
2472 1526 2597 1565 mox
2653 1511 2799 1564 enim
2849 1517 2910 1564 ut
2962 1519 3190 1564 vocatus
3244 1518 3364 1574 est,
3414 1509 3774 1578 pradicavit.

2165 1601 2396 1674 Propter
2414 1603 2560 1674 quod
2600 1602 2698 1666 sic,
2724 1619 2844 1672 quae
2873 1617 3023 1658 nunc
3053 1603 3330 1664 dicuntur,
3360 1602 3775 1674 intelligamus.

2093 1669 2136 1726 Β
2167 1669 2482 1745 Primitivus
2530 1689 2640 1744 Deo
2683 1669 2769 1744 est
2823 1689 2866 1743 is
2907 1688 3002 1758 qui
3047 1688 3264 1743 noviter
3295 1689 3471 1758 ccepit
3514 1669 3774 1744 credere.

2162 1791 2215 1838 et
2251 1783 2342 1852 qui
2388 1783 2438 1837 ei
2492 1781 2704 1836 nullum
2755 1780 2968 1851 pridem
3019 1781 3218 1849 divina:
3261 1781 3518 1835 scientia:
3567 1781 3775 1836 obtulit

2163 1873 2424 1928 fructum.
2468 1871 2523 1926 Si
2569 1887 2702 1945 ergo
2750 1872 2800 1928 ei
2854 1871 3182 1926 sacrificium
3223 1871 3375 1926 verbi
3422 1871 3527 1926 Dei
3578 1872 3774 1925 oﬂ‘eri—

2163 1981 2306 2030 mus,
2338 1965 2625 2021 scientiam
2679 1966 2799 2035 ejus
2845 1963 3062 2019 noviter
3100 1963 3451 2027 inchoantes,
3491 1972 3550 2018 et
3581 1964 3770 2018 viren-

2163 2059 2234 2112 tia
2282 2058 2526 2128 quidem,
2560 2067 2618 2112 ut
2670 2058 2886 2112 noviter
2935 2056 3063 2126 quid
3111 2055 3391 2111 discentes
3438 2065 3502 2110 et
3547 2057 3769 2109 naviter

2163 2153 2533 2222 percipientcs
2564 2151 2926 2206 obtulerimns
2960 2167 2973 2202 :
3007 2149 3263 2220 quoniam
3297 2149 3547 2204 necdum
3590 2151 3766 2204 subti-

2163 2247 2286 2299 liter
2319 2246 2438 2315 ejus
2490 2245 2738 2314 prol‘crre
2786 2243 3041 2314 mysteria
3081 2242 3370 2312 coepimus.
3415 2253 3482 2296 ut
3528 2243 3761 2295 farinam

2164 2336 2478 2397 ofl’eramns,
2515 2343 2610 2389 aut
2643 2335 2898 2396 similam,
2932 2333 3304 2388 necessarium
3343 2344 3430 2388 est
3486 2344 3551 2388 ut
3580 2334 3763 2388 viren-

2164 2426 2236 2480 tia
2258 2435 2313 2480 et
2334 2425 2535 2480 torrida
2564 2436 2726 2494 atque
2752 2423 3048 2486 confracta,
3075 2423 3182 2487 vel,
3209 2423 3351 2477 sicut
3372 2421 3525 2476 LXX
3548 2423 3759 2482 dicunt.

2165 2528 2225 2572 ut
2254 2517 2494 2572 recentia
2552 2516 2730 2577 fricta,
2763 2527 2974 2568 matura
3007 2514 3174 2568 fracta
3203 2513 3534 2568 oﬂeramus.
3557 2513 3759 2580 Quem-

2164 2611 2454 2665 admodum
2503 2609 2648 2663 enim
2698 2608 2984 2661 bumectos
3030 2607 3258 2669 fructus,
3299 2615 3356 2660 et
3389 2606 3486 2675 qui
3528 2611 3758 2661 necdum

2163 2712 2398 2774 possunt
2447 2702 2599 2764 moli,
2641 2710 2701 2754 ut
2739 2703 2870 2754 fiant
2928 2698 3098 2752 farina
3148 2708 3245 2752 aut
3289 2697 3496 2762 simila,
3541 2698 3760 2767 quando

2164 2794 2501 2848 voluerimus
2536 2800 2696 2861 aptos
2733 2790 2849 2844 esui
2885 2775 3150 2853 reddere,
3197 2789 3323 2858 igne
3369 2804 3468 2842 eos
3507 2789 3754 2843 eonlnn-

2166 2893 2378 2956 gentes,
2419 2883 2603 2953 paleas
2636 2897 2850 2941 eorum,
2901 2881 2954 2934 in
3005 2896 3072 2934 eo
3117 2881 3260 2949 quod
3306 2894 3404 2934 eos
3452 2879 3760 2949 frangimus

2168 2991 2488 3047 separamus
2524 2993 2538 3028 :
2569 2975 2648 3029 sic
2683 2974 2997 3044 quicunque
3031 2973 3263 3028 necdum
3295 2972 3594 3026 scientiam
3629 2972 3756 3024 soli-

2167 3069 2291 3122 dam
2338 3068 2624 3131 habemus,
2662 3081 2765 3119 nec
2815 3064 3068 3119 subtilem
3111 3064 3501 3132 excelsumque
3550 3063 3755 3117 theolo-

2167 3158 2332 3228 giam,
2355 3157 2590 3212 necdum
2621 3156 2769 3210 enim
2801 3156 2946 3209 illam
2975 3155 3291 3210 discernere
3325 3155 3513 3208 idonei
3547 3170 3686 3208 sum
3712 3171 3755 3214 s,

2166 3248 2494 3318 spiritalium
2520 3247 2926 3317 Scripturarum
2968 3246 3262 3315 perfectam
3305 3247 3606 3301 scientiam
3653 3263 3756 3301 non

2167 3341 2454 3402 habentes,
2480 3354 2619 3408 opus
2651 3339 2916 3392 habemus
2945 3352 3064 3391 eam
3105 3338 3161 3391 in
3191 3338 3314 3407 igne
3350 3339 3587 3406 Spiritus
3623 3339 3748 3393 frin-

2168 3446 2318 3502 gcrc,
2344 3430 2397 3485 id
2428 3440 2512 3485 est
2535 3430 2680 3484 illius
2707 3429 3083 3498 Operationem
3105 3437 3162 3482 et
3182 3429 3755 3484 subministrationem

2163 3522 2327 3577 nobis
2371 3521 2743 3583 commodare,
2775 3531 2836 3574 ut
2876 3521 2945 3575 ab
2977 3536 3038 3575 ea
3084 3521 3278 3575 littera:
3311 3521 3502 3591 paleas
3538 3538 3754 3592 separe-

2164 3631 2309 3670 mus.
2346 3615 2426 3668 Ex
2479 3615 2573 3669 illo
2608 3613 2754 3668 enim
2802 3613 3163 3668 sufﬁcientem
3207 3621 3370 3683 atque
3410 3614 3753 3670 celerrimam

2165 3707 2258 3763 Dei
2295 3707 2584 3762 scientiam
2633 3707 3061 3776 possidebimus,
3095 3715 3315 3776 propter
3344 3707 3495 3775 quod
3540 3718 3600 3761 et
3640 3722 3753 3761 eam

2167 3799 2524 3868 intelligibilis
2561 3798 2816 3852 sacerdos
2859 3798 3108 3868 suscipit.
3150 3797 3378 3868 Oportet
3420 3807 3613 3852 autem
3661 3814 3752 3851 nos

2167 3892 2566 3962 superfundere
2623 3893 2823 3956 oleum,
2859 3900 2916 3946 et.
2955 3891 3406 3961 superimponere
3458 3891 3592 3945 thus
3631 3906 3754 3961 :per

2169 3985 2570 4055 eleemosynam
2599 3984 2801 4053 quippe
2833 3993 2887 4038 et
2911 3983 3216 4038 orationem
3243 3983 3474 4038 scientia
3508 3985 3568 4038 in
3601 3985 3753 4039 nobis

2169 4075 2354 4129 divina
2403 4073 2702 4144 perﬁcitur.
2738 4073 2812 4127 De
2843 4075 3040 4143 quibus
3085 4074 3420 4137 hominibus,
3453 4090 3670 4128 necnon
3701 4086 3749 4128 et

2169 4166 2237 4222 de
2258 4165 2561 4220 memoriali
2589 4164 2733 4234 quod
2757 4181 2925 4236 super
2946 4167 3115 4220 altare
3139 4166 3427 4221 sacerdote
3451 4168 3749 4237 accipiente

2172 4258 2411 4327 ponitur,
2437 4257 2491 4310 in
2514 4257 2891 4327 superioribus
2934 4257 3188 4312 subtilius
3226 4258 3610 4326 exposuimus.
3637 4259 3744 4312 Non

489 4352 648 4417 ficiis,
679 4351 774 4405 sed
802 4350 857 4403 in
887 4347 1036 4402 omni
1082 4360 1309 4400 munere
1336 4343 1595 4414 praecepit
1624 4342 1702 4397 sal
1729 4341 1913 4397 ofIcrri
1951 4362 1964 4398 :
2007 4352 2064 4397 ut
2097 4360 2142 4417 ι)
2170 4362 2298 4417 ergo
2345 4361 2572 4400 necesse
2620 4354 2707 4400 est
2753 4361 2901 4400 nunc
2951 4346 3345 4416 expositionem
3388 4346 3743 4402 Cultlundcrr.

488 4440 856 4510 quodcunque
908 4435 1180 4499 docueris,
1231 4432 1594 4503 qurdcunque
1646 4433 1970 4496 correxeris,
2011 4433 2066 4486 in

488 4543 816 4601 quacunque
847 4525 1051 4579 virtute
1081 4531 1438 4578 conversatus
1476 4522 1668 4588 fueris,
1699 4524 1765 4577 ad
1806 4523 2069 4593 apostoli-

489 4638 610 4678 cam
647 4619 1048 4676 aemulationem
1077 4625 1238 4686 atque
1260 4615 1614 4672 imitationem
1639 4614 1883 4684 opereris
1915 4655 1930 4680 ,
1961 4629 2071 4668 me-

488 4729 722 4785 morque
769 4711 845 4768 sis
886 4709 1040 4766 Pauli
1091 4708 1367 4764 dicentis:
1399 4707 1699 4760 lmitatores
1745 4706 1846 4759 mei
1890 4714 2070 4771 estote,

483 4808 620 4863 sicut
661 4813 711 4858 et
754 4819 847 4874 ego
899 4799 1096 4856 Christi
1127 4800 1166 4854 °.
1217 4799 1284 4854 Et
1335 4813 1524 4852 rursus
1562 4814 1576 4851 :
1614 4797 1751 4868 Ergo
1793 4796 1912 4864 jam
1964 4813 2068 4851 non

486 4899 615 4955 estis
655 4896 872 4950 advenis
918 4901 967 4946 et
1007 4893 1250 4962 hospites.
1289 4891 1380 4944 sed
1431 4891 1553 4943 estis
1590 4890 1723 4944 cives
1763 4898 2066 4942 sanctorum

489 4999 539 5050 et
569 4988 842 5048 donustici
885 4985 1002 5050 Dei,
1035 4981 1443 5053 superardiﬁcati
1472 4996 1628 5049 super
1663 4979 2065 5051 fundamentum

489 5080 850 5152 apostolorum
890 5087 938 5132 et
987 5075 1385 5146 prophetarum,
1416 5075 1528 5143 ipso
1563 5088 1768 5126 summo
1816 5071 2065 5142 angulari

491 5173 667 5246 lapide
695 5165 917 5228 Christo
945 5168 1066 5222 .lcsu
1100 5167 1164 5220 ‘°.
1193 5165 1330 5232 Quia
1376 5173 1557 5218 autem
1597 5179 1705 5217 non
1751 5163 2068 5233 simpliciter

490 5268 570 5324 sal
591 5267 748 5331 dixit,
780 5264 875 5320 sed
909 5263 1038 5317 illttd
1071 5257 1434 5330 iutelligibile,
1465 5257 1737 5327 legislator
1766 5255 1982 5318 innuit:

560 5355 681 5414 Non
727 5355 938 5426 auferes
973 5349 1078 5413 sal,
1109 5349 1306 5419 inquit,
1339 5345 1544 5418 fcederis
1577 5344 1672 5397 Dei
1702 5345 1798 5399 tui.
1830 5343 1984 5411 Quod
2023 5348 2068 5401 si

489 5446 670 5505 {cuius
695 5448 808 5503 sive
843 5451 1225 5500 testamentum
1257 5435 1520 5494 rationale
1545 5447 1651 5502 est,
1688 5437 1874 5507 utique
1902 5448 1957 5493 et
1991 5441 2068 5495 sal

581 5582 760 5718 i'gAct.
806 5579 1048 5646 “11,28.
1146 5581 1168 5611 ⁸
1195 5579 1216 5634 l
1240 5577 1364 5633 Cor.
1402 5595 1442 5644 ι,
1477 5577 1564 5632 2|.

495 5670 556 5720 11,
581 5670 656 5718 ιυ.

1661 5576 1881 5634 7lCor.
1934 5597 1990 5647 u,
2046 5588 2098 5649 (ς,
2154 5577 2208 5640 τ,

2167 4439 2304 4505 Quia
2341 4439 2487 4493 enim
2540 4439 2695 4509 [ricta
2747 4448 2984 4499 matura,
3026 4438 3329 4493 secundum
3379 4438 3548 4494 LXX.
3582 4441 3740 4508 fracta

2167 4537 2288 4582 sunt
2318 4569 2333 4592 ,
2367 4543 2429 4583 ea
2457 4543 2576 4596 qum
2611 4527 2735 4598 igne
2777 4527 2934 4581 fricta
2975 4535 3125 4590 sunt,
3167 4528 3358 4596 reliqui
3425 4529 3742 4596 interpretes

2170 4619 2527 4675 Hebraeorum
2562 4620 2859 4689 explanant
2896 4635 2994 4689 pro
3037 4635 3126 4685 eo,
3157 4619 3290 4674 frisa
3324 4629 3540 4674 matura
3576 4623 3704 4674 facta
3728 4661 3740 4678 .

2173 4711 2312 4781 {rixa
2347 4711 2404 4764 in
2432 4711 2550 4781 igne
2584 4709 2767 4765 mollia
2802 4711 3113 4764 ediderunt.

2769 4866 2996 4923 CAPUT
3037 4866 3125 4922 lll.

2249 4981 2405 5036 Vens.
2444 4982 2562 5036 1-5.
2610 5000 2628 5033 ι
2667 4980 2823 5048 Quod
2875 4984 2924 5039 si
2970 4983 3146 5039 hostia
3187 4984 3538 5054 paeificorum
3592 4987 3736 5044 fuerit

2175 5074 2296 5142 ejus
2333 5073 2562 5137 oblatio,
2599 5083 2653 5127 et
2699 5073 2767 5127 de
2813 5073 2989 5129 bobus
3026 5075 3262 5130 voluerit
3289 5075 3512 5142 offerre,
3550 5092 3734 5133 marem

2175 5167 2291 5221 sive
2333 5165 2594 5220 feminam
2619 5166 3026 5222 immaculatum
3055 5168 3250 5223 offeret
3278 5184 3462 5224 coram
3487 5169 3722 5229 Domino.

2173 5267 2448 5326 ponetque
2499 5271 2721 5309 manum
2767 5271 2933 5325 super
2972 5266 3138 5328 caput
3185 5259 3424 5313 victima:
3461 5273 3596 5325 sua,
3629 5274 3732 5328 qua:

2177 5345 2548 5402 immolabitur
2599 5343 2655 5396 in
2708 5343 2934 5400 introitu
2987 5346 3325 5402 tabernaculi
3366 5365 3380 5400 :
3421 5347 3730 5416 fundentque

2176 5440 2267 5494 filii
2323 5441 2506 5494 Aaron
2562 5436 2862 5492 sacerdotis
2927 5439 3251 5510 sanguinem
3310 5455 3408 5510 per
3462 5441 3730 5495 circuitus:

2303 5581 2324 5612 ⁸
2356 5577 2544 5633 Matth.
2595 5594 2643 5643 v,
2690 5577 2774 5641 15,
2878 5577 2937 5632 Ἰ
2980 5578 3108 5634 Cor.
3167 5597 3242 5647 tv,
3284 5579 3371 5634 16.
3472 5581 3515 5612 ¹⁶
3550 5579 3728 5648 Epiros.
