3886 6306
278 228 391 295 819

1435 223 1517 289 ΙΝ
1553 219 1989 286 ιΕγιΤιευΜ.
2030 248 2096 259 --
2140 215 2287 285 1.13.
2329 218 2377 286 Ι.

3420 227 3525 300 81ι

275 351 488 415 altaris,
522 363 578 408 et
612 350 850 405 oﬁ'erent
894 350 961 403 de
1011 349 1185 402 hostia
1227 345 1576 415 paeiﬂeorum
1616 343 1671 396 in
1698 341 1847 394 obla-
1881 343 1924 396 Α
1952 338 2088 393 ﬁciis
2160 339 2655 397 holocautomatum
2736 346 3070 405 st'tliiteiertleti
3148 351 3525 413 discussimus.

277 443 487 498 tionem
546 443 776 498 beluino
825 440 1095 511 :adipem
1158 439 1252 509 qui
1313 438 1491 508 aperit
1540 434 1744 494 vitalia.
1803 441 1859 486 et

275 533 544 603 quidquid
578 533 928 603 pinguedinis
958 530 1291 585 intrinsecus
1320 536 1405 583 est
1435 545 1449 583 :
1489 527 1635 582 duos
1675 538 1856 589 renes,

276 637 408 676 cum
445 623 605 693 adipe
643 636 753 692 quo
803 628 1060 692 teguntur
1089 620 1205 683 ilia,
1241 628 1299 673 et
1335 617 1618 673 reticulum
1656 612 1858 683 jecoris

279 726 410 769 cum
451 714 771 771 renunculis
802 730 818 767 :
858 713 1265 780 adolebuntque
1298 725 1363 764 ea
1398 721 1564 778 super
1599 706 1768 760 altare
1800 704 1858 758 in

279 806 683 865 holocaustum.
727 806 887 877 lignis
923 805 1049 876 igne
1084 801 1389 873 supposito,
1434 801 1489 853 in
1525 796 1856 853 oblationem
1912 814 1917 819 ι

278 898 596 955 suavissimi
633 897 823 953 odoris
850 895 1105 950 Domino.
1143 912 1166 945 ›

354 991 524 1047 Recte
561 989 729 1044 David
765 988 1031 1058 propheta
1062 984 1326 1056 psallebat
1360 1000 1375 1035 :
1415 982 1533 1035 Via:
1574 990 1714 1045 tuae,
1746 979 1860 1033 Do-

276 1080 442 1142 mine,
476 1080 777 1133 demonstra
823 1076 973 1141 mihi,
1002 1086 1051 1130 et
1092 1074 1310 1142 semitas
1354 1083 1476 1127 tuas
1501 1074 1654 1127 edoce
1683 1088 1764 1126 me
1791 1072 1855 1124 η.

275 1168 552 1236 Quoniam
593 1169 1047 1224 conversationes
1073 1166 1218 1219 Deus
1251 1165 1565 1219 hominibus
1597 1164 1857 1219 dideren—

276 1267 369 1313 tes
416 1273 513 1329 per
560 1258 734 1329 legem
774 1259 976 1321 sanxit,
1008 1267 1064 1311 et
1101 1257 1154 1310 in
1201 1256 1424 1311 modum
1461 1257 1726 1310 scalarum
1757 1254 1860 1309 vir-

276 1359 431 1406 tutes
457 1351 754 1415 ordinavit,
796 1360 853 1405 ut
882 1350 972 1403 alii
1012 1349 1237 1419 quidem
1281 1348 1472 1404 liceret
1500 1361 1691 1403 carnes
1718 1360 1860 1403 asse—

276 1441 403 1508 qui,
428 1442 517 1496 alii
550 1450 735 1496 autem
775 1440 1060 1511 quasdam,
1086 1449 1146 1494 ut
1172 1454 1388 1493 sursum
1421 1448 1599 1494 tamen
1628 1439 1858 1508 quisque

275 1533 660 1588 sublevaretur
686 1547 717 1587 a
751 1542 897 1587 terra
917 1547 932 1584 ε
950 1532 1054 1587 hoc
1073 1531 1275 1601 quippe
1293 1530 1663 1589 eldiﬁ‘erentia
1688 1531 1857 1585 sacri:-

280 1624 534 1679 ﬁciorum
592 1622 952 1694 signiﬁcabat.
1003 1622 1137 1677 Nam
1185 1623 1277 1678 hic
1317 1623 1539 1692 quidem
1585 1623 1655 1678 de
1697 1622 1856 1677 nobis

280 1680 671 1771 holocaustum
695 1715 912 1783 oleret,
942 1723 1113 1770 totum
1142 1716 1495 1786 semetipsum
1522 1715 1634 1771 Deo
1656 1714 1854 1770 oﬁerre
1886 1680 1929 1746 Β

278 1807 496 1873 volens,
549 1815 606 1862 et
651 1807 794 1861 sicut
835 1806 1038 1860 Paulus
1083 1807 1345 1862 dicebat:
1380 1807 1585 1862 Christo
1626 1808 1858 1877 conﬁxus

275 1913 403 1952 sum
453 1897 600 1951 truci
635 1899 700 1952 “.
759 1897 910 1951 Alter
964 1896 1292 1952 sacriﬁcium
1340 1897 1688 1968 paeiﬁeorum
1744 1899 1859 1954 sive

278 1989 560 2054 salutare,
605 1986 702 2057 qui
756 1986 1034 2041 desiderat
1086 1986 1338 2049 salutem,
1389 1990 1653 2044 etsinon
1683 1995 1859 2058 potest

275 2082 451 2136 nimis
493 2079 804 2136 sublimiter
836 2079 1153 2133 conversari
1194 2096 1208 2130 :
1241 2094 1369 2134 nam
1405 2081 1533 2135 etsi
1568 2095 1680 2135 non
1716 2081 1860 2135 valet

276 2175 651 2245 virginitatem
701 2174 972 2244 quispiam
1030 2174 1315 2241 consequi,
1358 2174 1415 2227 in
1473 2182 1620 2228 casto
1675 2183 1857 2229 autem

279 2268 543 2337 conjugio
581 2276 958 2329 conversetur,
1004 2266 1221 2320 veniam
1260 2265 1491 2335 percipit
1530 2280 1561 2321 a
1606 2267 1855 2333 Domino,

278 2357 382 2430 qui
405 2357 578 2413 dixit:
611 2356 732 2411 Non
763 2372 939 2411 omnes
963 2357 1180 2424 capiunt
1210 2357 1421 2411 verbum
1443 2357 1489 2389 "
1507 2396 1524 2419 ,
1546 2358 1763 2427 quando
1791 2358 1858 2413 de

281 2449 601 2520 virginitate
649 2447 911 2518 apostolis
957 2448 1283 2517 exponebat.
1335 2449 1442 2504 Sed
1488 2456 1670 2504 tamen
1716 2451 1857 2504 inter

277 2556 381 2595 eos
402 2540 498 2610 qui
522 2540 804 2594 salvantur
826 2539 1138 2594 necessarie
1163 2539 1506 2594 ordinantur.
1537 2539 1651 2595 Hoc
1679 2541 1855 2611 ipsum

277 2641 470 2687 autem
506 2640 559 2686 et
590 2632 659 2687 de
695 2639 1011 2701 contemptu
1044 2646 1245 2696 rerum,
1273 2640 1329 2685 et
1352 2631 1420 2687 de
1438 2631 1669 2702 iustitia,
1704 2642 1758 2687 et
1788 2633 1856 2687 de

273 2723 406 2778 cibo
446 2739 573 2779 cum
615 2724 913 2795 gratiarum
954 2725 1195 2783 actione.
1227 2725 1354 2793 quia
1395 2740 1622 2797 magnus
1649 2723 1853 2795 estqui

276 2827 498 2882 magna,
529 2820 588 2866 et
611 2828 834 2883 parvus,
863 2828 974 2867 non
1011 2821 1194 2868 tamen
1220 2814 1503 2878 minimus,
1538 2815 1631 2886 qui
1661 2816 1853 2870 saltem

279 2904 579 2959 mediocria
602 2904 864 2974 consequi
892 2914 1091 2973 petest.
1123 2902 1194 2959 Ut
1223 2903 1546 2974 probaretur
1570 2920 1698 2975 ergo
1725 2905 1850 2974 quia

276 2994 408 3048 duae
445 2995 925 3049 eonversationum
964 2994 1176 3087 species
1218 3001 1351 3087 sunt
1392 2994 1460 3049 ad
1505 2993 1850 3063 justiﬁeatio.
1876 3030 1920 3087 α

279 3100 411 3138 nem
464 3086 772 3151 hominum,
812 3087 948 3140 duas
1001 3083 1389 3141 sacriﬁciorum
1430 3093 1851 3155 spontaneorum

278 3175 634 3231 deﬁnitiones
662 3176 851 3246 posuit
875 3193 892 3242 ;
924 3176 1001 3229 ait
1028 3177 1175 3231 enim
1196 3177 1252 3231 in
1280 3177 1419 3230 libro
1441 3176 1606 3230 Exodi
1638 3193 1653 3230 :
1681 3175 1861 3228 Altare

277 3270 352 3321 de
388 3277 530 3322 terra
565 3270 771 3340 facietis
808 3268 958 3332 mihi,
988 3277 1037 3321 et
1077 3267 1418 3322 immolabitis
1445 3282 1601 3335 super
1633 3283 1692 3320 eo
1721 3267 1861 3320 holo-

280 3370 593 3414 cautomata
661 3370 712 3415 et
739 3360 962 3430 paci/ica
1004 3369 1196 3424 vestra,
1228 3375 1344 3414 oves
1388 3368 1583 3413 vestras
1612 3366 1659 3412 et
1689 3356 1854 3412 boves.

281 3451 352 3507 In
371 3452 514 3506 omni
536 3451 648 3506 loco
674 3453 732 3506 in
763 3468 867 3522 quo
894 3453 1223 3506 nominatum
1257 3451 1416 3522 fuerit
1453 3464 1638 3504 nomen
1665 3466 1856 3515 meum,

280 3543 493 3597 ueniam
511 3543 582 3597 ad
602 3553 672 3606 te,
691 3552 740 3597 et
758 3543 1056 3597 benedicam
1078 3543 1173 3596 tibi
1197 3542 1260 3595 “.
1287 3542 1348 3594 Et
1367 3542 1623 3612 praecepit
1636 3542 1859 3613 quidem

280 3633 635 3704 paciﬁcorum
665 3635 1061 3694 holocaustum,
1086 3632 1358 3688 subinfert
1381 3640 1561 3688 autem
1589 3650 1601 3686 :
1635 3633 1699 3686 Et
1720 3634 1861 3702 paci-

278 3722 410 3794 ﬁca,
435 3724 582 3779 velut
598 3724 822 3779 secundi
839 3723 1045 3778 ordinis
1059 3732 1114 3777 et
1127 3723 1363 3777 virtutis.
1397 3722 1718 3794 Quicunque
1732 3730 1861 3794 ergo

280 3815 461 3871 solum
493 3814 595 3869 sibi
626 3815 732 3871 hoc
760 3822 917 3885 putat
932 3812 1179 3869 sufﬁcere
1206 3813 1250 3867 si
1277 3814 1534 3879 salvetur,
1567 3814 1611 3868 is
1639 3813 1857 3884 quidem

277 3908 356 3962 tie
398 3907 575 3961 bobus
602 3906 796 3961 olieret
841 3907 984 3971 (esse
1008 3914 1193 3960 autem
1247 3906 1438 3961 bovem
1484 3905 1716 3960 diximus
1766 3920 1861 3960 eos

276 3996 379 4066 qui
427 3996 572 4051 circa
618 3996 824 4066 agenda
857 4008 920 4049 ea
951 4010 1071 4064 qua.
1111 3995 1246 4065 legis
1294 4002 1423 4049 sunt
1465 3994 1702 4067 vacant),
1743 3994 1860 4051 sive

281 4087 609 4151 masculum,
640 4086 754 4141 sive
780 4086 1061 4151 ieminam,
1088 4085 1493 4140 immaculatum
1535 4095 1712 4140 tamen
1734 4101 1860 4140 mu-

282 4191 393 4232 nus
415 4176 626 4232 oﬁ’erat.
656 4176 927 4246 Equidem
957 4191 1083 4231 eum
1110 4175 1203 4246 qni
1236 4176 1614 4231 holocaustum
1642 4176 1857 4241 otl'eret,

282 4283 397 4322 non
433 4268 694 4338 pra-cepit
737 4267 936 4322 oﬁerre
997 4268 1275 4334 feminam,
1327 4282 1663 4338 nequaquam
1699 4267 1859 4323 femi-

1957 429 2096 496 Quid
2144 443 2326 486 autem
2379 432 2489 489 Deo
2529 436 2726 492 offerre
2770 438 2840 492 de
2874 454 2972 495 suo
3008 445 3272 500 sacriﬁcio
3306 462 3527 505 necesse

1959 523 2192 578 habeant
2238 525 2331 594 qui
2376 528 2569 582 salvari
2630 531 2836 596 volunt,
2871 535 2975 589 hoc
3004 537 3172 605 quaari
3203 547 3259 594 et
3281 543 3528 597 considia

1955 614 2064 705 rari
2097 617 2467 673 necessarium
2502 630 2606 673 est.
2648 620 2898 679 Oﬁ‘erttnt
2944 627 3089 682 enim
3119 630 3186 685 de
3231 631 3404 688 hostia
3433 650 3549 705 pax

1957 703 2233 797 ciﬁeorum
2267 709 2321 760 in
2351 710 2679 766 oblationem
2720 715 2954 781 Domini,
2988 721 3204 790 adipem
3231 725 3322 794 qui
3352 703 3532 797 operit

1959 795 2157 861 vitalia,
2208 807 2263 851 et
2322 800 2579 870 quidquid
2645 804 2986 875 pinguedinis
3058 795 3527 873 intrinsecus-est.-

1961 883 2080 949 Vel,
2126 888 2269 942 sicut
2314 890 2688 964 Septuaginta,
2711 898 2919 966 adipem
2947 901 3039 971 qui
3065 906 3232 971 operit
3274 919 3524 973 ventrem,

1956 985 2007 1030 et
2053 992 2258 1033 omnem
2305 982 2509 1051 adipem
2558 987 2651 1054 qui
2691 988 2746 1040 in
2778 1000 2956 1045 ventre
2996 1003 3070 1046 est
3103 1032 3118 1055 ,
3161 1011 3256 1064 per
3283 1009 3525 1055 ventrem

1957 1082 2054 1160 cor
2081 1070 2431 1139 signiﬁcans:
2469 1074 2595 1129 ideo
2625 1086 2805 1131 autem
2836 1083 3080 1138 secundo
3107 1087 3226 1155 ejus
3254 1087 3306 1141 in
3343 1102 3528 1160 supra-

1957 1158 2099 1212 dicta
2160 1161 2399 1217 editione
2451 1166 2769 1221 memoriam
2814 1169 2968 1236 fecit,
3018 1175 3144 1243 quia
3183 1175 3320 1231 duas
3364 1158 3529 1233 habet

1957 1252 2318 1319 Operationes,
2348 1255 2489 1310 sicut
2519 1256 2707 1313 dicunt
2733 1261 2947 1317 medici.
2985 1264 3200 1320 Etenim
3232 1279 3329 1338 per
3363 1287 3525 1325 unam

1959 1350 2168 1410 partem
2200 1345 2366 1399 trahit
2396 1347 2672 1414 alimenta,
2709 1357 2852 1420 quod
2891 1365 3134 1412 ventrem
3163 1364 3522 1431 Superiorem.

1957 1444 2056 1500 per
2083 1432 2240 1489 aliam
2272 1436 2621 1505 purgationes
2644 1439 2929 1507 discernit,
2962 1445 3107 1515 quod
3155 1455 3396 1507 ventrem
3440 1452 3526 1508 in-

1956 1523 2212 1579 feriorem
2273 1538 2488 1584 vocant;
2529 1529 2707 1587 lienes
2750 1549 2880 1589 vero
2926 1539 3199 1594 eoitalimn
3258 1545 3524 1601 seminum

1960 1625 2089 1670 sunt
2120 1615 2444 1683 ministeria,
2494 1620 2697 1676 habent
2724 1632 2905 1679 autem
2928 1634 3375 1689 ‘eommtmioiicm
3404 1653 3525 1692 eum

1958 1713 2147 1797 ventre
2166 1713 2224 1759 et
2251 1706 2586 1766 femoribus:
2620 1721 2782 1782 atque
2808 1715 2968 1784 hujus
3005 1719 3080 1773 rei
3115 1722 3288 1791 gratia
3312 1725 3525 1797 adipem

1957 1799 2212 1866 primum,
2245 1799 2337 1868 qui
2368 1814 2532 1871 supra
2577 1814 2822 1860 ventrem
2854 1817 2958 1872 est,
3007 1819 3061 1863 et
3086 1812 3223 1869 duos
3255 1831 3435 1880 renes,
3473 1831 3529 1872 rt

1957 1900 2148 1942 rursus
2184 1889 2398 1958 adipem
2434 1893 2527 1960 qui
2562 1908 2745 1964 super
2783 1907 2876 1951 eos
2897 1906 3002 1963 est,
3036 1901 3085 1955 id
3117 1912 3220 1970 est,
3257 1921 3421 1977 super
3451 1909 3529 1963 l‘e-

1956 1989 2130 2039 mora,
2156 1984 2342 2046 utpote
2367 1993 2487 2049 quae
2518 1980 2694 2036 vicina
2719 1994 2848 2039 sunt
2871 1988 3111 2055 renibus,
3141 1992 3297 2061 jubet
3321 1997 3526 2057 oﬁerri.

1956 2067 2083 2137 quia
2133 2067 2276 2123 inter
2319 2072 2556 2127 medium
2611 2075 2835 2132 femoris
2876 2086 2933 2132 et
2982 2084 3186 2138 ventris
3227 2098 3390 2142 renes
3438 2091 3526 2143 siti

1957 2166 2105 2213 sunt.
2137 2157 2192 2212 In
2220 2159 2405 2228 jecore
2448 2173 2655 2230 autem,
2689 2166 2740 2219 id
2771 2176 2855 2222 est
2892 2170 2947 2223 in
2982 2172 3174 2241 hepate
3206 2170 3529 2234 deiectatioi

1957 2264 2106 2313 nem,
2137 2250 2253 2305 sive
2281 2254 2779 2323 concupiscentiam
2829 2261 3180 2318 constitutam
3217 2280 3337 2321 esse
3372 2269 3527 2326 dixit.

1958 2337 2111 2394 Unde
2146 2342 2449 2397 secundum
2494 2342 2847 2418 Septuaginta
2897 2351 3112 2421 hepatis
3147 2358 3371 2425 pinnam
3403 2372 3527 2416 etim

1958 2432 2180 2489 renibus
2198 2435 2384 2489 oderri
2415 2436 2618 2493 dictum
2647 2449 2749 2506 est,
2780 2452 2967 2513 utpote
3002 2446 3199 2517 hepate
3228 2451 3282 2505 in
3308 2452 3527 2509 renibus

1958 2524 2063 2578 vim
2095 2528 2426 2596 Operationis
2447 2543 2559 2586 suae
2585 2532 2947 2593 ministrante.
2980 2536 3086 2594 Sed
3119 2542 3247 2610 quid
3283 2558 3382 2612 per
3411 2542 3533 2602 tm

1956 2616 2240 2686 signiﬁcat,
2272 2620 2357 2673 vel
2390 2621 2519 2691 quid
2551 2625 2803 2689 sancivit,
2832 2627 2928 2697 qui
2963 2630 3158 2685 salvari
3194 2635 3526 2699 volentibus,

1953 2708 2117 2761 etiam
2160 2724 2305 2765 nunc
2337 2711 2391 2766 in
2429 2715 2697 2783 parabolis
2734 2732 2796 2773 os
2835 2720 3095 2788 aperuit?
3139 2723 3273 2790 Quia
3312 2722 3533 2797 oportet

1957 2799 2207 2864 hostiam,
2239 2802 2292 2857 id
2320 2812 2405 2859 est
2434 2805 2699 2876 primitias
2722 2813 2779 2864 et
2829 2811 3287 2882 hol0cautomata,
3320 2813 3430 2875 Deo
3459 2798 3535 2875 ab;

1956 2892 2040 2946 his
2086 2895 2177 2964 qui
2213 2896 2408 2951 salvari
2438 2899 2647 2964 volunt,
2677 2901 3070 2976 intelligibilem
3101 2908 3337 2978 adipem,
3380 2900 3535 2967 vide-3

1954 2981 2079 3039 licet
2129 2985 2498 3053 desiderium,
2553 2992 2696 3059 quod
2754 3003 2925 3062 grrece
2974 2996 3272 3069 ἐπιθυμίαν
3319 2992 3531 3069 dicunt,

1960 3073 2167 3141 oﬁ‘erri,
2213 3076 2305 3146 qui
2349 3077 2502 3147 prius
2548 3081 2767 3150 quidem
2813 3085 2990 3154 operit
3027 3091 3365 3158 superiorem
3396 3112 3529 3149 ven-

1962 3171 2121 3229 trem,
2149 3164 2344 3221 deinde
2386 3167 2695 3225 inferiorem
2736 3189 2751 3226 :
2785 3182 2843 3227 ut
2870 3180 2925 3228 et
2955 3174 3008 3229 in
3036 3178 3347 3247 eositando,
3388 3189 3443 3237 et
3477 3187 3526 3236 in

1962 3253 2255 3325 implendo,
2286 3257 2617 3314 desiderium
2645 3260 2753 3317 Deo
2779 3264 3075 3322 oﬁ‘eramus
3099 3276 3114 3322 ξ
3144 3279 3359 3338 oportet
3383 3275 3526 3329 enim

1960 3348 2191 3436 proponi
2243 3349 2415 3435 prius,
2460 3357 2518 3404 et
2564 3362 2749 3421 postea
2798 3356 3078 3425 compleri.
3119 3358 3347 3431 Propter
3385 3369 3525 3436 quod

1959 3443 2017 3489 et
2065 3434 2268 3490 Paulus
2303 3438 2514 3495 dicebat
2537 3457 2569 3492 ε·
2600 3441 2702 3507 Qui
2742 3444 3097 3515 episcopatbm
3129 3434 3415 3516 desiderat,
3440 3454 3501 3507 bo

1961 3540 2089 3579 nam
2126 3542 2258 3597 opus
2300 3530 2643 3584 desiderat“.
2690 3532 2766 3588 lie
2794 3534 2889 3589 illo
2924 3538 3126 3608 quippe
3161 3555 3305 3597 nunc
3343 3556 3527 3599 ventre

1960 3612 2232 3685 iegislator
2285 3619 2542 3688 loquitur,
2589 3622 2657 3677 de
2701 3640 2809 3693 quo
2848 3618 3113 3682 Jeremias
3147 3630 3356 3700 inquit:
3396 3629 3528 3690 Ven-

1962 3713 2091 3783 trem
2114 3722 2284 3761 meum
2304 3709 2473 3773 doleo,
2488 3725 2718 3767 uentrem
2753 3730 2923 3770 meum
2943 3714 3091 3772 dotco
3110 3721 3173 3773 ‘7:
3193 3734 3300 3774 non
3332 3721 3525 3777 frllslru

1959 3807 2016 3853 et
2044 3799 2157 3869 ipse
2201 3803 2493 3873 dupliciter
2519 3808 2830 3873 nominans,
2862 3810 2956 3869 sed
2994 3822 3050 3866 ut
3097 3812 3367 3886 duplicem
3398 3821 3530 3889 ope:

1961 3894 2188 3950 rationis
2233 3897 2352 3967 ejus
2381 3898 2491 3952 vim
2526 3900 2871 3971 signiﬁcaret.
2901 3904 2979 3959 Ne
3023 3905 3157 3961 forte
3195 3915 3375 3963 autem
3405 3926 3527 3964 eor-

1960 3986 2197 4054 poralem
2289 3990 2664 4045 necessitatem
2749 3996 3105 4050 accusandam
3177 4008 3523 4068 putaremus.

1961 4080 2284 4136 subintulit:
2331 4081 2398 4135 Et
2441 4098 2619 4137 sensus
2655 4085 2825 4139 cordis
2873 4088 2973 4141 mei
3005 4090 3440 4145 conturbatisunt
3464 4094 3525 4147 "'.

1964 4171 2102 4243 Ergo
2147 4183 2338 4228 tenter
2382 4176 2578 4229 anima:
2602 4191 2697 4231 eor
2725 4186 2828 4244 est,
2873 4177 2926 4232 in
2957 4190 3065 4250 quo
3092 4182 3244 4252 prius
3272 4186 3527 4255 proponi-

1960 4274 2081 4319 mus
2125 4264 2383 4334 quasdam
2439 4265 2714 4331 actiones,
2775 4278 2959 4340 postea
3021 4279 3201 4327 autem
3267 4282 3530 4331 (‘Oliamttt‘

280 4375 411 4415 nam
482 4360 704 4431 privans
760 4361 832 4415 ab
884 4360 1195 4430 huiusmodi
1254 4362 1694 4424 conversatione,
1759 4361 1854 4417 sed
1886 4381 1931 4439 υ
1962 4355 2205 4427 implere.
2263 4344 2576 4428 Propon‘ere
2621 4374 2752 4432 ergo
2811 4372 3069 4432 appetere
3132 4367 3530 4436 quodammodo

278 4450 573 4505 ostendens
615 4450 742 4520 quia
783 4451 1022 4521 perfecta
1066 4466 1279 4521 sapere,
1327 4455 1546 4523 proprie
1606 4454 1850 4508 virorum

279 4547 386 4593 est.
419 4538 572 4606 Quod
609 4540 712 4595 etsi
757 4542 953 4595 mulier
998 4541 1114 4596 haec
1141 4543 1345 4612 sapiat,
1376 4544 1462 4597 vir
1490 4543 1627 4608 haec,
1665 4552 1852 4614 utpote

282 4634 458 4696 fortis,
490 4635 867 4704 appellabitur,
912 4635 980 4689 de
1018 4650 1128 4705 qua
1173 4634 1429 4691 Solomon
1454 4636 1629 4691 dixit:
1661 4636 1848 4691 Matie-

284 4740 395 4779 rem
421 4726 607 4795 fortem
643 4727 760 4797 quis
790 4727 1113 4781 inveniet“?
1161 4728 1542 4783 demonstrans
1579 4729 1704 4798 quia
1741 4729 1852 4784 for-

285 4819 477 4882 titudo,
536 4819 589 4874 id
637 4830 720 4875 est
758 4819 1041 4890 perfectio.
1092 4819 1308 4876 diﬁieile
1333 4822 1386 4875 in
1428 4821 1747 4878 mulieribus
1777 4823 1856 4876 ins

1959 4456 2061 4514 est,
2087 4448 2341 4504 festinare
2377 4460 2559 4507 autem
2589 4451 2872 4522 perﬁcere,
2906 4454 3136 4527 digestio
3168 4456 3350 4513 forSan
3379 4475 3530 4530 quar-

1959 4540 2084 4594 dam
2125 4541 2349 4611 proprie
2385 4541 2617 4596 dicatur.
2646 4542 2889 4610 Quorum
2922 4552 3277 4618 utrorumque
3308 4531 3521 4605 deside-

1959 4628 2114 4684 rium
2138 4630 2280 4699 quod
2310 4620 2539 4701 adipem‘
2560 4632 2833 4696 clamavit.
2866 4648 3094 4692 necesse.
3122 4636 3386 4692 habemus
3418 4639 3528 4694 Det»

1958 4724 2175 4788 oﬁ'erre,
2212 4730 2275 4777 ut
2317 4722 2455 4778 nihil
2505 4739 2733 4793 pravum
2784 4736 3170 4795 proponamus,
3212 4738 3389 4798 neque
3432 4747 3525 4784 ex-

1952 4815 2216 4884 pleamus.
2259 4812 2402 4867 Bene
2444 4822 2626 4866 autem
2664 4826 2830 4882 super
2863 4823 3107 4868 ventrem
3158 4818 3521 4886 superiorem,

280 4909 519 4965 venitur.
566 4908 924 4964 Paclﬁeorum
971 4916 1153 4964 autem
1211 4907 1558 4974 sacriﬁcium,
1609 4909 1856 4965 similiter
1951 4903 2042 4972 qui
2074 4911 2159 4957 est
2193 4901 2486 4972 appetitus,
2527 4903 2740 4972 adipem
2797 4899 2889 4973 qui
2927 4905 3106 4974 operit
3136 4913 3383 4961 ventrem
3426 4908 3519 4968 ait.

283 5001 523 5056 virorum
576 5011 635 5057 et
665 5001 955 5057 mulierum
985 5009 1090 5062 est,
1112 5008 1328 5070 oportet
1352 4999 1498 5054 enim
1529 5001 1855 5055 etmulieres
1950 4992 2078 5063 nuit!
2153 4990 2388 5046 maxima
2439 5004 2564 5061 pars
2610 4989 2865 5046 desiderii
2921 4991 3061 5047 eirea
3104 4992 3426 5063 appetitum.
3470 5005 3524 5049 et

283 5094 357 5144 ita
403 5092 611 5157 vivere,
636 5094 781 5149 sicut
801 5103 993 5164 aptum
1015 5101 1099 5147 est
1134 5092 1201 5146 ad
1236 5090 1485 5146 salutem.
1548 5090 1655 5147 Sed
1686 5107 1849 5161 quam
1952 5087 2097 5142 circa
2139 5084 2474 5157 propositum
2512 5092 2616 5140 est.
2664 5083 2910 5141 Inferiori
2956 5097 3136 5141 autem
3171 5086 3345 5141 ventri
3382 5087 3517 5143 duo:

281 5184 356 5236 ob
421 5197 536 5237 rem
615 5199 810 5241 manus
849 5187 1135 5256 imponere
1184 5191 1566 5255 super'caput
1619 5185 1853 5239 victimae
1957 5194 2116 5239 renes
2164 5179 2466 5250 conjunxit,
2518 5177 2755 5234 diximus
2801 5180 2948 5234 enim
2988 5177 3112 5249 quia
3176 5179 3515 5234 communio-

286 5274 697 5345 pratcipiuntur,
730 5285 788 5331 et
817 5276 1113 5339 inmolare
1145 5276 1199 5330 in
1232 5275 1459 5331 introitu
1494 5274 1849 5339 tabernaculi,
1956 5294 2081 5333 nem
2122 5286 2282 5331 renes
2333 5274 2400 5328 ad
2443 5288 2538 5329 eor
2583 5271 2826 5327 habent:
2876 5273 3016 5326 unde
3056 5271 3219 5328 David
3270 5272 3383 5329 ait:
3421 5273 3520 5329 Ure

283 5365 714 5447 sarguiuemque
744 5366 972 5424 fundere
1004 5369 1060 5423 in
1101 5366 1330 5424 circuitu
1359 5367 1563 5432 altaris,
1597 5369 1649 5421 in
1683 5364 1875 5422 sacri?
1958 5384 2103 5423 rem
2150 5380 2288 5421 meo:
2331 5375 2379 5420 et
2419 5378 2508 5419 eor
2537 5364 2789 5419 meum".
2831 5362 2966 5417 Audi
3008 5363 3208 5418 etenim
3228 5356 3533 5419 Dominum"

357 5568 397 5599 "
436 5565 576 5622 Pani.
600 5581 747 5631 xxw,
775 5521 829 5620 ί.
932 5567 975 5599 ⁸⁸
1006 5566 1179 5629 Gala.
1204 5585 1260 5629 ιι.
1295 5569 1379 5623 l9.
1484 5569 1527 5600 ⁸³
1553 5567 1747 5622 blattis.
1789 5584 1901 5631 xu,
1952 5568 2036 5621 li.
2116 5564 2349 5619 “Exod.
2385 5581 2471 5628 xx,
2495 5561 2587 5617 ﬁt.
2668 5562 2709 5595 "
2728 5562 2886 5617 Prov.
2916 5575 3064 5626 xui,
3100 5560 3191 5616 i0.
3266 5559 3343 5615 "l
3373 5560 3519 5613 Tim.

1484 5569 1527 5600 ³³
1553 5567 1747 5622 blattis.
1789 5584 1901 5631 xu,
1952 5568 2036 5621 li.

289 5649 367 5701 tu,
399 5637 448 5691 l.
558 5634 600 5668 "
626 5635 824 5691 Jercm.
856 5651 927 5699 tv,
964 5638 1043 5693 l9.
1119 5639 1162 5668 ’⁸
1192 5636 1323 5694 ibid.
1423 5641 1463 5670 ’θ
1493 5635 1635 5691 Psal.
1677 5652 1805 5701 xxv,
1827 5639 1883 5692 2.
2026 5658 2039 5700 ε

1423 5641 1463 5670 ’θ
1493 5635 1635 5691 Psai.
1677 5652 1805 5704 xxv,
1827 5639 1883 5692 2.
