  <div class='ocr_page' id='page_1' title='image "/cluster/home/n/w/nwhite01/storage/ocr_20150623/93/pst.000005712991/419.png"; bbox 0 0 3886 6306; ppageno 0'>
   <div class='ocr_carea' id='block_1_1' title="bbox 1022 124 1051 147">
    <p class='ocr_par' dir='ltr' id='par_1_1' title="bbox 1022 124 1051 147">
     <span class='ocr_line' id='line_1_1' title="bbox 1022 124 1051 147; baseline 0 0"><span class='ocrx_word' id='word_1_1' title='bbox 1022 124 1051 147; x_wconf 58' lang='grc' dir='ltr'><strong>κ</strong></span> 
     </span>
    </p>
   </div>
   <div class='ocr_carea' id='block_1_2' title="bbox 400 185 3714 269">
    <p class='ocr_par' dir='ltr' id='par_1_2' title="bbox 400 185 3714 269">
     <span class='ocr_line' id='line_1_2' title="bbox 400 185 3714 269; baseline -0.001 -14"><span class='ocrx_word' id='word_1_2' title='bbox 400 196 505 269; x_wconf 70' lang='grc' dir='ltr'><strong>διδ</strong></span> <span class='ocrx_word' id='word_1_3' title='bbox 1597 193 1961 256; x_wconf 77' lang='lat' dir='ltr'><strong>HESYCHII</strong></span> <span class='ocrx_word' id='word_1_4' title='bbox 2014 185 2484 254; x_wconf 79' lang='lat' dir='ltr'><strong>PBESBYTERI</strong></span> <span class='ocrx_word' id='word_1_5' title='bbox 3590 190 3714 262; x_wconf 68' lang='grc' dir='ltr'><strong>διε</strong></span> 
     </span>
    </p>
   </div>
   <div class='ocr_carea' id='block_1_3' title="bbox 401 307 3717 388">
    <p class='ocr_par' dir='ltr' id='par_1_3' title="bbox 401 307 3717 388">
     <span class='ocr_line' id='line_1_3' title="bbox 401 307 3717 388; baseline -0 -16"><span class='ocrx_word' id='word_1_6' title='bbox 401 333 501 388; x_wconf 85' lang='lat' dir='ltr'><strong>per</strong></span> <span class='ocrx_word' id='word_1_7' title='bbox 529 313 825 387; x_wconf 76' lang='lat' dir='ltr'><strong>Jeretniam</strong></span> <span class='ocrx_word' id='word_1_8' title='bbox 850 312 1183 385; x_wconf 83' lang='lat' dir='ltr'><strong>prophetam</strong></span> <span class='ocrx_word' id='word_1_9' title='bbox 1211 311 1527 366; x_wconf 77' lang='lat' dir='ltr'><strong>dicentem:</strong></span> <span class='ocrx_word' id='word_1_10' title='bbox 1568 309 1680 382; x_wconf 84' lang='lat' dir='ltr'><strong>Ego</strong></span> <span class='ocrx_word' id='word_1_11' title='bbox 1714 309 1988 376; x_wconf 78' lang='lat' dir='ltr'><strong>Dominus,</strong></span> <span class='ocrx_word' id='word_1_12' title='bbox 2019 319 2063 376; x_wconf 81' lang='grc' dir='ltr'><strong>Λ</strong></span> <span class='ocrx_word' id='word_1_13' title='bbox 2093 308 2205 364; x_wconf 88' lang='lat' dir='ltr'><strong>Deo</strong></span> <span class='ocrx_word' id='word_1_14' title='bbox 2232 307 2445 373; x_wconf 81' lang='lat' dir='ltr'><strong>oll‘erat,</strong></span> <span class='ocrx_word' id='word_1_15' title='bbox 2475 308 2569 364; x_wconf 86' lang='lat' dir='ltr'><strong>sed</strong></span> <span class='ocrx_word' id='word_1_16' title='bbox 2603 318 2659 362; x_wconf 82' lang='lat' dir='ltr'><strong>ct</strong></span> <span class='ocrx_word' id='word_1_17' title='bbox 2687 323 2715 361; x_wconf 88' lang='lat' dir='ltr'><strong>o</strong></span> <span class='ocrx_word' id='word_1_18' title='bbox 2742 308 2878 362; x_wconf 86' lang='lat' dir='ltr'><strong>mala</strong></span> <span class='ocrx_word' id='word_1_19' title='bbox 2912 308 3011 375; x_wconf 88' lang='lat' dir='ltr'><strong>ira,</strong></span> <span class='ocrx_word' id='word_1_20' title='bbox 3040 318 3097 364; x_wconf 88' lang='lat' dir='ltr'><strong>et</strong></span> <span class='ocrx_word' id='word_1_21' title='bbox 3124 324 3161 363; x_wconf 87' lang='lat' dir='ltr'><strong>a</strong></span> <span class='ocrx_word' id='word_1_22' title='bbox 3197 309 3286 365; x_wconf 89' lang='lat' dir='ltr'><strong>tali</strong></span> <span class='ocrx_word' id='word_1_23' title='bbox 3312 310 3717 371; x_wconf 67' lang='lat' dir='ltr'><strong>deletutioue</strong></span> 
     </span>
    </p>
   </div>
   <div class='ocr_carea' id='block_1_4' title="bbox 384 398 3715 476">
    <p class='ocr_par' dir='ltr' id='par_1_4' title="bbox 384 398 3715 476">
     <span class='ocr_line' id='line_1_4' title="bbox 384 398 3715 476; baseline -0.002 -13"><span class='ocrx_word' id='word_1_24' title='bbox 384 407 645 465; x_wconf 72' lang='lat' dir='ltr'><strong>&#39;scrutans</strong></span> <span class='ocrx_word' id='word_1_25' title='bbox 703 407 867 462; x_wconf 82' lang='lat' dir='ltr'><strong>corda</strong></span> <span class='ocrx_word' id='word_1_26' title='bbox 928 414 979 461; x_wconf 86' lang='lat' dir='ltr'><strong>et</strong></span> <span class='ocrx_word' id='word_1_27' title='bbox 1030 406 1261 476; x_wconf 79' lang='lat' dir='ltr'><strong>probans</strong></span> <span class='ocrx_word' id='word_1_28' title='bbox 1312 403 1544 458; x_wconf 78' lang='lat' dir='ltr'><strong>renes&quot;.</strong></span> <span class='ocrx_word' id='word_1_29' title='bbox 1612 403 1775 457; x_wconf 85' lang='lat' dir='ltr'><strong>Nullo</strong></span> <span class='ocrx_word' id='word_1_30' title='bbox 1830 402 1990 458; x_wconf 89' lang='lat' dir='ltr'><strong>modo</strong></span> <span class='ocrx_word' id='word_1_31' title='bbox 2089 401 2347 457; x_wconf 78' lang='lat' dir='ltr'><strong>mandari</strong></span> <span class='ocrx_word' id='word_1_32' title='bbox 2371 401 2550 456; x_wconf 87' lang='lat' dir='ltr'><strong>debet.</strong></span> <span class='ocrx_word' id='word_1_33' title='bbox 2582 398 3059 469; x_wconf 78' lang='lat' dir='ltr'><strong>Proptereaennn</strong></span> <span class='ocrx_word' id='word_1_34' title='bbox 3093 410 3305 457; x_wconf 88' lang='lat' dir='ltr'><strong>motum</strong></span> <span class='ocrx_word' id='word_1_35' title='bbox 3339 402 3463 466; x_wconf 68' lang='lat' dir='ltr'><strong>ira,</strong></span> <span class='ocrx_word' id='word_1_36' title='bbox 3493 411 3565 458; x_wconf 79' lang='lat' dir='ltr'><strong>et</strong></span> <span class='ocrx_word' id='word_1_37' title='bbox 3600 405 3715 461; x_wconf 81' lang='lat' dir='ltr'><strong>de-</strong></span> 
     </span>
    </p>
   </div>
   <div class='ocr_carea' id='block_1_5' title="bbox 401 490 3718 569">
    <p class='ocr_par' dir='ltr' id='par_1_5' title="bbox 401 490 3718 569">
     <span class='ocr_line' id='line_1_5' title="bbox 401 490 3718 569; baseline -0.001 -15"><span class='ocrx_word' id='word_1_38' title='bbox 401 507 586 554; x_wconf 86' lang='lat' dir='ltr'><strong>autem</strong></span> <span class='ocrx_word' id='word_1_39' title='bbox 633 500 879 553; x_wconf 88' lang='lat' dir='ltr'><strong>membra</strong></span> <span class='ocrx_word' id='word_1_40' title='bbox 922 497 1040 552; x_wconf 69' lang='lat' dir='ltr'><strong>haec</strong></span> <span class='ocrx_word' id='word_1_41' title='bbox 1093 494 1378 569; x_wconf 72' lang='lat' dir='ltr'><strong>prophetia</strong></span> <span class='ocrx_word' id='word_1_42' title='bbox 1425 493 1840 564; x_wconf 70' lang='lat' dir='ltr'><strong>coniunxisset,</strong></span> <span class='ocrx_word' id='word_1_43' title='bbox 1882 491 1988 547; x_wconf 85' lang='lat' dir='ltr'><strong>nisi</strong></span> <span class='ocrx_word' id='word_1_44' title='bbox 2089 490 2443 546; x_wconf 87' lang='lat' dir='ltr'><strong>lectationum</strong></span> <span class='ocrx_word' id='word_1_45' title='bbox 2488 490 2773 560; x_wconf 84' lang='lat' dir='ltr'><strong>primitias.</strong></span> <span class='ocrx_word' id='word_1_46' title='bbox 2806 490 3096 562; x_wconf 83' lang='lat' dir='ltr'><strong>ipsumque</strong></span> <span class='ocrx_word' id='word_1_47' title='bbox 3142 501 3317 548; x_wconf 88' lang='lat' dir='ltr'><strong>totum</strong></span> <span class='ocrx_word' id='word_1_48' title='bbox 3357 495 3718 567; x_wconf 67' lang='lat' dir='ltr'><strong>coniugium</strong></span> 
     </span>
    </p>
   </div>
   <div class='ocr_carea' id='block_1_6' title="bbox 403 582 3721 659">
    <p class='ocr_par' dir='ltr' id='par_1_6' title="bbox 403 582 3721 659">
     <span class='ocr_line' id='line_1_6' title="bbox 403 582 3721 659; baseline -0.001 -13"><span class='ocrx_word' id='word_1_49' title='bbox 403 591 553 646; x_wconf 90' lang='lat' dir='ltr'><strong>omni</strong></span> <span class='ocrx_word' id='word_1_50' title='bbox 596 591 756 645; x_wconf 88' lang='lat' dir='ltr'><strong>modo</strong></span> <span class='ocrx_word' id='word_1_51' title='bbox 801 589 1085 659; x_wconf 84' lang='lat' dir='ltr'><strong>quidpiam</strong></span> <span class='ocrx_word' id='word_1_52' title='bbox 1119 586 1199 642; x_wconf 88' lang='lat' dir='ltr'><strong>eis</strong></span> <span class='ocrx_word' id='word_1_53' title='bbox 1236 602 1532 643; x_wconf 83' lang='lat' dir='ltr'><strong>commune</strong></span> <span class='ocrx_word' id='word_1_54' title='bbox 1560 585 1773 649; x_wconf 81' lang='lat' dir='ltr'><strong>fuisset,</strong></span> <span class='ocrx_word' id='word_1_55' title='bbox 1810 590 1991 638; x_wconf 89' lang='lat' dir='ltr'><strong>motus</strong></span> <span class='ocrx_word' id='word_1_56' title='bbox 2091 597 2191 653; x_wconf 89' lang='lat' dir='ltr'><strong>per</strong></span> <span class='ocrx_word' id='word_1_57' title='bbox 2210 584 2431 655; x_wconf 84' lang='lat' dir='ltr'><strong>pinnam</strong></span> <span class='ocrx_word' id='word_1_58' title='bbox 2457 583 2671 654; x_wconf 77' lang='lat' dir='ltr'><strong>hepatia</strong></span> <span class='ocrx_word' id='word_1_59' title='bbox 2698 592 2756 638; x_wconf 86' lang='lat' dir='ltr'><strong>et</strong></span> <span class='ocrx_word' id='word_1_60' title='bbox 2787 598 2982 638; x_wconf 84' lang='lat' dir='ltr'><strong>renum</strong></span> <span class='ocrx_word' id='word_1_61' title='bbox 3009 582 3195 649; x_wconf 73' lang='lat' dir='ltr'><strong>oﬂ&#39;ert,</strong></span> <span class='ocrx_word' id='word_1_62' title='bbox 3217 596 3482 656; x_wconf 85' lang='lat' dir='ltr'><strong>recteque</strong></span> <span class='ocrx_word' id='word_1_63' title='bbox 3501 597 3721 657; x_wconf 80' lang='lat' dir='ltr'><strong>potest</strong></span> 
     </span>
    </p>
   </div>
   <div class='ocr_carea' id='block_1_7' title="bbox 403 673 3716 746">
    <p class='ocr_par' dir='ltr' id='par_1_7' title="bbox 403 673 3716 746">
     <span class='ocr_line' id='line_1_7' title="bbox 403 673 3716 746; baseline -0.002 -6"><span class='ocrx_word' id='word_1_64' title='bbox 403 685 552 740; x_wconf 87' lang='lat' dir='ltr'><strong>enim</strong></span> <span class='ocrx_word' id='word_1_65' title='bbox 593 682 860 741; x_wconf 79' lang='lat' dir='ltr'><strong>irascendi</strong></span> <span class='ocrx_word' id='word_1_66' title='bbox 912 681 968 735; x_wconf 92' lang='lat' dir='ltr'><strong>in</strong></span> <span class='ocrx_word' id='word_1_67' title='bbox 1010 680 1198 744; x_wconf 85' lang='lat' dir='ltr'><strong>corde,</strong></span> <span class='ocrx_word' id='word_1_68' title='bbox 1227 680 1280 734; x_wconf 90' lang='lat' dir='ltr'><strong>in</strong></span> <span class='ocrx_word' id='word_1_69' title='bbox 1317 678 1543 734; x_wconf 78' lang='lat' dir='ltr'><strong>renibus</strong></span> <span class='ocrx_word' id='word_1_70' title='bbox 1566 685 1748 731; x_wconf 86' lang='lat' dir='ltr'><strong>autem</strong></span> <span class='ocrx_word' id='word_1_71' title='bbox 1782 691 1992 731; x_wconf 79' lang='lat' dir='ltr'><strong>mcmo-</strong></span> <span class='ocrx_word' id='word_1_72' title='bbox 2091 689 2248 729; x_wconf 87' lang='lat' dir='ltr'><strong>suam</strong></span> <span class='ocrx_word' id='word_1_73' title='bbox 2285 673 2755 729; x_wconf 77' lang='lat' dir='ltr'><strong>conversationem</strong></span> <span class='ocrx_word' id='word_1_74' title='bbox 2797 675 2867 731; x_wconf 89' lang='lat' dir='ltr'><strong>ad</strong></span> <span class='ocrx_word' id='word_1_75' title='bbox 2913 690 3220 746; x_wconf 84' lang='lat' dir='ltr'><strong>supernum</strong></span> <span class='ocrx_word' id='word_1_76' title='bbox 3245 677 3422 733; x_wconf 87' lang='lat' dir='ltr'><strong>altare</strong></span> <span class='ocrx_word' id='word_1_77' title='bbox 3460 678 3716 743; x_wconf 72' lang='lat' dir='ltr'><strong>uilem,</strong></span> 
     </span>
    </p>
   </div>
   <div class='ocr_carea' id='block_1_8' title="bbox 406 766 3717 847">
    <p class='ocr_par' dir='ltr' id='par_1_8' title="bbox 406 766 3717 847">
     <span class='ocr_line' id='line_1_8' title="bbox 406 766 3717 847; baseline -0.002 -16"><span class='ocrx_word' id='word_1_78' title='bbox 406 778 541 832; x_wconf 85' lang='lat' dir='ltr'><strong>riam</strong></span> <span class='ocrx_word' id='word_1_79' title='bbox 586 776 705 845; x_wconf 86' lang='lat' dir='ltr'><strong>ejus</strong></span> <span class='ocrx_word' id='word_1_80' title='bbox 747 776 927 847; x_wconf 84' lang='lat' dir='ltr'><strong>jacere</strong></span> <span class='ocrx_word' id='word_1_81' title='bbox 972 771 1166 828; x_wconf 86' lang='lat' dir='ltr'><strong>medici</strong></span> <span class='ocrx_word' id='word_1_82' title='bbox 1213 771 1424 827; x_wconf 91' lang='lat' dir='ltr'><strong>dicunt.</strong></span> <span class='ocrx_word' id='word_1_83' title='bbox 1478 768 1628 825; x_wconf 76' lang='lat' dir='ltr'><strong>Unde</strong></span> <span class='ocrx_word' id='word_1_84' title='bbox 1668 768 1993 822; x_wconf 64' lang='lat' dir='ltr'><strong>innocentiae</strong></span> <span class='ocrx_word' id='word_1_85' title='bbox 2091 773 2149 821; x_wconf 83' lang='lat' dir='ltr'><strong>et</strong></span> <span class='ocrx_word' id='word_1_86' title='bbox 2171 781 2335 837; x_wconf 82' lang='lat' dir='ltr'><strong>super</strong></span> <span class='ocrx_word' id='word_1_87' title='bbox 2365 766 2683 821; x_wconf 79' lang='lat' dir='ltr'><strong>holocausta</strong></span> <span class='ocrx_word' id='word_1_88' title='bbox 2707 804 2722 829; x_wconf 88' lang='lat'><strong>,</strong></span> <span class='ocrx_word' id='word_1_89' title='bbox 2744 776 2800 821; x_wconf 92' lang='lat' dir='ltr'><strong>et</strong></span> <span class='ocrx_word' id='word_1_90' title='bbox 2825 782 2990 837; x_wconf 81' lang='lat' dir='ltr'><strong>super</strong></span> <span class='ocrx_word' id='word_1_91' title='bbox 3017 768 3161 839; x_wconf 82' lang='lat' dir='ltr'><strong>ligna</strong></span> <span class='ocrx_word' id='word_1_92' title='bbox 3190 783 3313 838; x_wconf 68' lang='lat' dir='ltr'><strong>qua</strong></span> <span class='ocrx_word' id='word_1_93' title='bbox 3345 780 3491 825; x_wconf 81' lang='lat' dir='ltr'><strong>sunt</strong></span> <span class='ocrx_word' id='word_1_94' title='bbox 3519 785 3717 842; x_wconf 69' lang='lat' dir='ltr'><strong>super</strong></span> 
     </span>
    </p>
   </div>
   <div class='ocr_carea' id='block_1_9' title="bbox 409 856 3715 939">
    <p class='ocr_par' dir='ltr' id='par_1_9' title="bbox 409 856 3715 939">
     <span class='ocr_line' id='line_1_9' title="bbox 409 856 3715 939; baseline -0.002 -17"><span class='ocrx_word' id='word_1_95' title='bbox 409 867 514 922; x_wconf 87' lang='lat' dir='ltr'><strong>sibi</strong></span> <span class='ocrx_word' id='word_1_96' title='bbox 559 864 929 920; x_wconf 88' lang='lat' dir='ltr'><strong>testimonium</strong></span> <span class='ocrx_word' id='word_1_97' title='bbox 972 862 1283 939; x_wconf 74' lang='lat' dir='ltr'><strong>perhibetis</strong></span> <span class='ocrx_word' id='word_1_98' title='bbox 1299 860 1464 916; x_wconf 86' lang='lat' dir='ltr'><strong>David</strong></span> <span class='ocrx_word' id='word_1_99' title='bbox 1484 878 1506 914; x_wconf 61' lang='grc' dir='ltr'><strong>ηε</strong></span> <span class='ocrx_word' id='word_1_100' title='bbox 1539 857 1735 912; x_wconf 79' lang='lat' dir='ltr'><strong>Judica</strong></span> <span class='ocrx_word' id='word_1_101' title='bbox 1763 873 1864 923; x_wconf 86' lang='lat' dir='ltr'><strong>me,</strong></span> <span class='ocrx_word' id='word_1_102' title='bbox 1889 856 1993 910; x_wconf 89' lang='lat' dir='ltr'><strong>Do-</strong></span> <span class='ocrx_word' id='word_1_103' title='bbox 2094 858 2238 929; x_wconf 79' lang='lat' dir='ltr'><strong>igne.</strong></span> <span class='ocrx_word' id='word_1_104' title='bbox 2280 858 2593 913; x_wconf 89' lang='lat' dir='ltr'><strong>Secundum</strong></span> <span class='ocrx_word' id='word_1_105' title='bbox 2636 858 2784 913; x_wconf 89' lang='lat' dir='ltr'><strong>enim</strong></span> <span class='ocrx_word' id='word_1_106' title='bbox 2818 858 3073 914; x_wconf 83' lang='lat' dir='ltr'><strong>mandata</strong></span> <span class='ocrx_word' id='word_1_107' title='bbox 3124 861 3715 929; x_wconf 71' lang='lat' dir='ltr'><strong>spiritus‘eonversa-</strong></span> 
     </span>
    </p>
   </div>
   <div class='ocr_carea' id='block_1_10' title="bbox 410 949 1989 1027">
    <p class='ocr_par' dir='ltr' id='par_1_10' title="bbox 410 949 1989 1027">
     <span class='ocr_line' id='line_1_10' title="bbox 410 949 1989 1027; baseline -0.007 -16"><span class='ocrx_word' id='word_1_108' title='bbox 410 958 567 1022; x_wconf 88' lang='lat' dir='ltr'><strong>mine,</strong></span> <span class='ocrx_word' id='word_1_109' title='bbox 590 956 838 1027; x_wconf 84' lang='lat' dir='ltr'><strong>quoniam</strong></span> <span class='ocrx_word' id='word_1_110' title='bbox 863 970 955 1024; x_wconf 84' lang='lat' dir='ltr'><strong>ego</strong></span> <span class='ocrx_word' id='word_1_111' title='bbox 976 954 1030 1007; x_wconf 82' lang='lat' dir='ltr'><strong>in</strong></span> <span class='ocrx_word' id='word_1_112' title='bbox 1052 954 1351 1007; x_wconf 84' lang='lat' dir='ltr'><strong>innocentia</strong></span> <span class='ocrx_word' id='word_1_113' title='bbox 1372 968 1485 1006; x_wconf 84' lang='lat' dir='ltr'><strong>mea</strong></span> <span class='ocrx_word' id='word_1_114' title='bbox 1514 951 1783 1020; x_wconf 83' lang='lat' dir='ltr'><strong>ingressus</strong></span> <span class='ocrx_word' id='word_1_115' title='bbox 1793 949 1989 1012; x_wconf 74' lang='lat' dir='ltr'><strong>sum”,</strong></span> 
     </span>
    </p>
   </div>
   <div class='ocr_carea' id='block_1_11' title="bbox 408 1039 1992 1115">
    <p class='ocr_par' dir='ltr' id='par_1_11' title="bbox 408 1039 1992 1115">
     <span class='ocr_line' id='line_1_11' title="bbox 408 1039 1992 1115; baseline -0.005 -14"><span class='ocrx_word' id='word_1_116' title='bbox 408 1049 504 1115; x_wconf 86' lang='lat' dir='ltr'><strong>ait,</strong></span> <span class='ocrx_word' id='word_1_117' title='bbox 536 1055 591 1102; x_wconf 91' lang='lat' dir='ltr'><strong>et</strong></span> <span class='ocrx_word' id='word_1_118' title='bbox 629 1060 789 1101; x_wconf 87' lang='lat' dir='ltr'><strong>renes</strong></span> <span class='ocrx_word' id='word_1_119' title='bbox 826 1045 937 1109; x_wconf 87' lang='lat' dir='ltr'><strong>uri,</strong></span> <span class='ocrx_word' id='word_1_120' title='bbox 987 1052 1153 1115; x_wconf 79' lang='lat' dir='ltr'><strong>atque</strong></span> <span class='ocrx_word' id='word_1_121' title='bbox 1199 1058 1295 1099; x_wconf 89' lang='lat' dir='ltr'><strong>cor</strong></span> <span class='ocrx_word' id='word_1_122' title='bbox 1333 1043 1647 1114; x_wconf 80' lang='lat' dir='ltr'><strong>postulavit,</strong></span> <span class='ocrx_word' id='word_1_123' title='bbox 1699 1049 1882 1110; x_wconf 87' lang='lat' dir='ltr'><strong>utpote</strong></span> <span class='ocrx_word' id='word_1_124' title='bbox 1905 1039 1992 1094; x_wconf 89' lang='lat' dir='ltr'><strong>cui</strong></span> 
     </span>
    </p>
   </div>
   <div class='ocr_carea' id='block_1_12' title="bbox 409 1132 1995 1209">
    <p class='ocr_par' dir='ltr' id='par_1_12' title="bbox 409 1132 1995 1209">
     <span class='ocr_line' id='line_1_12' title="bbox 409 1132 1995 1209; baseline -0.004 -15"><span class='ocrx_word' id='word_1_125' title='bbox 409 1148 636 1209; x_wconf 86' lang='lat' dir='ltr'><strong>utraque</strong></span> <span class='ocrx_word' id='word_1_126' title='bbox 656 1145 910 1209; x_wconf 85' lang='lat' dir='ltr'><strong>poterant</strong></span> <span class='ocrx_word' id='word_1_127' title='bbox 934 1134 1305 1189; x_wconf 88' lang='lat' dir='ltr'><strong>testimonium</strong></span> <span class='ocrx_word' id='word_1_128' title='bbox 1342 1134 1651 1204; x_wconf 85' lang='lat' dir='ltr'><strong>perbibere.</strong></span> <span class='ocrx_word' id='word_1_129' title='bbox 1686 1132 1744 1186; x_wconf 91' lang='lat' dir='ltr'><strong>ln</strong></span> <span class='ocrx_word' id='word_1_130' title='bbox 1771 1132 1995 1187; x_wconf 82' lang='lat' dir='ltr'><strong>renibus</strong></span> 
     </span>
    </p>
   </div>
   <div class='ocr_carea' id='block_1_13' title="bbox 410 1223 1994 1292">
    <p class='ocr_par' dir='ltr' id='par_1_13' title="bbox 410 1223 1994 1292">
     <span class='ocr_line' id='line_1_13' title="bbox 410 1223 1994 1292; baseline -0.003 -10"><span class='ocrx_word' id='word_1_131' title='bbox 410 1230 527 1286; x_wconf 86' lang='lat' dir='ltr'><strong>istis</strong></span> <span class='ocrx_word' id='word_1_132' title='bbox 566 1231 729 1285; x_wconf 87' lang='lat' dir='ltr'><strong>etiam</strong></span> <span class='ocrx_word' id='word_1_133' title='bbox 776 1225 1002 1283; x_wconf 85' lang='lat' dir='ltr'><strong>seminis</strong></span> <span class='ocrx_word' id='word_1_134' title='bbox 1053 1239 1218 1280; x_wconf 87' lang='lat' dir='ltr'><strong>causa</strong></span> <span class='ocrx_word' id='word_1_135' title='bbox 1262 1225 1539 1292; x_wconf 86' lang='lat' dir='ltr'><strong>est,unde</strong></span> <span class='ocrx_word' id='word_1_136' title='bbox 1572 1233 1628 1278; x_wconf 88' lang='lat' dir='ltr'><strong>et</strong></span> <span class='ocrx_word' id='word_1_137' title='bbox 1655 1223 1994 1279; x_wconf 80' lang='lat' dir='ltr'><strong>communio-</strong></span> 
     </span>
    </p>
   </div>
   <div class='ocr_carea' id='block_1_14' title="bbox 411 1312 1996 1383">
    <p class='ocr_par' dir='ltr' id='par_1_14' title="bbox 411 1312 1996 1383">
     <span class='ocr_line' id='line_1_14' title="bbox 411 1312 1996 1383; baseline -0.004 -12"><span class='ocrx_word' id='word_1_138' title='bbox 411 1333 535 1372; x_wconf 89' lang='lat' dir='ltr'><strong>nem</strong></span> <span class='ocrx_word' id='word_1_139' title='bbox 584 1332 707 1373; x_wconf 90' lang='lat' dir='ltr'><strong>cum</strong></span> <span class='ocrx_word' id='word_1_140' title='bbox 757 1313 1058 1370; x_wconf 77' lang='lat' dir='ltr'><strong>femoribus</strong></span> <span class='ocrx_word' id='word_1_141' title='bbox 1119 1314 1345 1379; x_wconf 86' lang='lat' dir='ltr'><strong>habere,</strong></span> <span class='ocrx_word' id='word_1_142' title='bbox 1390 1314 1521 1383; x_wconf 84' lang='lat' dir='ltr'><strong>quia</strong></span> <span class='ocrx_word' id='word_1_143' title='bbox 1565 1313 1666 1382; x_wconf 90' lang='lat' dir='ltr'><strong>ipsi</strong></span> <span class='ocrx_word' id='word_1_144' title='bbox 1712 1312 1996 1367; x_wconf 83' lang='lat' dir='ltr'><strong>coitalibus</strong></span> 
     </span>
    </p>
   </div>
   <div class='ocr_carea' id='block_1_15' title="bbox 412 1400 1997 1474">
    <p class='ocr_par' dir='ltr' id='par_1_15' title="bbox 412 1400 1997 1474">
     <span class='ocr_line' id='line_1_15' title="bbox 412 1400 1997 1474; baseline -0.005 -13"><span class='ocrx_word' id='word_1_145' title='bbox 412 1407 719 1463; x_wconf 81' lang='lat' dir='ltr'><strong>actionibus</strong></span> <span class='ocrx_word' id='word_1_146' title='bbox 758 1406 866 1462; x_wconf 87' lang='lat' dir='ltr'><strong>vim</strong></span> <span class='ocrx_word' id='word_1_147' title='bbox 908 1402 1151 1474; x_wconf 67' lang='lat' dir='ltr'><strong>praebere</strong></span> <span class='ocrx_word' id='word_1_148' title='bbox 1181 1411 1467 1474; x_wconf 87' lang='lat' dir='ltr'><strong>putantur.</strong></span> <span class='ocrx_word' id='word_1_149' title='bbox 1515 1400 1675 1456; x_wconf 87' lang='lat' dir='ltr'><strong>Unde</strong></span> <span class='ocrx_word' id='word_1_150' title='bbox 1698 1400 1864 1455; x_wconf 82' lang='lat' dir='ltr'><strong>Jacob</strong></span> <span class='ocrx_word' id='word_1_151' title='bbox 1905 1416 1997 1470; x_wconf 87' lang='lat' dir='ltr'><strong>pa-</strong></span> 
     </span>
    </p>
   </div>
   <div class='ocr_carea' id='block_1_16' title="bbox 414 1492 1996 1563">
    <p class='ocr_par' dir='ltr' id='par_1_16' title="bbox 414 1492 1996 1563">
     <span class='ocr_line' id='line_1_16' title="bbox 414 1492 1996 1563; baseline -0.004 -9"><span class='ocrx_word' id='word_1_152' title='bbox 414 1500 649 1554; x_wconf 87' lang='lat' dir='ltr'><strong>triarcha</strong></span> <span class='ocrx_word' id='word_1_153' title='bbox 691 1497 908 1552; x_wconf 90' lang='lat' dir='ltr'><strong>dicebat</strong></span> <span class='ocrx_word' id='word_1_154' title='bbox 972 1512 986 1550; x_wconf 89' lang='lat'><strong>:</strong></span> <span class='ocrx_word' id='word_1_155' title='bbox 1046 1494 1166 1549; x_wconf 81' lang='lat' dir='ltr'><strong>Non</strong></span> <span class='ocrx_word' id='word_1_156' title='bbox 1215 1496 1396 1549; x_wconf 23' lang='lat' dir='ltr'><strong>deerit.</strong></span> <span class='ocrx_word' id='word_1_157' title='bbox 1423 1503 1682 1563; x_wconf 77' lang='lat' dir='ltr'><strong>sceptrum</strong></span> <span class='ocrx_word' id='word_1_158' title='bbox 1719 1494 1782 1547; x_wconf 86' lang='lat' dir='ltr'><strong>de</strong></span> <span class='ocrx_word' id='word_1_159' title='bbox 1833 1492 1996 1556; x_wconf 82' lang='lat' dir='ltr'><strong>Juda,</strong></span> 
     </span>
    </p>
   </div>
   <div class='ocr_carea' id='block_1_17' title="bbox 415 1583 1998 1658">
    <p class='ocr_par' dir='ltr' id='par_1_17' title="bbox 415 1583 1998 1658">
     <span class='ocr_line' id='line_1_17' title="bbox 415 1583 1998 1658; baseline -0.003 -16"><span class='ocrx_word' id='word_1_160' title='bbox 415 1605 507 1644; x_wconf 79' lang='lat' dir='ltr'><strong>nec</strong></span> <span class='ocrx_word' id='word_1_161' title='bbox 535 1590 642 1643; x_wconf 77' lang='lat' dir='ltr'><strong>dux</strong></span> <span class='ocrx_word' id='word_1_162' title='bbox 667 1588 729 1642; x_wconf 85' lang='lat' dir='ltr'><strong>de</strong></span> <span class='ocrx_word' id='word_1_163' title='bbox 756 1587 1038 1658; x_wconf 79' lang='lat' dir='ltr'><strong>femoribus</strong></span> <span class='ocrx_word' id='word_1_164' title='bbox 1063 1586 1237 1655; x_wconf 83' lang='lat' dir='ltr'><strong>ejus“</strong></span> <span class='ocrx_word' id='word_1_165' title='bbox 1255 1625 1273 1653; x_wconf 86' lang='lat'><strong>,</strong></span> <span class='ocrx_word' id='word_1_166' title='bbox 1299 1600 1395 1656; x_wconf 88' lang='lat' dir='ltr'><strong>per</strong></span> <span class='ocrx_word' id='word_1_167' title='bbox 1416 1585 1624 1640; x_wconf 78' lang='lat' dir='ltr'><strong>femora</strong></span> <span class='ocrx_word' id='word_1_168' title='bbox 1651 1583 1875 1639; x_wconf 84' lang='lat' dir='ltr'><strong>seminis</strong></span> <span class='ocrx_word' id='word_1_169' title='bbox 1901 1584 1998 1638; x_wconf 86' lang='lat' dir='ltr'><strong>de-</strong></span> 
     </span>
    </p>
   </div>
   <div class='ocr_carea' id='block_1_18' title="bbox 416 1673 1998 1746">
    <p class='ocr_par' dir='ltr' id='par_1_18' title="bbox 416 1673 1998 1746">
     <span class='ocr_line' id='line_1_18' title="bbox 416 1673 1998 1746; baseline -0.004 -12"><span class='ocrx_word' id='word_1_170' title='bbox 416 1680 741 1735; x_wconf 84' lang='lat' dir='ltr'><strong>rivationem</strong></span> <span class='ocrx_word' id='word_1_171' title='bbox 822 1693 920 1733; x_wconf 84' lang='lat' dir='ltr'><strong>seu</strong></span> <span class='ocrx_word' id='word_1_172' title='bbox 978 1678 1400 1734; x_wconf 82' lang='lat' dir='ltr'><strong>descensionem</strong></span> <span class='ocrx_word' id='word_1_173' title='bbox 1472 1676 1808 1746; x_wconf 87' lang='lat' dir='ltr'><strong>signiﬁcans.</strong></span> <span class='ocrx_word' id='word_1_174' title='bbox 1871 1673 1998 1729; x_wconf 84' lang='lat' dir='ltr'><strong>Vult</strong></span> 
     </span>
    </p>
   </div>
   <div class='ocr_carea' id='block_1_19' title="bbox 415 1766 1999 1841">
    <p class='ocr_par' dir='ltr' id='par_1_19' title="bbox 415 1766 1999 1841">
     <span class='ocr_line' id='line_1_19' title="bbox 415 1766 1999 1841; baseline -0.001 -18"><span class='ocrx_word' id='word_1_175' title='bbox 415 1784 546 1841; x_wconf 80' lang='lat' dir='ltr'><strong>ergo</strong></span> <span class='ocrx_word' id='word_1_176' title='bbox 578 1779 632 1824; x_wconf 90' lang='lat' dir='ltr'><strong>et</strong></span> <span class='ocrx_word' id='word_1_177' title='bbox 664 1768 972 1839; x_wconf 87' lang='lat' dir='ltr'><strong>nuptiarum</strong></span> <span class='ocrx_word' id='word_1_178' title='bbox 1000 1767 1329 1822; x_wconf 78' lang='lat' dir='ltr'><strong>desiderium</strong></span> <span class='ocrx_word' id='word_1_179' title='bbox 1352 1766 1536 1821; x_wconf 77' lang='lat' dir='ltr'><strong>oli‘erri</strong></span> <span class='ocrx_word' id='word_1_180' title='bbox 1574 1767 1706 1832; x_wconf 91' lang='lat' dir='ltr'><strong>Deo,</strong></span> <span class='ocrx_word' id='word_1_181' title='bbox 1745 1774 1803 1821; x_wconf 92' lang='lat' dir='ltr'><strong>ut</strong></span> <span class='ocrx_word' id='word_1_182' title='bbox 1830 1766 1999 1836; x_wconf 88' lang='lat' dir='ltr'><strong>prolis</strong></span> 
     </span>
    </p>
   </div>
   <div class='ocr_carea' id='block_1_20' title="bbox 414 1858 1998 1929">
    <p class='ocr_par' dir='ltr' id='par_1_20' title="bbox 414 1858 1998 1929">
     <span class='ocr_line' id='line_1_20' title="bbox 414 1858 1998 1929; baseline -0.002 -14"><span class='ocrx_word' id='word_1_183' title='bbox 414 1875 601 1925; x_wconf 87' lang='lat' dir='ltr'><strong>causa,</strong></span> <span class='ocrx_word' id='word_1_184' title='bbox 657 1875 766 1914; x_wconf 90' lang='lat' dir='ltr'><strong>non</strong></span> <span class='ocrx_word' id='word_1_185' title='bbox 817 1858 1190 1917; x_wconf 80' lang='lat' dir='ltr'><strong>fornicationis</strong></span> <span class='ocrx_word' id='word_1_186' title='bbox 1239 1859 1541 1929; x_wconf 82' lang='lat' dir='ltr'><strong>proveniat,</strong></span> <span class='ocrx_word' id='word_1_187' title='bbox 1591 1868 1648 1914; x_wconf 92' lang='lat' dir='ltr'><strong>et</strong></span> <span class='ocrx_word' id='word_1_188' title='bbox 1682 1858 1998 1915; x_wconf 85' lang='lat' dir='ltr'><strong>bonorabile</strong></span> 
     </span>
    </p>
   </div>
   <div class='ocr_carea' id='block_1_21' title="bbox 416 1949 2000 2021">
    <p class='ocr_par' dir='ltr' id='par_1_21' title="bbox 416 1949 2000 2021">
     <span class='ocr_line' id='line_1_21' title="bbox 416 1949 2000 2021; baseline -0.001 -15"><span class='ocrx_word' id='word_1_189' title='bbox 416 1953 488 2006; x_wconf 90' lang='lat' dir='ltr'><strong>sit</strong></span> <span class='ocrx_word' id='word_1_190' title='bbox 539 1950 874 2021; x_wconf 76' lang='lat' dir='ltr'><strong>coniugium,</strong></span> <span class='ocrx_word' id='word_1_191' title='bbox 901 1957 955 2003; x_wconf 91' lang='lat' dir='ltr'><strong>et</strong></span> <span class='ocrx_word' id='word_1_192' title='bbox 996 1958 1150 2004; x_wconf 89' lang='lat' dir='ltr'><strong>torus</strong></span> <span class='ocrx_word' id='word_1_193' title='bbox 1190 1950 1592 2011; x_wconf 75' lang='lat' dir='ltr'><strong>inmaculatus.</strong></span> <span class='ocrx_word' id='word_1_194' title='bbox 1651 1949 1760 2004; x_wconf 89' lang='lat' dir='ltr'><strong>Sed</strong></span> <span class='ocrx_word' id='word_1_195' title='bbox 1798 1959 1855 2004; x_wconf 89' lang='lat' dir='ltr'><strong>et</strong></span> <span class='ocrx_word' id='word_1_196' title='bbox 1895 1949 2000 2005; x_wconf 81' lang='lat' dir='ltr'><strong>hoc</strong></span> 
     </span>
    </p>
   </div>
   <div class='ocr_carea' id='block_1_22' title="bbox 415 2042 1999 2115">
    <p class='ocr_par' dir='ltr' id='par_1_22' title="bbox 415 2042 1999 2115">
     <span class='ocr_line' id='line_1_22' title="bbox 415 2042 1999 2115; baseline -0.001 -17"><span class='ocrx_word' id='word_1_197' title='bbox 415 2044 559 2115; x_wconf 89' lang='lat' dir='ltr'><strong>quod</strong></span> <span class='ocrx_word' id='word_1_198' title='bbox 589 2043 646 2098; x_wconf 90' lang='lat' dir='ltr'><strong>in</strong></span> <span class='ocrx_word' id='word_1_199' title='bbox 684 2042 846 2097; x_wconf 88' lang='lat' dir='ltr'><strong>nobis</strong></span> <span class='ocrx_word' id='word_1_200' title='bbox 873 2051 958 2099; x_wconf 91' lang='lat' dir='ltr'><strong>est</strong></span> <span class='ocrx_word' id='word_1_201' title='bbox 989 2042 1283 2105; x_wconf 87' lang='lat' dir='ltr'><strong>irascibile,</strong></span> <span class='ocrx_word' id='word_1_202' title='bbox 1324 2044 1433 2097; x_wconf 89' lang='lat' dir='ltr'><strong>Deo</strong></span> <span class='ocrx_word' id='word_1_203' title='bbox 1479 2042 1643 2097; x_wconf 79' lang='lat' dir='ltr'><strong>debet</strong></span> <span class='ocrx_word' id='word_1_204' title='bbox 1671 2042 1850 2097; x_wconf 74' lang='lat' dir='ltr'><strong>oti‘erri</strong></span> <span class='ocrx_word' id='word_1_205' title='bbox 1877 2059 1896 2107; x_wconf 83' lang='lat'><strong>;</strong></span> <span class='ocrx_word' id='word_1_206' title='bbox 1920 2043 1999 2096; x_wconf 84' lang='lat' dir='ltr'><strong>sie</strong></span> 
     </span>
    </p>
   </div>
   <div class='ocr_carea' id='block_1_23' title="bbox 416 2131 1999 2203">
    <p class='ocr_par' dir='ltr' id='par_1_23' title="bbox 416 2131 1999 2203">
     <span class='ocr_line' id='line_1_23' title="bbox 416 2131 1999 2203; baseline -0.001 -17"><span class='ocrx_word' id='word_1_207' title='bbox 416 2132 564 2186; x_wconf 84' lang='lat' dir='ltr'><strong>enim</strong></span> <span class='ocrx_word' id='word_1_208' title='bbox 597 2147 707 2185; x_wconf 90' lang='lat' dir='ltr'><strong>non</strong></span> <span class='ocrx_word' id='word_1_209' title='bbox 751 2131 821 2186; x_wconf 89' lang='lat' dir='ltr'><strong>ad</strong></span> <span class='ocrx_word' id='word_1_210' title='bbox 873 2131 1249 2201; x_wconf 81' lang='lat' dir='ltr'><strong>operationem</strong></span> <span class='ocrx_word' id='word_1_211' title='bbox 1281 2131 1510 2203; x_wconf 85' lang='lat' dir='ltr'><strong>peccati,</strong></span> <span class='ocrx_word' id='word_1_212' title='bbox 1554 2132 1651 2185; x_wconf 84' lang='lat' dir='ltr'><strong>sed</strong></span> <span class='ocrx_word' id='word_1_213' title='bbox 1681 2132 1746 2184; x_wconf 90' lang='lat' dir='ltr'><strong>ad</strong></span> <span class='ocrx_word' id='word_1_214' title='bbox 1782 2131 1999 2187; x_wconf 76' lang='lat' dir='ltr'><strong>destru-</strong></span> 
     </span>
    </p>
   </div>
   <div class='ocr_carea' id='block_1_24' title="bbox 416 2222 1998 2293">
    <p class='ocr_par' dir='ltr' id='par_1_24' title="bbox 416 2222 1998 2293">
     <span class='ocr_line' id='line_1_24' title="bbox 416 2222 1998 2293; baseline 0 -16"><span class='ocrx_word' id='word_1_215' title='bbox 416 2224 657 2277; x_wconf 88' lang='lat' dir='ltr'><strong>ctionem</strong></span> <span class='ocrx_word' id='word_1_216' title='bbox 679 2223 882 2293; x_wconf 82' lang='lat' dir='ltr'><strong>peccati</strong></span> <span class='ocrx_word' id='word_1_217' title='bbox 913 2222 1069 2277; x_wconf 88' lang='lat' dir='ltr'><strong>irasci</strong></span> <span class='ocrx_word' id='word_1_218' title='bbox 1114 2224 1436 2291; x_wconf 85' lang='lat' dir='ltr'><strong>poterimus,</strong></span> <span class='ocrx_word' id='word_1_219' title='bbox 1465 2230 1522 2275; x_wconf 92' lang='lat' dir='ltr'><strong>et</strong></span> <span class='ocrx_word' id='word_1_220' title='bbox 1554 2222 1720 2277; x_wconf 87' lang='lat' dir='ltr'><strong>David</strong></span> <span class='ocrx_word' id='word_1_221' title='bbox 1754 2223 1807 2276; x_wconf 91' lang='lat' dir='ltr'><strong>in</strong></span> <span class='ocrx_word' id='word_1_222' title='bbox 1835 2223 1998 2277; x_wconf 69' lang='lat' dir='ltr'><strong>nobis</strong></span> 
     </span>
    </p>
   </div>
   <div class='ocr_carea' id='block_1_25' title="bbox 416 2313 1996 2385">
    <p class='ocr_par' dir='ltr' id='par_1_25' title="bbox 416 2313 1996 2385">
     <span class='ocr_line' id='line_1_25' title="bbox 416 2313 1996 2385; baseline -0.001 -16"><span class='ocrx_word' id='word_1_223' title='bbox 416 2314 729 2385; x_wconf 87' lang='lat' dir='ltr'><strong>implebitur</strong></span> <span class='ocrx_word' id='word_1_224' title='bbox 799 2313 1133 2385; x_wconf 81' lang='lat' dir='ltr'><strong>Scriptura:</strong></span> <span class='ocrx_word' id='word_1_225' title='bbox 1185 2314 1509 2376; x_wconf 78' lang='lat' dir='ltr'><strong>Irascimini,</strong></span> <span class='ocrx_word' id='word_1_226' title='bbox 1557 2324 1605 2367; x_wconf 83' lang='lat' dir='ltr'><strong>et</strong></span> <span class='ocrx_word' id='word_1_227' title='bbox 1659 2313 1819 2368; x_wconf 80' lang='lat' dir='ltr'><strong>nolite</strong></span> <span class='ocrx_word' id='word_1_228' title='bbox 1876 2330 1996 2381; x_wconf 84' lang='lat' dir='ltr'><strong>pec-</strong></span> 
     </span>
    </p>
   </div>
   <div class='ocr_carea' id='block_1_26' title="bbox 414 2405 2001 2475">
    <p class='ocr_par' dir='ltr' id='par_1_26' title="bbox 414 2405 2001 2475">
     <span class='ocr_line' id='line_1_26' title="bbox 414 2405 2001 2475; baseline 0 -16"><span class='ocrx_word' id='word_1_229' title='bbox 414 2423 538 2460; x_wconf 83' lang='lat' dir='ltr'><strong>care</strong></span> <span class='ocrx_word' id='word_1_230' title='bbox 559 2407 622 2458; x_wconf 78' lang='grc'><strong>³³.</strong></span> <span class='ocrx_word' id='word_1_231' title='bbox 659 2406 795 2471; x_wconf 85' lang='lat' dir='ltr'><strong>Quia</strong></span> <span class='ocrx_word' id='word_1_232' title='bbox 823 2406 973 2461; x_wconf 89' lang='lat' dir='ltr'><strong>enim</strong></span> <span class='ocrx_word' id='word_1_233' title='bbox 994 2414 1078 2463; x_wconf 88' lang='lat' dir='ltr'><strong>est</strong></span> <span class='ocrx_word' id='word_1_234' title='bbox 1106 2405 1185 2460; x_wconf 86' lang='lat' dir='ltr'><strong>ira</strong></span> <span class='ocrx_word' id='word_1_235' title='bbox 1211 2406 1434 2474; x_wconf 81' lang='lat' dir='ltr'><strong>placens</strong></span> <span class='ocrx_word' id='word_1_236' title='bbox 1470 2405 1603 2464; x_wconf 87' lang='lat' dir='ltr'><strong>Deo.</strong></span> <span class='ocrx_word' id='word_1_237' title='bbox 1636 2406 1853 2475; x_wconf 76' lang='lat' dir='ltr'><strong>quando</strong></span> <span class='ocrx_word' id='word_1_238' title='bbox 1888 2421 2001 2459; x_wconf 89' lang='lat' dir='ltr'><strong>non</strong></span> 
     </span>
    </p>
   </div>
   <div class='ocr_carea' id='block_1_27' title="bbox 417 2482 2000 2566">
    <p class='ocr_par' dir='ltr' id='par_1_27' title="bbox 417 2482 2000 2566">
     <span class='ocr_line' id='line_1_27' title="bbox 417 2482 2000 2566; baseline 0.001 -16"><span class='ocrx_word' id='word_1_239' title='bbox 417 2497 485 2550; x_wconf 85' lang='lat' dir='ltr'><strong>ad</strong></span> <span class='ocrx_word' id='word_1_240' title='bbox 517 2496 848 2559; x_wconf 86' lang='lat' dir='ltr'><strong>nocendum,</strong></span> <span class='ocrx_word' id='word_1_241' title='bbox 879 2497 972 2550; x_wconf 88' lang='lat' dir='ltr'><strong>sed</strong></span> <span class='ocrx_word' id='word_1_242' title='bbox 1010 2498 1076 2550; x_wconf 84' lang='lat' dir='ltr'><strong>ad</strong></span> <span class='ocrx_word' id='word_1_243' title='bbox 1110 2496 1494 2566; x_wconf 77' lang='lat' dir='ltr'><strong>corrigendum</strong></span> <span class='ocrx_word' id='word_1_244' title='bbox 1536 2482 1792 2565; x_wconf 29' lang='lat' dir='ltr'><strong>proiicit,</strong></span> <span class='ocrx_word' id='word_1_245' title='bbox 1804 2499 2000 2566; x_wconf 84' lang='lat' dir='ltr'><strong>probat</strong></span> 
     </span>
    </p>
   </div>
   <div class='ocr_carea' id='block_1_28' title="bbox 418 2586 1995 2657">
    <p class='ocr_par' dir='ltr' id='par_1_28' title="bbox 418 2586 1995 2657">
     <span class='ocr_line' id='line_1_28' title="bbox 418 2586 1995 2657; baseline 0.001 -18"><span class='ocrx_word' id='word_1_246' title='bbox 418 2598 626 2656; x_wconf 79' lang='lat' dir='ltr'><strong>aperte,</strong></span> <span class='ocrx_word' id='word_1_247' title='bbox 665 2586 808 2655; x_wconf 91' lang='lat' dir='ltr'><strong>quod</strong></span> <span class='ocrx_word' id='word_1_248' title='bbox 838 2587 1077 2656; x_wconf 85' lang='lat' dir='ltr'><strong>primum</strong></span> <span class='ocrx_word' id='word_1_249' title='bbox 1099 2587 1172 2642; x_wconf 86' lang='lat' dir='ltr'><strong>de</strong></span> <span class='ocrx_word' id='word_1_250' title='bbox 1200 2586 1378 2657; x_wconf 78' lang='lat' dir='ltr'><strong>Moyse</strong></span> <span class='ocrx_word' id='word_1_251' title='bbox 1412 2587 1467 2641; x_wconf 90' lang='lat' dir='ltr'><strong>in</strong></span> <span class='ocrx_word' id='word_1_252' title='bbox 1502 2586 1686 2641; x_wconf 75' lang='lat' dir='ltr'><strong>Exodo</strong></span> <span class='ocrx_word' id='word_1_253' title='bbox 1720 2589 1995 2654; x_wconf 88' lang='lat' dir='ltr'><strong>scribitur,</strong></span> 
     </span>
    </p>
   </div>
   <div class='ocr_carea' id='block_1_29' title="bbox 361 2677 2000 2753">
    <p class='ocr_par' dir='ltr' id='par_1_29' title="bbox 361 2677 2000 2753">
     <span class='ocr_line' id='line_1_29' title="bbox 361 2677 2000 2753; baseline 0 -20"><span class='ocrx_word' id='word_1_254' title='bbox 361 2749 363 2751; x_wconf 17' lang='grc' dir='ltr'><strong><em>ι</em></strong></span> <span class='ocrx_word' id='word_1_255' title='bbox 419 2682 496 2733; x_wconf 85' lang='lat' dir='ltr'><strong>ait</strong></span> <span class='ocrx_word' id='word_1_256' title='bbox 529 2678 715 2753; x_wconf 75' lang='lat' dir='ltr'><strong>ellllll:</strong></span> <span class='ocrx_word' id='word_1_257' title='bbox 751 2677 985 2748; x_wconf 81' lang='lat' dir='ltr'><strong>Cumque</strong></span> <span class='ocrx_word' id='word_1_258' title='bbox 1025 2679 1497 2749; x_wconf 70' lang='lat' dir='ltr'><strong>appropinquasset</strong></span> <span class='ocrx_word' id='word_1_259' title='bbox 1535 2679 1604 2733; x_wconf 84' lang='lat' dir='ltr'><strong>ad</strong></span> <span class='ocrx_word' id='word_1_260' title='bbox 1645 2689 1842 2743; x_wconf 82' lang='lat' dir='ltr'><strong>castra,</strong></span> <span class='ocrx_word' id='word_1_261' title='bbox 1869 2681 2000 2733; x_wconf 78' lang='lat' dir='ltr'><strong>uidit</strong></span> 
     </span>
    </p>
   </div>
   <div class='ocr_carea' id='block_1_30' title="bbox 419 2768 1999 2839">
    <p class='ocr_par' dir='ltr' id='par_1_30' title="bbox 419 2768 1999 2839">
     <span class='ocr_line' id='line_1_30' title="bbox 419 2768 1999 2839; baseline 0.002 -17"><span class='ocrx_word' id='word_1_262' title='bbox 419 2769 663 2831; x_wconf 76' lang='lat' dir='ltr'><strong>vitulum,</strong></span> <span class='ocrx_word' id='word_1_263' title='bbox 699 2777 746 2823; x_wconf 89' lang='lat' dir='ltr'><strong>et</strong></span> <span class='ocrx_word' id='word_1_264' title='bbox 770 2768 972 2835; x_wconf 80' lang='lat' dir='ltr'><strong>choros,</strong></span> <span class='ocrx_word' id='word_1_265' title='bbox 1002 2771 1274 2836; x_wconf 73' lang='lat' dir='ltr'><strong>iratusque</strong></span> <span class='ocrx_word' id='word_1_266' title='bbox 1314 2769 1467 2824; x_wconf 79' lang='lat' dir='ltr'><strong>ualde</strong></span> <span class='ocrx_word' id='word_1_267' title='bbox 1497 2770 1717 2839; x_wconf 82' lang='lat' dir='ltr'><strong>projecit</strong></span> <span class='ocrx_word' id='word_1_268' title='bbox 1748 2777 1811 2825; x_wconf 82' lang='lat' dir='ltr'><strong>de</strong></span> <span class='ocrx_word' id='word_1_269' title='bbox 1838 2788 1999 2825; x_wconf 87' lang='lat' dir='ltr'><strong>manu</strong></span> 
     </span>
    </p>
   </div>
   <div class='ocr_carea' id='block_1_31' title="bbox 422 2860 1998 2930">
    <p class='ocr_par' dir='ltr' id='par_1_31' title="bbox 422 2860 1998 2930">
     <span class='ocr_line' id='line_1_31' title="bbox 422 2860 1998 2930; baseline 0.001 -18"><span class='ocrx_word' id='word_1_270' title='bbox 422 2860 650 2924; x_wconf 80' lang='lat' dir='ltr'><strong>tabulas,</strong></span> <span class='ocrx_word' id='word_1_271' title='bbox 703 2869 751 2913; x_wconf 87' lang='lat' dir='ltr'><strong>et</strong></span> <span class='ocrx_word' id='word_1_272' title='bbox 808 2860 1061 2930; x_wconf 79' lang='lat' dir='ltr'><strong>confregit</strong></span> <span class='ocrx_word' id='word_1_273' title='bbox 1106 2876 1196 2913; x_wconf 84' lang='lat' dir='ltr'><strong>eas</strong></span> <span class='ocrx_word' id='word_1_274' title='bbox 1249 2860 1320 2914; x_wconf 79' lang='lat' dir='ltr'><strong>ad</strong></span> <span class='ocrx_word' id='word_1_275' title='bbox 1368 2861 1571 2913; x_wconf 78' lang='lat' dir='ltr'><strong>radices</strong></span> <span class='ocrx_word' id='word_1_276' title='bbox 1609 2862 1828 2926; x_wconf 85' lang='lat' dir='ltr'><strong>montis,</strong></span> <span class='ocrx_word' id='word_1_277' title='bbox 1854 2863 1998 2914; x_wconf 83' lang='lat' dir='ltr'><strong>arri-</strong></span> 
     </span>
    </p>
   </div>
   <div class='ocr_carea' id='block_1_32' title="bbox 2094 950 3710 1015">
    <p class='ocr_par' dir='ltr' id='par_1_32' title="bbox 2094 950 3710 1015">
     <span class='ocr_line' id='line_1_32' title="bbox 2094 950 3710 1015; baseline 0.002 -10"><span class='ocrx_word' id='word_1_278' title='bbox 2094 960 2203 1015; x_wconf 90' lang='lat' dir='ltr'><strong>tur,</strong></span> <span class='ocrx_word' id='word_1_279' title='bbox 2235 959 2290 1006; x_wconf 82' lang='lat' dir='ltr'><strong>et</strong></span> <span class='ocrx_word' id='word_1_280' title='bbox 2335 950 2510 1005; x_wconf 86' lang='lat' dir='ltr'><strong>hostia</strong></span> <span class='ocrx_word' id='word_1_281' title='bbox 2561 950 2790 1005; x_wconf 88' lang='lat' dir='ltr'><strong>Domino</strong></span> <span class='ocrx_word' id='word_1_282' title='bbox 2835 951 3146 1006; x_wconf 80' lang='lat' dir='ltr'><strong>suavissimi</strong></span> <span class='ocrx_word' id='word_1_283' title='bbox 3186 953 3373 1008; x_wconf 86' lang='lat' dir='ltr'><strong>odoris</strong></span> <span class='ocrx_word' id='word_1_284' title='bbox 3423 953 3710 1009; x_wconf 74' lang='lat' dir='ltr'><strong>dﬁcitur.</strong></span> 
     </span>
    </p>
   </div>
   <div class='ocr_carea' id='block_1_33' title="bbox 2093 1038 3713 1111">
    <p class='ocr_par' dir='ltr' id='par_1_33' title="bbox 2093 1038 3713 1111">
     <span class='ocr_line' id='line_1_33' title="bbox 2093 1038 3713 1111; baseline 0.003 -17"><span class='ocrx_word' id='word_1_285' title='bbox 2093 1038 2277 1095; x_wconf 86' lang='lat' dir='ltr'><strong>Placet</strong></span> <span class='ocrx_word' id='word_1_286' title='bbox 2321 1041 2523 1111; x_wconf 85' lang='lat' dir='ltr'><strong>quippe</strong></span> <span class='ocrx_word' id='word_1_287' title='bbox 2552 1041 2600 1094; x_wconf 87' lang='lat' dir='ltr'><strong>ei</strong></span> <span class='ocrx_word' id='word_1_288' title='bbox 2645 1040 2905 1109; x_wconf 82' lang='lat' dir='ltr'><strong>perlicere</strong></span> <span class='ocrx_word' id='word_1_289' title='bbox 2931 1039 3170 1096; x_wconf 83' lang='lat' dir='ltr'><strong>fructum</strong></span> <span class='ocrx_word' id='word_1_290' title='bbox 3199 1056 3309 1097; x_wconf 90' lang='lat' dir='ltr'><strong>non</strong></span> <span class='ocrx_word' id='word_1_291' title='bbox 3341 1045 3530 1097; x_wconf 82' lang='lat' dir='ltr'><strong>solum</strong></span> <span class='ocrx_word' id='word_1_292' title='bbox 3555 1059 3713 1099; x_wconf 70' lang='lat' dir='ltr'><strong>cen-</strong></span> 
     </span>
    </p>
   </div>
   <div class='ocr_carea' id='block_1_34' title="bbox 2096 1132 3509 1202">
    <p class='ocr_par' dir='ltr' id='par_1_34' title="bbox 2096 1132 3509 1202">
     <span class='ocr_line' id='line_1_34' title="bbox 2096 1132 3509 1202; baseline 0.004 -17"><span class='ocrx_word' id='word_1_293' title='bbox 2096 1132 2371 1197; x_wconf 87' lang='lat' dir='ltr'><strong>tesimum,</strong></span> <span class='ocrx_word' id='word_1_294' title='bbox 2401 1132 2500 1187; x_wconf 86' lang='lat' dir='ltr'><strong>sed</strong></span> <span class='ocrx_word' id='word_1_295' title='bbox 2525 1140 2580 1186; x_wconf 89' lang='lat' dir='ltr'><strong>et</strong></span> <span class='ocrx_word' id='word_1_296' title='bbox 2608 1133 3047 1202; x_wconf 55' lang='lat' dir='ltr'><strong>sexagesimum,</strong></span> <span class='ocrx_word' id='word_1_297' title='bbox 3063 1142 3120 1188; x_wconf 90' lang='lat' dir='ltr'><strong>et</strong></span> <span class='ocrx_word' id='word_1_298' title='bbox 3138 1133 3509 1191; x_wconf 80' lang='lat' dir='ltr'><strong>tricesimum.</strong></span> 
     </span>
    </p>
   </div>
   <div class='ocr_carea' id='block_1_35' title="bbox 2166 1222 3708 1295">
    <p class='ocr_par' dir='ltr' id='par_1_35' title="bbox 2166 1222 3708 1295">
     <span class='ocr_line' id='line_1_35' title="bbox 2166 1222 3708 1295; baseline 0.001 -18"><span class='ocrx_word' id='word_1_299' title='bbox 2166 1222 2326 1278; x_wconf 74' lang='lat' dir='ltr'><strong>Vens.</strong></span> <span class='ocrx_word' id='word_1_300' title='bbox 2351 1223 2503 1276; x_wconf 79' lang='lat' dir='ltr'><strong>ti-l7.</strong></span> <span class='ocrx_word' id='word_1_301' title='bbox 2537 1241 2558 1274; x_wconf 70' lang='grc' dir='ltr'><strong>ε</strong></span> <span class='ocrx_word' id='word_1_302' title='bbox 2590 1222 2647 1275; x_wconf 85' lang='lat' dir='ltr'><strong>Si</strong></span> <span class='ocrx_word' id='word_1_303' title='bbox 2687 1239 2816 1278; x_wconf 86' lang='lat' dir='ltr'><strong>vero</strong></span> <span class='ocrx_word' id='word_1_304' title='bbox 2844 1223 2913 1277; x_wconf 91' lang='lat' dir='ltr'><strong>de</strong></span> <span class='ocrx_word' id='word_1_305' title='bbox 2947 1223 3144 1279; x_wconf 86' lang='lat' dir='ltr'><strong>ovibus</strong></span> <span class='ocrx_word' id='word_1_306' title='bbox 3175 1223 3348 1279; x_wconf 81' lang='lat' dir='ltr'><strong>fuerit</strong></span> <span class='ocrx_word' id='word_1_307' title='bbox 3380 1226 3511 1295; x_wconf 84' lang='lat' dir='ltr'><strong>eius</strong></span> <span class='ocrx_word' id='word_1_308' title='bbox 3540 1224 3708 1279; x_wconf 72' lang='grc' dir='ltr'><strong>οω..</strong></span> 
     </span>
    </p>
   </div>
   <div class='ocr_carea' id='block_1_36' title="bbox 2093 1313 3705 1382">
    <p class='ocr_par' dir='ltr' id='par_1_36' title="bbox 2093 1313 3705 1382">
     <span class='ocr_line' id='line_1_36' title="bbox 2093 1313 3705 1382; baseline 0.002 -15"><span class='ocrx_word' id='word_1_309' title='bbox 2093 1320 2190 1378; x_wconf 83' lang='lat' dir='ltr'><strong>tto,</strong></span> <span class='ocrx_word' id='word_1_310' title='bbox 2240 1322 2296 1367; x_wconf 86' lang='lat' dir='ltr'><strong>et</strong></span> <span class='ocrx_word' id='word_1_311' title='bbox 2342 1313 2690 1382; x_wconf 80' lang='lat' dir='ltr'><strong>paciﬁcorum</strong></span> <span class='ocrx_word' id='word_1_312' title='bbox 2743 1313 2950 1379; x_wconf 81' lang='lat' dir='ltr'><strong>hostia,</strong></span> <span class='ocrx_word' id='word_1_313' title='bbox 3012 1314 3129 1368; x_wconf 85' lang='lat' dir='ltr'><strong>sive</strong></span> <span class='ocrx_word' id='word_1_314' title='bbox 3185 1315 3528 1377; x_wconf 73' lang='lat' dir='ltr'><strong>masculum.</strong></span> <span class='ocrx_word' id='word_1_315' title='bbox 3573 1318 3705 1372; x_wconf 78' lang='lat' dir='ltr'><strong>sive</strong></span> 
     </span>
    </p>
   </div>
   <div class='ocr_carea' id='block_1_37' title="bbox 2095 1403 3705 1476">
    <p class='ocr_par' dir='ltr' id='par_1_37' title="bbox 2095 1403 3705 1476">
     <span class='ocr_line' id='line_1_37' title="bbox 2095 1403 3705 1476; baseline 0.002 -19"><span class='ocrx_word' id='word_1_316' title='bbox 2095 1403 2353 1459; x_wconf 77' lang='lat' dir='ltr'><strong>feminam</strong></span> <span class='ocrx_word' id='word_1_317' title='bbox 2396 1404 2676 1468; x_wconf 85' lang='lat' dir='ltr'><strong>obtulerit,</strong></span> <span class='ocrx_word' id='word_1_318' title='bbox 2732 1404 3078 1460; x_wconf 87' lang='lat' dir='ltr'><strong>immaculata</strong></span> <span class='ocrx_word' id='word_1_319' title='bbox 3117 1415 3302 1459; x_wconf 81' lang='lat' dir='ltr'><strong>erunt.</strong></span> <span class='ocrx_word' id='word_1_320' title='bbox 3358 1404 3417 1460; x_wconf 88' lang='lat' dir='ltr'><strong>Si</strong></span> <span class='ocrx_word' id='word_1_321' title='bbox 3483 1422 3705 1476; x_wconf 52' lang='lat' dir='ltr'><strong>unum</strong></span> 
     </span>
    </p>
   </div>
   <div class='ocr_carea' id='block_1_38' title="bbox 2096 1493 3707 1566">
    <p class='ocr_par' dir='ltr' id='par_1_38' title="bbox 2096 1493 3707 1566">
     <span class='ocr_line' id='line_1_38' title="bbox 2096 1493 3707 1566; baseline 0.001 -19"><span class='ocrx_word' id='word_1_322' title='bbox 2096 1493 2347 1548; x_wconf 87' lang='lat' dir='ltr'><strong>obtulerit</strong></span> <span class='ocrx_word' id='word_1_323' title='bbox 2382 1509 2564 1548; x_wconf 84' lang='lat' dir='ltr'><strong>coram</strong></span> <span class='ocrx_word' id='word_1_324' title='bbox 2589 1493 2836 1556; x_wconf 87' lang='lat' dir='ltr'><strong>Domino,</strong></span> <span class='ocrx_word' id='word_1_325' title='bbox 2867 1504 3036 1564; x_wconf 85' lang='lat' dir='ltr'><strong>ponet</strong></span> <span class='ocrx_word' id='word_1_326' title='bbox 3077 1509 3300 1550; x_wconf 89' lang='lat' dir='ltr'><strong>manum</strong></span> <span class='ocrx_word' id='word_1_327' title='bbox 3323 1510 3504 1565; x_wconf 84' lang='lat' dir='ltr'><strong>super</strong></span> <span class='ocrx_word' id='word_1_328' title='bbox 3529 1507 3707 1566; x_wconf 75' lang='lat' dir='ltr'><strong>caput</strong></span> 
     </span>
    </p>
   </div>
   <div class='ocr_carea' id='block_1_39' title="bbox 2099 1585 3707 1655">
    <p class='ocr_par' dir='ltr' id='par_1_39' title="bbox 2099 1585 3707 1655">
     <span class='ocr_line' id='line_1_39' title="bbox 2099 1585 3707 1655; baseline 0.001 -16"><span class='ocrx_word' id='word_1_329' title='bbox 2099 1585 2332 1640; x_wconf 75' lang='lat' dir='ltr'><strong>victima:</strong></span> <span class='ocrx_word' id='word_1_330' title='bbox 2358 1601 2497 1651; x_wconf 78' lang='lat' dir='ltr'><strong>suae,</strong></span> <span class='ocrx_word' id='word_1_331' title='bbox 2529 1601 2651 1655; x_wconf 67' lang='lat' dir='ltr'><strong>quae</strong></span> <span class='ocrx_word' id='word_1_332' title='bbox 2690 1586 3064 1642; x_wconf 79' lang='lat' dir='ltr'><strong>immolabitur</strong></span> <span class='ocrx_word' id='word_1_333' title='bbox 3099 1587 3159 1641; x_wconf 84' lang='lat' dir='ltr'><strong>in</strong></span> <span class='ocrx_word' id='word_1_334' title='bbox 3194 1588 3472 1643; x_wconf 81' lang='lat' dir='ltr'><strong>vestibulo</strong></span> <span class='ocrx_word' id='word_1_335' title='bbox 3507 1590 3707 1644; x_wconf 79' lang='lat' dir='ltr'><strong>taber-</strong></span> 
     </span>
    </p>
   </div>
   <div class='ocr_carea' id='block_1_40' title="bbox 2096 1676 3708 1752">
    <p class='ocr_par' dir='ltr' id='par_1_40' title="bbox 2096 1676 3708 1752">
     <span class='ocr_line' id='line_1_40' title="bbox 2096 1676 3708 1752; baseline 0.002 -20"><span class='ocrx_word' id='word_1_336' title='bbox 2096 1677 2280 1732; x_wconf 76' lang='lat' dir='ltr'><strong>naculi</strong></span> <span class='ocrx_word' id='word_1_337' title='bbox 2328 1677 2624 1732; x_wconf 86' lang='lat' dir='ltr'><strong>testimonii</strong></span> <span class='ocrx_word' id='word_1_338' title='bbox 2661 1694 2677 1730; x_wconf 87' lang='lat'>:</span> <span class='ocrx_word' id='word_1_339' title='bbox 2723 1677 3066 1747; x_wconf 76' lang='lat' dir='ltr'><strong>fundentquo</strong></span> <span class='ocrx_word' id='word_1_340' title='bbox 3108 1676 3207 1732; x_wconf 85' lang='lat' dir='ltr'><strong>ﬁlii</strong></span> <span class='ocrx_word' id='word_1_341' title='bbox 3245 1677 3432 1734; x_wconf 65' lang='lat' dir='ltr'><strong>Aaron</strong></span> <span class='ocrx_word' id='word_1_342' title='bbox 3461 1682 3708 1752; x_wconf 60' lang='lat' dir='ltr'><strong>suisui-</strong></span> 
     </span>
    </p>
   </div>
   <div class='ocr_carea' id='block_1_41' title="bbox 2099 1754 3704 1838">
    <p class='ocr_par' dir='ltr' id='par_1_41' title="bbox 2099 1754 3704 1838">
     <span class='ocr_line' id='line_1_41' title="bbox 2099 1754 3704 1838; baseline 0.004 -16"><span class='ocrx_word' id='word_1_343' title='bbox 2099 1781 2222 1822; x_wconf 91' lang='lat' dir='ltr'><strong>nem</strong></span> <span class='ocrx_word' id='word_1_344' title='bbox 2284 1769 2404 1837; x_wconf 91' lang='lat' dir='ltr'><strong>ejus</strong></span> <span class='ocrx_word' id='word_1_345' title='bbox 2460 1784 2558 1838; x_wconf 90' lang='lat' dir='ltr'><strong>per</strong></span> <span class='ocrx_word' id='word_1_346' title='bbox 2621 1769 2808 1825; x_wconf 84' lang='lat' dir='ltr'><strong>altaris</strong></span> <span class='ocrx_word' id='word_1_347' title='bbox 2853 1756 3167 1836; x_wconf 74' lang='lat' dir='ltr'><strong>circuitum,</strong></span> <span class='ocrx_word' id='word_1_348' title='bbox 3232 1780 3293 1824; x_wconf 87' lang='lat' dir='ltr'><strong>et</strong></span> <span class='ocrx_word' id='word_1_349' title='bbox 3340 1754 3704 1828; x_wconf 46' lang='lat' dir='ltr'><strong>.oﬁ‘erentde</strong></span> 
     </span>
    </p>
   </div>
   <div class='ocr_carea' id='block_1_42' title="bbox 2097 1861 3705 1933">
    <p class='ocr_par' dir='ltr' id='par_1_42' title="bbox 2097 1861 3705 1933">
     <span class='ocr_line' id='line_1_42' title="bbox 2097 1861 3705 1933; baseline 0.003 -19"><span class='ocrx_word' id='word_1_350' title='bbox 2097 1861 2448 1931; x_wconf 84' lang='lat' dir='ltr'><strong>pacilicorutn</strong></span> <span class='ocrx_word' id='word_1_351' title='bbox 2497 1862 2672 1915; x_wconf 82' lang='lat' dir='ltr'><strong>hostia</strong></span> <span class='ocrx_word' id='word_1_352' title='bbox 2705 1861 3034 1918; x_wconf 81' lang='lat' dir='ltr'><strong>sacriﬁcium</strong></span> <span class='ocrx_word' id='word_1_353' title='bbox 3076 1862 3323 1927; x_wconf 89' lang='lat' dir='ltr'><strong>Domino,</strong></span> <span class='ocrx_word' id='word_1_354' title='bbox 3379 1862 3615 1933; x_wconf 68' lang='lat' dir='ltr'><strong>adipes-</strong></span> <span class='ocrx_word' id='word_1_355' title='bbox 3644 1873 3705 1919; x_wconf 81' lang='lat' dir='ltr'><strong>et</strong></span> 
     </span>
    </p>
   </div>
   <div class='ocr_carea' id='block_1_43' title="bbox 2096 1952 3704 2027">
    <p class='ocr_par' dir='ltr' id='par_1_43' title="bbox 2096 1952 3704 2027">
     <span class='ocr_line' id='line_1_43' title="bbox 2096 1952 3704 2027; baseline 0.004 -21"><span class='ocrx_word' id='word_1_356' title='bbox 2096 1952 2325 2006; x_wconf 80' lang='lat' dir='ltr'><strong>caudam</strong></span> <span class='ocrx_word' id='word_1_357' title='bbox 2367 1960 2530 2009; x_wconf 82' lang='lat' dir='ltr'><strong>totam</strong></span> <span class='ocrx_word' id='word_1_358' title='bbox 2572 1968 2697 2007; x_wconf 86' lang='lat' dir='ltr'><strong>cum</strong></span> <span class='ocrx_word' id='word_1_359' title='bbox 2744 1953 2986 2015; x_wconf 86' lang='lat' dir='ltr'><strong>renibus,</strong></span> <span class='ocrx_word' id='word_1_360' title='bbox 3033 1964 3088 2007; x_wconf 88' lang='lat' dir='ltr'><strong>et</strong></span> <span class='ocrx_word' id='word_1_361' title='bbox 3119 1953 3546 2025; x_wconf 78' lang='lat' dir='ltr'><strong>pinguedinem,</strong></span> <span class='ocrx_word' id='word_1_362' title='bbox 3576 1972 3704 2027; x_wconf 69' lang='lat' dir='ltr'><strong>qua</strong></span> 
     </span>
    </p>
   </div>
   <div class='ocr_carea' id='block_1_44' title="bbox 2094 2044 3701 2117">
    <p class='ocr_par' dir='ltr' id='par_1_44' title="bbox 2094 2044 3701 2117">
     <span class='ocr_line' id='line_1_44' title="bbox 2094 2044 3701 2117; baseline 0.002 -19"><span class='ocrx_word' id='word_1_363' title='bbox 2094 2044 2271 2113; x_wconf 84' lang='lat' dir='ltr'><strong>operit</strong></span> <span class='ocrx_word' id='word_1_364' title='bbox 2303 2052 2567 2106; x_wconf 85' lang='lat' dir='ltr'><strong>ventrem.</strong></span> <span class='ocrx_word' id='word_1_365' title='bbox 2596 2053 2758 2113; x_wconf 72' lang='lat' dir='ltr'><strong>atque</strong></span> <span class='ocrx_word' id='word_1_366' title='bbox 2781 2044 3032 2098; x_wconf 88' lang='lat' dir='ltr'><strong>universa</strong></span> <span class='ocrx_word' id='word_1_367' title='bbox 3061 2045 3266 2108; x_wconf 83' lang='lat' dir='ltr'><strong>vitalia,</strong></span> <span class='ocrx_word' id='word_1_368' title='bbox 3298 2055 3354 2100; x_wconf 86' lang='lat' dir='ltr'><strong>et</strong></span> <span class='ocrx_word' id='word_1_369' title='bbox 3384 2056 3701 2117; x_wconf 79' lang='lat' dir='ltr'><strong>utrumque</strong></span> 
     </span>
    </p>
   </div>
   <div class='ocr_carea' id='block_1_45' title="bbox 2099 2134 3701 2205">
    <p class='ocr_par' dir='ltr' id='par_1_45' title="bbox 2099 2134 3701 2205">
     <span class='ocr_line' id='line_1_45' title="bbox 2099 2134 3701 2205; baseline 0.003 -19"><span class='ocrx_word' id='word_1_370' title='bbox 2099 2134 2457 2188; x_wconf 88' lang='lat' dir='ltr'><strong>renunculnm</strong></span> <span class='ocrx_word' id='word_1_371' title='bbox 2494 2150 2615 2188; x_wconf 89' lang='lat' dir='ltr'><strong>cum</strong></span> <span class='ocrx_word' id='word_1_372' title='bbox 2664 2135 2851 2203; x_wconf 86' lang='lat' dir='ltr'><strong>adipe,</strong></span> <span class='ocrx_word' id='word_1_373' title='bbox 2878 2135 2970 2205; x_wconf 90' lang='lat' dir='ltr'><strong>qui</strong></span> <span class='ocrx_word' id='word_1_374' title='bbox 3014 2143 3099 2190; x_wconf 89' lang='lat' dir='ltr'><strong>est</strong></span> <span class='ocrx_word' id='word_1_375' title='bbox 3123 2135 3278 2205; x_wconf 77' lang='lat' dir='ltr'><strong>juxta</strong></span> <span class='ocrx_word' id='word_1_376' title='bbox 3322 2136 3438 2201; x_wconf 85' lang='lat' dir='ltr'><strong>ilia,</strong></span> <span class='ocrx_word' id='word_1_377' title='bbox 3475 2140 3701 2192; x_wconf 79' lang='lat' dir='ltr'><strong>reticu-</strong></span> 
     </span>
    </p>
   </div>
   <div class='ocr_carea' id='block_1_46' title="bbox 2099 2224 3695 2295">
    <p class='ocr_par' dir='ltr' id='par_1_46' title="bbox 2099 2224 3695 2295">
     <span class='ocr_line' id='line_1_46' title="bbox 2099 2224 3695 2295; baseline 0.004 -19"><span class='ocrx_word' id='word_1_378' title='bbox 2099 2224 2317 2293; x_wconf 89' lang='lat' dir='ltr'><strong>lumque</strong></span> <span class='ocrx_word' id='word_1_379' title='bbox 2365 2225 2566 2295; x_wconf 87' lang='lat' dir='ltr'><strong>iecoris</strong></span> <span class='ocrx_word' id='word_1_380' title='bbox 2612 2240 2737 2279; x_wconf 89' lang='lat' dir='ltr'><strong>cum</strong></span> <span class='ocrx_word' id='word_1_381' title='bbox 2800 2226 3137 2281; x_wconf 80' lang='lat' dir='ltr'><strong>renunculis.</strong></span> <span class='ocrx_word' id='word_1_382' title='bbox 3205 2227 3272 2281; x_wconf 85' lang='lat' dir='ltr'><strong>Et</strong></span> <span class='ocrx_word' id='word_1_383' title='bbox 3334 2228 3596 2282; x_wconf 84' lang='lat' dir='ltr'><strong>adolebit</strong></span> <span class='ocrx_word' id='word_1_384' title='bbox 3628 2243 3695 2282; x_wconf 82' lang='lat' dir='ltr'><strong>ea</strong></span> 
     </span>
    </p>
   </div>
   <div class='ocr_carea' id='block_1_47' title="bbox 2098 2315 3699 2387">
    <p class='ocr_par' dir='ltr' id='par_1_47' title="bbox 2098 2315 3699 2387">
     <span class='ocr_line' id='line_1_47' title="bbox 2098 2315 3699 2387; baseline 0.001 -15"><span class='ocrx_word' id='word_1_385' title='bbox 2098 2317 2353 2372; x_wconf 72' lang='lat' dir='ltr'><strong>sacerdos</strong></span> <span class='ocrx_word' id='word_1_386' title='bbox 2384 2330 2549 2386; x_wconf 82' lang='lat' dir='ltr'><strong>super</strong></span> <span class='ocrx_word' id='word_1_387' title='bbox 2589 2315 2760 2370; x_wconf 82' lang='lat' dir='ltr'><strong>altare</strong></span> <span class='ocrx_word' id='word_1_388' title='bbox 2816 2317 2874 2369; x_wconf 91' lang='lat' dir='ltr'><strong>in</strong></span> <span class='ocrx_word' id='word_1_389' title='bbox 2930 2316 3187 2385; x_wconf 82' lang='lat' dir='ltr'><strong>pabulum</strong></span> <span class='ocrx_word' id='word_1_390' title='bbox 3216 2316 3382 2387; x_wconf 76' lang='lat' dir='ltr'><strong>ignis,</strong></span> <span class='ocrx_word' id='word_1_391' title='bbox 3442 2328 3505 2373; x_wconf 87' lang='lat' dir='ltr'><strong>et</strong></span> <span class='ocrx_word' id='word_1_392' title='bbox 3540 2319 3699 2374; x_wconf 59' lang='grc' dir='ltr'><strong>οων</strong></span> 
     </span>
    </p>
   </div>
   <div class='ocr_carea' id='block_1_48' title="bbox 2100 2402 3698 2476">
    <p class='ocr_par' dir='ltr' id='par_1_48' title="bbox 2100 2402 3698 2476">
     <span class='ocr_line' id='line_1_48' title="bbox 2100 2402 3698 2476; baseline 0.004 -17"><span class='ocrx_word' id='word_1_393' title='bbox 2100 2405 2263 2460; x_wconf 86' lang='lat' dir='ltr'><strong>tionis</strong></span> <span class='ocrx_word' id='word_1_394' title='bbox 2293 2406 2533 2461; x_wconf 81' lang='lat' dir='ltr'><strong>Domini.</strong></span> <span class='ocrx_word' id='word_1_395' title='bbox 2554 2402 2609 2460; x_wconf 84' lang='lat' dir='ltr'><strong>Si</strong></span> <span class='ocrx_word' id='word_1_396' title='bbox 2643 2421 2806 2475; x_wconf 86' lang='lat' dir='ltr'><strong>capra</strong></span> <span class='ocrx_word' id='word_1_397' title='bbox 2832 2404 2995 2460; x_wconf 69' lang='lat' dir='ltr'><strong>Fuerit</strong></span> <span class='ocrx_word' id='word_1_398' title='bbox 3025 2406 3147 2476; x_wconf 85' lang='lat' dir='ltr'><strong>eius</strong></span> <span class='ocrx_word' id='word_1_399' title='bbox 3168 2407 3403 2474; x_wconf 74' lang='lat' dir='ltr'><strong>oblatio,</strong></span> <span class='ocrx_word' id='word_1_400' title='bbox 3436 2417 3497 2464; x_wconf 92' lang='lat' dir='ltr'><strong>et</strong></span> <span class='ocrx_word' id='word_1_401' title='bbox 3528 2410 3698 2466; x_wconf 61' lang='grc' dir='ltr'><strong>οδω.</strong></span> 
     </span>
    </p>
   </div>
   <div class='ocr_carea' id='block_1_49' title="bbox 2098 2496 3703 2572">
    <p class='ocr_par' dir='ltr' id='par_1_49' title="bbox 2098 2496 3703 2572">
     <span class='ocr_line' id='line_1_49' title="bbox 2098 2496 3703 2572; baseline 0.004 -22"><span class='ocrx_word' id='word_1_402' title='bbox 2098 2496 2221 2553; x_wconf 87' lang='lat' dir='ltr'><strong>ierit</strong></span> <span class='ocrx_word' id='word_1_403' title='bbox 2245 2512 2364 2553; x_wconf 85' lang='lat' dir='ltr'><strong>eam</strong></span> <span class='ocrx_word' id='word_1_404' title='bbox 2392 2497 2641 2561; x_wconf 86' lang='lat' dir='ltr'><strong>Domino,</strong></span> <span class='ocrx_word' id='word_1_405' title='bbox 2681 2506 2854 2567; x_wconf 85' lang='lat' dir='ltr'><strong>ponet</strong></span> <span class='ocrx_word' id='word_1_406' title='bbox 2887 2512 3114 2553; x_wconf 70' lang='lat' dir='ltr'><strong>manum</strong></span> <span class='ocrx_word' id='word_1_407' title='bbox 3131 2514 3287 2554; x_wconf 82' lang='lat' dir='ltr'><strong>suam</strong></span> <span class='ocrx_word' id='word_1_408' title='bbox 3319 2515 3497 2571; x_wconf 81' lang='lat' dir='ltr'><strong>super</strong></span> <span class='ocrx_word' id='word_1_409' title='bbox 3524 2514 3703 2572; x_wconf 82' lang='lat' dir='ltr'><strong>caput</strong></span> 
     </span>
    </p>
   </div>
   <div class='ocr_carea' id='block_1_50' title="bbox 2098 2586 3695 2657">
    <p class='ocr_par' dir='ltr' id='par_1_50' title="bbox 2098 2586 3695 2657">
     <span class='ocr_line' id='line_1_50' title="bbox 2098 2586 3695 2657; baseline 0.003 -15"><span class='ocrx_word' id='word_1_410' title='bbox 2098 2586 2237 2657; x_wconf 88' lang='lat' dir='ltr'><strong>ejus,</strong></span> <span class='ocrx_word' id='word_1_411' title='bbox 2287 2586 2698 2656; x_wconf 84' lang='lat' dir='ltr'><strong>immolabitque</strong></span> <span class='ocrx_word' id='word_1_412' title='bbox 2753 2602 2874 2641; x_wconf 88' lang='lat' dir='ltr'><strong>eam</strong></span> <span class='ocrx_word' id='word_1_413' title='bbox 2936 2588 2990 2642; x_wconf 91' lang='lat' dir='ltr'><strong>in</strong></span> <span class='ocrx_word' id='word_1_414' title='bbox 3044 2588 3271 2644; x_wconf 87' lang='lat' dir='ltr'><strong>introitu</strong></span> <span class='ocrx_word' id='word_1_415' title='bbox 3332 2592 3695 2649; x_wconf 82' lang='lat' dir='ltr'><strong>tabernaculi</strong></span> 
     </span>
    </p>
   </div>
   <div class='ocr_carea' id='block_1_51' title="bbox 2101 2677 3703 2752">
    <p class='ocr_par' dir='ltr' id='par_1_51' title="bbox 2101 2677 3703 2752">
     <span class='ocr_line' id='line_1_51' title="bbox 2101 2677 3703 2752; baseline 0.003 -20"><span class='ocrx_word' id='word_1_416' title='bbox 2101 2677 2433 2732; x_wconf 81' lang='lat' dir='ltr'><strong>testimonii:</strong></span> <span class='ocrx_word' id='word_1_417' title='bbox 2486 2687 2541 2732; x_wconf 89' lang='lat' dir='ltr'><strong>et</strong></span> <span class='ocrx_word' id='word_1_418' title='bbox 2576 2677 2810 2733; x_wconf 82' lang='lat' dir='ltr'><strong>fundent</strong></span> <span class='ocrx_word' id='word_1_419' title='bbox 2846 2678 2939 2733; x_wconf 79' lang='lat' dir='ltr'><strong>lilii</strong></span> <span class='ocrx_word' id='word_1_420' title='bbox 2994 2679 3176 2734; x_wconf 85' lang='lat' dir='ltr'><strong>Aaron</strong></span> <span class='ocrx_word' id='word_1_421' title='bbox 3208 2683 3541 2752; x_wconf 76' lang='lat' dir='ltr'><strong>sanguinem</strong></span> <span class='ocrx_word' id='word_1_422' title='bbox 3576 2683 3703 2752; x_wconf 79' lang='lat' dir='ltr'><strong>eius</strong></span> 
     </span>
    </p>
   </div>
   <div class='ocr_carea' id='block_1_52' title="bbox 2098 2769 3699 2844">
    <p class='ocr_par' dir='ltr' id='par_1_52' title="bbox 2098 2769 3699 2844">
     <span class='ocr_line' id='line_1_52' title="bbox 2098 2769 3699 2844; baseline 0.002 -20"><span class='ocrx_word' id='word_1_423' title='bbox 2098 2785 2196 2841; x_wconf 90' lang='lat' dir='ltr'><strong>per</strong></span> <span class='ocrx_word' id='word_1_424' title='bbox 2233 2770 2419 2825; x_wconf 88' lang='lat' dir='ltr'><strong>altaris</strong></span> <span class='ocrx_word' id='word_1_425' title='bbox 2451 2769 2770 2836; x_wconf 83' lang='lat' dir='ltr'><strong>circuitum,</strong></span> <span class='ocrx_word' id='word_1_426' title='bbox 2810 2770 3112 2841; x_wconf 87' lang='lat' dir='ltr'><strong>tollentque</strong></span> <span class='ocrx_word' id='word_1_427' title='bbox 3153 2786 3220 2827; x_wconf 73' lang='lat' dir='ltr'><strong>es</strong></span> <span class='ocrx_word' id='word_1_428' title='bbox 3259 2788 3324 2827; x_wconf 85' lang='lat' dir='ltr'><strong>ea</strong></span> <span class='ocrx_word' id='word_1_429' title='bbox 3362 2774 3447 2827; x_wconf 35' lang='lat' dir='ltr'><strong>in,</strong></span> <span class='ocrx_word' id='word_1_430' title='bbox 3469 2784 3699 2844; x_wconf 71' lang='lat' dir='ltr'><strong>pastum</strong></span> 
     </span>
    </p>
   </div>
   <div class='ocr_carea' id='block_1_53' title="bbox 2098 2861 3696 2935">
    <p class='ocr_par' dir='ltr' id='par_1_53' title="bbox 2098 2861 3696 2935">
     <span class='ocr_line' id='line_1_53' title="bbox 2098 2861 3696 2935; baseline 0.003 -20"><span class='ocrx_word' id='word_1_431' title='bbox 2098 2861 2235 2933; x_wconf 82' lang='lat' dir='ltr'><strong>ignis</strong></span> <span class='ocrx_word' id='word_1_432' title='bbox 2272 2862 2539 2917; x_wconf 86' lang='lat' dir='ltr'><strong>Dominici</strong></span> <span class='ocrx_word' id='word_1_433' title='bbox 2575 2862 2821 2932; x_wconf 87' lang='lat' dir='ltr'><strong>adipem,</strong></span> <span class='ocrx_word' id='word_1_434' title='bbox 2852 2863 2947 2931; x_wconf 91' lang='lat' dir='ltr'><strong>qui</strong></span> <span class='ocrx_word' id='word_1_435' title='bbox 2980 2865 3160 2933; x_wconf 79' lang='lat' dir='ltr'><strong>operit</strong></span> <span class='ocrx_word' id='word_1_436' title='bbox 3191 2873 3465 2927; x_wconf 61' lang='lat' dir='ltr'><strong>ventum,</strong></span> <span class='ocrx_word' id='word_1_437' title='bbox 3498 2873 3565 2919; x_wconf 85' lang='lat' dir='ltr'><strong>et</strong></span> <span class='ocrx_word' id='word_1_438' title='bbox 3598 2868 3696 2935; x_wconf 83' lang='lat' dir='ltr'><strong>qui</strong></span> 
     </span>
    </p>
   </div>
   <div class='ocr_carea' id='block_1_54' title="bbox 421 2942 3696 3037">
    <p class='ocr_par' dir='ltr' id='par_1_54' title="bbox 421 2942 3696 3037">
     <span class='ocr_line' id='line_1_54' title="bbox 421 2942 3696 3037; baseline 0.003 -35"><span class='ocrx_word' id='word_1_439' title='bbox 421 2953 668 3019; x_wconf 72' lang='lat' dir='ltr'><strong>piamque</strong></span> <span class='ocrx_word' id='word_1_440' title='bbox 710 2942 930 3004; x_wconf 85' lang='lat' dir='ltr'><strong>vitulum</strong></span> <span class='ocrx_word' id='word_1_441' title='bbox 986 2966 1138 3021; x_wconf 85' lang='lat' dir='ltr'><strong>quem</strong></span> <span class='ocrx_word' id='word_1_442' title='bbox 1170 2953 1423 3021; x_wconf 83' lang='lat' dir='ltr'><strong>fecerant,</strong></span> <span class='ocrx_word' id='word_1_443' title='bbox 1453 2952 1754 3015; x_wconf 76' lang='lat' dir='ltr'><strong>combussit,</strong></span> <span class='ocrx_word' id='word_1_444' title='bbox 1785 2962 1833 3007; x_wconf 86' lang='lat' dir='ltr'><strong>et</strong></span> <span class='ocrx_word' id='word_1_445' title='bbox 1870 2969 1998 3005; x_wconf 82' lang='lat' dir='ltr'><strong>con-</strong></span> <span class='ocrx_word' id='word_1_446' title='bbox 2024 2977 2069 3037; x_wconf 66' lang='grc' dir='ltr'>ε</span> <span class='ocrx_word' id='word_1_447' title='bbox 2101 2961 2242 3024; x_wconf 82' lang='lat' dir='ltr'><strong>teget</strong></span> <span class='ocrx_word' id='word_1_448' title='bbox 2292 2953 2547 3007; x_wconf 82' lang='lat' dir='ltr'><strong>universa</strong></span> <span class='ocrx_word' id='word_1_449' title='bbox 2575 2953 2775 3018; x_wconf 82' lang='lat' dir='ltr'><strong>vitalia,</strong></span> <span class='ocrx_word' id='word_1_450' title='bbox 2811 2954 2950 3009; x_wconf 85' lang='lat' dir='ltr'><strong>duos</strong></span> <span class='ocrx_word' id='word_1_451' title='bbox 2985 2954 3319 3009; x_wconf 80' lang='lat' dir='ltr'><strong>renunculos</strong></span> <span class='ocrx_word' id='word_1_452' title='bbox 3375 2969 3507 3010; x_wconf 82' lang='lat' dir='ltr'><strong>cum</strong></span> <span class='ocrx_word' id='word_1_453' title='bbox 3560 2958 3696 3011; x_wconf 81' lang='lat' dir='ltr'><strong>reti-</strong></span> 
     </span>
    </p>
   </div>
   <div class='ocr_carea' id='block_1_55' title="bbox 424 3041 3699 3114">
    <p class='ocr_par' dir='ltr' id='par_1_55' title="bbox 424 3041 3699 3114">
     <span class='ocr_line' id='line_1_55' title="bbox 424 3041 3699 3114; baseline 0.002 -18"><span class='ocrx_word' id='word_1_454' title='bbox 424 3044 565 3096; x_wconf 77' lang='lat' dir='ltr'><strong>trivit</strong></span> <span class='ocrx_word' id='word_1_455' title='bbox 592 3058 757 3110; x_wconf 72' lang='lat' dir='ltr'><strong>usque</strong></span> <span class='ocrx_word' id='word_1_456' title='bbox 783 3044 853 3094; x_wconf 86' lang='lat' dir='ltr'><strong>ad</strong></span> <span class='ocrx_word' id='word_1_457' title='bbox 879 3041 1160 3110; x_wconf 77' lang='lat' dir='ltr'><strong>pulverem,</strong></span> <span class='ocrx_word' id='word_1_458' title='bbox 1194 3059 1346 3114; x_wconf 84' lang='lat' dir='ltr'><strong>quem</strong></span> <span class='ocrx_word' id='word_1_459' title='bbox 1382 3045 1575 3113; x_wconf 81' lang='lat' dir='ltr'><strong>sparsit</strong></span> <span class='ocrx_word' id='word_1_460' title='bbox 1603 3044 1657 3096; x_wconf 85' lang='lat' dir='ltr'><strong>in</strong></span> <span class='ocrx_word' id='word_1_461' title='bbox 1697 3060 1894 3114; x_wconf 85' lang='lat' dir='ltr'><strong>aquam</strong></span> <span class='ocrx_word' id='word_1_462' title='bbox 1950 3054 1998 3100; x_wconf 86' lang='lat' dir='ltr'><strong>et</strong></span> <span class='ocrx_word' id='word_1_463' title='bbox 2101 3044 2223 3098; x_wconf 88' lang='lat' dir='ltr'><strong>culo</strong></span> <span class='ocrx_word' id='word_1_464' title='bbox 2275 3042 2417 3112; x_wconf 86' lang='lat' dir='ltr'><strong>quod</strong></span> <span class='ocrx_word' id='word_1_465' title='bbox 2463 3051 2545 3098; x_wconf 91' lang='lat' dir='ltr'><strong>est</strong></span> <span class='ocrx_word' id='word_1_466' title='bbox 2612 3058 2782 3114; x_wconf 87' lang='lat' dir='ltr'><strong>super</strong></span> <span class='ocrx_word' id='word_1_467' title='bbox 2809 3059 2906 3100; x_wconf 87' lang='lat' dir='ltr'><strong>eos</strong></span> <span class='ocrx_word' id='word_1_468' title='bbox 2939 3045 3083 3101; x_wconf 82' lang='lat' dir='ltr'><strong>circa</strong></span> <span class='ocrx_word' id='word_1_469' title='bbox 3113 3045 3319 3110; x_wconf 79' lang='lat' dir='ltr'><strong>vitalia,</strong></span> <span class='ocrx_word' id='word_1_470' title='bbox 3349 3053 3408 3100; x_wconf 85' lang='lat' dir='ltr'><strong>et</strong></span> <span class='ocrx_word' id='word_1_471' title='bbox 3439 3047 3699 3101; x_wconf 76' lang='lat' dir='ltr'><strong>arvinam</strong></span> 
     </span>
    </p>
   </div>
   <div class='ocr_carea' id='block_1_56' title="bbox 424 3133 2001 3204">
    <p class='ocr_par' dir='ltr' id='par_1_56' title="bbox 424 3133 2001 3204">
     <span class='ocr_line' id='line_1_56' title="bbox 424 3133 2001 3204; baseline 0.001 -15"><span class='ocrx_word' id='word_1_472' title='bbox 424 3135 567 3189; x_wconf 79' lang='lat' dir='ltr'><strong>dedit</strong></span> <span class='ocrx_word' id='word_1_473' title='bbox 600 3150 664 3186; x_wconf 77' lang='lat' dir='ltr'><strong>ex</strong></span> <span class='ocrx_word' id='word_1_474' title='bbox 701 3150 759 3187; x_wconf 89' lang='lat' dir='ltr'><strong>eo</strong></span> <span class='ocrx_word' id='word_1_475' title='bbox 806 3144 986 3200; x_wconf 85' lang='lat' dir='ltr'><strong>potum</strong></span> <span class='ocrx_word' id='word_1_476' title='bbox 1026 3135 1150 3204; x_wconf 81' lang='lat' dir='ltr'><strong>ﬁliis</strong></span> <span class='ocrx_word' id='word_1_477' title='bbox 1174 3134 1347 3190; x_wconf 83' lang='lat' dir='ltr'><strong>Israel</strong></span> <span class='ocrx_word' id='word_1_478' title='bbox 1363 3136 1428 3189; x_wconf 70' lang='lat'><strong>“.</strong></span> <span class='ocrx_word' id='word_1_479' title='bbox 1456 3133 1573 3190; x_wconf 88' lang='lat' dir='ltr'><strong>Non</strong></span> <span class='ocrx_word' id='word_1_480' title='bbox 1611 3145 1792 3193; x_wconf 86' lang='lat' dir='ltr'><strong>tamen</strong></span> <span class='ocrx_word' id='word_1_481' title='bbox 1828 3136 1884 3189; x_wconf 90' lang='lat' dir='ltr'><strong>in</strong></span> <span class='ocrx_word' id='word_1_482' title='bbox 1916 3137 2001 3191; x_wconf 82' lang='lat' dir='ltr'><strong>bis</strong></span> 
     </span>
    </p>
   </div>
   <div class='ocr_carea' id='block_1_57' title="bbox 427 3226 2002 3296">
    <p class='ocr_par' dir='ltr' id='par_1_57' title="bbox 427 3226 2002 3296">
     <span class='ocr_line' id='line_1_57' title="bbox 427 3226 2002 3296; baseline 0.003 -17"><span class='ocrx_word' id='word_1_483' title='bbox 427 3226 791 3296; x_wconf 79' lang='lat' dir='ltr'><strong>reprehensus</strong></span> <span class='ocrx_word' id='word_1_484' title='bbox 825 3235 927 3290; x_wconf 81' lang='lat' dir='ltr'><strong>est,</strong></span> <span class='ocrx_word' id='word_1_485' title='bbox 970 3227 1068 3282; x_wconf 89' lang='lat' dir='ltr'><strong>sed</strong></span> <span class='ocrx_word' id='word_1_486' title='bbox 1113 3228 1224 3282; x_wconf 89' lang='lat' dir='ltr'><strong>imo</strong></span> <span class='ocrx_word' id='word_1_487' title='bbox 1262 3228 1494 3283; x_wconf 89' lang='lat' dir='ltr'><strong>multum</strong></span> <span class='ocrx_word' id='word_1_488' title='bbox 1530 3227 1866 3283; x_wconf 83' lang='lat' dir='ltr'><strong>admirabilis</strong></span> <span class='ocrx_word' id='word_1_489' title='bbox 1903 3243 2002 3283; x_wconf 80' lang='lat' dir='ltr'><strong>ex-</strong></span> 
     </span>
    </p>
   </div>
   <div class='ocr_carea' id='block_1_58' title="bbox 428 3315 1999 3389">
    <p class='ocr_par' dir='ltr' id='par_1_58' title="bbox 428 3315 1999 3389">
     <span class='ocr_line' id='line_1_58' title="bbox 428 3315 1999 3389; baseline 0.003 -22"><span class='ocrx_word' id='word_1_490' title='bbox 428 3315 565 3389; x_wconf 79' lang='lat' dir='ltr'><strong>stitit</strong></span> <span class='ocrx_word' id='word_1_491' title='bbox 606 3332 621 3368; x_wconf 94' lang='lat'><strong>:</strong></span> <span class='ocrx_word' id='word_1_492' title='bbox 665 3330 731 3369; x_wconf 77' lang='lat' dir='ltr'><strong>ex</strong></span> <span class='ocrx_word' id='word_1_493' title='bbox 779 3317 896 3370; x_wconf 83' lang='lat' dir='ltr'><strong>zelo</strong></span> <span class='ocrx_word' id='word_1_494' title='bbox 938 3315 1086 3371; x_wconf 89' lang='lat' dir='ltr'><strong>enim</strong></span> <span class='ocrx_word' id='word_1_495' title='bbox 1125 3323 1273 3372; x_wconf 90' lang='lat' dir='ltr'><strong>tanta</strong></span> <span class='ocrx_word' id='word_1_496' title='bbox 1322 3317 1401 3372; x_wconf 89' lang='lat' dir='ltr'><strong>ira</strong></span> <span class='ocrx_word' id='word_1_497' title='bbox 1436 3331 1566 3372; x_wconf 91' lang='lat' dir='ltr'><strong>usus</strong></span> <span class='ocrx_word' id='word_1_498' title='bbox 1590 3327 1674 3372; x_wconf 89' lang='lat' dir='ltr'><strong>est</strong></span> <span class='ocrx_word' id='word_1_499' title='bbox 1707 3318 1999 3388; x_wconf 85' lang='lat' dir='ltr'><strong>legislator,</strong></span> 
     </span>
    </p>
   </div>
   <div class='ocr_carea' id='block_1_59' title="bbox 427 3405 2003 3480">
    <p class='ocr_par' dir='ltr' id='par_1_59' title="bbox 427 3405 2003 3480">
     <span class='ocr_line' id='line_1_59' title="bbox 427 3405 2003 3480; baseline 0.004 -22"><span class='ocrx_word' id='word_1_500' title='bbox 427 3405 553 3474; x_wconf 88' lang='lat' dir='ltr'><strong>quia</strong></span> <span class='ocrx_word' id='word_1_501' title='bbox 580 3414 636 3459; x_wconf 89' lang='lat' dir='ltr'><strong>et</strong></span> <span class='ocrx_word' id='word_1_502' title='bbox 675 3405 815 3461; x_wconf 89' lang='lat' dir='ltr'><strong>Deus</strong></span> <span class='ocrx_word' id='word_1_503' title='bbox 848 3406 1008 3462; x_wconf 89' lang='lat' dir='ltr'><strong>irasci</strong></span> <span class='ocrx_word' id='word_1_504' title='bbox 1033 3407 1090 3461; x_wconf 93' lang='lat' dir='ltr'><strong>in</strong></span> <span class='ocrx_word' id='word_1_505' title='bbox 1122 3408 1309 3464; x_wconf 89' lang='lat' dir='ltr'><strong>multis</strong></span> <span class='ocrx_word' id='word_1_506' title='bbox 1342 3424 1511 3464; x_wconf 73' lang='lat' dir='ltr'><strong>sacrae</strong></span> <span class='ocrx_word' id='word_1_507' title='bbox 1542 3409 1844 3480; x_wconf 59' lang='lat' dir='ltr'><strong>Scriptura;</strong></span> <span class='ocrx_word' id='word_1_508' title='bbox 1867 3409 2003 3465; x_wconf 84' lang='lat' dir='ltr'><strong>dici-</strong></span> 
     </span>
    </p>
   </div>
   <div class='ocr_carea' id='block_1_60' title="bbox 432 3498 2004 3572">
    <p class='ocr_par' dir='ltr' id='par_1_60' title="bbox 432 3498 2004 3572">
     <span class='ocr_line' id='line_1_60' title="bbox 432 3498 2004 3572; baseline 0.004 -21"><span class='ocrx_word' id='word_1_509' title='bbox 432 3509 518 3551; x_wconf 87' lang='lat' dir='ltr'><strong>tur</strong></span> <span class='ocrx_word' id='word_1_510' title='bbox 558 3498 714 3563; x_wconf 86' lang='lat' dir='ltr'><strong>locis,</strong></span> <span class='ocrx_word' id='word_1_511' title='bbox 761 3514 1104 3571; x_wconf 84' lang='lat' dir='ltr'><strong>nequaquam</strong></span> <span class='ocrx_word' id='word_1_512' title='bbox 1150 3510 1333 3572; x_wconf 78' lang='lat' dir='ltr'><strong>autem</strong></span> <span class='ocrx_word' id='word_1_513' title='bbox 1373 3502 1440 3557; x_wconf 87' lang='lat' dir='ltr'><strong>de</strong></span> <span class='ocrx_word' id='word_1_514' title='bbox 1466 3516 1536 3558; x_wconf 86' lang='lat' dir='ltr'><strong>eo</strong></span> <span class='ocrx_word' id='word_1_515' title='bbox 1561 3503 1684 3566; x_wconf 80' lang='lat' dir='ltr'><strong>hoc,</strong></span> <span class='ocrx_word' id='word_1_516' title='bbox 1714 3502 1761 3557; x_wconf 85' lang='lat' dir='ltr'><strong>si</strong></span> <span class='ocrx_word' id='word_1_517' title='bbox 1801 3503 2004 3557; x_wconf 86' lang='lat' dir='ltr'><strong>malum</strong></span> 
     </span>
    </p>
   </div>
   <div class='ocr_carea' id='block_1_61' title="bbox 430 3586 2001 3660">
    <p class='ocr_par' dir='ltr' id='par_1_61' title="bbox 430 3586 2001 3660">
     <span class='ocr_line' id='line_1_61' title="bbox 430 3586 2001 3660; baseline 0.003 -19"><span class='ocrx_word' id='word_1_518' title='bbox 430 3588 642 3652; x_wconf 80' lang='lat' dir='ltr'><strong>fuisset,</strong></span> <span class='ocrx_word' id='word_1_519' title='bbox 681 3586 977 3643; x_wconf 88' lang='lat' dir='ltr'><strong>diceretur.</strong></span> <span class='ocrx_word' id='word_1_520' title='bbox 1018 3589 1089 3645; x_wconf 87' lang='lat' dir='ltr'><strong>Et</strong></span> <span class='ocrx_word' id='word_1_521' title='bbox 1129 3590 1246 3646; x_wconf 79' lang='lat' dir='ltr'><strong>haec</strong></span> <span class='ocrx_word' id='word_1_522' title='bbox 1294 3590 1514 3660; x_wconf 89' lang='lat' dir='ltr'><strong>quidem</strong></span> <span class='ocrx_word' id='word_1_523' title='bbox 1569 3590 1647 3644; x_wconf 88' lang='lat' dir='ltr'><strong>ita</strong></span> <span class='ocrx_word' id='word_1_524' title='bbox 1687 3604 1748 3645; x_wconf 87' lang='lat' dir='ltr'><strong>se</strong></span> <span class='ocrx_word' id='word_1_525' title='bbox 1780 3591 2001 3646; x_wconf 87' lang='lat' dir='ltr'><strong>habent.</strong></span> 
     </span>
    </p>
   </div>
   <div class='ocr_carea' id='block_1_62' title="bbox 431 3678 2005 3754">
    <p class='ocr_par' dir='ltr' id='par_1_62' title="bbox 431 3678 2005 3754">
     <span class='ocr_line' id='line_1_62' title="bbox 431 3678 2005 3754; baseline 0.006 -23"><span class='ocrx_word' id='word_1_526' title='bbox 431 3678 570 3746; x_wconf 79' lang='lat' dir='ltr'><strong>Quia</strong></span> <span class='ocrx_word' id='word_1_527' title='bbox 607 3690 787 3736; x_wconf 87' lang='lat' dir='ltr'><strong>autem</strong></span> <span class='ocrx_word' id='word_1_528' title='bbox 831 3681 889 3735; x_wconf 89' lang='lat' dir='ltr'><strong>in</strong></span> <span class='ocrx_word' id='word_1_529' title='bbox 923 3682 1123 3752; x_wconf 88' lang='lat' dir='ltr'><strong>bepate</strong></span> <span class='ocrx_word' id='word_1_530' title='bbox 1167 3683 1636 3754; x_wconf 75' lang='lat' dir='ltr'><strong>concupiscentiae</strong></span> <span class='ocrx_word' id='word_1_531' title='bbox 1660 3683 2005 3754; x_wconf 81' lang='lat' dir='ltr'><strong>requiescere</strong></span> 
     </span>
    </p>
   </div>
   <div class='ocr_carea' id='block_1_63' title="bbox 433 3773 2007 3844">
    <p class='ocr_par' dir='ltr' id='par_1_63' title="bbox 433 3773 2007 3844">
     <span class='ocr_line' id='line_1_63' title="bbox 433 3773 2007 3844; baseline 0.003 -21"><span class='ocrx_word' id='word_1_532' title='bbox 433 3778 711 3839; x_wconf 86' lang='lat' dir='ltr'><strong>putantur,</strong></span> <span class='ocrx_word' id='word_1_533' title='bbox 752 3780 1039 3843; x_wconf 85' lang='lat' dir='ltr'><strong>propterea</strong></span> <span class='ocrx_word' id='word_1_534' title='bbox 1083 3773 1340 3844; x_wconf 89' lang='lat' dir='ltr'><strong>pinnam,</strong></span> <span class='ocrx_word' id='word_1_535' title='bbox 1380 3773 1434 3829; x_wconf 88' lang='lat' dir='ltr'><strong>id</strong></span> <span class='ocrx_word' id='word_1_536' title='bbox 1479 3782 1582 3837; x_wconf 88' lang='lat' dir='ltr'><strong>est,</strong></span> <span class='ocrx_word' id='word_1_537' title='bbox 1633 3776 2007 3829; x_wconf 85' lang='lat' dir='ltr'><strong>summitatem</strong></span> 
     </span>
    </p>
   </div>
   <div class='ocr_carea' id='block_1_64' title="bbox 432 3864 2003 3943">
    <p class='ocr_par' dir='ltr' id='par_1_64' title="bbox 432 3864 2003 3943">
     <span class='ocr_line' id='line_1_64' title="bbox 432 3864 2003 3943; baseline 0 -25"><span class='ocrx_word' id='word_1_538' title='bbox 432 3865 634 3920; x_wconf 80' lang='lat' dir='ltr'><strong>auferri</strong></span> <span class='ocrx_word' id='word_1_539' title='bbox 677 3880 802 3921; x_wconf 89' lang='lat' dir='ltr'><strong>cum</strong></span> <span class='ocrx_word' id='word_1_540' title='bbox 841 3865 1063 3943; x_wconf 84' lang='lat' dir='ltr'><strong>renibus</strong></span> <span class='ocrx_word' id='word_1_541' title='bbox 1110 3866 1392 3938; x_wconf 65' lang='lat' dir='ltr'><strong>princepit,</strong></span> <span class='ocrx_word' id='word_1_542' title='bbox 1421 3865 1696 3921; x_wconf 80' lang='lat' dir='ltr'><strong>ctoﬂ&#39;erri</strong></span> <span class='ocrx_word' id='word_1_543' title='bbox 1723 3864 1793 3925; x_wconf 85' lang='lat' dir='ltr'><strong>ad</strong></span> <span class='ocrx_word' id='word_1_544' title='bbox 1814 3864 2003 3930; x_wconf 88' lang='lat' dir='ltr'><strong>altare,</strong></span> 
     </span>
    </p>
   </div>
   <div class='ocr_carea' id='block_1_65' title="bbox 437 3956 2007 4024">
    <p class='ocr_par' dir='ltr' id='par_1_65' title="bbox 437 3956 2007 4024">
     <span class='ocr_line' id='line_1_65' title="bbox 437 3956 2007 4024; baseline 0.002 -14"><span class='ocrx_word' id='word_1_545' title='bbox 437 3966 494 4010; x_wconf 81' lang='lat' dir='ltr'><strong>ut</strong></span> <span class='ocrx_word' id='word_1_546' title='bbox 523 3956 593 4012; x_wconf 87' lang='lat' dir='ltr'><strong>ab</strong></span> <span class='ocrx_word' id='word_1_547' title='bbox 619 3957 766 4011; x_wconf 79' lang='grc' dir='ltr'><strong>οηιηί</strong></span> <span class='ocrx_word' id='word_1_548' title='bbox 815 3956 954 4011; x_wconf 86' lang='lat' dir='ltr'><strong>mala</strong></span> <span class='ocrx_word' id='word_1_549' title='bbox 984 3957 1346 4013; x_wconf 85' lang='lat' dir='ltr'><strong>delectatione</strong></span> <span class='ocrx_word' id='word_1_550' title='bbox 1379 3958 1731 4024; x_wconf 88' lang='lat' dir='ltr'><strong>mundemur,</strong></span> <span class='ocrx_word' id='word_1_551' title='bbox 1769 3958 2007 4013; x_wconf 85' lang='lat' dir='ltr'><strong>scientes</strong></span> 
     </span>
    </p>
   </div>
   <div class='ocr_carea' id='block_1_66' title="bbox 433 4045 2008 4121">
    <p class='ocr_par' dir='ltr' id='par_1_66' title="bbox 433 4045 2008 4121">
     <span class='ocr_line' id='line_1_66' title="bbox 433 4045 2008 4121; baseline 0.003 -22"><span class='ocrx_word' id='word_1_552' title='bbox 433 4045 558 4115; x_wconf 78' lang='lat' dir='ltr'><strong>quia</strong></span> <span class='ocrx_word' id='word_1_553' title='bbox 585 4046 860 4118; x_wconf 86' lang='lat' dir='ltr'><strong>primitiva</strong></span> <span class='ocrx_word' id='word_1_554' title='bbox 884 4050 1276 4121; x_wconf 75' lang='lat' dir='ltr'><strong>cogitationum</strong></span> <span class='ocrx_word' id='word_1_555' title='bbox 1301 4058 1613 4105; x_wconf 85' lang='lat' dir='ltr'><strong>nostrarum</strong></span> <span class='ocrx_word' id='word_1_556' title='bbox 1643 4050 1754 4105; x_wconf 91' lang='lat' dir='ltr'><strong>Deo</strong></span> <span class='ocrx_word' id='word_1_557' title='bbox 1784 4062 2008 4109; x_wconf 76' lang='lat' dir='ltr'><strong>necesse</strong></span> 
     </span>
    </p>
   </div>
   <div class='ocr_carea' id='block_1_67' title="bbox 438 4137 2010 4212">
    <p class='ocr_par' dir='ltr' id='par_1_67' title="bbox 438 4137 2010 4212">
     <span class='ocr_line' id='line_1_67' title="bbox 438 4137 2010 4212; baseline 0.002 -21"><span class='ocrx_word' id='word_1_558' title='bbox 438 4137 701 4195; x_wconf 76' lang='lat' dir='ltr'><strong>habemus</strong></span> <span class='ocrx_word' id='word_1_559' title='bbox 731 4138 951 4206; x_wconf 70' lang='lat' dir='ltr'><strong>oEerre,</strong></span> <span class='ocrx_word' id='word_1_560' title='bbox 979 4141 1381 4197; x_wconf 82' lang='lat' dir='ltr'><strong>sanctiﬁcantes</strong></span> <span class='ocrx_word' id='word_1_561' title='bbox 1419 4155 1520 4212; x_wconf 89' lang='lat' dir='ltr'><strong>per</strong></span> <span class='ocrx_word' id='word_1_562' title='bbox 1545 4141 1929 4197; x_wconf 84' lang='lat' dir='ltr'><strong>delibationem</strong></span> <span class='ocrx_word' id='word_1_563' title='bbox 1953 4147 2010 4195; x_wconf 90' lang='lat' dir='ltr'><strong>et</strong></span> 
     </span>
    </p>
   </div>
   <div class='ocr_carea' id='block_1_68' title="bbox 438 4230 2007 4301">
    <p class='ocr_par' dir='ltr' id='par_1_68' title="bbox 438 4230 2007 4301">
     <span class='ocr_line' id='line_1_68' title="bbox 438 4230 2007 4301; baseline 0.002 -17"><span class='ocrx_word' id='word_1_564' title='bbox 438 4243 694 4285; x_wconf 81' lang='lat' dir='ltr'><strong>massam.</strong></span> <span class='ocrx_word' id='word_1_565' title='bbox 722 4230 781 4287; x_wconf 91' lang='lat' dir='ltr'><strong>Si</strong></span> <span class='ocrx_word' id='word_1_566' title='bbox 801 4231 949 4286; x_wconf 88' lang='lat' dir='ltr'><strong>enim</strong></span> <span class='ocrx_word' id='word_1_567' title='bbox 973 4231 1230 4289; x_wconf 80' lang='lat' dir='ltr'><strong>delibatio</strong></span> <span class='ocrx_word' id='word_1_568' title='bbox 1257 4242 1464 4296; x_wconf 86' lang='lat' dir='ltr'><strong>sancta,</strong></span> <span class='ocrx_word' id='word_1_569' title='bbox 1497 4232 1693 4301; x_wconf 87' lang='lat' dir='ltr'><strong>inquit,</strong></span> <span class='ocrx_word' id='word_1_570' title='bbox 1722 4240 1781 4288; x_wconf 90' lang='lat' dir='ltr'><strong>et</strong></span> <span class='ocrx_word' id='word_1_571' title='bbox 1806 4246 2007 4298; x_wconf 84' lang='lat' dir='ltr'><strong>massa,</strong></span> 
     </span>
    </p>
   </div>
   <div class='ocr_carea' id='block_1_69' title="bbox 2095 3135 3694 3206">
    <p class='ocr_par' dir='ltr' id='par_1_69' title="bbox 2095 3135 3694 3206">
     <span class='ocr_line' id='line_1_69' title="bbox 2095 3135 3694 3206; baseline 0.003 -16"><span class='ocrx_word' id='word_1_572' title='bbox 2095 3135 2297 3206; x_wconf 84' lang='lat' dir='ltr'><strong>iecoris</strong></span> <span class='ocrx_word' id='word_1_573' title='bbox 2353 3149 2476 3189; x_wconf 91' lang='lat' dir='ltr'><strong>cum</strong></span> <span class='ocrx_word' id='word_1_574' title='bbox 2524 3136 2862 3191; x_wconf 71' lang='lat' dir='ltr'><strong>renunculis.</strong></span> <span class='ocrx_word' id='word_1_575' title='bbox 2904 3136 3267 3206; x_wconf 81' lang='lat' dir='ltr'><strong>Adolebitque</strong></span> <span class='ocrx_word' id='word_1_576' title='bbox 3312 3152 3383 3191; x_wconf 83' lang='lat' dir='ltr'><strong>ea</strong></span> <span class='ocrx_word' id='word_1_577' title='bbox 3424 3141 3694 3194; x_wconf 72' lang='lat' dir='ltr'><strong>sacerdos</strong></span> 
     </span>
    </p>
   </div>
   <div class='ocr_carea' id='block_1_70' title="bbox 2101 3212 3693 3298">
    <p class='ocr_par' dir='ltr' id='par_1_70' title="bbox 2101 3212 3693 3298">
     <span class='ocr_line' id='line_1_70' title="bbox 2101 3212 3693 3298; baseline 0 -14"><span class='ocrx_word' id='word_1_578' title='bbox 2101 3242 2265 3297; x_wconf 90' lang='lat' dir='ltr'><strong>super</strong></span> <span class='ocrx_word' id='word_1_579' title='bbox 2283 3226 2454 3281; x_wconf 89' lang='lat' dir='ltr'><strong>altare</strong></span> <span class='ocrx_word' id='word_1_580' title='bbox 2476 3226 2529 3283; x_wconf 89' lang='lat' dir='ltr'><strong>in</strong></span> <span class='ocrx_word' id='word_1_581' title='bbox 2556 3212 2869 3283; x_wconf 79' lang='lat' dir='ltr'><strong>alimoniam</strong></span> <span class='ocrx_word' id='word_1_582' title='bbox 2905 3227 3068 3298; x_wconf 85' lang='lat' dir='ltr'><strong>ignis,</strong></span> <span class='ocrx_word' id='word_1_583' title='bbox 3103 3236 3161 3282; x_wconf 81' lang='lat' dir='ltr'><strong>et</strong></span> <span class='ocrx_word' id='word_1_584' title='bbox 3199 3229 3519 3283; x_wconf 84' lang='lat' dir='ltr'><strong>suavissimi</strong></span> <span class='ocrx_word' id='word_1_585' title='bbox 3546 3230 3693 3285; x_wconf 61' lang='lat' dir='ltr'><strong>odoa</strong></span> 
     </span>
    </p>
   </div>
   <div class='ocr_carea' id='block_1_71' title="bbox 2103 3317 3690 3393">
    <p class='ocr_par' dir='ltr' id='par_1_71' title="bbox 2103 3317 3690 3393">
     <span class='ocr_line' id='line_1_71' title="bbox 2103 3317 3690 3393; baseline 0.002 -20"><span class='ocrx_word' id='word_1_586' title='bbox 2103 3319 2198 3375; x_wconf 90' lang='lat' dir='ltr'><strong>ris.</strong></span> <span class='ocrx_word' id='word_1_587' title='bbox 2230 3317 2420 3374; x_wconf 87' lang='lat' dir='ltr'><strong>Omnis</strong></span> <span class='ocrx_word' id='word_1_588' title='bbox 2447 3318 2614 3389; x_wconf 90' lang='lat' dir='ltr'><strong>adeps</strong></span> <span class='ocrx_word' id='word_1_589' title='bbox 2647 3317 2860 3374; x_wconf 90' lang='lat' dir='ltr'><strong>Domini</strong></span> <span class='ocrx_word' id='word_1_590' title='bbox 2900 3320 3006 3374; x_wconf 91' lang='lat' dir='ltr'><strong>erit</strong></span> <span class='ocrx_word' id='word_1_591' title='bbox 3028 3319 3159 3389; x_wconf 87' lang='lat' dir='ltr'><strong>jure</strong></span> <span class='ocrx_word' id='word_1_592' title='bbox 3191 3332 3463 3390; x_wconf 81' lang='lat' dir='ltr'><strong>perpetuo</strong></span> <span class='ocrx_word' id='word_1_593' title='bbox 3499 3321 3559 3375; x_wconf 87' lang='lat' dir='ltr'><strong>in</strong></span> <span class='ocrx_word' id='word_1_594' title='bbox 3593 3338 3690 3393; x_wconf 75' lang='lat' dir='ltr'><strong>ge-</strong></span> 
     </span>
    </p>
   </div>
   <div class='ocr_carea' id='block_1_72' title="bbox 2102 3409 3693 3476">
    <p class='ocr_par' dir='ltr' id='par_1_72' title="bbox 2102 3409 3693 3476">
     <span class='ocr_line' id='line_1_72' title="bbox 2102 3409 3693 3476; baseline 0 -10"><span class='ocrx_word' id='word_1_595' title='bbox 2102 3409 2494 3475; x_wconf 81' lang='lat' dir='ltr'><strong>nerationibus,</strong></span> <span class='ocrx_word' id='word_1_596' title='bbox 2538 3417 2593 3465; x_wconf 90' lang='lat' dir='ltr'><strong>et</strong></span> <span class='ocrx_word' id='word_1_597' title='bbox 2646 3409 2859 3465; x_wconf 86' lang='lat' dir='ltr'><strong>cunctis</strong></span> <span class='ocrx_word' id='word_1_598' title='bbox 2918 3409 3246 3465; x_wconf 85' lang='lat' dir='ltr'><strong>habitaculis</strong></span> <span class='ocrx_word' id='word_1_599' title='bbox 3303 3410 3531 3476; x_wconf 75' lang='lat' dir='ltr'><strong>vestris,</strong></span> <span class='ocrx_word' id='word_1_600' title='bbox 3589 3426 3693 3466; x_wconf 82' lang='lat' dir='ltr'><strong>nec</strong></span> 
     </span>
    </p>
   </div>
   <div class='ocr_carea' id='block_1_73' title="bbox 2102 3500 3435 3573">
    <p class='ocr_par' dir='ltr' id='par_1_73' title="bbox 2102 3500 3435 3573">
     <span class='ocr_line' id='line_1_73' title="bbox 2102 3500 3435 3573; baseline -0.002 -17"><span class='ocrx_word' id='word_1_601' title='bbox 2102 3500 2311 3571; x_wconf 84' lang='lat' dir='ltr'><strong>adipes,</strong></span> <span class='ocrx_word' id='word_1_602' title='bbox 2339 3515 2442 3556; x_wconf 89' lang='lat' dir='ltr'><strong>nec</strong></span> <span class='ocrx_word' id='word_1_603' title='bbox 2465 3502 2790 3573; x_wconf 82' lang='lat' dir='ltr'><strong>sanguinem</strong></span> <span class='ocrx_word' id='word_1_604' title='bbox 2816 3501 3043 3556; x_wconf 87' lang='lat' dir='ltr'><strong>omnino</strong></span> <span class='ocrx_word' id='word_1_605' title='bbox 3077 3501 3435 3558; x_wconf 63' lang='lat' dir='ltr'><strong>comedetis.»</strong></span> 
     </span>
    </p>
   </div>
   <div class='ocr_carea' id='block_1_74' title="bbox 2172 3589 3691 3662">
    <p class='ocr_par' dir='ltr' id='par_1_74' title="bbox 2172 3589 3691 3662">
     <span class='ocr_line' id='line_1_74' title="bbox 2172 3589 3691 3662; baseline 0.002 -16"><span class='ocrx_word' id='word_1_606' title='bbox 2172 3589 2345 3657; x_wconf 85' lang='lat' dir='ltr'><strong>Quem</strong></span> <span class='ocrx_word' id='word_1_607' title='bbox 2398 3591 2587 3646; x_wconf 85' lang='lat' dir='ltr'><strong>bovem</strong></span> <span class='ocrx_word' id='word_1_608' title='bbox 2632 3592 2866 3654; x_wconf 81' lang='lat' dir='ltr'><strong>oli&#39;erre.</strong></span> <span class='ocrx_word' id='word_1_609' title='bbox 2915 3601 2972 3647; x_wconf 81' lang='lat' dir='ltr'><strong>et</strong></span> <span class='ocrx_word' id='word_1_610' title='bbox 3030 3607 3195 3662; x_wconf 86' lang='lat' dir='ltr'><strong>quem</strong></span> <span class='ocrx_word' id='word_1_611' title='bbox 3248 3608 3443 3649; x_wconf 79' lang='lat' dir='ltr'><strong>rursus</strong></span> <span class='ocrx_word' id='word_1_612' title='bbox 3500 3607 3691 3661; x_wconf 81' lang='lat' dir='ltr'><strong>ovem,</strong></span> 
     </span>
    </p>
   </div>
   <div class='ocr_carea' id='block_1_75' title="bbox 2105 3682 3695 3755">
    <p class='ocr_par' dir='ltr' id='par_1_75' title="bbox 2105 3682 3695 3755">
     <span class='ocr_line' id='line_1_75' title="bbox 2105 3682 3695 3755; baseline 0.001 -17"><span class='ocrx_word' id='word_1_613' title='bbox 2105 3697 2335 3753; x_wconf 84' lang='lat' dir='ltr'><strong>quamve</strong></span> <span class='ocrx_word' id='word_1_614' title='bbox 2360 3690 2577 3753; x_wconf 88' lang='lat' dir='ltr'><strong>capram</strong></span> <span class='ocrx_word' id='word_1_615' title='bbox 2601 3683 2875 3754; x_wconf 82' lang='lat' dir='ltr'><strong>legislator</strong></span> <span class='ocrx_word' id='word_1_616' title='bbox 2899 3682 3175 3754; x_wconf 66' lang='lat' dir='ltr'><strong>precepit,</strong></span> <span class='ocrx_word' id='word_1_617' title='bbox 3212 3683 3345 3739; x_wconf 87' lang='lat' dir='ltr'><strong>olim</strong></span> <span class='ocrx_word' id='word_1_618' title='bbox 3377 3684 3432 3738; x_wconf 89' lang='lat' dir='ltr'><strong>in</strong></span> <span class='ocrx_word' id='word_1_619' title='bbox 3462 3685 3551 3740; x_wconf 84' lang='lat' dir='ltr'><strong>bis</strong></span> <span class='ocrx_word' id='word_1_620' title='bbox 3571 3702 3695 3755; x_wconf 71' lang='lat' dir='ltr'><strong>quae</strong></span> 
     </span>
    </p>
   </div>
   <div class='ocr_carea' id='block_1_76' title="bbox 2105 3773 3696 3843">
    <p class='ocr_par' dir='ltr' id='par_1_76' title="bbox 2105 3773 3696 3843">
     <span class='ocr_line' id='line_1_76' title="bbox 2105 3773 3696 3843; baseline 0.001 -14"><span class='ocrx_word' id='word_1_621' title='bbox 2105 3774 2175 3829; x_wconf 88' lang='lat' dir='ltr'><strong>de</strong></span> <span class='ocrx_word' id='word_1_622' title='bbox 2233 3774 2560 3829; x_wconf 78' lang='lat' dir='ltr'><strong>holocaustis</strong></span> <span class='ocrx_word' id='word_1_623' title='bbox 2615 3773 2758 3829; x_wconf 83' lang='lat' dir='ltr'><strong>dicta</strong></span> <span class='ocrx_word' id='word_1_624' title='bbox 2814 3781 2945 3829; x_wconf 89' lang='lat' dir='ltr'><strong>sunt</strong></span> <span class='ocrx_word' id='word_1_625' title='bbox 3011 3774 3385 3843; x_wconf 78' lang='lat' dir='ltr'><strong>exposuimus.</strong></span> <span class='ocrx_word' id='word_1_626' title='bbox 3436 3775 3696 3831; x_wconf 79' lang='lat' dir='ltr'><strong>Diximus</strong></span> 
     </span>
    </p>
   </div>
   <div class='ocr_carea' id='block_1_77' title="bbox 2106 3865 3691 3923">
    <p class='ocr_par' dir='ltr' id='par_1_77' title="bbox 2106 3865 3691 3923">
     <span class='ocr_line' id='line_1_77' title="bbox 2106 3865 3691 3923; baseline 0.002 -2"><span class='ocrx_word' id='word_1_627' title='bbox 2106 3866 2251 3921; x_wconf 85' lang='lat' dir='ltr'><strong>enim</strong></span> <span class='ocrx_word' id='word_1_628' title='bbox 2303 3865 2566 3920; x_wconf 79' lang='lat' dir='ltr'><strong>sacriﬁcia</strong></span> <span class='ocrx_word' id='word_1_629' title='bbox 2621 3866 3132 3921; x_wconf 82' lang='lat' dir='ltr'><strong>conversationibus</strong></span> <span class='ocrx_word' id='word_1_630' title='bbox 3176 3865 3535 3923; x_wconf 71' lang='lat' dir='ltr'><strong>oﬂereutium</strong></span> <span class='ocrx_word' id='word_1_631' title='bbox 3566 3883 3691 3923; x_wconf 78' lang='lat' dir='ltr'><strong>esse</strong></span> 
     </span>
    </p>
   </div>
   <div class='ocr_carea' id='block_1_78' title="bbox 2107 3957 3695 4029">
    <p class='ocr_par' dir='ltr' id='par_1_78' title="bbox 2107 3957 3695 4029">
     <span class='ocr_line' id='line_1_78' title="bbox 2107 3957 3695 4029; baseline 0 -15"><span class='ocrx_word' id='word_1_632' title='bbox 2107 3967 2416 4029; x_wconf 77' lang='lat' dir='ltr'><strong>comparata</strong></span> <span class='ocrx_word' id='word_1_633' title='bbox 2445 3975 2462 4012; x_wconf 84' lang='lat'><strong>:</strong></span> <span class='ocrx_word' id='word_1_634' title='bbox 2489 3967 2545 4013; x_wconf 78' lang='lat' dir='ltr'><strong>et</strong></span> <span class='ocrx_word' id='word_1_635' title='bbox 2581 3957 2888 4014; x_wconf 67' lang='lat' dir='ltr'><strong>diﬁerentia</strong></span> <span class='ocrx_word' id='word_1_636' title='bbox 2914 3958 3318 4015; x_wconf 82' lang='lat' dir='ltr'><strong>sacriﬁciorum</strong></span> <span class='ocrx_word' id='word_1_637' title='bbox 3353 3958 3695 4014; x_wconf 71' lang='lat' dir='ltr'><strong>differentias</strong></span> 
     </span>
    </p>
   </div>
   <div class='ocr_carea' id='block_1_79' title="bbox 2108 4048 3690 4121">
    <p class='ocr_par' dir='ltr' id='par_1_79' title="bbox 2108 4048 3690 4121">
     <span class='ocr_line' id='line_1_79' title="bbox 2108 4048 3690 4121; baseline 0.001 -17"><span class='ocrx_word' id='word_1_638' title='bbox 2108 4049 2589 4105; x_wconf 85' lang='lat' dir='ltr'><strong>conversationum</strong></span> <span class='ocrx_word' id='word_1_639' title='bbox 2637 4063 2763 4104; x_wconf 82' lang='lat' dir='ltr'><strong>esse</strong></span> <span class='ocrx_word' id='word_1_640' title='bbox 2791 4048 3046 4120; x_wconf 84' lang='lat' dir='ltr'><strong>ﬁguratas</strong></span> <span class='ocrx_word' id='word_1_641' title='bbox 3071 4066 3087 4103; x_wconf 87' lang='lat'><strong>:</strong></span> <span class='ocrx_word' id='word_1_642' title='bbox 3130 4064 3262 4120; x_wconf 83' lang='lat' dir='ltr'><strong>ergo</strong></span> <span class='ocrx_word' id='word_1_643' title='bbox 3291 4049 3513 4114; x_wconf 81' lang='lat' dir='ltr'><strong>bovem,</strong></span> <span class='ocrx_word' id='word_1_644' title='bbox 3544 4050 3690 4121; x_wconf 74' lang='lat' dir='ltr'><strong>lega-</strong></span> 
     </span>
    </p>
   </div>
   <div class='ocr_carea' id='block_1_80' title="bbox 2108 4139 3693 4209">
    <p class='ocr_par' dir='ltr' id='par_1_80' title="bbox 2108 4139 3693 4209">
     <span class='ocr_line' id='line_1_80' title="bbox 2108 4139 3693 4209; baseline 0.002 -15"><span class='ocrx_word' id='word_1_645' title='bbox 2108 4139 2241 4203; x_wconf 74' lang='lat' dir='ltr'><strong>iium</strong></span> <span class='ocrx_word' id='word_1_646' title='bbox 2297 4140 2677 4199; x_wconf 87' lang='lat' dir='ltr'><strong>mandatorum</strong></span> <span class='ocrx_word' id='word_1_647' title='bbox 2733 4147 3077 4209; x_wconf 85' lang='lat' dir='ltr'><strong>operatorem</strong></span> <span class='ocrx_word' id='word_1_648' title='bbox 3134 4142 3503 4208; x_wconf 86' lang='lat' dir='ltr'><strong>ostendimus,</strong></span> <span class='ocrx_word' id='word_1_649' title='bbox 3563 4158 3693 4197; x_wconf 83' lang='lat' dir='ltr'><strong>oves</strong></span> 
     </span>
    </p>
   </div>
   <div class='ocr_carea' id='block_1_81' title="bbox 2084 4230 3689 4302">
    <p class='ocr_par' dir='ltr' id='par_1_81' title="bbox 2084 4230 3689 4302">
     <span class='ocr_line' id='line_1_81' title="bbox 2084 4230 3689 4302; baseline 0.003 -20"><span class='ocrx_word' id='word_1_650' title='bbox 2084 4239 2291 4286; x_wconf 89' lang='lat' dir='ltr'><strong>.autem</strong></span> <span class='ocrx_word' id='word_1_651' title='bbox 2337 4230 2612 4300; x_wconf 87' lang='lat' dir='ltr'><strong>simplices</strong></span> <span class='ocrx_word' id='word_1_652' title='bbox 2661 4244 2785 4284; x_wconf 88' lang='lat' dir='ltr'><strong>esse</strong></span> <span class='ocrx_word' id='word_1_653' title='bbox 2821 4230 3079 4296; x_wconf 77' lang='lat' dir='ltr'><strong>diximus,</strong></span> <span class='ocrx_word' id='word_1_654' title='bbox 3123 4248 3318 4302; x_wconf 85' lang='lat' dir='ltr'><strong>capras</strong></span> <span class='ocrx_word' id='word_1_655' title='bbox 3344 4232 3515 4287; x_wconf 85' lang='lat' dir='ltr'><strong>etiam</strong></span> <span class='ocrx_word' id='word_1_656' title='bbox 3561 4234 3689 4287; x_wconf 79' lang='lat' dir='ltr'><strong>sim-</strong></span> 
     </span>
    </p>
   </div>
   <div class='ocr_carea' id='block_1_82' title="bbox 438 4305 3692 4393">
    <p class='ocr_par' dir='ltr' id='par_1_82' title="bbox 438 4305 3692 4393">
     <span class='ocr_line' id='line_1_82' title="bbox 438 4305 3692 4393; baseline 0.002 -20"><span class='ocrx_word' id='word_1_657' title='bbox 438 4320 517 4375; x_wconf 84' lang='lat' dir='ltr'><strong>sic</strong></span> <span class='ocrx_word' id='word_1_658' title='bbox 561 4322 709 4376; x_wconf 90' lang='lat' dir='ltr'><strong>enim</strong></span> <span class='ocrx_word' id='word_1_659' title='bbox 754 4320 809 4376; x_wconf 93' lang='lat' dir='ltr'><strong>in</strong></span> <span class='ocrx_word' id='word_1_660' title='bbox 855 4322 1013 4376; x_wconf 87' lang='lat' dir='ltr'><strong>nobis</strong></span> <span class='ocrx_word' id='word_1_661' title='bbox 1040 4321 1329 4377; x_wconf 85' lang='lat' dir='ltr'><strong>delectatio</strong></span> <span class='ocrx_word' id='word_1_662' title='bbox 1357 4321 1502 4375; x_wconf 81' lang='lat' dir='ltr'><strong>mala</strong></span> <span class='ocrx_word' id='word_1_663' title='bbox 1526 4336 1637 4376; x_wconf 90' lang='lat' dir='ltr'><strong>non</strong></span> <span class='ocrx_word' id='word_1_664' title='bbox 1667 4321 1782 4376; x_wconf 84' lang='lat' dir='ltr'><strong>ﬁet.</strong></span> <span class='ocrx_word' id='word_1_665' title='bbox 1825 4320 1934 4376; x_wconf 85' lang='lat' dir='ltr'><strong>Sed</strong></span> <span class='ocrx_word' id='word_1_666' title='bbox 1963 4320 2008 4375; x_wconf 87' lang='lat' dir='ltr'><strong>si</strong></span> <span class='ocrx_word' id='word_1_667' title='bbox 2039 4305 2084 4360; x_wconf 71' lang='grc' dir='ltr'>Β</span> <span class='ocrx_word' id='word_1_668' title='bbox 2113 4321 2282 4392; x_wconf 81' lang='lat' dir='ltr'><strong>plices</strong></span> <span class='ocrx_word' id='word_1_669' title='bbox 2303 4321 2520 4389; x_wconf 88' lang='lat' dir='ltr'><strong>quidem</strong></span> <span class='ocrx_word' id='word_1_670' title='bbox 2544 4328 2789 4375; x_wconf 89' lang='lat' dir='ltr'><strong>versatos</strong></span> <span class='ocrx_word' id='word_1_671' title='bbox 2808 4320 2864 4374; x_wconf 92' lang='lat' dir='ltr'><strong>in</strong></span> <span class='ocrx_word' id='word_1_672' title='bbox 2894 4323 3152 4391; x_wconf 86' lang='lat' dir='ltr'><strong>peccatis,</strong></span> <span class='ocrx_word' id='word_1_673' title='bbox 3183 4323 3282 4378; x_wconf 88' lang='lat' dir='ltr'><strong>sed</strong></span> <span class='ocrx_word' id='word_1_674' title='bbox 3302 4333 3489 4377; x_wconf 79' lang='lat' dir='ltr'><strong>tamen</strong></span> <span class='ocrx_word' id='word_1_675' title='bbox 3512 4334 3692 4393; x_wconf 66' lang='lat' dir='ltr'><strong>postea</strong></span> 
     </span>
    </p>
   </div>
   <div class='ocr_carea' id='block_1_83' title="bbox 439 4411 2011 4483">
    <p class='ocr_par' dir='ltr' id='par_1_83' title="bbox 439 4411 2011 4483">
     <span class='ocr_line' id='line_1_83' title="bbox 439 4411 2011 4483; baseline 0.001 -16"><span class='ocrx_word' id='word_1_676' title='bbox 439 4411 643 4468; x_wconf 81' lang='lat' dir='ltr'><strong>divitiis</strong></span> <span class='ocrx_word' id='word_1_677' title='bbox 669 4412 792 4483; x_wconf 82' lang='lat' dir='ltr'><strong>quis</strong></span> <span class='ocrx_word' id='word_1_678' title='bbox 818 4412 1145 4477; x_wconf 88' lang='lat' dir='ltr'><strong>delectatur,</strong></span> <span class='ocrx_word' id='word_1_679' title='bbox 1165 4412 1382 4468; x_wconf 85' lang='lat' dir='ltr'><strong>divitias</strong></span> <span class='ocrx_word' id='word_1_680' title='bbox 1402 4411 1625 4482; x_wconf 79' lang='lat' dir='ltr'><strong>iustitiae</strong></span> <span class='ocrx_word' id='word_1_681' title='bbox 1648 4421 1874 4483; x_wconf 70' lang='lat' dir='ltr'><strong>quarat,</strong></span> <span class='ocrx_word' id='word_1_682' title='bbox 1895 4413 2011 4468; x_wconf 80' lang='lat' dir='ltr'><strong>sive</strong></span> 
     </span>
    </p>
   </div>
   <div class='ocr_carea' id='block_1_84' title="bbox 439 4503 2011 4575">
    <p class='ocr_par' dir='ltr' id='par_1_84' title="bbox 439 4503 2011 4575">
     <span class='ocr_line' id='line_1_84' title="bbox 439 4503 2011 4575; baseline 0 -16"><span class='ocrx_word' id='word_1_683' title='bbox 439 4503 637 4567; x_wconf 73' lang='lat' dir='ltr'><strong>saltue,</strong></span> <span class='ocrx_word' id='word_1_684' title='bbox 685 4518 805 4557; x_wconf 87' lang='lat' dir='ltr'><strong>cam</strong></span> <span class='ocrx_word' id='word_1_685' title='bbox 846 4518 967 4573; x_wconf 72' lang='lat' dir='ltr'><strong>qua:</strong></span> <span class='ocrx_word' id='word_1_686' title='bbox 1009 4511 1092 4559; x_wconf 86' lang='lat' dir='ltr'><strong>est</strong></span> <span class='ocrx_word' id='word_1_687' title='bbox 1139 4504 1193 4558; x_wconf 91' lang='lat' dir='ltr'><strong>iu</strong></span> <span class='ocrx_word' id='word_1_688' title='bbox 1238 4503 1641 4575; x_wconf 75' lang='lat' dir='ltr'><strong>subiectionem</strong></span> <span class='ocrx_word' id='word_1_689' title='bbox 1673 4511 1730 4559; x_wconf 86' lang='lat' dir='ltr'><strong>et</strong></span> <span class='ocrx_word' id='word_1_690' title='bbox 1766 4505 2011 4559; x_wconf 51' lang='lat' dir='ltr'><strong>terrenae</strong></span> 
     </span>
    </p>
   </div>
   <div class='ocr_carea' id='block_1_85' title="bbox 443 4595 2011 4668">
    <p class='ocr_par' dir='ltr' id='par_1_85' title="bbox 443 4595 2011 4668">
     <span class='ocr_line' id='line_1_85' title="bbox 443 4595 2011 4668; baseline 0 -16"><span class='ocrx_word' id='word_1_691' title='bbox 443 4598 645 4655; x_wconf 85' lang='lat' dir='ltr'><strong>tionem</strong></span> <span class='ocrx_word' id='word_1_692' title='bbox 674 4597 942 4667; x_wconf 87' lang='lat' dir='ltr'><strong>corporis,</strong></span> <span class='ocrx_word' id='word_1_693' title='bbox 965 4596 1081 4653; x_wconf 82' lang='lat' dir='ltr'><strong>sive</strong></span> <span class='ocrx_word' id='word_1_694' title='bbox 1107 4595 1380 4668; x_wconf 79' lang='lat' dir='ltr'><strong>coniugio,</strong></span> <span class='ocrx_word' id='word_1_695' title='bbox 1410 4595 1504 4651; x_wconf 92' lang='lat' dir='ltr'><strong>illo</strong></span> <span class='ocrx_word' id='word_1_696' title='bbox 1523 4597 1669 4666; x_wconf 88' lang='lat' dir='ltr'><strong>quod</strong></span> <span class='ocrx_word' id='word_1_697' title='bbox 1694 4597 1749 4651; x_wconf 91' lang='lat' dir='ltr'><strong>in</strong></span> <span class='ocrx_word' id='word_1_698' title='bbox 1778 4596 2011 4652; x_wconf 82' lang='lat' dir='ltr'><strong>ﬁliorum</strong></span> 
     </span>
    </p>
   </div>
   <div class='ocr_carea' id='block_1_86' title="bbox 441 4685 2016 4761">
    <p class='ocr_par' dir='ltr' id='par_1_86' title="bbox 441 4685 2016 4761">
     <span class='ocr_line' id='line_1_86' title="bbox 441 4685 2016 4761; baseline 0.001 -20"><span class='ocrx_word' id='word_1_699' title='bbox 441 4687 816 4759; x_wconf 81' lang='lat' dir='ltr'><strong>procreatione</strong></span> <span class='ocrx_word' id='word_1_700' title='bbox 844 4696 929 4743; x_wconf 91' lang='lat' dir='ltr'><strong>est</strong></span> <span class='ocrx_word' id='word_1_701' title='bbox 956 4696 1014 4742; x_wconf 92' lang='lat' dir='ltr'><strong>et</strong></span> <span class='ocrx_word' id='word_1_702' title='bbox 1038 4688 1091 4742; x_wconf 89' lang='lat' dir='ltr'><strong>in</strong></span> <span class='ocrx_word' id='word_1_703' title='bbox 1126 4687 1409 4760; x_wconf 82' lang='lat' dir='ltr'><strong>pudicitia.</strong></span> <span class='ocrx_word' id='word_1_704' title='bbox 1451 4685 1679 4757; x_wconf 88' lang='lat' dir='ltr'><strong>Oportet</strong></span> <span class='ocrx_word' id='word_1_705' title='bbox 1705 4696 1886 4761; x_wconf 81' lang='lat' dir='ltr'><strong>autem</strong></span> <span class='ocrx_word' id='word_1_706' title='bbox 1911 4701 2016 4745; x_wconf 76' lang='lat' dir='ltr'><strong>nos</strong></span> 
     </span>
    </p>
   </div>
   <div class='ocr_carea' id='block_1_87' title="bbox 442 4779 2039 4851">
    <p class='ocr_par' dir='ltr' id='par_1_87' title="bbox 442 4779 2039 4851">
     <span class='ocr_line' id='line_1_87' title="bbox 442 4779 2039 4851; baseline 0 -17"><span class='ocrx_word' id='word_1_707' title='bbox 442 4781 715 4839; x_wconf 84' lang='lat' dir='ltr'><strong>reminisci</strong></span> <span class='ocrx_word' id='word_1_708' title='bbox 760 4781 887 4851; x_wconf 88' lang='lat' dir='ltr'><strong>quia</strong></span> <span class='ocrx_word' id='word_1_709' title='bbox 920 4796 1069 4837; x_wconf 87' lang='lat' dir='ltr'><strong>nunc</strong></span> <span class='ocrx_word' id='word_1_710' title='bbox 1119 4796 1233 4837; x_wconf 90' lang='lat' dir='ltr'><strong>non</strong></span> <span class='ocrx_word' id='word_1_711' title='bbox 1264 4794 1395 4836; x_wconf 85' lang='lat' dir='ltr'><strong>eum</strong></span> <span class='ocrx_word' id='word_1_712' title='bbox 1418 4780 1510 4851; x_wconf 89' lang='lat' dir='ltr'><strong>qui</strong></span> <span class='ocrx_word' id='word_1_713' title='bbox 1546 4795 1605 4835; x_wconf 81' lang='lat' dir='ltr'><strong>se</strong></span> <span class='ocrx_word' id='word_1_714' title='bbox 1637 4779 1931 4845; x_wconf 75' lang='lat' dir='ltr'><strong>cruciﬁxit,</strong></span> <span class='ocrx_word' id='word_1_715' title='bbox 1958 4789 2039 4834; x_wconf 81' lang='lat' dir='ltr'><strong>et.</strong></span> 
     </span>
    </p>
   </div>
   <div class='ocr_carea' id='block_1_88' title="bbox 442 4870 2018 4941">
    <p class='ocr_par' dir='ltr' id='par_1_88' title="bbox 442 4870 2018 4941">
     <span class='ocr_line' id='line_1_88' title="bbox 442 4870 2018 4941; baseline -0.001 -15"><span class='ocrx_word' id='word_1_716' title='bbox 442 4870 785 4930; x_wconf 73' lang='lat' dir='ltr'><strong>mortiﬁcavit</strong></span> <span class='ocrx_word' id='word_1_717' title='bbox 828 4875 1054 4939; x_wconf 85' lang='lat' dir='ltr'><strong>mundo,</strong></span> <span class='ocrx_word' id='word_1_718' title='bbox 1089 4873 1184 4927; x_wconf 83' lang='lat' dir='ltr'><strong>sed</strong></span> <span class='ocrx_word' id='word_1_719' title='bbox 1233 4886 1359 4927; x_wconf 84' lang='lat' dir='ltr'><strong>eum</strong></span> <span class='ocrx_word' id='word_1_720' title='bbox 1386 4872 1478 4941; x_wconf 89' lang='lat' dir='ltr'><strong>qui</strong></span> <span class='ocrx_word' id='word_1_721' title='bbox 1506 4871 1853 4927; x_wconf 86' lang='lat' dir='ltr'><strong>mediocriter</strong></span> <span class='ocrx_word' id='word_1_722' title='bbox 1884 4886 2018 4926; x_wconf 83' lang='lat' dir='ltr'><strong>con—</strong></span> 
     </span>
    </p>
   </div>
   <div class='ocr_carea' id='block_1_89' title="bbox 441 4960 2017 5032">
    <p class='ocr_par' dir='ltr' id='par_1_89' title="bbox 441 4960 2017 5032">
     <span class='ocr_line' id='line_1_89' title="bbox 441 4960 2017 5032; baseline 0.003 -20"><span class='ocrx_word' id='word_1_723' title='bbox 441 4969 686 5016; x_wconf 79' lang='lat' dir='ltr'><strong>versatur</strong></span> <span class='ocrx_word' id='word_1_724' title='bbox 710 4960 1023 5032; x_wconf 80' lang='lat' dir='ltr'><strong>,legisiator</strong></span> <span class='ocrx_word' id='word_1_725' title='bbox 1070 4960 1377 5031; x_wconf 83' lang='lat' dir='ltr'><strong>descripsit.</strong></span> <span class='ocrx_word' id='word_1_726' title='bbox 1413 4960 1566 5016; x_wconf 83' lang='lat' dir='ltr'><strong>Unde</strong></span> <span class='ocrx_word' id='word_1_727' title='bbox 1608 4962 1735 5032; x_wconf 81' lang='lat' dir='ltr'><strong>eius</strong></span> <span class='ocrx_word' id='word_1_728' title='bbox 1768 4972 1825 5019; x_wconf 82' lang='lat' dir='ltr'><strong>et</strong></span> <span class='ocrx_word' id='word_1_729' title='bbox 1859 4977 2017 5018; x_wconf 77' lang='lat' dir='ltr'><strong>renes</strong></span> 
     </span>
    </p>
   </div>
   <div class='ocr_carea' id='block_1_90' title="bbox 441 5049 2057 5123">
    <p class='ocr_par' dir='ltr' id='par_1_90' title="bbox 441 5049 2057 5123">
     <span class='ocr_line' id='line_1_90' title="bbox 441 5049 2057 5123; baseline 0.002 -20"><span class='ocrx_word' id='word_1_730' title='bbox 441 5049 627 5107; x_wconf 84' lang='lat' dir='ltr'><strong>oli&#39;erri</strong></span> <span class='ocrx_word' id='word_1_731' title='bbox 664 5053 842 5122; x_wconf 84' lang='lat' dir='ltr'><strong>jubet,</strong></span> <span class='ocrx_word' id='word_1_732' title='bbox 873 5052 1170 5109; x_wconf 83' lang='lat' dir='ltr'><strong>ostendens</strong></span> <span class='ocrx_word' id='word_1_733' title='bbox 1195 5052 1323 5122; x_wconf 80' lang='lat' dir='ltr'><strong>quia</strong></span> <span class='ocrx_word' id='word_1_734' title='bbox 1356 5052 1424 5105; x_wconf 90' lang='lat' dir='ltr'><strong>de</strong></span> <span class='ocrx_word' id='word_1_735' title='bbox 1448 5065 1515 5106; x_wconf 91' lang='lat' dir='ltr'><strong>eo</strong></span> <span class='ocrx_word' id='word_1_736' title='bbox 1540 5051 1633 5120; x_wconf 92' lang='lat' dir='ltr'><strong>qui</strong></span> <span class='ocrx_word' id='word_1_737' title='bbox 1677 5052 1738 5106; x_wconf 89' lang='lat' dir='ltr'><strong>in</strong></span> <span class='ocrx_word' id='word_1_738' title='bbox 1763 5052 2020 5123; x_wconf 83' lang='lat' dir='ltr'><strong>coniugio</strong></span> <span class='ocrx_word' id='word_1_739' title='bbox 2054 5062 2057 5067; x_wconf 91' lang='lat'>&#39;</span> 
     </span>
    </p>
   </div>
   <div class='ocr_carea' id='block_1_91' title="bbox 443 5140 2018 5214">
    <p class='ocr_par' dir='ltr' id='par_1_91' title="bbox 443 5140 2018 5214">
     <span class='ocr_line' id='line_1_91' title="bbox 443 5140 2018 5214; baseline 0.002 -20"><span class='ocrx_word' id='word_1_740' title='bbox 443 5152 817 5208; x_wconf 74' lang='lat' dir='ltr'><strong>cuuservatur,</strong></span> <span class='ocrx_word' id='word_1_741' title='bbox 857 5143 1137 5214; x_wconf 86' lang='lat' dir='ltr'><strong>loquitur:</strong></span> <span class='ocrx_word' id='word_1_742' title='bbox 1167 5157 1289 5201; x_wconf 84' lang='lat' dir='ltr'><strong>esse</strong></span> <span class='ocrx_word' id='word_1_743' title='bbox 1325 5149 1511 5196; x_wconf 86' lang='lat' dir='ltr'><strong>autem</strong></span> <span class='ocrx_word' id='word_1_744' title='bbox 1538 5140 1595 5195; x_wconf 90' lang='lat' dir='ltr'><strong>in</strong></span> <span class='ocrx_word' id='word_1_745' title='bbox 1624 5142 1849 5197; x_wconf 87' lang='lat' dir='ltr'><strong>renibus</strong></span> <span class='ocrx_word' id='word_1_746' title='bbox 1874 5143 2018 5197; x_wconf 73' lang='lat' dir='ltr'><strong>disi-</strong></span> 
     </span>
    </p>
   </div>
   <div class='ocr_carea' id='block_1_92' title="bbox 445 5231 2019 5305">
    <p class='ocr_par' dir='ltr' id='par_1_92' title="bbox 445 5231 2019 5305">
     <span class='ocr_line' id='line_1_92' title="bbox 445 5231 2019 5305; baseline 0 -17"><span class='ocrx_word' id='word_1_747' title='bbox 445 5248 568 5288; x_wconf 84' lang='lat' dir='ltr'><strong>mus</strong></span> <span class='ocrx_word' id='word_1_748' title='bbox 614 5233 826 5290; x_wconf 86' lang='lat' dir='ltr'><strong>coitalis</strong></span> <span class='ocrx_word' id='word_1_749' title='bbox 866 5232 1199 5305; x_wconf 79' lang='lat' dir='ltr'><strong>operationis</strong></span> <span class='ocrx_word' id='word_1_750' title='bbox 1229 5231 1457 5286; x_wconf 89' lang='lat' dir='ltr'><strong>semina.</strong></span> <span class='ocrx_word' id='word_1_751' title='bbox 1511 5231 1893 5287; x_wconf 74' lang='lat' dir='ltr'><strong>Verumtamen</strong></span> <span class='ocrx_word' id='word_1_752' title='bbox 1943 5233 2019 5288; x_wconf 86' lang='lat' dir='ltr'><strong>ita</strong></span> 
     </span>
    </p>
   </div>
   <div class='ocr_carea' id='block_1_93' title="bbox 444 5322 2020 5396">
    <p class='ocr_par' dir='ltr' id='par_1_93' title="bbox 444 5322 2020 5396">
     <span class='ocr_line' id='line_1_93' title="bbox 444 5322 2020 5396; baseline -0.001 -17"><span class='ocrx_word' id='word_1_753' title='bbox 444 5337 506 5379; x_wconf 74' lang='lat' dir='ltr'><strong>se</strong></span> <span class='ocrx_word' id='word_1_754' title='bbox 530 5324 653 5394; x_wconf 87' lang='lat' dir='ltr'><strong>quis</strong></span> <span class='ocrx_word' id='word_1_755' title='bbox 666 5324 1145 5396; x_wconf 82' lang='lat' dir='ltr'><strong>debetdisponere,</strong></span> <span class='ocrx_word' id='word_1_756' title='bbox 1171 5333 1233 5378; x_wconf 90' lang='lat' dir='ltr'><strong>ut</strong></span> <span class='ocrx_word' id='word_1_757' title='bbox 1253 5337 1415 5379; x_wconf 87' lang='lat' dir='ltr'><strong>onme</strong></span> <span class='ocrx_word' id='word_1_758' title='bbox 1436 5322 1789 5390; x_wconf 86' lang='lat' dir='ltr'><strong>desiderium,</strong></span> <span class='ocrx_word' id='word_1_759' title='bbox 1817 5332 1871 5378; x_wconf 83' lang='lat' dir='ltr'><strong>et</strong></span> <span class='ocrx_word' id='word_1_760' title='bbox 1893 5339 2020 5394; x_wconf 87' lang='lat' dir='ltr'><strong>pro-</strong></span> 
     </span>
    </p>
   </div>
   <div class='ocr_carea' id='block_1_94' title="bbox 445 5414 2019 5486">
    <p class='ocr_par' dir='ltr' id='par_1_94' title="bbox 445 5414 2019 5486">
     <span class='ocr_line' id='line_1_94' title="bbox 445 5414 2019 5486; baseline 0 -17"><span class='ocrx_word' id='word_1_761' title='bbox 445 5417 683 5484; x_wconf 87' lang='lat' dir='ltr'><strong>positum</strong></span> <span class='ocrx_word' id='word_1_762' title='bbox 734 5415 1027 5486; x_wconf 89' lang='lat' dir='ltr'><strong>cujuslibet</strong></span> <span class='ocrx_word' id='word_1_763' title='bbox 1082 5414 1337 5479; x_wconf 90' lang='lat' dir='ltr'><strong>actionis,</strong></span> <span class='ocrx_word' id='word_1_764' title='bbox 1388 5422 1442 5470; x_wconf 90' lang='lat' dir='ltr'><strong>et</strong></span> <span class='ocrx_word' id='word_1_765' title='bbox 1493 5414 2019 5469; x_wconf 87' lang='lat' dir='ltr'><strong>consummationem</strong></span> 
     </span>
    </p>
   </div>
   <div class='ocr_carea' id='block_1_95' title="bbox 533 5547 1111 5618">
    <p class='ocr_par' dir='ltr' id='par_1_95' title="bbox 533 5547 1111 5618">
     <span class='ocr_line' id='line_1_95' title="bbox 533 5547 1111 5618; baseline 0.01 -18"><span class='ocrx_word' id='word_1_766' title='bbox 533 5549 793 5606; x_wconf 63' lang='lat' dir='ltr'><strong>“let-em.</strong></span> <span class='ocrx_word' id='word_1_767' title='bbox 844 5567 980 5618; x_wconf 77' lang='lat' dir='ltr'><strong>xvtt,</strong></span> <span class='ocrx_word' id='word_1_768' title='bbox 1027 5547 1111 5606; x_wconf 69' lang='lat' dir='ltr'><strong>lii.</strong></span> 
     </span>
    </p>
   </div>
   <div class='ocr_carea' id='block_1_96' title="bbox 433 5620 944 5709">
    <p class='ocr_par' dir='ltr' id='par_1_96' title="bbox 433 5620 944 5709">
     <span class='ocr_line' id='line_1_96' title="bbox 433 5620 944 5709; baseline 0.006 -35"><span class='ocrx_word' id='word_1_769' title='bbox 433 5621 500 5709; x_wconf 49' lang='lat' dir='ltr'><strong>\u</strong></span> <span class='ocrx_word' id='word_1_770' title='bbox 524 5620 691 5675; x_wconf 77' lang='lat' dir='ltr'><strong>Amos</strong></span> <span class='ocrx_word' id='word_1_771' title='bbox 742 5638 832 5689; x_wconf 76' lang='lat' dir='ltr'><strong>vn,</strong></span> <span class='ocrx_word' id='word_1_772' title='bbox 862 5623 944 5677; x_wconf 74' lang='grc' dir='ltr'><strong>Η.</strong></span> 
     </span>
    </p>
   </div>
   <div class='ocr_carea' id='block_1_97' title="bbox 2115 4408 3689 4482">
    <p class='ocr_par' dir='ltr' id='par_1_97' title="bbox 2115 4408 3689 4482">
     <span class='ocr_line' id='line_1_97' title="bbox 2115 4408 3689 4482; baseline 0.001 -15"><span class='ocrx_word' id='word_1_773' title='bbox 2115 4425 2434 4467; x_wconf 86' lang='lat' dir='ltr'><strong>conversos.</strong></span> <span class='ocrx_word' id='word_1_774' title='bbox 2478 4408 2586 4464; x_wconf 87' lang='lat' dir='ltr'><strong>Sed</strong></span> <span class='ocrx_word' id='word_1_775' title='bbox 2633 4410 2707 4463; x_wconf 88' lang='lat' dir='ltr'><strong>ibi</strong></span> <span class='ocrx_word' id='word_1_776' title='bbox 2746 4411 2943 4467; x_wconf 86' lang='lat' dir='ltr'><strong>ovibus</strong></span> <span class='ocrx_word' id='word_1_777' title='bbox 2969 4412 3133 4467; x_wconf 84' lang='lat' dir='ltr'><strong>etiam</strong></span> <span class='ocrx_word' id='word_1_778' title='bbox 3164 4428 3459 4482; x_wconf 82' lang='lat' dir='ltr'><strong>caprarum</strong></span> <span class='ocrx_word' id='word_1_779' title='bbox 3485 4415 3689 4469; x_wconf 82' lang='lat' dir='ltr'><strong>sacriﬁ-</strong></span> 
     </span>
    </p>
   </div>
   <div class='ocr_carea' id='block_1_98' title="bbox 2115 4499 2850 4563">
    <p class='ocr_par' dir='ltr' id='par_1_98' title="bbox 2115 4499 2850 4563">
     <span class='ocr_line' id='line_1_98' title="bbox 2115 4499 2850 4563; baseline -0.004 -6"><span class='ocrx_word' id='word_1_780' title='bbox 2115 4502 2263 4557; x_wconf 80' lang='lat' dir='ltr'><strong>cium</strong></span> <span class='ocrx_word' id='word_1_781' title='bbox 2291 4499 2532 4563; x_wconf 84' lang='lat' dir='ltr'><strong>miscuit,</strong></span> <span class='ocrx_word' id='word_1_782' title='bbox 2558 4501 2637 4554; x_wconf 83' lang='lat' dir='ltr'><strong>ait</strong></span> <span class='ocrx_word' id='word_1_783' title='bbox 2662 4500 2808 4554; x_wconf 84' lang='lat' dir='ltr'><strong>enim</strong></span> <span class='ocrx_word' id='word_1_784' title='bbox 2832 4520 2850 4554; x_wconf 69' lang='grc' dir='ltr'><strong><em>ι</em></strong></span> 
     </span>
    </p>
   </div>
   <div class='ocr_carea' id='block_1_99' title="bbox 2189 4591 3688 4661">
    <p class='ocr_par' dir='ltr' id='par_1_99' title="bbox 2189 4591 3688 4661">
     <span class='ocr_line' id='line_1_99' title="bbox 2189 4591 3688 4661; baseline 0.001 -14"><span class='ocrx_word' id='word_1_785' title='bbox 2189 4594 2341 4658; x_wconf 77' lang='lat' dir='ltr'><strong>Quod</strong></span> <span class='ocrx_word' id='word_1_786' title='bbox 2369 4592 2419 4645; x_wconf 77' lang='lat' dir='ltr'><strong>si</strong></span> <span class='ocrx_word' id='word_1_787' title='bbox 2447 4591 2511 4645; x_wconf 89' lang='lat' dir='ltr'><strong>de</strong></span> <span class='ocrx_word' id='word_1_788' title='bbox 2541 4593 2808 4661; x_wconf 78' lang='lat' dir='ltr'><strong>pecoribus</strong></span> <span class='ocrx_word' id='word_1_789' title='bbox 2829 4591 3023 4649; x_wconf 82' lang='lat' dir='ltr'><strong>oblatio</strong></span> <span class='ocrx_word' id='word_1_790' title='bbox 3050 4602 3144 4656; x_wconf 80' lang='lat' dir='ltr'><strong>est,</strong></span> <span class='ocrx_word' id='word_1_791' title='bbox 3184 4595 3251 4647; x_wconf 75' lang='lat' dir='ltr'><strong>de</strong></span> <span class='ocrx_word' id='word_1_792' title='bbox 3294 4595 3479 4649; x_wconf 76' lang='lat' dir='ltr'><strong>ovibus</strong></span> <span class='ocrx_word' id='word_1_793' title='bbox 3499 4597 3603 4649; x_wconf 73' lang='lat' dir='ltr'><strong>sive</strong></span> <span class='ocrx_word' id='word_1_794' title='bbox 3631 4600 3688 4648; x_wconf 74' lang='lat' dir='ltr'><strong>de</strong></span> 
     </span>
    </p>
   </div>
   <div class='ocr_carea' id='block_1_100' title="bbox 2119 4685 3683 4756">
    <p class='ocr_par' dir='ltr' id='par_1_100' title="bbox 2119 4685 3683 4756">
     <span class='ocr_line' id='line_1_100' title="bbox 2119 4685 3683 4756; baseline -0.002 -16"><span class='ocrx_word' id='word_1_795' title='bbox 2119 4687 2293 4756; x_wconf 84' lang='lat' dir='ltr'><strong>capris</strong></span> <span class='ocrx_word' id='word_1_796' title='bbox 2324 4685 2685 4739; x_wconf 76' lang='lat' dir='ltr'><strong>holocaustum</strong></span> <span class='ocrx_word' id='word_1_797' title='bbox 2716 4685 3027 4738; x_wconf 71' lang='lat' dir='ltr'><strong>aniticulam</strong></span> <span class='ocrx_word' id='word_1_798' title='bbox 3062 4685 3255 4755; x_wconf 68' lang='lat' dir='ltr'><strong>absque</strong></span> <span class='ocrx_word' id='word_1_799' title='bbox 3290 4686 3501 4739; x_wconf 75' lang='lat' dir='ltr'><strong>macula</strong></span> <span class='ocrx_word' id='word_1_800' title='bbox 3530 4687 3683 4755; x_wconf 63' lang='lat' dir='ltr'><strong>offert.</strong></span> 
     </span>
    </p>
   </div>
   <div class='ocr_carea' id='block_1_101' title="bbox 2115 4772 3691 4847">
    <p class='ocr_par' dir='ltr' id='par_1_101' title="bbox 2115 4772 3691 4847">
     <span class='ocr_line' id='line_1_101' title="bbox 2115 4772 3691 4847; baseline -0.003 -16"><span class='ocrx_word' id='word_1_801' title='bbox 2115 4774 2468 4847; x_wconf 84' lang='lat' dir='ltr'><strong>Septuaginta</strong></span> <span class='ocrx_word' id='word_1_802' title='bbox 2489 4784 2671 4829; x_wconf 81' lang='lat' dir='ltr'><strong>autem</strong></span> <span class='ocrx_word' id='word_1_803' title='bbox 2716 4773 2797 4828; x_wconf 84' lang='lat' dir='ltr'><strong>sic</strong></span> <span class='ocrx_word' id='word_1_804' title='bbox 2833 4772 3043 4828; x_wconf 90' lang='lat' dir='ltr'><strong>edunt:</strong></span> <span class='ocrx_word' id='word_1_805' title='bbox 3077 4773 3132 4827; x_wconf 89' lang='lat' dir='ltr'><strong>Si</strong></span> <span class='ocrx_word' id='word_1_806' title='bbox 3166 4773 3239 4828; x_wconf 78' lang='lat' dir='ltr'><strong>ab</strong></span> <span class='ocrx_word' id='word_1_807' title='bbox 3266 4773 3463 4829; x_wconf 81' lang='lat' dir='ltr'><strong>ovibus</strong></span> <span class='ocrx_word' id='word_1_808' title='bbox 3494 4789 3691 4827; x_wconf 75' lang='lat' dir='ltr'><strong>inuitus</strong></span> 
     </span>
    </p>
   </div>
   <div class='ocr_carea' id='block_1_102' title="bbox 2117 4860 3689 4934">
    <p class='ocr_par' dir='ltr' id='par_1_102' title="bbox 2117 4860 3689 4934">
     <span class='ocr_line' id='line_1_102' title="bbox 2117 4860 3689 4934; baseline -0.003 -17"><span class='ocrx_word' id='word_1_809' title='bbox 2117 4865 2257 4934; x_wconf 87' lang='lat' dir='ltr'><strong>eius,</strong></span> <span class='ocrx_word' id='word_1_810' title='bbox 2291 4864 2361 4918; x_wconf 89' lang='lat' dir='ltr'><strong>ab</strong></span> <span class='ocrx_word' id='word_1_811' title='bbox 2392 4862 2547 4934; x_wconf 81' lang='lat' dir='ltr'><strong>agnis</strong></span> <span class='ocrx_word' id='word_1_812' title='bbox 2577 4870 2634 4917; x_wconf 86' lang='lat' dir='ltr'><strong>et</strong></span> <span class='ocrx_word' id='word_1_813' title='bbox 2656 4861 2823 4917; x_wconf 63' lang='lat' dir='ltr'><strong>haedis</strong></span> <span class='ocrx_word' id='word_1_814' title='bbox 2854 4861 2908 4914; x_wconf 84' lang='lat' dir='ltr'><strong>in</strong></span> <span class='ocrx_word' id='word_1_815' title='bbox 2951 4860 3354 4927; x_wconf 77' lang='lat' dir='ltr'><strong>holocaustum,</strong></span> <span class='ocrx_word' id='word_1_816' title='bbox 3395 4861 3689 4916; x_wconf 81' lang='lat' dir='ltr'><strong>masculum</strong></span> 
     </span>
    </p>
   </div>
   <div class='ocr_carea' id='block_1_103' title="bbox 2121 4952 3688 5023">
    <p class='ocr_par' dir='ltr' id='par_1_103' title="bbox 2121 4952 3688 5023">
     <span class='ocr_line' id='line_1_103' title="bbox 2121 4952 3688 5023; baseline -0.003 -15"><span class='ocrx_word' id='word_1_817' title='bbox 2121 4953 2530 5010; x_wconf 82' lang='lat' dir='ltr'><strong>immaculatum</strong></span> <span class='ocrx_word' id='word_1_818' title='bbox 2570 4954 2770 5011; x_wconf 78' lang='lat' dir='ltr'><strong>oli‘eret</strong></span> <span class='ocrx_word' id='word_1_819' title='bbox 2816 4953 2990 5017; x_wconf 89' lang='lat' dir='ltr'><strong>illum,</strong></span> <span class='ocrx_word' id='word_1_820' title='bbox 3034 4952 3162 5023; x_wconf 77' lang='lat' dir='ltr'><strong>quia</strong></span> <span class='ocrx_word' id='word_1_821' title='bbox 3190 4967 3323 5007; x_wconf 87' lang='lat' dir='ltr'><strong>oves</strong></span> <span class='ocrx_word' id='word_1_822' title='bbox 3357 4967 3533 5023; x_wconf 79' lang='lat' dir='ltr'><strong>genus</strong></span> <span class='ocrx_word' id='word_1_823' title='bbox 3552 4965 3688 5019; x_wconf 58' lang='lat' dir='ltr'><strong>quon</strong></span> 
     </span>
    </p>
   </div>
   <div class='ocr_carea' id='block_1_104' title="bbox 2119 5047 3688 5120">
    <p class='ocr_par' dir='ltr' id='par_1_104' title="bbox 2119 5047 3688 5120">
     <span class='ocr_line' id='line_1_104' title="bbox 2119 5047 3688 5120; baseline -0.004 -16"><span class='ocrx_word' id='word_1_824' title='bbox 2119 5049 2411 5104; x_wconf 78' lang='lat' dir='ltr'><strong>dauintodo</strong></span> <span class='ocrx_word' id='word_1_825' title='bbox 2457 5065 2580 5104; x_wconf 90' lang='lat' dir='ltr'><strong>esse</strong></span> <span class='ocrx_word' id='word_1_826' title='bbox 2614 5064 2879 5120; x_wconf 75' lang='lat' dir='ltr'><strong>agnorum</strong></span> <span class='ocrx_word' id='word_1_827' title='bbox 2926 5056 2983 5102; x_wconf 86' lang='lat' dir='ltr'><strong>et</strong></span> <span class='ocrx_word' id='word_1_828' title='bbox 3026 5047 3313 5103; x_wconf 68' lang='lat' dir='ltr'><strong>haedorum</strong></span> <span class='ocrx_word' id='word_1_829' title='bbox 3370 5047 3688 5117; x_wconf 65' lang='lat' dir='ltr'><strong>complexiva</strong></span> 
     </span>
    </p>
   </div>
   <div class='ocr_carea' id='block_1_105' title="bbox 2120 5137 3691 5202">
    <p class='ocr_par' dir='ltr' id='par_1_105' title="bbox 2120 5137 3691 5202">
     <span class='ocr_line' id='line_1_105' title="bbox 2120 5137 3691 5202; baseline -0.001 -7"><span class='ocrx_word' id='word_1_830' title='bbox 2120 5139 2290 5195; x_wconf 64' lang='lat' dir='ltr'><strong>Vetus</strong></span> <span class='ocrx_word' id='word_1_831' title='bbox 2323 5138 2730 5195; x_wconf 73' lang='lat' dir='ltr'><strong>Testamentum</strong></span> <span class='ocrx_word' id='word_1_832' title='bbox 2755 5140 3060 5194; x_wconf 66' lang='lat' dir='ltr'><strong>mstimavit.</strong></span> <span class='ocrx_word' id='word_1_833' title='bbox 3093 5139 3343 5196; x_wconf 77' lang='lat' dir='ltr'><strong>Invenies</strong></span> <span class='ocrx_word' id='word_1_834' title='bbox 3369 5147 3571 5202; x_wconf 86' lang='lat' dir='ltr'><strong>tamen,</strong></span> <span class='ocrx_word' id='word_1_835' title='bbox 3599 5137 3691 5193; x_wconf 70' lang='lat' dir='ltr'><strong>scd</strong></span> 
     </span>
    </p>
   </div>
   <div class='ocr_carea' id='block_1_106' title="bbox 2123 5230 3685 5304">
    <p class='ocr_par' dir='ltr' id='par_1_106' title="bbox 2123 5230 3685 5304">
     <span class='ocr_line' id='line_1_106' title="bbox 2123 5230 3685 5304; baseline 0 -19"><span class='ocrx_word' id='word_1_836' title='bbox 2123 5242 2179 5286; x_wconf 89' lang='lat' dir='ltr'><strong>et</strong></span> <span class='ocrx_word' id='word_1_837' title='bbox 2215 5234 2359 5304; x_wconf 86' lang='lat' dir='ltr'><strong>apud</strong></span> <span class='ocrx_word' id='word_1_838' title='bbox 2406 5233 2725 5303; x_wconf 81' lang='lat' dir='ltr'><strong>prOphetam</strong></span> <span class='ocrx_word' id='word_1_839' title='bbox 2764 5231 2933 5286; x_wconf 72' lang='lat' dir='ltr'><strong>Amos</strong></span> <span class='ocrx_word' id='word_1_840' title='bbox 2980 5247 3174 5301; x_wconf 79' lang='lat' dir='ltr'><strong>capras</strong></span> <span class='ocrx_word' id='word_1_841' title='bbox 3210 5230 3510 5301; x_wconf 82' lang='lat' dir='ltr'><strong>appellatas</strong></span> <span class='ocrx_word' id='word_1_842' title='bbox 3533 5246 3685 5296; x_wconf 75' lang='lat' dir='ltr'><strong>oves;</strong></span> 
     </span>
    </p>
   </div>
   <div class='ocr_carea' id='block_1_107' title="bbox 2125 5321 3680 5393">
    <p class='ocr_par' dir='ltr' id='par_1_107' title="bbox 2125 5321 3680 5393">
     <span class='ocr_line' id='line_1_107' title="bbox 2125 5321 3680 5393; baseline -0.001 -16"><span class='ocrx_word' id='word_1_843' title='bbox 2125 5323 2201 5377; x_wconf 85' lang='lat' dir='ltr'><strong>ait</strong></span> <span class='ocrx_word' id='word_1_844' title='bbox 2232 5325 2378 5379; x_wconf 88' lang='lat' dir='ltr'><strong>enim</strong></span> <span class='ocrx_word' id='word_1_845' title='bbox 2403 5342 2418 5378; x_wconf 85' lang='lat'><strong>:</strong></span> <span class='ocrx_word' id='word_1_846' title='bbox 2441 5323 2560 5378; x_wconf 74' lang='lat' dir='ltr'><strong>Non</strong></span> <span class='ocrx_word' id='word_1_847' title='bbox 2581 5339 2702 5378; x_wconf 73' lang='lat' dir='ltr'><strong>sunt</strong></span> <span class='ocrx_word' id='word_1_848' title='bbox 2730 5323 3018 5393; x_wconf 71' lang='lat' dir='ltr'><strong>propheta,</strong></span> <span class='ocrx_word' id='word_1_849' title='bbox 3046 5338 3138 5376; x_wconf 78' lang='lat' dir='ltr'><strong>nec</strong></span> <span class='ocrx_word' id='word_1_850' title='bbox 3173 5321 3316 5392; x_wconf 65' lang='lat' dir='ltr'><strong>ﬁlius</strong></span> <span class='ocrx_word' id='word_1_851' title='bbox 3349 5321 3606 5392; x_wconf 67' lang='lat' dir='ltr'><strong>propheta</strong></span> <span class='ocrx_word' id='word_1_852' title='bbox 3624 5321 3680 5382; x_wconf 78' lang='grc'><strong>⁸³,</strong></span> 
     </span>
    </p>
   </div>
   <div class='ocr_carea' id='block_1_108' title="bbox 2127 5412 3683 5486">
    <p class='ocr_par' dir='ltr' id='par_1_108' title="bbox 2127 5412 3683 5486">
     <span class='ocr_line' id='line_1_108' title="bbox 2127 5412 3683 5486; baseline -0.003 -17"><span class='ocrx_word' id='word_1_853' title='bbox 2127 5416 2226 5470; x_wconf 82' lang='lat' dir='ltr'><strong>sed</strong></span> <span class='ocrx_word' id='word_1_854' title='bbox 2256 5415 2478 5479; x_wconf 74' lang='grc' dir='ltr'><strong>αἰπόλος</strong></span> <span class='ocrx_word' id='word_1_855' title='bbox 2517 5431 2621 5486; x_wconf 79' lang='lat' dir='ltr'><strong>ego</strong></span> <span class='ocrx_word' id='word_1_856' title='bbox 2644 5429 2789 5480; x_wconf 84' lang='lat' dir='ltr'><strong>sum,</strong></span> <span class='ocrx_word' id='word_1_857' title='bbox 2818 5414 3081 5469; x_wconf 87' lang='lat' dir='ltr'><strong>vellicans</strong></span> <span class='ocrx_word' id='word_1_858' title='bbox 3110 5414 3392 5468; x_wconf 77' lang='lat' dir='ltr'><strong>sicarm&#39;na.</strong></span> <span class='ocrx_word' id='word_1_859' title='bbox 3430 5412 3498 5467; x_wconf 85' lang='lat' dir='ltr'><strong>Et</strong></span> <span class='ocrx_word' id='word_1_860' title='bbox 3524 5422 3683 5466; x_wconf 83' lang='lat' dir='ltr'><strong>sustu-</strong></span> 
     </span>
    </p>
   </div>
   <div class='ocr_carea' id='block_1_109' title="bbox 1209 5544 3674 5621">
    <p class='ocr_par' dir='ltr' id='par_1_109' title="bbox 1209 5544 3674 5621">
     <span class='ocr_line' id='line_1_109' title="bbox 1209 5544 3674 5621; baseline -0.002 -16"><span class='ocrx_word' id='word_1_861' title='bbox 1209 5550 1414 5605; x_wconf 59' lang='grc' dir='ltr'><strong>πρωί.</strong></span> <span class='ocrx_word' id='word_1_862' title='bbox 1472 5562 1627 5614; x_wconf 74' lang='lat' dir='ltr'><strong>xxv,‘</strong></span> <span class='ocrx_word' id='word_1_863' title='bbox 1656 5550 1709 5604; x_wconf 79' lang='grc' dir='ltr'><strong>Ι.</strong></span> <span class='ocrx_word' id='word_1_864' title='bbox 1785 5549 1832 5582; x_wconf 81' lang='lat'><strong>&quot;</strong></span> <span class='ocrx_word' id='word_1_865' title='bbox 1861 5548 1998 5605; x_wconf 88' lang='lat' dir='ltr'><strong>Gen.</strong></span> <span class='ocrx_word' id='word_1_866' title='bbox 2049 5565 2194 5617; x_wconf 70' lang='lat' dir='ltr'><strong>sus,</strong></span> <span class='ocrx_word' id='word_1_867' title='bbox 2244 5549 2335 5604; x_wconf 75' lang='lat' dir='ltr'><strong>l0.</strong></span> <span class='ocrx_word' id='word_1_868' title='bbox 2412 5550 2465 5582; x_wconf 79' lang='lat'><strong><em>”</em></strong></span> <span class='ocrx_word' id='word_1_869' title='bbox 2492 5548 2643 5604; x_wconf 83' lang='lat' dir='ltr'><strong>Psal.</strong></span> <span class='ocrx_word' id='word_1_870' title='bbox 2694 5565 2772 5616; x_wconf 80' lang='lat' dir='ltr'><strong>iv,</strong></span> <span class='ocrx_word' id='word_1_871' title='bbox 2818 5550 2873 5602; x_wconf 80' lang='grc'><strong>5.</strong></span> <span class='ocrx_word' id='word_1_872' title='bbox 2946 5544 3189 5621; x_wconf 58' lang='lat' dir='ltr'><strong>“Exod.</strong></span> <span class='ocrx_word' id='word_1_873' title='bbox 3242 5564 3412 5612; x_wconf 74' lang='lat' dir='ltr'><strong>xxxii,</strong></span> <span class='ocrx_word' id='word_1_874' title='bbox 3464 5548 3550 5613; x_wconf 68' lang='lat'><strong>19,</strong></span> <span class='ocrx_word' id='word_1_875' title='bbox 3595 5545 3674 5600; x_wconf 61' lang='lat'><strong>10.</strong></span> 
     </span>
    </p>
   </div>
  </div>
