3886 6306
126 387 242 454 811

1292 399 1373 458 ΙΝ
1416 396 1857 460 ιΕνιΤΙρυΜ.
1899 424 1970 434 -·
2004 401 2156 461 LIB.
2200 399 2247 460 Ι.

3305 399 3417 470 818

129 502 193 559 lit
221 518 309 559 me
346 501 611 558 Dominus
647 519 715 559 ex
753 507 1010 577 gregibus
1056 508 1262 565 ovium.
1317 510 1452 565 Cum
1502 510 1719 582 proprie
1749 512 1795 567 A
1822 512 2224 582 simplicitatem
2267 512 2493 575 habent,
2519 521 2897 567 verumtamen
2933 511 3002 566 ab
3030 510 3177 564 omni
3210 512 3412 567 malitia

127 600 370 664 αἰπόλοι,
421 601 512 671 qui
558 617 752 672 capras
796 612 1027 674 pascunt
1066 606 1436 676 appellentur,
1472 607 1715 661 manife-

127 698 275 747 stum
317 699 403 746 est
450 691 579 761 quia
622 701 680 748 et
723 708 916 763 capras
956 695 1097 750 inter
1152 711 1285 753 oves
1347 699 1545 768 posuit.
1579 698 1718 765 Quia

126 796 264 848 ergo
307 783 554 852 quaedam
601 798 669 838 ex
712 784 848 854 ipsis
891 801 1079 858 agnos,
1122 789 1371 859 quaedam
1412 806 1606 860 capras
1633 791 1717 845 lex

126 872 281 937 dicit,
322 889 553 943 quorum
605 875 826 944 quidem
868 877 990 948 agni
1032 878 1309 948 simplices
1356 889 1608 936 tantum:
1663 891 1719 937 et

127 965 222 1032 qui
270 964 407 1020 nihil
438 976 802 1034 peccaverunt
832 968 1205 1039 significantur
1239 986 1254 1025 :
1298 986 1476 1042 caprae
1507 981 1714 1036 autem.

127 1053 405 1123 simplices
432 1055 677 1125 quidem.
714 1058 811 1113 sed
842 1059 934 1129 qui
961 1071 1345 1127 peccaverunt.
1380 1071 1436 1119 et
1465 1066 1714 1121 conversi

124 1152 277 1198 sunt.
332 1143 535 1198 llorum
570 1145 898 1203 sacrificium
938 1164 1108 1204 unum
1153 1153 1557 1221 quodammodo
1589 1170 1714 1210 esse

124 1237 181 1290 in
256 1236 783 1294 bolocautnmatibus
861 1249 1013 1297 recte
1080 1245 1335 1300 traditum
1416 1254 1519 1301 est.
1576 1246 1712 1303 Cum

120 1337 311 1387 autem
349 1332 444 1399 qui
493 1332 732 1401 perfecta
758 1334 877 1389 vult
907 1350 1118 1405 sapere,
1147 1337 1247 1392 etsi
1294 1348 1547 1407 peccator
1573 1339 1676 1396 fuit
1697 1383 1710 1405 ,

123 1435 192 1474 ex
221 1434 334 1489 quo
370 1420 535 1475 vitam
586 1420 883 1490 perfectam
938 1425 1181 1496 elegerit.
1215 1428 1294 1481 sic
1323 1436 1542 1496 oportet
1578 1444 1715 1484 con-

126 1509 359 1569 versari.
397 1508 541 1565 sicut
587 1511 740 1567 illum
785 1513 877 1583 qui
916 1521 1045 1570 ante
1075 1531 1183 1570 non
1220 1518 1481 1587 peccavit.
1537 1518 1597 1574 In
1622 1536 1713 1577 sa-

124 1598 335 1653 criﬁcio
364 1608 547 1656 autem
595 1602 972 1672 pacificorum,
1005 1621 1133 1661 cum
1163 1609 1352 1662 eadem
1377 1609 1711 1665 custodisset

123 1703 233 1748 tam
272 1693 326 1747 in
358 1694 629 1750 sacriﬁcio
664 1695 872 1762 ovium,
901 1712 1063 1768 quam
1107 1712 1391 1768 caprarum
1434 1711 1490 1756 et
1522 1703 1710 1766 boum,

120 1802 297 1840 unum
345 1786 448 1843 hoc
517 1787 641 1857 plus
687 1789 989 1867 in’ovibus
1035 1793 1351 1858 eustodivit,
1403 1794 1549 1865 quod
1600 1811 1712 1849 non

119 1877 301 1931 solum
340 1878 578 1947 adipem,
606 1879 1004 1952 reticulumque
1023 1882 1245 1952 iecoris,
1284 1885 1367 1939 vel
1398 1886 1703 1941 secundum

121 1962 481 2038 Septuaginta
528 1968 751 2039 pinnam
783 1970 1013 2040 hepatia,
1050 1973 1146 2027 sed
1180 1989 1340 2030 renes
1376 1987 1433 2030 et
1452 1977 1700 2032 caudam.

121 2057 219 2114 Vel
271 2059 415 2116 idem
480 2062 784 2118 secundum
829 2063 1183 2136 Septuaginta
1230 2067 1477 2124 lumbum
1509 2070 1703 2124 imma-

112 2149 364 2205 culatum
401 2166 526 2207 cum
570 2153 794 2209 renibus
820 2155 983 2224 jussit
1027 2156 1234 2211 oﬂ‘erri.
1267 2156 1405 2224 Quia
1455 2161 1600 2215 cuitu
1646 2169 1706 2216 ut

115 2244 376 2314 simplex,
426 2245 594 2301 multa
626 2262 749 2316 qua:
786 2248 1004 2317 operari
1053 2248 1257 2315 debuit,
1308 2251 1512 2314 omisit,
1538 2251 1704 2309 debet

115 2352 278 2391 suam
332 2336 586 2392 virtutem
627 2338 826 2394 offerre
867 2338 998 2404 Deo,
1029 2349 1088 2396 ut
1114 2356 1222 2397 non
1267 2343 1467 2399 virtute
1515 2360 1611 2399 sua
1644 2345 1700 2402 in

115 2427 329 2482 malum
358 2436 416 2483 ut
446 2429 694 2499 simplex,
745 2432 839 2486 sed
892 2434 1062 2500 magis
1090 2442 1274 2489 utatur
1312 2436 1364 2489 in
1393 2436 1616 2501 bonum,
1649 2448 1707 2494 et

116 2519 475 2576 manifestum
530 2521 715 2586 faciat.
765 2523 891 2594 quia
946 2525 1084 2579 nihil
1133 2543 1198 2581 ex
1263 2528 1346 2581 his
1391 2546 1512 2596 quas
1562 2531 1703 2586 scire

116 2621 322 2685 potest,
366 2623 423 2668 et
462 2615 689 2685 exsequi
735 2616 938 2672 omisit.
980 2618 1113 2673 Nam
1163 2621 1307 2690 quod
1352 2637 1449 2691 pro
1481 2622 1718 2685 virtute;

116 2721 223 2773 qua
256 2705 492 2761 maxime
540 2707 758 2763 lumbus
783 2710 923 2780 apud
959 2719 1200 2766 sanctam
1242 2712 1583 2783 Scripturam
1605 2730 1701 2770 ac-

111 2797 341 2867 cipitur,
389 2800 675 2870 cognoscis
715 2816 783 2859 ex
832 2803 916 2857 itis
955 2802 1010 2857 in
1055 2805 1255 2873 quibus
1320 2807 1564 2861 Rohoam
1599 2809 1704 2862 cir-

112 2897 452 2943 cumstantes
497 2889 652 2959 pueri
703 2898 893 2945 contra
945 2891 1202 2960 populum
1238 2892 1605 2947 immiserunt.
1642 2903 1703 2950 ut

112 2979 313 3035 fortem
383 2980 739 3050 semetipsum
791 2990 849 3036 et
899 2984 1197 3038 terribilem
1259 2985 1699 3047 demonstraret:

113 3071 244 3126 Ηιιτ
277 3073 423 3126 dices
452 3073 524 3127 ad
547 3089 634 3127 eos
665 3089 684 3126 :
721 3073 966 3129 Minimus
989 3076 1184 3146 digitus
1215 3094 1358 3131 meus
1382 3081 1608 3150 grauior
1627 3088 1700 3135 est

1822 604 2040 663 mundae
2064 612 2210 659 sunt.
2239 603 2344 670 Qui
2368 611 2551 658 autem
2577 617 2643 656 ex
2670 601 2849 657 bobus
2869 600 3200 657 sacriﬁcium
3219 601 3403 663 oliert.

1822 706 2009 766 utpote
2042 704 2299 766 cperator
2335 696 2588 766 legalium
2638 695 3046 757 mandatorum,
3089 708 3199 748 non
3243 694 3403 747 habet

1816 786 2205 843 necessitatem
2252 787 2496 841 lumbum
2546 784 2770 851 offerre,
2823 786 2952 855 quia
2995 786 3098 840 huc
3130 785 3186 838 in
3221 800 3410 841 corre-

1820 879 2002 935 ctione
2038 880 2303 934 bonarum
2326 879 2552 935 sortitus
2575 888 2660 933 est
2688 878 2992 933 actionum.
3024 876 3076 931 is
3107 886 3289 931 autem
3318 880 3410 946 qui

1818 973 1887 1028 de
1923 972 2103 1042 capris
2143 972 2408 1036 immolat,
2459 972 2562 1027 etsi
2608 970 2877 1041 simplicis
2919 979 3003 1025 est
3044 967 3283 1040 generis,
3317 985 3411 1023 ve-

1820 1075 2124 1123 rumtamen
2172 1065 2300 1136 quia
2348 1080 2416 1120 ex
2465 1064 2846 1132 peccatoribus
2894 1060 3180 1119 conversis
3252 1061 3413 1116 intel-

1818 1158 1990 1213 lectus
2008 1167 2112 1224 est,
2132 1174 2243 1212 non
2265 1165 2446 1228 potest
2462 1157 2713 1212 lumbum
2743 1155 3158 1210 immaculatum
3184 1153 3407 1213 oderrc.

1815 1251 1943 1305 olim
1998 1251 2201 1322 quippe
2243 1264 2367 1305 cum
2413 1260 2636 1320 peccan
2678 1247 2992 1303 maculavit.
3054 1246 3407 1303 Manifestum

1813 1353 1898 1399 est
1926 1360 2057 1415 ergo
2107 1344 2251 1414 quod
2294 1345 2383 1399 hic
2415 1342 2658 1413 quidem,
2698 1350 2886 1410 utpote
2937 1356 3027 1410 qui
3078 1355 3190 1395 non
3231 1340 3410 1394 fuerat

1817 1434 1870 1488 in
1917 1434 2173 1505 peccatis,
2224 1433 2630 1488 immaculatum
2679 1430 2930 1485 lumbum
2969 1428 3173 1483 oderre
3202 1437 3404 1499 potest.

1814 1523 1915 1590 Qui
1950 1540 2081 1579 vero
2108 1522 2230 1586 fult.
2261 1524 2350 1579 hic
2384 1523 2495 1592 jam
2530 1537 2641 1577 non
2670 1519 2836 1580 nitert
2853 1519 3102 1574 lumbum
3135 1519 3189 1573 in
3229 1521 3405 1574 sacri-

1815 1615 1994 1670 ficiis:
2031 1615 2299 1686 siquidem
2325 1629 2448 1686 quas
2475 1623 2624 1677 sunt,
2674 1613 2743 1668 de
2776 1612 2957 1683 capris
2987 1611 3306 1676 ascribitur,
3339 1610 3409 1666 de

1812 1705 2013 1774 quibus
2053 1703 2299 1759 lumbum
2335 1703 2522 1760 otl‘erri
2571 1718 2684 1758 non
2729 1701 2986 1769 sancivit,
3034 1701 3226 1757 ethoc
3265 1711 3405 1759 erat.

1815 1804 2039 1867 propter
2071 1796 2219 1866 quod
2246 1796 2303 1850 in
2320 1795 2597 1851 sacriﬁcio
2619 1795 2978 1865 pacificornm
3007 1795 3078 1849 ab
3116 1793 3272 1864 agnis
3311 1810 3406 1847 ea-

1812 1905 1941 1960 pras
1969 1889 2240 1961 distinxit.
2281 1889 2609 1944 Communia
2642 1897 2828 1944 autem
2876 1897 3007 1944 sunt
3032 1888 3159 1952 alia,
3189 1886 3403 1956 dequi-

1807 1982 1909 2037 bus
1941 1981 2090 2052 loqui
2118 1974 2525 2037 necessarium
2558 1995 2668 2034 non
2724 1979 3012 2046 habemus,
3041 1978 3095 2031 in
3119 1978 3399 2057 oblatione

1805 2075 2145 2142 enimboum
2180 2072 2513 2131 suﬁicienter
2563 2079 2854 2129 tractatum
2895 2080 2999 2128 est.
3048 2070 3186 2126 Illud
3219 2080 3403 2125 autem

1805 2175 2022 2237 oportet
2049 2166 2327 2237 cognosci.
2353 2164 2632 2235 quomodo
2663 2164 2757 2219 ubi
2786 2164 2863 2218 ait
2892 2181 2906 2217 :

1874 2258 2114 2315 Adole'rit
2142 2275 2204 2313 ea
2254 2259 2501 2313 sacerdos
2542 2274 2703 2327 super
2760 2256 2938 2310 altare
2981 2254 3037 2309 in
3084 2254 3402 2309 alimoniam

1803 2347 1962 2422 ignis,
1998 2361 2047 2407 et
2079 2351 2387 2408 suavissimi
2410 2350 2588 2406 odoris
2609 2392 2626 2418 ,
2660 2365 2781 2405 eum
2811 2348 3165 2419 Septuaginta
3193 2347 3399 2403 edidis-

1805 2449 1929 2496 sent
1967 2458 1981 2494 :
2011 2438 2202 2510 oneret
2234 2438 2371 2493 illud
2395 2439 2640 2494 sacerdos
2667 2456 2738 2492 at.
2781 2437 2974 2500 altare,
3010 2447 3160 2492 extra
3189 2440 3400 2492 odorem

1802 2532 2118 2597 suavitatis,
2159 2530 2346 2586 caeteri
2404 2536 2733 2599 mterpretes
2780 2528 2839 2582 in
2878 2527 3141 2597 sacriﬁcio
3166 2528 3388 2598 quidem

1803 2623 2289 2680 bolocautomatum
2314 2663 2329 2689 ,
2396 2632 2493 2691 pro
2549 2621 2681 2676 extis
2756 2620 3186 2675 holocautomata
3238 2636 3259 2674 :
3308 2619 3399 2675 alii

1803 2725 1986 2773 autem
2025 2716 2341 2771 oblationem
2406 2714 2720 2769 ediderunt.
2773 2711 2833 2767 In
2859 2713 2964 2768 hoc
2989 2719 3171 2767 autem
3198 2711 3391 2782 pacifi-

1803 2825 1992 2866 corum
2039 2806 2335 2869 sacrificio,
2398 2805 2488 2861 hic
2541 2803 2770 2875 quidem
2804 2818 3024 2875 panem,
3071 2803 3165 2860 alii
3213 2811 3397 2858 autem

1803 2901 2183 2957 frumentum:
2235 2899 2675 2954 demonstrantes
2696 2896 2817 2951 sine
2860 2896 3029 2951 dubio
3095 2896 3246 2966 quia,
3294 2895 3401 2950 etsi

1803 3008 1911 3047 non
1942 2990 2209 3062 perfectae
2241 2988 2605 3060 philosophiae
2635 2987 2709 3041 sit
2737 2984 2965 3049 oblatio,
3009 2986 3112 3039 hoc
3140 2985 3287 3038 enim
3317 2993 3404 3036 est

1806 3082 2304 3137 holocautomatum
2370 3076 2724 3140 sacriﬁcium,
2806 3083 3189 3130 verumtamen
3246 3073 3401 3128 sulti-

114 3161 311 3216 lumbis
354 3163 525 3231 patris
553 3164 653 3216 mei
666 3163 728 3217 “.
766 3162 872 3218 Sed
903 3172 959 3219 et
989 3163 1258 3220 lsraclitas
1297 3169 1526 3236 cupiens
1558 3169 1700 3223 Deus
1726 3185 1771 3242 (ι
1801 3175 1956 3232 ciens
2006 3182 2092 3228 est
2131 3172 2296 3228 etiam
2350 3172 2468 3226 haec
2495 3184 2721 3241 pascere
2757 3168 2813 3223 in
2873 3168 2961 3223 his
3021 3182 3144 3237 qua!
3170 3173 3301 3220 sunt
3331 3167 3400 3220 ad

108 3270 330 3311 armare
361 3255 429 3308 ad
458 3255 738 3321 virtutem,
768 3253 933 3326 Moysi
978 3255 1048 3311 ita
1080 3258 1336 3328 praecepit
1365 3277 1377 3312 :
1413 3258 1501 3314 Sic
1524 3277 1700 3313 come-

111 3347 248 3401 detis
279 3344 432 3400 illum
455 3362 474 3400 :
509 3345 709 3400 lumbos
725 3354 924 3400 vestros
954 3347 1306 3418 prieringetis,
1344 3348 1699 3404 calceamenta

112 3439 364 3493 habentes
399 3438 455 3492 in
485 3437 720 3508 pedibus.
750 3445 983 3492 tenentes
1017 3439 1073 3492 in
1122 3440 1365 3494 manibus
1393 3439 1625 3506 buculos,
1652 3452 1701 3496 et

110 3529 401 3589 comedetis
437 3529 823 3600 festinanter".
878 3528 1078 3585 Paulus
1116 3532 1301 3597 etiam,
1346 3548 1472 3588 cum
1510 3544 1701 3590 contra

113 3623 399 3691 principes
416 3631 471 3676 et
506 3631 797 3692 potestates
815 3621 1079 3679 indiceret
1111 3625 1332 3691 bellum,
1354 3626 1526 3681 dixit:
1552 3625 1703 3682 State

111 3712 366 3790 sitrcincti
409 3711 617 3770 lumbos,
662 3721 854 3766 vestros
893 3710 953 3764 in
1010 3712 1250 3776 veritate,
1297 3713 1469 3767 induti
1536 3713 1698 3768 lorica

106 3804 419 3873 justitiw".
451 3802 556 3858 Sed
590 3813 645 3859 et
683 3803 948 3861 Dominus
982 3805 1245 3876 apostolis
1292 3804 1549 3859 dicebat:
1581 3804 1699 3859 Sint

111 3897 287 3953 lumbi
324 3896 483 3953 vestri
510 3895 854 3966 proscindi“.
890 3898 995 3953 Sed
1031 3898 1132 3953 etsi
1172 3905 1586 3966 cooperatorem
1612 3897 1703 3951 di-

109 4001 307 4042 camus
357 3987 599 4040 lumbum
646 3986 925 4043 ooitaiium
954 3987 1393 4043 commistionum
1418 4025 1434 4050 ,
1474 3987 1527 4040 in
1567 3986 1701 4056 ipsis

110 4080 262 4134 enim
303 4086 359 4133 et
404 4093 565 4133 renes
594 4078 851 4148 rejacent,
886 4078 1035 4135 unde
1059 4090 1116 4134 et
1145 4077 1347 4132 Paulus
1374 4078 1441 4132 de
1472 4078 1598 4133 Levi
1625 4079 1694 4134 ad

111 4169 374 4223 lichanos
399 4164 643 4223 scribens
675 4170 788 4224 ait:
826 4167 1011 4228 Adhuc
1048 4169 1186 4223 enim
1226 4168 1280 4220 in
1308 4167 1496 4221 lumbis
1530 4169 1699 4236 patris

110 4269 249 4324 erat,
298 4259 510 4324 quando
561 4259 739 4314 obvius
793 4269 871 4314 est
923 4260 973 4314 ei
1020 4259 1468 4314 Melchisedech”.
1528 4258 1700 4315 Recte

110 4350 259 4405 cauti
300 4349 606 4404 redduntur
632 4349 931 4421 simplices,
978 4359 1165 4421 utpote
1208 4351 1298 4422 qui
1334 4367 1402 4406 ex
1443 4351 1698 4421 simplici-

112 4451 224 4498 tate
265 4440 424 4497 facile
478 4449 729 4512 poterant
768 4441 838 4496 ad
887 4442 1223 4513 voluptatem
1263 4442 1425 4510 trahi,
1478 4450 1537 4498 ut
1586 4459 1695 4498 non

1807 3263 2058 3329 salutem,
2085 3269 2139 3316 et
2180 3259 2559 3316 fortitudinem
2609 3257 2744 3312 dare
2786 3254 3068 3311 oderenti.
3098 3254 3215 3311 Hoc
3248 3254 3399 3309 enim

1805 3353 2202 3409 nutrimentum
2252 3364 2475 3420 panem
2550 3348 2796 3419 pmbere
2871 3345 3040 3400 David
3129 3344 3399 3415 propheta

1807 3444 1961 3507 dicit.
1991 3459 2117 3499 cum
2167 3443 2291 3499 ait:
2345 3442 2514 3496 Panis
2573 3441 2713 3495 cuius
2779 3438 3065 3508 confirmat
3117 3452 3209 3491 cor
3233 3437 3398 3494 Itami-

1807 3538 1890 3591 nis
1901 3538 1968 3591 ³².

1875 3629 2063 3685 Omni!
2086 3628 2249 3698 adeps
2283 3626 2493 3682 Domini
2515 3627 2617 3682 erit
2635 3626 2762 3696 jure
2790 3635 3045 3698 perpetuo
3082 3628 3139 3682 in
3175 3640 3400 3696 ρεπεν-ας

1807 3718 2055 3783 tionibus,
2086 3726 2136 3771 et
2179 3715 2380 3770 cunctis
2432 3714 2747 3768 habitaculis
2795 3714 2998 3776 vestris,
3048 3729 3143 3768 nec
3185 3711 3398 3781 adipem

1809 3829 1900 3868 nec
1922 3811 2236 3882 sanguinem
2283 3808 2497 3862 omnino
2524 3807 2830 3861 comedetis.
2877 3806 3131 3876 Adipem.
3154 3806 3277 3875 eius
3302 3803 3396 3873 qui

1807 3906 1861 3961 in
1903 3904 2061 3959 nobis
2094 3909 2176 3958 est
2205 3899 2464 3955 desiderii
2509 3913 2610 3954 seu
2641 3897 3129 3967 concupiscentia.
3173 3895 3398 3965 sangui-

1805 4011 1932 4052 nem
1972 4009 2100 4049 vero
2124 3992 2320 4049 animae
2346 3991 2572 4062 ﬁguram
2590 4004 2791 4062 gerere
2805 3988 3078 4048 diximus.,
3097 3986 3235 4053 Quia
3263 4000 3395 4056 ergo

1806 4085 2019 4155 adipem
2052 4085 2109 4137 in
2147 4091 2422 4138 aeternum.
2448 4081 2715 4151 prmeepit
2754 4079 2987 4134 Domino
3027 4078 3238 4143 oll‘erri,
3271 4093 3391 4130 ma-

1805 4178 2062 4235 nifestum
2100 4184 2189 4230 est
2235 4174 2362 4244 quia
2388 4172 2703 4229 consecrari
2737 4171 2850 4227 Deo
2886 4179 3150 4225 nostrum
3174 4168 3394 4225 deside-

1806 4271 1944 4324 rium
1970 4269 2089 4325 sive
2113 4265 2616 4336 concupiscentiam
2662 4265 2798 4320 vult.
2829 4265 2889 4319 In
2919 4260 3185 4318 teternum
3212 4271 3396 4316 autem

1807 4362 1930 4423 hoc,
1968 4376 2037 4415 ne
2065 4359 2141 4414 ad,
2168 4359 2335 4413 Deum
2367 4358 2497 4412 illud
2533 4366 2589 4412 et
2630 4357 2699 4413 ad
2744 4357 3025 4415 mundum.
3064 4355 3393 4411 dividamus.

1806 4454 2041 4524 Propter
2060 4453 2205 4525 quod
2239 4461 2298 4508 et
2323 4451 2531 4507 addidit
2561 4469 2577 4508 :

111 4536 293 4591 solum
330 4551 509 4601 renes,
542 4542 597 4590 et
619 4534 856 4605 adipem,
890 4535 982 4605 qui
1014 4550 1180 4604 super
1206 4536 1354 4605 ipsos
1379 4545 1482 4602 est,
1510 4536 1608 4592 sed
1637 4547 1694 4594 et
1728 4539 1773 4592 D
1867 4546 1932 4601 ιιη
1964 4547 2401 4619 generationibus,
2453 4545 2505 4601 id
2530 4554 2623 4600 est;
2655 4560 2754 4614 per
2777 4544 3019 4612 singulas
3046 4550 3273 4605 aetates;
3308 4540 3399 4593 hic.

113 4627 387 4693 lumbum.
436 4627 530 4697 qui
572 4636 657 4683 est
687 4624 743 4680 in
796 4626 1041 4691 renibus,
1082 4623 1317 4680 offerant
1360 4625 1491 4682 Deo.
1543 4626 1700 4693 Quod
1798 4637 2182 4709 generationes
2220 4645 2424 4698 autem.
2461 4635 2897 4704 permutationes
2925 4641 3149 4689 :etatnm
3192 4630 3395 4685 inte-lli.

112 4728 301 4773 autem
325 4718 510 4788 adiicit
540 4718 595 4771 in
615 4718 813 4775 eadem,
847 4717 1203 4779 translatione
1227 4733 1243 4772 :

1778 4734 2021 4796 gnatur,
2059 4725 2205 4794 quod
2261 4722 2506 4778 ostendit
2557 4720 2846 4784 J‘eremias,
2893 4736 3018 4775 cum
3049 4720 3261 4788 populo
3297 4718 3394 4771 ,1ιῖ-

187 4810 317 4866 Sine
356 4808 567 4863 macula
599 4809 884 4881 integrum,
932 4810 1011 4866 sic
1035 4809 1296 4881 intelligo,
1332 4810 1478 4880 (ιιιυά
1511 4811 1702 4881 expia:
1798 4816 1957 4871 daico
1987 4816 2042 4868 in
2075 4813 2371 4882 Babylonia
2401 4811 2695 4875 scriberet,
2744 4810 2802 4862 in
2833 4818 3046 4877 septem
3082 4806 3398 4877 generatio-

112 4919 255 4961 nans
282 4902 799 4975 Symmachus,_pro
831 4901 1174 4956 immaculato
1204 4902 1477 4970 integrum
1509 4918 1712 4973 prepou

112 5001 246 5065 suit,
283 4998 481 5069 Aquila
523 5004 706 5051 autem
758 4997 1087 5068 perfectum:
1134 5010 1260 5050 nam
1315 5003 1372 5050 et
1417 5008 1704 5067 propterea

110 5106 236 5146 cum
288 5088 501 5144 renibus
528 5089 758 5154 addidit,
790 5089 1067 5160 integrum
1096 5088 1227 5143 illud
1259 5087 1698 5158 perfectumque,

114 5181 425 5237 secundum
467 5183 613 5250 quod
662 5181 922 5246 diximus,
972 5180 1155 5236 oﬂ‘erri
1200 5181 1409 5247 volens,
1461 5198 1530 5238 ne
1556 5183 1702 5238 aliud

114 5274 237 5340 ejus
284 5271 419 5333 Deo,
468 5272 613 5327 aliud
657 5282 839 5328 autem
874 5272 1193 5328 adversario
1236 5273 1467 5343 simplex
1501 5274 1704 5330 oﬂ‘era-

117 5372 227 5416 tur.
260 5360 477 5415 Sullicit
513 5361 658 5415 enim
690 5362 819 5421 huic
851 5362 916 5417 ad
950 5362 1186 5425 veniam.
1229 5377 1293 5418 ea
1324 5377 1454 5430 quae
1481 5363 1701 5418 virtutis

118 5461 250 5507 sunt
276 5466 388 5505 non
430 5465 633 5522 agere:
670 5466 795 5505 nam
834 5468 958 5507 cum
990 5453 1130 5507 mala
1157 5461 1443 5521 operatur,
1481 5453 1705 5513 veniam

117 5560 227 5599 non
263 5543 506 5599 habebit.
529 5540 689 5597 Unde
708 5541 981 5612 simplices
1003 5552 1064 5598 ut
1088 5545 1370 5600 columbas
1397 5544 1553 5613 jubet
1577 5558 1699 5599 esse

119 5635 465 5699 Dominus",
522 5632 653 5704 quia
693 5633 958 5690 columbae
1009 5635 1232 5691 nimiam
1291 5637 1701 5707 quodammodo

158 5767 206 5800 “
231 5766 297 5822 Ill
333 5766 459 5834 Reg.
484 5784 584 5833 xu,
616 5768 699 5829 l0,
802 5767 847 5799 ’⁷
871 5766 1041 5822 Exod.
1078 5785 1172 5829 xu,
1210 5770 1292 5827 ll.

118 5848 167 5897 v,
198 5835 275 5891 l6.
332 5839 377 5871 "
407 5838 551 5895 Psal.
594 5854 707 5904 cm,
733 5836 816 5892 l5.
894 5837 939 5870 ³²
965 5837 1180 5893 Baruch
1209 5857 1262 5896 vi
1284 5880 1297 5905 ,
1334 5841 1389 5895 2.

1407 5771 1452 5803 ”
1480 5770 1678 5837 Epln-s.
1712 5787 1784 5831 tt,
1821 5770 1903 5824 li.

1500 5839 1545 5871 ³⁵
1577 5840 1718 5896 Psal.
1750 5855 1842 5909 cn,
1873 5842 1926 5897 9.

1802 4906 1983 4965 nibus.
2012 4902 2357 4974 septuaginta
2405 4914 2679 4955 annorum
2704 4898 2899 4953 dicens
2933 4912 3267 4953 numerum:
3301 4897 3397 4966 qui

1803 5010 1915 5052 non
1945 4996 2056 5052 hoc
2085 4995 2312 5054 diceret,
2343 4992 2390 5047 si
2418 5007 2531 5047 non
2559 5005 2628 5047 ex
2671 5006 2737 5047 eo
2765 4997 2991 5047 aetatum
3024 4989 3169 5044 vices
3200 5003 3395 5044 succe-

1804 5088 2049 5144 dentium
2085 5085 2445 5157 signilicaret;
2474 5083 2554 5142 ait
2576 5084 2768 5141 enim:
2803 5083 3165 5158 Ingredientes
3194 5082 3252 5135 in
3281 5079 3394 5137 Ba-

1805 5178 2063 5248 bylonem,
2090 5176 2236 5230 eritis
2264 5177 2337 5231 ibi
2377 5177 2535 5231 annis
2585 5176 2856 5243 plurimis,
2884 5182 2935 5231 et
2964 5173 3115 5245 longo
3143 5181 3393 5244 tempore,

1807 5286 1968 5338 usque
1994 5271 2065 5325 ad
2088 5269 2451 5342 generationes
2475 5282 2673 5339 septem
2689 5270 2753 5323 ³⁸.

1883 5363 1940 5416 In
1965 5363 2162 5417 cunctis
2191 5373 2365 5436 autem
2404 5360 2742 5425 habitaculis,
2777 5358 2949 5414 idest
2982 5356 3036 5412 in
3075 5358 3227 5412 omni
3253 5372 3391 5412 con-

1809 5455 2141 5521 versatione,
2182 5454 2298 5510 sive
2344 5454 2602 5510 socialem
2643 5453 2783 5507 hanc
2824 5464 3072 5523 agamus,
3119 5451 3235 5506 sive
3265 5451 3394 5505 soli-

1809 5544 1998 5597 tariam
2067 5558 2420 5613 assequamur
2475 5542 2640 5597 vitam
2678 5559 2707 5609 ;,
2729 5542 2875 5597 unde
2924 5541 3092 5596 David
3119 5542 3338 5596 dicebat
3375 5559 3391 5595 :

1805 5633 1906 5700 Qui
1968 5635 2205 5689 habitans
2262 5636 2388 5706 facit
2462 5636 2748 5688 unanimes
2775 5633 2829 5688 in
2869 5633 3101 5687 domo“.
3159 5633 3391 5703 Adipem

2007 5772 2051 5802 ¹⁹
2071 5768 2201 5824 Luc.
2242 5786 2333 5835 xu,
2372 5769 2459 5823 55.
2540 5766 2782 5823 “'llebr.
2813 5784 2909 5834 vn,
2953 5767 3049 5823 10.⁴
3119 5768 3159 5800 ³¹
3196 5768 3385 5823 Matth.
