3886 6306
501 349 607 411 εις)

503 552 731 622 Adipem
760 554 827 609 ad
862 557 984 622 hoc,
1016 561 1140 630 quia
1179 563 1512 620 desiderium
1551 567 1665 622 sive
1687 569 2082 638 concupiscen-

505 644 634 699 tiam
688 661 789 702 nos
827 648 1031 706 habere
1081 656 1377 724 propriam,
1433 658 1484 713 id
1515 671 1601 714 est
1638 661 1936 726 carnalem,
1968 677 2079 715 non

507 733 636 789 vult.
701 736 930 808 Pr0pter
954 745 1096 812 quod
1125 745 1363 802 Jacobus
1404 750 1620 806 dicebat
1652 773 1664 807 :
1722 753 2084 824 Unusquisque

503 836 680 880 autent
722 837 956 884 tentatur
1003 851 1034 887 a
1073 841 1492 906 concupiscentia
1543 860 1640 896 sua
1690 845 1984 897 abstractus
2033 855 2080 898 et

501 913 778 972 iztcctus”.
816 919 1147 992 Sanguinem
1189 939 1390 993 autem,
1430 941 1487 997 ut
1526 948 1627 987 nec
1656 933 1723 989 ad
1757 949 1909 989 suam
1940 951 2082 989 mor-

504 1019 630 1068 tum.
663 1025 838 1078 neque
873 1014 939 1066 ad
986 1018 1217 1084 proximi
1252 1032 1439 1076 currat
1473 1041 1486 1076 :
1544 1024 1838 1080 bestiarum
1879 1027 2080 1096 quippe

503 1103 600 1151 loc
632 1111 717 1154 cst
741 1103 1042 1160 crudelium
1075 1113 1378 1180 proprium.
1409 1115 1687 1172 ldeodixit
1716 1137 1728 1176 ;
1765 1117 1884 1172 Non
1915 1121 2081 1177 edetis

499 1206 702 1246 clunem
761 1200 1093 1273 sanguinem,
1140 1220 1248 1258 non
1301 1208 1476 1261 solum
1517 1225 1618 1262 nos
1664 1212 1922 1280 proximis
1954 1229 2078 1282 par-

499 1297 643 1344 rere,
692 1288 788 1342 sed
839 1301 894 1344 et
946 1293 1352 1365 nobismetipsis
1398 1301 1740 1369 praicipicns,
1780 1319 1904 1357 nam
1931 1315 1986 1358 et
2013 1305 2079 1358 ad

497 1373 610 1428 Noe
641 1389 827 1446 aperte
860 1383 982 1439 talia
1013 1401 1202 1448 rursus
1229 1392 1519 1460 praecepit:
1543 1391 1770 1448 Carnem
1803 1412 1918 1448 cum
1949 1414 2080 1450 sau-

498 1467 654 1534 guine
687 1487 789 1529 non
855 1479 1152 1542 comedetis,
1195 1485 1505 1553 sanguinem
1575 1487 1714 1541 enim
1771 1489 2079 1542 animarum

498 1571 788 1616 vestrarum
837 1570 1178 1636 requiram”,
1224 1573 1541 1643 signiﬁcans
1585 1577 1712 1645 quia
1767 1594 1864 1647 per
1909 1580 2080 1634 absti-

501 1653 738 1713 nentiam
769 1661 1070 1727 sanguinis,
1101 1665 1168 1718 ab
1200 1665 1507 1722 homicidiis
1538 1671 1650 1722 vult
1671 1671 1946 1727 abstinere
1979 1674 2081 1727 ho-

499 1747 723 1804 minem.
765 1751 870 1808 Pro
918 1755 1028 1810 Deo
1073 1769 1254 1815 autem
1301 1779 1401 1817 nec
1433 1763 1700 1820 immolari
1747 1769 1941 1833 vetuit,
1979 1786 2079 1825 nec

498 1839 776 1910 despicere
821 1847 1078 1910 animam.
1138 1852 1232 1906 sed
1265 1863 1319 1908 et
1347 1855 1571 1910 omnino
1615 1860 1894 1927 praecepit.
1936 1861 2079 1917 unde

499 1943 555 1987 ct
585 1935 902 2005 sanguinem
934 1939 1076 1996 circa
1112 1942 1281 1998 basim
1322 1943 1474 2000 fundi
1505 1947 1690 2005 altaris
1712 1950 1894 2016 jussit.

1100 2097 1330 2156 CAPUT
1387 2100 1477 2164 lY.

573 2200 729 2258 Vsus.
768 2206 916 2262 l-li.
959 2227 976 2259 ί
1019 2208 1366 2280 Locutusque
1403 2223 1488 2268 est
1538 2215 1804 2272 Dominus
1833 2218 1900 2272 ad
1939 2218 2081 2290 Moy-

497 2307 522 2346 ς
545 2311 614 2358 -n,
649 2297 870 2353 dicens:
905 2299 1149 2371 Loquere
1187 2303 1308 2358 [iliis
1340 2304 1502 2359 Israel
1537 2307 1768 2362 :Anima
1799 2325 1920 2363 cum
1951 2326 2079 2379 pec-

497 2389 701 2452 caverit
743 2405 837 2459 per
870 2392 1259 2463 ignorantiam,
1298 2405 1354 2450 et
1401 2397 1468 2452 de
1502 2399 1775 2459 universis
1805 2402 2078 2456 mandatis

499 2475 733 2549 Domini,
788 2495 910 2548 qua:
949 2485 1207 2552 prmccpit
1263 2493 1322 2540 ut
1357 2501 1467 2540 non
1518 2487 1749 2554 ﬁerent,
1799 2491 2076 2560 quidpiam

499 2569 708 2633 fecerit,
754 2573 798 2629 si
843 2576 1100 2630 sacerdos
1150 2577 1241 2644 qui
1273 2587 1355 2631 est
1386 2589 1583 2633 unctus
1613 2583 1946 2649 peccaverit,
1976 2583 2075 2637 de-

503 2662 745 2730 linquere
797 2663 1004 2720 faciens
1049 2669 1330 2738 populum,
1377 2672 1569 2735 oﬁ‘eret
1599 2688 1695 2740 pro
1731 2684 1953 2743 peccato
1977 2691 2076 2729 suo

497 2750 730 2813 vitulum
765 2755 1168 2816 immaculatum
1213 2761 1478 2828 Domino,
1521 2773 1572 2818 et
1611 2765 1776 2820 ducet
1817 2767 1964 2821 illum
2008 2767 2075 2822 ad

495 2845 698 2904 ostium
747 2848 1083 2904 tabernaculi
1113 2854 1409 2914 testimonii
1463 2872 1646 2911 coram
1686 2856 1934 2923 Domino,
1977 2874 2073 2926 po-

496 2945 697 3007 nctque
739 2955 958 2995 manum
991 2958 1145 2997 suam
1187 2961 1354 3014 super
1387 2947 1564 3014 capite
1596 2948 1739 3018 ejus,
1771 2957 1828 3003 et
1877 2949 2075 3018 inanio—

499 3027 631 3082 labit
687 3043 810 3082 eum
871 3029 1120 3089 Domino.
1179 3032 1402 3092 Haurict
1447 3053 1662 3106 quoque
1709 3039 1776 3093 de
1812 3041 2075 3110 sanguine

499 3119 674 3184 vituli,
736 3120 976 3185 inferens
1005 3123 1135 3184 illud
1188 3126 1240 3178 in
1269 3127 1679 3190 tabernaculum
1733 3131 2070 3186 testimonii:

499 3228 734 3281 cumque
767 3212 1043 3275 intiuxerit
1071 3217 1296 3287 digitum
1325 3219 1377 3274 in
1410 3221 1696 3291 sanguine,
1725 3233 1976 3293 asperget
2009 3241 2074 3279 ex

499 3321 566 3355 eo
595 3304 795 3374 septies
825 3322 1008 3361 coram
1037 3308 1266 3365 Domino
1305 3320 1494 3365 contra
1539 3312 1714 3366 velum
1758 3315 2074 3381 sanctuarii,

503 3405 772 3465 ponetque
813 3400 879 3451 de
910 3397 1101 3454 eodem
1147 3401 1410 3471 sanguine
1447 3419 1606 3472 super
1649 3420 1855 3458 cornua
1883 3406 2075 3462 altaris

503 3488 866 3557 thymiamatis
911 3492 1205 3560 gratissimi
1242 3492 1492 3547 Dmnino.
1520 3496 1664 3563 quod
1697 3504 1782 3549 est
1807 3497 1862 3550 in
1894 3498 2077 3552 taber-

503 3577 693 3636 naculo
741 3578 1056 3632 testimonii.
1115 3583 1340 3634 Omnem
1408 3593 1586 3636 autem
1647 3584 1913 3654 reliquum
1947 3601 2076 3640 san-

501 3666 721 3736 guinem
769 3667 963 3734 fundet
989 3668 1041 3724 in
1082 3669 1254 3732 basim
1290 3671 1474 3725 altaris
1517 3673 1961 3730 holocaustorum
2019 3677 2076 3731 in

502 3759 722 3816 introitu
778 3760 1126 3829 tabernaculi.
1183 3762 1250 3816 Et
1303 3763 1516 3833 adipem
1569 3766 1721 3827 vituli
1753 3766 1948 3822 oll‘eret
1979 3784 2078 3837 pro

504 3861 744 3920 peccato,
807 3861 914 3914 tam
947 3867 1072 3906 eum
1107 3853 1198 3922 qui
1247 3854 1422 3922 operit
1449 3854 1648 3919 vitalia,
1700 3872 1865 3926 quam
1892 3859 2076 3925 omnia

500 3955 622 4008 qua:
661 3941 989 4005 intrinsecus
1015 3951 1163 4008 sunt,
1216 3944 1354 3999 duos
1388 3947 1738 4011 renunculos,
1788 3957 1843 4002 et
1875 3948 2080 4002 reticu-

503 4034 613 4090 lum
663 4033 807 4102 quod
823 4044 907 4090 est
933 4051 1095 4105 super
1122 4051 1217 4090 eos
1240 4037 1392 4106 juxta
1416 4037 1526 4102 ilia,
1551 4046 1604 4106 et
1633 4039 1847 4108 adipem
1875 4041 2079 4108 jecoris

501 4143 623 4180 rum
671 4127 1020 4192 ranunculis.
1075 4129 1218 4192 sicut
1259 4128 1538 4184 auferetur
1578 4129 1644 4184 de
1681 4131 1846 4192 vitulo
1886 4132 2078 4186 hostia:

502 4221 870 4290 j‘izicilicorum,
902 4230 956 4274 et
977 4220 1215 4286 adolobit
1246 4236 1309 4275 ea
1342 4237 1507 4290 super
1544 4222 1713 4277 altare
1750 4223 2073 4285 holocausli.

504 4314 700 4376 l‘ellem
736 4329 885 4376 vero,
926 4322 980 4366 et
1031 4328 1221 4366 onines
1250 4328 1442 4366 carnes
1471 4329 1594 4368 cum
1639 4317 1816 4384 capite
1842 4326 1896 4370 et
1926 4318 2076 4386 pedi-

505 4407 637 4467 lms,
695 4412 751 4458 et
808 4403 1103 4468 intestinis,
1147 4412 1201 4456 et
1256 4403 1402 4464 ﬁmo,
1452 4413 1508 4457 et
1566 4404 1773 4473 reliquo
1825 4421 2073 4476 corpore,

501 4497 696 4551 ell‘cret
757 4506 911 4550 extra
989 4506 1163 4558 castra
1226 4496 1280 4548 in
1353 4495 1531 4566 locum
1607 4497 1891 4571 mundum,

502 4588 715 4641 i-ineres
777 4585 983 4651 elIundi
1047 4585 1255 4650 solent.
1339 4586 1699 4656 incendetque
1771 4602 1834 4641 ea
1911 4605 2076 4658 super

505 4682 772 4750 lignorum
825 4688 1053 4744 struem,
1099 4694 1218 4748 qua:
1249 4679 1302 4734 in
1333 4679 1451 4734 loco
1491 4677 1793 4740 ell'usorum
1831 4680 2073 4750 cinerum

502 4772 909 4833 cz'entabuntur.
952 4790 971 4830 ρ

570 4864 718 4927 Nihil
768 4879 956 4926 eorum
1002 4879 1121 4932 qum
1167 4863 1470 4919 necessaria
1517 4863 1740 4922 fuerunt
1801 4862 2076 4932 legislator

502 4956 702 5019 nniisit,
743 4954 1035 5024 designans
1119 4955 1320 5024 quippe
1383 4955 1860 5009 conversationum
1911 4951 2072 5009 dide-

502 5050 725 5114 rentius,
757 5057 814 5102 et
851 5047 1147 5109 ostendens
1176 5047 1334 5100 nobis
1366 5047 1483 5100 vias
1509 5046 1562 5100 in
1590 5047 1868 5101 oblatione
1901 5045 2071 5098 sacri-

504 5141 771 5202 liciorum,
799 5137 999 5207 quibus
1028 5150 1129 5190 nos
1161 5146 1402 5205 oporteat
1430 5137 1766 5190 conversari.
1813 5135 1939 5194 Post
1971 5135 2074 5190 hoc

503 5230 808 5285 necessarie
837 5225 1062 5295 exponit
1089 5225 1288 5280 Christi
1313 5225 1658 5289 sacriﬁcium,
1680 5241 1776 5294 per
1804 5225 1948 5292 quod
1969 5241 2072 5279 no-

505 5323 584 5373 bis
641 5327 990 5388 peccatorum
1042 5316 1288 5370 remissio
1338 5325 1392 5368 et
1457 5316 1758 5385 redemptio
1805 5331 2068 5370 concessa

503 5423 602 5465 est.
621 5410 776 5476 Quod
793 5423 1109 5479 cognosces,
1131 5408 1177 5476 si
1199 5407 1524 5477 legislatoris
1545 5408 1705 5462 verba
1724 5407 2072 5478 discusseris,

503 5515 558 5555 et.
585 5502 835 5573 imaginis
871 5503 1032 5571 hujus
1063 5501 1228 5557 colori
1273 5517 1358 5562 res
1389 5499 1533 5570 ipsas
1575 5501 1828 5555 sacrificii
1885 5501 2075 5570 unige-

506 5595 602 5654 niti
626 5593 1044 5663 comparaveris.
1079 5597 1219 5648 Ante
1248 5593 1350 5648 alia
1380 5608 1505 5661 ergo
1535 5593 1637 5648 hoc
1666 5609 1810 5653 nunc
1836 5593 2074 5662 primum

608 5733 652 5763 ³⁸
687 5734 800 5787 Jac.
843 5748 899 5784 tt.
940 5735 1018 5786 li.

474 5819 592 5868 'pi,
621 5802 818 5868 25,25.
897 5808 930 5829 ”
964 5803 1103 5854 l’.-.al.
1132 5819 1239 5861 (gn,
1269 5804 1315 5854 ἱ.

1126 5733 1170 5762 ³⁸
1193 5731 1328 5783 Cen.
1384 5750 1457 5786 iv.
1501 5734 1548 5786 4.

1399 5805 1438 5832 ’⁵³
1467 5803 1604 5856 Ι’.›;ιΙ.
1631 5819 1768 5866 \l.l\‘,
1809 5804 1858 5867 7,
1898 5804 1948 5856 δ.

1691 368 2017 428 HESl'CllI
2024 367 2051 426 Ι
2087 367 2554 426 PRESBYTER]

503 477 675 532 atque.
723 468 1044 537 sanguinem
1123 477 1379 546 prtem-pit
1423 479 1648 533 omnino
1697 495 1808 533 non
1851 479 2084 534 comedi.
2115 484 2162 539 Α
2190 475 2433 538 intende,
2484 475 2610 544 quia
2649 483 2866 543 peccata
2917 473 3054 530 dixit
3127 489 3248 527 esse
3297 474 3499 528 aninuc

1653 5733 1694 5762 ³⁷
1753 5731 1915 5784 llrbr.
1969 5749 2028 5790 ll,
2085 5733 2162 5784 l7.

3577 493 3596 527 :
3669 493 3790 546 qui-

2183 565 2304 619 dam
2335 566 2482 618 enim
2523 579 2726 633 corpus
2761 564 2917 631 quasi
2947 564 3174 617 causale
3229 564 3446 633 peccati
3489 579 3786 633 accusant,

2182 655 2276 711 sed
2308 671 2416 715 non
2449 656 2523 710 ita
2553 663 2670 720 est;
2707 671 2835 710 nam
2877 654 2920 709 si
2953 670 3086 712 sana
3129 655 3202 711 sit
3254 655 3463 718 anima,
3510 656 3660 710 nihil
3713 659 3787 713 illi

2182 747 2402 805 nocebit
2429 747 2611 801 carnis
2635 747 2880 800 luxuries
2912 767 2924 802 :
2951 763 3116 816 quam
3149 749 3214 811 si,
3271 748 3584 802 secundum
3620 766 3787 817 quem

2182 847 2397 907 oportet
2431 838 2651 892 modum
2679 847 2827 908 regat
2875 840 3080 904 anima,
3116 839 3324 894 recedit
3373 848 3430 892 et
3477 851 3693 895 cessat.
3730 842 3784 895 Si

2181 939 2363 989 autem
2399 930 2534 984 dicis
2565 948 2578 984 :
2609 931 2772 1000 Atqui
2801 932 3076 986 nolentem
3127 947 3250 986 eam
3294 928 3537 1000 peccare
3591 934 3739 987 dixit
3771 954 3786 986 :

2182 1031 2558 1081 verumtamen
2599 1039 2706 1076 non
2733 1033 2974 1077 coactam
3003 1039 3033 1076 a
3067 1039 3256 1087 carne,
3311 1025 3409 1076 sed
3463 1025 3786 1094 ignorantia

2182 1114 2333 1179 boni,
2364 1130 2525 1185 quam
2552 1132 2617 1170 ex
2643 1115 2970 1186 negligentia
3017 1126 3073 1170 et
3101 1116 3410 1170 imitatione
3431 1117 3796 1171 deteriorum.

2181 1206 2405 1274 patitur,
2437 1221 2534 1275 per
2563 1223 2726 1275 quam
2747 1207 2913 1261 etiam
2945 1207 3154 1270 suavia,
3184 1221 3247 1259 ea
3271 1221 3394 1269 quae
3424 1206 3596 1258 noxia
3632 1218 3780 1268 sunt,

2181 1297 2433 1352 aestimat.
2470 1296 2576 1352 Sed
2609 1307 2663 1352 et
2698 1298 2800 1350 hoc
2829 1297 2953 1352 vide
2981 1338 2996 1362 ,
3029 1296 3306 1364 quomodo
3351 1295 3406 1348 in
3452 1295 3655 1350 multis
3697 1313 3782 1350 sa-

2181 1389 2456 1445 cerdotem
2492 1389 2822 1458 permiscet;
2856 1389 2933 1443 ait
2969 1389 3114 1442 enim
3142 1407 3156 1442 :

2251 1481 2438 1534 Anima
2461 1498 2577 1534 cum
2601 1483 2973 1549 peccaverit,et
3003 1481 3065 1534 de
3094 1481 3347 1533 universis
3379 1482 3664 1532 mandatis
3679 1480 3782 1531 lto-

2182 1571 2331 1634 mini,
2361 1587 2476 1640 qua?
2504 1571 2751 1640 prrecepit
2787 1581 2842 1622 ut
2874 1587 2975 1623 non
3003 1570 3210 1638 ﬁerent,
3248 1569 3536 1639 quidpiam
3571 1571 3778 1637 fecerit,

2181 1669 2226 1722 si
2257 1661 2501 1719 sacerdos
2528 1663 2616 1732 qui
2651 1672 2724 1715 est
2763 1671 2953 1714 unctus
2985 1661 3298 1728 peccaverit.
3338 1659 3639 1728 Siquidem
3699 1678 3780 1713 sa-

2180 1751 2374 1808 cerdos
2405 1754 2494 1822 qui
2522 1762 2608 1808 est
2646 1761 2844 1807 unctus
2873 1752 3116 1821 peccavit
3151 1751 3420 1806 :similem
3459 1752 3604 1806 dicit
3661 1751 3784 1804 aliis

2109 1825 2152 1878 Β
2180 1845 2520 1899 sacerdotem
2547 1860 2646 1914 pro
2672 1843 2909 1914 peccatis
2929 1843 3274 1907 oﬁ‘erentem,
3291 1844 3421 1912 quia
3437 1852 3500 1896 et
3521 1842 3780 1897 Christus

2181 1936 2337 1993 nobis
2365 1952 2422 1992 se
2457 1937 2690 1992 similem
2721 1935 2988 2005 praebuit;
3025 1937 3092 1990 de
3131 1935 3251 2004 ipso
3280 1935 3492 2004 quippe
3528 1936 3611 1988 ait
3637 1933 3778 1988 Pau-

2177 2026 2263 2082 lus
2295 2047 2308 2082 :
2341 2027 2568 2096 Propter
2596 2035 2731 2098 quod
2751 2029 2927 2082 debuit
2953 2044 3046 2097 per
3065 2027 3243 2080 omnia
3277 2027 3547 2096 fratribus
3583 2028 3777 2080 similis

2179 2136 2306 2183 esse,
2346 2129 2403 2174 ut
2434 2120 2727 2177 misericors
2742 2119 2908 2187 ﬁeret,
2931 2129 2977 2172 et
3001 2119 3169 2187 ﬁdelis
3197 2119 3444 2171 sacerdos
3465 2120 3524 2170 in
3546 2119 3633 2171 Iris
3664 2135 3777 2186 qun:

2178 2211 2249 2262 ad
2278 2209 2440 2270 Deum
2477 2218 2617 2272 sunt,
2685 2210 2755 2264 ad
2819 2208 3208 2262 reconcilianda
3235 2217 3454 2276 peccata
3498 2208 3693 2275 populi
3709 2208 3770 2270 ³τ,

2178 2302 2410 2372 plurima
2442 2301 2606 2361 nimis
2629 2302 2792 2370 hujus
2812 2301 2949 2371 legis
2979 2301 3032 2353 in
3067 2300 3296 2354 Domino
3313 2315 3634 2368 exponens.
3667 2300 3773 2353 Sed

2171 2393 2284 2464 jam
2318 2403 2446 2447 sunt
2483 2393 2818 2463 exquirenda
2839 2392 3296 2462 sequentia.l\'am
3323 2407 3456 2447 ecce
3491 2393 3774 2462 legislator

2177 2497 2462 2556 peccatum
2505 2486 2674 2556 ipsius
2723 2484 3038 2546 sacerdotis,
3078 2491 3361 2553 peccatum
3429 2483 3620 2552 populi
3677 2500 3772 2552 aps

2177 2579 2397 2649 pellavit
2437 2598 2450 2633 :
2507 2579 2632 2649 quia
2675 2577 2954 2648 negligens
3012 2575 3288 2632 sensibilis
3333 2575 3627 2639 sacerdos,
3680 2587 3766 2629 an:

2176 2672 2564 2742 peecansipse,
2599 2681 2692 2725 aut
2744 2685 2855 2726 non
2889 2669 3171 2725 vindicans
3237 2668 3292 2721 in
3346 2669 3763 2738 peccatoribus,

2176 2763 2327 2819 illieit
2353 2779 2450 2818 eos
2497 2764 2589 2832 qui
2618 2763 2782 2820 rudes
2816 2771 2945 2817 sunt
2991 2761 3057 2814 ad
3121 2760 3341 2815 similia.
3403 2760 3770 2830 lntelligibilis

2176 2865 2358 2912 autem
2385 2870 2486 2908 nec
2509 2855 2626 2924 ipse
2657 2862 2938 2923 peccatum
2968 2851 3116 2914 fecit,
3150 2867 3250 2904 nec
3280 2866 3384 2904 nos
3422 2850 3512 2904 vel
3575 2865 3768 2919 parum

2177 2947 2436 3017 neglexit,
2464 2945 2554 3015 qui
2589 2961 2712 3017 cum
2746 2945 2862 3014 lege
2894 2943 3052 2999 nobis
3087 2942 3314 2995 naturali
3339 2941 3511 2995 etiam
3566 2941 3769 3010 scripta

2177 3013 2344 3100 dedit,
2379 3046 2433 3090 et
2464 3013 2574 3089 non
2606 3013 2724 3088 sine
2755 3013 3087 3099 testimonio,
3120 3032 3261 3090 sicut
3291 3032 3366 3086 ait
3408 3031 3640 3092 Paulus,
3683 3046 3769 3083 se-

2181 3129 2470 3197 metipsum
2499 3127 2773 3196 relinquit.
2808 3124 3198 3180 Verumtamen
3248 3123 3376 3192 quia
3435 3124 3617 3193 ﬁgura
3657 3123 3771 3175 hac

2179 3217 2477 3286 coaptauda
2505 3224 2587 3270 est
2617 3216 2670 3268 in
2699 3215 2941 3276 Christo,
2975 3212 3274 3266 secundum
3321 3209 3469 3278 quod
3506 3207 3768 3277 possibile

2179 3315 2281 3369 est,
2310 3315 2368 3360 ut
2388 3321 2485 3373 per
2519 3303 2700 3358 omnia
2725 3303 2976 3371 imaginis
3003 3310 3416 3355 consummetur
3446 3298 3625 3362 coior,
3668 3296 3769 3352 hoc

2181 3397 2324 3466 quod
2355 3397 2559 3450 dictum
2591 3405 2696 3462 est,
2728 3395 3027 3449 secundum
3050 3392 3195 3461 quod
3227 3392 3456 3460 dignum
3489 3401 3581 3444 est
3607 3389 3768 3444 Chri-

2179 3499 2263 3543 sto
2323 3487 2641 3558 intelligibili
2701 3486 2985 3541 sacerdote
3047 3485 3312 3539 debemus
3364 3483 3650 3551 accipere.
3713 3481 3766 3536 Si

2178 3581 2323 3634 enim
2372 3579 2460 3633 Dei
2512 3577 2920 3648 longanimitate
2961 3593 3070 3630 non
3123 3575 3355 3630 volentis
3414 3586 3763 3644 peccatorctn

2179 3670 2425 3741 perdere,
2456 3685 2585 3724 usus
2617 3670 2830 3734 fuisset,
2864 3669 3144 3727 videretur
3165 3667 3444 3728 licentiam
3469 3666 3610 3721 dare
3642 3683 3761 3735 pec-

2178 3762 2446 3824 cantibus,
2485 3761 2884 3832 propter-quod
2924 3761 3091 3816 lsaias
3129 3758 3261 3812 dicit
3305 3775 3318 3811 :
3361 3755 3548 3821 Quare
3590 3775 3763 3812 errare

2181 3872 2270 3909 nos
2296 3855 2482 3925 fecisti,
2517 3854 2752 3919 Domine,
2779 3855 2842 3908 de
2873 3855 2968 3907 viis
3023 3853 3167 3906 tuis?
3215 3850 3490 3905 Indurasti
3546 3867 3638 3903 cor
3681 3868 3765 3912 ιωτ

2178 3957 2365 4010 strum,
2409 3963 2471 4004 ne
2510 3948 2807 4000 timeremus
2859 3954 2908 3998 te
2928 3943 2994 3998 ³⁸.
3052 3942 3308 3997 llabacuc
3353 3940 3525 3995 etiam
3573 3941 3760 3995 similia

2179 4038 2584 4109 quodammodo
2635 4038 2882 4106 queritur
2920 4056 2931 4090 :
2977 4035 3152 4101 Quare
3197 4051 3299 4088 non
3338 4036 3561 4102 respicis
3613 4052 3762 4103 super

2177 4133 2354 4197 inique
2381 4141 2610 4205 agentes,
2645 4141 2847 4184 ettaces
2864 4131 3140 4183 devorante
3172 4129 3334 4196 impio
3353 4127 3647 4195 justiorent
3673 4131 3762 4181 se?

2179 4238 2224 4279 et
2257 4225 2415 4295 facies
2440 4224 2663 4276 hominis
2689 4223 2841 4292 quasi
2873 4222 3035 4290 pisces
3077 4220 3260 4280 maris,
3302 4230 3350 4275 et
3385 4219 3545 4287 quasi
3583 4220 3760 4288 reptile

2181 4335 2282 4371 non
2319 4317 2510 4371 habens
2530 4317 2814 4386 principem
2851 4315 2912 4369 ".
2951 4312 3062 4366 Hoc
3081 4322 3138 4366 et
3169 4311 3364 4365 Paulus
3390 4311 3458 4364 ad
3486 4310 3759 4364 Romanos

2181 4409 2406 4473 scribit;
2445 4407 2520 4462 ait
2553 4406 2696 4461 enim
2725 4404 3002 4460 Christum
3034 4403 3233 4458 factum
3265 4401 3420 4458 nobis
3444 4400 3620 4456 fuisse
3649 4419 3758 4469 pro—

1980 4500 2070 4553 ubi
2107 4513 2148 4566 ῃ
2179 4501 2506 4567 pitiationem
2523 4515 2614 4567 per
2627 4496 2783 4566 ﬁdem
2811 4497 2866 4551 in
2895 4512 2989 4558 suo
3011 4495 3285 4563 sanguine.
3308 4494 3378 4546 ad
3412 4495 3756 4549 ostensiom

2167 4591 2394 4660 justitia:
2429 4605 2538 4644 sua:
2562 4587 2626 4642 ‘°-.
2657 4587 2829 4658 Cujus
2853 4595 3034 4641 autem
3073 4586 3301 4655 iustitia:
3330 4583 3584 4639 subdidit
3610 4603 3623 4638 :
3663 4583 3757 4637 Per

2175 4679 2579 4747 redemptionem
2640 4677 3045 4744 prarcedentium
3088 4685 3427 4744 peccatorum
3471 4675 3530 4726 in
3560 4685 3757 4728 susten-

2176 4773 2375 4824 tatione
2419 4769 2532 4824 Dei.
2578 4769 2777 4835 Aperte
2819 4783 2952 4838 ergo
3011 4767 3224 4821 videtur
3266 4766 3548 4836 lcgislator
3613 4768 3755 4821 illum

2173 4863 2510 4918 sacerdotem
2543 4861 2868 4931 signiﬁcare.
2901 4859 2989 4913 cui
3022 4859 3225 4914 dictum
3251 4867 3336 4912 est
3377 4877 3389 4912 :
3420 4858 3494 4911 Tu
3559 4876 3619 4912 es
3677 4876 3760 4912 sa-

2171 4955 2348 5008 cerdos
2415 4953 2470 5008 in
2529 4962 2802 5013 (sternam,
2855 4951 3142 5007 secundum
3186 4949 3424 5003 ordinem
3482 4949 3761 5002 Melchise-

2169 5043 2376 5109 dech“,
2410 5059 2536 5097 eum
2569 5044 2658 5112 qui
2691 5059 2721 5098 a
2748 5040 2909 5098 Patre
2957 5050 3154 5104 unctus
3173 5049 3276 5105 est,
3313 5039 3379 5093 ad
3401 5055 3566 5108 quem
3594 5039 3760 5094 David

2169 5135 2386 5189 diccbat
2432 5153 2444 5187 :
2490 5134 2646 5189 Sedes
2681 5144 2794 5195 tua,
2826 5133 2983 5195 Deus,
3021 5134 3075 5188 in
3113 5132 3364 5195 saeculum
3379 5131 3580 5196 sculi;
3617 5134 3757 5204 eis-9a

2172 5237 2309 5282 recta
2371 5237 2466 5287 est.
2526 5227 2672 5294 virga
2710 5227 2853 5296 regni
2899 5226 2997 5278 tui.
3062 5224 3306 5278 Dilexisti
3356 5225 3657 5292 justitiam,
3713 5238 3756 5276 et

2179 5318 2331 5376 odisti
2379 5317 2730 5387 iniquitatem,
2793 5326 3067 5384 propterea
3107 5316 3256 5375 uiuit
3314 5325 3364 5368 te
3425 5313 3597 5377 Deus,
3629 5317 3754 5370 Dm

2184 5408 2390 5470 tuus“.
2423 5407 2558 5475 Quia
2599 5415 2779 5461 autem
2829 5408 3005 5476 ipsum
3056 5407 3395 5460 sacerdotem
3461 5407 3554 5460 hic
3615 5424 3754 5461 nunc

2184 5499 2454 5568 lesisluor
2509 5495 2849 5567 signiﬁcavit.
2897 5510 2960 5552 ex
3027 5512 3091 5552 eo
3146 5493 3497 5555 manifestum
3569 5506 3654 5550 est
3706 5495 3755 5549 in

2182 5590 2330 5646 omni
2391 5590 2608 5659 quidem
2662 5589 2815 5644 turba
2873 5587 3103 5643 ﬁliorum
3160 5588 3344 5650 Israel,
3377 5598 3435 5640 et
3493 5588 3754 5658 principe,

2242 5730 2284 5777 ,³⁸
2329 5728 2426 5799 lsa.
2473 5747 2614 5804 txnr
2654 5731 2732 5782 l7.
2817 5728 2859 5759 ³⁸⁵
2894 5725 3093 5803 llabac.
3135 5743 3170 5790 ι,
3205 5727 3290 5788 l5,
3333 5725 3419 5804 li.
3522 5726 3568 5757 ⁸⁸
3609 5725 3751 5786 Itoni.
