3886 6306
111 306 242 375 821

1306 315 1391 378 ΙΝ
1430 318 1867 380 LEVITICUM.
1895 343 1966 355 --·
2003 320 2150 380 LIB.
2192 321 2243 382 Ι.

3330 248 3361 275 ’.³

3300 325 3477 397 822.

105 434 190 479 cs
239 422 297 477 iu
342 437 668 493 unoquoque
702 422 768 479 de
800 428 999 497 populo
1036 436 1396 499 cognoscente
1433 438 1714 499 peccatum
1748 436 1789 487 A
1823 429 2093 495 habuerit,
2134 440 2263 485 tunc
2292 444 2457 499 opere
2498 431 2726 500 explens
2759 430 2946 495 etiam,
2998 431 3107 495 hoc,
3128 435 3274 501 quod
3305 452 3407 507 pro

103 531 315 580 suum,
351 515 546 571 oﬁ‘erre
569 517 827 588 praecepit
854 537 869 585 ;
897 519 985 573 hic
1009 531 1192 575 autem
1218 536 1327 576 non
1357 520 1450 585 ita,
1480 523 1573 576 sed
1606 521 1711 576 ait:

204 601 266 659 Si
298 607 543 660 sacerdos
569 607 660 678 qui
707 616 785 661 est
821 618 1009 663 unctus
1064 610 1378 680 peccaverit,
1409 609 1717 680 delinquere

115 698 335 767 faciens
355 696 628 766 populum.
675 697 743 752 Et
790 700 1028 770 primum
1081 711 1307 772 peccato
1362 718 1487 757 eum
1530 703 1720 773 pepuli

112 789 376 857 subiicit,
425 789 552 860 quia
590 788 843 846 Christus
912 792 1095 862 populi
1155 801 1378 863 peccata
1455 793 1713 862 portabit.

116 882 343 937 Deinde
372 898 482 936 non
514 882 591 938 ait
620 883 763 938 sicut
784 883 852 938 de
890 885 1012 939 aliis
1046 902 1060 939 :
1091 883 1157 938 Et
1196 893 1374 955 postea
1404 883 1717 939 intellexerit

118 981 411 1042 peccatum
449 990 624 1027 suum.
660 972 799 1028 Cum
828 974 976 1028 enim
1010 972 1153 1029 Deus
1203 983 1371 1039 esset,
1425 984 1481 1030 et
1532 973 1719 1030 omnia

116 1064 336 1128 sciens,
385 1063 659 1135 quomodo
710 1073 924 1135 poterat
1010 1068 1263 1138 ignorare
1303 1083 1425 1137 qua;
1477 1084 1509 1122 a
1558 1068 1718 1123 nobis

121 1154 684 1226 pereata_suscepit‘l‘
727 1154 827 1210 llic
882 1174 1011 1229 ergo
1070 1175 1171 1229 pro
1229 1159 1466 1230 peccatis
1514 1160 1720 1215 nostris

117 1249 533 1302 convenienter
581 1248 907 1303 sacrificium
966 1251 1184 1315 obtulit,
1235 1252 1303 1306 de
1350 1268 1459 1321 quo
1518 1253 1719 1308 Paulus

124 1336 386 1392 Hebraeis
409 1336 596 1390 scribit
631 1354 646 1390 :
706 1335 797 1393 Sic
839 1347 886 1392 et
919 1337 1156 1394 Christus
1188 1341 1357 1396 semel
1397 1341 1608 1396 oblatus
1645 1344 1716 1395 ad

122 1431 423 1483 multorum
487 1427 844 1483 exhauriendo
882 1440 1129 1499 peccata,
1180 1432 1406 1485 secundo
1461 1433 1574 1488 sine
1602 1449 1721 1503 pec-

121 1528 259 1573 cato
290 1519 570 1590 apparebit
603 1521 1086 1591 easpcctantibusse
1117 1523 1173 1575 in
1199 1522 1424 1578 salutent
1438 1523 1506 1588 ⁸³,
1526 1524 1720 1580 oﬁeret

127 1619 323 1664 smnen
352 1624 411 1663 se
438 1625 538 1679 pro
566 1619 792 1679 peccato
821 1598 948 1664 suo.
999 1609 1357 1683 Septuaginta
1401 1623 1583 1669 autem
1620 1614 1719 1670 ad-

120 1700 300 1763 dunt,
351 1699 494 1771 quod
514 1702 766 1770 peccauit.
824 1701 1112 1758 Peccatum
1150 1713 1330 1757 autem
1379 1705 1521 1774 ejus,
1577 1706 1719 1761 sicut

1818 520 1976 577 nobis
2004 529 2142 585 erat,
2180 522 2506 578 sacriﬁcium
2545 521 2965 578 consummavit.
3017 522 3117 578 Hic
3172 523 3292 593 ipse
3336 528 3405 584 de.

1818 612 2080 683 sanguine
2116 611 2268 667 vituli
2325 612 2605 677 hauriens,
2636 611 2807 668 infert
2858 611 2989 667 illud
3046 611 3102 666 in
3150 613 3406 671 taberna-

1818 701 1941 756 culo
1974 700 2292 757 testimonii.
2324 700 2431 756 Sed
2475 701 2602 772 quia
2633 701 2863 757 vitulum
2909 710 3126 771 oportet
3182 717 3404 760 carnem

1817 790 2032 846 Domini
2070 791 2353 861 accipere,
2374 790 2493 860 ipse
2528 791 2739 862 prodigi
2775 791 2881 846 ﬁlii.
2928 806 3214 860 exponens
3245 810 3408 863 para-

1818 880 2007 935 bolum
2032 879 2240 945 docuit,
2273 894 2397 933 cum
2422 880 2925 950 patremoccidisse
2952 882 3005 936 ei
3049 882 3278 938 vitulum
3315 899 3407 939 sa-

1818 969 2080 1041 ginatum,
2112 977 2168 1024 et
2198 969 2425 1038 primam
2452 970 2674 1026 dedisse
2704 971 2920 1038 stolam,
2948 981 3004 1028 et
3029 974 3297 1027 annulum
3322 974 3404 1028 «li—

1818 1056 1986 1123 ceret.
2013 1077 2108 1131 per
2136 1061 2365 1118 vitulum
2403 1062 2733 1118 sacriﬁcium
2757 1064 3043 1140 unigeniti,
3085 1081 3183 1134 per
3213 1067 3404 1120 stolam

1818 1150 2105 1221 baptisma,
2141 1167 2238 1221 per
2273 1151 2536 1207 annulum
2564 1151 2789 1224 signans
2832 1153 3028 1223 pignus
3060 1154 3302 1223 Spiritus
3334 1156 3403 1208 “.

1817 1238 1954 1308 Quia
1992 1242 2147 1299 enim
2163 1242 2230 1297 de
2259 1243 2541 1314 sanguine
2574 1243 2631 1298 in
2687 1244 3045 1300 tabernaculo
3106 1245 3405 1300 testimonii

1820 1334 2019 1393 intulit.
2050 1335 2209 1389 docet
2232 1344 2285 1389 ct
2318 1333 2521 1389 Paulus
2544 1335 2610 1389 ad
2648 1333 2924 1400 Hebraeos,
2959 1336 3150 1391 dicens
3198 1354 3212 1391 :
3251 1336 3407 1391 Chri-

1816 1435 1928 1481 stus
1939 1427 2186 1481 assistens
2204 1426 2445 1499 Pontifex
2457 1429 2756 1498 futurorum
2774 1428 3048 1488 bonorum.
3067 1445 3158 1497 per
3177 1428 3406 1494 amplius

1819 1528 1868 1573 et
1908 1519 2187 1590 perfectius
2241 1518 2638 1573 tabernaculum
2670 1536 2773 1572 non
2821 1523 3207 1591 manufactum,
3234 1520 3291 1573 id
3327 1528 3405 1574 est

1822 1627 1922 1664 non
1943 1609 2101 1679 hujus
2131 1611 2433 1676 creationis,
2465 1628 2559 1665 nec
2597 1628 2692 1681 per
2714 1613 3026 1682 sanguinem
3057 1622 3335 1666 taurorum
3355 1621 3405 1667 et

1820 1700 2122 1768 uitulorum,
2147 1704 2238 1756 sed
2259 1718 2352 1773 per
2378 1705 2650 1772 proprium
2688 1706 3001 1776 sanguinem
3039 1706 3305 1775 ingressus
3330 1713 3406 1763 est

126 1790 235 1859 qui
258 1790 425 1845 semel
455 1791 584 1846 illud
620 1792 674 1847 in
713 1807 774 1847 se
815 1793 1076 1863 suscepit,
1126 1804 1374 1849 nostrum
1437 1808 1714 1866 pz-ccatum
1750 1774 1792 1829 Β
1818 1793 1977 1847 semel
1996 1794 2049 1846 in
2073 1802 2279 1856 sancta,
2330 1803 2530 1847 (eterna
2565 1774 2923 1863 redemptione
2956 1796 3169 1851 invento
3218 1795 3287 1849 ⁸⁰.
3341 1790 3406 1849 Et

125 1883 358 1949 dicitur,
399 1884 543 1939 unde
576 1896 631 1939 et
675 1884 1114 1941 Paulus‘dicebat
1167 1906 1181 1942 :
1230 1886 1575 1944 Obsecremus
1621 1908 1717 1959 pro

123 1973 348 2030 Christo
374 1975 705 2030 reconciliari
740 1976 866 2041 Deo,
908 1985 956 2031 et
984 1977 1076 2048 qui
1113 1979 1372 2034 nesciebat
1419 1992 1715 2053 peccatum,

124 2077 410 2122 oeccatum
429 2084 524 2137 pro
564 2068 706 2122 nobis
722 2068 840 2138 fecit
858 2068 924 2123 ⁸⁸.

216 2154 454 2211 Vitulum
498 2167 676 2211 autem
728 2157 1149 2212 immaculatum.
1192 2159 1421 2216 Domino
1465 2161 1719 2220 videlicet

124 2246 283 2300 Patri
313 2246 474 2301 offert
503 2260 719 2301 carnem
742 2261 919 2311 suam,
951 2248 1362 2305 immaculatum
1391 2266 1547 2317 vero,
1591 2254 1718 2323 quia

120 2348 415 2409 peccatum
467 2354 569 2392 non
596 2339 734 2410 fecit,
763 2356 855 2393 nec
896 2338 1047 2394 dolus
1092 2340 1331 2395 inuentus
1381 2351 1455 2397 est
1513 2343 1571 2399 in
1626 2360 1717 2401 ore

119 2429 252 2500 ejus
270 2429 335 2483 ⁸⁵.
374 2429 582 2485 Vitulus
610 2439 786 2485 autem
807 2440 910 2495 est,
934 2432 1064 2501 quia
1089 2432 1144 2486 in
1162 2434 1717 2507 cruceintelligibiles

120 2530 357 2576 uestros
395 2521 644 2576 inimicos
676 2522 975 2578 ventilavit.
990 2520 1125 2589 Quia
1151 2533 1335 2578 autem
1359 2524 1717 2597 Septuaginta

122 2615 371 2669 vitulum
402 2615 471 2670 de
499 2615 674 2669 bobus
702 2616 893 2679 edunt,
936 2616 1081 2670 idem
1126 2616 1482 2689 intelligimus
1504 2618 1714 2675 dictum

119 2708 203 2761 de
240 2706 435 2770 bobus,
468 2707 594 2777 quia
628 2706 931 2762 secundum
959 2722 1179 2763 carnem
1215 2709 1283 2764 de
1312 2712 1561 2781 patribus
1587 2711 1732 2780 iniu-

119 2799 229 2868 qui
247 2798 315 2854 de
344 2800 479 2871 legis
519 2800 850 2855 exstiterunt
870 2800 1083 2869 iustitia
1111 2801 1354 2872 gloriosi.
1394 2802 1717 2860 Ubiautem

120 2890 298 2947 odert
326 2891 577 2958 vitulum,
616 2892 673 2947 id
698 2904 781 2947 est
810 2908 1028 2947 carnem
1054 2897 1208 2948 suam
1234 2894 1269 2948 ἓ

206 2984 288 3036 Ad
311 2984 499 3038 ostium
537 2983 862 3038 tabernaculi
899 2985 1183 3039 testimonii
1229 3001 1426 3045 coram.
1470 2988 1738 3049 Domino..

124 3075 217 3131 Ad
234 3076 433 3130 ostium
460 3075 699 3146 quidem,
736 3085 794 3131 ut
817 3076 1145 3133 sacriﬁcium
1175 3076 1378 3134 Christi
1410 3081 1713 3136 secundum
1742 3108 1783 3166 ο

116 3169 411 3226 doctrinas
460 3177 516 3224 et
572 3168 1714 3239 traditionesapostolorum~.l'actumfuisse

123 3259 517 3332 intelligamus.
545 3260 653 3315 llas
679 3261 836 3316 enim
874 3276 998 3316 esse
1026 3261 1167 3316 ostia
1190 3262 1533 3318 tabernaculi
1557 3265 1714 3319 testi-

124 3355 306 3410 monii
335 3356 586 3426 superius
618 3356 999 3422 ostendimus,
1019 3366 1208 3427 utpote
1263 3357 1329 3412 ad
1378 3359 1578 3418 omium
1631 3359 1715 3416 in-

126 3448 361 3504 troitum
395 3449 708 3519 praebentia,
740 3450 884 3519 quOd
910 3446 1321 3511 tabernaculum
1382 3469 1505 3508 esse
1553 3455 1715 3511 testi-

128 3540 309 3596 monii
330 3541 575 3609 docetur,
607 3550 769 3612 atque
802 3542 1083 3612 probatur.
1126 3541 1301 3599 liabet
1345 3544 1493 3599 enim
1544 3547 1713 3606 Isaias

124 3634 536 3704 apertissimam
571 3634 864 3698 testimonii
888 3636 1286 3705 probationem,
1310 3636 1500 3696 dicens
1546 3657 1558 3692 :
1612 3638 1715 3704 Qui

125 3726 368 3782 extendit
389 3725 526 3780 velut
554 3727 776 3782 nihilum
806 3726 988 3794 stelas,
1029 3739 1080 3782 et
1129 3731 1397 3799 expendet
1451 3748 1549 3786 eos.
1581 3730 1716 3786 si'cut

125 3816 537 3872 tabernaculum
569 3819 641 3873 ad
663 3819 1070 3874 inhabitandam
1095 3820 1159 3875 “g

205 3901 397 3960 Coram
456 3905 680 3960 Domino
730 3917 935 3972 autem,
991 3907 1117 3977 quia
1181 3908 1504 3976 inspiciente
1554 3910 1716 3967 Patre

125 3996 818 4054 consummabaturcrucis
885 3999 1225 4072 mysterium,
1282 4002 1340 4055 in
1390 4010 1603 4057 tantum
1654 4013 1733 4060 uti

126 4091 301 4147 etiam
318 4090 601 4160 aspicienti
621 4090 809 4161 utique
823 4086 969 4145 Patri
985 4091 1191 4146 diceret
1206 4091 1470 4148 Dominus
1491 4112 1505 4148 :
1524 4094 1709 4163 Pater,

128 4184 191 4236 in
223 4197 410 4236 manus
438 4190 555 4235 tuas
592 4181 907 4235 commendo
922 4181 1170 4251 spiritum
1206 4197 1379 4237 meum
1402 4183 1467 4239 ".
1497 4184 1717 4244 Ponere

129 4279 318 4327 autcm
345 4285 470 4326 eum
502 4286 721 4325 manum
744 4284 910 4340 super
951 4278 1115 4343 caput
1142 4269 1339 4335 -vituli,
1375 4279 1431 4326 et
1464 4272 1715 4344 jugulare

131 4364 368 4418 vitulum
398 4362 693 4434 praecepit;
721 4364 1048 4419 nemoenim
1079 4364 1229 4420 illum
1255 4364 1477 4432 obtulit,
1495 4367 1591 4421 sed
1608 4382 1711 4424 nec

1821 1898 2009 1938 rursus
2044 1882 2262 1956 :Neque
2282 1886 2420 1939 enim
2461 1886 2518 1938 in
2546 1887 2857 1956 mauufacta
2899 1896 3084 1947 sancta
3140 1888 3404 1959 ingressus

1817 1985 1892 2029 est
1927 1971 2163 2030 Christus
2191 1977 2363 2047 [arma
2393 1978 3063 2047 uerorum,.sed~in.ipsum
3084 1978 3296 2043 cretum,
3331 1979 3404 2032 ad

1818 2067 2187 2122 ostendendum
2212 2083 2265 2122 se
2292 2068 2459 2125 vultui
2517 2067 2612 2121 Dei
2670 2084 2785 2138 pro.
2823 2069 2971 2124 nobis
2998 2070 3065 2125 υ.
3121 2069 3220 2125 llic
3264 2084 3403 2140 ergo

1820 2158 2563 2224 tabernaculum'testimonii,
2591 2159 2787 2217 caelum
2811 2160 3032 2232 quippe,
3052 2161 3176 2230 quia
3202 2160 3256 2214 in
3286 2161 3404 2230 ipso

1820 2250 2064 2306 habitare
2093 2248 2265 2305 Deum
2297 2251 2581 2321 propheta
2626 2250 2900 2308 testiﬁcati
2944 2262 3095 2318 sunt,
3128 2251 3403 2322 intelliga-

1819 2358 1940 2398 mus
1970 2360 1983 2394 :
2014 2341 2116 2408 Qui
2139 2341 2342 2398 habitat
2393 2343 2449 2396 in
2489 2343 2648 2407 caelis,
2700 2342 2902 2417 inquit,
2939 2344 3178 2399 irridebit
3211 2360 3295 2398 eos
3330 2344 3401 2400 ".

1817 2434 1886 2490 Et
1919 2450 2069 2490 nemo
2096 2435 2401 2490 ascendit'in
2428 2434 2636 2501 cretum,
2661 2435 2764 2489 nisi
2796 2436 2887 2506 qui
2906 2435 3168 2490 descendit
3189 2435 3253 2489 de
3277 2435 3404 2491 coelo

1823 2527 2127 2599 Unigenitus
2147 2527 2232 2592 ³³,
2286 2527 2357 2583 de
2414 2527 2713 2598 semetipso
2746 2528 2883 2583 dixit
2926 2528 3264 2585 hominibus.
3324 2526 3401 2584 lbi

1818 2617 2494 2690 sanguinemiutroduxit,
2536 2619 2665 2688 quia
2696 2618 2981 2675 cicatrices
3013 2630 3238 2699 portans
3282 2635 3406 2691 pas-

1818 2707 2056 2772 sionem,
2085 2725 2122 2763 a
2144 2708 2375 2764 mortuis
2399 2709 2720 2776 resurrexit,
2752 2710 2900 2766 unde
2930 2717 2987 2765 et
3017 2724 3176 2766 suum
3204 2726 3406 2781 corpus

1818 2800 2149 2872 palpandum
2178 2800 2402 2857 Thomas
2447 2800 2766 2872 praebuit“,
2799 2810 2965 2872 atque
3002 2802 3077 2857 ita
3121 2801 3177 2857 in
3235 2802 3404 2857 oculos

1816 2893 2078 2949 ascendit.
2114 2893 2351 2951 Probant
2368 2902 2550 2949 autem
2575 2893 2862 2963 sequentia
2889 2912 2902 2948 :

1888 2981 2194 3056 Quicunque
2221 2984 2496 3039 intinxerit
2521 2985 2747 3057 digitum
2762 2984 2822 3038 in
2849 2985 3132 3055 sanguine,
3163 2993 3406 3058 aspergat

1816 3082 1880 3132 de
1908 3094 1968 3132 eo
1986 3075 2175 3146 septies
2195 3093 2375 3132 coram
2400 3076 2647 3142 Domino,
2682 3085 2866 3131 contra
2898 3076 3071 3132 uelum
3088 3077 3402 3133 sanctuarii.

1819 3167 1999 3224 Multis
2027 3168 2351 3224 nominibus
2393 3168 2867 3225 carnemDomini
2893 3169 3154 3240 appellat,
3190 3169 3316 3240 quia
3348 3177 3407 3225 et

1819 3260 2017 3316 multas
2040 3260 2386 3330 Operationes
2405 3260 2699 3331 .iinplevit.,
2719 3259 2880 3317 Unde
2910 3269 2968 3315 et
2988 3260 3110 3331 ipse
3139 3260 3405 3315 Dominus

1818 3351 1980 3408 modo
2005 3348 2625 3422 quidemsemetipsum
2688 3349 3044 3414 sacriﬁcium,
3097 3350 3259 3405 modo
3305 3365 3407 3420 pa-

1818 3452 2047 3510 storem,
2070 3445 2268 3503 deinde
2297 3461 2485 3501 rursus
2523 3445 2712 3511 vitent,
2755 3460 2955 3516 panem
2993 3444 3140 3510 vitae,
3171 3454 3226 3499 et
3280 3459 3407 3512 gra-

1820 3550 1949 3590 num
1983 3534 2491 3607 tritici,opportnne
2509 3534 2931 3607 dispensatoriis
2951 3534 3137 3591 verbis
3165 3533 3404 3602 varians,

1818 3640 1949 3683 suas
1965 3626 2359 3697 appellationes
2392 3627 2720 3682 nominavit.
2760 3627 2829 3685 Et
2859 3642 3010 3683 nunc
3061 3641 3192 3701 ergo
3223 3627 3405 3683 velum

1817 3725 1937 3795 ejus
1957 3739 2177 3779 carnem
2208 3725 2546 3795 appellavit:
2608 3722 2864 3780 dubitare
2930 3722 3078 3778 enim
3140 3723 3244 3777 hoc
3293 3737 3405 3776 nou

1819 3828 2130 3886 possumus,
2167 3812 2334 3869 Paulo
2360 3815 2428 3869 ad
2459 3813 2921 3884 explanationem.
2957 3812 3123 3884 huius
3161 3813 3404 3885 mysterii

1821 3907 2035 3963 dicente
2074 3925 2092 3961 :
2110 3904 2412 3973 Habentes,
2436 3909 2650 3982 fratres,
2700 3898 3074 3977 conﬁdentiam
3098 3907 3155 3960 in
3176 3906 3402 3960 introitu

1822 4008 2130 4057 sanctorum.
2153 3999 2209 4056 in
2240 3998 2495 4069 sanguine
2525 3996 2743 4063 Christi,
2785 4013 2946 4068 quam
2986 3997 3219 4052 initiavit
3259 3997 3406 4051 nobis

1822 4091 1961 4146 uiam
1992 4106 2177 4146 nouam
2216 4103 2263 4145 et
2294 4091 2547 4147 uiuentem
2567 4106 2660 4161 per
2686 4088 3029 4153 velamen,“
3070 4098 3167 4154 est,
3193 4104 3405 4143 carnem

1820 4199 1994 4247 suam,
2016 4192 2064 4237 et
2090 4182 2407 4238 sacerdotem
2430 4199 2701 4255 magnum,
2725 4181 3021 4236 indomum-
3034 4180 3127 4235 Dei
3171 4183 3407 4235 introea-

1819 4292 1954 4343 mus,
1992 4291 2106 4330 cum
2131 4291 2263 4346 puro
2289 4274 2459 4341 corde,
2486 4275 2542 4329 in
2587 4274 2950 4346 satisfactione
3000 4273 3215 4344 ﬁdei”.
3273 4270 3405 4327 Pro-

1820 4376 2007 4442 pterea
2030 4374 2086 4422 et
2106 4366 2405 4423 sanctuarii
2440 4365 2622 4420 velum
2644 4365 2976 4436 appellatum
3004 4374 3108 4429 est,
3177 4365 3406 4437 ﬁguram

133 4456 420 4510 immolare
442 4463 678 4525 poterat,
719 4454 821 4509 nisi
846 4456 1201 4526 semetipsum
1229 4457 1346 4528 ipse
1379 4459 1447 4513 ad
1495 4460 1714 4530 patien-
1746 4448 1796 4509 D
1818 4459 2019 4534 quippe
2040 4459 2222 4516 carnis
2251 4459 2424 4514 sancti
2458 4467 2772 4516 sanctorum
2816 4459 3060 4530 gerebat.
3096 4458 3234 4526 Quia
3277 4474 3407 4532 ergo

126 4547 264 4599 ιΙιιιη
289 4545 616 4601 tradidisset.
650 4542 879 4615 Propter
902 4545 1048 4616 quod
1084 4561 1192 4601 non
1235 4547 1412 4602 solum
1460 4547 1712 4604 dicebat:

129 4637 458 4693 Potestatem
482 4636 645 4692 habeo
672 4636 905 4707 ponendi
920 4638 1158 4692 animam
1180 4654 1374 4702 neeum.
1413 4648 1468 4695 et
1481 4634 1713 4711 potesta-

129 4741 238 4784 tem
273 4728 436 4783 habeo
457 4729 648 4783 iterum
666 4729 905 4784 sumendi
939 4745 1058 4783 eam
1079 4727 1124 4762 ⁸⁸
1144 4745 1167 4797 ;
1191 4730 1284 4786 sed
1303 4738 1357 4786 et
1376 4731 1716 4802 praeveniens

127 4821 491 4890 semetipsum
517 4819 573 4875 in
598 4835 754 4876 ctena
792 4820 1164 4892 apostolorum
1200 4821 1522 4889 immolavit,
1566 4822 1713 4892 quod

127 4914 318 4968 sciunt
351 4911 445 4983 qui
477 4911 861 4984 mysteriorum
903 4911 1225 4983 percipiunt
1249 4912 1529 4968 virtutem.
1555 4912 1716 4970 Hunc

126 5004 475 5058 sacerdotem
534 5000 888 5074 Septuaginta
914 5014 1026 5055 non
1075 5000 1253 5056 solum
1314 5010 1541 5057 unctum
1598 5003 1716 5059 sive

126 5095 372 5159 linitum,
404 5094 500 5149 sed
529 5104 585 5151 et
626 5101 1067 5153 consummatum
1098 5091 1371 5155 manibus
1399 5095 1714 5164 appellave-

130 5195 268 5241 runt
321 5202 336 5239 :
390 5197 798 5244 consummatus
848 5196 933 5244 est
991 5186 1138 5242 enim
1184 5186 1439 5244 manibus
1480 5189 1632 5260 prius
1656 5191 1713 5247 in

130 5277 363 5351 mystica
398 5290 572 5344 caena,
604 5278 875 5350 accipiens
906 5293 1105 5350 panem
1127 5287 1181 5333 et
1210 5277 1486 5350 frangens,
1511 5280 1715 5337 deinde

133 5385 235 5441 per
265 5382 507 5431 crucem,
539 5369 753 5437 quando
786 5369 931 5441 ligno
960 5367 1150 5424 stiixus
1195 5377 1299 5423 est.
1341 5367 1497 5424 Tunc
1531 5384 1714 5424 sacer-

131 5461 273 5521 dotii
295 5458 600 5530 suscipiens
632 5460 970 5532 dignitatem,
1007 5460 1093 5518 vel
1121 5462 1305 5532 potius
1343 5475 1468 5516 cum
1501 5477 1717 5532 semper

1818 4552 2020 4624 digitus
2048 4550 2144 4606 Dei
2178 4555 2351 4607 virtus
2401 4550 2544 4622 ejus.
2572 4549 2793 4618 dicitur,
2829 4551 2975 4606 unde
3033 4552 3204 4622 magis
3257 4550 3403 4607 Pha-

1818 4643 2002 4699 raonis
2030 4642 2291 4699 cedentes
2322 4641 2601 4697 miraculis
2635 4642 2799 4714 Moysi
2830 4643 3086 4701 dicebant
3138 4661 3151 4697 :
3195 4640 3402 4715 Digitus

1819 4736 1915 4792 Dei
1952 4744 2025 4791 est
2047 4736 2114 4790 ³⁸.
2145 4734 2214 4791 Et
2241 4734 2412 4790 David
2473 4734 2521 4789 ei
2560 4734 2823 4803 psallebat
2860 4752 2873 4788 :
2911 4735 3188 4800 ,Quoniam
3222 4737 3402 4789 videbo

1817 4828 1993 4893 calas,
2035 4841 2195 4896 opera
2234 4825 2522 4895 digitorum
2573 4832 2785 4876 tuorum
2811 4824 2878 4877 ⁸⁷.
2939 4823 3170 4894 Ipseque
3212 4839 3404 4880 rursus

1816 4914 2077 4970 Dominus
2102 4910 2309 4968 Iudaeis
2335 4910 2552 4965 dicebat
2588 4928 2602 4965 :
2634 4908 2788 4975 Quod
2820 4910 2867 4964 si
2892 4911 2949 4964 in
2981 4911 3150 4980 digito
3178 4910 3278 4981 Dei
3301 4930 3400 4985 ego

1814 5004 1967 5077 ejicio
1984 5002 2266 5070 damonia,
2303 5000 2467 5075 igitur
2489 4999 2720 5075 pervenit
2741 5000 2800 5054 in
2824 5017 2912 5056 uos
2946 5017 3164 5073 regnum
3220 5001 3315 5057 Dei
3331 5004 3396 5058 ⁸⁸.

1812 5092 2214 5150 Convenienter
2269 5087 2607 5164 digitum'in
2664 5092 2992 5165 sanguinem
3058 5091 3297 5163 intingit,
3343 5104 3403 5150 ut

1809 5187 2129 5243 ostendatur
2152 5186 2276 5259 quia
2311 5186 2599 5258 passiones
2622 5185 2807 5242 carnis
2833 5185 3161 5252 Dominicae,
3194 5186 3402 5244 virtute

1808 5278 2106 5335 divinitatis
2126 5287 2260 5335 actze
2289 5284 2453 5344 sunt;
2477 5293 2605 5332 nam
2647 5277 2932 5350 quomodo
2962 5289 3216 5350 poterant
3275 5282 3400 5339 talia

1823 5373 1935 5428 ﬁeri
1970 5383 2117 5438 tunc,
2145 5372 2198 5427 id
2224 5381 2324 5435 est,
2349 5370 2477 5426 solis
2497 5385 2765 5436 recessus,
2807 5378 3172 5439 terrmmotus,
3202 5372 3402 5429 scissio

1824 5473 2107 5536 petrarum
2126 5473 2177 5518 et
2214 5461 2454 5518 similia?
2509 5458 2607 5516 llic
2662 5476 2790 5537 ergo
2844 5461 3044 5517 virtu-te
3095 5463 3401 5525 divinitatis

206 5646 254 5680 υ
281 5646 447 5702 Hebr.
470 5645 679 5713 Ix.,28.
757 5643 803 5680 “
826 5645 846 5700 l
873 5646 999 5703 Cor.
1035 5663 1088 5712 v,
1116 5647 1208 5710 90,
1235 5646 1325 5700 2L
1360 5646 1404 5679 ³⁸
1430 5646 1533 5702 lsa.
1568 5661 1689 5700 ιιιι.

1819 5648 1896 5700 atl
1936 5645 2093 5699 lli-tr-
2116 5660 2174 5708 η.
2215 5644 2307 5699 22.
2384 5646 2426 5678 “
2458 5646 2561 5699 lsa.
2594 5659 2683 5704 ιι.
2711 5645 2800 5699 22.
2879 5647 2923 5680 ⁸⁷
2946 5643 3079 5700 Luc.
3118 5663 3272 5711 xxm,
3305 5649 3395 5704 ιθ.

138 5720 187 5751 ις
209 5717 368 5773 ιοωι,
396 5734 450 5780 χ,
471 5718 555 5773 ιε,
636 5716 828 5772 "Luc.
860 5716 1217 5788 “.5175qu-

137 5790 182 5819 ”
208 5788 366 5843 Joan.
408 5805 498 5855 xx,
534 5788 606 5843 95
632 5802 783 5856 seqq.

1254 5775 1261 5782 ,
1296 5718 1340 5751 ⁸ο
1366 5716 1529 5771 Hebr.
1570 5733 1641 5778 Ix,
1674 5714 1757 5778 ll.
1820 5714 1903 5770 12.

873 5788 918 5820 ”
953 5784 1120 5842 llebr.
1147 5784 1203 5854 ξς
1244 5786 1425 5841 19-22.
1505 5788 1548 5819 ’5‘
1576 5786 1743 5842 Exod.
1788 5802 1895 5855 rm,
1937 5784 2016 5842 i9.

2001 5717 2042 5747 "
2090 5714 2220 5769 ibid.
2253 5715 2342 5769 24.
2427 5715 2476 5746 ⁸³
2512 5713 2651 5769 Psal.
2684 5713 2825 5779 “,4.

2931 5716 2974 5747 ⁵³
3000 5716 3172 5772 iuuit.
3197 5734 3274 5786 ill,
3315 5720 3397 5775 l5.

2110 5784 2155 5814 ³⁷
2180 5784 2316 5838 l’sal.
2349 5800 2463 5849 \‘lll,
2500 5784 2541 5836 ι.

2651 5785 2695 5817 ιθ
2724 5786 2858 5839 Luc.
2913 5800 2987 5855 Χι,
3024 5787 3113 5841 eo.
