3886 6306
478 188 586 255 823

1664 203 2027 267 HESYCHII
2064 207 2534 270 PRESBYTER}

3694 212 3799 274 8Ξὶ

476 304 785 372 passionem
799 308 1379 381 suscipiens,aspersit
1398 313 1617 382 quidem
1637 330 1790 371 suam
1813 331 2057 383 carnem,
2092 323 2133 378 Α
2164 319 2264 387 diu:
2308 319 2518 374 Domini
2549 321 2898 385 memorabor,
2940 322 3276 379 remmiscens
3315 323 3608 377 virtutum
3646 340 3793 391 qn.

477 400 710 469 aspersit
735 410 915 457 autem
944 404 1167 472 septies,
1192 404 1319 475 quia
1340 421 1439 477 pro
1459 408 1781 475 remissione
1798 409 1902 469 hoc
1926 425 2056 480 pec-

477 500 745 557 catorum,
772 505 823 548 et
854 509 951 563 pro
974 495 1439 562 subministrando
1462 499 1621 557 nobis
1637 510 1826 555 sancto
1847 500 2059 572 Spiritu

480 583 627 638 fecit.
666 583 970 655 Utrumque
1028 586 1172 641 enim
1225 590 1519 659 praedictus
1565 592 1854 664 designare
1925 607 2057 648 con-

480 671 965 740 suevit'unmerus,
999 676 1071 730 ita
1104 683 1163 730 ut
1198 677 1392 741 Petrus
1434 679 1637 736 diceret
1673 682 1900 738 Domino
1946 702 1959 737 :
1998 682 2058 738 Si

479 766 767 830 peccaverit
802 767 856 819 in
906 783 991 821 me
1034 770 1203 841 frater
1252 787 1417 835 meus,
1467 774 1666 841 quoties
1702 775 1909 828 dimitto
1963 776 2059 830 ei?

482 869 644 926 usque
673 858 858 922 septies
872 859 918 892 '9
936 861 961 913 ?
1013 863 1366 932 responderet
1396 879 1580 920 autem
1607 864 1867 937 Dominus
1895 885 1907 920 :
1937 869 2058 936 Non

480 946 595 1001 dico
616 949 708 1001 tibi
731 950 940 1018 septies,
975 953 1069 1006 sed
1087 969 1247 1023 usque
1274 957 1566 1026 septuagies
1594 958 1780 1026 septies
1803 958 1868 1021 δα,
1915 958 2056 1017 mul—

480 1038 793 1111 tiplicatque
821 1058 1115 1103 numerum
1150 1056 1371 1116 prepter
1400 1048 1749 1119 operationes
1781 1050 2006 1119 spiritus
2040 1068 2056 1116 ;

480 1143 687 1201 septem
716 1133 864 1189 enim
915 1136 1181 1206 propheta
1244 1137 1407 1195 Isaias
1468 1142 1780 1194 numeravit
1812 1140 2007 1206 dicens
2044 1163 2055 1197 :

482 1224 546 1278 Et
574 1227 855 1295 requiescet
876 1245 1033 1297 super
1052 1247 1171 1283 enm
1197 1233 1416 1299 spiritus
1445 1230 1684 1297 Domini;
1711 1230 1914 1287 Deinde
1940 1233 2060 1301 ejus

478 1314 619 1369 dona
653 1316 903 1371 dividens
933 1319 1008 1374 ait
1046 1337 1058 1373 :
1088 1319 1318 1387 Spiritus
1368 1323 1640 1392 sapientia
1664 1333 1711 1376 et
1739 1323 2055 1388 intellectus,

479 1408 700 1472 spiritus.
746 1409 949 1463 consilii
996 1422 1044 1463 et
1098 1413 1437 1481 fortitudinis,
1468 1414 1685 1483 spiritus
1725 1415 1958 1469 scientia:
2010 1424 2059 1473 et

480 1500 712 1567 pietatis,
739 1510 788 1554 et
829 1502 1043 1569 replebit
1095 1521 1213 1558 eum
1258 1505 1476 1572 spiritus
1522 1506 1723 1560 timoris
1761 1503 1970 1563 Domini
1991 1508 2054 1561 ⁶¹.

483 1590 638 1656 Quod
666 1602 850 1647 autem
878 1595 1197 1665 sanguinem
1221 1608 1436 1667 oportet
1469 1606 1570 1653 nos
1590 1599 1643 1669 in
1663 1600 1913 1670 passione
1941 1602 2061 1672 ejus

484 1681 750 1752 accipere,
780 1685 1012 1754 probant
1046 1686 1198 1753 Pilati
1235 1697 1288 1744 et
1319 1690 1630 1746 Judaeorum
1685 1695 1845 1748 verba
1873 1712 1890 1766 ς
1929 1695 2058 1751 dum
2094 1672 2134 1727 Β

483 1773 631 1839 enim
658 1774 964 1835 traderetur
995 1779 1164 1844 cruci,
1198 1778 1314 1848 ipse
1344 1781 1561 1849 quidem
1576 1781 1774 1841 clamat
1799 1802 1811 1835 :
1835 1785 2063 1837 Mundus

487 1881 600 1924 sum
634 1880 666 1919 a
692 1866 946 1936 sanguine
956 1868 1092 1937 justi
1111 1869 1288 1939 hujus.
1324 1868 1348 1922 1
1359 1870 1418 1924 lli
1447 1880 1623 1925 autem
1658 1888 1674 1925 :
1699 1869 1928 1943 Sanguis
1949 1872 2063 1941 eius

486 1970 642 2024 super
662 1973 771 2027 nos,
799 1967 848 2011 et
864 1975 1021 2027 super
1037 1958 1174 2027 ﬁlios
1199 1970 1399 2014 nostros
1419 1960 1505 2013 “?
1537 1959 1707 2031 Hujus
1730 1962 2063 2033 aspcrsionis

487 2056 543 2102 et
569 2046 764 2108 Petrus
795 2050 851 2104 in
882 2049 1149 2104 catholica
1187 2048 1424 2120 Epistola
1455 2051 1726 2115 meminit,
1755 2054 2060 2122 apostolum

486 2156 543 2200 se
566 2141 855 2197 nominans
881 2141 1167 2199 secundum
1194 2143 1581 2212 pra’scientiant
1625 2141 1719 2196 Dei
1753 2139 1952 2209 Patris,
2009 2145 2063 2199 in

485 2232 901 2301 sanctiﬁcatione
953 2231 1203 2302 Spiritus,
1256 2234 1311 2297 in
1358 2233 1648 2301 obedientia
1681 2242 1727 2287 et
1768 2234 2067 2305 aspersione

485 2324 756 2395 sanguinis
776 2322 899 2378 Iesu
928 2323 1120 2379 Christi
1150 2325 1216 2394 °'.
1244 2324 1299 2379 Si
1329 2335 1509 2379 autem
1534 2325 1671 2380 dicis
1704 2324 1829 2395 quia
1884 2325 2064 2399 passio

485 2414 702 2486 quidem
719 2416 858 2485 ejus,
877 2425 1168 2487 antequam
1182 2418 1501 2484 ascenderet
1518 2417 1573 2487 in
1588 2417 1776 2480 cmios,
1790 2416 2062 2487 provenit,

486 2509 759 2579 legislator
784 2519 965 2577 autem
1017 2509 1149 2578 dicit
1186 2519 1309 2578 post
1343 2510 1734 2581 ingressionem
1766 2509 2065 2564 sacerdotis

488 2602 549 2669 in
578 2601 930 2668 tabernaculo
960 2600 1280 2668 testimonii,
1315 2601 1475 2670 quod,
1509 2614 1610 2655 nos
1637 2601 1834 2655 omium
1864 2598 2066 2671 signiﬁ-

487 2708 614 2759 care
640 2693 899 2762 diximus,
929 2690 986 2747 Si
1028 2692 1251 2764 intingis
1273 2692 1498 2762 digitum
1551 2690 1605 2747 in
1641 2692 1956 2763 sanguinem
2013 2703 2068 2746 ct

487 2786 756 2863 aspergis;
782 2784 968 2842 verum
989 2801 1258 2858 cognosce
1274 2787 1395 2856 quia
1415 2786 1508 2856 qui
1532 2786 1759 2840 inferius
1780 2785 2069 2841 cruciﬁxus

487 2889 773 2945 estcarnc,
797 2880 852 2932 in
887 2879 1026 2934 cmio
1056 2888 1135 2934 est
1154 2877 1467 2944 divinitate;
1499 2888 1555 2933 et
1585 2888 1870 2950 propterea
1917 2879 2069 2948 prin-

486 2973 698 3043 cipibus
730 2973 1075 3027 sacerdotum
1097 2973 1470 3044 iudicantibus
1493 2989 1616 3027 cum
1649 2970 2070 3027 etcruril‘txuris

488 3061 705 3127 dicebat
739 3062 903 3121 :Dico
937 3063 1097 3127 vobis,
1127 3069 1315 3128 amotio
1338 3062 1571 3129 videbitis
1607 3063 1799 3117 Filium
1844 3054 2067 3133 hominis

488 3155 750 3215 sedentem
774 3170 805 3210 α
836 3155 1033 3210 daturis
1059 3153 1151 3208 Dei
1171 3155 1236 3208 δ”.
1269 3154 1426 3221 Quod
1457 3165 1638 3211 autem
1659 3155 1813 3215 dixit,
1856 3155 2065 3219 amodo,

488 3243 829 3307 ostendentis
858 3243 979 3307 fuit,
1033 3245 1159 3314 quia
1178 3259 1287 3314 quo
1317 3253 1563 3314 tempore
1588 3244 1791 3301 vitulus
1819 3243 2067 3297 immola-

489 3339 651 3399 batur
690 3338 745 3408 in
787 3336 1159 3408 inferioribus,
1195 3352 1262 3392 eo
1299 3345 1543 3407 tempore
1578 3344 1636 3390 ut
1684 3334 1929 3389 Pontifex
1954 3335 2069 3404 ipse

490 3420 590 3498 sibi
606 3429 929 3497 sacriﬁcium
945 3426 1163 3485 offerret
1181 3429 1237 3485 in
1251 3428 1409 3483 coelo.
1433 3426 1642 3494 Quibus
1668 3427 2071 3482 conveniuntct

488 3524 906 3594 subsequentia:
934 3523 1200 3597 Ponetque
1221 3521 1285 3576 de
1302 3522 1480 3576 eodem
1498 3521 1752 3592 sanguine
1767 3537 1923 3590 super
1951 3536 2069 3573 cor-

491 3632 594 3669 nua
610 3615 797 3673 altaris
817 3615 1180 3685 thymiamatis
1202 3613 1495 3685 gratissimi
1512 3611 1736 3677 Domino
1753 3609 1890 3682 quod
1919 3620 1991 3665 est
2015 3610 2071 3671 in

492 3706 828 3765 tabernaculo
868 3706 1172 3767 testimonii.
1206 3705 1306 3763 Hic
1325 3705 1511 3763 sedem
1542 3702 1838 3772 Cherubin)
1865 3703 2064 3775 signat,

488 3800 613 3872 quia
634 3800 780 3869 enim
808 3806 936 3864 sunt
964 3798 1156 3864 altare,
1175 3797 1340 3853 lsaias
1365 3813 1465 3867 per
1493 3798 1760 3853 visionem
1782 3794 2069 3866 Seraphim

490 3888 858 3958 manifestavit
886 3890 1000 3957 ;ait
1041 3890 1185 3947 enim
1216 3905 1231 3944 :
1268 3888 1334 3944 Et
1364 3890 1558 3958 volavit
1600 3890 1670 3952 ad
1710 3906 1793 3944 me
1829 3904 1963 3943 unus
2009 3890 2074 3943 de

491 3985 786 4054 Seraphim,
818 3990 867 4038 et
914 3984 970 4051 in
1002 4000 1161 4049 manu
1198 3983 1328 4054 ejus
1376 3983 1632 4046 calculus,
1682 3986 1833 4053 quem
1879 3982 2075 4054 forcipe

492 4081 685 4142 tulerat
716 4080 778 4133 de
815 4077 980 4132 altari
1005 4078 1074 4131 ".
1104 4076 1410 4141 Thimiama
1440 4086 1646 4141 autem,
1677 4076 1818 4137 sicut
1840 4058 2074 4145 Septua-

493 4174 636 4245 ginta
659 4174 867 4237 dicunt,
894 4171 1331 4241 compositionis,
1355 4170 1807 4239 compositionem
1830 4167 2074 4222 omnium

493 4264 633 4323 sicut
664 4266 719 4331 in
750 4264 1103 4335 thymiamate
1140 4262 1402 4316 virtutum
1431 4261 1582 4327 dicit,
1631 4276 1752 4329 quae
1799 4268 1930 4322 sunt
1988 4259 2077 4319 iu-

2117 461 2123 467 .
2159 411 2270 467 llas
2298 413 2562 467 Dominus
2592 412 2748 486 ungit
2782 414 3007 487 proprio
3038 415 3328 486 sanguine,
3377 414 3795 469 virtutesneis

2159 517 2426 576 prtesmns
2454 505 2718 575 majorem
2748 507 3265 577 perfectioremquc,
3299 518 3365 561 ut
3401 515 3627 562 contra
3692 507 3792 560 ad—

2159 598 2528 652 versariorum
2560 601 2705 654 vires
2727 601 3024 671 praevalere
3078 599 3313 668 possint.
3348 599 3617 655 Omnem
3655 599 3794 653 reﬁ-

2160 677 2327 771 qunm
2356 690 2678 762 sanguinem
2714 692 2891 759 vituli,
2944 693 3100 747 fundi
3134 693 3280 749 circa
3332 693 3522 746 basim
3580 692 3793 745 altaris

2160 781 2485 851 holocausti,
2540 785 2686 853 quod
2737 794 2823 840 est
2887 785 2942 839 in
2995 785 3355 841 tabernaculo
3422 783 3791 839 teStimonii.

2162 874 2443 944 princepit.
2500 874 2686 930 Altare
2741 875 3223 937 bolocautontatis,
3283 890 3502 929 rursus
3561 873 3790 928 Christi

2162 982 2364 1037 corpus
2397 966 2765 1038 intelligamus
2796 987 2808 1022 :
2845 970 2984 1023 sicut
3014 969 3164 1024 enim
3198 970 3318 1038 ipse
3387 967 3681 1022 sacerdos
3735 977 3792 1019 et

2160 1058 2491 1118 sacriﬁcium
2520 1068 2622 1121 est,
2647 1059 2726 1115 sic
2753 1068 2809 1114 et
2837 1060 3007 1114 altare
3028 1071 3132 1114 est.
3158 1058 3214 1113 Si
3245 1068 3438 1113 autem
3488 1058 3553 1111 in
3586 1055 3791 1111 multis

2159 1149 2479 1216 nominibus
2518 1166 2689 1206 unum
2746 1159 2832 1206 est
2881 1151 3026 1220 quod
3093 1149 3465 1220 signiﬁcatur,
3527 1149 3791 1204 diximus

2158 1241 2361 1311 quippe
2389 1257 2515 1295 eum
2558 1252 2811 1311 Oportere
2858 1240 3083 1312 intelligi
3133 1241 3303 1297 etiam
3354 1240 3584 1303 velum,
3643 1240 3787 1293 nihil

2161 1334 2418 1410 estquod
2440 1350 2505 1388 es
2540 1335 2644 1390 hoc
2670 1335 2839 1405 possit
2861 1333 3133 1389 obsistere
3164 1334 3340 1398 ;dum
3377 1332 3547 1386 enim
3586 1333 3787 1386 multa

2159 1425 2269 1481 sint
2295 1425 2350 1481 in
2378 1424 2501 1495 ipso
2526 1425 2893 1496 operationes,
2921 1424 3316 1479 convenienter
3364 1424 3556 1478 etiam
3610 1425 3784 1476 multa

2159 1527 2290 1578 sunt
2315 1519 2561 1575 nomina.
2592 1518 2704 1574 Nec
2728 1534 2795 1575 ex
2838 1519 2923 1573 his
2981 1516 3515 1588 interpretationem
3595 1518 3785 1586 respui

2159 1611 2314 1683 quasi
2340 1611 2658 1666 mendacem
2687 1610 2768 1665 fas
2797 1619 2902 1676 est,
2940 1609 3145 1664 divinat
3193 1608 3403 1678 quippe
3459 1606 3783 1676 Seriphum

2162 1702 2282 1774 mos
2324 1713 2405 1759 est
2458 1718 2622 1757 unam
2677 1717 2791 1756 rem
2841 1701 3028 1756 multis
3078 1699 3364 1754 insinuare
3414 1699 3782 1759 nominibus.

2161 1797 2306 1867 quod
2338 1797 2679 1851 demonstrat
2698 1793 3033 1857 Zacharias;
3065 1791 3345 1846 aitenim:
3380 1789 3455 1842 Et
3500 1792 3780 1859 raptanda}

2163 1897 2212 1951 et
2234 1887 2347 1951 dixi
2367 1887 2438 1940 ad
2458 1902 2577 1939 eum
2592 1902 2610 1939 :
2625 1884 2766 1950 Quid
2785 1894 2905 1939 sunt
2923 1883 3047 1938 duae
3068 1881 3219 1943 oliva:
3242 1881 3359 1943 istic
3385 1884 3463 1934 ad
3492 1882 3780 1935 dexteram

2163 1977 2489 2042 candelabri,
2530 1987 2579 2031 et
2617 1977 2689 2031 ad
2731 1976 3012 2032 sinistram
3037 1972 3154 2042 ejus
3191 1973 3217 2025 ?
3254 1974 3324 2026 Et
3371 1971 3653 2039 respondi
3703 1987 3780 2024 sc-

2160 2072 2337 2128 cundo.
2356 2080 2406 2125 et
2431 2071 2644 2141 disicit
2666 2085 2787 2123 eum
2810 2083 2830 2122 :
2854 2050 2994 2131 Quid
3025 2074 3147 2119 sunt
3186 2065 3306 2118 dum
3339 2065 3560 2133 species
3617 2064 3779 2117 alisa-

2164 2182 2283 2225 rum
2347 2179 2464 2235 quin
2489 2170 2609 2217 sunt
2657 2161 2819 2232 juxta
2864 2160 2969 2213 duo
3020 2168 3190 2211 rostra
3236 2171 3431 2217 aurea,
3467 2156 3535 2208 iss
3593 2155 3777 2225 quibus

2162 2267 2282 2327 sunt
2312 2255 2588 2326 suﬁ'usoria
2611 2270 2675 2309 ea:
2700 2253 2869 2306 auro?
2893 2251 2958 2304 Et
2988 2251 3065 2304 ait
3088 2249 3159 2302 ad
3180 2264 3268 2302 me
3306 2247 3494 2303 dicens
3547 2262 3571 2300 :
3627 2245 3777 2303 Nam,

2165 2351 2290 2421 quid
2319 2350 2482 2403 nescis
2501 2349 2628 2417 quid
2647 2356 2766 2401 sunt
2789 2346 2933 2400 lucc?
2953 2344 3018 2399 Et
3040 2342 3152 2397 dixi
3174 2359 3192 2396 :
3218 2340 3338 2395 Non
3358 2342 3501 2404 scio,
3524 2340 3774 2393 Domine.

2166 2438 2235 2493 Et
2258 2439 2420 2492 dixit:
2449 2436 2545 2490 Isti
2564 2444 2686 2489 sunt
2711 2435 2814 2487 duo
2835 2432 2934 2501 ﬁlii
2969 2431 3071 2485 olei
3105 2429 3427 2499 splendoris,
3477 2429 3584 2497 qui
3639 2428 3775 2479 assi-

2164 2541 2306 2586 stunt
2321 2529 2654 2597 Dominatori
2668 2527 2920 2583 universis
2933 2534 3088 2577 terra:
3098 2522 3165 2576 ⁸⁸.
3184 2521 3457 2590 Equidem
3469 2518 3775 2573 Zacharias

2166 2623 2235 2681 de
2263 2622 2477 2679 duobus
2505 2619 2829 2689 quibusdam
2862 2615 3108 2686 inquirit,
3139 2615 3208 2670 de
3246 2613 3404 2676 oleis,
3441 2622 3498 2666 et
3551 2612 3630 2666 de
3693 2612 3774 2665 ei-

2169 2714 2521 2788 [audentibus
2542 2712 2596 2773 in
2654 2710 2984 2765 candelabro
3031 2708 3237 2762 oleum.
3270 2705 3373 2759 Cui
3428 2715 3632 2758 autem
3673 2718 3771 2766 re-

2170 2802 2392 2872 spondit
2435 2802 2684 2872 angelus,
2738 2798 2953 2853 duabus
3003 2794 3539 2866 interrogationibus
3606 2809 3772 2849 unam

2171 2893 2676 2964 interpretationem
2739 2890 2943 2961 retulit.
2984 2887 3123 2959 Quia
3180 2895 3363 2941 autem
3416 2884 3773 2956 intelligibiie

2096 3004 2138 3061 ε
2172 2988 2339 3041 altare
2365 3002 2564 3056 corpus
2590 2983 2826 3049 Domini,
2879 2990 2937 3037 et
2993 2982 3186 3036 beatus
3239 2978 3445 3033 Paulus
3482 2977 3772 3047 intelligit,

2170 3080 2288 3149 ipso
2312 3080 2526 3134 dicente
2547 3092 2816 3148 cognosce
2849 3093 2865 3143 ;
2896 3076 2975 3130 ait
3002 3074 3148 3130 enim
3180 3091 3195 3127 :
3246 3072 3514 3126 "abemus
3570 3070 3768 3135 altare,

2166 3171 2230 3225 de
2252 3186 2351 3240 quo
2379 3170 2529 3223 edere
2554 3184 2659 3221 non
2685 3166 2875 3220 habent
2917 3173 3223 3234 potestatem
3253 3163 3307 3215 lii
3365 3163 3460 3233 qui
3510 3164 3771 3215 taberna,

2168 3260 2285 3315 culo
2309 3259 2603 3313 deserviunt
2623 3259 2689 3323 ⁸⁸,
2721 3271 2923 3326 corpus
2951 3254 3204 3309 videlicet
3225 3252 3429 3307 Christi
3460 3252 3679 3317 dicens,
3700 3252 3769 3306 de

2169 3351 2261 3405 illo
2293 3350 2440 3404 enim
2479 3347 2993 3403 comedereludteis
3022 3346 3104 3400 fas
3132 3361 3241 3399 non
3283 3354 3386 3399 est.
3424 3342 3541 3399 lloc
3596 3343 3767 3398 altare

2169 3442 2477 3498 necessarie
2510 3441 2565 3495 in
2601 3439 2828 3496 introitu
2853 3435 3191 3493 tabernaculi
3217 3433 3545 3499 testimonii,
3574 3434 3634 3487 id
3660 3442 3763 3491 est.

2171 3537 2225 3592 in
2257 3536 2485 3590 introitu
2520 3533 2784 3590 coelorum
2814 3540 2922 3598 est,
2948 3530 3075 3602 quia
3102 3545 3202 3600 per
3239 3528 3416 3598 ipsum
3451 3526 3761 3596 ingressum

2172 3629 2438 3685 habemus
2471 3628 2526 3681 in
2567 3625 2739 3680 oculis.
2767 3624 2868 3679 Sed
2892 3624 3004 3694 jam
3036 3621 3244 3691 reliqua
3274 3619 3440 3688 hujus
3508 3617 3759 3673 sacriﬁcii
3856 3692 3857 3695 η

2172 3721 2548 3781 discutiamus.
2585 3718 2939 3787 Qumcunque
2979 3714 3127 3771 enim
3188 3713 3244 3766 in
3292 3710 3569 3765 sacriﬁcio
3617 3710 3760 3779 paci-

2174 3814 2425 3876 ﬁcorum,
2462 3828 2561 3867 seu
2589 3809 2813 3866 salutari
2843 3808 3123 3878 praecepit,
3154 3806 3344 3860 eadem
3374 3804 3493 3858 tieri
3518 3805 3684 3856 etiam
3708 3802 3759 3853 in
3856 3820 3857 3878 ξ

2175 3907 2281 3982 hoc
2307 3905 2586 3976 praecepit,
2621 3905 2760 3958 duos
2789 3902 3124 3957 renunculos
3149 3898 3361 3962 oderri,
3394 3905 3451 3951 ct
3474 3895 3757 3949 reticulum
3856 3895 3857 3961 Ῑ

2173 4003 2316 4069 quod
2345 4008 2430 4052 est
2456 4012 2621 4067 super
2644 4010 2759 4058 eos,
2786 4004 2843 4048 et
2862 3994 3077 4063 adipem
3101 3991 3322 4063 iecoris,
3347 3988 3498 4058 quod
3530 3990 3759 4057 Septua-

2175 4091 2319 4163 ginta
2358 4089 2595 4144 eduntet
2618 4087 2841 4158 pinnam
2892 4085 3207 4154 hepatis,.et
3248 4080 3449 4135 adoleri
3490 4095 3555 4132 ea
3602 4092 3760 4145 super

2175 4184 2344 4251 altare
2404 4181 2928 4237 holocautomatutn.
2974 4176 3035 4230 In
3062 4175 3279 4230 duobus
3313 4170 3646 4227 sacriﬁcium
3679 4171 3755 4222 di-

2178 4274 2386 4334 videns,
2424 4278 2697 4342 quatenus
2728 4267 2986 4323 omnibus
3015 4267 3176 4321 liceat
3196 4262 3399 4318 Christi
3432 4260 3753 4315 sacriﬁcium

494 4356 771 4427 tciligibile
818 4354 1132 4425 thymiama.
1185 4351 1286 4407 Ubi
1344 4353 1546 4421 quippe
1611 4351 1764 4405 decet
1820 4351 2067 4423 virtutes,

2181 4366 2402 4430 imitari,
2431 4364 2483 4419 id
2521 4371 2625 4425 est,
2662 4372 2768 4416 tam
2803 4358 2891 4414 his
2920 4359 3015 4428 qui
3038 4356 3314 4412 inferioris
3354 4362 3486 4409 sunt
3534 4368 3753 4408 convcr-

494 4447 596 4501 nisi
633 4447 687 4500 in
714 4445 842 4502 sede
883 4444 977 4499 Dei
1004 4459 1125 4509 esse
1154 4442 1515 4514 compositas?
1551 4443 1605 4495 in
1636 4440 1853 4512 quibus,
1897 4441 1999 4496 etsi
2025 4440 2079 4517 in

496 4548 639 4595 terra
666 4534 1009 4597 conversatio
1054 4546 1157 4607 est,
1189 4536 1257 4592 de
1303 4534 1442 4601 coelo
1486 4544 1666 4589 tamen
1716 4533 2077 4607 descendunt.

499 4631 650 4687 Unde
681 4641 736 4691 et
764 4628 965 4697 Paulus
992 4629 1060 4684 de
1094 4626 1181 4698 his
1219 4627 1396 4704 quiin
1433 4626 1727 4682 virtutibus
1783 4642 2079 4702 conversa-

496 4725 697 4777 banlur
725 4719 890 4780 dixit:
909 4719 1106 4783 Nostra
1134 4731 1312 4787 autem
1335 4720 1656 4774 conversatio
1676 4720 1731 4772 in
1752 4718 1892 4789 cazlis
1917 4727 1988 4771 est
2012 4717 2076 4789 “.

494 4815 731 4885 lacubus
751 4832 880 4871 vero
901 4815 1006 4870 ait:
1032 4814 1164 4883 Quae
1185 4825 1362 4885 autem
1395 4816 1667 4883 desursum
1695 4823 1771 4869 est
1788 4813 2077 4889 sapientia,

496 4911 726 4981 primum
792 4911 1002 4981 quidem
1040 4909 1263 4979 benigna
1304 4917 1377 4978 est
1397 4908 1462 4973 ⁸⁷,
1513 4906 1832 4978 sapientiam
1891 4905 2082 4969 dicens

497 5019 660 5059 unam
690 5004 756 5059 de
788 5002 1136 5076 generalibus
1176 5018 1299 5058 esse
1361 5002 1656 5059 virtutibus
1702 5020 1714 5054 :
1768 5009 1894 5071 post
1941 4997 2082 5057 hanc

492 5094 643 5152 enim
667 5095 952 5156 fortitudo,
987 5102 1043 5157 et
1075 5088 1301 5163 iustitia,
1336 5102 1392 5147 et
1428 5093 1671 5157 castitas,
1701 5093 1874 5145 multo
1916 5092 2083 5167 magis,

499 5199 553 5241 ct
576 5198 789 5243 caetera:
823 5203 947 5242 cum
976 5185 1079 5243 hac
1101 5186 1444 5253 ordinantur,
1486 5199 1607 5254 quin
1640 5183 1769 5247 dum
1806 5184 1917 5245 sint
1943 5199 2080 5250 qua-

501 5287 646 5343 tuor,
685 5286 745 5331 ut
776 5278 1032 5343 arbitror,
1094 5289 1146 5331 et
1178 5275 1533 5338 excellentes,
1582 5288 1787 5335 cornua
1836 5272 2078 5344 ριέειΙῑαὶ

503 5369 691 5423 altaris
716 5368 842 5439 quia
867 5384 1068 5440 genera
1114 5378 1242 5427 sunt
1286 5367 1512 5427 aliarum
1569 5365 1851 5427 virtutum,
1884 5352 2083 5419 conve-

504 5460 722 5514 nienter
748 5460 1123 5514 nominantur.
1149 5458 1236 5513 Ait
1259 5466 1441 5522 autem
1471 5455 1706 5512 etlsaias
1735 5474 1747 5510 :
1783 5456 2077 5519 Misericor-

599 5599 643 5628 ⁵⁹
672 5596 864 5650 Matth.
901 5612 1053 5660 xvut,
1079 5597 1175 5650 2|.
1253 5596 1297 5627 “
1324 5595 1431 5648 ibid
1480 5595 1571 5655 2'2,

1675 5595 1715 5626 °'
1754 5594 1851 5648 lsa.
1900 5594 2051 5653 x132,
2086 5597 2139 5649 5.

2184 4459 2434 4531 sationis,
2466 4455 2548 4530 eis
2590 4455 2793 4525 quippe
2817 4450 3115 4508 convenire
3146 4447 3500 4519 paciﬁcorum
3530 4444 3751 4499 diximus

2182 4549 2528 4619 sacrificium,
2551 4563 2712 4618 quam
2741 4545 2932 4603 altiora
2954 4541 3317 4614 sapientibus,
3340 4540 3548 4610 quibus
3568 4538 3749 4594 imitari

2178 4639 2379 4696 sul'licit
2404 4653 2524 4707 quae
2547 4643 2871 4706 sequuntur.

2252 4732 2451 4799 Pellem
2488 4747 2606 4784 uera
2666 4737 2714 4782 et
2749 4744 2926 4795 omnes
2957 4743 3141 4781 carnes
3163 4742 3284 4779 cum
3312 4725 3506 4793 capite.
3539 4734 3589 4777 et
3618 4725 3749 4791 pedi.

2182 4824 2294 4888 Qus,
2329 4835 2374 4877 et
2400 4820 2685 4885 intestinis,
2726 4828 2773 4872 et
2806 4817 2952 4887 limo,
2994 4826 3045 4870 et
3102 4814 3304 4887 reliquo
3343 4829 3557 4882 corpore
3593 4812 3753 4881 (ﬁeret

2182 4927 2331 4989 extra
2357 4924 2555 4983 castra.
2583 4911 2738 4978 Quod
2772 4909 3032 4980 pnecepit
3063 4917 3124 4963 ut
3150 4922 3258 4963 non
3292 4905 3575 4959 Christum
3623 4903 3752 4958 divi.

2187 5008 2309 5079 das,
2345 5007 2489 5073 sicut
2511 5003 2729 5075 quidam
2751 5001 3007 5073 dividunt
3031 5000 3279 5057 dicentes
3304 4996 3389 5051 :is
3404 4996 3495 5066 qui
3512 4996 3578 5051 de
3598 4994 3749 5050 Maria

2187 5107 2291 5167 est,
2324 5113 2517 5167 passus
2537 5105 2619 5150 est
2648 5113 2661 5148 :
2694 5095 2785 5164 qui
2818 5103 2999 5153 autem
3026 5092 3095 5147 de
3122 5091 3234 5146 Deo
3264 5087 3425 5147 Patre
3444 5097 3550 5152 est,
3572 5102 3747 5156 passus

2187 5207 2297 5257 pun
2331 5197 2435 5247 est.
2467 5187 2634 5261 Nobis
2659 5186 2805 5260 enim
2851 5200 2995 5240 unus
3019 5183 3284 5238 Dominus
3312 5181 3471 5236 Jesus
3492 5179 3746 5237 Christus,

2187 5297 2283 5351 per
2321 5296 2483 5351 quem
2532 5278 2732 5332 munia
2781 5296 2794 5331 :
2853 5276 2981 5346 quia
3019 5275 3321 5333 secundum
3371 5270 3520 5340 quod
3571 5268 3745 5323 Paulus

2191 5353 2377 5433 dixit:
2410 5372 2550 5431 Cum
2594 5380 2644 5437 ut
2680 5369 2845 5426 homo
2873 5376 3176 5436 pateretur,
3203 5363 3466 5418 miracula
3498 5370 3672 5415 tamen
3694 5360 3739 5413 ἰιι

2189 5461 2528 5531 passionibus
2554 5466 2833 5528 «moratur,
2858 5466 2915 5510 ιιι
2938 5456 3102 5520 Deus,
3125 5454 3219 5521 sed
3248 5468 3518 5522 nusquam
3539 5451 3739 5506 divisus.

2217 5597 2261 5627 ⁶²
2297 5593 2484 5647 Matth.
2512 5609 2682 5654 xsvn,
2709 5592 2799 5653 ει,
2835 5592 2926 5646 25.
3005 5592 3267 5646 ⁸³1Ροιιν.
3301 5606 3340 5653 ι,
3374 5587 3431 5641 2.
3509 5586 3553 5618 ⁸⁸
3578 5584 3724 5638 Matth

512 5681 657 5729 13;“,
683 5668 775 5721 iii.
869 5668 914 5698 “
950 5657 1049 5719 lsa.
1089 5682 1161 5733 γι,
1193 5667 1245 5719 ti.
1337 5667 1381 5697 ⁶⁶
1411 5666 1639 5734 Ι¹Ιιί1εςιῃ
1671 5681 1748 5727 ιιι,
1777 5665 1864 5718 20.
1945 5666 1985 5694 ⁵⁷
2019 5667 2067 5718 in

2180 5684 2230 5723 εν,
2271 5665 2352 5717 ιτ.
2424 5665 2468 5695 ⁵*
2502 5662 2732 5737 Zachar.
2763 5679 2834 5727 tv,
2863 5663 3041 5738 ιι-ιι.
3121 5663 3165 5694 ⁸⁸
3199 5659 3362 5713 υοιπ.
3395 5673 3513 5734 stu,
3558 5657 3635 5731 lli.
