3886 6306
171 277 292 366 825

1340 292 1426 355 IN
1462 296 1899 383 stmcun,
1938 328 2005 337 —-
2027 303 2175 364 LIB.
2215 306 2268 367 ι.

3329 311 3447 372 826

176 394 415 495 Propter
464 397 609 467 quod
661 413 881 495 carnem
928 402 1066 472 ejus,
1123 404 1174 459 id
1206 417 1309 473 est,
1364 409 1761 468 humanitatem
1791 421 1835 477 Α
1934 416 2095 472 Vens.
2132 419 2308 474 l5-2t.
2350 440 2368 473 ι
2401 420 2556 488 Quod
2586 423 2631 479 si
2660 425 2842 479 omnis
2885 423 3040 479 turba
3071 423 3232 479 Israel
3267 423 3438 495 igno-

175 486 458 553 videlicet,
493 495 604 544 tam
633 504 759 549 eum
789 493 882 562 qui
919 495 1236 565 apparebat,
1256 514 1420 567 quam
1460 502 1553 570 qui
1584 502 1639 555 in
1670 518 1761 558 oc-

171 578 334 637 culto
362 588 500 644 erat,
519 579 819 645 hominem,
850 585 918 639 de
949 601 1057 656 quo
1086 586 1162 642 ait
1194 587 1395 645 Paulus
1424 611 1438 646 :
1488 592 1556 646 Et
1597 593 1643 645 si
1672 609 1764 647 ea:-

177 671 351 724 tcrior
403 671 560 726 homo
595 684 768 729 noster
826 679 1216 748 corrumpitur,
1251 683 1341 736 sed
1371 683 1589 737 interior
1609 701 1765 738 reno-

177 772 346 817 vatur
375 762 441 815 ⁷⁸.
470 762 610 817 Caro
631 763 777 819 enim
806 764 862 819 in
894 766 1146 834 Domino,
1196 771 1374 826 omnis
1414 772 1532 841 ejus
1568 772 1765 829 huma-

177 854 351 916 nitas,
380 855 504 925 quia
545 854 768 913 Verbum
816 874 942 912 caro
965 860 1164 930 factum
1186 872 1261 916 est
1275 864 1359 927 "‘,
1389 864 1603 919 dicitur.
1633 865 1765 922 Pro-

182 955 312 1014 pter
341 948 484 1015 quod
514 957 570 1002 et
591 963 809 1003 carnem
856 950 976 1019 ejus
1026 967 1150 1005 cum
1189 954 1366 1023 capite
1409 964 1464 1009 et
1506 957 1758 1024 pedibus,

183 1038 274 1092 vel
309 1053 432 1091 eum
462 1038 639 1107 capite
673 1047 730 1092 et
773 1041 1032 1096 extremis
1086 1043 1341 1099 videlicet
1392 1045 1643 1115 pedibus,
1685 1048 1765 1103 sic

180 1128 336 1185 enim
369 1129 552 1182 caeteri
577 1129 936 1200 interpretum
964 1132 1273 1198 ediderunt,
1311 1135 1469 1204 iussit
1499 1137 1720 1193 incendi
1746 1156 1760 1192 :

186 1229 250 1272 ut
284 1234 380 1287 per
405 1219 661 1288 praedirta
691 1221 855 1276 verba
900 1236 1025 1278 eum
1061 1224 1154 1289 qui
1209 1241 1308 1295 pro
1353 1227 1509 1281 nobis
1572 1244 1765 1299 passus

188 1320 298 1373 cst,
328 1327 446 1367 esse
485 1328 513 1365 a
539 1312 808 1381 principio
832 1323 888 1369 et
907 1314 959 1368 in
980 1316 1289 1372 novissimis
1316 1318 1761 1390 intelligeremus,

187 1406 262 1463 de
307 1422 416 1476 quo
452 1407 525 1462 ait
563 1406 764 1463 Paulus
798 1427 811 1463 :
851 1408 985 1475 Quia
1010 1412 1066 1464 in
1084 1413 1195 1480 ipso
1216 1425 1392 1468 creata
1415 1430 1535 1469 sunt
1565 1419 1763 1481 omnia,

188 1495 398 1565 qnwin
427 1494 587 1558 aclis,
614 1505 662 1549 et
689 1511 803 1566 qua:
831 1497 884 1549 in
907 1506 1067 1564 terra,
1101 1500 1326 1553 visibilia
1374 1508 1422 1554 et
1462 1501 1762 1566 invisibilia,

188 1587 301 1645 sive
323 1586 515 1647 throni,
542 1586 648 1640 sive
668 1586 1069 1652 dominationes,
1119 1590 1225 1643 sive
1269 1592 1618 1660 principatus,
1658 1594 1767 1647 sive

192 1687 494 1746 potestates,
519 1678 694 1732 omnia
725 1694 817 1747 per
842 1681 1016 1749 ipsum
1053 1690 1101 1734 et
1140 1681 1196 1733 in
1250 1682 1365 1749 ipso
1408 1692 1584 1737 creata
1621 1666 1763 1747 sunt,

193 1781 244 1825 et
270 1771 379 1840 ipse
397 1781 471 1824 est
494 1782 616 1842 ante
639 1773 835 1835 omnia,
857 1780 905 1825 et
931 1773 1109 1825 omnia
1158 1772 1215 1827 in
1254 1773 1370 1841 ipso
1413 1783 1655 1828 constant
1677 1791 1695 1837 ;
1717 1786 1765 1829 et
1802 1750 1841 1802 Β

194 1864 308 1930 ipse
331 1871 403 1916 est
432 1871 590 1932 caput
621 1863 850 1929 corporis
887 1862 1153 1927 Ecclesia,
1201 1866 1290 1935 qui
1331 1874 1404 1919 est
1430 1855 1764 1935 principium,

192 1954 571 2024 primogenitus
595 1969 628 2006 a
654 1953 871 2009 mortuis
901 1968 921 2006 :
952 1962 1007 2006 ut
1028 1955 1095 2007 sit
1126 1955 1235 2021 ipse
1271 1955 1325 2007 in
1368 1955 1603 2009 omnibus
1654 1956 1765 2024 pri-

194 2035 689 2099 matumtenens“.
723 2040 949 2112 insuper
975 2057 1098 2097 cum
1158 2043 1434 2099 intestinis
1485 2051 1542 2099 et
1598 2045 1762 2112 ﬁmo;

193 2132 284 2190 vel
335 2134 479 2187 sicut
527 2131 916 2202 Septuaginta,
984 2148 1108 2187 cum
1165 2141 1356 2190 ventre
1410 2145 1467 2190 et
1522 2145 1762 2191 stercore

194 2222 391 2285 edunt,
419 2229 480 2275 ut
506 2223 632 2291 quia
660 2222 860 2277 mentis
885 2223 1240 2294 intelligibilis
1298 2234 1489 2287 venter
1537 2224 1765 2295 ﬁguram
1798 2220 1805 2226 ’

193 2315 361 2387 gerit,
398 2315 540 2369 sicut
588 2314 642 2368 in
695 2314 976 2369 sacriﬁciis
1031 2315 1261 2371 aliorum
1324 2315 1769 2371 bolocaustorum

195 2405 561 2467 ostendimus,
589 2421 655 2460 es
684 2419 750 2461 eo
778 2414 1019 2465 mentem
1052 2405 1309 2461 habuisse
1351 2416 1592 2462 nostram
1644 2423 1769 2463 eum

194 2497 295 2568 qui
324 2513 422 2566 pro
446 2496 604 2550 nobis
630 2512 819 2566 passus
843 2503 948 2562 est,
985 2496 1211 2560 minime
1256 2497 1589 2569 ignoremus,
1624 2500 1771 2569 quod

195 2589 420 2661 quidam
442 2588 823 2644 haereticorum
848 2596 1068 2658 negant.
1106 2587 1290 2645 Fimus
1320 2598 1502 2645 autem
1548 2598 1770 2661 peccata

196 2682 418 2755 generis
461 2680 689 2736 humani
736 2680 1043 2755 signiﬁcat,
1089 2695 1210 2751 quas
1263 2681 1556 2737 cruciﬁxus
1607 2682 1662 2737 in
1708 2698 1773 2739 se

196 2773 622 2844 suscepit:‘h:ec
650 2773 797 2828 enim
820 2773 978 2828 ﬁmus
1024 2772 1236 2828 Domini
1279 2774 1647 2837 verisimiliter
1688 2776 1774 2830 di-

198 2877 422 2931 cuntur.
455 2863 639 2919 Fiunts
663 2864 863 2933 quippe
896 2879 1019 2919 cum
1050 2864 1122 2919 sit
1171 2864 1506 2930 immundus,
1574 2882 1774 2937 geren-

201 2967 316 3012 tem
340 2971 448 3010 non
481 2956 695 3026 polluit,
716 2969 892 3025 neque
923 2965 1134 3012 naturae
1161 2966 1363 3012 nostra:
1398 2968 1500 3021 est,
1528 2958 1775 3027 quamvis

1865 510 2084 570 ravcrit.
2131 521 2185 564 et
2240 528 2336 581 per
2391 514 2722 586 imperitiam
2791 514 2984 570 iecerit
3042 514 3187 584 quod
3245 524 3434 570 contra

1864 599 2176 657 mandatum
2222 601 2430 657 Domini
2475 613 2579 671 est,
2631 613 2685 659 et
2731 614 2916 675 postea
2956 605 3285 663 intellexerit
3311 619 3437 673 pec-

1863 701 2044 748 catum
2089 708 2270 759 suum,
2321 696 2514 750 oﬁ'cret
2563 697 2793 752 vitulum
2853 713 2950 766 pro
2985 705 3230 767 peccato,
3258 695 3434 750 addu-

1863 792 2061 852 cetque
2082 799 2209 854 eum
2234 784 2300 838 ad
2329 785 2527 841 ostium
2556 788 2911 852 tabernaculi,
2934 799 2990 843 et
3018 798 3222 861 ponent
3249 790 3435 843 senio-

1865 887 1952 926 res
1976 875 2156 943 populi
2189 890 2382 931 manus
2426 892 2588 944 super
2625 888 2790 947 caput
2816 878 2936 945 ejus
2966 893 3149 931 coram
3181 876 3437 931 Domino.

1864 964 2252 1037 lmmolatoque
2303 968 2474 1023 vitulo
2515 969 2573 1023 in
2602 981 2897 1040 conspectu
2942 969 3179 1033 Domini,
3233 968 3444 1023 inferet

1864 1059 2116 1113 sacerdos
2151 1060 2242 1129 qui
2271 1069 2468 1115 unctus
2490 1071 2592 1123 est,
2623 1062 2691 1116 de
2723 1062 2986 1132 sanguine
3012 1061 3132 1130 ejus
3159 1060 3213 1114 in
3252 1061 3445 1114 taber-

1865 1151 2118 1205 naculum
2148 1151 2463 1212 testimonii,
2496 1151 2666 1208 tincto
2694 1152 2864 1222 digito
2902 1166 3196 1221 aspergens
3229 1151 3443 1220 septies-

1865 1250 2053 1297 contra
2085 1242 2283 1319 velum,
2311 1252 2583 1313 ponetque
2624 1243 2690 1297 de
2723 1258 2788 1296 eo
2810 1242 3129 1312 sanguinem
3165 1243 3220 1295 in
3253 1241 3434 1297 corni-

1866 1332 1966 1385 bus
1990 1331 2194 1395 altaris,
2227 1331 2370 1399 quod
2401 1338 2485 1385 est
2513 1345 2694 1384 coram
2727 1329 2951 1385 Domino
2979 1329 3032 1383 in
3077 1328 3445 1384 tabernaculo

1867 1422 2183 1478 testimonii.
2203 1421 2486 1490 Reliquum
2516 1430 2697 1475 autem
2721 1419 3040 1490 sanguinem
3066 1418 3258 1473 fundet
3280 1418 3432 1484 juxta

1866 1513 2039 1568 basim
2089 1513 2275 1568 altaris
2332 1512 2792 1575 liolocaustorum,
2859 1510 3004 1581 quod
3063 1521 3147 1566 est
3199 1510 3253 1565 in
3293 1510 3436 1565 ostio

1866 1603 2198 1659 tabernaculi
2276 1603 2593 1669 testimonii,
2669 1619 2996 1673 omnemque
3040 1603 3160 1671 ejus
3223 1603 3435 1669 adipem

1868 1695 2019 1749 tollet
2043 1713 2057 1749 :
2090 1706 2145 1750 et
2172 1695 2408 1750 adolehit
2436 1711 2600 1765 super
2628 1695 2817 1749 altare.
2850 1694 2939 1750 Sic
2975 1694 3138 1749 faciet
3167 1701 3224 1749 et
3242 1693 3309 1747 de
3336 1693 3439 1748 hoc

1868 1787 2035 1843 vitulo
2082 1787 2349 1857 quomodo
2401 1787 2551 1853 fecit,
2597 1796 2653 1842 et
2696 1787 2866 1855 prius.
2893 1797 2946 1841 et
2988 1795 3208 1857 rogante
3239 1801 3337 1857 pro
3359 1786 3440 1840 eis

1867 1881 2165 1943 sacerdote,
2218 1877 2481 1949 propitius
2529 1877 2633 1933 erit
2688 1876 2976 1932 Dominus.
3026 1876 3210 1946 Ipsum
3255 1884 3436 1930 autem

1867 1971 2096 2026 vitulum
2167 1969 2357 2024 eﬁeret
2421 1977 2575 2023 extra
2638 1978 2839 2030 castra,
2903 1976 3069 2037 atque
3125 1966 3434 2027 comburet,

1869 2062 2008 2117 sicut
2040 2070 2095 2116 et
2125 2062 2358 2132 priorem
2393 2061 2638 2126 vitulum,
2664 2060 2788 2131 quia
2816 2074 2913 2128 pro
2936 2068 3160 2129 peccato
3187 2065 3271 2112 est
3292 2055 3439 2111 inul-

1870 2154 2137 2209 titudinis.
2176 2171 2196 2204 ι
3254 2222 3261 2229 ⁸

1938 2243 2020 2298 Nil
2052 2246 2106 2300 in
2138 2245 2223 2301 his
2253 2243 2525 2316 legislator
2546 2242 2904 2299 commutavit
2947 2242 3092 2311 quod
3120 2255 3243 2295 esse
3270 2237 3442 2308 possit

1868 2346 2017 2392 extra
2075 2336 2392 2407 praedictum
2446 2334 2792 2398 sacriﬁcium,
2849 2333 2995 2402 quod
3038 2340 3123 2387 est
3177 2329 3441 2401 principis

1870 2425 2212 2480 sacerdotum
2240 2444 2254 2481 :
2285 2424 2426 2479 idem
2454 2423 2599 2480 enim
2625 2437 2656 2477 ιι
2697 2423 2870 2477 turbis
2890 2420 3071 2484 lsrael,
3109 2429 3163 2475 et
3192 2436 3222 2473 a
3255 2434 3442 2473 sacer-

1871 2517 1995 2572 dote
2024 2515 2207 2571 olIerri
2243 2514 2520 2586 praecepit,
2551 2513 2778 2569 vitulum
2820 2512 2967 2567 enim
3008 2519 3065 2567 et
3097 2510 3188 2564 hic
3246 2519 3303 2564 et
3331 2509 3443 2563 illic

1870 2608 2024 2663 dixit.
2080 2606 2341 2662 Similiter
2384 2605 2548 2661 etiam
2598 2602 2916 2675 sanguinem
2972 2603 3029 2656 in
3092 2599 3446 2655 tabernaculo

1876 2697 2167 2752 testimonii
2197 2696 2379 2751 offerri
2408 2695 2584 2766 jubet,
2614 2695 2842 2750 vitulum
2878 2701 3059 2747 autem
3078 2697 3240 2745 extra
3267 2696 3445 2744 castra

1873 2787 2126 2842 incendi:
2167 2796 2330 2856 atque
2357 2786 2697 2858 apertissime
2731 2784 2784 2839 in
2817 2783 2926 2847 his,
2963 2797 3083 2852 qua:
3110 2781 3252 2836 dicta
3294 2770 3470 2843 sunt,'

1873 2879 2176 2935 ostenditur
2222 2878 2348 2948 quia
2401 2878 2593 2933 eadem
2635 2887 2793 2932 erant
2823 2875 2997 2946 plebis
3039 2874 3448 2943 sacerdotisque

1874 2980 2114 3044 peccata.
2166 2969 2298 3026 Nam
2349 2985 2514 3040 quam
2555 2969 2626 3024 ob
2671 2984 2890 3024 causam
2926 2968 3071 3022 idem
3114 2965 3444 3021 sacriﬁcium

198 3048 274 3111 si!
304 3049 356 3101 in
389 3048 563 3111 ηοὶιὶει
595 3048 736 3105 Sim"
781 3055 837 3101 ει
871 3057 1089 3116 P6003ta
1139 3055 1344 3113 ηοειτεν
1379 3064 1501 3118 (illa
1541 3049 1775 3119 Ροτῑθνίι
1801 3075 1844 3133 c
1878 3078 1975 3133 pro
2024 3063 2104 3116 eis
2137 3060 2402 3116 oll‘erret?
2451 3058 2605 3125 Quod
2633 3067 2816 3114 autem
2847 3057 2917 3113 de
2944 3057 3210 3112 sacriﬁcio
3246 3055 3448 3111 immu-

188 3139 487 3204 ’Dominus,
513 3146 568 3193 et
590 3139 765 3194 aliena
799 3138 1020 3194 luerunt
1040 3139 1109 3194 ab
1131 3154 1216 3204 eo,
1243 3150 1300 3195 et
1317 3158 1442 3197 eum
1466 3142 1775 3198 nullatenus

200 3233 534 3305 polluerunt,
584 3234 881 3302 permansit
923 3235 1069 3307 enim
1120 3235 1239 3290 sine
1279 3243 1526 3304 peccato.
1575 3235 1774 3291 Totum

195 3341 335 3393 ergo
364 3325 615 3390 vitulum,
642 3323 697 3379 id
722 3335 808 3380 est
834 3333 1010 3380 totum
1031 3325 1333 3387 Christum,
1380 3333 1534 3381 extra
1596 3335 1774 3381 castra

196 3418 258 3485 in
294 3417 411 3471 loco
443 3415 821 3483 mundissimo,
845 3417 934 3473 ubi
961 3416 1169 3472 eﬁ'undi
1197 3418 1412 3473 cineres
1432 3418 1630 3483 solent,
1651 3417 1772 3488 ejici

198 3508 478 3579 legislator
499 3508 674 3577 jubet,
702 3508 1044 3578 apertissime
1072 3510 1320 3565 sacriﬁcii
1353 3509 1554 3566 Christi
1595 3510 1774 3564 locum

195 3598 506 3669 signiﬁcare
547 3600 792 3663 studens,
826 3609 979 3656 extra
1013 3602 1160 3656 enim
1213 3609 1388 3655 castra
1441 3617 1632 3671 passus
1670 3610 1771 3666 est,

194 3690 345 3760 quod
407 3698 633 3744 testatur
687 3690 888 3747 Paulus
926 3690 1115 3746 dicens
1158 3711 1171 3746 :
1217 3691 1343 3745 Ideo
1410 3700 1458 3745 et
1504 3690 1773 3756 Jesus,ut

193 3782 553 3851 sancti/icaret
572 3781 792 3852 plebem,
822 3791 971 3841 extra
1000 3790 1210 3849 portam
1232 3797 1416 3849 passus
1444 3790 1519 3835 est
1542 3781 1608 3833 ⁷³.
1642 3778 1774 3846 Quis

194 3884 382 3929 autem
411 3876 647 3930 mundus
671 3885 754 3932 est
774 3874 976 3933 cineris
997 3874 1170 3937 locus,
1209 3871 1472 3944 Golgotha
1500 3871 1770 3933 videlicet,

194 3976 253 4024 ct
276 3966 331 4023 in
362 3975 566 4022 tantum
595 3967 851 4031 mundus,
876 3973 940 4022 ut
965 3965 1226 4020 mundum
1258 3973 1431 4018 totum
1467 3963 1582 4033 ipse
1613 3978 1773 4016 mun-

193 4060 373 4115 daret.
404 4058 614 4113 (lineris
644 4066 827 4114 autem
864 4066 1011 4113 recte
1039 4057 1306 4115 locusest
1334 4055 1534 4120 dictus,
1561 4054 1686 4124 quia
1718 4053 1773 4108 in

195 4152 320 4222 ipso
343 4152 611 4206 exstincta
640 4158 770 4206 sunt
795 4158 1014 4219 peccata
1038 4145 1266 4203 humani
1294 4145 1528 4217 generis,
1561 4146 1704 4199 unde
1720 4153 1775 4199 et

195 4241 439 4299 mundus
462 4242 612 4300 locus
634 4240 960 4311 appellatur.

271 4332 658 4402 lncendeutque
703 4349 769 4387 ea
807 4347 964 4401 super
1016 4332 1278 4401 lignorum
1327 4338 1545 4385 struem.
1603 4327 1772 4398 Ligna

193 4431 379 4479 autem
428 4424 483 4477 in
530 4423 652 4493 igne
703 4422 1010 4492 Scripturas
1065 4436 1247 4478 sacras
1309 4420 1560 4475 diximus.
1613 4417 1773 4486 Qua:-

194 4532 415 4584 cunque
462 4524 645 4571 autem
696 4514 751 4568 in
786 4513 1014 4570 Domino
1054 4523 1298 4583 tempore
1331 4510 1600 4581 passionis
1624 4518 1773 4581 gesta

194 4615 346 4668 sunt,
377 4605 446 4659 ad
471 4604 745 4674 implenda
770 4618 835 4657 ea
889 4619 1013 4673 quae
1034 4603 1314 4673 propheta
1333 4600 1609 4664 dixerunt,
1645 4608 1774 4656 sunt

196 4704 372 4766 gesta,
424 4694 569 4763 quod
598 4693 906 4748 manifestat
943 4692 1203 4748 Dominus
1241 4693 1457 4763 quando
1503 4708 1534 4747 a
1572 4690 1774 4748 Iudaeis

196 4789 631 4859 comprehensus
666 4796 768 4850 est,
813 4788 1038 4843 dicens:
1087 4791 1358 4858 Tanquam
1392 4788 1464 4841 ad
1510 4786 1774 4840 latronem

195 4881 383 4937 existis
428 4896 544 4935 cum
592 4879 785 4951 gladiis
840 4889 888 4933 et
919 4880 1140 4951 fustibus
1173 4879 1605 4948 comprehendere
1654 4893 1773 4950 me;

194 4973 428 5045 quotidie
473 4973 527 5027 in
565 4972 759 5041 templo
781 4972 1019 5027 sedebam
1056 4972 1261 5035 docens,
1294 4979 1340 5023 et
1367 4986 1468 5023 non
1499 4986 1577 5023 me
1607 4970 1777 5037 tenni-

193 5065 314 5119 stis.
349 5063 460 5118 lloc
484 5074 664 5121 autem
693 5066 893 5136 factum
919 5072 1016 5125 est,
1045 5070 1100 5115 ut
1126 5058 1512 5127 complerentur
1535 5057 1776 5126 Scriptu-

201 5171 276 5208 rae
303 5156 754 5223 prophetarum".
799 5156 868 5210 Et
912 5167 1140 5209 rursus:
1175 5151 1324 5209 Iesus
1363 5160 1541 5205 autem
1595 5152 1774 5205 ridens

198 5243 340 5316 quod
366 5244 542 5297 omnia
593 5253 955 5299 consummata
980 5225 1166 5306 essent,
1215 5250 1273 5294 ut
1294 5239 1600 5309 impleretur
1626 5240 1774 5294 Scri-

197 5347 380 5406 ptura,
425 5337 599 5392 dixit:
644 5335 854 5391 Sitio".
900 5335 1006 5390 Sed
1050 5348 1177 5389 cum
1219 5347 1318 5404 per
1363 5331 1573 5402 singula
1606 5330 1773 5401 ﬁgura

200 5426 503 5483 Dominicze
524 5425 788 5494 passionis
817 5435 1092 5497 appareat,
1112 5433 1293 5480 tamen
1319 5423 1531 5493 planius
1554 5421 1772 5491 legisla-

201 5535 289 5581 tor
332 5522 677 5595 videturboc
698 5521 752 5575 in
787 5521 1140 5590 sequentibus
1161 5520 1396 5590 ﬁgurare
1433 5518 1770 5591 mysterium.

273 5663 318 5715 τ’
340 5662 536 5717 Ιισῖοτ.
586 5678 662 5722 tv,
727 5657 812 5714 ιθ.
889 5660 954 5690 ⁷⁸⁸
1014 5659 1171 5713 Joan.
1215 5674 1253 5723 ι,
1290 5658 1376 5712 14.
1452 5657 1492 5686 ⁷¹
1527 5656 1733 5711 Coloss.

1874 5654 1934 5711 l6
1953 5656 2051 5711 -l8.

1799 4206 1851 4266 ι)

1876 3162 2044 3209 totum
2077 3162 2179 3216 est,
2218 3152 2321 3206 hoc
2348 3151 2517 3223 magis
2548 3150 2616 3205 ad
2654 3148 2962 3204 ﬁrmitatem
3012 3148 3274 3216 pertinet,
3305 3145 3448 3215 quod

1874 3262 2043 3300 unum
2075 3245 2148 3299 sit
2190 3241 2515 3299 sacriﬁcium
2540 3259 2555 3297 :
2591 3256 2716 3296 nam
2746 3240 2800 3295 in
2830 3239 3110 3295 sacerdote
3138 3253 3246 3292 non
3272 3236 3406 3292 dixit
3431 3252 3444 3266 ·

1877 3335 1934 3390 Si
1966 3334 2283 3404 c0gnoverit
2321 3339 2605 3402 peccatum
2632 3344 2814 3389 Suum,
2846 3343 2951 3382 nec
2969 3328 3117 3383 enim
3159 3328 3449 3398 ignoratu-

1876 3444 1969 3489 rus
1994 3436 2111 3482 erat
2152 3426 2415 3482 Dominus
2460 3432 2770 3495 peccatum,
2822 3422 2969 3491 quod
3036 3428 3097 3475 ut
3148 3418 3450 3487 susciperet

1875 3520 2188 3575 incarnatus
2226 3527 2327 3574 est.
2380 3518 2457 3572 De
2494 3515 2650 3571 turba
2693 3525 2898 3577 autem,
2939 3513 2993 3567 id
3041 3518 3145 3578 est,
3177 3511 3246 3566 de
3290 3525 3448 3581 syna-

1873 3629 2003 3684 goga
2034 3613 2146 3666 sive
2170 3611 2238 3665 de
2268 3610 2447 3679 plebe,
2471 3605 2695 3663 attende
2722 3606 2851 3676 quid
2876 3604 2953 3659 ait
2982 3620 2997 3657 :

1945 3703 2093 3769 Quod
2120 3703 2166 3756 si
2189 3702 2356 3755 onmis
2384 3703 2537 3753 turba
2561 3696 2733 3752 Israel
2764 3693 3111 3766 ignorauerit,
3142 3701 3191 3746 et
3219 3708 3313 3761 per
3346 3693 3451 3745 im-

1874 3799 2118 3870 peritiam
2147 3794 2324 3867 fecerit
2382 3792 2520 3863 quod
2555 3798 2738 3844 contra
2781 3788 3090 3841 mandatum
3117 3783 3327 3839 Domini
3352 3790 3447 3846 est,

1874 3899 1925 3945 et
1947 3896 2123 3959 postea
2152 3883 2466 3939 intellexerit
2490 3889 2759 3946 peccatum
2792 3895 2968 3933 suum.
3025 3878 3168 3948 Ergo
3197 3876 3265 3931 ab
3296 3874 3453 3928 initio

1873 3979 2095 4050 quidem
2148 3992 2308 4031 suum
2356 3981 2641 4044 peccatum
2693 3971 3105 4042 ignoraverunt,
3136 3967 3229 4021 sed
3262 3975 3451 4036 postea

1875 4076 2268 4139 cognoverunt.
2320 4065 2388 4120 Et
2415 4063 2523 4118 hoc
2548 4061 2847 4116 ostendunt
2876 4059 2995 4128 ipsa
3023 4058 3191 4113 verba
3215 4056 3449 4117 Domini,

1875 4159 1952 4215 ait
1972 4159 2119 4214 enim
2148 4175 2160 4211 :
2200 4155 2317 4211 Nisi
2358 4155 2626 4214 uenissem.
2654 4163 2704 4206 et
2736 4151 2939 4205 locutus
2962 4150 3036 4203 eis
3065 4148 3298 4219 fuissem,
3332 4161 3453 4213 pec-

1875 4255 2052 4300 catum
2100 4261 2203 4297 non
2268 4243 2539 4305 haberent,
2596 4249 2654 4294 ut
2700 4241 3003 4310 ignorantes
3050 4238 3260 4305 utique,
3313 4251 3454 4289 nunc

1874 4347 2051 4391 autem
2092 4335 2479 4394 excusationem
2517 4348 2618 4386 non
2672 4332 2862 4385 habent
2901 4331 2964 4384 de
3005 4337 3219 4400 peccato
3271 4327 3449 4387 suo",

1878 4437 2062 4499 utpote
2097 4443 2193 4498 per
2221 4427 2340 4495 ejus
2370 4424 2675 4480 doctrinam
2704 4423 3000 4483 discentes,
3048 4418 3191 4491 quod
3236 4415 3455 4471 nescie-

1875 4519 2005 4575 bant
2036 4517 2224 4587 prius:
2260 4516 2479 4586 quando
2529 4529 2658 4585 ergo
2705 4526 2866 4567 suum
2921 4522 3205 4582 peccatum
3246 4522 3452 4577 cogno-

1873 4617 2089 4672 verunt.
2132 4618 2260 4664 tunc
2287 4608 2354 4662 ad
2380 4605 2707 4663 sacriﬁcium
2738 4602 3013 4673 Unigeniti
3058 4616 3119 4655 se
3147 4605 3453 4656 verterunt.

1876 4702 2081 4757 Deinde
2115 4701 2169 4755 in
2200 4699 2468 4755 sacriﬁcio
2515 4695 2815 4753 sacerdotis
2849 4694 3031 4763 ipsum
3068 4692 3310 4747 diximus
3346 4690 3452 4744 im-

1874 4795 2122 4867 posuisse
2151 4806 2372 4844 manum
2406 4803 2573 4857 super
2616 4795 2783 4856 caput
2817 4785 2990 4847 vituli,
3025 4782 3118 4837 hic
3150 4790 3335 4835 autem
3363 4792 3449 4833 se—

1875 4866 2059 4939 niores
2087 4881 2190 4934 hoc
2227 4877 2405 4932 lacere
2434 4877 2587 4929 dicit.
2633 4874 2938 4942 Utrumque
2967 4871 3112 4925 enim
3163 4882 3353 4924 revera
3396 4866 3453 4920 in

1871 4970 2075 5029 Christi
2108 4966 2373 5024 sacriﬁcio
2407 4963 2691 5040 agebatur,
2715 4963 2771 5017 id
2803 4970 2907 5029 est,
2953 4960 3079 5031 quia
3108 4967 3167 5015 et
3199 4956 3456 5013 immine-

1874 5062 2008 5117 bant
2041 5058 2109 5114 ad
2156 5055 2644 5113 consummandam
2697 5053 2828 5109 illud
2868 5052 3113 5121 seniores
3160 5047 3367 5119 populi,
3400 5057 3495 5102 et.

1878 5151 2105 5217 Scribze,
2168 5156 2224 5204 et
2270 5146 2506 5218 Caiphas
2558 5146 2812 5218 princeps
2869 5141 3253 5205 sacerdotum,
3305 5137 3457 5192 dice-

1878 5247 2148 5313 bantque:
2183 5240 2406 5309 Expedit
2441 5239 2586 5293 nobis
2625 5247 2679 5292 ut
2718 5254 2850 5291 unus
2872 5237 3025 5289 homo
3064 5232 3326 5287 moriatur
3360 5245 3456 5297 pro

1877 5335 2090 5406 populo,
2113 5344 2161 5388 et
2185 5350 2287 5388 non
2315 5340 2424 5386 tota
2446 5347 2571 5401 gens
2594 5338 2771 5399 pereat
2787 5329 2830 5361 ⁷⁸
2856 5345 2873 5395 ;
2900 5325 3095 5397 etquia
3116 5323 3266 5379 nullo
3294 5322 3458 5377 modo

1879 5428 2080 5498 expleri
2110 5427 2397 5496 potuisset,
2431 5425 2477 5480 si
2507 5439 2616 5478 nou
2645 5421 3004 5488 semetipsum
3035 5417 3103 5473 ad
3138 5415 3450 5486 passionem

1882 5517 2142 5594 Dominus
2205 5515 2534 5584 tradidisset,
2592 5514 2649 5569 in
2713 5521 2921 5567 tantum
2980 5518 3042 5565 ut
3102 5509 3219 5580 ipse
3243 5507 3455 5562 diceret

2147 5656 2191 5690 "
2222 5652 2386 5708 llebr.
2418 5666 2534 5716 nn,
2586 5649 2671 5704 12.
2780 5647 2826 5682 ⁷⁸
2849 5645 3040 5703 Matth.
3075 5659 3225 5710 xxvi,
3250 5641 3448 5711 55,56.

200 5722 246 5781 7⁵
276 5731 434 5799 Joan.
469 5731 675 5806 xix,28
732 5730 776 5763 ⁷⁵
802 5727 958 5783 Joan.
1019 5743 1104 5799 xv,
1154 5727 1242 5781 ‘22.
1319 5724 1541 5779 "Joan.
1595 5739 1744 5792 ιγιιι,
1798 5726 1880 5801 id.
