3886 6306
484 293 596 362 8‘27

1687 302 2047 362 HESYCHII
2084 299 2556 360 PRESBYTER!

3661 294 3768 358 828

493 413 688 466 Petro:
744 410 898 468 Mitte
931 415 1167 485 gladium
1207 425 1355 470 tuum
1408 417 1462 471 in
1523 419 1796 486 vaginam,
1843 415 2060 470 calicem
2092 419 2133 471 Α
2164 412 2376 466 Domini
2406 413 2510 475 sui,
2537 419 2587 464 et
2619 425 2722 463 non
2754 425 2806 463 se
2834 425 3165 477 prtcparans,
3211 424 3303 460 nec
3332 408 3541 478 faciens
3575 424 3765 460 secun-

490 517 640 570 guem
693 504 834 557 dedit
877 507 1003 559 mihi
1036 505 1216 572 Pater,
1274 523 1377 560 non
1407 507 1578 561 bibam
1617 509 1768 561 illum
1789 509 1872 560 7"?
1903 506 2068 562 Festi-

491 590 649 645 nabat
713 593 856 647 eniu:
904 595 1219 664 dispensare
1245 606 1557 652 nostrorum
1603 606 1949 668 peccatorum
1979 614 2066 652 re-

491 682 825 746 missionem,
880 688 1024 755 quod
1082 690 1384 744 necessarie
1431 690 1484 743 in
1546 691 1632 744 his
1688 707 1809 760 quae
1839 699 1968 746 sunt
1999 691 2068 746 de

490 773 784 844 Synagoga:
811 776 1074 830 sacrificio
1106 787 1189 832 est
1213 780 1640 848 consideratum;
1669 782 1746 836 ait
1770 783 1916 837 enim
1945 801 1958 836 :

563 863 652 917 Sic
679 867 838 936 faciet
867 869 930 921 de
968 869 1062 921 hoc
1103 869 1266 922 vitulo
1305 874 1562 940 quomodo
1592 875 1715 943 fecit
1739 885 1788 927 et
1826 877 1992 942 prius,
2018 885 2065 930 et

487 965 703 1023 rogante
749 975 845 1024 pro
901 961 973 1012 eis
1006 963 1297 1026 sacerdote,
1351 966 1610 1032 propitius
1640 967 1737 1018 erit
1792 967 2062 1022 Dominus.

485 1047 732 1101 Christus
782 1051 925 1104 enim
965 1051 1137 1106 factus
1180 1063 1264 1107 est
1303 1055 1460 1108 nobis
1497 1057 1809 1125 propitiatio
1853 1059 1908 1111 in
1938 1074 2064 1113 san—

484 1138 645 1206 guine
693 1156 810 1204 suo,
863 1142 1003 1197 sicut
1037 1159 1066 1196 a
1098 1145 1254 1198 beato
1303 1145 1467 1198 Paulo
1511 1147 1769 1202 Romanis
1805 1150 2065 1218 scriptum

485 1229 648 1281 est".
704 1230 808 1284 Per
855 1250 1013 1301 quem
1047 1235 1097 1287 in
1135 1245 1340 1290 tantum
1407 1250 1624 1306 peccata
1659 1242 1888 1297 remissa
1916 1253 2062 1305 sunt,

484 1329 755 1387 quatenus
787 1323 887 1391 ipsi
917 1341 1134 1394 quoque
1167 1328 1545 1382 remissionem
1579 1343 1943 1394 mererentur,
1974 1335 2064 1404 qui

486 1409 540 1462 in
569 1425 635 1463 eo
663 1424 1030 1480 peccaverunt
1057 1435 1070 1469 :
1093 1418 1160 1470 de
1197 1418 1327 1486 ipsis
1361 1419 1562 1489 quippe
1600 1421 1848 1475 dixerat:
1883 1422 2062 1486 Pater,

486 1501 690 1570 ignosce
714 1504 839 1569 illis,
875 1509 1110 1561 nesciunt
1142 1510 1282 1562 enim
1308 1512 1434 1580 quid
1464 1513 1668 1582 faciunt
1691 1515 1753 1566 τ’.
1796 1514 1902 1569 Sed
1937 1515 2064 1585 quid

485 1595 551 1646 ad
601 1596 760 1650 finem
817 1601 1062 1656 sacrificii
1116 1603 1392 1672 legislator
1447 1604 1627 1659 dixit?
1667 1605 1873 1661 Sufﬁcit
1919 1608 2063 1662 enim

487 1685 644 1739 nobis
685 1687 817 1757 legis
851 1691 1018 1759 ipsius
1043 1693 1342 1754 conclusio.
1390 1695 1456 1749 ad
1491 1694 1884 1752 manifcsmnda
1919 1714 2060 1767 prte-

486 1777 678 1830 sentia.
725 1779 908 1848 [psunt
958 1793 1133 1837 autent
1180 1785 1403 1839 uitulum
1459 1786 1635 1855 eﬁ‘eret
1682 1798 1830 1841 extra
1857 1799 2056 1856 castra,

483 1876 643 1936 atque
684 1873 967 1936 comburet,
1011 1874 1142 1926 sicut
1189 1884 1236 1928 et
1281 1875 1508 1943 priorem
1534 1877 1774 1941 vitulum,
1806 1881 1928 1948 quia
1967 1897 2060 1949 pro

482 1970 692 2022 peccato
733 1971 806 2014 est
862 1964 1234 2018 multitudinis.
1272 1966 1430 2021 Vides
1459 1968 1731 2035 quomodo
1771 1970 1906 2023 nihil
1937 1987 2058 2024 mu-

485 2059 627 2104 tatur
665 2053 720 2105 in
765 2056 1006 2109 secundo
1053 2056 1343 2122 sacrificio,
1400 2068 1552 2113 extra
1584 2059 1688 2114 hoc
1711 2062 1853 2130 quod
1883 2063 2056 2132 primo

479 2146 564 2190 est
627 2143 772 2208 quod
827 2145 1178 2214 praecipitur:
1240 2155 1296 2200 et
1343 2149 1738 2215 quamobrem?
1787 2149 1924 2216 Quia
1959 2169 2058 2222 pro

479 2241 702 2296 peccato
745 2240 848 2297 est,
897 2233 1093 2304 inquit,
1138 2236 1518 2293 multitudinis.
1553 2238 1691 2310 Ergo
1740 2241 1844 2295 hoc
1881 2244 2057 2296 mani-

478 2321 674 2376 festum
740 2332 827 2378 est
881 2335 936 2379 et
990 2326 1366 2393 indubitabile,
1406 2329 1551 2398 quia
1601 2331 1742 2384 idem
1772 2342 2055 2401 peccatum

477 2412 650 2478 plebis
701 2425 757 2469 et
789 2419 1090 2473 sacerdotis
1139 2421 1486 2486 intellexerit,
1515 2434 1568 2477 et
1596 2435 1881 2494 propterea
1911 2429 2052 2482 idem

476 2501 527 2552 in
574 2513 802 2572 utroque
847 2509 1171 2562 sacrificium
1209 2511 1496 2576 ordinavit,
1544 2531 1612 2569 ne
1671 2516 1800 2584 ipsis
1837 2517 2052 2586 quidem

473 2595 656 2646 verbis
705 2595 974 2663 dividens,
1011 2601 1153 2668 quod
1195 2618 1304 2655 non
1338 2603 1540 2659 faceret
1563 2607 1666 2658 nisi
1696 2605 1881 2676 figurae
1918 2607 2053 2664 fuis-

473 2693 597 2736 sent
628 2701 690 2737 ea
719 2700 838 2754 quae
865 2696 994 2743 tunc
1025 2692 1342 2758 agebantur.

547 2773 699 2828 Vens.
734 2777 925 2831 "22-3l.
965 2799 982 2830 ι
1023 2782 1075 2834 Si
1127 2785 1434 2850 peccaverit
1479 2786 1729 2858 princeps
1763 2798 1819 2844 et
1862 2790 2053 2846 fecerit

472 2880 640 2917 unum
699 2882 730 2918 e
783 2868 1030 2936 pluribus
1075 2887 1173 2940 per
1214 2873 1593 2943 ignorantiam,
1651 2880 1796 2947 quod
1841 2880 2048 2936 Domini

472 2955 588 3025 lege
633 2959 974 3027 prohibetur,
1029 2971 1082 3016 et
1122 2974 1310 3032 postea
1383 2966 1711 3024 intellexerit
1763 2981 2046 3040 peccatum

2167 505 2292 557 dum
2334 503 2651 557 voluntatem
2705 503 2840 571 ejus,
2877 501 3150 570 vapulabit
3209 499 3411 556 multis.
3440 498 3552 564 Qui
3584 509 3764 554 autem

2166 611 2270 648 non
2321 595 2576 664 cognovit,
2635 603 2682 648 et
2714 610 2815 647 non
2867 595 2985 664 fecit
3034 594 3218 663 digna,
3271 592 3446 663 plagis
3479 593 3763 661 vapulabit

2167 683 2426 752 paucis”.
2446 683 2550 738 Sed
2581 683 2706 753 quid
2734 681 3168 753 subjunxit?Cui
3196 683 3382 736 datum
3402 691 3482 736 est
3505 683 3758 750 multum,

2169 771 2387 826 multum
2424 781 2690 842 qua'retnr
2707 773 2772 826 ab
2801 789 2888 827 eo:
2913 782 2962 826 et
2988 773 3073 826 cui
3103 773 3362 827 creditum
3389 782 3467 826 est
3503 773 3758 838 multum,

2169 863 2392 917 multum
2417 865 2656 933 exigetur
2693 865 2758 917 ab
2791 865 2928 918 eo".
2962 864 3121 920 Hunc
3151 865 3394 935 intellige
3421 879 3577 928 esse,
3614 867 3758 934 quia

2169 955 2472 1026 legislatore
2493 956 2669 1010 dictus
2700 965 2782 1009 est
2816 956 3094 1025 princeps,
3131 972 3290 1024 quem
3319 956 3402 1011 sic
3449 966 3512 1010 et
3534 957 3592 1010 in
3624 957 3758 1011 libro

2169 1047 2340 1103 Exodi
2377 1047 2628 1112 innuens,
2662 1047 2833 1101 dixit:
2862 1047 2975 1100 Diis
2997 1064 3099 1100 non
3143 1047 3412 1111 detrahas,
3439 1056 3492 1101 et
3527 1049 3761 1118 principi

2167 1137 2347 1207 populi
2384 1140 2460 1192 tui
2482 1155 2544 1192 ne
2584 1138 2992 1192 maledixeris“.
3036 1137 3142 1192 Sed
3183 1147 3238 1192 et
3267 1139 3462 1202 David,
3496 1141 3762 1193 sacerdo-

2169 1240 2271 1296 tes,
2326 1239 2381 1284 et
2415 1229 2652 1292 Scribas,
2696 1239 2751 1284 et
2798 1229 3118 1296 Pharisaeos,
3172 1240 3226 1285 et
3253 1232 3509 1286 seniores
3577 1234 3757 1302 populi

2165 1323 2477 1392 designans,
2515 1323 2591 1376 ait
2623 1341 2636 1376 :
2694 1323 2988 1376 Astiterunt
3026 1339 3172 1392 reges
3208 1333 3383 1389 terra,
3409 1334 3458 1377 et
3490 1326 3758 1392 principes

2167 1425 2508 1469 convenerunt
2557 1417 2612 1468 in
2641 1432 2802 1468 unum
2834 1416 3086 1468 adversus
3133 1415 3440 1480 Dominum,
3481 1427 3538 1470 et
3572 1420 3756 1473 adaer-

2165 1523 2254 1560 sus
2307 1507 2568 1561 Christum
2599 1508 2711 1577 ejus
2731 1508 2794 1557 '3.
2852 1508 3014 1577 Atqui
3064 1509 3212 1562 solus
3251 1507 3502 1564 Herodes
3557 1526 3677 1574 rex,
3708 1522 3760 1565 et

2166 1599 2374 1655 Pilatus
2409 1616 2610 1669 praeses
2657 1601 2901 1661 aderant,
2945 1600 3043 1654 sed
3087 1610 3142 1655 et
3170 1616 3322 1671 reges
3346 1612 3406 1656 et
3448 1603 3755 1672 principes,

2167 1687 2304 1741 sicut
2335 1689 2590 1748 diximus,
2631 1688 2941 1742 sacerdotes
2971 1696 3026 1741 et
3061 1685 3283 1742 Scribas
3330 1698 3386 1742 et
3415 1689 3754 1752 Phariszeos,

2164 1786 2386 1848 propter
2437 1779 2714 1833 scientiam
2770 1787 2826 1831 et
2873 1778 3274 1832 sublimitatem
3313 1795 3483 1848 quam
3550 1782 3757 1837 habere

2163 1869 2514 1928 videbantur.
2557 1870 2623 1923 ad
2672 1870 3180 1938 interpretationem
3237 1870 3369 1942 legis
3427 1873 3758 1942 appellavit.

2162 1959 2258 2014 llic
2312 1977 2442 2030 ergo
2495 1962 2539 2014 si
2598 1962 2926 2030 peccaverit,
2986 1962 3200 2016 hircum
3259 1963 3481 2018 ederet.
3539 1965 3603 2020 Si
3638 1967 3758 2034 quis

2159 2061 2338 2105 autem
2383 2051 2450 2104 de
2489 2052 2708 2120 populo,
2742 2051 2873 2104 dicit
2915 2060 3098 2106 antem
3132 2053 3373 2117 idiotam,
3416 2055 3542 2109 sive
3586 2071 3758 2126 popu-

2157 2140 2348 2203 larem,
2400 2155 2512 2192 non
2546 2156 2669 2194 eum
2700 2141 2794 2208 qui
2827 2149 2974 2193 sorte
3003 2141 3296 2196 distinctus
3322 2152 3430 2204 est,
3469 2145 3542 2198 ad
3581 2147 3759 2199 medi-

2159 2232 2379 2286 tandam
2427 2233 2618 2302 legem,
2657 2247 2781 2285 nam
2829 2242 2884 2285 et
2927 2233 3013 2287 hic
3051 2234 3238 2302 utique
3274 2235 3541 2304 princeps
3576 2239 3751 2290 nomi-

2156 2328 2407 2383 naretur,
2458 2321 2548 2389 qui
2595 2335 2695 2390 pro
2754 2321 2948 2375 minori
3007 2332 3231 2390 peccato
3280 2338 3505 2392 capram
3551 2326 3753 2381 oﬂ'erle

2155 2411 2482 2481 praecipitur,
2533 2412 2988 2478 quemadmodum
3035 2412 3120 2464 ille
3169 2413 3402 2476 h'rrum,
3459 2415 3557 2468 hic
3608 2415 3754 2470 femi-

2154 2517 2302 2566 nam,
2337 2503 2423 2556 ille
2458 2517 2679 2555 marem.
2731 2501 3076 2556 Pmnitentim
3106 2504 3310 2573 quippe
3343 2507 3576 2575 utrique
3607 2509 3754 2561 iudi-

2154 2603 2302 2663 gent,
2341 2602 2395 2646 et
2428 2593 2516 2646 ille
2547 2593 2763 2662 quidem
2807 2594 3090 2662 majorem,
3123 2596 3215 2663 qui
3259 2599 3576 2651 mas-mlum
3611 2600 3748 2653 οπε-

2154 2691 2256 2746 ret,
2321 2683 2587 2737 minorem
2648 2695 2828 2738 autem
2883 2685 2974 2754 qui
3035 2686 3340 2741 feminam:
3405 2704 3544 2743 cum
3602 2693 3747 2745 enim

2154 2775 2317 2828 unius
2346 2775 2416 2828 sit
2441 2780 2671 2845 generis,
2703 2787 2883 2829 tamen
2909 2777 3052 2844 quod
3086 2777 3269 2832 minus
3300 2764 3420 2842 est;
3441 2781 3496 2834 in
3537 2781 3750 2836 femina

2153 2867 2384 2932 positum
2431 2877 2534 2931 est,
2581 2868 2836 2935 quoniam
2908 2869 3181 2924 masculus
3241 2882 3409 2940 caput
3469 2876 3748 2930 uniuscu-

2148 2961 2343 3028 jusque
2369 2960 2582 3028 generis
2601 2968 2842 3027 pntatur.
2876 2959 3349 3024 Quemadmodum
3373 2979 3506 3034 ergo
3530 2967 3748 3021 oblatio

471 3062 650 3108 stium,
714 3049 909 3105 offeret
960 3052 1192 3107 hostiam
1232 3053 1477 3120 Domino,
1528 3058 1738 3112 hircum
1768 3061 1835 3115 de
1874 3065 2045 3132 capris

2153 3066 2326 3120 caprae
2377 3049 2696 3103 sacriﬁcium
2744 3065 2841 3120 pro
2887 3053 3314 3124 peccatosignat,
3347 3054 3427 3108 sic
3454 3057 3651 3112 hircus
3690 3072 3748 3112 et

470 3135 896 3203 immaculatum,
939 3150 1210 3211 ponetque
1239 3161 1461 3199 manum
1493 3162 1645 3202 suam
1695 3165 1858 3219 super
1883 3165 2046 3222 caput

470 3226 608 3290 ejus.
669 3226 913 3297 Cumque
961 3230 1324 3289 immolaverit
1375 3251 1499 3290 eum
1550 3237 1603 3291 in
1643 3239 1761 3293 loco
1789 3242 1878 3295 ubi
1909 3245 2047 3299 solet

471 3317 690 3368 mactari
718 3317 1089 3374 holocaustum
1116 3337 1297 3376 coram
1347 3324 1592 3386 Domino,
1647 3328 1771 3395 quia
1801 3344 1900 3397 pro
1928 3345 2047 3398 pec-

471 3415 590 3458 cato
615 3417 712 3467 est,
742 3409 911 3479 tinget
939 3413 1192 3467 sacerdos
1219 3413 1448 3483 digitum
1482 3417 1536 3469 in
1554 3418 1820 3488 sanguine
1853 3419 2046 3476 hostiae

469 3511 567 3565 pro
615 3509 856 3566 peccato,
898 3511 1126 3574 tangens
1155 3521 1360 3561 cornua
1397 3508 1583 3562 altaris
1625 3510 1952 3576 holocausti,
1989 3527 2046 3570 et

471 3589 736 3658 reliquum
809 3592 1042 3649 fundens
1093 3596 1161 3650 ad
1212 3597 1380 3652 basim
1442 3600 1579 3667 ejus.
1638 3601 1860 3672 Adipem
1916 3621 2045 3659 vero

467 3676 707 3734 adolebit
751 3698 932 3752 supra,
980 3685 1120 3739 sicut
1166 3687 1220 3740 in
1271 3689 1500 3743 victimis
1549 3691 1896 3758 pacificorum
1930 3695 2044 3750 fieri

467 3773 624 3839 solet,
685 3777 1000 3846 rogabitque
1055 3795 1153 3848 pro
1183 3796 1248 3834 eo
1291 3790 1344 3834 et
1402 3798 1498 3849 pro
1556 3795 1779 3852 peccato
1810 3787 1947 3855 ejus,
1981 3804 2045 3843 ac

466 3863 769 3920 dimittetur
830 3869 898 3922 ei.
935 3868 1090 3936 Quod
1121 3871 1164 3925 si
1199 3873 1502 3941 peccaverit
1529 3875 1708 3928 anima
1740 3891 1839 3945 per
1889 3877 2044 3948 igno-

465 3956 698 4012 rantiam
747 3960 814 4014 de
862 3963 1059 4030 popqu
1115 3973 1293 4029 terrae,
1336 3975 1397 4019 ut
1448 3965 1610 4020 faciat
1651 3968 1944 4037 quidquam
1976 3986 2042 4025 ex

466 4044 550 4098 his
593 4063 712 4115 quae
746 4047 954 4102 Domini
981 4052 1096 4122 lege
1129 4054 1505 4122 prohibentur,
1541 4064 1704 4125 atque
1737 4057 2038 4127 delinquat,

461 4147 516 4190 et
557 4143 875 4207 cegnoverit
920 4153 1199 4212 peccatum
1236 4163 1414 4211 suum,
1471 4147 1663 4202 oﬂ'eret
1685 4163 1903 4217 capram
1936 4150 2040 4204 im-

462 4232 806 4298 maculatam,
849 4245 1120 4305 ponetque
1159 4254 1378 4291 manum
1419 4255 1585 4307 super
1637 4251 1801 4309 caput
1847 4242 2039 4298 hostia:

458 4334 579 4387 quae
639 4338 736 4389 pro
782 4335 1006 4391 peccato
1053 4336 1155 4391 est,
1189 4337 1244 4382 et
1303 4330 1605 4384 immolabit
1651 4348 1771 4387 eam
1811 4334 1865 4386 in
1916 4335 2037 4389 loco

2147 3159 2328 3210 (supra,
2368 3158 2489 3196 cum
2522 3141 2636 3195 haec
2657 3143 2728 3196 sit
2755 3143 2998 3196 feminini
3034 3145 3268 3214 generis,
3301 3145 3487 3201 hircus
3518 3165 3748 3204 mascu-

2146 3232 2259 3291 lini.
2289 3231 2537 3285 sacrificii
2569 3231 2999 3299 interpretantur
3027 3232 3132 3286 vim
3159 3250 3174 3299 ;
3206 3248 3316 3286 non
3348 3235 3496 3289 enim
3529 3236 3746 3295 frustra

2149 3322 2249 3375 hoc
2295 3321 2564 3391 legislator
2622 3321 2874 3386 intendit,
2931 3324 3025 3377 sed
3072 3324 3197 3393 quia
3245 3325 3432 3381 hircus
3457 3337 3514 3382 et
3547 3345 3740 3400 capra.

2149 3413 2260 3466 Hoc
2280 3421 2460 3466 autem
2481 3411 2834 3482 Sepluaginta
2857 3414 2911 3466 in
2943 3413 3131 3469 Graeco
3155 3417 3236 3470 sic
3258 3416 3448 3482 edunt,
3475 3429 3536 3474 ut
3569 3421 3745 3491 χίμα-

2148 3520 2240 3572 ρον
2277 3513 2330 3557 et
2359 3504 2624 3573 χίμαιραν
2659 3506 2844 3560 dicant
2885 3505 3069 3559 olIerri
3112 3507 3333 3575 debere,
3365 3511 3513 3579 quod
3553 3513 3739 3568 Latini

2145 3611 2207 3648 ex
2245 3594 2433 3648 eadem
2466 3595 2702 3648 editione
2729 3596 3076 3666 interpretati
3115 3609 3266 3664 sunt,
3295 3601 3511 3657 haedum
3548 3620 3620 3659 ex
3645 3623 3740 3661 ca-

2148 3689 2257 3756 pris
2286 3687 2607 3750 masculum,
2638 3699 2691 3742 et
2723 3704 2941 3757 capram
2974 3690 3042 3744 de
3066 3691 3234 3746 laedis
3261 3693 3739 3768 femellam..zly.a-

2147 3795 2237 3847 ρος
2293 3791 2475 3833 autem
2519 3790 2574 3834 et
2619 3780 2851 3852 χίμαιρα
2903 3782 3046 3838 fetus
3103 3798 3390 3854 caprarum
3433 3801 3567 3844 sunt
3619 3809 3736 3860 χει-

2147 3871 2376 3939 μερίνοι,
2401 3870 2455 3924 id
2477 3880 2578 3936 est,
2605 3873 2699 3941 qui
2723 3872 2868 3928 circa
2907 3881 3126 3944 tempus
3158 3874 3354 3931 hiemis
3394 3893 3732 3946 nascuntur,

2144 3973 2267 4010 nam
2325 3957 2408 4012 bis
2465 3975 2561 4028 per
2601 3975 2804 4015 annum
2859 3962 3038 4032 capris
3085 3965 3448 4034 parientibus,
3502 3975 3732 4041 quidam

2144 4049 2284 4104 fetus
2315 4043 2557 4120 tempore
2591 4051 2805 4118 hiemis,
2840 4055 3063 4124 quidam
3091 4067 3276 4114 autem
3315 4063 3526 4117 aestatis
3558 4081 3731 4136 gene-

2143 4150 2351 4195 rantur.
2377 4141 2515 4196 Cum
2544 4159 2673 4214 ergo
2699 4145 2816 4200 haec
2843 4145 2918 4199 ita
2943 4162 3002 4201 se
3027 4147 3287 4216 habeant,
3335 4167 3431 4220 per
3487 4154 3726 4211 hiemem

2143 4231 2411 4287 tristitiam
2458 4233 2792 4302 paenitentia:
2841 4236 3035 4300 docet,
3084 4239 3140 4294 in
3195 4242 3472 4299 tristitiam
3521 4249 3726 4318 quippe

2143 4322 2233 4377 hic
2280 4333 2335 4378 et
2382 4323 2508 4377 ﬂetu
2541 4323 2679 4378 filios
2702 4336 2947 4396 generat,
2987 4330 3082 4393 sed
3117 4341 3299 4388 tamen
3330 4334 3421 4389 ﬁlii
3454 4338 3578 4405 ejus
3615 4356 3722 4395 non

460 4408 776 4466 holocausli.
807 4413 1089 4484 Tolletque
1111 4419 1362 4473 sacerdos
1391 4421 1457 4474 de
1483 4421 1746 4491 sanguine
1781 4424 1834 4476 in
1869 4425 2036 4496 digito

2151 4423 2269 4467 sunt
2299 4429 2330 4466 a
2358 4413 2625 4468 sacrificio
2675 4416 2972 4484 reprobati.
3025 4418 3182 4476 Unde
3223 4423 3480 4478 existimo
3513 4428 3718 4494 haedos,

457 4515 578 4561 suo,
615 4511 670 4556 et
703 4504 912 4574 tingens
949 4521 1151 4561 cornua
1183 4509 1385 4571 altaris.
1432 4511 1697 4581 reliquum
1733 4513 1924 4571 fundet
1964 4518 2031 4572 ad

456 4591 627 4646 basim
663 4595 802 4664 ejus.
846 4596 1075 4652 Omnem
1102 4611 1281 4656 autem
1315 4605 1570 4658 auferens
1596 4606 1830 4676 adipem,
1867 4612 2030 4666 sicuti

455 4681 655 4736 auferri
682 4686 904 4742 soletde
924 4688 1156 4746 victimis
1191 4693 1565 4762 pacificornm,
1596 4696 1830 4753 adolebit
1862 4717 2030 4771 super

455 4771 621 4828 altare
643 4775 698 4830 in
727 4779 949 4834 odorem
976 4783 1253 4839 suavitatis
1279 4785 1528 4850 Domino,
1575 4791 1894 4862 rogabitqne
1930 4809 2028 4863 pro

451 4879 539 4928 eo,
571 4873 626 4920 et
644 4865 948 4924 dimittetur
974 4871 1047 4929 ei.
1082 4891 1102 4924 ι
1266 4943 1272 4947 _

521 4951 986 5018 Quemadmodum
1047 4961 1102 5015 in
1146 4969 1462 5033 spontaneis
1519 4969 1820 5031 sacrificiis,
1868 4973 2026 5029 diffe-

451 5046 652 5100 rentias
698 5048 750 5101 in
803 5053 1306 5110 conversationilms
1351 5069 1406 5112 et
1446 5061 1853 5118 conditionibus
1902 5065 2025 5120 vita:

449 5133 794 5195 offerentium
831 5142 1120 5206 ordinavit,
1151 5145 1220 5199 ita
1251 5164 1438 5202 rursus
1463 5166 1558 5218 pro
1595 5155 1830 5221 peccatis
1853 5157 2022 5209 sacri-

451 5222 565 5304 flcia
595 5231 818 5296 aequalia
844 5248 964 5287 esse
988 5237 1217 5299 peccatis
1238 5239 1414 5305 jubet,
1444 5257 1675 5308 quormn
1709 5245 2025 5314 magnitudo

2139 4505 2188 4559 id
2215 4515 2298 4559 est
2317 4507 2584 4576 χιμάρους
2609 4507 2808 4563 oﬂ'erre
2834 4511 3182 4579 pmnitentes,
3218 4523 3408 4585 utpote
3451 4517 3719 4576 ﬂuctuum

2139 4608 2237 4662 tes,
2281 4598 2554 4666 praecepit,
2590 4609 2646 4653 et
2693 4609 2751 4654 ut
2791 4603 2880 4670 qui
2937 4603 3344 4661 diversitatibus
3387 4610 3658 4666 undarum
3689 4631 3716 4666 a

2135 4689 2370 4756 peccatis
2407 4704 2465 4744 se
2493 4691 2822 4760 erigentibus
2873 4708 3256 4767 repugnantes,
3288 4701 3717 4759 misericorditer

2131 4782 2444 4835 mnnimodo
2494 4782 2866 4839 salvabnntnr.
2927 4786 2983 4840 Si
3032 4789 3181 4843 enim
3248 4805 3610 4860 permaneant
3664 4798 3715 4850 in

2135 4874 2475 4942 poenitentia,
2497 4883 2572 4929 .et
2600 4889 2707 4927 non
2753 4876 3068 4946 desperent,
3113 4884 3265 4937 velut
3297 4883 3350 4936 in
3385 4893 3715 4955 tempestate

2138 4962 2506 5032 relinquentes
2548 4964 2702 5020 navis
2741 4968 2935 5022 animae
2960 4971 3346 5039 gubernacula,
3392 4974 3712 5032 liberabun-

2136 5063 2254 5118 tur;
2287 5056 2528 5110 siautem
2555 5058 2982 5127 desperaverim,
3007 5061 3458 5129 quemadmodum
3481 5067 3709 5133 quidam

2132 5146 2539 5214 gubernatores,
2595 5151 2675 5203 vel
2736 5161 2910 5204 nautae
2965 5151 3164 5218 pavidi,
3223 5153 3404 5207 statim
3431 5169 3705 5222 pereunt;

2132 5252 2255 5289 nam
2291 5249 2344 5291 et
2374 5239 2633 5293 Dominus
2673 5241 2845 5294 dixit:
2895 5241 3057 5295 Orate
3096 5260 3158 5296 ne
3209 5242 3307 5310 ﬁat
3353 5246 3480 5314 fuga
3536 5257 3702 5300 vestra

452 5329 555 5366 non
608 5318 781 5371 solum
847 5337 912 5374 ex
976 5325 1190 5378 actione
1243 5328 1471 5394 peccati,
1533 5332 1628 5383 sed
1691 5348 1754 5385 ex
1789 5349 2020 5401 persona

453 5407 786 5468 peccantium
812 5413 1068 5478 ponitur:
1105 5424 1157 5468 et
1189 5417 1350 5469 nimis
1382 5428 1547 5480 recte,
1599 5422 1724 5489 quia
1755 5432 1808 5475 et
1838 5424 2015 5477 Domi-

451 5501 552 5543 nus
597 5495 854 5559 apostolis
909 5498 1074 5552 dixit:
1137 5500 1325 5555 Servus
1353 5520 1657 5571 cognoscens
1698 5509 2018 5564 voluntatem

2127 5327 2294 5380 hieme
2349 5328 2677 5384 velSabbnta
2699 5331 2744 5363 ⁸⁵
2777 5350 2790 5398 ;
2825 5334 3056 5388 hiemem
3107 5345 3320 5404 tempus
3364 5338 3701 5404 poenitentia:

2124 5421 2332 5479 dict-ns,
2383 5419 2676 5474 Sabbatum
2713 5438 2840 5476 vero
2874 5423 3042 5476 otium
3071 5425 3286 5488 animae,
3331 5435 3498 5494 atque
3532 5428 3700 5481 virtu—

2127 5522 2237 5564 tum
2280 5512 2636 5565 cessationem
2681 5511 3033 5583 intclligens:
3089 5514 3156 5568 ad
3209 5514 3379 5569 otium
3428 5515 3698 5587 siquidem

519 5623 566 5718 ξ
597 5623 785 5718 Matth.
816 5632 1064 5718 sub}!
1086 5635 1303 5718 L128“.
1343 5655 1492 5718 svnt,
1694 5643 1736 5676 ⁷⁸
1757 5643 1927 5718 ,Ιὶοηι
1962 5662 2039 5710 m,

2231 5649 2272 5678 ⁷⁵⁵
2305 5647 2435 5703 Luc.
2475 5664 2625 5711 um,
2669 5649 2755 5704 δι.
2832 5651 2876 5684 ⁸ο
2907 5649 3036 5705 Luc.
3077 5667 3170 5718 χιι,
3200 5649 3286 5718 47,
3323 5651 3410 5708 48.
3489 5651 3536 5684 ⁸⁸
3566 5653 3689 5707 ibid.

459 5643 562 5714 ..ζ
597 5643 785 5714 utaut].
816 5643 1064 5714 “virus!
1086 5643 1303 5714 Lipari,
1343 5655 1492 5714 κγιμ,
1694 5643 1736 5676 rs
1773 5643 1927 5698 “mm
1962 5647 2151 5710 ,η’ρᾶ

431 5687 690 5777 ."Exod.
754 5713 882 5763 χχιι,
926 5687 1014 5755 i8.
1090 5687 1474 5773 “rauim-ni.

1552 5712 1595 5743 "'
1620 5711 1808 5768 Matth.
1872 5733 2014 5782 xxn',
2057 5719 2145 5771 ‘20.
