3886 6306
477 278 580 344 8·ὶὶ

1710 279 2070 340 HESYCHll
2113 279 2584 338 PRESBYTERI

3719 271 3831 332 S32

478 391 738 463 paciﬁcis,
795 398 852 446 et
904 391 1168 446 cremabit
1220 407 1385 460 super
1437 391 1606 447 altare
1659 395 1714 448 in
1766 395 2052 450 incensum
2085 397 2130 452 A
2161 393 2512 448 fundamenta
2539 392 2680 460 eius.
2705 390 2833 460 (illia
2863 405 2964 460 Ρτο
2990 397 3216 459 Vacca”
3239 395 3350 450 es"
3371 385 3659 439 “nam
3687 399 3830 438 τεο

479 482 718 545 Domini,
747 481 1067 552 rogabitque
1127 496 1225 550 pro
1257 497 1343 547 eo,
1375 491 1431 541 et
1477 497 1578 554 pro
1642 492 1866 554 peccato
1917 485 2057 556 ejus,

477 583 535 628 et
557 573 861 628 dimittetur
887 572 984 626 illi.
1029 589 1046 622 ι

551 660 918 730 Semetipsum
983 675 1128 715 nunc
1197 676 1414 732 quoque
1476 679 1712 734 sequens
1783 665 2061 735 legislatot‘

478 753 739 808 oblationi
796 767 972 821 capra:
1016 752 1130 806 sive
1188 752 1466 818 chimerzn,
1513 771 1676 825 quam
1724 756 1964 811 diximus
1993 757 2062 812 ab

484 845 567 897 his
618 844 706 912 qui
741 851 868 895 sunt
918 841 987 895 de
1026 842 1250 912 pepulo,
1287 853 1342 897 et
1367 845 1460 913 qui
1492 862 1600 900 non
1633 858 1974 918 occupantur
2008 849 2064 903 in

483 933 838 988 meditatione
884 931 1036 1002 legis,
1070 932 1256 987 oﬂerri
1286 949 1444 989 ovem
1474 951 1690 1006 quoque
1719 939 2007 1005 conjunxit
2047 958 2060 994 ε

479 1023 736 1093 quoniam
771 1022 825 1075 in
873 1022 1072 1092 populo
1099 1030 1152 1076 et
1183 1022 1367 1082 idiotis
1396 1026 1655 1094 possibile
1707 1036 1791 1083 est
1819 1043 1941 1082 esse
1971 1027 2068 1092 ali-

480 1128 618 1184 quos
662 1113 825 1167 etiam
856 1112 1152 1182 simplices,
1182 1115 1380 1183 quibus
1421 1117 1711 1171 conveniat
1740 1118 1858 1173 ovis
1891 1121 2067 1179 sacri-

481 1203 682 1268 ﬁcium,
715 1203 860 1272 quod
911 1213 1016 1257 tam
1056 1203 1110 1256 in
1175 1205 1628 1261 holocautomatis
1678 1225 1840 1276 quam
1897 1211 2067 1264 saeri-

482 1292 617 1346 ﬁciis
642 1292 832 1345 hostiae
857 1291 1204 1360 paciﬁcorum
1255 1294 1675 1350 demonstratur.
1708 1297 1906 1366 Aperte
1941 1313 2068 1369 ergo

484 1382 758 1452 legislator
785 1383 1088 1451 approbare
1128 1383 1376 1452 cupiens,
1403 1387 1529 1454 quia
1572 1402 1684 1440 non
1709 1388 1889 1442 solum
1914 1389 2070 1457 prin-

483 1487 631 1540 ceps,
689 1472 738 1526 id
768 1481 851 1527 est
905 1474 1133 1528 scientia
1161 1475 1462 1540 sublimior,
1496 1492 1599 1532 nec
1629 1488 1838 1532 tantum
1891 1496 2069 1550 popu-

486 1564 636 1628 laris,
669 1565 765 1618 sed
791 1574 846 1619 et
873 1565 919 1620 si
951 1565 1072 1635 quis
1105 1575 1186 1621 est
1240 1568 1294 1621 in
1342 1570 1696 1638 popularibus
1742 1572 1995 1642 simplex,
2024 1573 2068 1630 si

487 1653 626 1708 forte
689 1657 1017 1725 peccaverit,
1062 1659 1207 1727 quod
1259 1668 1314 1712 et
1369 1659 1457 1714 hie
1507 1662 1573 1715 ad
1635 1663 2065 1732 redemptionem

487 1755 834 1814 peccatorum
880 1749 1073 1803 debeat
1122 1750 1518 1818 paenitentiam,
1578 1748 1696 1808 ovis
1740 1757 2065 1810 sacriﬁcium
2102 1726 2141 1780 Β

489 1837 808 1892 introduxit.
861 1838 983 1894 Ideo
1015 1851 1198 1895 autem
1238 1858 1349 1896 non
1389 1843 1635 1908 arietem,
1667 1846 1762 1900 sed
1806 1863 1987 1909 ovem,
2017 1849 2070 1902 id

488 1936 592 1990 est,
634 1926 914 1991 fetninam,
975 1939 1030 1984 et
1080 1945 1190 1984 non
1245 1933 1544 1986 masculum
1575 1937 1831 2005 praecepit
1859 1936 2067 2004 offerri,

490 2017 622 2086 quia
647 2018 1000 2086 popularibus
1025 2019 1350 2074 feminarum
1390 2023 1718 2078 sacrificium
1749 2027 2032 2095 deputavit
2055 2047 2068 2082 :

491 2121 586 2161 eos
633 2107 722 2162 hic
757 2109 848 2178 qui
888 2109 1060 2180 legem
1102 2111 1378 2181 accipiunt
1416 2113 1697 2170 evidenter
1757 2126 2072 2174 contestans

493 2212 552 2258 ut
583 2205 895 2274 quicunque
933 2207 1297 2277 principatum
1347 2210 1573 2264 sortitus
1603 2218 1707 2277 est,
1740 2221 1794 2266 et
1833 2222 1916 2267 est
1951 2213 2073 2267 aliis

492 2294 776 2350 sublimior
803 2295 1050 2360 scicntia,
1089 2313 1197 2352 non
1229 2298 1401 2353 solam
1446 2300 1704 2354 exhibeat
1751 2302 2072 2372 simplicita-

495 2391 624 2448 tem,
651 2399 777 2439 cum
805 2395 1052 2455 oporteat
1077 2402 1203 2442 eum
1234 2388 1397 2443 etiam
1435 2390 1758 2458 prudentem
1783 2407 1907 2446 esse
1931 2393 2073 2448 sicut

493 2483 839 2545 serpentem,
892 2479 1348 2546 quemadmodum
1419 2479 1685 2537 Dominus
1743 2484 1900 2540 ait".
1968 2487 2072 2551 Qui

494 2583 624 2622 vero
650 2584 759 2622 non
789 2576 872 2622 est
900 2569 1041 2634 talis,
1092 2570 1146 2624 id
1169 2581 1253 2625 est
1278 2570 1370 2640 qui
1402 2587 1510 2626 non
1543 2573 1787 2628 abundat
1820 2576 2070 2639 scientia,

494 2669 550 2710 et
579 2666 865 2727 propterea
892 2661 945 2713 in
977 2660 1174 2730 populo
1202 2661 1382 2732 deget,
1409 2662 1500 2719 hic
1529 2665 1778 2733 quamvis
1827 2666 1898 2720 sit
1929 2668 2075 2720 sitn-

497 2747 643 2816 plex,
706 2747 752 2802 si
807 2750 1084 2820 contingat
1134 2759 1194 2804 ut
1243 2760 1454 2820 peccet,
1505 2767 1610 2806 nec
1655 2753 1756 2823 ipsi
1787 2765 2111 2823 peccatum

498 2839 832 2910 ignoscetur,
878 2841 985 2906 nisi
1014 2859 1108 2911 per
1139 2843 1468 2898 oblationem
1499 2846 1838 2915 poenitentiae
1876 2863 2073 2917 pecca-

441 2932 444 2935 ’
499 2939 614 2984 tum
664 2931 902 2986 diluerit.
955 2932 1092 2987 Cum
1147 2949 1273 3004 ergo
1308 2934 1423 2991 hac
1450 2935 1525 2990 ita
1569 2951 1629 2992 se
1666 2938 1922 3004 habeant,
1960 2955 2072 2994 non

497 3030 660 3091 egent
711 3031 906 3076 caetera
955 3023 1331 3092 expositione:
1371 3042 1494 3081 cum
1540 3029 1689 3084 enim
1743 3031 2069 3087 sacriﬁcium
2100 3057 2144 3113 ο

499 3127 597 3182 pro
631 3122 854 3182 peccato
884 3114 975 3178 sit,
1008 3115 1166 3170 simul
1213 3115 1302 3171 hic
1327 3116 1395 3172 de
1432 3132 1594 3188 capra
1619 3128 1674 3174 et
1704 3120 1773 3175 de
1802 3136 1905 3176 ove
1929 3137 2072 3192 prae-

497 3205 659 3274 cepit.
691 3204 848 3261 Unde
875 3223 1099 3264 necesse
1125 3223 1234 3263 non
1261 3221 1364 3271 est.
1411 3227 1536 3266 cum
1567 3213 1855 3270 tendamus
1884 3215 1952 3270 ad
1985 3231 2075 3272 se-

497 3295 741 3368 quentia,
771 3297 864 3354 diu
895 3300 951 3354 in
981 3303 1347 3370 praesentibus
1379 3304 1681 3361 immorari.

1126 3455 1353 3515 CAPUT
1391 3461 1456 3517 V.

577 3565 740 3622 Vens.
768 3567 915 3621 l-l'5.
949 3585 970 3621 ι
1015 3569 1071 3624 Si
1125 3573 1436 3639 peccaverit
1475 3573 1681 3639 anima,
1735 3584 1791 3630 et
1841 3577 2080 3634 audierit

501 3671 688 3711 vocem
717 3657 976 3727 jurantis,
1004 3659 1265 3730 testisque
1303 3661 1469 3718 fuerit
1490 3665 1636 3735 quod
1666 3675 1762 3722 aut
1790 3667 1908 3737 ipse
1923 3669 2077 3736 vidit,

500 3753 597 3800 aut
615 3747 867 3802 conscius
901 3757 1006 3815 est,
1038 3749 1142 3828 nisi
1166 3750 1510 3820 indicaverit,
1548 3757 1790 3827 portabit
1821 3757 2081 3830 iniquita-

502 3845 610 3892 tem
637 3854 810 3894 suam.
832 3841 1025 3896 Anima
1043 3858 1165 3912 quae
1191 3845 1428 3917 tetigerit
1463 3848 1670 3918 aliquid
1715 3850 2079 3919 immundum,

502 3929 616 3985 sive
643 3931 784 4000 quod
813 3932 1054 3988 occisum
1073 3950 1102 3988 a
1127 3936 1296 3991 bestia
1319 3946 1424 4000 est,
1449 3948 1546 3993 aut
1567 3955 1667 4009 per
1695 3957 1754 3996 se
1779 3953 2078 4013 mortuum,

508 4022 588 4075 vel
615 4022 893 4091 quodlibet
919 4025 1067 4080 aliud
1101 4028 1294 4096 reptile
1337 4039 1393 4084 et
1426 4031 1594 4086 oblita
1626 4031 1794 4088 fuerit
1825 4036 2076 4091 immun-

503 4111 649 4168 ditia:
677 4128 809 4178 suae,
841 4131 931 4170 rea
957 4125 1059 4180 est,
1083 4124 1139 4171 et
1175 4118 1462 4188 delinquit.
1499 4121 1567 4176 Et
1591 4122 1636 4176 si
1661 4123 1900 4194 tetigerit
1918 4127 2082 4196 quid-

505 4205 647 4271 piam
667 4203 736 4259 de
775 4205 1116 4261 immunditia
1150 4207 1409 4270 hominis,
1451 4210 1606 4279 juxta
1638 4228 1857 4269 omnem
1890 4216 2083 4286 impu-

506 4293 741 4360 ritatem,
767 4311 874 4364 qua
906 4296 1070 4364 pollui
1089 4297 1556 4369 solet,‘ob.litaque
1579 4307 1898 4373 cognoverit
1919 4317 2075 4376 post-

2163 483 2400 539 adolcbit
2431 481 2831 544 holocaustum,
2859 488 2920 533 ut
2961 477 3079 532 ﬁeri
3104 477 3265 540 solet,
3298 473 3688 544 rogabitque
3720 489 3824 542 pro

2163 589 2230 630 eo
2251 571 2528 636 sacerdos,
2551 578 2606 624 et
2633 585 2734 640 pro
2777 578 3005 639 peccato
3058 568 3196 636 ejus,
3231 575 3289 620 et
3317 563 3688 618 dimittetur
3749 564 3824 617 ei.

2165 665 2322 731 Quod
2375 664 2418 719 si
2443 678 2552 716 non
2585 659 2825 732 quiverit
2855 673 3053 714 manus
3100 657 3222 727 ejus
3242 655 3462 710 oﬂ'erre
3497 653 3670 708 duos
3697 661 3821 705 tur-

2165 764 2335 821 tures,
2369 755 2452 811 vel
2474 754 2612 809 duos
2645 753 2822 824 pullos
2865 750 3153 811 columbae,
3187 747 3389 803 offeret
3415 761 3536 816 pro
3565 755 3823 814 peccato

2167 847 2422 911 similam,
2453 854 2661 915 partem
2681 843 2810 913 ephi
2839 841 3105 898 decimam
3136 859 3152 905 ;
3202 855 3316 895 non
3349 839 3562 892 mittet
3587 836 3653 889 in
3689 851 3818 890 eam

2166 937 2370 1001 oleum,
2408 951 2509 990 nec
2535 935 2710 989 thuris
2741 932 2946 1002 aliquid
2967 932 3232 1000 imponet,
3259 929 3392 998 quia
3413 943 3537 997 pro
3570 937 3821 995 peccato

2167 1036 2270 1090 est,
2296 1026 2578 1094 tradetque
2607 1039 2725 1078 eam
2775 1021 3064 1081 sacerdoti.
3118 1020 3211 1089 qui
3259 1020 3506 1090 plenum
3567 1032 3648 1071 ex
3698 1026 3818 1070 toto

2167 1115 2431 1187 pugillum
2461 1113 2743 1176 hauriens,
2779 1111 3043 1166 cremabit
3069 1125 3236 1180 super
3287 1109 3475 1163 altare
3539 1108 3608 1161 in
3685 1123 3813 1160 meo

2169 1214 2496 1260 numentum
2572 1205 2690 1273 ejus
2748 1203 2841 1272 qui
2893 1200 3132 1264 obtulit,
3196 1214 3402 1270 rogans
3510 1212 3634 1267 pro
3712 1196 3811 1248 illo

2169 1306 2225 1351 et
2275 1297 2521 1367 expians.
2580 1294 2863 1366 Reliquam
2901 1307 3034 1352 vero
3083 1300 3294 1362 partem
3353 1290 3482 1359 ipse
3567 1287 3808 1342 habebit

2173 1388 2228 1443 in
2251 1402 2498 1442 munere.
2531 1406 2549 1443 ι

2244 1479 2383 1533 Num
2408 1478 2598 1532 eadem
2633 1476 2906 1548 legislator
2936 1476 3179 1545 repetit?
3205 1474 3345 1528 Cum
3384 1472 3446 1524 in
3477 1469 3807 1541 praeteritis

2171 1574 2372 1643 quippe
2395 1572 2621 1627 dixisset
2641 1571 2810 1640 quod,
2848 1571 2890 1625 si
2926 1568 3232 1638 peccaverit
3264 1567 3334 1622 de
3361 1564 3598 1636 populo
3636 1571 3806 1614 terra:

2173 1680 2270 1733 per
2304 1661 2684 1732 ignorantiam,
2711 1670 2770 1714 ut
2799 1659 2961 1713 faciat
2994 1657 3274 1727 quidpiam
3303 1671 3369 1709 ex
3402 1654 3496 1708 his
3526 1667 3669 1722 qua:
3691 1651 3802 1704 Do—

2174 1754 2302 1807 mini
2359 1753 2476 1822 lege
2513 1750 2872 1821 prohibentur
2923 1757 3087 1816 atque
3150 1741 3458 1813 delinquat.
3529 1742 3803 1796 (Senen-

2173 1845 2295 1899 liter
2318 1843 2385 1897 de
2407 1841 2559 1895 omni
2581 1849 2802 1909 peccato
2837 1838 3160 1909 praecipiens
3188 1845 3244 1894 et
3273 1835 3482 1904 jubens
3511 1848 3658 1901 qua:
3702 1833 3800 1884 dv-

2173 1933 2365 1986 hereut
2402 1929 2610 1992 oﬂerri,
2643 1944 2791 1982 nunc
2812 1940 3030 1996 quoque
3051 1925 3120 1978 de
3175 1923 3390 1978 eisdem
3453 1919 3597 1974 aliis
3649 1934 3792 1987 quo-

2173 2009 2466 2080 datumodo
2496 2022 2711 2076 videtur
2739 2020 2959 2074 sancire.
2980 2017 3353 2072 sermonibus.
3389 2012 3794 2079 Quamobrem

2173 2124 2357 2170 autem
2388 2113 2643 2183 superius
2674 2111 2924 2182 quaedam
2958 2124 3058 2180 pro
3075 2117 3320 2179 peccato,
3342 2114 3400 2160 et
3446 2119 3573 2158 non
3597 2102 3792 2156 omnia

2174 2205 2440 2275 exposuit.
2465 2203 2762 2274 Oportebat
2804 2201 3006 2270 quippe
3077 2207 3138 2253 ut
3159 2206 3255 2252 aut
3276 2197 3471 2259 omnia
3495 2210 3622 2265 per.
3674 2194 3791 2246 sin-

2173 2297 2294 2369 gula
2322 2302 2646 2366 exponeret,
2675 2302 2771 2348 aut
2809 2293 3029 2363 penitus
3079 2290 3240 2355 nihil,
3299 2304 3428 2344 cum
3489 2285 3790 2358 generalis

2174 2391 2223 2446 ei
2273 2389 2670 2445 demonstratio
2713 2386 2923 2458 peccati
2985 2383 3279 2439 sudiceret.
3339 2381 3449 2436 Sed
3517 2397 3652 2435 non
3708 2381 3790 2436 its

2175 2497 2233 2536 se
2296 2481 2498 2535 habent
2546 2478 2714 2533 verba
2772 2474 3124 2548 legislatoris,
3196 2473 3343 2528 sicut
3393 2472 3633 2542 quidam
3680 2487 3787 2525 ne-

2177 2572 2441 2642 gligenter
2520 2569 2759 2639 legentes
2856 2564 3203 2621 existimant.
3300 2561 3541 2628 Quando
3631 2560 3788 2620 enim

2175 2660 2316 2716 dixit
2356 2677 2370 2713 :

2246 2749 2457 2814 Quodsi
2499 2749 2790 2816 peccaverit
2825 2745 2888 2798 de
2943 2743 3136 2812 populo
3177 2751 3334 2795 terra:
3359 2756 3454 2808 per
3510 2740 3784 2809 ignoran-

2175 2844 2326 2905 tiam,
2356 2851 2414 2896 ut
2441 2843 2602 2913 faciat
2625 2840 2904 2910 quidpiam
2935 2854 2998 2892 ea:
3028 2838 3107 2890 Itis
3131 2851 3248 2906 qua:
3279 2834 3489 2887 Domini
3514 2833 3634 2903 lege
3653 2850 3782 2902 pro-

2173 2936 2437 2999 hibentur,
2465 2943 2626 3004 atque
2650 2932 2940 3002 delinquat,
2973 2929 3283 2986 scnsibilem
3307 2925 3568 2980 lsraeiem
3585 2936 3783 2980 osten-

2176 3028 2274 3092 dit,
2308 3028 2398 3098 qui
2421 3039 2754 3096 cognoscens
2786 3024 2878 3077 Dei
2919 3023 3207 3085 mmdata,
3245 3037 3355 3075 non
3383 3019 3583 3074 debuit
3610 3019 3778 3087 quid-

2179 3117 2326 3187 piam
2357 3115 2490 3187 legis
2525 3114 2847 3186 transgredi.
2882 3111 3283 3183 Transgressus
3311 3119 3520 3169 autem.
3540 3108 3776 3177 implere

2178 3209 2360 3265 debuit
2383 3224 2446 3263 ea
2477 3223 2601 3278 quae
2625 3207 2691 3261 ad
2728 3206 3109 3276 paenitentiam
3136 3203 3434 3274 pertinent.
3496 3198 3554 3254 In
3630 3217 3773 3270 prte-

2179 3301 2320 3355 senti
2347 3307 2530 3354 autem
2563 3298 2796 3352 dicens:
2849 3297 2906 3350 Si
2948 3295 3262 3366 peccaverit
3302 3294 3508 3355 anima,
3559 3309 3767 3362 nequa-

2179 3407 2342 3462 quam
2378 3388 2606 3456 addidit,
2642 3387 2710 3442 de
2745 3387 2946 3458 populo
2965 3396 3144 3447 terrae,
3171 3397 3227 3438 et
3254 3383 3597 3438 rectissime.
3633 3381 3769 3436 Dicit

2179 3484 2326 3538 enim
2355 3490 2576 3552 peccata
2612 3497 2643 3535 a
2669 3479 2868 3549 quibus
2891 3493 3114 3533 necesse
3173 3477 3264 3539 sit,
3294 3473 3602 3530 Secundum
3628 3474 3767 3543 quod

2181 3572 2522 3636 aitJacobus,
2544 3571 2826 3625 etiamhos
2841 3569 2932 3639 qui
2949 3577 3077 3623 sunt
3104 3584 3169 3622 ex
3195 3565 3444 3638 gentibus
3471 3564 3762 3623 abstinere.

2181 3665 2234 3720 id
2252 3671 2334 3719 est
2362 3662 2696 3732 idolothytis,
2719 3660 3098 3723 etsuﬁ‘ocatis,
3138 3668 3194 3713 et
3248 3657 3539 3728 sanguine,
3567 3666 3626 3710 et
3662 3656 3765 3709 fur-

2184 3755 2483 3812 nicatione.
2516 3754 2576 3807 ln
2606 3753 2694 3808 his
2719 3753 2864 3807 enim
2909 3751 3158 3806 invenies
3214 3751 3503 3820 sequentia
3558 3765 3764 3803 connu-

2183 3854 2410 3902 tuerata.
2438 3845 2644 3900 Deinde
2674 3845 2926 3916 superius
2956 3843 3098 3914 quod
3157 3851 3239 3897 est
3265 3850 3554 3913 peccatum
3576 3841 3760 3894 unius-

2183 3939 2447 4008 cujusque
2471 3951 2566 4006 per
2593 3935 2949 4005 semetipsqu
2988 3933 3383 4002 delinquentis,
3415 3943 3472 3988 et
3491 3933 3639 4002 quod
3673 3948 3761 4000 per

2183 4043 2241 4083 se
2271 4028 2391 4096 quis
2421 4025 2612 4097 gessit,
2635 4024 2970 4092 designatur.
3001 4023 3098 4078 llic
3129 4031 3312 4076 autem
3352 4037 3476 4076 eum
3511 4023 3601 4092 qui
3634 4023 3757 4076 alie-

2184 4121 2268 4175 nis
2293 4118 2526 4190 peccatis
2548 4115 2975 4172 communicavit
3030 4116 3398 4179 demonstrat,
3449 4113 3556 4168 hoc
3614 4115 3754 4168 enim

2186 4221 2358 4266 tactus
2385 4207 2650 4262 immundi
2687 4215 2741 4260 et
2766 4204 3069 4266 morticini,
3132 4214 3188 4256 et
3228 4219 3257 4256 a
3289 4203 3480 4257 bestiis
3507 4205 3647 4273 capti
3680 4205 3757 4256 in—

2185 4302 2324 4364 nuit,
2351 4314 2458 4353 non
2483 4313 2578 4368 per
2609 4297 2918 4367 zenigmata,
2949 4295 3043 4349 sed
3069 4302 3257 4360 aperte
3283 4308 3586 4362 exponens,
3614 4297 3752 4364 quod

503 4399 591 4446 ea,
650 4385 960 4452 subjacebit
1010 4386 1233 4442 delicto.
1281 4390 1477 4444 Anima
1514 4409 1638 4460 quae
1680 4395 1967 4464 juraverit,
2022 4407 2079 4453 et
2115 4404 2154 4455 ι)
2185 4394 2400 4463 quidam
2437 4389 2765 4458 despiciunt,
2789 4387 2966 4451 idest,
3009 4387 3237 4439 alterius
3265 4387 3321 4439 in
3347 4401 3590 4440 errorem
3627 4390 3751 4442 mit«

508 4475 792 4544 protulerit
817 4477 975 4533 labiis
1004 4478 1137 4542 suis,
1169 4486 1229 4534 ut
1250 4481 1334 4535 vel
1359 4482 1497 4536 male
1525 4484 1656 4552 quid
1682 4485 1862 4542 facere
1891 4489 2075 4553 vellet,

497 4567 594 4620 vel
631 4569 792 4631 bene,
828 4576 883 4622 et
907 4569 1142 4639 idipsum
1189 4571 1504 4640 juramento
1527 4583 1583 4629 et
1606 4591 1859 4633 sermone
1889 4580 2074 4636 ﬁrma-

507 4659 645 4714 verit
695 4659 969 4729 oblitaque
995 4671 1181 4730 postea
1233 4663 1563 4721 intellexerit
1588 4667 1848 4724 delictum
1882 4685 2068 4739 suum,

507 4761 628 4824 agat
675 4753 1052 4822 paenitentiam
1076 4771 1175 4826 pro
1202 4768 1446 4828 peccato,
1475 4768 1531 4814 et
1560 4759 1756 4817 oll‘erat
1778 4778 1974 4833 agnam
2011 4766 2080 4821 de

505 4846 776 4918 gregibus,
807 4847 921 4902 sive
946 4862 1185 4918 capram,
1215 4851 1498 4921 orabitque
1549 4869 1649 4924 pro
1676 4871 1743 4910 eo
1797 4858 2078 4920 sacerdos,

506 4945 561 4991 et
590 4952 688 5006 pro
717 4946 938 5006 peccato
967 4938 1106 5007 ejus.
1138 4937 1235 4994 Sin
1271 4950 1451 4995 autem
1488 4957 1598 4996 non
1617 4945 1856 5012 potuerit
1875 4946 2076 5001 oti’erre

509 5042 693 5095 pecus,
722 5028 916 5084 oﬂ‘erat
935 5028 1073 5081 duos
1103 5037 1343 5083 turtures
1373 5032 1454 5084 vel
1485 5031 1622 5086 duos
1652 5036 1828 5102 pullos
1866 5036 2082 5089 colum-

509 5115 698 5171 barum
733 5118 981 5181 Domino,
1013 5132 1178 5169 unum
1246 5133 1344 5186 pro
1375 5130 1617 5188 peccato,
1647 5131 1703 5176 et
1737 5124 1971 5177 alterum
2028 5125 2080 5178 in

511 5205 908 5270 holocaustum,
943 5207 1200 5276 dabitque
1246 5223 1340 5263 eos
1360 5211 1653 5265 sacerdoti.
1682 5213 1784 5278 Qui
1840 5214 2078 5282 primum

513 5292 747 5347 oll‘erens
765 5308 863 5360 pro
886 5301 1128 5361 peccato,
1159 5296 1496 5363 retorquebit
1517 5308 1680 5365 caput
1703 5299 1822 5368 ejus
1851 5302 1916 5353 ad
1944 5317 2078 5369 pen-

515 5383 692 5448 nulas,
725 5382 797 5436 ita
833 5385 1042 5438 utcollo
1074 5385 1294 5449 haereat,
1321 5397 1506 5441 etnon
1527 5390 1746 5457 penitus
1784 5393 2081 5462 abrumpa-

517 5479 624 5534 tur,
645 5481 700 5524 ct
720 5481 970 5542 asperget
993 5473 1059 5527 de
1088 5475 1351 5542 sanguine
1405 5477 1525 5544 ejus
1575 5479 1840 5547 parietem
1873 5481 2086 5536 altaris.

517 5558 786 5629 Quidquid
812 5570 990 5615 autem
1021 5562 1285 5631 reliquum
1309 5565 1488 5634 fuerit,
1519 5567 1679 5622 faciet
1709 5569 1972 5626 distillare
2027 5573 2091 5626 ad

589 5679 634 5712 ’³
653 5695 845 5750 Matth.
879 5713 930 5761 ι,
964 5696 1045 5749 l6.

2183 4484 2346 4538 tz-ntis
2369 4497 2476 4535 non
2498 4494 2726 4550 arguere
2784 4492 3049 4535 errorem.
3101 4476 3197 4530 sed
3245 4492 3577 4532 consensum
3621 4495 3749 4548 pra:-

2180 4573 2330 4628 bere.
2361 4571 2516 4626 Nune
2539 4585 2667 4641 ergo
2697 4568 2940 4623 ostendit
2959 4568 3084 4638 quia
3106 4577 3160 4620 et
3187 4567 3241 4621 in
3274 4567 3380 4623 hoc
3407 4569 3748 4630 oblationem,

2182 4679 2300 4718 eam
2367 4663 2619 4718 videlicet
2666 4677 2788 4730 qu-e
2832 4661 2899 4714 ad
2947 4661 3285 4730 poenitentiae
3361 4661 3748 4716 absolutionem

2183 4756 2440 4828 pertinet,
2467 4753 2827 4808 necessariam
2854 4753 3180 4806 habeamus.

2253 4847 2310 4903 Si
2341 4847 2626 4916 peccaverit
2671 4847 2876 4908 anima,
2913 4856 2962 4899 et
3019 4847 3254 4901 audierit
3311 4863 3487 4901 vocem
3509 4848 3747 4918 jurantis,

2188 4939 2429 5008 testisque
2451 4937 2784 5009 fuerit,quod
2815 4945 2908 4988 aut
2940 4936 3051 5005 ipse
3092 4937 3241 5000 vidit,
3280 4946 3371 4991 aut
3422 4938 3650 4990 conscias
3666 4940 3743 4998 sit.

2187 5031 2240 5083 id
2259 5039 2354 5095 est,
2391 5031 2436 5084 si
2458 5029 2639 5099 aliqua
2671 5031 2870 5098 furtum
2897 5038 2993 5082 aut
3045 5029 3224 5082 dolum
3245 5031 3488 5100 faciente,
3521 5041 3565 5084 et
3589 5031 3748 5101 jusju-

2186 5123 2412 5176 randum
2439 5137 2533 5190 pro
2564 5123 2637 5175 eis
2663 5124 2844 5184 dante,
2873 5123 3051 5176 videns
3074 5122 3268 5192 aliquis
3294 5124 3497 5194 furtum
3528 5135 3619 5178 aut
3666 5127 3745 5177 do-

2189 5209 2294 5263 lum
2323 5227 2475 5280 quem
2498 5211 2640 5280 fecit,
2702 5209 2782 5262 vel
2818 5209 2976 5263 aliter
3003 5211 3236 5264 conscius
3268 5212 3406 5279 quod
3435 5213 3566 5282 false
3589 5213 3734 5283 jam,

2188 5317 2288 5352 non
2311 5301 2616 5368 prodiderit,
2642 5300 2872 5370 portabit
2915 5302 3270 5371 iniquitatem.
3304 5301 3371 5355 Et
3427 5313 3588 5358 recte.
3628 5303 3736 5357 Nam

2193 5392 2277 5445 cui
2302 5392 2455 5446 licuit
2481 5408 2707 5462 arguere
2741 5403 3043 5460 peccatum,
3076 5404 3131 5448 et
3180 5395 3331 5457 texit,
3396 5395 3606 5465 adjutor
3642 5398 3738 5466 ejus

2195 5482 2384 5552 procul
2406 5483 2571 5537 dubio
2601 5483 2778 5538 factus
2804 5494 2908 5539 est.
2947 5483 3050 5550 Qui
3098 5501 3226 5540 vero
3251 5487 3543 5543 auxiliatus
3565 5500 3657 5552 est,
3688 5490 3730 5542 in

2199 5575 2558 5644 semetipsum
2617 5585 2902 5646 peccatum
2955 5576 3134 5631 traxit.
3187 5577 3303 5632 Non
3368 5581 3540 5636 solum
3585 5592 3733 5636 autem
