3886 6306
34 321 185 385 833

1251 305 1331 378 ῘΝ
1369 306 1809 380 LEVITICUM.
1851 342 1916 356 -
1959 309 2107 379 LIB.
2147 307 2200 379 Ῐ.

3252 326 3354 388 εῖιῑ

0 508 3 521 Ι
45 429 335 499 praedicti
357 429 566 501 peccati
630 415 1036 494 immunditiam
1086 427 1395 481 evitandam
1444 427 1675 498 putavit,
1717 437 1749 489 Α
1783 425 2187 481 eonniventiam
2218 425 2444 496 praebet,
2488 427 2573 483 vel
2628 394 2688 483 in
2743 444 2809 484 eo
2860 430 3004 500 quod
3040 432 3255 503 placent
3281 448 3358 490 ta-

0 532 3 537 '
44 523 181 579 sed
200 533 262 579 et
288 523 335 578 si
361 522 485 592 quis
514 521 753 591 tetigerit
809 536 1028 575 omnem
1061 535 1176 575 rem
1201 520 1558 586 immundam,
1583 528 1675 574 aut

0 604 3 693 Ῐ
44 612 462 677 morticinam,
496 619 593 667 aut
621 625 653 665 a
686 612 880 666 bestiis
924 619 1165 681 captam,
1224 624 1336 664 non
1403 611 1671 682 corporis,

0 716 3 721 ‘
38 705 174 762 sed
212 704 295 759 rei
321 703 636 759 immundas
663 700 910 758 actiones
937 701 1230 758 ostendere
1263 699 1513 773 cupiens,
1569 715 1675 755 nec

42 797 205 850 illas
232 793 616 850 immunditias
663 809 801 863 quas
838 792 1153 847 Judmorum
1200 807 1336 864 gens
1375 790 1672 845 existimat.

42 884 218 954 Qum
256 885 369 940 sint
397 892 581 939 autem
638 884 891 939 actiones
956 898 1185 953 quarum
1248 881 1674 938 communicatio

44 981 232 1034 sicut
264 975 673 1032 immundarum
705 975 961 1031 evitanda
987 983 1092 1041 est,
1119 972 1370 1029 Salvator
1398 972 1673 1042 apostolos

41 1070 294 1134 docuit,
335 1068 566 1125 dicens:
625 1067 808 1122 Adhuc
823 1077 881 1146 ,ει
919 1082 1007 1120 vos
1052 1067 1164 1120 sine
1219 1065 1484 1118 intellectu
1510 1063 1677 1117 estis?

42 1160 312 1215 Nescitis
339 1161 465 1231 quia
497 1176 648 1215 omne
675 1160 814 1231 quod
870 1159 1165 1230 ingreditur
1206 1158 1262 1211 in
1318 1172 1399 1222 os,
1452 1157 1509 1209 in
1551 1172 1676 1209 ven-

48 1252 221 1305 trem
256 1251 426 1316 vadit,
458 1259 507 1305 et
537 1252 593 1304 in
642 1266 902 1303 secessum
959 1249 1220 1302 emittitur
1253 1262 1272 1301 :
1326 1261 1442 1315 quae
1498 1253 1675 1298 autem

44 1343 432 1414 egrediuntur
460 1342 524 1396 de
547 1358 657 1403 ore,
683 1341 746 1394 de
769 1339 922 1393 corde
951 1346 1141 1393 exeunt
1167 1377 1181 1402 ,
1252 1346 1300 1391 et
1342 1338 1453 1391 luce
1502 1335 1676 1406 inqui-

42 1443 217 1488 nant
251 1433 513 1505 hominem
534 1432 560 1485 ?
591 1431 798 1485 Etenim
827 1432 890 1484 de
945 1430 1098 1503 corde
1119 1438 1308 1482 exeunt
1330 1428 1673 1499 cogitationes

44 1525 267 1587 suam,
295 1524 603 1590 homicidia,
634 1522 927 1587 adulteria,
960 1521 1101 1593 falsa
1152 1522 1472 1582 testimonia,
1504 1521 1672 1590 furta,

0 1610 3 1627 J
41 1616 435 1689 blasphemia.
471 1613 601 1671 lites
620 1622 741 1669 sunt
785 1629 901 1685 qua:
930 1613 1267 1684 coinquinant
1290 1610 1671 1682 hominem)".

0 1716 3 1733 τ
52 1710 325 1781 Propter
354 1708 500 1780 quod
531 1706 902 1763 etimmunda:
954 1721 1066 1772 res,
1125 1712 1314 1775 utpote
1364 1705 1673 1775 polluentes

41 1816 176 1855 eos
205 1815 240 1853 ιι
280 1799 479 1869 quibus
504 1804 819 1868 tanguntur,
854 1795 907 1849 id
939 1803 1022 1850 est
1042 1810 1139 1849 eos
1153 1794 1668 1865 quicommunicant
1705 1780 1744 1834 Β

40 1894 178 1956 eis.
211 1908 244 1947 a
287 1891 598 1962 legislature
655 1887 945 1942 intellectae
1005 1893 1135 1940 sunt
1204 1883 1523 1943 morticinae.
1573 1882 1669 1940 llis

0 1981 277 2039 similis
298 1981 463 2036 estin
499 1979 798 2050 polluendo
856 1977 1021 2031 homo
1084 1975 1177 2047 qui
1226 1992 1322 2046 per
1383 1983 1666 2045 peccatum

0 2088 5 2099 '
42 2085 332 2131 mortuus
360 2080 464 2139 est,
491 2073 558 2126 de
586 2071 839 2141 qualibus
872 2068 1136 2123 Dominus
1174 2068 1391 2124 dicebat
1415 2085 1429 2120 :
1452 2068 1669 2123 Dimitte

0 2160 7 2194 ί
40 2174 314 2219 mortuos
340 2162 556 2229 sepelire
580 2148 813 2215 mortuos
834 2174 955 2213 suos
991 2157 1058 2214 “.
1089 2155 1135 2210 A
1164 2155 1353 2211 bestiis
1371 2162 1550 2209 autem
1573 2169 1668 2211 ca-

42 2267 206 2328 ptus
235 2263 341 2321 est,
369 2254 485 2324 qui.
504 2261 766 2324 operante
797 2251 851 2305 in
883 2265 951 2305 eo
975 2249 1212 2311 diabolo,
1248 2255 1457 2303 tractus
1476 2255 1562 2303 est
1598 2246 1667 2302 ad

4 2356 7 2363 '
38 2349 319 2417 aliquam
353 2344 628 2399 actionem
653 2342 872 2403 malam.
921 2339 1384 2411 quemadmodum
1407 2336 1575 2394 ludas
1598 2337 1665 2393 ad

1 2448 7 2471 ⁵
41 2435 413 2494 tradendum
440 2434 758 2507 Dominum,
789 2434 859 2488 de
917 2448 1028 2504 quo
1054 2430 1297 2487 Joannes
1334 2431 1667 2501 evangelista

36 2536 143 2585 ait
199 2546 214 2583 :
252 2526 324 2581 Et
348 2528 495 2598 facta
516 2542 681 2591 cana,
744 2527 1058 2583 imminente
1086 2524 1296 2579 diabolo
1330 2525 1385 2579 in
1407 2541 1496 2578 cor
1528 2524 1664 2594 ejus,

38 2634 115 2678 ut
164 2622 551 2676 tradercteurn
585 2619 750 2675 ludas
805 2618 1037 2676 Simonis
1086 2619 1358 2674 Iscariota:
1377 2618 1478 2671 "‘.
1526 2618 1665 2684 Quia

0 2734 1 2749 λ
47 2724 275 2770 autem
301 2713 359 2766 in
378 2709 522 2766 LXX
552 2710 925 2781 translatione,
962 2724 1072 2764 non
1125 2709 1266 2763 dixit
1289 2706 1610 2777 simpliciter
1634 2721 1666 2761 a

38 2804 255 2862 bestia
284 2810 525 2874 captum,
560 2802 657 2857 sed
693 2800 922 2866 addidit,
976 2799 1345 2860 immundum,
1386 2797 1479 2868 qui
1509 2805 1596 2852 est
1634 2811 1665 2852 a

36 2893 260 2951 bestia
292 2889 502 2962 captus,
538 2900 698 2960 putas
724 2905 834 2943 non
879 2896 966 2943 est
992 2886 1310 2942 omnimodo
1339 2895 1396 2942 et
1421 2887 1663 2940 immun-

36 2987 222 3047 dus?
252 2985 321 3040 Et
350 2987 586 3041 dicimus
619 3003 633 3038 :
666 2983 1042 3054 Nequaquam.
1095 2981 1282 3052 Neque
1310 2980 1455 3036 enim
1488 2979 1666 3035 omnis

0 3088 3 3123 ι
37 3082 165 3156 qui
205 3096 239 3135 a
271 3078 442 3134 bestia
462 3077 695 3149 capitur,
723 3077 838 3147 jam
897 3075 1213 3132 omnimodo
1241 3074 1310 3130 ab
1348 3089 1410 3128 ea
1442 3082 1498 3128 et
1525 3072 1667 3128 occi-

0 3212 1 3215 η
36 3178 248 3232 ditur.
279 3170 530 3225 Forsitan
561 3170 708 3224 enim
735 3178 792 3226 et
821 3178 1109 3241 postquam
1137 3168 1349 3237 capitur
1381 3166 1664 3229 liberatur,

0 3302 3 3305 ν
40 3270 226 3325 sicut
258 3263 449 3319 Petrus
481 3282 494 3318 :
528 3262 719 3318 incidit
756 3263 904 3318 enim
963 3262 1017 3317 in
1051 3259 1255 3315 diaboli
1279 3258 1492 3330 laqueo,
1527 3267 1669 3314 tem-

42 3373 216 3431 νοτε
256 3354 584 3429 negationis.
615 3352 723 3410 Sed
751 3362 807 3410 et
872 3353 1205 3424 resipiscens
1234 3352 1429 3418 evasit,
1453 3360 1510 3407 et
1539 3350 1671 3407 dicit

52 3465 218 3509 cum
246 3446 457 3502 David:
497 3446 691 3501 Anima
718 3462 835 3500 mea
891 3445 1026 3501 sicut
1068 3460 1251 3515 passer
1288 3451 1466 3514 erepta
1494 3450 1569 3498 est
1607 3441 1670 3495 de

42 3547 274 3615 laqueo
299 3539 604 3594 venantium
624 3539 691 3591 ’7.
727 3537 826 3592 Hic
849 3552 981 3609 ergo
1038 3535 1356 3591 immundus
1402 3549 1516 3589 non
1541 3541 1625 3589 est
1650 3548 1666 3601 ;

0 3646 1 3677 1
40 3632 173 3689 sed
203 3626 455 3698 quaedam
484 3624 828 3689 dtll‘erentitc,
885 3626 939 3681 id
979 3633 1082 3690 est,
1140 3623 1444 3679 secundum
1503 3620 1666 3686 LXX,

45 3715 501 3778 morticinorum
534 3717 725 3787 posita:
751 3724 901 3770 sunt.
932 3714 1008 3770 De
1040 3714 1241 3784 quibus
1272 3712 1520 3784 quaedam
1534 3712 1671 3767 dixit

43 3827 205 3871 csse
235 3825 455 3881 pecora,
490 3808 738 3879 quaedam
765 3823 897 3862 vero
924 3805 1384 3862 abominationes.
1422 3803 1667 3860 Mortici-

45 3921 215 3964 num
245 3911 430 3957 autem
450 3916 639 3972 pecus,
674 3908 761 3957 est
792 3899 956 3955 homo
1016 3914 1114 3969 per
1141 3897 1508 3968 insipientiam
1538 3909 1669 3967 pec-

41 4013 237 4059 cans,
272 4004 329 4048 et
352 3993 621 4064 pecudum
653 4002 845 4048 contra
873 3992 1047 4062 legem
1082 3991 1249 4045 vitam
1283 3990 1511 4052 ducens,
1532 4002 1669 4058 qua-

44 4098 228 4150 libus
258 4088 335 4142 ait
357 4085 523 4141 David
550 4103 563 4137 :
598 4084 776 4140 Nolite
791 4084 908 4154 ﬁeri
931 4086 1067 4139 sicut
1099 4100 1262 4155 equus
1289 4092 1337 4137 et
1366 4081 1560 4143 mulus.
1612 4081 1670 4135 in

40 4179 272 4250 quibus
299 4192 402 4229 non
427 4187 500 4231 est
526 4175 824 4230 intellectus
849 4174 895 4207 ⁸⁸
927 4193 941 4241 ;
971 4174 1065 4230 sed
1125 4173 1288 4229 etiam
1323 4172 1391 4228 de
1420 4172 1672 4242 qualibus

43 4269 352 4331 Jcremias
383 4268 458 4323 ait
488 4284 501 4320 :
527 4267 629 4333 Qui
657 4268 965 4322 admissarii
987 4268 1115 4338 facti
1143 4281 1285 4332 sunt,
1315 4267 1668 4339 unusquisque

42 4378 270 4423 eorum
295 4364 366 4415 ad
396 4376 617 4415 uxorem
650 4360 879 4431 proximi
906 4360 989 4413 sui
1035 4359 1386 4413 [tinniebat”.
1439 4357 1666 4412 Abomi-

1779 517 1871 581 lia,
1905 518 2082 573 modis
2105 518 2362 573 omnibus
2416 519 2695 589 polluitur.
2727 520 2824 575 ilic
2845 536 3041 577 sensus
3097 540 3163 580 eo
3198 527 3361 582 modo

1778 610 1834 664 in
1905 609 2160 680 praesenti
2235 625 2453 682 quoque
2527 614 2886 670 translatione
2918 616 2965 668 si
3020 616 3356 679 intendatur.

1776 700 1945 756 venit.

1846 786 1951 845 Sed
1976 800 2024 844 et
2059 792 2106 846 si
2135 792 2357 863 tetigerit
2382 793 2656 861 quidpiam
2677 796 2741 848 de
2771 796 3106 851 immunditia
3135 800 3360 856 hominis

1770 881 1932 949 juxta
1960 899 2165 937 omnem
2190 884 2557 952 inrpuritatem
2593 902 2696 956 qua
2738 886 2905 956 pollui
2933 887 3082 953 solet,
3119 890 3184 943 de
3213 891 3358 943 omni

1776 974 2037 1027 munditia
2070 975 2184 1045 ejus
2214 991 2578 1046 quamcunque
2607 988 2826 1046 tangens
2883 977 3117 1046 pollutus
3175 981 3355 1051 fuerit.

1775 1063 1919 1118 Dicit
1946 1071 2128 1119 autem
2188 1067 2487 1120 secundum
2530 1064 2789 1131 litteram,
2842 1080 2938 1121 eos
2995 1068 3085 1138 qui
3133 1070 3360 1124 seminis

1775 1153 1978 1209 ﬂuxum
2003 1155 2305 1225 patiuntur,
2330 1163 2389 1211 et
2424 1167 2813 1220 menstruatas,
2835 1169 2889 1212 et
2915 1161 3176 1228 quosdam
3198 1161 3355 1226 alios,

1774 1245 1843 1300 de
1882 1245 2085 1315 quibus
2102 1247 2356 1301 subtilius
2386 1248 2502 1317 ipse
2542 1247 2819 1318 legislator
2844 1249 3006 1319 paulo
3040 1259 3161 1319 post
3196 1250 3355 1315 dicit,

1778 1337 1833 1390 in
1859 1336 2071 1405 quibus
2093 1337 2287 1391 horum
2322 1336 2721 1407 expositionem
2768 1341 3171 1395 reservavimus
3204 1358 3216 1391 :
3251 1341 3357 1395 hoc

1775 1429 2116 1485 solummodo
2164 1445 2310 1484 nunc
2347 1445 2448 1500 pro
2495 1432 3014 1486 commemoratione
3066 1443 3356 1502 ponentes,

1773 1519 1918 1588 quod
1952 1535 2062 1574 non
2087 1521 2267 1574 omnis
2288 1521 2631 1575 immunditia
2690 1521 2933 1577 hominis
2980 1524 3174 1593 polluit
3233 1534 3356 1577 tan-

1771 1620 2013 1680 gentem,
2055 1610 2287 1681 ideoque
2308 1611 2456 1665 enim
2493 1612 2631 1666 dixit
2662 1627 2676 1664 :
2705 1610 2873 1667 Juxta
2897 1630 3104 1668 omnem
3129 1616 3357 1684 impuri-

1774 1712 1935 1756 tatem
1963 1718 2067 1774 qua
2096 1702 2261 1772 pollui
2283 1703 2434 1793 solet‘,
2485 1703 2786 1759 secundum
2840 1704 2984 1759 LXX
3038 1718 3220 1762 autem
3293 1709 3357 1763 ab

1775 1795 1917 1848 omni
1938 1795 2275 1848 itnmunditia
2303 1794 2438 1864 ejus,
2471 1811 2633 1866 quam
2663 1805 2882 1867 tangens
2913 1797 3143 1867 pollutus
3175 1802 3359 1872 fuerit.

1774 1884 1906 1951 Quae
1929 1886 2038 1940 sint
2063 1892 2247 1940 autem
2283 1886 2369 1940 hae
2406 1901 2532 1940 cum
2566 1885 2634 1941 de
2691 1887 2774 1942 eis
2818 1889 3094 1961 legislator
3140 1891 3357 1947 locutus

1775 1974 1957 2041 fuerit,
1991 1976 2238 2032 dicemus
2269 1995 2284 2032 :

1844 2068 2040 2123 Anima
2064 2068 2462 2140 qutejurauerit
2498 2079 2548 2122 et
2598 2069 2876 2138 protulerit
2924 2071 3079 2126 labiis
3122 2073 3252 2128 suis.
3296 2072 3352 2128 Id

1772 2170 1859 2217 est
1889 2170 2075 2231 aperte
2098 2161 2444 2232 promittens,
2477 2162 2621 2232 quod
2649 2161 2792 2216 LXX
2837 2162 3049 2228 dicunt,
3096 2180 3354 2234 separans

1774 2251 1957 2318 labris,
1994 2260 2055 2306 ut
2086 2252 2171 2307 vel
2203 2251 2343 2306 male
2383 2252 2513 2323 quid
2541 2251 2723 2307 facere
2762 2252 2945 2316 vellet,
2980 2251 3066 2306 vel
3096 2256 3253 2316 bene,
3300 2254 3352 2307 in

1773 2345 1971 2414 quibus
2001 2352 2285 2416 peccatum
2312 2354 2417 2410 est,
2451 2344 2672 2414 quando
2720 2343 2769 2399 is
2797 2344 2890 2414 qui
2931 2344 3071 2399 bene
3101 2346 3355 2415 promisit

1772 2437 1953 2494 facere
1985 2437 2268 2503 mentitur,
2295 2449 2389 2491 aut
2426 2436 2519 2508 qui
2561 2436 2702 2491 mala
2756 2436 2996 2492 minatus
3017 2447 3119 2503 est,
3146 2438 3351 2492 verita-

1773 2528 2065 2584 tem'dictt.
2093 2528 2249 2595 Quod
2284 2536 2340 2584 et
2379 2527 2624 2583 Herodes
2668 2542 2963 2598 perpessus
2990 2535 3096 2594 est,
3131 2530 3223 2599 qui
3254 2545 3354 2601 pro

1772 2634 1839 2674 eo
1865 2620 2006 2691 quod
2029 2620 2232 2690 juravit
2256 2618 2550 2675 llerodiadi
2571 2617 2838 2674 Joannem
2862 2618 3156 2690 Baptistam
3176 2619 3354 2691 capite

1771 2711 2137 2775 detruncavit,
2173 2710 2448 2782 oblitaque
2469 2718 2659 2782 postea
2704 2711 3034 2766 intellexerit
3093 2711 3352 2767 delictum

1771 2818 1951 2857 suum.
1975 2800 2168 2857 Omnia
2196 2802 2312 2857 haec
2349 2802 2604 2857 videlicet
2631 2817 2754 2873 quae
2774 2798 2930 2858 dicta
2971 2812 3121 2865 sunt,
3178 2818 3353 2858 unus-

1771 2895 2001 2965 quisque
2023 2909 2146 2949 cum
2177 2895 2413 2949 senserit
2437 2903 2491 2950 et
2513 2895 2856 2968 cognoverit,
2885 2894 3213 2950 conﬁteatur
3224 2911 3353 2966 pec-

1771 2997 1954 3043 catmn
1978 2987 2123 3058 quod
2154 2986 2304 3051 fecit,
2341 2996 2398 3042 et
2425 2986 2833 3059 olieratagnam
2866 2986 2933 3042 de
2958 2987 3212 3058 gregibus
3241 2988 3356 3044 sive

1771 3093 2018 3150 capram,
2051 3078 2176 3148 quia
2203 3079 2272 3133 de
2297 3077 2484 3148 aliquo
2507 3064 2690 3149 qui‘dc
2737 3080 2940 3149 populo
2969 3090 3073 3147 est,
3101 3079 3358 3136 videlicet

1772 3172 1841 3229 de
1866 3171 2025 3243 vulgo
2051 3168 2297 3241 loquitur
2314 3171 2419 3227 hoc
2444 3169 2586 3236 loco,
2633 3170 2777 3225 inter
2805 3186 2942 3241 quos
2961 3171 3225 3241 possibile
3272 3182 3357 3228 est

1771 3262 2070 3335 simplicem
2093 3262 2406 3335 quempiam
2450 3261 2689 3323 inveniri
2720 3277 2911 3333 agnam
2965 3261 3034 3317 de
3079 3263 3354 3334 gregibus.

1772 3364 1966 3426 utpote
2015 3365 2198 3425 aptam
2254 3350 2511 3422 simplici,
2580 3350 3039 3421 quemadmodum
3100 3353 3356 3422 superius

1771 3445 2009 3500 diximus
2039 3445 2093 3499 in
2119 3444 2243 3508 hoc,
2274 3442 2344 3498 de
2374 3457 2485 3512 quo
2512 3457 2664 3497 nunc
2691 3456 2876 3496 sermo
2921 3450 3028 3508 est,
3082 3440 3355 3498 sacrificio

1769 3535 1887 3590 sive
1937 3534 2261 3606 pwnitentia
2348 3542 2496 3588 recte
2569 3530 2875 3587 custodivit
2919 3530 3131 3598 ollerri,
3186 3532 3352 3586 ﬁnem

1771 3625 2059 3696 adjiciens.

1845 3716 2133 3787 Orabitque
2161 3730 2256 3782 pro
2289 3729 2350 3766 eo
2368 3713 2636 3776 sacerdos,
2694 3721 2743 3766 et
2809 3729 2904 3782 pro
2953 3721 3168 3782 peccato
3215 3710 3350 3783 ejus.

1772 3806 2065 3862 (Ionsuetis
2092 3803 2263 3859 utitur
2295 3802 2496 3868 verbis,
2551 3801 2605 3857 in
2634 3802 2955 3857 memoriam
2986 3812 3227 3858 nostram
3264 3820 3354 3858 rc—

1772 3912 1976 3975 vocans
2023 3912 2085 3951 ea
2110 3911 2231 3967 qua:
2275 3892 2526 3964 superius
2559 3894 2615 3948 in
2653 3894 3037 3964 deprecatione
3069 3910 3166 3964 pro
3229 3911 3353 3965 pec—

1771 3987 1909 4045 catis
1939 3987 2197 4058 prazcepit
2230 3986 2435 4058 peragi,
2478 4001 2601 4055 qua:
2663 3986 2860 4040 iterum
2885 3985 3090 4049 dicere,
3163 3996 3351 4057 utpote

1773 4078 1942 4134 semel
1977 4079 2139 4142 dicta,
2164 4076 2534 4132 necessarium
2554 4090 2661 4130 non
2685 4075 2971 4130 habemus.
2999 4075 3353 4133 Solummodo

1773 4179 1955 4223 autem
1981 4168 2086 4222 hoc
2108 4165 2450 4237 adjiciamus,
2485 4172 2547 4219 ut
2575 4164 2618 4219 si
2673 4164 2794 4234 quid
2840 4165 3035 4219 horum
3099 4165 3355 4238 princeps

1772 4260 2102 4332 peccaverit,
2141 4258 2351 4312 hircum
2381 4258 2451 4313 de
2471 4256 2649 4326 capris
2667 4256 2880 4321 otl‘erat,
2907 4256 3238 4315 oblationem
3252 4259 3354 4313 sibi

1775 4353 1993 4423 dignam
2023 4361 2079 4407 et
2112 4349 2513 4422 paenitentiam.
2542 4347 2647 4402 Per
2678 4348 2780 4403 hoc
2804 4350 2949 4403 enim
2982 4350 3127 4420 quod
3168 4351 3359 4405 multi-

47 4457 345 4517 nationes
365 4462 551 4509 autem
591 4452 907 4516 immundae,
939 4451 1105 4506 veluti
1132 4467 1316 4517 canes,
1365 4458 1423 4505 et
1470 4451 1663 4513 simize,
1704 4478 1748 4533 ι)
1779 4444 2046 4510 tudinem,
2082 4450 2139 4498 et
2165 4444 2219 4498 in
2246 4442 2334 4497 his
2357 4442 2424 4497 de
2449 4441 2649 4512 quibus
2676 4457 2825 4496 nunc
2850 4443 3004 4508 dixit,
3036 4443 3086 4498 id
3125 4450 3212 4498 cst
3267 4459 3355 4498 sa-

45 4565 123 4609 (ιι
175 4562 524 4619 quascunque
548 4544 672 4601 talia
697 4553 847 4608 sunt,
908 4544 976 4598 de
1028 4543 1353 4597 animalibus
1398 4543 1672 4614 appellan-

43 4655 198 4701 tur,
225 4652 348 4707 qua:
394 4637 558 4690 etiam
579 4635 648 4688 ab
678 4633 987 4688 inﬁdelibus
1007 4632 1357 4696 colebantur;
1388 4632 1473 4689 vel
1496 4632 1670 4702 quod-

46 4737 217 4791 lttiet
246 4727 461 4797 reptile,
502 4726 555 4780 id
576 4733 659 4779 est
694 4724 836 4795 quod
868 4740 1038 4795 super
1075 4732 1321 4779 ventrem
1350 4739 1508 4778 suum
1557 4731 1669 4778 tra-

45 4828 260 4886 hitur,
297 4833 421 4889 quae
451 4818 806 4881 nihilominus
829 4818 1190 4891 Symmachus
1218 4828 1275 4871 et
1300 4817 1491 4886 Aquila
1508 4817 1670 4886 repti-

46 4920 147 4975 lia
181 4911 499 4971 ediderunt,
531 4908 672 4963 LXX
706 4919 886 4964 autem
922 4909 1359 4963 abominationes.
1389 4908 1529 4979 Ergo
1575 4924 1673 4978 per

48 5020 204 5067 haec
242 5012 355 5057 tam
388 5001 725 5056 idololatrias
775 5001 1120 5070 apertissime
1181 4996 1452 5071 significat
1511 5016 1675 5069 quam

53 5105 121 5157 in
158 5093 280 5151 alio
306 5092 449 5148 malo
477 5093 750 5157 viventes,
779 5093 831 5148 id
864 5102 950 5147 est
976 5093 1031 5146 in
1054 5090 1195 5146 dolis
1262 5098 1318 5144 et
1348 5089 1405 5143 in
1449 5091 1672 5161 rapinis,

46 5193 206 5248 sive
236 5182 293 5236 in
319 5181 866 5251 aliisreupiditatihus.
902 5182 1000 5237 His
1026 5179 1283 5235 omnibus
1314 5181 1356 5235 si
1393 5181 1515 5250 quis
1535 5190 1678 5236 tactu

48 5275 609 5338 etimmunicaverit.
627 5285 682 5330 et
695 5276 898 5331 oblitus
915 5274 1214 5348 l'ucrit,vel,
1236 5284 1293 5327 ut
1314 5272 1457 5328 LXX
1467 5273 1678 5337 dicunt,

54 5369 316 5435 latuerit
344 5368 498 5423 illum
536 5384 551 5422 :
584 5370 842 5437 quoniam
870 5369 1075 5424 oblivio
1105 5367 1304 5422 animae
1356 5378 1413 5422 et
1427 5367 1679 5422 obscuri-

56 5481 170 5527 sas
210 5463 435 5527 mentis,
471 5460 585 5517 sive
600 5460 743 5515 actio
766 5458 1244 5531 mala,inquinatio
1274 5470 1377 5528 est,
1404 5460 1456 5513 in
1488 5458 1681 5517 borum

1778 4536 2279 4593 criﬁciumoli'erre
2336 4534 2612 4607 praecepit,
2684 4534 3034 4590 manifestum
3092 4546 3176 4591 est
3228 4554 3357 4592 cum

1776 4631 1939 4686 etiam
1970 4631 2037 4685 de
2064 4630 2314 4701 principe
2350 4628 2546 4682 similia
2577 4628 2835 4684 voluisse.
2878 4627 2948 4682 Ut
2970 4639 3153 4684 autem
3176 4640 3230 4685 ει
3259 4631 3356 4685 ali~

1776 4730 1859 4777 ter
1881 4722 2114 4786 dicatur,
2138 4736 2262 4774 eum
2278 4719 2368 4787 qui
2388 4718 2445 4771 in
2461 4717 2686 4772 scientia
2703 4719 3029 4782 excellebat,
3054 4735 3156 4772 nec
3176 4720 3358 4787 ipsum

1777 4808 2004 4884 peccare
2028 4817 2363 4878 oportuerat,
2398 4823 2500 4861 nec
2541 4808 2766 4861 alterius
2794 4809 3198 4861 communicare
3227 4826 3357 4879 pec-

1778 4907 1933 4962 catis.
1961 4903 2079 4956 Non
2104 4900 2250 4956 enim
2290 4899 2358 4951 ad
2413 4898 2689 4960 virtutem,
2742 4897 2837 4950 sed
2893 4898 2959 4951 ad
3010 4899 3358 4969 iniquitatem

1776 4997 2101 5057 attitulantes
2127 5004 2204 5059 se,
2233 4988 2509 5043 invenitur
2555 4988 2882 5059 producere,
2912 4989 3027 5044 sive
3056 5006 3361 5060 provocare

1776 5091 2074 5163 subjectos.
2137 5082 2367 5153 Propter
2419 5079 2564 5150 quod
2630 5078 2780 5145 illud,
2836 5081 2987 5152 quasi
3050 5081 3195 5153 quod
3252 5099 3360 5138 nec

1777 5183 2000 5240 evenire
2025 5180 2271 5241 deberet,
2306 5174 2666 5229 indiscussutn
2696 5173 2934 5243 reliquit.
2973 5171 3081 5229 Sed
3128 5182 3186 5228 et
3249 5174 3359 5229 hoc

1779 5254 2081 5331 notandum
2133 5277 2237 5331 est,
2293 5267 2418 5338 quia
2473 5265 2729 5320 delictum
2809 5266 3099 5337 aliquando
3133 5266 3358 5336 quidem

1781 5361 2072 5434 specialem
2107 5357 2471 5427 iniquitatem,
2504 5368 2624 5423 quae
2646 5364 2833 5407 contra
2860 5354 3033 5409 solum
3073 5352 3359 5427 praesumi-

1783 5466 1871 5510 tur
1896 5453 2090 5515 Deum,
2124 5447 2400 5518 qualisest
2448 5461 2570 5515 quae
2609 5444 2663 5499 in
2719 5455 2954 5512 sanctos,
3016 5458 3110 5502 aut
3135 5465 3255 5520 quae
3300 5450 3358 5505 iu

59 5561 269 5620 suctu,
304 5553 356 5608 id
391 5560 478 5608 est
508 5551 598 5606 vel
621 5550 762 5604 ineo
788 5553 933 5619 quod
979 5552 1101 5620 quis
1155 5550 1269 5604 haec
1322 5549 1684 5619 operantibus
1777 5542 2165 5620 jusjurandum
2185 5538 2582 5603 committitur;
2616 5536 2915 5606 aliquando.
2955 5550 3137 5594 autem
3194 5557 3362 5598 omne

158 5690 234 5724 ’³⁵
268 5687 458 5743 Matth.
509 5704 604 5756 xv,
654 5686 737 5742 l6.
813 5685 861 5718 "
883 5683 1073 5740 Matth.
1117 5702 1231 5752 vttt,
1261 5686 1355 5739 Ἡ.
1428 5686 1493 5717 ’⁵⁸
1530 5683 1687 5740 Joan.

1562 5699 1687 5740 oan.
1711 5698 1831 5750 xm,
1860 5682 1916 5735 9.
1991 5675 2040 5708 ’⁷
2068 5671 2211 5729 Psal-
2235 5686 2421 5739 cxxm,
2453 5674 2505 5730 7.
2583 5674 2629 5707 ”
2657 5671 2800 5728 Psal.
2834 5690 3018 5743 χχχιι,
3041 5674 3094 5731 9.

66 5777 233 5822 rem.
272 5775 324 5819 γ,
359 5764 413 5812 8.

3188 5676 3243 5710 θ’
3263 5676 3359 5733 Je-
