3886 6306
533 257 640 318 835

1728 252 2090 318 HESYCHII
2131 257 2600 319 PRESBYTERI

3719 265 3814 323 3‘5

536 372 818 436 peccatum
847 363 989 434 quod
1016 366 1082 420 ad
1110 367 1392 422 scientiam
1434 365 1702 435 pervenit,
1730 361 2002 436 lcgislalor
2028 383 2119 435 ap-
2149 372 2188 424 A
2221 382 2346 434 que.
2374 371 2594 436 quando
2652 371 2952 425 sccundum
3011 373 3369 428 intent70nem
3436 369 3810 429 Dominicam.

538 455 720 526 pellat,
753 465 806 510 et
836 467 1120 526 propterea
1144 457 1212 512 ab
1239 473 1304 512 eo
1352 457 1550 525 ubique
1592 458 1828 526 cognitio
1875 457 2105 526 peccati,

535 549 651 603 sive
689 558 1074 619 anteponatur,
1109 549 1222 604 sive
1246 548 1614 603 subinferatur
1631 548 1801 601 modis
1832 548 2104 610 omnibus,

535 641 791 696 delictum
823 639 1041 702 dicitur,
1071 649 1130 694 ut
1157 642 1409 694 ostendat
1449 640 1574 709 quia
1609 653 1771 693 omne
1799 645 2106 709 peccatum,

538 738 820 800 postquam
845 730 1212 800 cognoscitur,
1255 730 1309 784 in
1335 731 1510 799 ipsum
1543 730 1881 799 delinquitur
1917 731 2108 794 Deum,

536 829 591 875 ct
630 821 750 874 ideo
784 819 1085 888 appellatur
1108 818 1389 878 delictum,
1421 818 1472 872 id
1505 818 2108 888 estnkqpus‘mamon

536 908 679 962 enim
715 907 831 962 sine
849 920 1009 959 causa
1036 904 1308 973 legislator
1340 907 1443 960 hoc
1491 921 1744 960 sermone
1797 906 2128 976 frequenter.

539 997 726 1052 utitur.
764 994 896 1048 Nam
924 1002 978 1048 et
1008 996 1466 1058 quemadmodum
1525 996 1844 1050 diﬂ'erentes
1883 1011 2112 1050 convcr-

535 1088 773 1141 sationes
800 1086 1080 1139 hominum
1111 1085 1163 1138 in
1197 1085 1432 1140 exordiis
1489 1085 1611 1139 libri
1668 1102 1764 1156 per
1801 1087 2112 1141 bolocautob'

535 1188 680 1233 mata
712 1187 768 1232 et
790 1176 1055 1231 sacriﬁcia
1087 1177 1343 1230 salutaria
1371 1178 1682 1248 designans,
1712 1177 1984 1248 legislator
2000 1190 2108 1232 non

535 1271 744 1325 frustra
775 1271 1080 1340 proposuit,
1120 1269 1212 1322 sed
1243 1268 1357 1323 vias
1401 1269 1620 1332 multas,
1649 1278 1704 1323 et
1727 1269 1924 1338 jauuas
1985 1285 2113 1340 ape-

537 1363 645 1417 rire
674 1362 939 1432 cupiens:
975 1363 1053 1417 sic
1085 1369 1138 1415 et
1162 1362 1322 1416 modo
1345 1377 1452 1415 non
1515 1377 1678 1415 unam
1706 1363 1964 1432 speciem,
2016 1363 2109 1417 sed

541 1455 746 1507 multas
779 1453 846 1506 de
892 1452 1259 1506 oblationibus
1313 1467 1412 1521 pro
1463 1461 1689 1521 peccato
1741 1452 1988 1514 saneivit,
2053 1461 2113 1506 ut

533 1545 803 1614 plut-iores
839 1543 1031 1598 modos
1063 1543 1400 1614 pmnitentize
1457 1553 1792 1612 proponeret
1820 1561 1831 1596 :
1855 1545 1980 1612 quia
2010 1559 2113 1598 nec

525 1651 726 1691 omnes
753 1636 1004 1691 homines
1021 1653 1213 1692 omnes
1250 1637 1439 1690 modos
1462 1636 1686 1706 implere
1708 1646 1956 1706 possunt,
2010 1652 2112 1692 nec

2213 468 2375 527 atque
2399 476 2464 512 eo
2488 461 2758 515 mediante
2786 462 3114 518 oﬂeruntur.
3155 464 3257 530 Qui
3310 469 3547 536 primum
3598 467 3814 535 offertur

2212 563 2306 614 pro
2341 558 2576 616 peccato.
2623 547 2746 603 Ideo
2775 551 3008 618 primum
3047 568 3142 620 pro
3168 564 3394 622 peccato
3423 555 3659 619 oﬂ‘crct,
3697 557 3814 624 quia

2213 647 2375 686 nemo
2404 644 2583 702 potest
2607 634 2985 690 holocaustum
3032 636 3170 699 fieri,
3210 639 3316 692 nisi
3373 640 3538 708 prius
3567 638 3742 692 fuerit
3792 658 3814 692 τι

2213 732 2439 791 peccato
2472 724 2607 777 liber
2640 723 2889 779 eﬂ‘eetus.
2924 726 3030 780 Sed
3076 727 3201 796 quis
3247 728 3415 797 hujus
3464 731 3683 782 nitidus
3741 743 3814 782 est

2220 814 2520 868 libertatis?

2282 904 2624 976 Retarquebit
2674 907 2928 962 sacerdos
2982 917 3143 977 caput
3205 910 3322 978 ejus
3387 907 3461 963 ad
3526 911 3814 977 pennatus,

2212 997 2287 1048 ita
2327 1006 2381 1048 ut
2409 996 2540 1050 collo
2561 999 2778 1058 Itazreat,
2804 1007 2853 1051 et
2877 1014 2978 1050 non
3001 1000 3212 1067 penitus
3259 1001 3661 1069 abrumpatur.
3723 999 3817 1052 Per

2211 1085 2432 1148 collum,
2465 1087 2607 1156 quod
2655 1084 2794 1140 LXX
2844 1088 3193 1156 sphondylum
3241 1089 3599 1157 interpretati
3669 1098 3813 1142 sunt.

2212 1183 2385 1232 totttm
2416 1186 2615 1247 cerpus
2641 1178 2982 1248 intelligitur,
3019 1181 3142 1249 quia
3172 1181 3295 1234 colli
3345 1181 3614 1243 ﬁrmitas,
3673 1184 3816 1233 sani-

2212 1278 2316 1334 tas,
2340 1278 2395 1323 et
2422 1270 2776 1324 subsistentia
2807 1271 2975 1325 totius
3022 1273 3269 1340 corporis
3311 1281 3423 1327 est.
3481 1271 3635 1338 Quia
3690 1289 3816 1344 ergo

2211 1355 2350 1411 solet
2378 1362 2539 1427 caput
2575 1364 2671 1427 pro
2687 1370 2871 1413 mente
2895 1359 3064 1428 accipi
3089 1360 3143 1412 in
3165 1361 3348 1414 divina
3375 1359 3706 1430 Set-iptura,
3724 1375 3815 1430 pro

2209 1462 2276 1502 eo
2315 1449 2458 1517 quod
2492 1463 2647 1502 mens
2683 1450 3051 1520 principatum
3088 1459 3237 1504 tenet
3278 1451 3329 1504 in
3363 1451 3636 1513 homine,
3675 1454 3812 1503 und‘

2211 1547 2266 1595 et
2295 1539 2460 1595 David
2497 1541 2604 1595 Deo
2635 1541 2849 1595 dicebat
2882 1559 2894 1593 :
2930 1540 3003 1595 Tu
3042 1542 3416 1596 coutribulasti
3466 1544 3667 1610 capita
3693 1545 3811 1595 dra-

2212 1645 2399 1684 conum
2430 1637 2606 1685 subte‘r
2633 1643 2802 1702 aquas
2831 1629 2872 1697 ’,
2902 1640 3140 1688 mentem
3193 1634 3478 1699 videlicet,
3504 1635 3650 1688 dum
3682 1651 3810 1704 aqua

525 1727 711 1780 omnis
734 1727 926 1781 modus
950 1726 1286 1797 ptenitentiee
1317 1727 1372 1780 in
1405 1725 1552 1779 omni
1583 1736 1807 1795 peccato
1829 1727 2106 1782 convenit.
2145 1713 2182 1764 Β
2216 1710 2558 1793 baptismatis
2600 1725 2980 1779 remissionem
3038 1726 3337 1795 prael'ente,
3390 1741 3564 1780 mens
3619 1728 3810 1782 diaboli

527 1816 764 1882 Quando
793 1817 939 1871 enim
967 1817 1306 1888 paenitentia,
1331 1831 1569 1880 saccum,
1617 1825 1671 1870 ct
1714 1815 2004 1885 jejunium,
2057 1826 2111 1871 et

530 1907 815 1976 lacrymas,
849 1915 903 1960 et
927 1908 1229 1962 orationem
1261 1907 1597 1971 continuam,
1623 1920 1678 1962 et
1701 1908 2107 1979 vigiliasexigit,

529 2001 743 2070 aliaque
773 2001 968 2056 similia
1004 2017 1016 2053 :
1045 2001 1339 2070 quomodo,
1383 2001 1534 2054 verbi
1566 2001 1760 2070 gratia,
1794 2009 2106 2066 senectute,

531 2101 626 2145 aut
656 2091 811 2146 aliter
842 2106 1072 2161 corpore
1112 2091 1382 2154 inﬁrmus,
1443 2091 1604 2144 talem
1648 2107 1811 2162 agere
1833 2093 2109 2161 pteniten-

535 2183 660 2237 tiam
698 2183 1049 2252 praevalebit?
1077 2181 1331 2251 Nunquid
1383 2197 1514 2253 ergo
1568 2183 1656 2237 hic
1703 2191 1926 2252 propter
1967 2183 2110 2236 inﬁr-

530 2276 773 2330 mitatem
800 2283 894 2328 aut
923 2275 1156 2328 similem
1185 2284 1399 2328 aetatem
1468 2275 1748 2344 repellitur
1779 2290 1808 2328 a
1840 2277 2110 2344 paeniten-

531 2366 821 2421 tiaiNullo
849 2366 1030 2431 modo,
1055 2366 1221 2419 habet
1256 2366 1403 2418 enim
1455 2367 1620 2420 alium
1649 2365 1870 2420 modum
1902 2367 1967 2420 ad
2006 2366 2109 2418 im-

533 2457 852 2528 petrandam
883 2457 1260 2512 remissionem
1301 2465 1671 2526 peccatorum.
1731 2457 1835 2512 Sed
1865 2457 1988 2527 quis
2020 2457 2111 2510 hic

531 2547 622 2614 sit,
646 2547 928 2617 sequentia
955 2549 1348 2612 demonstrant;
1377 2547 1453 2602 ait
1483 2548 1628 2601 enim
1667 2563 1681 2599 :

602 2638 660 2694 Si
688 2650 864 2693 autem
891 2656 994 2693 non
1031 2641 1259 2709 potuerit
1286 2640 1469 2709 oﬂ'erre
1527 2656 1707 2709 pecus.
1775 2638 1930 2706 Quod
1967 2638 2104 2694 LXX

533 2730 882 2801 interpretati
911 2742 1037 2786 sunt
1062 2748 1075 2784 :
1113 2731 1172 2785 Si
1195 2741 1372 2784 autem
1395 2747 1498 2784 non
1521 2731 1749 2784 valuerit
1775 2749 1964 2786 manus
1995 2732 2108 2801 ejus

529 2822 604 2877 ad
633 2839 799 2886 ovem,
831 2823 1079 2878 volentes
1095 2838 1192 2893 per
1217 2837 1373 2876 ovem
1397 2838 1620 2892 caprum
1656 2823 1738 2877 vel
1780 2839 1996 2892 capram
2025 2825 2108 2876 in-

531 2913 719 2986 telligi,
765 2913 917 2984 quasi
963 2929 1254 2967 commune
1307 2922 1449 2967 esset
1501 2929 1674 2983 genus
1713 2928 1997 2982 caprarum
2055 2920 2111 2966 et

2211 1815 2512 1870 conteritur
2545 1833 2559 1872 :
2594 1831 2690 1884 per
2749 1816 2854 1872 hoc
2893 1831 3021 1887 ergo
3070 1817 3212 1886 quod
3241 1817 3448 1871 dicitur
3503 1818 3701 1872 LXX:
3754 1820 3807 1873 Et

2213 1916 2451 1975 erumpet
2481 1908 2726 1960 sacerdos
2757 1914 2914 1977 caput
2935 1908 3048 1976 ejus
3077 1923 3095 1960 :
3127 1923 3372 1978 praesens
3402 1919 3549 1964 vero
3583 1912 3809 1965 transla-

2215 1997 2293 2052 tio
2323 2016 2336 2052 :
2371 1996 2704 2068 Retorquebit
2728 2005 2887 2064 caput
2945 1999 3058 2066 ejus
3096 2005 3144 2050 et
3207 1998 3499 2063 pennulas,
3543 2001 3670 2054 vult
3722 2017 3810 2054 nos

2211 2105 2320 2143 non
2348 2090 2552 2144 servire
2576 2104 2753 2158 neque
2785 2089 3020 2158 compati
3051 2089 3297 2158 corpori,
3358 2091 3462 2144 sed
3537 2093 3806 2160 abrumpi,

2210 2180 2295 2235 vel
2327 2179 2647 2248 retorqueri,
2674 2188 2733 2232 ut
2758 2194 2867 2232 non
2899 2195 2968 2232 ex
2995 2196 3150 2248 a‘quo
3175 2191 3451 2250 repugnet
3477 2182 3595 2253 legi
3623 2185 3809 2236 menti:

2211 2273 2294 2326 lex
2329 2272 2554 2341 peccati,
2585 2287 2707 2341 quae
2733 2271 3132 2326 consuetudine
3159 2273 3427 2342 p‘eccaudi
3461 2275 3520 2326 in
3554 2278 3808 2328 membri~

2211 2364 2418 2418 habitat
2444 2363 2705 2432 corporis,
2735 2378 2911 2432 neque
2937 2363 3211 2432 captivum
3262 2364 3436 2418 ducat
3500 2366 3803 2420 hominem.

2210 2455 2354 2508 sicut
2384 2453 2584 2508 Paulus
2617 2453 2692 2507 ait
2713 2453 2756 2507 ¹.
2782 2453 2919 2519 Quia
2941 2463 3122 2508 autem
3153 2466 3262 2507 non
3293 2454 3586 2511 debemus
3621 2474 3689 2512 ex
3710 2468 3809 2511 toto

2209 2557 2409 2613 corpus
2437 2541 2733 2605 adversari,
2759 2558 2862 2596 nec
2885 2551 3188 2597 creaturam
3245 2543 3379 2598 illud
3411 2545 3638 2600 diaboli
3674 2556 3810 2599 τευ-

2211 2648 2378 2696 mare,
2414 2632 2556 2686 sicut
2583 2631 2800 2701 quidam
2832 2639 3047 2702 putant,
3077 2633 3173 2686 sed
3193 2633 3436 2687 subdere
3456 2634 3601 2688 illud
3620 2647 3806 2689 menti:

2211 2732 2498 2794 propterea
2520 2739 2626 2776 non
2654 2723 3094 2792 praecepitcaput
3123 2739 3152 2776 a
3193 2724 3334 2778 collo
3356 2728 3654 2795 separari,
3685 2740 3809 2779 unus

2210 2816 2414 2886 quippe
2470 2815 2828 2886 ejusdemque
2855 2823 2984 2870 sunt
3036 2824 3277 2885 utrmque
3333 2827 3648 2872 creaturae.
3715 2818 3809 2872 Sed

2210 2907 2493 2978 sequentia
2517 2908 2797 2962 videamus
2835 2926 2848 2961 :

531 3005 909 3101 OViumrSiS‘“
935 2999 1441 3101 diiimusehocghic
1503 3006 1720 3075 Ριδηῖυε
1760 3005 1991 3101 aliqua“
2015 3005 2105 3101 ίιξιί
2136 3043 2180 3101 C
2279 3021 2348 3076 Et
2380 3031 2622 3092 aspergat
2651 3022 2714 3075 de
2743 3023 3004 3091 sanguine
3063 3021 3210 3077 illius
3239 2995 3533 3091 ‘parictem
3599 3025 3805 3078 altaris.

531 3097 791 3150 utomnia
825 3098 942 3151 [nec
976 3097 1489 3166 comprehenderet,
1525 3112 1692 3167 pecus
1725 3098 1925 3167 posuit.
1949 3095 2105 3151 Unde

531 3197 589 3244 et
615 3189 704 3242 alii
732 3189 1095 3259 interpretum
1129 3190 1181 3242 in
1215 3190 1318 3244 hoc
1358 3190 1475 3244 loco
1515 3205 1614 3260 pro
1664 3206 1776 3256 ove,
1801 3189 1854 3243 hi
1881 3190 2103 3258 quidem

533 3281 809 3348 pascualia
835 3321 850 3346 ,
876 3281 964 3334 alii
991 3291 1171 3336 autem
1205 3298 1268 3335 ea:
1302 3299 1473 3354 grege,
1520 3282 1764 3337 volentes
1799 3298 1897 3352 per
1927 3283 2031 3336 hoc
2051 3291 2107 3335 et

531 3388 725 3443 capras
763 3372 1094 3443 signiﬁcare,
1127 3373 1437 3428 ediderunt.
1488 3373 1546 3427 Si
1573 3389 1700 3444 ergo
1731 3374 1820 3428 hic
1846 3390 1957 3428 non
2014 3389 2107 3443 po-

534 3467 698 3519 tuerit
732 3463 931 3519 oﬂ‘erre
962 3480 1150 3534 pecus,
1179 3465 1376 3520 otl'eret
1401 3480 1499 3536 pro
1537 3476 1763 3536 peccato
1813 3483 1913 3521 suo
1959 3467 2103 3538 quod

533 3555 803 3626 peccavit,
838 3555 976 3610 duos
1010 3565 1272 3621 turtures,
1308 3565 1402 3610 aut
1426 3557 1562 3610 duos
1599 3556 1776 3627 pullos
1823 3557 2107 3611 columba-

534 3662 653 3701 rum
685 3646 937 3702 Domino.
970 3646 1334 3713 Quamobrem
1388 3649 1760 3703 necessarium
1804 3650 1970 3703 nimis
2023 3659 2107 3704 est

534 3737 812 3792 reminisci
849 3754 974 3804 nos,
1001 3738 1128 3808 quia
1181 3741 1658 3810 contemplativam
1713 3743 1880 3796 vitam
1935 3753 1990 3797 et
2051 3745 2103 3798 in

532 3827 886 3882 meditatione
913 3838 1350 3895 conversantem,
1380 3839 1434 3884 et
1480 3831 1734 3885 mundam
1761 3840 1922 3901 atque
1969 3833 2104 3886 sitn-

533 3920 724 3989 plicem
761 3920 1072 3992 signiﬁcari,
1109 3937 1206 3992 per
1240 3922 1413 3991 pullos
1441 3923 1816 3977 columbarum
1838 3933 1894 3978 et
1926 3935 2103 3978 turtu-

535 4025 654 4065 rum
680 4013 935 4082 superius
967 4013 1223 4069 diximus.
1256 4013 1396 4085 Ergo
1446 4017 1538 4086 qui
1569 4031 1676 4068 non
1712 4025 1890 4086 potest
1910 4031 2105 4070 vacare

531 4103 588 4158 in
617 4105 875 4160 continua
904 4105 1196 4162 aﬂlictione
1224 4115 1280 4162 et
1311 4124 1577 4170 aerumna,
1611 4117 1668 4161 ut
1692 4125 1884 4178 panem
1945 4124 2103 4162 suum

530 4208 654 4247 cum
686 4196 871 4250 cinere
917 4197 1186 4258 comedat,
1239 4204 1295 4250 et
1356 4207 1544 4266 potum
1598 4213 1756 4252 suum
1795 4215 1918 4252 cum
1976 4198 2104 4252 ﬂetu

535 4293 823 4355 temperet,
847 4287 1058 4358 aliaque
1087 4288 1170 4341 his
1200 4288 1397 4342 similia
1454 4290 1725 4357 pmnitens
1746 4299 1886 4360 agat,
1951 4291 2103 4345 verbi

2211 3113 2477 3184 Quidquid
2500 3125 2679 3168 autem
2702 3115 2960 3184 reliquum
2989 3115 3171 3185 fuerit,
3212 3117 3368 3184 [aciei
3391 3116 3684 3171 distillare
3747 3122 3810 3169 ad

2212 3208 2558 3276 fundamenta
2591 3206 2725 3273 ejus,
2761 3206 2883 3275 quia
2912 3220 3008 3272 pro
3039 3215 3250 3275 peccato
3276 3215 3373 3259 est.
3406 3205 3807 3260 Paries:tltaris

2212 3309 2410 3362 corpus
2431 3292 2633 3348 Christi
2663 3291 3004 3362 intelligitur,
3039 3293 3104 3346 de
3131 3308 3239 3362 quo
3271 3293 3386 3362 ipse
3424 3293 3698 3348 Christus
3727 3295 3800 3347 di-

2211 3383 2369 3437 cebat
2389 3399 2402 3434 :
2425 3381 2616 3436 Solvite
2646 3381 2894 3446 templum
2914 3382 3030 3446 hoc,
3048 3393 3096 3435 et
3123 3383 3287 3436 tribus
3306 3381 3494 3436 diebus
3529 3385 3804 3452 redi/imi»?

2211 3475 2344 3528 illud
2367 3475 2405 3528 ³.
2438 3475 2870 3530 Fundamentum
2902 3485 3082 3530 autem
3097 3475 3234 3543 ejus,
3273 3476 3387 3528 sive
3419 3517 3434 3538 ,
3493 3479 3800 3531 secundum

2211 3568 2356 3637 quod
2389 3567 2531 3621 LXX
2553 3569 2895 3638 interpretati
2917 3567 3267 3632 sunt,basim.
3289 3565 3446 3620 Basis
3463 3569 3619 3621 enim
3644 3586 3802 3623 eran-

2213 3659 2408 3730 gelium
2442 3668 2541 3713 est.
2571 3659 2730 3728 Ergo,
2803 3659 3103 3713 secundum
3144 3659 3510 3713 intentionem
3547 3661 3796 3714 sacrifici

2211 3749 2412 3804 Christi
2441 3759 2495 3804 et
2515 3751 2842 3822 evangelicae
2872 3752 3157 3816 doctrinae,
3180 3751 3338 3820 jubet
3359 3751 3528 3804 ctiam
3570 3753 3676 3806 hoc
3708 3770 3796 3822 ιτα

2213 3841 2448 3910 peccatis
2480 3842 2806 3897 sacriﬁcium
2835 3842 3021 3898 offerri
3049 3853 3374 3914 :propterea
3406 3843 3649 3900 addidit.
3677 3851 3794 3914 φιτ

2211 3949 2306 3996 pro
2343 3945 2555 4002 peccato
2575 3946 2670 3990 est.
2705 3935 2853 3990 Nihil
2883 3937 3085 4006 quippe
3128 3936 3204 3990 sic
3238 3953 3266 3990 a
3295 3937 3541 4006 peccatis
3565 3939 3794 4008 eripere.

2211 4026 2665 4094 quemadmodum
2698 4028 2900 4083 Christi
2926 4029 3156 4083 imitatio
3185 4038 3240 4082 et
3283 4030 3606 4084 obedientia
3633 4046 3793 4084 erau-

2211 4113 2395 4184 gelica:
2419 4117 2837 4186 praedicationis,
2859 4129 3056 4189 potest,
3079 4119 3168 4173 cui
3194 4119 3238 4172 si
3259 4119 3378 4188 quis
3409 4119 3480 4172 sit
3507 4121 3791 4174 obediens.

2211 4207 2444 4262 alterunt
2474 4209 2713 4263 adolebit
2743 4211 3140 4278 holocaustum,
3181 4221 3240 4264 ut
3275 4210 3388 4266 fieri
3411 4213 3581 4275 solet,
3642 4214 3691 4267 id
3718 4226 3792 4264 οςι

2210 4302 2664 4370 quemadmodum
2687 4313 2900 4372 oportet
2924 4304 3300 4358 holocaustum
3321 4303 3458 4358 ﬁeri.
3479 4304 3642 4370 Quod
3661 4306 3786 4359 LXX

532 4377 726 4467 liram,
759 4377 1079 4432 ίηίῖτηὶίιθῑθ
1105 4387 1199 4432 aut
1236 4378 1340 4430 alia
1402 4394 1730 4448 quacunque
1777 4383 2107 4438 neCeSSilalc
2140 4400 2184 4456 ι)
2213 4393 2371 4463 plane
2387 4395 2666 4448 secundum
2693 4397 2787 4449 hoc
2825 4397 3014 4456 edunt.
3053 4397 3104 4450 id
3127 4406 3229 4460 est,
3265 4396 3425 4450 faciet
3456 4408 3646 4452 autem
3662 4415 3788 4467 quo-

534 4466 872 4532 prohibetur,
902 4469 988 4521 hic
1005 4467 1110 4520 alio
1122 4467 1283 4522 modo
1308 4483 1466 4538 agere
1489 4477 1667 4538 potest
1708 4471 2106 4539 pmnitentiam,

533 4557 703 4612 veluti
764 4559 1004 4614 offerens
1059 4560 1435 4630 semetipsum,
1496 4561 1563 4615 ad
1629 4564 2108 4632 contemplandum

532 4647 730 4712 Deum,
763 4656 818 4702 et
841 4649 908 4703 ad
937 4651 1427 4718 perscrutationem
1478 4649 1611 4722 legis
1643 4652 1784 4720 ejus,
1833 4662 2111 4724 totamque

533 4749 776 4794 mentem
809 4757 961 4795 suam
990 4756 1321 4797 consecrans
1349 4743 1558 4798 emlesti
1611 4745 2033 4808 conversationi,
2077 4761 2110 4800 a

530 4831 762 4888 terrenis
793 4833 956 4888 rebus
985 4833 1299 4904 plenissime
1326 4836 1588 4891 cohibens
1615 4853 1704 4903 se,
1717 4853 1813 4907 per
1844 4837 1947 4891 hoc
1965 4838 2109 4892 enim

467 4940 471 4944 ·
528 4919 604 4983 ci,
639 4928 696 4974 et
734 4931 1088 4990 peccatorum
1131 4923 1406 4989 remissio,
1435 4935 1490 4978 et
1517 4925 1836 4995 justiﬂcatio
1853 4943 2114 4996 procura-

532 5024 642 5070 tur.
672 5015 827 5069 Unde
856 5030 1048 5069 eorum
1084 5015 1412 5083 oll‘eruntur,
1439 5034 1606 5072 unum
1634 5019 1853 5088 quidem
1879 5035 2114 5089 propee-

529 5114 674 5171 cato,
707 5107 761 5162 id
791 5116 874 5163 est
898 5108 967 5160 ad
1001 5108 1445 5163 emundationem
1473 5113 1702 5179 peccati,
1733 5111 1962 5165 alterum
1983 5127 2113 5166 vero

532 5194 589 5248 in
623 5193 1024 5258 holocaustum,
1053 5195 1206 5264 quasi
1229 5196 1283 5249 in
1301 5197 1708 5268 crucifigentem
1732 5201 2106 5270 semetipsum,

532 5287 1005 5342 conversationem
1032 5288 1116 5341 vel
1140 5289 1328 5354 vitam,
1354 5299 1410 5343 et
1458 5290 1776 5359 plenissime
1828 5290 1939 5346 Deo
1995 5302 2106 5346 tra-

531 5377 752 5432 dentem
786 5378 1116 5432 immolatur.
1150 5376 1356 5433 Offeret
1404 5388 1589 5434 autem
1645 5381 1762 5435 hac
1812 5382 2105 5449 sacerdoti,

532 5469 752 5523 Christo
781 5470 985 5538 utique.
1019 5468 1173 5524 Tunc
1203 5470 1348 5525 enim
1387 5472 1720 5541 acceptabile
1754 5480 1838 5526 est
1889 5483 2104 5528 utrum-

599 5647 618 5682 ⁸
655 5647 800 5702 Psal.
856 5663 1042 5714 tum,
1077 5650 1159 5704 15.
1237 5653 1256 5682 ¹
1285 5652 1438 5704 Rom.
1481 5666 1573 5714 γει,
1604 5651 1693 5703 25.

1772 5652 1791 5682 ³
1824 5651 1979 5705 Joan.
2016 5667 2072 5718 ll,
2112 5653 2193 5708 19.

2215 4484 2377 4539 modo
2436 4485 2617 4540 debet.
2664 4485 2893 4556 Oportet
2943 4487 3147 4558 quippe
3188 4504 3310 4542 eum
3371 4488 3464 4556 qui
3497 4500 3708 4558 patrem
3743 4503 3788 4540 ct

2215 4585 2468 4643 matrem,
2499 4587 2554 4632 et
2580 4576 2792 4643 fratres,
2825 4588 2885 4632 et
2928 4580 3108 4634 omnia
3154 4579 3430 4635 smcularia
3455 4583 3666 4642 renuit.
3697 4582 3786 4634 ho-

2215 4670 2518 4724 locaustum
2551 4671 2690 4735 ﬁeri,
2722 4672 2764 4726 si
2797 4673 2958 4727 modo
3007 4674 3121 4728 vult
3176 4688 3296 4728 esse
3359 4674 3698 4744 act-cptabile
3739 4685 3784 4726 et

2214 4758 2552 4829 intelligibile
2587 4759 2988 4815 holocaustum.
3019 4761 3148 4817 Hzec
3199 4763 3244 4817 si
3279 4762 3517 4827 faciatis,
3556 4765 3657 4833 qui
3685 4780 3783 4816 non

2218 4859 2400 4918 potest
2427 4848 2701 4918 praedictis
2753 4852 2928 4906 modis
2968 4853 3344 4922 pmnitentiam
3389 4868 3576 4923 agere,
3604 4854 3657 4906 id
3716 4866 3789 4908 est

2215 4938 2439 5008 vigiliis,
2461 4947 2517 4992 et
2543 4953 2720 5004 sacco,
2752 4948 2804 4994 et
2839 4941 2959 4995 aliis
2991 4940 3787 5004 similibusamictionibus,ro—

2211 5030 2357 5101 gabit
2379 5047 2477 5101 pro
2506 5047 2575 5086 eo
2601 5031 2948 5102 intelligihilis
2993 5035 3266 5098 sacerdos,
3323 5043 3378 5087 ct
3421 5050 3520 5103 pro
3569 5045 3786 5104 petum

2209 5119 2346 5190 ejus,
2381 5129 2437 5174 et
2457 5120 2766 5174 dimittetur
2789 5120 2859 5175 ei.
2911 5121 3262 5179 Admirabilis
3281 5124 3433 5178 valde
3461 5138 3602 5194 ergo
3659 5126 3786 5178 Dens

2209 5219 2294 5264 est
2329 5209 2492 5280 hujus
2528 5211 2664 5265 lator
2695 5211 2850 5282 legis,
2880 5213 2972 5282 qui
3016 5214 3252 5278 veniam,
3300 5222 3488 5285 utpote
3551 5217 3783 5271 clemens

2211 5301 2588 5356 imbecillitate
2609 5304 2826 5373 generis
2850 5303 3073 5359 humani
3105 5306 3312 5368 tribuit,
3342 5316 3396 5360 et
3423 5307 3655 5361 modum
3706 5323 3778 5359 re-

2210 5389 2356 5463 perit
2383 5409 2482 5463 per
2512 5409 2674 5463 quem
2701 5410 2813 5449 non
2875 5397 3084 5451 minora
3137 5397 3396 5466 consequi
3449 5398 3782 5452 infirmantes

2213 5484 2444 5554 possint.
2479 5482 2614 5551 Quia
2636 5495 2815 5542 autem
2851 5502 2958 5541 non
2990 5503 3150 5541 omne
3169 5487 3322 5542 facile
3380 5499 3466 5542 cst
3493 5489 3558 5544 ad
3618 5493 3780 5560 μαψι-
