3886 6306
116 277 253 338 837

1328 285 1407 343 ΙΝ
1449 286 1884 347 LEVITICUM.
1917 315 1986 323 -
2020 291 2166 353 LIB.
2198 293 2248 352 Ι.

3310 306 3415 369 838

121 387 382 481 tendum
416 395 652 481 tempus,
688 389 795 444 imo
847 390 1140 460 aliquando
1160 403 1212 447 et
1246 393 1480 458 difficile,
1544 397 1593 451 id
1650 405 1733 452 est
1765 404 1808 459 Α
1837 401 2046 455 modios
2095 403 2338 471 capiens.
2388 403 2530 475 Ergo
2569 405 2819 464 Christus
2848 420 2933 465 est
2963 411 3053 481 qui
3089 414 3414 472 sacriﬁcium

120 480 378 548 quando
415 480 570 542 abusi
604 495 794 538 sumus
839 483 952 551 ipsa
987 484 1326 552 paenitentia,
1374 487 1735 557 virtutemque

120 574 281 641 ejus
308 573 708 644 quodammodo
737 575 1076 630 abolevimus
1106 593 1118 629 :
1143 579 1286 647 quod
1318 579 1520 643 evenit,
1551 580 1735 649 siquis

126 665 301 721 forte
327 681 560 736 peccans
585 675 640 721 et
670 667 933 737 paenitere
967 683 1024 723 se
1042 669 1305 726 simulans
1335 671 1401 725 ad
1423 672 1526 726 hoc
1547 687 1736 726 rursus

124 755 366 822 redeat,
393 757 611 826 quando
631 768 683 811 et
703 756 892 813 Petrus
944 759 1352 827 reprehendens
1404 761 1516 814 ait:
1551 759 1734 814 Evenit

122 849 226 904 eis
267 865 346 903 res
374 849 483 903 veri
517 848 814 918 proverbii:
841 847 1000 904 Canis
1020 866 1254 904 reversus
1283 848 1352 902 ad
1385 866 1537 903 suum
1568 849 1735 902 vomi—

125 949 292 1004 tum,
314 948 364 992 et
391 954 479 991 sus
507 937 615 990 lota
646 939 699 990 in
728 937 1002 991 volutabra
1053 939 1183 993 caeni
1215 939 1254 992 ⁸.
1301 938 1406 993 Sed
1431 948 1484 993 et
1515 940 1731 992 Paulus.

123 1029 233 1084 Ne
260 1029 396 1099 quis,
429 1027 506 1082 ait
534 1029 844 1099 fornicator,
896 1038 990 1082 aut
1023 1031 1298 1100 profanus,
1333 1039 1390 1083 ut
1421 1029 1584 1094 Esau,
1647 1031 1737 1093 qui

120 1129 368 1189 propter
391 1136 551 1173 unam
584 1135 756 1173 escam
784 1121 1012 1174 vendidit
1061 1122 1382 1189 primitivum
1413 1138 1586 1175 suam.
1617 1121 1737 1175 Sci-

124 1223 264 1266 tote
295 1213 432 1266 enim
458 1213 581 1279 quia
603 1223 651 1264 et
686 1223 865 1281 postea
886 1211 1194 1265 hereditate
1227 1212 1631 1265 benedictionem
1655 1229 1737 1265 re-

125 1303 408 1373 probatus
469 1312 564 1356 est.
597 1301 716 1356 Non
744 1303 883 1356 enim
924 1301 1119 1356 invenit
1162 1304 1477 1372 paenitentirv
1542 1303 1734 1369 locum,

125 1391 458 1465 quanquam
477 1392 860 1462 cumlacrgmis
896 1394 1201 1463 exquisisset
1225 1411 1341 1447 eam
1367 1395 1406 1446 ⁵.
1432 1393 1571 1465 Ergo
1607 1394 1735 1464 quia

130 1487 356 1542 talibus
388 1501 496 1540 non
524 1485 699 1539 facilis
729 1485 1003 1554 praebetur
1025 1485 1357 1554 paenitentia:
1381 1485 1581 1549 aditus,
1607 1500 1736 1540 ecce

125 1592 304 1630 nunc
330 1574 606 1644 legislator
630 1574 840 1641 innuit;
871 1573 947 1627 ait
972 1573 1116 1628 enim
1157 1589 1170 1625 :

218 1663 377 1731 Quod
403 1663 448 1718 si
474 1678 577 1718 non
610 1664 830 1735 quiverit
861 1681 1050 1718 manus
1100 1663 1214 1732 ejus
1249 1663 1430 1734 oﬂ’erre
1463 1665 1594 1718 duos
1621 1674 1736 1718 tur-

1837 491 2016 554 oﬂ‘ert,
2060 502 2115 546 et
2161 494 2278 565 ipse
2328 507 2410 551 est
2458 499 2780 554 sacriﬁcium
2809 503 2953 570 quod
2997 504 3242 560 oliertur.
3279 507 3416 578 Ephi

1836 587 1980 637 enim
2013 599 2136 639 cum
2170 587 2242 642 sit
2278 603 2530 644 mensura
2565 593 2726 644 trium
2770 593 3098 659 modiorum,
3134 597 3407 654 evidenter

1837 671 2161 730 Trinitatem
2212 676 2410 741 innuit,
2439 696 2560 749 qua:
2591 698 2697 736 una
2743 685 2962 753 quidem
3004 702 3261 750 mensura
3309 700 3413 748 est.

1835 765 1962 833 quia
1992 781 2097 820 una
2139 767 2192 820 in
2224 782 2285 821 ea
2321 777 2405 822 est
2442 769 2640 823 Deitas.
2674 771 2808 825 Tres
2837 782 3020 827 autem
3057 775 3221 830 habet
3259 793 3414 832 men-

1835 868 2012 918 suras,
2046 855 2097 908 id
2128 865 2232 919 est,
2276 866 2384 912 tres
2427 875 2690 927 personas
2741 861 3028 931 perfectas,
3061 874 3116 918 et
3159 875 3236 920 tot
3283 868 3414 922 sub-

1835 946 2135 1011 sistentias,
2166 958 2225 1003 ut
2253 950 2601 1005 manifestum
2636 952 2707 1007 sit
2740 969 2849 1007 non
2885 970 2986 1009 nos
3016 973 3263 1027 peccare,
3295 961 3414 1029 ejus

1835 1046 2045 1106 partem
2075 1054 2296 1094 carnem
2333 1039 2546 1095 Domini
2578 1043 2846 1112 dicentes,
2873 1056 3098 1116 propter
3128 1049 3411 1120 insepara-

1835 1129 1998 1184 bilem
2041 1145 2170 1184 eum
2219 1146 2281 1185 ea
2336 1131 2599 1186 inearnati
2646 1132 2806 1188 Verbi
2860 1136 3182 1192 unitionem.
3233 1139 3412 1204 Quare

1836 1229 2018 1274 autem
2051 1219 2330 1276 Trinitatis
2356 1239 2481 1291 pars
2508 1223 2626 1277 est?
2656 1224 2780 1292 quia
2815 1224 3159 1281 indivisibilis
3185 1229 3303 1297 ejus
3331 1238 3415 1284 est

1835 1311 2006 1380 gloria
2040 1321 2095 1366 et
2123 1311 2316 1376 virtus,
2354 1313 2424 1367 ita
2465 1321 2524 1366 ut
2564 1313 2763 1368 Paulus
2805 1316 2871 1369 de
2909 1316 3126 1371 Christo
3156 1319 3363 1374 diceret
3397 1336 3410 1371 :

1838 1400 1905 1455 In
1937 1404 2048 1471 ipso
2093 1403 2294 1456 habitat
2336 1404 2502 1456 omnis
2533 1403 2802 1473 plenitudo
2836 1406 3128 1460 divinitatis
3161 1425 3412 1475 corpora-

1836 1495 1958 1548 liter
1987 1495 2029 1547 ".
2065 1492 2171 1548 Sed
2201 1475 2256 1549 et
2283 1494 2522 1549 Joannes
2556 1514 2567 1548 :
2598 1493 2700 1559 Qui
2735 1505 2913 1566 negat,
2953 1497 3144 1566 inquit,
3188 1497 3410 1554 Filium.

1834 1599 1928 1639 nec
1955 1584 2171 1639 Patrem
2214 1586 2367 1639 habet
2395 1602 2413 1639 :
2446 1584 2544 1649 Qui
2559 1571 2850 1654 'conﬁtetitr
2882 1586 3084 1653 Jesum,
3119 1597 3166 1641 et
3199 1587 3414 1643 Patrem

1837 1674 1994 1730 habet
2022 1676 2066 1729 ⁸.
2113 1675 2254 1747 Ergo
2303 1677 2434 1746 ephi
2483 1676 2704 1745 quidem
2751 1675 2842 1731 hic
2887 1678 3200 1734 incarnatus
3247 1679 3410 1746 Deus,

131 1767 300 1811 turea
329 1755 410 1810 vel
453 1756 582 1810 duos
622 1754 794 1825 pullos
825 1755 1094 1809 columba.
1138 1755 1275 1822 Quia
1306 1769 1434 1810 vero
1468 1755 1585 1812 haec
1623 1772 1732 1811 non

1843 1766 2076 1822 Verbum
2110 1746 2298 1838 utpote
2337 1767 2546 1822 habens
2594 1769 2648 1822 in
2692 1782 2751 1823 se
2797 1768 3079 1824 Trinitatis
3111 1772 3412 1840 plenitudi-

128 1858 338 1919 potest
383 1849 722 1913 omnimodo,
771 1863 874 1903 nec
919 1847 1134 1902 haedum
1188 1858 1280 1902 aut
1320 1863 1476 1902 ovem
1522 1857 1732 1918 potest;

127 1957 323 2012 quare
351 1950 532 1996 autem
551 1957 659 1996 non
698 1950 878 2010 potest
905 1959 918 1994 :
955 1956 1076 2004 seu,
1129 1949 1187 1995 ut
1217 1939 1358 1994 LXX
1390 1941 1598 2008 dicunt,
1632 1958 1735 1994 non

129 2034 396 2090 inuenit?
437 2032 564 2103 quia
611 2032 818 2088 divitiis
858 2031 1194 2101 poenitentiae
1242 2032 1382 2086 male
1431 2048 1580 2096 usus,
1622 2047 1734 2086 non

130 2141 248 2180 eas
276 2125 738 2195 quemadmodum
773 2125 1078 2196 oportebat,
1121 2125 1396 2194 expendit.
1433 2123 1577 2190 Quid
1605 2140 1734 2195 ergo

129 2215 338 2278 faciet,
378 2225 438 2269 ut
473 2231 586 2269 non
628 2215 937 2284 desperatio
965 2214 1012 2268 ei
1051 2229 1212 2268 causa
1256 2213 1578 2283 perditionis
1608 2213 1734 2267 ﬁat?

217 2306 406 2377 Oﬂ'eret
433 2323 530 2376 pro
558 2315 768 2377 peccato
793 2323 890 2360 suo
919 2305 1175 2367 similam,
1205 2313 1411 2375 partem
1443 2305 1560 2375 ephi
1595 2304 1733 2358 deci-

132 2415 300 2452 mam
326 2414 345 2452 :
376 2414 481 2452 non
518 2399 686 2452 mittet
731 2400 785 2451 in
829 2415 947 2451 eam
982 2394 1176 2461 oleum,
1213 2413 1304 2449 nec
1333 2396 1498 2450 thuris
1530 2395 1734 2465 aliquid

130 2497 333 2559 ponet,
381 2488 511 2558 quia
558 2503 654 2558 pro
693 2497 904 2556 peccato
941 2495 1036 2541 est.
1074 2485 1200 2542 Haec
1243 2502 1371 2558 ergo
1424 2487 1635 2556 species
1681 2487 1730 2540 ei

134 2581 493 2650 renitentia:
541 2594 798 2635 concessa
845 2589 928 2634 est
968 2595 1130 2648 quam
1161 2578 1318 2634 dixit.
1359 2577 1581 2632 Anxiari
1632 2594 1732 2632 au,

137 2683 264 2728 tem
294 2681 350 2728 et
381 2673 573 2727 timere
600 2672 784 2734 debet,
815 2687 884 2726 ne
925 2670 1064 2725 forte
1095 2686 1204 2725 non
1235 2669 1563 2739 suscipiatur
1589 2669 1726 2739 ejus,

135 2773 342 2835 utpote
390 2765 710 2835 frequenter
737 2763 1011 2832 injuriata,
1039 2763 1398 2833 ptenitentia;
1439 2772 1728 2832 propterea

134 2869 259 2911 nec
303 2855 482 2909 oleum
530 2853 895 2924 superiundit,
933 2862 1117 2921 utpote
1164 2852 1418 2907 dubitans
1457 2866 1526 2906 an
1567 2853 1730 2907 mise-

131 2945 388 3001 ricordia
417 2953 472 2999 et
499 2944 880 3014 compassione
907 2942 1102 3011 dignus
1143 2944 1230 2996 sit.
1276 2943 1381 2997 Sed
1419 2959 1521 2996 nec
1554 2942 1729 2996 thuris

1837 1874 1984 1915 nem.
2021 1857 2240 1914 Decima
2278 1868 2460 1914 autem
2499 1859 2618 1928 ejus
2659 1869 2744 1917 est
2787 1875 2914 1914 caro
2951 1879 2962 1913 :
2998 1862 3238 1930 primum
3285 1863 3410 1932 qui-

1835 1950 1960 2004 dem
2014 1956 2074 2002 ut
2126 1948 2504 2004 ostenderetur
2560 1949 2864 2005 sublimitas
2921 1951 3221 2006 divinitatis
3270 1954 3408 2022 ejus.

1834 2045 2102 2109 quantum
2149 2039 2215 2093 ad
2266 2039 2679 2104 humanitatem,
2721 2048 2946 2109 propter
2997 2042 3140 2110 quod
3187 2051 3242 2097 et
3287 2060 3413 2113 pars

1833 2129 2062 2194 dicitur;
2105 2130 2304 2184 deinde
2336 2145 2435 2198 pro
2464 2145 2528 2183 eo
2561 2131 2705 2200 quod
2738 2130 2946 2202 integro
2978 2133 3200 2187 homine
3236 2133 3414 2188 incar-
3501 2153 3507 2159 ·

1833 2227 1996 2273 natus
2047 2227 2131 2273 est
2177 2219 2322 2274 Deus
2365 2217 2625 2281 Verbum,
2664 2227 2720 2272 et
2766 2220 2860 2288 qui
2915 2220 3088 2290 legem
3139 2221 3408 2291 impleret.

1833 2305 2136 2376 Utrumque
2166 2307 2311 2361 enim
2341 2307 2550 2361 decima
2581 2305 2868 2376 signiﬁcat,
2895 2310 3019 2377 quia
3049 2317 3105 2364 et
3135 2309 3413 2380 perfectus

1833 2408 1916 2455 est
1941 2399 2199 2454 denarius
2230 2414 2514 2453 numerus.
2556 2395 2749 2454 Decem
2782 2409 2962 2456 autem
2994 2404 3248 2458 mandata
3279 2404 3414 2476 legis

1833 2498 1981 2555 sunt,
2008 2489 2152 2543 imde
2183 2497 2236 2543 et
2266 2488 2490 2543 decimae
2518 2505 2530 2540 :
2553 2488 2819 2543 decimam
2843 2499 3053 2559 partem
3080 2494 3409 2564 praecipuam

1833 2581 2124 2646 sacerdoti,
2163 2579 2385 2634 Christo
2428 2578 2697 2644 videlicet,
2744 2579 2829 2634 lex
2870 2581 3172 2651 deputavit,
3223 2592 3412 2654 utpote

1833 2691 2026 2730 massae
2077 2682 2279 2728 nostra:
2318 2673 2590 2743 primitias
2632 2674 2876 2729 habenti.
2915 2675 3236 2745 Quicunque
3284 2692 3412 2746 ergo

1832 2765 2212 2836 ptenitentiam
2249 2779 2392 2834 saepe
2428 2765 2790 2832 pra'varicans
2824 2766 3066 2831 violabit,
3109 2783 3412 2838 rursusque

1833 2855 1947 2908 Vult
1973 2869 2134 2924 agere
2164 2847 2565 2922 paenitentiam,
2591 2856 2646 2908 in
2681 2870 2776 2924 spe
2798 2855 2997 2910 Christi
3030 2866 3172 2926 agat,
3201 2859 3292 2928 qui
3326 2859 3410 2912 in-

1830 2946 2068 3016 quisitus
2097 2963 2127 3000 a
2159 2945 2319 3000 Petro
2349 2963 2362 2998 :
2392 2945 2449 3000 Si
2491 2947 2777 3015 peccaverit
2821 2947 2876 2999 in
2921 2964 3004 3000 me
3039 2950 3204 3018 frater
3245 2967 3407 3014 meus,

130 3035 357 3106 aliquid
397 3035 652 3105 imponit,
681 3041 869 3104 utpote
900 3035 991 3102 qui
1025 3033 1202 3087 nescit
1226 3041 1402 3087 utrum
1433 3033 1556 3086 boni
1591 3033 1729 3086 odo-
1757 3076 1800 3136 Ε
1833 3039 2032 3110 quoties
2076 3038 2284 3092 dimitto
2335 3038 2402 3102 ei,
2440 3053 2603 3107 usque
2635 3037 2864 3108 septies?
2911 3037 3049 3092 dixit
3083 3057 3095 3091 :
3128 3039 3248 3093 Non
3294 3041 3410 3094 dico

132 3131 221 3184 ris
281 3129 353 3183 sit
397 3129 516 3198 ejus
559 3126 757 3189 oratio,
781 3141 942 3195 quam
988 3124 1306 3194 frequenter
1346 3123 1729 3195 praevaricatus

131 3230 255 3277 est.
286 3220 441 3276 Unde
471 3219 588 3275 Joel
616 3219 880 3290 propheta
911 3219 978 3272 ad
1008 3219 1222 3290 plebem
1248 3217 1560 3273 Iudaeorum
1585 3216 1731 3271 diee-

131 3313 244 3370 bat
282 3329 296 3366 :
335 3311 718 3367 Convertimini
779 3313 850 3364 ad
917 3311 1198 3364 Dominum
1257 3311 1422 3363 Deum
1479 3321 1727 3374 vestrum,

132 3408 279 3476 quia
323 3404 575 3474 benignus
626 3411 674 3456 et
721 3404 1016 3457 misericors
1047 3411 1143 3468 est,
1175 3403 1382 3470 patiens
1419 3409 1466 3454 et
1507 3399 1731 3454 multant

133 3499 470 3562 misericors,
499 3506 549 3550 et
577 3495 893 3566 prwstabilis
933 3511 1094 3564 super
1132 3494 1362 3548 malitia.
1407 3492 1534 3559 Quis
1564 3495 1656 3548 scit
1687 3494 1732 3547 si

133 3599 491 3646 convertatur
519 3598 568 3642 et
609 3590 862 3660 ignoscat,
893 3597 943 3641 et
983 3587 1247 3656 relinquat
1288 3597 1404 3656 post
1431 3603 1486 3640 se
1517 3587 1731 3640 benedi-

133 3683 417 3737 ctionem?
468 3678 802 3750 Sacriﬁcium
851 3688 899 3732 et
948 3678 1179 3731 Iibanten
1222 3677 1446 3732 Domino
1491 3679 1594 3732 Deo
1637 3695 1732 3731 uo-

132 3783 262 3830 stro
293 3772 332 3826 ‘.
388 3772 455 3826 Et
507 3770 783 3841 quomodo
839 3769 1120 3824 dubitatur
1170 3769 1238 3823 de
1287 3768 1639 3822 misericorde
1677 3778 1732 3823 et

138 3865 416 3938 patiente,
461 3874 517 3920 et
559 3865 746 3918 multre
788 3861 1180 3926 miserationis,
1218 3860 1260 3916 si
1295 3869 1646 3916 convertatur
1678 3869 1734 3915 et

139 3959 443 4031 paeniteat,
470 3969 526 4014 et
553 3959 597 4012 si
626 3955 953 4012 sacriﬁcium
977 3962 1071 4008 aut
1100 3954 1338 4008 libamen
1371 3969 1467 4022 pro
1499 3953 1733 4022 peccatis

139 4051 407 4122 accipiat,
441 4050 550 4105 nisi
580 4049 706 4120 quia
741 4048 942 4118 populo
975 4047 1212 4116 maligno
1243 4055 1298 4098 et
1329 4043 1574 4116 diligenti
1603 4059 1732 4114 pee-

141 4155 275 4199 cata
300 4141 578 4212 loquitur?
607 4140 710 4206 Qui
747 4155 870 4193 cum
904 4153 1049 4208 saepe
1075 4136 1268 4208 egerit,
1299 4151 1578 4204 nunquam
1610 4151 1733 4205 per-

144 4235 295 4292 stitit
339 4235 393 4289 in
439 4250 572 4305 pura
597 4231 916 4303 poenitentia
948 4248 960 4282 :
993 4245 1120 4301 ergo
1154 4244 1256 4283 nec
1297 4229 1732 4298 desperationem

147 4329 263 4382 illis
309 4326 489 4381 facere
522 4327 656 4388 vult,
697 4339 798 4378 nec
838 4335 1028 4376 rursus
1071 4337 1166 4376 eos
1217 4319 1548 4391 ptenitentes
1580 4321 1735 4375 valde

1834 3131 1928 3184 tibi
1957 3147 2116 3201 usque
2141 3131 2350 3199 septies,
2385 3131 2475 3184 sed
2507 3147 2670 3198 usque
2699 3131 2996 3201 septuagies
3026 3132 3215 3199 septies
3237 3134 3278 3184 ’.
3311 3133 3412 3188 Hic

1831 3239 1961 3295 ergo
2003 3239 2183 3277 sermo
2244 3237 2396 3293 spem
2439 3222 2772 3292 poenitentiae
2810 3223 2889 3276 eis
2926 3224 3124 3292 quibus
3157 3226 3410 3294 impossi—

1830 3317 1956 3370 bilis
1985 3317 2198 3370 videtur
2218 3315 2445 3384 praebet.
2473 3311 2701 3383 Propter
2720 3313 2864 3382 quod
2889 3311 3146 3369 hauriens
3174 3317 3240 3370 de
3266 3316 3412 3370 obla-

1833 3408 1980 3462 tione
2030 3408 2218 3476 implet
2259 3406 2530 3478 pugillum
2578 3405 2632 3460 in
2682 3416 3099 3461 monumentum
3148 3406 3268 3474 ejus
3315 3410 3406 3476 qui

1831 3499 2047 3563 obtulit,
2081 3508 2136 3552 et
2169 3507 2376 3552 cremat
2421 3513 2588 3566 super
2621 3497 2811 3562 altare,
2847 3498 2899 3551 id
2939 3507 3043 3563 est,
3075 3514 3283 3551 memor
3324 3502 3405 3551 sui

1832 3589 2005 3654 verbi,
2039 3586 2183 3657 quod
2213 3601 2311 3656 pro
2345 3584 2428 3639 his
2469 3585 2764 3648 salvandis,
2795 3585 2885 3654 qui
2928 3585 2994 3638 ad
3028 3599 3087 3638 se
3119 3583 3409 3637 veniebant

1831 3680 2090 3751 apostolis
2132 3678 2270 3732 dixit
2303 3695 2317 3730 :
2348 3677 2468 3732 Non
2498 3677 2741 3747 peribunt
2774 3678 2832 3730 in
2876 3686 3149 3740 veternum,
3180 3687 3226 3729 et
3262 3693 3410 3730 neruo

1831 3791 1921 3829 eas
1951 3775 2120 3841 rapiet
2151 3772 2213 3825 de
2243 3787 2403 3823 manu
2434 3787 2548 3823 mea
2585 3770 2649 3821 ³ο.
2688 3767 3010 3822 Veniente-tn
3045 3769 3109 3821 ad
3148 3783 3207 3821 se
3241 3768 3412 3820 salvat

1831 3881 1956 3920 eum
2022 3862 2111 3932 qui
2161 3877 2303 3931 smpe
2347 3858 2576 3930 deliquit
2614 3859 2669 3912 in
2707 3857 3105 3929 paenitentiam.
3145 3857 3285 3923 Quid
3316 3874 3412 3926 pro

1831 3976 1898 4015 eo
1928 3956 2167 4010 oﬁerens
2198 3953 2458 4024 pugillunt
2494 3953 2547 4005 in
2579 3960 3022 4015 monumentum,
3065 3950 3116 4003 id
3151 3959 3253 4010 est,
3289 3967 3410 4003 ver-

1833 4050 1960 4103 bum
2007 4045 2305 4101 secundum
2348 4043 2494 4113 quod
2540 4042 2792 4112 promisit
2831 4058 2926 4096 eos
2962 4043 3055 4113 qui
3096 4045 3263 4098 semel
3310 4045 3413 4096 sub

1833 4157 1997 4196 manu
2043 4141 2163 4209 ejus
2209 4137 2337 4191 facti
2390 4137 2596 4191 fuerint
2644 4151 2751 4190 non
2794 4136 2994 4206 perire.
3029 4137 3100 4190 De
3137 4137 3240 4190 hoc
3281 4151 3410 4205 ergo

1836 4232 2041 4304 pugillo
2090 4231 2376 4285 mulierem
2424 4243 2545 4298 quae
2592 4227 2826 4299 ﬁguram.
2869 4228 3090 4299 gerebat
3134 4228 3411 4286 Ecclesiae,

1837 4325 1952 4396 ipse
1997 4323 2298 4378 introduxit
2328 4322 2607 4376 dicentem
2641 4337 2655 4374 :
2689 4319 3022 4390 Congaudetc
3062 4321 3208 4382 mihi,
3242 4320 3413 4372 inveni

148 4432 508 4488 praesumere,
542 4423 706 4484 atque
749 4413 870 4467 ideo
912 4411 1096 4467 verbis
1140 4421 1223 4466 est
1263 4412 1444 4467 dubiis
1476 4429 1647 4466 usus:
1681 4420 1733 4466 et

1837 4433 1953 4471 eam
1979 4416 2290 4470 drachmam
2318 4428 2480 4483 quant
2507 4411 2842 4479 perdideram
2869 4410 2930 4461 ¹¹.
2974 4411 3014 4462 Α
3045 4409 3232 4462 multis
3265 4409 3410 4461 enim

147 4509 512 4580 quamobrem
547 4523 658 4560 non
694 4505 982 4574 oportebat
1013 4502 1494 4572 praesumptionem
1542 4501 1622 4556 eis
1654 4500 1734 4556 fa-

149 4603 261 4656 cile
288 4599 430 4663 dari,
463 4615 533 4653 ne
556 4599 677 4653 data
725 4593 1099 4667 praesumptio,
1142 4591 1207 4645 ad
1243 4593 1346 4645 alia
1384 4607 1573 4647 rursus
1603 4607 1733 4661 pec-

150 4699 278 4744 cata
332 4704 428 4742 eos
482 4685 905 4757 negligentiores
958 4683 1229 4746 efﬁceret,
1282 4683 1429 4736 velut
1479 4681 1732 4736 relaxatis

152 4781 456 4853 prioribus,
491 4780 735 4832 inﬁrmos
774 4779 976 4848 quippe
1013 4775 1274 4844 quosdam
1331 4784 1386 4828 et
1421 4774 1734 4830 inconstan-

156 4886 241 4929 tes
269 4875 323 4928 in
361 4872 656 4928 virtutibus
684 4870 961 4940 legislator
994 4867 1192 4921 innuit.

225 4964 420 5019 Tradat
465 4973 646 5018 autem
687 4977 807 5015 eam
853 4959 1130 5013 sacerdoti.
1177 4956 1268 5009 llle
1316 4964 1517 5019 autem,
1555 4963 1742 5026 utpote

156 5056 283 5123 pius
306 5055 560 5110 Christus
589 5072 604 5110 :
631 5054 837 5124 quippe
866 5059 949 5105 est
977 5049 1068 5118 qui
1094 5047 1261 5103 etiam
1279 5061 1425 5100 nunc
1456 5061 1552 5116 per
1575 5047 1740 5118 signi-

158 5145 470 5200 ﬁcationem
499 5145 821 5216 intelligitur
849 5141 1169 5198 sacerdotis.

232 5233 335 5302 Qui
381 5235 593 5304 plenum
632 5254 696 5290 ea:
744 5244 852 5289 toto
889 5233 1147 5306 pugillum
1187 5233 1454 5299 hauriens,
1487 5233 1738 5286 cremabit

157 5345 318 5399 super
347 5326 522 5381 altare
553 5328 606 5380 in
635 5335 1032 5380 monumentum
1066 5325 1198 5395 ejus.
1236 5324 1342 5389 Qui
1383 5325 1579 5378 obtulit
1615 5340 1743 5393 spe-

159 5421 274 5476 cies
314 5417 630 5483 oblationis,
663 5416 1011 5486 acceptabilis
1057 5426 1140 5472 est
1189 5415 1316 5486 ephi
1364 5417 1561 5472 simile.
1603 5419 1742 5486 Ephi

165 5522 342 5564 autem
377 5522 632 5562 mensura
663 5515 746 5562 est
775 5507 937 5560 trium
976 5523 1382 5575 mensurarum,
1414 5507 1466 5562 id
1498 5516 1601 5575 est,
1633 5516 1744 5563 tres

233 5641 319 5696 ⁵11
358 5641 500 5696 Petr.
536 5658 595 5706 lt,
630 5642 720 5696 2‘2.
797 5641 819 5673 ³
848 5641 1011 5697 Hebr.
1041 5659 1132 5707 xu,
1169 5642 1254 5703 16.
1292 5643 1376 5696 17.
1455 5643 1474 5673 ⁸
1513 5643 1651 5700 Joel.
1689 5663 1733 5701 Il.

1837 5649 1864 5708 ἱ,
1920 5647 2000 5699 Η.
2080 5643 2328 5698 'Coloss.
2360 5659 2394 5694 ιι
2457 5642 2508 5695 9.

162 5726 316 5776 nm,
361 5714 450 5777 2|,
479 5713 568 5768 ἐξ.
651 5714 691 5742 ¹⁰
725 5711 880 5766 Joan.
921 5728 971 5775 κ,
996 5713 1084 5767 98.
1167 5713 1203 5742 ¹“
1237 5713 1367 5766 Luc.
1390 5729 1476 5777 xv,
1503 5713 1556 5766 9.

1843 4508 1982 4563 male.
2015 4503 2338 4577 poenitentia
2369 4503 2649 4558 utentibus
2675 4501 2884 4571 perdita
2919 4499 3094 4554 fuerat
3125 4499 3262 4552 ratio
3288 4514 3411 4566 spe-

1843 4599 2028 4653 randze
2078 4596 2430 4666 poenitentiae,
2478 4596 2572 4648 sed
2593 4593 2893 4648 secundum
2941 4591 3254 4661 praedictum
3299 4605 3416 4642 tuo-

1840 4689 1971 4744 dum
2017 4688 2238 4742 inventa
2285 4695 2386 4740 est.
2436 4685 2551 4739 lloc
2597 4699 2726 4752 ergo
2768 4691 3182 4735 monumentum
3227 4679 3416 4731 oﬁ‘ert-t

1841 4795 2008 4849 super
2053 4777 2223 4830 altare
2272 4790 2472 4842 corpus
2519 4789 2697 4834 suum,
2734 4773 2876 4838 quod
2922 4785 3085 4822 omne
3134 4777 3412 4836 peccatum

1843 4870 2107 4937 suscepit,
2149 4866 2311 4919 etiam
2364 4863 2494 4915 illud
2550 4861 2694 4929 quod
2750 4859 3033 4912 videbatur
3085 4857 3417 4924 impossibile

1841 4975 2001 5032 posse
2031 4955 2252 5011 salvari.
2284 4953 2512 5022 Propter
2544 4952 2688 5021 quod
2719 4948 2924 5004 addidit
2955 4965 2968 5001 :

1913 5049 2047 5121 Quia
2079 5064 2173 5119 pro
2199 5054 2412 5116 peccato
2438 5053 2531 5098 est.
2560 5042 2869 5098 Dstcntlens
2895 5039 3018 5110 quia
3048 5037 3112 5092 ad
3138 5035 3413 5092 Christum

1843 5145 2018 5199 solum
2067 5141 2306 5211 pertinet
2361 5137 2606 5191 omnium
2658 5142 2879 5204 peccata
2925 5129 3229 5199 suscipere.
3275 5127 3423 5200 Ergo.

1842 5236 1898 5290 hi
1956 5234 2048 5306 qui
2107 5231 2486 5304 pmnitentiam
2545 5243 2688 5296 stupe
2747 5223 3022 5294 peccando
3080 5219 3417 5294 praevarieati

1843 5338 1992 5390 sunt,
2030 5338 2306 5397 postremo
2344 5333 2524 5376 autem
2563 5319 2953 5390 paenituerunt,
2984 5331 3050 5369 ex
3091 5329 3156 5369 eo
3193 5312 3415 5383 quidem

1841 5422 1984 5488 quod
2027 5419 2344 5485 frequenter
2387 5411 2721 5484 pracvaricati
2768 5415 2918 5472 sunt,
2950 5422 3101 5478 spem
3141 5405 3416 5476 preniten-

1842 5513 1928 5564 tia:
1963 5525 2070 5562 non
2107 5508 2311 5562 habent
2345 5523 2358 5561 :
2389 5506 2636 5563 Christus
2682 5511 2862 5556 tamen
2911 5498 3072 5554 etiam
3115 5496 3191 5552 sic
3234 5511 3413 5559 orare,

2598 5639 2619 5670 ⁸
2654 5638 2672 5691 1
2705 5637 2860 5691 Joan.
2886 5652 2951 5701 tt,
2981 5635 3074 5690 2'5.
3169 5634 3190 5666 '
3221 5631 3414 5686 Matth.
