3886 6306
437 289 555 354 s39
626 275 636 286 '

450 501 541 547 tur
572 492 819 556 verbum,
849 491 993 560 quod
1017 490 1685 558 manifestantsequentia,
1709 506 1829 545 cum
1858 490 2024 546 dicit;

520 581 733 653 Rogant
762 598 856 651 pro
876 581 968 635 illo
1002 589 1049 635 et
1083 580 1322 652 expians.
1358 579 1477 645 Vel,
1509 580 1810 636 sicutLXX
1838 580 2027 634 edide-

455 681 583 727 runt
625 691 637 726 :
668 671 735 727 Et
767 673 937 726 orabit
965 688 1060 740 pro
1098 688 1156 725 co
1187 671 1449 732 sacerdos.
1478 681 1527 724 et
1557 688 1650 739 pro
1677 680 1887 740 peccata
1916 669 2029 739 ejus

454 774 592 836 quod
621 767 873 837 peacavit,
903 766 1278 841 et‘dimittetur
1307 768 1373 819 ei.
1423 765 1491 821 Ut
1522 782 1586 820 ex
1620 765 1724 821 hoc
1780 764 2030 819 intendas

458 859 582 928 quia
614 857 1023 912 multitudinem
1053 866 1399 927 peccatorum
1439 859 1782 913 commissam
1824 857 2030 929 signiti-

455 957 561 1001 cat.
594 947 962 1012 Quamobrem
991 946 1155 1000 etiam
1186 946 1254 1000 ab
1275 962 1384 1000 uno
1421 947 1639 1013 horum,
1674 955 1859 1017 utpote
1888 962 2032 1016 saepe

455 1036 643 1090 eadem
675 1042 956 1104 peccante.
986 1049 1240 1106 saepeque
1283 1037 1351 1091 de
1388 1037 1581 1091 eadem
1616 1053 1672 1091 re
1706 1037 2029 1107 poenitente,

458 1138 622 1197 atque
656 1127 1018 1182 nihilominus
1046 1128 1279 1184 iterante
1307 1139 1612 1199 peccatum,
1644 1145 1708 1183 ea
1749 1129 1802 1183 in
1834 1131 2033 1199 quibus

457 1219 845 1288 praevaricatus
862 1228 964 1283 est,
983 1221 1359 1290 po’nitentiam
1378 1230 1523 1275 recte
1539 1222 1793 1276 sacerdos
1810 1221 2035 1275 dimittit

462 1321 516 1363 et
538 1311 880 1381 deprecatur.
905 1312 1219 1365 Misericors
1251 1321 1335 1366 est
1349 1313 1494 1365 enim
1514 1321 1570 1367 et
1586 1312 1759 1367 ﬁdelis
1780 1313 2035 1367 sacerdos

459 1403 525 1457 ad
555 1404 722 1457 Deum
746 1403 838 1473 qui
863 1411 1053 1457 exorat
1091 1419 1188 1471 pro
1215 1403 1455 1475 peccatis
1496 1404 1698 1474 pepuli.
1732 1405 1837 1460 Sed
1869 1405 2036 1459 etiam

458 1493 548 1564 qui
573 1493 696 1546 ﬁnis
716 1494 786 1546 sit
805 1494 969 1562 hujus
987 1492 1306 1556 sanctionis,
1321 1508 1732 1564 cognoscamus,
1751 1495 2033 1564 sequitur:

530 1581 808 1651 Reliquam
834 1582 1301 1651 veropartemipse
1322 1582 1530 1636 habebit
1552 1583 1607 1635 in
1626 1599 1857 1639 munere.
1882 1582 2038 1650 Quod

463 1671 751 1726 ediderunt
788 1688 803 1725 :
834 1669 982 1735 Quod
1015 1680 1192 1723 autent
1234 1670 1489 1740 reliquum
1529 1671 1707 1742 fuerit,
1749 1672 1815 1724 sit
1861 1688 2037 1724 sacer-

1645 285 2005 350 HESYCHll
2047 285 2515 348 PRESBYTERI

450 402 502 459 id
544 407 629 455 est
671 399 949 470 suscipere
997 397 1398 469 pmnitcntinm,
1431 411 1651 468 propter
1691 416 1847 454 suum
1885 400 2024 470 paii-
2057 410 2095 461 Α

3613 276 3715 340 8ἷο

2129 398 2316 461 semel,
2358 388 2462 458 bis,
2495 394 2576 451 vel
2616 407 2715 458 ter,
2768 399 2862 451 sed
2913 411 3056 465 szrpe
3091 386 3143 448 in
3187 394 3379 450 iisdem
3419 394 3476 448 in
3508 394 3716 465 quibus

2128 489 2460 558 paenituerat
2487 487 2953 557 praevaricantem,
2989 487 3368 558 paenitentiam
3394 502 3562 541 suam
3598 501 3717 541 esse

2133 580 2421 634 maledicto
2470 579 2764 648 proximam
2818 589 2874 633 et
2923 579 3230 647 reprobam,
3265 578 3502 648 ejusque
3550 577 3717 632 linem

2131 669 2186 721 in
2219 668 2599 722 combustione
2629 682 2750 722 esse
2783 665 2890 720 nisi
2929 666 3241 736 resipuerit.
3281 666 3493 721 Nolens
3529 676 3717 721 autem

2133 758 2571 827 desperationem
2650 755 2832 809 facere
2904 754 3246 809 auditoribus
3320 754 3507 807 suis:
3559 764 3721 807 erant

2112 851 2337 921 ‘quippe
2381 847 2502 903 sine
2555 848 2724 903 dubio
2771 847 2990 918 quidam
3047 847 3100 900 in
3139 845 3220 900 cis
3263 846 3635 917 negligentes,
3668 855 3720 897 et

2134 939 2410 996 luxuriose
2435 939 2756 1011 poenitentia
2789 945 3006 992 utentes
3041 952 3055 990 :
3087 936 3445 1006 quamobrem
3493 950 3609 987 non
3656 935 3722 987 ad

2134 1033 2271 1088 alios
2317 1032 2453 1094 haec,
2483 1031 2576 1085 sed
2622 1029 2689 1084 ad
2728 1044 2822 1083 eos
2869 1027 3162 1083 scribebat.
3209 1025 3349 1093 Quia
3386 1042 3524 1097 ergo
3564 1035 3724 1079 erant

2135 1106 2353 1194 quidam
2383 1122 2535 1188 tales,
2565 1120 2817 1190 adjunxit
2852 1136 2867 1173 :
2909 1118 3233 1188 Con/idiotas
3252 1126 3431 1170 autem
3473 1118 3539 1169 de
3557 1116 3721 1172 tabis.

2136 1213 2348 1283 fratres,
2368 1208 2608 1271 meliora,
2632 1218 2679 1262 et
2702 1209 2956 1262 viciniora
2986 1207 3169 1271 saluti,
3202 1207 3410 1260 tametsi
3444 1206 3527 1258 ita
3546 1206 3723 1274 loqui-

2137 1317 2256 1357 mur
2289 1300 2332 1332 “
2366 1317 2382 1354 :
2412 1300 2573 1353 simul
2603 1310 2661 1354 et
2695 1312 2899 1353 terrere
2928 1313 3023 1352 eos
3051 1298 3144 1368 qui
3180 1297 3461 1351 luxuriose
3495 1297 3727 1350 uteban-

2136 1400 2227 1446 tur
2255 1390 2600 1461 poenitentia,
2630 1399 2684 1445 et
2714 1391 2910 1444 bonam
2951 1405 3103 1459 spem
3146 1405 3336 1443 rursus
3371 1390 3724 1458 promittere,

2137 1480 2182 1533 si
2230 1480 2532 1550 migrarent
2569 1494 2598 1532 a
2633 1478 2846 1533 luxuria
2889 1484 3139 1547 cupiens.
3172 1476 3403 1547 Propter
3439 1478 3597 1547 quod
3649 1478 3729 1531 le-

2139 1573 2386 1646 gislator,
2415 1588 2518 1628 nec
2542 1574 2724 1628 oleum
2751 1573 3015 1628 oblationi
3047 1573 3169 1643 ipsi,
3201 1588 3305 1628 nec
3332 1573 3465 1626 thus
3494 1574 3731 1633 addidit,

2140 1666 2392 1725 timorem
2441 1666 2717 1721 incutiens
2767 1664 3145 1733 offerentibus,
3200 1674 3257 1721 et
3305 1677 3499 1720 tamen
3548 1666 3728 1723 susci-s

466 1765 621 1827 dotis,
666 1764 1107 1833 quemadmodum
1147 1762 1466 1830 sacriﬁcium
1512 1761 1721 1827 similar,
1760 1763 1906 1833 atqui
1944 1762 2038 1814 hoc
2070 1732 2112 1792 Β
2143 1757 2385 1827 pientem
2416 1758 2560 1812 banc
2587 1759 2924 1814 sacerdotem
2959 1757 3118 1812 dixit.
3372 1770 3420 1801 α

466 1855 785 1908 sacriﬁcium
813 1856 1003 1909 simin
1030 1864 1124 1908 est.
1152 1853 1433 1908 Decimum
1464 1857 1665 1923 quippe
1691 1853 1820 1922 ephi
1852 1853 2040 1909 similae

467 1944 726 2012 praecepit
755 1941 962 1998 olferri.
997 1941 1103 1998 Sed
1132 1942 1258 2011 quia
1294 1941 1525 1996 similam
1554 1940 1887 2012 theologiam
1918 1957 2041 1996 esse

460 2038 622 2090 novit
650 2074 665 2099 ,
707 2036 822 2089 ba-c
856 2043 1048 2089 “autem
1091 2035 1298 2090 oblatio
1334 2049 1443 2088 non
1488 2043 1695 2087 tantum
1737 2033 2040 2104 theologiae,

458 2140 737 2198 «quantum
766 2127 1104 2197 paenitentia:
1128 2135 1232 2191 est,
1258 2142 1354 2196 per
1376 2126 1839 2197 comparationem
1867 2135 2048 2180 osten-

458 2221 551 2272 -dit
609 2221 735 2290 quia
782 2218 899 2272 haec
948 2219 1053 2272 alia
1092 2217 1340 2288 quaedam
1371 2226 1456 2272 est
1486 2227 1638 2272 ex-tra
1677 2217 1820 2271 illam
1853 2233 1869 2270 :
1902 2215 2047 2272 unde

470 2313 542 2366 ibi
575 2311 796 2381 quidem
827 2311 971 2379 quod
1006 2311 1275 2381 reliquum
1312 2310 1436 2376 fuit,
1469 2311 1649 2365 naron
1679 2318 1735 2365 et
1766 2309 1886 2364 ﬁliis
1928 2309 2048 2379 ejus

458 2401 771 2472 deputavit.
808 2400 945 2455 Esse
971 2409 1149 2455 autem
1189 2400 1426 2455 diximus
1455 2401 1575 2472 ejus
1609 2400 1764 2465 ﬁlios,
1801 2400 1920 2455 illos
1955 2401 2049 2471 qui

473 2495 730 2550 sublimia
758 2502 812 2549 et
841 2492 1025 2548 divina
1065 2492 1366 2564 intelligere
1387 2500 1647 2562 possunt.
1683 2491 1791 2563 lpsi
1824 2488 2048 2561 quidem

462 2595 769 2655 {pascuntur
800 2586 878 2640 'de
908 2584 1150 2638 scientiae
1192 2584 1454 2654 reliquiis,
1490 2584 1650 2654 cujus
1688 2591 1859 2638 totum
1888 2592 2051 2654 atque

466 2695 747 2733 summam
796 2677 850 2730 in
891 2677 1046 2731 cadis
1075 2675 1322 2731 Christus
1363 2675 1553 2744 habet,
1581 2675 1723 2745 apud
1764 2690 1925 2744 quem
1964 2691 2052 2730 sa-

468 2771 698 2841 pientize
731 2769 973 2824 thesauri
1017 2777 1073 2823 et
1100 2768 1364 2834 scientiae,
1392 2768 1531 2823 sicut
1568 2768 1646 2821 ait
1675 2767 1963 2839 Apostolus
1984 2767 2050 2831 η,

465 2862 786 2917 ’absconditi
843 2868 989 2915 sunt.
1040 2858 1197 2915 Nune
1235 2868 1417 2917 autem
1467 2874 1576 2914 non
1613 2860 1792 2913 Aaron
1837 2868 1893 2913 et
1931 2858 2054 2913 ﬁliis

466 2957 619 3025 ‘ejus,
652 2954 747 3011 sed
781 2952 1048 3009 sacerdoti
1079 2952 1222 3022 quod
1258 2951 1524 3022 reliquum
1558 2950 1676 3017 'e'st,
1715 2951 1933 3007 Christo
1970 2950 2051 3005 vi-

2211 1846 2377 1903 Vsas.
2412 1848 2593 1903 14-16.
2631 1868 2649 1900 s
2685 1849 2924 1904 Locutus
2953 1859 3039 1904 est
3068 1849 3327 1904 Dominus
3360 1851 3435 1904 rid
3479 1848 3729 1920 onsen,

2143 1939 2386 1996 dicens:
2430 1941 2627 1995 Anima
2682 1941 2726 1996 si
2787 1942 3151 2012 praevaricans
3204 1942 3580 1996 caeremonias
3638 1958 3735 2011 per

2147 2048 2413 2097 errorem,
2451 2033 2506 2087 in
2538 2033 2623 2088 his
2649 2049 2770 2103 quae
2810 2034 3037 2088 Domino
3066 2045 3195 2089 sunt
3221 2032 3575 2090 sanctiﬁcata
3604 2049 3737 2103 pec-

2145 2125 2372 2192 caverit,
2400 2124 2592 2189 oﬂ‘eret
2626 2140 2726 2196 pro
2754 2125 2955 2181 delicto
2996 2142 3097 2181 suo
3129 2126 3359 2181 arietem
3402 2126 3736 2181 immaculaé

2150 2227 2265 2271 tum
2292 2217 2362 2271 de
2382 2216 2656 2288 gregibus,
2680 2217 2772 2286 qui
2797 2217 2902 2272 emi
2929 2226 3108 2287 potest
3131 2216 3348 2273 duobus
3376 2218 3561 2278 siclis,
3584 2219 3734 2287 juxta

2148 2308 2365 2379 pondus
2414 2308 2732 2371 sanctuarii,
2774 2307 3063 2381 ipsumque
3110 2309 3258 2379 quod
3308 2308 3505 2363 intulit
3548 2310 3735 2363 damni

2150 2397 2426 2462 restituet,
2459 2407 2516 2452 et
2551 2398 2799 2468 quintam
2847 2407 3057 2469 partem
3088 2408 3257 2470 ponet
3295 2414 3466 2469 supra
3510 2406 3736 2453 tradens

2149 2488 2445 2555 sacerdoti,
2474 2488 2568 2559 qui
2613 2489 2823 2560 rogabit
2863 2503 2962 2559 pro
2997 2503 3064 2544 eo
3105 2488 3345 2544 offerens
3387 2488 3651 2551 arietem,
3687 2501 3737 2544 et

2149 2579 2453 2634 dimittetur
2490 2579 2562 2632 ei.
2597 2598 2615 2630 ι

2222 2668 2437 2724 Bonum
2484 2669 2702 2739 quidem
2752 2680 2836 2725 est
2859 2670 2928 2725 ab
2971 2669 3119 2727 omni
3162 2680 3389 2740 peccato
3428 2672 3736 2736 abstinere,

2151 2763 2385 2818 maxime
2407 2774 2589 2819 tamen
2611 2763 2679 2818 ab
2694 2778 2759 2817 eo
2776 2763 2917 2833 quod
2932 2773 3119 2818 contra
3142 2774 3327 2819 sancta
3345 2767 3741 2831 committitur,

2156 2854 2286 2926 quia
2316 2855 2461 2911 Deus
2489 2854 2737 2925 perillud
2758 2854 3066 2924 injuriatur.
3085 2855 3361 2921 Quantum
3391 2865 3589 2910 autem
3612 2857 3738 2912 hoc.

2155 2956 2212 3001 et
2247 2961 2412 3017 quam
2440 2945 2685 3001 terribile
2712 2944 2802 3012 sit,
2831 2961 3093 3016 praesens,
3122 2962 3285 3017 quam
3326 2946 3616 3019 legislstor
3642 2965 3743 3003 ex-

478 3049 700 3113 delicct,
736 3046 879 3100 sicut
906 3053 962 3099 et
993 3043 1320 3099 sacriﬁcium
1368 3044 1558 3099 similae
1588 3054 1674 3100 est
1715 3045 1769 3100 in
1808 3060 2052 3117 munere.
2082 3064 2124 3122 ο
2158 3039 2370 3110 posuit.
2426 3037 2769 3093 demonstrat
2810 3039 3035 3094 oblatio.
3072 3038 3267 3096 Cernis
3318 3040 3531 3111 quippe
3581 3043 3741 3112 quia.

475 3142 624 3211 Ergo
652 3139 779 3209 quia
809 3138 1042 3194 similam
1072 3152 1193 3192 esse
1223 3136 1550 3208 theologiam
1576 3136 1832 3204 diximus,
1863 3137 1919 3191 in
1949 3136 2056 3192 duo
2157 3128 2287 3184 dum
2324 3137 2406 3183 ῑοι
2438 3129 2792 3199 praecepisset
2829 3129 3097 3186 sacriﬁcia
3132 3130 3423 3195 celebrari,
3467 3148 3743 3202 nusquam

474 3230 676 3281 eadem
724 3240 967 3296 praesens
997 3223 1323 3280 sacrificium
1358 3224 1634 3291 dividitur,
1666 3224 1717 3280 id
1750 3234 1857 3290 est,
1887 3225 1942 3279 in
1973 3241 2057 3280 re-
2156 3220 2225 3275 de
2258 3219 2454 3274 arietis
2491 3220 2761 3276 sacriﬁcio
2794 3221 2849 3276 in
2872 3221 3145 3291 principio
3170 3221 3294 3279 libri
3323 3222 3496 3292 hujus
3527 3224 3742 3277 Domini

478 3319 801 3374 missionem
853 3327 1203 3388 peccatorum
1240 3316 1624 3386 .pmniteutiam
1662 3316 1873 3388 'agenti,
1906 3325 1960 3372 et
2000 3316 2057 3370 in
2157 3312 2223 3369 ad
2249 3310 2467 3382 Moysen
2500 3310 2797 3381 loquentis,
2820 3312 2928 3366 nisi
2958 3321 3166 3379 tantum
3194 3313 3250 3367 in
3285 3313 3390 3367 hoc
3420 3313 3550 3368 loco
3586 3328 3742 3367 men-

478 3409 815 3481 ttheologiam
840 3407 1092 3485 Christo.
1127 3404 1314 3460 Solius
1348 3406 1493 3460 enim
1528 3404 1620 3460 Dei
1650 3414 1734 3462 est
1757 3405 2055 3478 ignoscere,
2159 3403 2364 3457 tionem
2400 3402 2550 3467 fecit,
2579 3405 2769 3459 volens
2802 3404 3185 3460 necessitatem
3218 3413 3273 3460 et
3310 3405 3615 3460 utilitatem
3660 3422 3744 3460 sa-

478 3503 651 3557 ctiam
686 3514 749 3556 ea
783 3514 1017 3570 quorum
1051 3497 1404 3566 impossibilis
1440 3497 1652 3552 videtur
1691 3498 1959 3553 remissio.
1991 3498 2061 3552 Et
2152 3495 2342 3552 criﬁeii
2373 3496 2541 3566 hujus
2570 3497 2881 3552 ostendere.
2913 3494 3106 3552 Cernis
3131 3498 3295 3553 etiam
3323 3498 3453 3569 quia
3482 3515 3602 3554 non
3630 3500 3743 3554 hir-

488 3605 637 3649 recte
669 3594 723 3647 in
753 3608 878 3646 eum
908 3589 1286 3660 multipliciter
1314 3589 1415 3643 hoc
1446 3587 1770 3644 sacriﬁcium
1800 3589 1867 3643 ad
1902 3589 2060 3644 theo-

481 3683 686 3754 logiam
729 3680 1026 3734 invenitur.
1061 3678 1197 3732 Illud
1225 3686 1407 3732 autem
1446 3692 1556 3732 non
1597 3677 1902 3742 admireris,
1933 3677 2061 3748 quia

493 3773 546 3825 in
593 3771 917 3841 quibusdam
966 3768 1239 3839 personis,
1278 3767 1364 3822 vel
1404 3769 1459 3821 in
1496 3769 1755 3838 peccatis,
1789 3768 2060 3823 dilIicilem

491 3879 614 3917 esse
649 3862 855 3917 aditum
897 3859 1235 3931 poanitentia:
1269 3858 1546 3924 diximus;
1578 3860 1653 3914 ait
1676 3863 1879 3931 quippe
1922 3859 2063 3914 Pau-

467 3957 578 4010 '-lus
613 3973 626 4008 :
668 3953 974 4007 l'oluntaric
1017 3953 1154 4006 enim
1192 3952 1524 4020 peccmttibus
1563 3952 1739 4017 nobis,
1773 3961 1893 4021 post
1942 3968 2063 4023 per-

493 4053 697 4113 reptant
731 4042 977 4094 notitiam
997 4041 1266 4103 ueritatis,
1300 4057 1401 4093 non
1426 4040 1545 4110 jam
1563 4051 1883 4110 propeccato
1908 4040 2066 4094 relin-

483 4135 672 4205 quitur
721 4131 894 4188 hostia
927 4132 1005 4197 ";
1055 4128 1158 4185 hoc
1213 4131 1359 4200 quod
1411 4132 1650 4185 diximus
1695 4130 1931 4199 difﬁcile,
1970 4146 2066 4200 pro

499 4220 837 4293 impossibile
867 4231 1154 4290 ponentes,
1187 4237 1312 4274 nam
1345 4222 1485 4275 idem
1521 4220 1575 4274 in
1609 4222 2067 4291 subsequentibus

487 4316 573 4370 ait
597 4331 620 4367 οε
653 4312 982 4383 lmpossibile
1018 4322 1090 4366 est
1125 4312 1261 4365 enim
1278 4328 1372 4365 eos
1400 4313 1489 4382 qui
1512 4313 1670 4366 semel
1702 4322 1823 4367 sunt
1864 4313 2067 4367 illume-

2159 3604 2308 3652 cum,
2335 3602 2512 3658 neque
2555 3605 2798 3659 capram,
2840 3598 2937 3644 aut
2971 3605 3154 3654 ovem,
3182 3599 3277 3645 aut
3316 3606 3419 3661 par
3453 3592 3742 3647 columba-

2162 3692 2307 3741 rum,
2356 3679 2449 3732 sed
2503 3679 2729 3732 arietem
2786 3678 3049 3750 pmcepit
3090 3678 3297 3742 offerri,
3341 3694 3407 3735 ex
3460 3681 3743 3737 oblatione

2162 3770 2369 3826 docens
2413 3771 2574 3839 quale
2648 3771 2718 3826 sit
2768 3771 2873 3825 hoc
2922 3781 3228 3841 peccatum.
3272 3773 3329 3825 In
3376 3771 3557 3843 ﬁgura
3596 3775 3740 3827 enim

2160 3859 2462 3919 Salvatoris
2511 3864 2656 3917 aries
2708 3863 2993 3935 accipitur.
3048 3864 3345 3934 Cognoscis
3395 3873 3589 3919 autem
3646 3866 3744 3919 bac

2166 3953 2350 4010 modo.
2386 3955 2604 4023 quando
2646 3953 2790 4011 Deus
2819 3954 3092 4027 Abraham
3133 3956 3201 4009 ab
3232 3942 3514 4026 unigenito
3546 3956 3745 4011 immo-

2159 4043 2329 4100 laudo
2374 4045 2621 4101 cohibuit
2651 4062 2667 4101 :
2704 4047 2962 4116 quoniam
2993 4056 3055 4100 et
3091 4047 3243 4102 Isaac
3287 4048 3474 4102 vivere
3518 4060 3745 4121 propter

2170 4136 2493 4208 promissam
2532 4151 2597 4191 es
2644 4151 2712 4191 eo
2750 4138 3179 4201 successionem,
3209 4147 3265 4192 et
3300 4138 3527 4208 ﬁguram
3573 4142 3743 4194 sacu-

2171 4223 2278 4279 ﬁcii
2331 4225 2631 4299 Salvatoris
2676 4225 2893 4295 impleri
2948 4227 3269 4297 oportebat,
3322 4237 3547 4297 propter
3608 4230 3745 4282 hanc

2162 4316 2323 4371 lsaac
2374 4316 2431 4371 in
2482 4316 2811 4372 sacriﬁcium
2859 4329 3169 4389 assumpto,
3220 4319 3357 4374 vidit
3402 4320 3636 4374 arietem
3693 4322 3741 4374 in

499 4402 640 4464 nati,
679 4411 1122 4473 gustaveruntque
1167 4401 1362 4455 donum
1417 4405 1637 4469 cocleae,
1677 4412 1727 4457 et
1787 4406 2066 4474 participes
2096 4391 2143 4446 ὀ
2173 4406 2429 4478 vepribus
2474 4406 2773 4464 haerentem
2830 4409 3108 4475 cornibus,
3148 4410 3255 4477 vel,
3284 4412 3425 4466 sicut
3478 4410 3645 4475 LXX,
3692 4414 3743 4465 in

489 4495 626 4565 ,μητιὶ
651 4502 783 4547 sunt
822 4492 1056 4560 Spiritus
1088 4492 1278 4556 sancti,
1302 4503 1751 4567 ,gustaveruntque
1789 4495 1948 4549 etiam
1984 4497 2072 4550 bo-

489 4600 624 4637 mrm
668 4582 763 4636 Dei
784 4581 1024 4647 uerbum,
1060 4583 1381 4653 oirtutesque
1408 4583 1587 4637 siccati
1610 4585 1840 4651 uenturi,
1872 4595 1920 4640 et
1947 4602 2072 4655 pro-

489 4674 638 4746 lapsi
673 4682 816 4739 sunt,
845 4675 1091 4727 renovari
1122 4689 1303 4727 rursus
1340 4675 1411 4729 ad
1442 4677 1824 4744 pmnitenliam,
1855 4680 2072 4749 cruci/i-

486 4781 671 4839 ggentes
694 4766 1030 4836 sibimetipsis
1048 4763 1250 4820 Filium
1281 4765 1397 4833 Dei,
1422 4777 1471 4822 et
1495 4770 1721 4822 ostentui
1737 4770 1982 4825 habentes
2005 4771 2069 4839 “,

487 4876 592 4914 eos
624 4858 714 4928 qui
749 4856 1070 4927 frequenter
1094 4865 1324 4928 egerunt
1346 4859 1752 4928 pmnitentiam,
1782 4869 1836 4916 et
1861 4872 2072 4931 praeva-

490 4951 655 5004 ricati
693 4957 831 5005 sunt
869 4949 1147 5003 Christum
1183 4949 1467 5019 injuriare,
1496 4951 1587 5020 qui
1622 4967 1740 5006 eam
1775 4954 2069 5020 concessit,

486 5042 845 5113 signiﬁcans,
913 5041 1059 5111 quod
1118 5041 1470 5096 manifestam
1545 5046 1828 5113 sequentia
1866 5062 1880 5099 :
1912 5042 2070 5097 Terra

487 5134 654 5199 enim,
689 5133 884 5203 inquit,
922 5147 1059 5201 καῖρε
1100 5147 1257 5201 super
1299 5149 1357 5185 se
1398 5133 1685 5188 uenientem
1731 5135 1945 5188 imbrem
1988 5134 2072 5188 bi-

494 5227 637 5290 bens,
666 5237 712 5280 et
746 5240 999 5295 generous
1037 5224 1251 5279 herbam
1290 5233 1636 5294 opportunam
1674 5225 1781 5280 illis
1817 5242 1851 5279 a
1887 5226 2071 5297 quibus

493 5317 706 5383 colitur,
758 5316 958 5385 accepit
1001 5314 1406 5369 benedictionem
1439 5330 1471 5367 a
1520 5313 1761 5368 Domino.
1800 5313 2072 5385 Proferens

491 5415 673 5459 autem
717 5405 900 5475 spinas
940 5413 991 5457 et
1036 5400 1273 5465 tribulos,
1305 5399 1524 5469 reprobo
1573 5410 1667 5467 est,
1700 5411 1750 5455 et
1796 5403 2072 5457 maledicto

495 5496 760 5563 proxima,
808 5495 959 5564 cujus
1007 5492 1127 5563 ﬁnis
1170 5493 1229 5546 in
1278 5492 1629 5547 combustione
1662 5493 1725 5547 ".
1776 5494 1895 5548 Non
1937 5495 2074 5551 dixit

570 5691 839 5748 "Coloss.
870 5708 933 5761 tl,
960 5694 1014 5748 5.
1095 5695 1136 5728 ¹³
1164 5694 1331 5749 llebr.
1367 5694 1522 5760 x,26.

2161 4497 2366 4552 arbore
2430 4495 2645 4554 Sabech
2695 4498 3005 4570 patriarcha
3063 4501 3258 4555 teneri.
3316 4500 3495 4555 Arbor
3555 4511 3741 4576 autem

2170 4587 2385 4645 Sabcch
2419 4605 2553 4644 crux
2583 4599 2688 4655 est,
2721 4590 2929 4662 lignum
2971 4592 3330 4658 remissionis,
3372 4594 3426 4648 in
3455 4610 3566 4663 quo
3600 4596 3743 4649 aries

2167 4696 2237 4737 ex
2292 4680 2551 4736 cornibus
2602 4680 2826 4753 ﬁguram
2876 4699 3091 4753 gerens,
3137 4682 3333 4739 conﬁsi
3377 4686 3637 4741 nianibus
3690 4687 3742 4740 in

2173 4788 2337 4829 cruce
2370 4773 2572 4829 Christi
2616 4775 2923 4831 tenebatur.
2955 4776 3072 4831 Non
3103 4777 3279 4834 solum
3317 4788 3497 4834 autem
3545 4780 3739 4835 imma-

2172 4864 2413 4918 culatum
2455 4880 2579 4920 eum
2623 4880 2744 4920 esse
2784 4869 3061 4938 praecepit,
3093 4868 3189 4924 sed
3228 4880 3284 4924 et
3316 4871 3411 4940 qui
3451 4870 3610 4940 pretii
3652 4872 3742 4934 sit,

2174 4951 2291 5007 sive
2326 4953 2438 5007 emi
2476 4953 2647 5024 possit
2682 4954 2896 5009 duobus
2926 4956 3094 5023 siclis,
3127 4956 3234 5023 vel,
3255 4957 3556 5012 secundum
3571 4955 3761 5024 LXX,

2173 5043 2387 5115 argenti
2427 5043 2817 5116 quinquaginta
2848 5044 3018 5114 siclis,
3053 5046 3189 5102 siclo
3224 5046 3540 5104 sanctuarii.
3568 5044 3742 5103 Nemo

2104 5188 2111 5193 .
2172 5134 2378 5204 quippe
2435 5134 2541 5188 sibi
2598 5135 2920 5205 conquirere
2971 5134 3187 5192 Domini
3243 5136 3571 5192 sacriﬁcium
3637 5137 3738 5192 nisi

2170 5240 2270 5294 per
2302 5223 2564 5296 Spiritum
2591 5236 2841 5280 sanctum
2865 5235 3070 5296 potest.
3107 5227 3164 5281 Si
3194 5228 3340 5282 enim
3364 5240 3534 5281 nemo
3556 5236 3734 5297 potest

2171 5315 2358 5370 dicere
2412 5315 2678 5370 Dominus
2721 5315 2890 5371 “Iesus
2935 5316 3228 5383 Christus,
3277 5317 3386 5372 nisi
3432 5318 3487 5372 in
3528 5316 3733 5388 Spiritu

2171 5414 2362 5462 saneto
2387 5406 2459 5472 ",
2486 5407 2661 5462 multo
2688 5407 2866 5476 magis
2893 5423 2995 5464 nec
3023 5408 3348 5464 sacriﬁcium
3375 5408 3495 5479 ejus
3520 5411 3734 5477 assequi

2174 5506 2374 5567 potest,
2407 5497 2528 5554 sine
2552 5498 2870 5568 operatione
2912 5497 3172 5569 Spiritus.
3209 5498 3364 5556 Unde
3388 5512 3503 5557 non
3532 5499 3739 5569 simpli-

1602 5692 1643 5724 “
1666 5692 1830 5748 Hebr.
1862 5709 1938 5761 vr,
1978 5693 2031 5759 ι,

2158 5695 2178 5727 ⁸
2201 5694 2329 5750 ibid.
2365 5695 2415 5759 7,
2440 5698 2490 5751 8.
2569 5698 2609 5729 ¹⁶
2643 5698 2771 5752 ibid.
2805 5699 2858 5753 9.
2938 5694 2978 5729 "
3010 5698 3027 5751 1
3057 5696 3182 5753 Cor.
3207 5712 3304 5766 xtl,
3334 5694 3387 5752 δ.
3620 5692 3646 5715 ’
