3886 6306
135 299 253 366 841

1307 298 1391 362 IN
1430 300 1866 363 LEVITICUM.
1907 324 1970 333 -
2009 301 2154 360 LIB.
2199 297 2246 360 Ι.

3295 302 3399 370 842

130 410 294 466 citer
327 407 531 463 dictum
568 414 672 474 est,
707 408 1100 481 quinquaginta
1141 410 1421 466 siclorum.
1466 411 1724 467 Ostendit
1753 419 1794 474 Α
1827 410 1982 477 Quod
1999 412 2044 466 si
2069 410 2461 481 peccaveritde
2487 411 2688 482 populo
2705 421 2864 468 terrae
2895 428 2991 483 per
3013 413 3396 485 ignorantiam.

131 499 357 570 quippe
405 499 493 554 hic
540 515 800 554 numerus
833 501 1006 555 sancti
1043 501 1278 571 Spiritus
1309 503 1628 568 adventum,
1661 518 1727 556 ex

131 606 210 646 eo
257 591 402 660 quod
435 591 523 646 dic
555 591 898 658 Pentecoste,
931 592 983 647 id
1021 601 1105 647 est
1150 595 1618 665 quinquagesima,
1661 594 1728 648 ad

133 683 428 750 apostolos
476 683 648 736 venit.
691 684 798 738 Sed
847 691 904 738 et
957 687 1196 754 pondere
1244 686 1561 750 sanctuarii,
1612 685 1728 740 sive

135 773 456 826 secundum
485 772 627 826 LXX
663 773 796 826 siclo
825 783 1036 840 sancto,
1070 782 1128 828 ut
1160 790 1256 843 per
1283 776 1384 829 hoc
1411 775 1556 844 quod
1590 775 1728 829 dixit

135 873 367 927 sancto,
424 864 740 918 ostenderet
806 865 980 918 sancti
1052 865 1288 934 Spiritus
1336 866 1608 923 ,virtutem
1674 874 1728 919 ct

135 956 553 1023 operationem.
593 953 738 1008 Siclo
783 964 966 1008 autem
1007 956 1208 1024 quare?
1251 956 1385 1020 Quia
1433 957 1598 1010 siclus
1641 956 1727 1010 vi-

137 1048 292 1115 ginti
324 1047 608 1099 obolorum
643 1055 747 1111 est,
785 1045 875 1100 hic
915 1056 1098 1100 autem
1134 1046 1436 1100 vicenarius
1470 1061 1727 1100 numerus

136 1153 264 1191 non
294 1147 378 1192 est
415 1137 651 1206 peccatis
679 1137 969 1191 obnoxius.
1013 1136 1168 1190 Unde
1194 1137 1246 1189 1ιὶ
1272 1138 1362 1206 qui
1395 1138 1461 1191 de
1495 1137 1726 1207 [Egypto

135 1230 425 1290 exierunt,
467 1245 590 1281 cutn
627 1227 815 1297 viginti
847 1243 1112 1280 annorum
1143 1238 1351 1291 essent,
1383 1229 1590 1297 peccati
1626 1245 1724 1296 po-

137 1321 266 1389 puli
302 1335 519 1388 pinnam
566 1335 674 1372 non
717 1328 1076 1388 susceperunt
1106 1335 1119 1371 :
1155 1320 1388 1373 mundus
1423 1320 1622 1389 quippe
1656 1322 1724 1376 ab

77 1440 88 1482 λ
135 1411 303 1464 omni
331 1421 551 1480 peccato
581 1418 664 1464 est
689 1411 949 1480 spiritalis
978 1411 1161 1464 homo.
1192 1409 1308 1464 Non
1340 1411 1514 1464 solum
1541 1421 1721 1465 autem

136 1504 384 1557 arietem
415 1502 625 1566 oﬂcrri,
660 1503 754 1556 sed
781 1511 834 1556 ct
863 1503 1103 1571 quintam
1132 1502 1332 1556 addere
1357 1502 1631 1572 praecepit.
1666 1501 1723 1556 Si

135 1597 276 1663 quis
321 1594 461 1647 forte
500 1603 691 1648 saneto
718 1608 868 1657 vase,
901 1594 985 1648 vel
1015 1594 1157 1656 cibo,
1187 1603 1282 1646 aut
1314 1602 1590 1664 unguento
1630 1594 1722 1648 tali

140 1683 344 1736 illicite
374 1683 577 1736 abusus
606 1693 710 1748 est,
736 1683 837 1737 hoc
866 1683 1159 1753 appellavit
1197 1684 1546 1738 commissum
1590 1699 1722 1754 pec-

1837 511 1893 554 ut
1909 501 2072 555 faciat
2088 501 2380 572 quidquam
2402 517 2466 555 ex
2488 501 2572 555 liis
2593 519 2712 572 qua:
2728 503 2942 558 Domini
2973 505 3085 575 lege
3108 507 3398 575 prohiben-

1831 600 1919 645 tur
1943 601 2105 661 atque
2139 592 2439 662 delinquat,
2477 602 2531 648 et
2561 596 2875 665 cognoverit
2900 606 3186 666 peccatum
3216 613 3395 661 suum.

1829 679 2022 736 oﬂ‘eret
2063 697 2279 752 capram
2321 684 2741 740 immaculatum.
2781 688 2936 744 Nunc
2967 697 3220 760 tanquam
3257 693 3398 746 obli-

1832 781 1916 827 tus
1950 789 2012 828 ea
2052 791 2173 844 quae
2216 787 2548 845 praeceperat
2581 795 2594 830 :
2631 777 2686 832 Si
2727 780 2927 842 anima,
2963 781 3058 842 ait,
3092 784 3400 850 peccaverit

1829 880 1927 933 per
1971 865 2353 936 ignorantiam,
2384 868 2680 938 feceritque
2719 886 2886 924 unum
2921 887 2985 925 ex
3017 872 3101 926 his
3136 889 3258 942 qua:
3293 875 3399 928 Do-

1828 957 1958 1009 mini
1993 957 2110 1028 lege
2148 959 2512 1027 prohibentur
2546 979 2558 1014 :
2589 971 2644 1016 ct
2680 963 2887 1032 peccati
2935 979 3024 1018 rea
3070 966 3394 1020 intellexerit

1826 1044 2167 1112 iniquitatem
2202 1062 2378 1113 suam,
2412 1049 2604 1104 oﬁ‘eret
2631 1051 2858 1106 arietem
2897 1053 3298 1109 immaculatum
3329 1055 3398 1110 de

1827 1135 2082 1204 gregibus
2121 1139 2410 1194 sacerdoti.
2451 1141 2516 1194 Et
2554 1143 2784 1196 multum
2818 1144 3031 1199 videtur
3059 1145 3276 1200 diﬁ'errc
3307 1146 3394 1200 in-

1826 1236 1908 1280 ter
1938 1229 2039 1282 hoc
2066 1231 2414 1294 sacriﬁcium,
2449 1241 2503 1285 et
2537 1233 2665 1287 illud
2696 1235 2838 1302 quod
2867 1235 3068 1290 dudum
3091 1238 3348 1307 praecepit
3378 1257 3391 1292 :

1826 1319 1918 1372 sed
1963 1336 2140 1390 neque
2179 1323 2378 1376 oblitus
2428 1333 2511 1377 est
2556 1326 2823 1379 anteriora
2869 1343 2970 1381 nec
3015 1330 3283 1383 contraria
3315 1332 3395 1386 eis

1825 1409 2104 1476 pracepit.
2141 1409 2279 1474 Quia
2321 1411 2466 1465 enim
2503 1414 2724 1468 nomine
2753 1415 2949 1469 animat
2975 1417 3229 1485 gentilem
3256 1420 3395 1476 dixi-

1826 1512 1948 1550 mus
1981 1499 2294 1568 signiﬁcari,
2334 1501 2423 1555 hic
2463 1511 2644 1556 autem
2687 1503 2915 1558 forsitan
2952 1506 3204 1576 ignorans
3237 1523 3393 1563 man-

1824 1588 1946 1642 data
1984 1589 2116 1659 legis
2153 1591 2457 1662 transgredi
2506 1602 2720 1662 poterat
2769 1595 3012 1664 (propter
3044 1597 3188 1666 quod
3236 1597 3389 1658 dixit.

1821 1695 1915 1747 per
1951 1682 2309 1750 ignorantiam
2350 1682 2536 1752 recte),
2571 1685 2926 1756 intelligibilis
2961 1687 3121 1752 aries,
3145 1687 3394 1742 Christus

139 1783 336 1826 catum
362 1773 424 1825 in
443 1781 628 1826 sancta
663 1789 676 1830 :
706 1773 793 1826 hic
820 1790 947 1843 ergo
978 1775 1154 1844 ipsum
1186 1775 1396 1838 reddet,
1423 1784 1478 1830 et
1501 1776 1724 1845 insuper
1755 1775 1795 1829 Β
1825 1771 2094 1838 videlicet.
2126 1775 2290 1844 huius
2319 1785 2599 1845 peccatum
2630 1778 2685 1832 in
2723 1779 2988 1835 sacriﬁcio
3021 1797 3118 1850 pro
3147 1795 3214 1836 co
3237 1781 3391 1836 Obla-

137 1863 422 1932 quintam,
452 1864 504 1918 id
532 1873 618 1918 est
643 1866 884 1934 quintam
924 1866 1042 1935 ejus
1081 1874 1288 1936 partem
1322 1867 1498 1921 tradet
1537 1882 1719 1922 sacer-

137 1957 285 2010 doti.
335 1955 447 2010 Hoc
489 1965 674 2010 autem
724 1956 990 2028 signiﬁcat
1029 1967 1106 2022 ut,
1167 1959 1422 2028 quoniam
1479 1959 1719 2028 quinque

137 2064 348 2103 sensus
391 2049 673 2116 habemus,
706 2050 750 2104 si
795 2066 892 2120 per
935 2067 1104 2106 unum
1148 2066 1370 2106 sensum
1416 2052 1719 2122 peccaveri-

138 2156 293 2204 mus,
328 2141 492 2195 veluti
521 2141 566 2194 si
596 2141 811 2195 oculum
843 2140 910 2195 ad
939 2141 1262 2196 adulterium
1292 2143 1347 2196 in
1394 2149 1637 2212 tempore
1664 2152 1720 2198 et

140 2233 273 2286 loco
307 2245 500 2287 sancto
532 2232 999 2302 occupaverimus,
1032 2243 1126 2288 aut
1173 2233 1408 2304 linguam
1447 2233 1502 2287 in
1541 2233 1718 2288 detra-

138 2322 355 2386 Lendo,
391 2322 477 2376 vel
511 2338 670 2377 aures
697 2322 764 2377 ad
800 2323 994 2377 malam
1030 2323 1381 2390 locutionem,
1407 2332 1502 2378 aut
1531 2325 1718 2378 odora-

137 2422 268 2467 tum
315 2414 383 2466 ad
424 2413 828 2482 perceptionem
866 2413 1340 2468 odoramentorum
1380 2413 1717 2468 meretricio-

138 2520 296 2568 rum,
327 2511 420 2557 aut
449 2519 667 2557 manum
693 2505 760 2558 ad
790 2511 992 2559 tactum
1020 2503 1305 2574 profanum
1335 2514 1392 2558 et
1417 2504 1675 2573 injustum
1699 2521 1716 2561 :

137 2596 388 2664 primum
422 2596 640 2664 quidem
683 2597 750 2650 ab
785 2596 878 2650 illo
912 2604 1135 2666 peccato
1178 2597 1400 2652 omnino
1441 2597 1716 2656 abstinea-

139 2701 291 2752 mus,
325 2696 380 2742 et
411 2687 785 2756 pcenitentiam
817 2689 883 2742 de
911 2702 976 2742 eo
998 2703 1094 2757 per
1131 2687 1354 2745 arietem
1382 2688 1714 2758 oﬂ'eramus;

140 2778 196 2834 id
226 2789 334 2845 est,
368 2780 645 2834 Christum
675 2795 926 2850 rogemus
958 2789 1016 2834 ut
1045 2781 1248 2851 peccati
1281 2781 1332 2835 in
1356 2796 1413 2837 se
1443 2784 1716 2838 commissi

139 2871 261 2940 ipse
316 2871 410 2925 ﬁat
456 2871 662 2941 ereptio
697 2885 711 2923 :
749 2871 943 2926 deinde
990 2873 1263 2941 quintam,
1312 2873 1363 2927 id
1417 2882 1500 2928 est
1546 2890 1714 2930 unum

136 2963 530 3032 praedictorum
581 2977 861 3026 sensuum,
901 2978 1000 3032 per
1041 2964 1185 3032 quod
1235 2973 1513 3033 peccatum
1563 2981 1713 3020 com-

139 3053 375 3108 missum
405 3061 505 3118 est,
538 3053 826 3108 offeramus
861 3055 1144 3120 sacerdoti,
1176 3054 1388 3109 Christo
1418 3055 1668 3110 videlicet
1697 3075 1709 3110 :

140 3151 202 3198 ut
256 3158 604 3212 nequaquam
663 3145 800 3198 ultra
855 3145 919 3198 ad
979 3145 1247 3199 actionem
1295 3161 1514 3214 pravam
1563 3147 1712 3202 illum

138 3249 480 3304 occupemus
534 3223 776 3300 sensum,
813 3236 906 3290 sed
959 3251 1340 3291 consecremus
1387 3239 1536 3292 illum
1584 3238 1712 3295 Deo.

141 3323 236 3380 Sic
260 3326 413 3380 enim
439 3342 538 3396 pro
559 3335 782 3395 peccato
805 3335 990 3381 nostro
1015 3327 1409 3396 deprecabitur.
1434 3327 1715 3393 Quomodo

139 3423 330 3469 autem
365 3416 570 3484 peccati
617 3415 756 3470 aries
801 3431 899 3483 per
945 3417 1281 3469 sacerdotem
1322 3415 1598 3481 oﬂ'eratur,
1660 3419 1713 3472 in

138 3503 246 3559 alia
299 3512 454 3574 parte
507 3504 630 3558 libri
681 3505 1049 3574 conscriptum
1101 3513 1204 3570 est,
1247 3505 1338 3558 ubi
1392 3495 1712 3562 sacriﬁcium

138 3611 240 3664 pro
272 3603 501 3666 peccato
530 3596 736 3664 arquale
774 3610 896 3650 esse
925 3595 1193 3650 sacriﬁcio
1221 3597 1362 3664 quod
1395 3612 1494 3666 pro
1521 3596 1714 3670 delicto

139 3686 218 3751 ﬁt,
262 3684 597 3755 praedicavit.
642 3683 754 3739 Hoc
795 3694 976 3740 autem
1024 3701 1170 3740 nunc
1213 3686 1576 3756 adjiciendum
1607 3697 1710 3754 est,

134 3778 266 3847 quia
332 3777 585 3831 delictum
644 3776 913 3847 legislator
964 3777 1176 3831 duobus
1228 3778 1401 3833 modis
1453 3778 1565 3841 uti,
1616 3794 1711 3833 seu

135 3881 349 3937 ponere
377 3867 578 3931 solens,
604 3875 658 3922 et
686 3869 941 3923 delictum
972 3869 1245 3938 appellare
1297 3883 1445 3922 nunc
1491 3869 1709 3939 quidem

134 3968 427 4028 peccatum
477 3959 619 4028 quod
665 3960 731 4014 ad
776 3961 1056 4015 scientiam
1106 3962 1371 4031 pervenit,
1406 3971 1461 4016 et
1510 3979 1711 4033 nequa-

133 4065 300 4120 quam
331 4052 442 4122 jam
479 4051 719 4121 ignotum
756 4062 840 4106 est
875 4053 1142 4122 peccanti,
1172 4069 1318 4107 nunc
1355 4061 1536 4109 autem
1566 4056 1708 4124 quod

134 4143 191 4196 in
243 4144 357 4198 Deo
407 4145 527 4212 ipso
576 4144 925 4199 commissum
967 4153 1067 4209 est,
1115 4146 1280 4200 veluti
1331 4145 1705 4216 jurejurando,

131 4245 228 4290 aut
260 4235 426 4290 etiam
477 4236 531 4288 in
575 4236 794 4300 sanctis,
827 4251 936 4290 non
980 4237 1099 4290 sine
1137 4252 1301 4290 causa
1345 4237 1445 4290 hoc
1476 4238 1708 4307 appellat

131 4325 416 4392 delictum,
453 4327 548 4382 scd
598 4335 656 4382 ut
700 4336 754 4380 tu
799 4342 1092 4398 cognoscas
1137 4328 1390 4384 similiter
1432 4329 1487 4383 in
1536 4329 1704 4385 Deum

1822 1873 1910 1918 tus
1954 1865 2130 1921 diluit.
2183 1867 2287 1923 Sed
2341 1877 2397 1922 et
2444 1869 2574 1923 illud
2615 1872 2938 1938 ostenditur,
2987 1882 3148 1942 atque
3197 1873 3254 1928 in
3303 1873 3391 1929 bitt

1819 1954 2104 2009 evidenter
2129 1955 2557 2022 demonstratur,
2579 1959 2702 2034 quia
2730 1960 2787 2014 in
2816 1976 3140 2031 unoquoque
3169 1961 3386 2031 quidem

1820 2055 2065 2114 peccato,
2101 2061 2201 2117 pro
2246 2049 2576 2104 remittendo
2621 2066 2687 2106 eo
2731 2051 2939 2121 egimus
2987 2053 3386 2122 pcnnitentiam,

1819 2153 1944 2192 cum
1964 2153 2073 2193 non
2101 2139 2273 2195 simus
2303 2141 2483 2196 idonei
2511 2157 2608 2212 per
2631 2143 3015 2212 nosmetipsos,
3037 2145 3158 2199 sine
3185 2143 3386 2203 Christi

1819 2231 2091 2286 sacriﬁcio
2117 2234 2379 2304 consequi
2406 2234 2641 2289 veniam.
2672 2235 2812 2306 Ergo
2841 2235 2885 2289 si
2903 2235 3026 2306 quis
3048 2245 3194 2290 extra
3223 2235 3384 2292 ﬁdem

1819 2320 2020 2376 Christi
2056 2324 2385 2380 constitutus
2423 2334 2524 2390 est,
2557 2324 2778 2381 Judzeus
2817 2325 2957 2381 forte
2991 2337 3384 2396 autpaganus,

1820 2411 1946 2467 licet
1981 2415 2249 2484 poenitere
2302 2431 2361 2470 se
2400 2416 2468 2471 de
2507 2417 2743 2486 peccatis
2791 2418 2904 2472 suis
2950 2433 3048 2487 per
3089 2433 3387 2473 conversa-

1819 2506 2020 2560 tionem
2076 2516 2132 2562 et
2185 2507 2348 2562 vitam
2411 2508 2784 2575 demonstret,
2839 2509 3214 2564 remissionem
3274 2525 3385 2571 non

1820 2595 2135 2660 merebitur,
2163 2597 2289 2666 quia
2333 2598 2554 2652 arietem
2583 2599 2800 2665 olIerre,
2840 2600 2892 2653 id
2930 2609 3030 2664 est,
3059 2598 3264 2654 Christi
3294 2614 3387 2654 sa-

1819 2685 2105 2752 criﬁcium,
2143 2703 2252 2742 non
2296 2699 2494 2758 potest.
2535 2690 2899 2754 Quamobrem
2947 2690 3273 2762 generaliter
3317 2689 3387 2748 de

1817 2777 2072 2832 omnibus
2101 2779 2500 2847 quodammodo
2538 2781 2749 2834 sancire
2787 2780 3031 2848 cupiens,
3065 2795 3174 2834 non
3209 2779 3382 2837 dixit:

1819 2864 1876 2919 Si
1902 2868 2084 2922 anima
2113 2869 2180 2924 de
2209 2871 2430 2940 populo,
2456 2870 2571 2938 sed,
2606 2870 2665 2925 Si
2701 2872 2884 2925 anima
2917 2871 3233 2942 simpliciter
3269 2885 3388 2936 pec-

1817 2959 2030 3025 caverit,
2074 2967 2122 3012 et
2173 2962 2354 3032 fecerit
2412 2978 2573 3014 unum
2628 2979 2690 3016 ea:
2735 2963 2815 3015 his
2865 2979 2982 3030 qua:
3024 2961 3234 3016 Domini
3275 2962 3387 3035 [ego

1816 3051 2172 3118 prohibentur.
2211 3055 2350 3125 Ergo
2395 3063 2451 3110 et
2499 3056 2566 3110 de
2613 3055 2850 3132 indocto,
2894 3065 2949 3111 et
2988 3056 3055 3110 de
3101 3051 3382 3114 scientiam

1821 3143 2075 3209 habente,
2109 3159 2210 3198 nec
2250 3160 2357 3198 non
2390 3145 2457 3200 de
2486 3147 2637 3199 omni
2676 3155 2900 3216 peccato
2933 3154 3080 3202 recte
3109 3147 3212 3201 hoc
3242 3145 3385 3217 quad

1817 3231 2019 3286 dictum
2083 3243 2201 3298 est,
2251 3234 2534 3304 accipitur.
2588 3234 2724 3300 Quia
2777 3245 2955 3291 autem
3012 3237 3239 3292 arietem
3287 3249 3387 3306 pro

1816 3324 2012 3378 delicto
2053 3325 2212 3394 jubet
2255 3327 2460 3392 oﬂ‘erri,
2491 3328 2892 3397 apertissimum
2935 3343 3020 3384 eSt
3070 3329 3198 3402 quia
3247 3328 3385 3385 deli.-

1816 3423 1963 3469 ctum
2015 3416 2102 3470 hic
2154 3416 2428 3488 lcgislator
2471 3419 2804 3474 intellectum
2850 3428 3133 3490 peccatum
3180 3419 3382 3488 posuit.

1814 3502 2042 3574 Propter
2059 3505 2203 3573 quod
2234 3506 2422 3560 dicens
2448 3523 2546 3576 per
2577 3507 2962 3577 ignorantiam,
2996 3506 3274 3561 subdidit:

1879 3597 1944 3648 Et
1969 3598 2172 3666 peccati
2224 3615 2312 3650 rea
2347 3599 2657 3653 intellexerit
2709 3601 3041 3670 iniquitatem
3073 3614 3245 3652 suam.
3279 3594 3384 3661 Qui

1813 3694 1993 3740 autem
2023 3686 2351 3741 intellexerit
2385 3698 2687 3757 peccatum,
2720 3689 2810 3743 hic
2835 3689 2968 3744 illud
3004 3689 3060 3742 in
3092 3703 3152 3742 se
3182 3687 3380 3752 relidit,

1812 3785 1865 3830 et
1891 3777 2198 3830 sordidatur
2224 3777 2293 3833 ab
2313 3793 2398 3845 eo,
2422 3779 2534 3834 sive
2556 3789 2834 3843 oneratur,
2863 3779 3100 3848 quandiu
3126 3794 3222 3850 per
3249 3794 3383 3847 prata

1813 3867 2014 3920 dictum
2042 3867 2368 3922 sacriﬁcium
2403 3869 2578 3923 oratio
2625 3884 2724 3940 pro
2770 3883 2839 3923 eo
2900 3869 3014 3923 ﬁat.
3071 3867 3382 3924 Intellectus

1811 3963 1992 4010 autem
2021 3957 2248 4026 peccati,
2311 3957 2366 4014 in
2415 3959 2745 4013 habentibus
2804 3959 3021 4028 quidem
3075 3958 3378 4022 scientiam,

1809 4048 2214 4103 contenebratis
2245 4063 2374 4104 vero
2399 4064 2582 4104 amore
2608 4049 2918 4114 libidinum,
2949 4064 3175 4104 necesse
3195 4058 3278 4104 est
3300 4056 3378 4109 nt.

1809 4155 1932 4193 cum
1967 4139 2024 4194 in
2047 4140 2374 4211 cogitatione
2400 4156 2497 4196 sua
2550 4142 2899 4211 resipiscunt,
2935 4144 3221 4214 proveniat
3247 4156 3261 4195 :
3285 4158 3377 4198 ca.

1810 4231 2054 4286 rentibus
2074 4246 2200 4286 vero
2229 4233 2479 4299 scientia,
2507 4248 2606 4304 per
2627 4245 3024 4304 competentem
3053 4235 3376 4302 doctrinam,

1807 4321 1899 4391 qui
1955 4322 2262 4377 intellectus
2327 4337 2450 4377 cum
2531 4325 2794 4379 alterutro
2854 4324 3047 4380 horum
3104 4327 3376 4396 provenit,

131 4419 353 4473 extendi
407 4428 712 4489 peccatum,
758 4420 904 4489 quod
961 4419 1016 4472 in
1081 4419 1326 4486 scientia,
1361 4429 1418 4474 ει
1463 4422 1607 4491 quod
1646 4423 1701 4476 ίιι
1737 4447 1780 4502 D
1809 4413 1971 4467 modo
2008 4411 2076 4467 ad
2107 4412 2210 4467 hoc
2239 4424 2420 4470 movet
2451 4415 2749 4481 hominem,
2783 4424 2843 4470 ut
2869 4427 3022 4488 egeat
3042 4419 3306 4474 sacriﬁcio
3325 4428 3382 4480 et

124 4508 504 4580 jurejurando,
539 4522 594 4566 et
627 4511 770 4580 quod
801 4512 856 4565 in
887 4511 1088 4566 sanctis
1115 4511 1491 4566 committitur.

199 4597 366 4654 Vens.
403 4601 594 4654 17-19.
635 4619 653 4652 ‹
701 4601 893 4655 Anima
940 4601 986 4655 si
1045 4601 1349 4670 peccaverit
1399 4617 1496 4671 per
1551 4601 1705 4672 igno-

130 4693 391 4753 rantiam,
420 4691 714 4761 feceritque
760 4708 929 4746 unum
965 4707 1030 4746 ex
1075 4691 1160 4747 his
1187 4708 1308 4763 quae
1336 4693 1547 4749 Domini
1591 4695 1705 4765 lege

126 4778 514 4845 prohibentur,
549 4787 602 4832 et
627 4779 828 4847 peccati
871 4793 962 4832 rea
997 4778 1328 4834 intellexerit
1361 4780 1700 4850 iniquitatem

126 4882 303 4934 suam,
337 4878 392 4924 et
417 4869 612 4924 olferet
647 4870 870 4924 arietem
917 4869 1320 4924 immaculatum
1347 4869 1414 4923 de
1447 4871 1699 4941 gregibus

127 4961 420 5028 sacerdoti,
450 4961 606 5030 juxta
651 4977 958 5015 mensuram
1001 4961 1524 5030 aestimationemque
1566 4978 1696 5032 pec-

124 5052 257 5117 cati,
287 5054 378 5122 qui
420 5053 598 5108 orabit
643 5069 762 5124 pro.
792 5054 882 5107 illo
924 5053 1069 5120 quod
1115 5050 1368 5106 nesciens
1404 5051 1613 5118 fecerit,
1645 5065 1699 5109 et

127 5140 433 5204 dimittetur
477 5145 549 5208 ei,
589 5143 714 5213 quia
768 5159 865 5212 per
921 5157 1161 5198 errorem
1213 5140 1436 5212 deliquit
1491 5142 1546 5197 in
1589 5143 1695 5200 Do-

124 5232 294 5287 mino.
334 5251 353 5284 ι

197 5319 373 5375 liabet
394 5337 634 5389 pra'sens
654 5323 803 5377 locus
821 5323 1174 5393 qttatstionem
1195 5339 1304 5384 non
1324 5324 1534 5382 modica
1561 5339 1693 5382 con-

125 5410 454 5467 sideratione
477 5413 716 5482 dignam,
737 5416 861 5482 quia
887 5430 984 5484 pro
1005 5415 1238 5484 peccatis
1267 5429 1366 5487 pro
1387 5414 1586 5483 quibus
1609 5429 1694 5472 ca-

126 5521 274 5572 pram
309 5506 519 5576 pridem
551 5506 756 5569 ollerri,
789 5515 881 5562 aut
905 5522 1059 5560 ovem
1093 5506 1369 5576 praecepit;
1397 5504 1472 5559 ait
1501 5504 1643 5559 enim
1675 5521 1689 5559 :

196 5705 241 5737 ¹⁸
280 5706 436 5764 Joan.
474 5723 560 5768 xv,
611 5707 702 5760 2:2.

321 5801 592 5864 PATRUL.
648 5799 763 5859 Gn.
804 5795 1008 5856 XClII.

1803 4504 2150 4574 pmnitentia.
2183 4502 2284 4570 Qui
2307 4505 2452 4561 enim
2483 4506 2732 4579 intelligit
2756 4509 3132 4579 pollutionem,
3176 4519 3233 4566 et
3269 4527 3378 4572 non

1805 4612 1863 4650 se
1895 4606 2086 4668 purgat
2130 4613 2226 4667 per
2257 4597 2652 4666 paenitentiam,
2693 4601 3042 4657 manifestum
3093 4611 3177 4657 est
3235 4603 3378 4672 quod

1804 4684 2192 4739 abominabilis
2224 4686 2293 4742 sit
2321 4693 2376 4742 et
2435 4687 2704 4741 sordidus.
2736 4687 2870 4742 Nam
2907 4689 3071 4757 hujus
3095 4688 3173 4746 rei
3204 4691 3380 4761 gratia

1803 4777 1870 4831 de
1901 4777 2104 4832 ludatis
2160 4777 2426 4831 Dominus
2476 4778 2692 4834 dicebat
2745 4795 2759 4831 :
2808 4778 2868 4831 Si
2903 4795 3009 4832 non
3053 4780 3304 4840 venissem
3339 4794 3385 4835 et

1805 4868 2004 4926 locutus
2052 4867 2126 4926 eis
2180 4867 2415 4936 fuissem,
2449 4877 2718 4934 peccatum
2757 4883 2861 4922 non
2903 4869 3155 4929 haberent
3191 4884 3209 4921 :
3243 4885 3385 4922 nunc

1805 4970 1982 5022 autem
2028 4959 2416 5014 excusationem
2466 4973 2567 5016 non
2595 4957 2782 5017 habent
2825 4959 2890 5019 de
2933 4969 3143 5027 peccato
3186 4977 3283 5015 suo
3315 4964 3377 5015 "‘.

1807 5053 1921 5105 Hoc
1966 5060 2147 5106 autem
2199 5048 2412 5120 planius
2467 5063 2530 5104 ex
2591 5049 2988 5119 posterioribus
3019 5051 3373 5120 approbatur,

1804 5141 1942 5208 Quid
1967 5141 2110 5201 enim
2137 5140 2268 5200 dicit
2298 5159 2312 5196 :

1871 5231 2050 5289 Orabit
2069 5247 2164 5300 pro
2192 5229 2282 5287 illa
2325 5232 2586 5296 sacerdos,
2637 5232 2774 5299 quod
2806 5234 3035 5287 nesciens
3081 5234 3284 5303 fecerit,
3323 5244 3369 5295 et

1799 5324 2091 5378 dimittetur
2113 5324 2182 5386 ei,
2212 5323 2335 5392 quia
2358 5339 2450 5393 per
2473 5339 2701 5376 errorem
2733 5323 2948 5393 deliquit
2979 5327 3034 5378 in
3064 5327 3366 5392 Dominum.

1799 5413 1952 5476 Quod
1987 5411 2124 5464 LXX
2153 5412 2340 5466 dicunt
2373 5429 2384 5462 :
2424 5411 2486 5466 Et
2545 5412 2838 5467 dimittetur
2880 5415 2946 5478 ei,
2979 5416 3195 5486 deliquit
3229 5419 3365 5480 enim

1800 5504 2041 5557 delictum
2068 5514 2188 5556 ante
2220 5504 2517 5558 Dominum.
2549 5504 2616 5559 Et
2645 5508 2917 5575 quomodo
2947 5508 3086 5565 idem
3120 5507 3234 5595 ipse
3272 5525 3367 5577 ne.

2977 5794 3047 5859 ΞΤ
