3886 6306
504 291 623 357 *διδ

1708 285 2003 347 HESYCH
2010 287 2070 347 II
2107 288 2581 354 PRESBYTER]

3722 298 3814 360 8H

519 409 713 471 scisse,
742 412 799 458 et
827 402 1144 471 delinquere
1190 400 1448 455 delictum
1502 412 1686 453 coram
1742 398 1976 456 Domino
2006 400 2097 454 di-
2127 408 2170 465 Α
2202 401 2317 472 ipsa
2351 405 2515 459 verba
2546 404 2791 460 discussa
2847 419 3095 477 possunt.
3148 409 3447 466 Videamus
3492 426 3641 466 vero
3682 428 3811 481 quo-

521 501 694 563 citur,
737 495 831 566 qui
883 494 1051 564 judex
1109 493 1290 562 justus
1337 500 1440 554 est,
1489 500 1543 545 et
1602 490 1739 545 nihil
1772 492 1884 562 agit
1914 502 2104 546 contra

518 587 824 664 justitiam?
864 603 966 643 nec
997 587 1142 640 enim
1173 587 1241 639 de
1293 585 1406 639 sola
1462 584 1678 640 actione
1724 600 1826 639 nos
1873 585 2102 654 judicat,

520 685 665 740 sicut
691 681 910 753 quando
948 680 1013 733 ad
1040 685 1349 748 peccatum,
1396 685 1493 731 aut
1536 687 1761 747 propter
1800 677 2101 745 libidinem,

519 787 615 833 aut
652 784 876 847 propter
912 772 1194 828 avaritiam
1220 812 1235 837 ,
1269 779 1363 824 aut
1390 771 1842 841 proptergloriam
1862 770 2106 824 declina-

520 886 664 935 mus,
705 868 850 939 quod
902 866 1204 937 ignorantia
1264 863 1409 916 illius
1464 878 1609 917 verae
1659 863 1995 931 voluptatis,
2048 868 2106 915 et

520 959 718 1016 summi
765 958 923 1023 lucri,
986 965 1042 1010 et
1083 955 1227 1009 illius
1284 970 1396 1008 non
1449 953 1598 1007 falsae
1628 953 1809 1023 gloria:
1836 953 2101 1022 patimur.

520 1051 672 1107 Facit
699 1061 882 1105 autem
936 1050 1079 1103 hanc
1125 1048 1486 1117 ignorantiam
1536 1046 1758 1100 dilectio
1811 1044 2101 1099 mendacii.

521 1144 598 1198 Ex
622 1159 730 1212 quo
754 1141 1023 1210 «ptispiam
1053 1148 1289 1192 emeatus
1310 1148 1515 1202 mente,
1559 1145 1796 1191 caacatur
1833 1135 1996 1190 etiam
2049 1142 2105 1188 et

520 1236 846 1293 obscuratur
887 1232 1141 1297 scientia,
1182 1246 1303 1299 qua:
1356 1239 1577 1295 caecata,
1628 1229 1765 1282 nihil
1828 1228 2106 1281 invenitur

518 1327 723 1381 distare
764 1324 833 1378 ab
858 1322 1186 1393 ignorantia.
1216 1320 1373 1375 Unde
1398 1330 1452 1374 ct
1491 1321 1656 1373 David
1687 1321 1905 1373 dicebat
1941 1337 1951 1371 :
1996 1319 2104 1371 Ne-

517 1418 765 1480 sciet-unt,
809 1432 974 1485 neque
995 1414 1388 1477 intellexerunt,
1416 1413 1469 1465 in
1494 1413 1715 1465 tenebris
1737 1412 2009 1464 ambulant
2037 1413 2099 1466 '9.

518 1510 659 1564 Dum
688 1520 871 1562 autem
910 1507 1264 1577 resipuerint.
1291 1513 1347 1560 ct
1379 1512 1682 1559 restaurata
1716 1503 1879 1558 fuerit
1903 1504 2102 1557 obscu-

518 1607 634 1653 rata
669 1611 850 1659 mens,
884 1604 1016 1651 tunc
1032 1604 1313 1665 peccatum
1344 1595 1633 1656 sentimus,
1666 1600 1723 1647 Cl.
1744 1607 1969 1646 necesse
2021 1601 2105 1645 εει

519 1700 580 1744 ιιι
606 1690 658 1743 in
687 1689 948 1743 delictum
992 1688 1176 1752 nobis,
1207 1701 1381 1756 usque
1410 1686 1539 1740 dum
1574 1700 1672 1754 per
1723 1684 2102 1754 pmnitentiam

2207 495 2370 549 modo
2392 495 2556 550 etiam
2576 495 2695 566 ipsa
2721 514 2872 553 nunc
2898 499 2982 553 lex
3015 499 3225 569 incipit.

2276 584 2349 643 Et
2376 585 2579 640 locutus
2618 597 2692 641 est
2728 587 2982 643 Dominus
3019 596 3089 644 ad
3119 590 3358 661 Moysen,
3396 594 3611 646 dicens.
3677 591 3813 649 Pre-

2208 678 2428 746 cipuum
2451 680 2692 733 ostendit
2717 682 3058 746 mandatum,
3097 698 3162 736 ex
3188 699 3256 737 eo
3284 684 3432 753 quod
3466 694 3526 738 et
3577 685 3641 738 in
3685 686 3813 755 ipso,

2206 768 2670 837 quemadmodum
2697 779 2752 823 et
2782 770 2837 823 in
2866 783 3090 840 peccato
3120 772 3190 828 de
3219 776 3432 829 sanctis
3458 774 3647 829 Deum
3670 776 3814 847 loqui

2205 859 2373 930 Moysi
2404 861 2721 930 Specialiter
2753 865 2999 933 exponit.

2282 949 2507 1005 Locutus
2537 962 2779 1023 estergo.
2807 955 2999 1008 Anima
3045 972 3163 1026 quia
3205 959 3538 1027 peccaverit,
3598 969 3654 1011 et
3696 976 3813 1011 cos-

2207 1052 2400 1113 tempto
2436 1044 2546 1098 Deo
2585 1048 2852 1116 negaverit
2877 1049 3171 1115 depositum
3210 1052 3452 1118 proximo
3496 1067 3623 1116 suo,
3679 1058 3812 1121 4]qu

2203 1142 2328 1209 ﬁdei
2367 1143 2482 1212 ejus
2512 1147 2769 1200 creditum
2817 1149 2998 1217 fuerit,
3041 1147 3120 1200 vel
3161 1149 3212 1200 vi
3244 1148 3456 1218 aliquid
3500 1150 3809 1213 extorserit,

2205 1243 2299 1287 aut
2328 1234 2654 1290 calumniam
2683 1239 2883 1307 fecerit,
2918 1240 3024 1293 sive
3054 1257 3162 1293 rem
3204 1242 3474 1308 perditam
3524 1243 3804 1307 invenerit,

2206 1336 2253 1379 et
2300 1326 2544 1394 inﬁcians
2582 1329 2795 1397 insuper
2821 1330 3107 1400 juraverit.
3150 1332 3283 1397 Quae.
3330 1333 3506 1387 verba
3551 1333 3701 1387 LXX
3736 1338 3805 1388 sic

2204 1411 2376 1466 edunt
2404 1430 2417 1466 :
2452 1415 2645 1469 Anima
2669 1434 2988 1489 quotcunque
3036 1422 3347 1488 peccaverit,
3402 1433 3453 1474 et
3484 1424 3805 1490 prtrterirrit

2204 1515 2465 1573 pra’cepta
2492 1507 2726 1573 Domini,
2759 1521 2806 1563 et
2834 1513 3121 1565 mentiatur
3163 1514 3219 1564 in
3258 1516 3599 1583 proximum,
3636 1518 3695 1568 in
3725 1519 3805 1568 de-

2204 1598 2373 1663 posito
2401 1609 2490 1651 aut
2517 1600 2580 1652 de
2620 1601 2892 1668 societate,
2925 1614 3017 1656 aut
3063 1609 3127 1657 de
3166 1607 3355 1673 rapina
3410 1609 3597 1660 nocuit
3627 1613 3805 1676 proxi-

2204 1703 2369 1754 mum,
2407 1699 2455 1743 et
2477 1691 2733 1746 invenerit
2758 1695 3126 1762 perditionem,
3160 1706 3205 1749 et
3227 1701 3523 1751 mentietur
3565 1701 3623 1751 in
3656 1716 3740 1763 ea,
3763 1713 3805 1753 et

519 1795 837 1851 purgemur,
887 1789 1192 1849 reputetur,
1225 1779 1482 1833 delictum
1516 1784 1700 1835 autem
1727 1777 1781 1831 id
1818 1775 1965 1845 quod
2021 1783 2105 1830 est
2135 1758 2177 1813 Β
2197 1777 2466 1846 juraverit
2506 1781 2719 1851 injuste.
2758 1758 2882 1838 Non
2911 1758 3121 1839 autcm'
3145 1784 3344 1841 frustra
3379 1788 3467 1843 bis
3522 1790 3673 1844 dixit
3706 1808 3722 1844 :
3752 1792 3803 1846 Si

518 1884 711 1928 contra
766 1874 1080 1937 Dominum,
1126 1872 1371 1942 duplicat
1419 1871 1565 1927 enim
1616 1871 1879 1925 delictum
1906 1884 2105 1924 secun-

518 1964 649 2018 dum
680 1962 823 2017 LXX
851 1964 1041 2017 dicens
1085 1980 1098 2015 :
1140 1962 1371 2032 Defiquit
1397 1962 1537 2015 enim
1559 1961 1804 2014 delictum
1831 1968 1957 2013 ante
1998 1958 2106 2013 Do-

518 2058 741 2109 minum.
781 2054 846 2107 Et
877 2056 981 2109 hoc
1024 2055 1181 2124 cujus
1212 2054 1289 2109 rei
1315 2053 1526 2125 gratia?
1551 2054 1822 2118 Quoniam
1846 2052 2103 2107 delictum

517 2160 639 2200 esse
670 2144 1005 2199 intellectum
1039 2144 1155 2196 sive
1205 2142 1569 2213 cognitionem
1609 2143 1816 2212 peccati
1846 2142 2102 2209 diximus,

516 2245 574 2290 et
619 2235 798 2290 omnis
854 2235 1018 2288 homo
1075 2233 1297 2303 quidem
1345 2233 1578 2288 naturali
1641 2234 1767 2304 jure
1816 2233 2104 2289 scientiam

517 2328 727 2397 peccati
764 2326 949 2391 habet,
983 2325 1079 2379 sed
1114 2325 1224 2389 hie,
1259 2325 1403 2379 sicut
1452 2325 1711 2388 diximus,
1741 2339 1864 2379 eam
1917 2340 2104 2379 amere

514 2420 810 2473 libidinum
843 2418 1169 2473 tenebravit.
1198 2418 1353 2472 Alius
1415 2426 1596 2473 autem
1642 2419 1848 2472 tardior
1887 2427 2107 2473 natura-

517 2514 642 2569 liter
670 2522 773 2581 est,
804 2524 860 2569 ct
887 2514 1115 2568 alterius
1144 2514 1449 2568 doctrinam
1478 2515 1691 2570 habens
1717 2516 2097 2570 necessariam.

519 2605 609 2660 Sic
630 2621 759 2674 ergo
782 2615 877 2659 aut
901 2605 1245 2675 resipiscenti
1276 2607 1350 2671 ei,
1384 2616 1478 2660 aut
1511 2607 1580 2661 ab
1610 2607 1717 2661 alio
1742 2607 1972 2662 discenti
2003 2607 2102 2662 dc-

519 2695 728 2760 lictmn,
759 2696 813 2750 id
843 2705 929 2750 est
979 2697 1190 2766 peccati
1222 2696 1537 2759 scientiam,
1571 2698 1754 2753 delicti
1811 2708 2101 2769 perpetra-

521 2787 598 2842 tio
651 2796 778 2842 ante
811 2787 1122 2849 Dominum,
1151 2787 1350 2857 duplex
1404 2805 1493 2857 per
1542 2790 1836 2844 scientiam
1877 2799 2101 2860 reputa-

522 2889 632 2942 tur,
662 2888 791 2933 tunc
823 2880 968 2933 enim
1006 2882 1145 2934 Deus
1168 2882 1286 2949 ejus
1321 2882 1602 2935 scientiam
1633 2883 1920 2937 obnmiam
1951 2884 2097 2951 facit,

519 2981 589 3047 et
608 2971 940 3027 sacrificium
975 2988 1072 3042 per
1113 2972 1475 3044 ignorantiam
1505 2991 1533 3030 ο
1566 2987 1788 3046 peccato
1830 2977 2011 3047 exigit,
2044 2985 2100 3031 et

517 3043 923 3134 pmnitcntiam.

1116 3156 1345 3212 CAPUT
1376 3157 1463 3212 Vl.

584 3245 756 3301 Vnus.
812 3247 928 3302 1-7.
990 3247 1274 3304 «Locutus
1336 3259 1419 3304 est
1475 3249 1738 3305 Dominus
1787 3251 1851 3305 ad
1882 3251 2099 3321 Moysen

520 3337 743 3393 dicens:
779 3337 975 3392 Anima
1017 3355 1138 3408 quae
1184 3340 1512 3410 peccaverit,
1548 3348 1602 3395 et
1630 3349 1945 3411 contempto
1992 3344 2099 3398 lteo

519 3428 1129 3500 negaveritdepositum
1168 3433 1420 3501 proximo
1456 3449 1576 3499 suo,
1621 3434 1767 3503 quod
1811 3435 1935 3488 ﬁdei
1978 3436 2098 3506 ejus

518 3521 784 3575 creditum
826 3520 1012 3588 fuerit,
1037 3523 1123 3577 vel
1151 3524 1199 3576 vi
1220 3524 1422 3594 aliquid
1439 3527 1745 3593 extorserit,
1773 3537 1866 3581 aut
1888 3528 2097 3582 calum-

516 3611 665 3666 niam
700 3612 894 3666 fceerit
930 3629 943 3665 :
977 3613 1092 3667 sive
1133 3629 1247 3668 rem
1281 3616 1550 3685 perditam
1580 3617 1867 3683 invenerit,
1897 3629 1951 3673 et
2008 3620 2094 3673 in-

518 3703 705 3758 ficians
748 3704 974 3775 insuper
1028 3706 1313 3775 juraverit,
1379 3717 1435 3763 et
1491 3710 1773 3778 quodlibet
1826 3713 1969 3767 aliud
2025 3729 2095 3770 ex

517 3796 766 3864 pluribus
796 3796 1008 3861 fecerit,
1031 3796 1084 3850 in
1116 3798 1312 3867 quibus
1340 3815 1569 3870 peccare
1617 3803 1796 3857 solent
1843 3804 2095 3860 homines

517 3885 756 3939 convicti
805 3885 1008 3951 delicti,
1057 3888 1249 3942 reddet
1290 3889 1477 3944 omnia
1520 3906 1642 3961 quae
1684 3892 1876 3948 fraude
1922 3894 2095 3949 voluit

515 3975 763 4030 obtinere
780 3975 1008 4048 integra,
1041 3978 1358 4049 etquintam
1384 3980 1609 4051 insuper
1625 3992 1835 4053 partem
1860 3985 2093 4039 Domino

516 4066 603 4119 cui
642 4065 899 4121 damnum
945 4067 1226 4133 intulerat,
1260 4086 1357 4140 pro
1385 4082 1612 4141 peccato
1638 4083 1821 4128 autem
1867 4090 1966 4129 suo
2008 4073 2093 4129 of-

514 4153 653 4209 feret
692 4155 917 4210 arietem
938 4157 1350 4213 immaculatum
1380 4159 1449 4214 de
1489 4176 1671 4232 grege,
1701 4171 1755 4217 et
1786 4163 1935 4217 dabit
1965 4178 2088 4217 eum

512 4245 780 4299 sacerdoti
809 4245 964 4313 juxta
986 4248 1408 4302 aestimationem
1438 4266 1860 4322 mensuramque
1884 4254 2087 4319 delicti,

480 4368 483 4375 ς
511 4335 604 4403 qui
629 4335 837 4404 rogabit
864 4351 965 4405 pro
990 4351 1057 4390 eo
1084 4353 1267 4391 coram
1300 4338 1554 4404 Domino,
1601 4351 1655 4397 et
1684 4343 1991 4399 dimittetur
2015 4346 2087 4399 illi

513 4435 612 4489 pro
650 4421 878 4490 singulis
907 4438 1027 4490 qua:
1052 4423 1299 4479 faciendo
1323 4427 1648 4494 peccaverit.
1690 4446 1708 4478 ι

585 4512 777 4567 Cernis
815 4514 963 4582 quod
1009 4513 1065 4568 in
1111 4515 1303 4570 eodem
1354 4517 1545 4573 ordine
1607 4535 1749 4588 esse,
1804 4532 2085 4592 peccatum

512 4602 659 4670 quod
694 4602 746 4656 in
778 4612 985 4669 sancta,
1020 4614 1074 4658 et
1097 4607 1148 4661 id
1172 4609 1682 4679 quodjurejurando
1707 4615 2084 4683 conuniuitur,

511 4694 738 4763 spiritus
766 4693 861 4748 Dei
897 4697 1054 4750 tradit
1079 4713 1092 4761 ;
1117 4708 1267 4767 patet
1295 4709 1474 4755 autem
1505 4717 1566 4756 ex
1586 4718 1652 4757 eo
1677 4705 1822 4774 quod
1850 4705 1905 4760 in
1934 4716 2087 4761 utro-

511 4802 616 4855 que
644 4787 785 4840 idem
804 4788 991 4843 arietis
1021 4792 1351 4847 sacrificium
1374 4794 1556 4850 oerrri
1587 4801 1866 4868 praecepit.
1907 4799 2082 4866 Quam

511 4878 581 4933 ob
609 4894 723 4933 rem
775 4881 923 4934 enim
966 4882 1127 4951 paulo
1166 4891 1293 4938 ante
1325 4885 1380 4938 in
1411 4886 1560 4940 omni
1597 4896 1822 4957 peccato
1859 4890 2083 4946 arietem

506 4969 669 5038 jussit
699 4970 902 5036 offerri,
934 4989 1045 5028 non
1088 4989 1118 5028 a
1170 4976 1331 5030 nobis
1359 4978 1735 5049 conjicicntes,
1772 4982 1868 5036 sed
1902 4981 2086 5038 inten-

514 5061 714 5117 tionem
753 5064 1083 5136 lcgislatoris
1117 5078 1431 5136 sequentes,
1476 5068 1732 5127 diximus.
1760 5073 1872 5127 Cur
1903 5084 2086 5128 autem

515 5166 792 5221 peccatum
819 5157 963 5226 quod
988 5157 1347 5226 jurejurando
1377 5168 1480 5224 est,
1541 5171 1596 5215 et
1623 5164 1767 5232 quod
1801 5164 1857 5217 in
1885 5166 2085 5220 sanctis

511 5245 865 5314 conjunctum
892 5249 1156 5317 (putavit?
1195 5248 1327 5315 Quia
1356 5251 1667 5307 omnimodo
1696 5264 1988 5324 utrumque
2017 5256 2083 5311 ad

510 5330 678 5387 Deum
706 5338 945 5404 pertinet
973 5355 987 5391 :
1020 5347 1076 5394 et
1116 5341 1209 5408 qui
1245 5341 1630 5410 jusjurandum
1657 5348 2080 5417 transgreditur;

512 5437 621 5479 non
657 5430 833 5484 solum
877 5432 1125 5500 proximo
1164 5418 1354 5499 'nocet,
1398 5436 1493 5488 sed
1534 5445 1589 5490 et
1630 5437 1730 5506 ipsi
1766 5438 1892 5503 Deo,
1919 5457 2081 5509 quem

513 5517 866 5573 mediatorem
894 5520 1044 5589 fecit,
1069 5522 1325 5592 injuriam
1370 5523 1535 5593 facit;
1573 5527 1771 5582 docere
1801 5539 1983 5586 autem
2029 5541 2079 5589 te

613 5714 655 5744 "
692 5712 831 5767 i’sal.
883 5733 1060 5783 tam,
1108 5720 1158 5770 5.

2207 1869 2507 1923 mentietur.
2555 1873 2745 1942 Neque
2767 1874 2916 1929 enim
2945 1876 3084 1930 solet
3103 1877 3283 1933 divina
3302 1876 3603 1949 Scriptura
3619 1883 3800 1935 eadem

2206 1957 2370 2012 verba
2405 1968 2677 2028 repetere,
2720 1970 2843 2033 qua:
2889 1977 2945 2021 et
2993 1969 3165 2023 multa
3208 1970 3467 2026 omittere
3514 1973 3799 2028 brevitatis

2203 2064 2369 2105 causa
2408 2053 2643 2109 videtur.
2682 2053 2781 2111 llic
2811 2073 2942 2129 ergo
2972 2061 3330 2131 jurisjurandi
3362 2069 3797 2137 transgressioai

2176 2193 2185 2201 ,
2207 2140 2551 2197 mendacium
2585 2155 2900 2217 comparat:
2922 2160 2978 2205 et
2998 2151 3122 2207 ideo
3144 2155 3401 2224 superius
3422 2159 3663 2226 quidem
3684 2162 3796 2215 sine

2202 2229 2563 2301 jurejurando
2621 2243 3096 2310 commemoravit,
3130 2245 3221 2302 hic
3269 2256 3460 2309 autem
3512 2254 3795 2307 mendacio

2199 2319 2587 2391 jusjurandum
2621 2327 2938 2397 conjunxit;
2974 2332 3053 2386 ait
3079 2333 3229 2387 enim
3261 2352 3276 2388 :
3305 2334 3376 2389 Et
3422 2340 3695 2393 mentitur
3712 2358 3795 2410 pro

2202 2430 2286 2482 ea,
2313 2426 2362 2469 et
2375 2417 2642 2487 juraverit
2688 2421 2905 2490 injuste.
2944 2422 3079 2479 Nam
3122 2435 3178 2481 et
3229 2429 3421 2483 caeteri
3465 2430 3798 2503 interpretes

2203 2508 2398 2580 Aquila
2445 2521 2501 2567 et
2548 2513 2926 2582 Theodotion,
2980 2528 3035 2573 et
3076 2519 3444 2591 Symmachus
3497 2526 3603 2581 ubi
3654 2529 3798 2582 dixe-

2202 2612 2334 2656 runt
2367 2601 2511 2657 LXX
2542 2623 2556 2659 :
2593 2603 2653 2661 Si
2678 2610 2856 2661 nocuit
2897 2610 3099 2682 aliquid
3152 2616 3461 2682 proximum
3486 2635 3654 2673 suum
3674 2662 3691 2684 ,
3721 2621 3795 2676 isti

2200 2692 2260 2748 Si
2281 2695 2640 2753 calumniatus
2664 2709 2738 2753 est
2772 2701 2996 2771 aliquid.
3049 2702 3205 2771 Quod
3257 2706 3572 2778 intuentes,
3633 2714 3795 2769 absti-

2200 2798 2430 2841 neamus
2482 2803 2585 2842 nos
2618 2793 2745 2845 totis
2785 2791 2991 2850 viribus
3027 2811 3058 2850 a
3094 2796 3323 2864 fallacia,
3357 2805 3635 2870 quoniam
3664 2806 3794 2861 Dens

2200 2889 2300 2943 per
2322 2875 2595 2932 fallaciam
2628 2880 2941 2950 injuriatur,
2971 2886 3063 2955 qui
3087 2889 3291 2944 veritas
3319 2900 3427 2947 est.
3464 2895 3581 2949 Sed
3605 2905 3664 2950 et
3698 2898 3794 2952 vim

2200 2982 2297 3022 seu
2327 2970 2571 3039 rapinam
2599 2986 2723 3051 cum
2750 2984 2951 3043 negato
2977 2977 3248 3048 deposito,
3298 2983 3385 3037 vel
3435 2986 3591 3041 sicut
3635 2991 3789 3044 etiam

2124 3089 2167 3146 ρ
2203 3055 2556 3131 Septuaginta
2593 3063 2787 3118 dicunt
2833 3084 2846 3120 :
2880 3082 3007 3122 cum
3077 3070 3359 3135 societate,
3416 3081 3791 3147 commiscuit,

2200 3165 2365 3206 omne
2395 3153 2662 3222 injustam
2693 3155 2905 3212 lucrum
2935 3160 3044 3214 vim
3074 3177 3174 3216 seu
3221 3165 3472 3233 rapinam
3515 3170 3789 3239 judicans.

2201 3240 2547 3298 Manifestum
2579 3257 2664 3302 est
2690 3259 2873 3305 autem
2905 3265 2971 3304 ex
2998 3252 3083 3307 his
3105 3270 3226 3323 qua:
3245 3257 3601 3315 subnectunt
3624 3264 3786 3320 LXX:

2200 3330 2320 3386 Erit
2341 3350 2459 3388 cum
2500 3343 2789 3406 peccaverit
2814 3351 2863 3396 et
2886 3346 3204 3413 pmnituerit,
3249 3359 3297 3402 et
3334 3354 3641 3412 reddiderit
3668 3362 3790 3426 rapa?

2200 3439 2323 3478 nam
2356 3444 2517 3498 quam
2546 3433 2746 3499 rapuit,
2778 3435 2860 3488 vel
2888 3436 3209 3505 injustitiam
3235 3458 3396 3511 quam
3432 3447 3648 3516 injuste
3677 3454 3785 3521 egit.

2198 3527 2294 3570 aut
2316 3518 2607 3590 depositum
2645 3525 2782 3587 quod
2824 3527 3116 3595 depositura
3142 3544 3218 3586 est
3255 3536 3326 3600 ei,
3375 3539 3490 3593 sive
3525 3518 3782 3608 perditura

2198 3610 2336 3679 quod
2356 3611 2573 3679 invenit,
2598 3614 2740 3683 quod
2774 3621 3198 3691 unumquodque
3232 3627 3637 3694 praedictorum
3671 3652 3782 3703 per-

2196 3712 2445 3757 catorum
2482 3705 2567 3760 his
2599 3723 2720 3777 quae
2751 3722 3142 3768 connumerata
3172 3726 3303 3771 sunt
3331 3718 3518 3776 simile
3539 3725 3637 3779 sit.
3667 3726 3779 3779 l‘ro-

2195 3799 2319 3861 pter
2348 3795 2492 3849 enim
2515 3799 2800 3856 avaritiam
2827 3805 3207 3866 committitur.
3251 3808 3572 3883 Unicuique
3605 3828 3774 3871 autem

2195 3896 2384 3941 eorum
2421 3898 2585 3957 caput
2616 3890 2818 3961 ipsum,
2845 3905 2901 3949 et
2931 3897 3176 3965 quintam
3206 3901 3329 3954 addi
3363 3909 3668 3975 prmcepit;
3692 3914 3774 3963 εει]

2196 3973 2286 4029 hic
2316 3991 2426 4030 non
2460 3982 2750 4050 sacerdoti,
2786 3986 2881 4040 sed
2898 3986 2947 4040 ei
2978 3989 3069 4057 qui
3100 3988 3426 4058 injustitiam
3466 3973 3671 4064 passus
3702 4012 3777 4055 est

2195 4064 2308 4120 dari
2340 4071 2596 4140 praecepit
2620 4072 2886 4141 quintam,
2910 4077 2963 4131 in
2998 4080 3178 4134 verbis
3207 4082 3599 4142 differentibus
3631 4092 3773 4145 simi-

2193 4156 2263 4210 lia
2294 4159 2555 4215 sentiens.
2601 4161 2871 4228 Quoniam
2909 4169 3055 4222 enim
3095 4186 3218 4226 cum
3251 4189 3318 4229 eo
3362 4177 3456 4245 qui
3516 4182 3771 4250 prejudi-

2193 4250 2335 4303 cium
2368 4267 2559 4321 passus
2591 4264 2675 4310 cst
2709 4256 2760 4310 in
2785 4260 2973 4329 rapina
2997 4263 3078 4316 vel
3114 4264 3166 4317 in
3200 4266 3469 4337 deposito,
3505 4282 3562 4327 et
3592 4284 3770 4329 contra

2193 4339 2368 4411 ipsum
2406 4360 2623 4414 quoque
2662 4345 2833 4403 Deum
2869 4351 3070 4422 injuste
3106 4357 3284 4427 agitur
3332 4375 3430 4429 per
3471 4362 3769 4433 fallaciam,

2121 4419 2164 4474 θ
2197 4435 2277 4488 vel
2339 4437 2661 4505 perjurium,
2740 4453 2888 4497 recte
2925 4419 3168 4501 'horumv
3195 4419 3442 4518 quiniam
3499 4457 3613 4513 Deo
3665 4419 3767 4516 dari

2190 4525 2366 4594 jubet,
2403 4528 2467 4582 ad
2497 4545 2657 4599 quem
2693 4534 2866 4588 tendit
2893 4536 3110 4605 injuria.
3134 4540 3334 4606 Quinta
3368 4556 3553 4602 autem
3596 4551 3767 4621 lingua

2194 4626 2296 4671 est.
2332 4618 2459 4674 Esse
2486 4622 2630 4677 enim
2656 4624 2901 4693 quintam
2933 4629 3096 4684 etiam
3149 4633 3289 4689 hanc
3326 4638 3612 4705 ‘diximus.
3655 4618 3766 4699 cum

2194 4710 2264 4763 sit
2305 4726 2408 4764 una
2431 4711 2498 4766 de
2518 4714 2758 4784 quinque
2789 4719 3061 4776 sensibus.
3089 4721 3214 4778 llaec
3227 4741 3356 4797 ergo
3378 4730 3615 4787 offertur
3648 4734 3765 4797 Deo,

2195 4810 2254 4854 ut
2284 4803 2543 4873 deinceps
2575 4821 2686 4860 non
2707 4819 2917 4877 peccet,
2946 4813 3068 4881 quia
3094 4831 3189 4884 per
3220 4819 3393 4887 ipsam
3423 4829 3767 4896 unumquod-

2195 4909 2300 4962 que
2323 4895 2706 4964 praedictorum
2730 4903 3108 4960 committitur.
3153 4907 3293 4978 Ergo
3351 4913 3543 4997 eadem
3600 4895 3767 4971 sancit

2194 4983 2250 5038 in
2299 4987 2684 5055 differentibus
2726 4993 2931 5059 verbis,
2975 5004 3030 5050 et
3077 4998 3373 5067 aliquando
3434 4983 3667 5072 quidem
3720 5010 3763 5061 in

2191 5091 2424 5145 persona
2445 5081 2762 5150 sacerdotis,
2793 5083 3089 5153 aliquando
3108 5099 3289 5145 autem
3315 5093 3369 5146 in
3399 5095 3517 5163 ejus
3548 5105 3649 5166 qui
3689 5100 3763 5153 in-

2186 5167 2454 5236 justitiam
2501 5186 2696 5240 passus
2727 5186 2809 5229 est
2853 5176 3024 5231 Deum
3072 5178 3341 5250 figuravit.
3384 5183 3498 5239 Aut
3532 5189 3660 5256 quia
3686 5205 3760 5244 se-

2190 5261 2432 5315 cundum
2469 5265 2714 5319 eamdem
2748 5268 3018 5324 rationem
3046 5282 3099 5326 ct
3124 5276 3377 5331 sacerdos
3401 5288 3594 5333 noster
3617 5282 3759 5335 Chii-

2190 5359 2308 5405 stus
2338 5366 2482 5416 esse,
2507 5363 2562 5407 et
2592 5354 2880 5411 nobiscum
2939 5374 3039 5428 pro
3071 5362 3229 5417 nobis
3281 5363 3608 5434 injustitiam
3656 5370 3755 5437 pati

2189 5441 2453 5509 creditur,
2497 5446 2800 5502 secundum
2843 5448 3017 5520 legem
3056 5453 3311 5510 videlicet
3365 5462 3755 5528 compassionis

2188 5543 2412 5598 nostrae,
2442 5535 2498 5590 in
2526 5535 2633 5592 fine
2665 5539 2965 5596 sanctionis
2995 5542 3158 5614 hujus
3192 5548 3419 5602 arietem
3450 5548 3608 5616 jubet
3660 5551 3755 5605 im-
