3886 6306
184 371 287 435 8ίὸ

1336 371 1419 431 IN
1444 371 1879 431 LEVITICUM-
1917 398 1981 407 -
2016 373 2160 431 LIB.
2200 370 2282 432 II.

3330 376 3437 446 Sid

178 481 506 537 maculatum
532 480 798 538 sacerdoti
828 479 1034 547 offerri,
1064 484 1156 553 qui
1208 494 1328 538 oret
1356 493 1411 540 et
1470 486 1752 541 remissio—
1781 494 1825 546 Α
1854 485 1963 557 pla,
1995 486 2197 554 quibus
2226 484 2307 539 uti
2335 483 2666 555 supplicanti
2688 483 2892 538 bonum
2918 484 3009 540 sit.
3041 485 3172 541 Herc
3200 488 3347 546 enim
3382 509 3436 552 ιη

178 589 299 629 nem
339 574 605 629 obtineat.
661 572 867 628 llorum
911 582 1095 629 autem
1157 574 1434 632 sufﬁciens
1480 577 1754 647 expositio

175 674 275 728 est,
308 679 375 719 ex
403 665 489 718 his
526 680 648 735 quas
685 664 738 718 in
769 666 984 720 delictis
1026 676 1338 721 sanctorum
1399 667 1541 724 dicta
1603 679 1750 724 sunt.

180 758 285 811 Sed
314 772 416 811 nos
439 756 507 811 ab
530 766 762 827 utroque
795 767 1037 824 peccato,
1090 759 1261 830 magis
1292 768 1473 814 autem
1500 760 1568 814 ab
1603 759 1749 814 omni

182 847 562 917 resipisceutes
585 847 961 903 custodiamus
990 849 1375 919 nosmetipsos.
1408 850 1464 904 Si
1488 851 1636 905 enim
1669 850 1752 904 vel

178 940 230 994 in
259 956 370 994 uno
392 940 644 1011 quolibet
671 955 862 995 eorum
888 942 1006 1010 capi
1039 956 1163 1005 nos,
1199 953 1294 996 aut
1329 943 1569 997 incidere
1617 957 1751 996 con.

178 1031 378 1102 tigerit,
415 1031 683 1086 habemus
712 1031 1117 1103 deprecationis
1142 1041 1197 1086 et
1235 1032 1524 1089 oblationis
1567 1048 1751 1090 exem-

1857 575 2029 647 ﬁgura
2054 577 2419 647 contingebant
2461 575 2569 631 illis
2609 591 2627 629 :
2671 576 2868 643 scripta
2921 585 3043 630 sunt
3107 589 3287 633 autem
3364 585 3435 635 ad

1859 677 2096 721 nostram
2125 668 2526 736 correptionem,
2568 667 2623 719 in
2654 682 2781 737 quos
2814 666 2945 735 ﬁnes
2986 668 3301 724 saeculorum
3341 672 3437 725 de.

1857 770 2105 815 venerunt
2137 761 2206 816 ".
2236 760 2297 815 In
2345 758 2566 813 Christo
2596 756 2729 814 Jesu
2782 758 3020 815 Domino
3064 771 3273 818 nostro.
3330 762 3439 834 Ipsi

1858 852 2024 923 gloria
2051 867 2175 907 cum
2203 850 2386 918 Patre,
2421 859 2478 905 et
2499 851 2707 922 Spiritu
2729 838 2957 918 sancto,
2975 868 3126 910 nunc
3154 860 3210 909 et
3239 854 3297 914 in
3335 868 3437 910 saa-

1862 947 1983 1002 cula
2018 946 2359 1002 saeculorum.
2398 942 2594 1001 Amen.

1262 1327 1615 1418 LIBER
1693 1326 2341 1416 SECUNDUS.

546 1694 700 1753 CAP.
736 1694 806 1750 Vl
845 1692 1025 1748 PARS
1064 1693 1365 1750 ALTERA.

242 1784 407 1842 Vens.
442 1786 594 1842 8-12.
630 1806 649 1839 α
678 1786 917 1841 Locutus
953 1794 1039 1840 est
1080 1785 1344 1840 Dominus
1375 1783 1443 1839 ad
1505 1782 1747 1856 Moysen,

1858 1693 1966 1749 Sed
1999 1694 2126 1764 quia
2156 1693 2533 1749 holocaustum
2560 1694 2835 1763 quomodo
2872 1694 3238 1764 particulatim
3291 1695 3434 1752 divi.

1854 1784 2034 1850 datur,
2079 1786 2355 1855 quomodo
2388 1784 2701 1840 effundatur
2731 1786 2851 1856 ejus
2882 1786 3125 1858 sanguis,
3158 1788 3434 1857 quomodo

173 1879 402 1934 dicens:
444 1878 686 1949 Praecipe
719 1878 902 1933 Aaron
943 1887 999 1933 et
1038 1876 1162 1931 ﬁliis
1200 1878 1340 1948 ejus.
1377 1876 1504 1932 Haec
1554 1886 1635 1932 est
1665 1876 1752 1931 lex
1785 1860 1827 1916 Β
1857 1876 2173 1948 imponatur
2195 1892 2359 1948 super
2390 1877 2582 1943 altare,
2640 1877 2697 1931 in
2728 1876 2886 1932 initio
2921 1877 3085 1947 hujus
3118 1878 3243 1933 libri
3272 1872 3435 1935 Levi.

173 1971 517 2026 holocausti:
565 1970 903 2025 cremabitur
932 1969 988 2024 in
1032 1970 1190 2025 altari
1240 1978 1352 2025 tota
1382 1979 1545 2024 nocte
1582 1983 1754 2039 usque

172 2064 238 2118 ad
262 2079 425 2119 mane
452 2083 464 2118 :
497 2063 640 2133 ignis
663 2079 727 2119 ex
762 2063 955 2118 eodem
985 2062 1139 2118 altari
1179 2062 1309 2119 erit.
1345 2060 1619 2117 Vestietur
1664 2075 1754 2115 sa-

172 2156 368 2211 cerdos
396 2156 603 2223 tunica,
634 2165 691 2211 et
717 2154 1065 2211 feminalibus
1087 2154 1247 2209 lineis
1277 2172 1290 2209 :
1321 2153 1582 2223 tolletque
1606 2152 1755 2209 cine-

172 2262 262 2304 res
325 2264 465 2320 quos
536 2264 737 2304 vorans
782 2247 922 2320 ignis
981 2246 1210 2309 exussit,
1271 2254 1329 2301 et
1375 2252 1543 2316 ponet
1599 2245 1753 2315 juxta

171 2340 372 2396 altare.
448 2339 781 2409 Spoliabitur
858 2340 1132 2412 prioribus
1172 2338 1530 2403 vestimentis,
1590 2338 1753 2393 indu-

171 2440 375 2502 tusque
416 2431 556 2496 aliis,
596 2431 785 2486 eﬂ'eret
827 2446 922 2487 eos
952 2440 1104 2485 extra
1161 2438 1357 2495 castra,
1418 2438 1473 2483 et
1517 2428 1572 2483 in
1632 2429 1752 2484 loco

171 2519 556 2587 mundissimo,
612 2534 781 2588 usque
841 2521 908 2576 ad
957 2519 1194 2575 favillam
1252 2521 1503 2587 consumi
1564 2520 1748 2578 faciet.

172 2611 323 2683 Ignis
347 2619 530 2666 autem
551 2611 608 2665 in
639 2611 794 2666 altari
815 2626 1034 2682 semper
1059 2611 1293 2675 ardebit,
1327 2627 1491 2682 quem
1545 2612 1751 2668 nutriet

170 2705 433 2762 sacerdos
480 2704 779 2775 subjiciens
808 2703 952 2773 ligna
990 2717 1150 2756 mane
1177 2717 1271 2772 per
1322 2699 1562 2772 singulos
1609 2701 1750 2769 dies,

171 2805 224 2852 et
250 2794 512 2866 imposito
543 2795 885 2861 holocausto,
917 2794 1154 2864 desuper
1179 2792 1421 2849 adolebit
1452 2793 1639 2862 adipes
1661 2808 1751 2863 pa-

171 2888 473 2943 cificorum.
518 2886 662 2958 Ignis
712 2893 796 2941 est
843 2884 948 2941 iste
997 2892 1314 2956 perpetuus,
1342 2883 1435 2953 qui
1469 2898 1747 2953 nunquam

170 2980 393 3036 deficiet
415 2979 470 3034 in
506 2978 688 3033 altari.
720 2996 740 3030 ι

239 3070 381 3138 Quia
437 3069 761 3142 legislatoris
816 3068 1039 3124 modum
1094 3066 1424 3123 sufficienter
1489 3068 1544 3123 in
1609 3082 1750 3138 prae-

170 3162 501 3218 cedentibus
551 3161 910 3225 ostendimus,
965 3168 1021 3214 et
1079 3158 1435 3230 expositionis
1490 3160 1745 3231 legalium

1853 1970 1946 2025 tici
1978 1968 2253 2038 legislator
2291 1967 2565 2037 exposuit,
2600 1983 2746 2023 nunc
2774 1977 2963 2038 utpote
2980 1969 3086 2023 illis
3103 1968 3436 2029 suﬁicienter

1853 2062 2035 2129 dictis,
2070 2061 2137 2117 de
2170 2061 2286 2116 solo
2318 2060 2453 2116 dicit
2499 2060 2957 2117 bolocautomate.
3017 2062 3433 2132 Consequeuter

1851 2167 1982 2227 ergo
2011 2155 2255 2210 subdidit
2288 2176 2301 2211 :

1922 2247 2065 2319 Ignis
2090 2248 2147 2301 in
2177 2247 2349 2302 altare
2372 2263 2578 2317 semper
2600 2246 2825 2311 ardebit,
2857 2262 3011 2317 quem
3039 2247 3232 2301 nutriet
3256 2262 3433 2301 sacer-

1851 2341 1963 2394 dos.
1998 2338 2226 2409 Oportet
2253 2338 2455 2409 quippe
2479 2352 2606 2392 eum
2654 2337 2749 2407 qui
2783 2337 3185 2402 holocaustum,
3247 2336 3301 2392 id
3344 2345 3433 2397 est

1850 2430 2106 2502 perfectae
2133 2429 2415 2502 sapientiae
2447 2430 2820 2501 operationem
2855 2427 3039 2492 debet,
3090 2443 3309 2498 semper
3335 2440 3432 2484 ac-

1849 2522 2085 2579 cendere
2142 2523 2321 2594 ignem
2354 2522 2529 2577 sancti
2559 2520 2816 2591 Spiritus,
2845 2528 2898 2575 et
2938 2535 3048 2575 non
3113 2520 3294 2576 sinere
3341 2535 3434 2575 ex.

1849 2613 2069 2683 stingui.
2110 2612 2485 2684 Exstinguitur
2511 2622 2693 2669 autem
2728 2626 2919 2666 eorum
2958 2611 3158 2681 quibus
3197 2612 3432 2669 donatus

1848 2717 1934 2763 est
1966 2707 2571 2778 negligentia;prop'cr
2607 2705 2752 2774 quod
2785 2711 2842 2758 et
2874 2702 3075 2757 Paulus
3097 2703 3170 2758 ait
3206 2721 3220 2757 :
3253 2702 3428 2773 Spiri-

1850 2809 1960 2854 tum
1986 2799 2146 2854 nolite
2174 2800 2504 2869 exstinguere
2535 2797 2604 2861 “,
2642 2796 2791 2851 velut
2838 2795 2893 2848 in
2928 2804 3115 2850 nostra
3154 2802 3432 2865 potestate

1849 2890 1922 2945 sit
1950 2889 2186 2959 positum
2217 2889 2566 2958 exstinguere
2596 2887 2770 2952 illum,
2799 2885 2916 2939 sive
2942 2885 3266 2939 accendere.
3290 2884 3430 2942 Tota

1848 2991 2028 3037 autem
2058 2988 2220 3035 nocte
2250 2978 2469 3034 incendi
2509 2979 2688 3049 ignem
2718 2977 2903 3047 jussit,
2945 2993 3054 3031 non
3075 2977 3221 3046 quod
3253 2977 3307 3031 in
3337 2975 3430 3033 die

1847 3088 1956 3127 non
1989 3071 2391 3136 incenderetur,
2423 3070 2520 3125 sed
2556 3069 2829 3140 quomodo
2860 3068 3099 3123 secundo
3131 3067 3289 3127 ﬁeret
3312 3068 3432 3125 die.

1847 3164 1950 3219 bus
1978 3163 2203 3235 singulis
2233 3163 2612 3217 holocaustum
2661 3178 2676 3213 :
2733 3175 2863 3214 nam
2917 3159 3045 3230 quia
3109 3158 3431 3217 manifestus

169 3254 470 3313 verborum
495 3252 909 3308 fundamentum
944 3251 1183 3322 positum
1242 3256 1346 3316 est.
1403 3256 1554 3305 extra
1602 3249 1746 3319 quod
1776 3236 1819 3299 ε
1851 3265 1970 3311 erat
1999 3256 2142 3326 ignis
2175 3255 2423 3317 diurnus,
2462 3262 2791 3308 nocturnum
2840 3252 3066 3308 addidit.
3104 3252 3243 3318 Quia
3298 3267 3430 3321 ergo

168 3344 322 3402 aliud
380 3360 543 3400 nemo
584 3343 966 3399 aedificandum
1030 3342 1089 3397 in
1161 3341 1357 3411 spiritu
1411 3354 1617 3412 ponere
1648 3355 1747 3409 po-

168 3446 277 3493 test
312 3454 327 3490 :
359 3434 609 3490 Christus
647 3434 792 3490 enim
838 3443 939 3497 est,
965 3432 1057 3503 qui
1091 3433 1251 3488 nobis
1291 3432 1430 3486 sicut
1474 3430 1748 3502 angularis

167 3527 385 3584 aedilicii
424 3527 563 3597 lapis
591 3543 691 3597 per
741 3534 907 3582 totam
957 3525 1091 3596 legis
1139 3523 1535 3594 expositionem
1572 3522 1744 3591 jacet;

167 3620 287 3690 ejus
327 3634 456 3689 ergo
499 3618 671 3689 gratia
725 3626 780 3672 et
835 3616 1105 3682 doctrina,
1156 3615 1283 3685 quia
1325 3624 1380 3669 et
1417 3612 1746 3668 architectus

167 3722 271 3777 est,
298 3726 516 3776 aurum,
545 3718 849 3781 argentum,
893 3708 1101 3779 lapides
1141 3706 1405 3778 pretiosos
1449 3703 1746 3776 supersedi-

168 3802 419 3860 ﬁccmus.

238 3895 473 3950 Locutus
492 3901 566 3946 est
595 3891 849 3946 Dominus
872 3891 942 3945 ad
978 3889 1207 3961 Moysen,
1255 3890 1470 3944 dicens:
1515 3886 1748 3955 Prwcipe

164 3988 352 4041 Aaron
386 3993 434 4038 et
456 3984 580 4054 [iliis
610 3984 744 4053 ejus.
772 3981 900 4036 Iltec
939 3991 1013 4036 est
1064 3982 1146 4035 (ex
1180 3979 1491 4034 Itolocausti.
1539 3978 1639 4033 Hic
1680 3976 1749 4032 de

163 4079 281 4149 jugi
317 4077 589 4132 sacriﬁcio
629 4076 715 4129 lex
768 4074 1026 4143 loquitur,
1057 4072 1202 4144 quod
1226 4070 1468 4142 quotidie
1514 4071 1568 4125 in
1608 4070 1747 4124 libro

166 4169 343 4225 Exodi
368 4168 560 4222 offerre
584 4166 840 4237 praecepit
861 4164 1194 4231 sacerdotes;
1222 4163 1301 4218 ait
1321 4161 1465 4217 enim
1497 4162 1608 4217 sic:
1633 4159 1747 4215 Hoc

165 4272 243 4316 est
265 4260 407 4333 quod
434 4260 596 4330 [acies
638 4260 693 4312 in
722 4258 884 4312 altari
918 4274 936 4311 :
978 4273 1139 4328 agnos
1177 4252 1448 4308 anniculos
1491 4253 1622 4307 duos
1651 4268 1745 4322 per

165 4353 407 4426 singulos
457 4354 570 4408 dies
608 4352 816 4422 jugiter
838 4344 922 4416 ¹¹;
968 4358 1022 4402 et
1061 4348 1224 4418 paulo
1287 4353 1428 4417 post.
1474 4344 1748 4400 Oblatione

164 4453 420 4515 perpetua
463 4445 527 4497 in
567 4441 926 4513 generationes
972 4437 1258 4492 vestras".
1320 4435 1461 4491 Dicit
1516 4444 1741 4492 autem:

168 4537 356 4592 Facies
388 4535 770 4598 holocaustum,
806 4548 971 4586 unum
1018 4546 1213 4601 agnum
1271 4546 1446 4595 mane,
1494 4538 1543 4585 et
1574 4528 1740 4583 alium

164 4630 333 4699 facies
389 4642 595 4696 vespere
620 4625 688 4677 ’³.
729 4625 831 4678 Per
870 4624 985 4677 haec
1028 4636 1155 4693 ergo
1189 4622 1558 4692 intelligimus,
1616 4621 1740 4691 quia

166 4715 227 4769 lu
253 4727 442 4767 eorum
467 4712 684 4781 quidem
706 4711 797 4781 qui
823 4718 950 4765 sunt
970 4710 1038 4765 de
1068 4709 1242 4780 plebe,
1261 4709 1536 4764 voluntate
1556 4711 1743 4765 datum

167 4816 278 4867 est,
299 4804 343 4859 si
374 4804 565 4859 volunt
585 4804 781 4859 oll‘erre
813 4805 1213 4869 holocaustum,
1243 4792 1627 4874 propter’quod
1653 4817 1742 4857 sa-

167 4895 436 4951 eriﬁcium
497 4895 630 4951 illud
679 4912 879 4952 munus
942 4911 1155 4961 eorum,
1209 4903 1398 4964 utpote
1446 4902 1743 4962 spontanca

164 4988 388 5055 oblatio,
410 4988 746 5043 nominatur.
766 4987 956 5058 Neque
984 4988 1130 5041 enim
1159 4986 1338 5041 omnis
1364 4985 1529 5038 homo
1557 4985 1740 5055 perfe-

165 5078 470 5134 ctissimam
503 5080 675 5150 exigit
720 5078 1065 5150 sapientiam,
1106 5074 1362 5131 sacerdos
1398 5081 1576 5128 tamen
1620 5090 1741 5129 om-

164 5170 397 5227 nimodo
433 5171 595 5227 debet
646 5172 891 5242 perfecte
947 5183 1156 5239 sapere.
1215 5166 1546 5236 Perpetuam
1595 5167 1739 5221 enim

169 5260 531 5325 sacriﬁcium,
569 5261 623 5315 id
684 5269 768 5316 est
824 5261 1149 5316 continuum
1203 5257 1606 5320 holocaustum,
1657 5272 1744 5312 se-

168 5349 355 5407 cundo
388 5349 443 5404 in
478 5349 569 5404 die
598 5364 759 5403 mane
813 5360 867 5404 et
897 5363 1122 5419 vespere
1150 5347 1349 5403 olferre
1408 5344 1742 5415 praecipitur,

170 5452 291 5499 uta
330 5440 576 5513 perfecta
609 5439 872 5509 sapientia
909 5438 1197 5509 incipiens,
1239 5437 1295 5492 in
1321 5436 1511 5492 eadem
1569 5435 1742 5502 ﬁniat,

169 5544 226 5590 et
271 5539 441 5590 totam
483 5546 639 5588 suam
692 5528 858 5584 vitam
898 5539 1187 5599 componat
1222 5528 1289 5583 ad
1329 5526 1743 5599 perfectionem.

1850 3364 1958 3403 nox
1986 3348 2157 3419 caligo
2195 3356 2280 3402 est
2311 3348 2435 3403 vitae
2465 3345 2650 3415 hujus,
2677 3345 2728 3400 id
2778 3353 2884 3410 est,
2931 3358 2995 3399 ea
3051 3359 3173 3413 quae
3225 3343 3430 3401 multos

1849 3437 2059 3493 obtinet
2093 3437 2420 3509 ignorantia,
2482 3436 2551 3491 de
2590 3451 2694 3504 qua
2739 3433 2940 3489 Paulus
2990 3433 3211 3488 dicebat
3257 3451 3270 3485 :
3313 3432 3431 3490 N03

1847 3531 2129 3599 prwcessit,
2167 3530 2276 3583 dies
2302 3537 2480 3582 autem
2514 3526 2960 3597 appropinquabit
2984 3525 3053 3589 ⁸⁵,
3086 3539 3190 3579 nos
3218 3539 3427 3594 praece-

1849 3621 1930 3691 pit
1950 3621 2041 3691 qui
2071 3620 2447 3675 holocaustum
2472 3619 2565 3673 Dei
2592 3618 2718 3673 facti
2751 3632 2961 3682 sumus,
2982 3617 3149 3672 etiam
3184 3618 3238 3671 in
3267 3626 3430 3673 nocte

1848 3710 2147 3765 accendere
2180 3709 2382 3780 ignem,
2413 3717 2473 3762 ut
2504 3723 2629 3762 cum
2660 3709 2749 3762 alii
2813 3708 2986 3778 legem
3017 3708 3427 3779 transgredian-

1849 3810 1957 3866 tur,
1988 3809 2043 3855 et
2075 3802 2278 3855 terreni
2311 3800 2440 3867 sint,
2486 3815 2586 3854 nos
2623 3799 2794 3854 simus
2825 3798 3156 3869 spirituales,
3202 3798 3427 3854 remitti.

1848 3900 2062 3946 scentcs
2093 3890 2260 3947 David
2291 3892 2565 3949 dicentem
2601 3910 2612 3944 :
2654 3890 2876 3959 Tempus
2900 3891 3151 3960 faciendi,
3180 3890 3424 3957 Domine,

1847 3981 2229 4051 dissipaverunt
2278 3982 2445 4045 iniqui
2486 3982 2649 4053 legem
2709 3982 2953 4047 tuam“;
3008 3983 3225 4051 quando
3278 3982 3425 4040 enim

1845 4072 1935 4126 alii
1969 4073 2444 4142 transgrediuntur
2471 4073 2667 4143 legem,
2699 4087 2802 4127 nos
2837 4078 3055 4143 oportet
3086 4073 3322 4129 maxime
3356 4074 3426 4135 ad

1846 4164 2208 4219 obedientiam
2236 4164 2368 4236 legis
2394 4164 2620 4235 subrigi.
2655 4163 2907 4219 Subdidit
2928 4175 3109 4219 autem
3148 4183 3161 4222 :

1924 4256 2174 4311 Vestietur
2227 4257 2473 4311 sacerdos
2524 4257 2702 4309 (urtica
2766 4266 2815 4310 et
2869 4256 3202 4328 feminalibus
3251 4257 3421 4333 lineis.

1848 4348 2114 4405 Sacerdos
2142 4350 2232 4404 hic
2277 4349 2371 4420 qui
2408 4350 2785 4405 holocaustum
2816 4347 2996 4412 otiert,
3051 4349 3427 4418 unusquisque

1845 4441 2086 4512 perfecte
2106 4439 2824 4512 sapiensintelligitur,quia
2859 4440 3226 4498 sacerdotium
3253 4438 3427 4509 perte:

1846 4530 2042 4586 ctionis
2074 4531 2382 4601 exemplum
2414 4538 2516 4596 est,
2565 4538 2790 4600 propter
2850 4515 3009 4597 quod
3033 4541 3090 4583 et
3119 4528 3296 4601 regale
3334 4543 3424 4582 sa.

1845 4622 2147 4677 cerdotium
2177 4622 2408 4691 populus
2450 4621 2628 4675 ﬁdelis
2666 4619 2990 4689 appellatur,
3023 4628 3211 4689 utpote
3252 4619 3425 4691 legem

1846 4713 2145 4782 perfectam
2176 4711 2457 4782 Evangelii
2501 4711 2825 4779 suscipiens.
2864 4708 2967 4773 Qui
2997 4725 3126 4778 ergo
3172 4709 3288 4762 vult
3341 4708 3426 4765 of.

1848 4806 1991 4860 ferre
2031 4805 2428 4864 holocaustum,
2461 4801 2668 4862 tunica,
2700 4800 2755 4853 id
2789 4807 2874 4851 est
2899 4799 3134 4865 justitia,
3167 4806 3223 4851 ct
3259 4797 3422 4851 femiv

1845 4896 2084 4956 nalibus,
2132 4893 2186 4949 id
2245 4900 2332 4945 est
2400 4890 2650 4944 castitate
2706 4887 2984 4941 induatur.
3020 4885 3124 4939 Sed
3154 4886 3283 4955 quia
3323 4899 3424 4955 per

1847 4986 2122 5043 feminalia
2189 4982 2496 5039 castitatem
2560 4985 2778 5049 oportet
2837 4976 3103 5047 intelligi,
3176 4976 3421 5039 membra

1847 5079 2133 5152 probant,
2184 5088 2418 5145 quorum
2478 5072 2598 5144 ipsa
2664 5070 3028 5143 tegimentum
3083 5076 3214 5124 sunt
3262 5068 3424 5131 femi.

1849 5171 2016 5227 nalia.

1919 5261 2182 5316 Tunicam
2217 5270 2398 5315 autem
2422 5258 2689 5329 justitiam
2719 5256 2977 5321 diximus,
3013 5253 3141 5324 quia
3189 5250 3418 5322 perfecti

1850 5353 2114 5423 cujusque
2144 5352 2379 5408 maxime
2424 5349 2635 5422 iustitia
2693 5348 2864 5404 vestis
2902 5356 3006 5411 est,
3048 5346 3192 5402 unde
3223 5344 3422 5415 Paulus

1850 5442 2029 5503 dixit:
2083 5440 2232 5497 State
2270 5443 2519 5497 succincti
2571 5441 2771 5496 lumbos
2834 5446 3029 5494 vestros
3073 5437 3127 5491 in
3179 5436 3421 5507 veritate,

1854 5532 2022 5586 induti
2068 5532 2234 5586 lorica
2273 5531 2593 5600 justititc".
2636 5530 2712 5586 De
2778 5528 2891 5583 lino
2943 5533 3128 5588 autem
3187 5531 3243 5584 et
3277 5524 3430 5596 turri;

245 5739 294 5770 η
325 5738 342 5792 l
374 5739 502 5793 Cor.
530 5754 586 5801 ι,
636 5734 719 5789 ll.
796 5732 841 5763 ιι
892 5681 1066 5785 taxea.
1113 5730 1401 5801 κιιειηδε.
1474 5729 1747 5787 "ibiut:

1854 5731 1897 5761 "
1927 5727 2065 5783 ibid.
2102 5726 2193 5781 39.
2270 5726 2317 5760 “
2361 5727 2382 5782 ι
2423 5728 2619 5784 Thess.
2647 5746 2703 5796 v,
2738 5730 2822 5789 19.
2896 5729 2954 5764 ’⁵
2972 5729 3129 5784 Rom.
3172 5738 3294 5789 xm,
3332 5721 3417 5785 ιι.

172 5809 219 5841 ⁸⁸
238 5806 382 5863 Psal.
402 5800 589 5871 cxvm,
619 5804 743 5859 ηδ.
823 5801 869 5835 ³⁷
916 5800 1115 5872 Ephes.
1143 5814 1217 5866 vt,
1241 5800 1326 5857 ιι.
