3886 6306
468 319 568 383 ενι

1647 315 2005 376 nusrcnn
2046 293 2506 380 causativum

3645 311 3752 376 £38

445 410 586 488 Iram
619 439 673 485 ct
705 427 979 484 feminalia
1004 428 1120 484 vult
1155 441 1296 491 esse,
1335 440 1441 479 non
1479 442 1538 480 ex
1574 425 1714 490 lana,
1741 429 1866 496 quia
1903 428 2040 482 linea
2076 440 2114 490 θ,
2141 428 2264 482 Non
2300 431 2474 485 solum
2509 429 2654 484 enim
2689 428 2931 484 nobisin
2965 428 3072 493 die,
3103 427 3196 483 sed
3229 435 3285 482 et
3341 431 3530 489 nocte,
3582 425 3642 478 id
3673 437 3754 480 est

469 523 640 578 vcs:i.~t
691 513 911 585 habilis,
971 521 1296 588 molliusque
1342 520 1627 573 adhmrens
1681 528 1764 574 est
1807 519 2045 590 corpori,

473 630 663 685 aspera
693 623 874 667 autem
929 628 990 666 ea
1023 627 1142 680 qure
1177 626 1242 664 ex
1281 611 1403 663 lana
1443 619 1545 664 est.
1597 609 1676 664 Ex
1737 627 1845 680 quo
1889 611 2051 665 docet

474 707 601 776 quia
631 705 872 760 humiles
901 705 1236 770 multumque
1268 702 1612 756 cohaerentes
1659 713 1787 756 sunt
1833 702 2048 765 animae,

470 798 680 868 justitia
719 796 1048 860 etcastitas;
1075 795 1344 862 simulque
1362 795 1466 848 hoc
1497 795 1678 858 docet,
1711 794 1834 863 quia
1855 808 2052 862 quem-

475 889 766 944 admodum
831 887 1002 939 linum
1046 884 1204 938 facile
1259 885 1457 953 cuique
1491 885 1556 939 ad
1607 885 1938 945 habendum,
1974 883 2054 938 sic

475 981 702 1034 virtutes
729 977 1036 1032 volentibus
1059 991 1152 1030 eas
1183 976 1441 1044 consequi
1472 975 1656 1030 faciles
1685 985 1812 1028 sunt
1832 985 1913 1028 :ct
1934 989 2054 1044 quae

475 1072 583 1124 cito
615 1067 862 1137 conquiri
890 1076 1138 1138 possunt.
1166 1066 1261 1120 His
1289 1077 1471 1121 autem
1496 1066 1768 1129 indutum,
1793 1065 1948 1136 jubet
1969 1063 2052 1118 0f-

407 1207 410 1211 .
479 1164 622 1218 ferre
655 1162 870 1216 cineres
907 1159 1210 1213 bolocausti
1257 1173 1393 1226 quos
1419 1157 1557 1227 ignis
1589 1155 1925 1226 consumpsit
1987 1156 2055 1210 de

477 1255 653 1310 altari.
689 1252 828 1318 Quid
864 1266 960 1320 per
985 1250 1101 1304 haec
1127 1249 1350 1308 docens,
1377 1249 1479 1303 nisi
1511 1256 1568 1302 ιιι
1597 1247 2056 1317 quemadmodum

479 1345 654 1400 hostia
677 1343 1009 1404 aufertur,id
1039 1350 1124 1394 est
1151 1339 1476 1392 sacriﬁcium
1503 1339 1643 1406 quod
1665 1348 1944 1407 peractqu
1975 1345 2058 1390 est

478 1436 957 1498 holocautomatis,
1009 1441 1066 1486 ut
1099 1431 1241 1484 aliud
1270 1431 1466 1484 itermn
1525 1429 1702 1483 simile
1771 1429 2053 1492 offeratur,

479 1531 556 1584 ita
587 1537 642 1583 et
661 1543 764 1582 nos
795 1527 1092 1589 faciamus;
1130 1525 1360 1578 virtutes
1407 1523 1608 1592 quippe
1663 1538 1800 1592 quas
1857 1535 2057 1590 coope-

481 1630 640 1676 rante
665 1619 872 1689 Spiritu
898 1616 1158 1688 gerimus,
1187 1613 1461 1684 sigillatim
1521 1612 1785 1666 debemus
1832 1627 2055 1681 ponere,

483 1722 545 1768 ut
575 1714 708 1766 alias
744 1725 934 1764 rursus
964 1722 1251 1778 operemur
1287 1723 1301 1759 :
1351 1713 1543 1759 etnon
1585 1713 1794 1758 tantum
1851 1718 2059 1772 praece-

2153 537 2262 588 non
2290 521 2465 575 solum
2491 522 2546 576 in
2582 530 2826 592 tempore
2858 519 3190 582 sobrietatis,
3223 519 3320 574 sed
3376 527 3434 572 et
3487 516 3754 588 intelligi-

2152 609 2245 663 bili
2272 618 2453 674 nocte,
2485 611 2553 666 de
2583 627 2688 681 qua
2728 611 2928 666 Paulus
2975 611 3190 664 dicebat
3240 630 3254 664 :
3295 609 3417 664 Non
3458 625 3590 678 ergo
3629 611 3754 661 dar-

2155 703 2382 756 miamus
2411 706 2546 757 sicut
2565 713 2614 757 et
2644 704 2822 757 tartari
2848 719 2950 756 non
2971 702 3214 755 habentes
3237 718 3403 771 spem,
3425 701 3522 753 sed
3565 700 3754 769 uigile-

2154 809 2269 846 mus
2296 803 2344 846 et
2375 795 2534 847 sobrii
2563 796 2725 848 simus
2761 814 2773 847 :
2809 795 2900 863 qui
2943 793 3076 846 enim
3119 793 3407 850 dormiunt,
3442 801 3598 842 nocte
3627 791 3754 841 dor-

2156 885 2324 936 miunt
2355 901 2372 938 :
2419 893 2468 938 et
2501 887 2590 954 qui
2639 885 2768 938 ebrii
2803 894 2944 946 sunt,
2979 894 3126 935 nocte
3165 883 3301 935 ebrii
3319 891 3470 934 ‘suut
3505 883 3572 933 '9.
3612 881 3754 948 Ignis

2155 977 2386 1032 sufficiat
2411 976 2934 1030 subministrationis
2968 973 3214 1044 spiritus,
3248 973 3302 1026 in
3343 989 3456 1042 quo
3503 972 3752 1025 ordinari

2155 1076 2368 1138 oportet
2415 1067 2809 1135 intelligibilem
2847 1065 3104 1129 hostiam,
3141 1072 3196 1117 et
3225 1063 3440 1131 adipem
3493 1061 3758 1131 paciﬁco-

2155 1173 2298 1223 rum,
2317 1171 2480 1225 quem
2501 1155 2638 1210 LXX
2661 1155 2899 1208 salutare
2917 1153 3224 1208 ediderunt.
3245 1152 3382 1218 Quia
3406 1149 3511 1220 per
3529 1152 3752 1220 adipem

2157 1249 2489 1304 desiderium
2523 1245 2815 1317 signiﬁcari
2847 1244 2902 1298 in
2925 1243 3294 1314 paciﬁcorum,
3320 1258 3419 1295 seu
3441 1242 3503 1294 in
3525 1241 3754 1294 salutari

2157 1339 2425 1395 sacriﬁcio
2459 1339 2712 1399 diximus,
2743 1345 2802 1390 ut
2833 1337 3164 1390 desiderium
3203 1333 3531 1388 salvationis
3559 1334 3756 1386 offerat

2157 1445 2253 1484 seu
2283 1429 2566 1489 devoveat,
2619 1427 2711 1496 qui
2750 1426 2965 1495 Spiritui
3019 1433 3169 1480 tutus
3215 1423 3394 1478 factus
3452 1424 3754 1492 spiritalis,

2157 1520 2294 1575 nihil
2332 1517 2611 1573 materiale
2647 1518 2874 1582 habens,
2907 1517 3045 1570 nihil
3093 1517 3356 1570 miserum
3399 1527 3592 1582 neque
3646 1523 3760 1566 ter-

2160 1602 2462 1672 renumfac
2490 1609 2636 1680 quod
2669 1623 2771 1662 nos
2799 1607 3077 1678 legislator
3101 1621 3306 1661 vocans
3353 1627 3366 1662 :
3415 1605 3599 1677 Ignis,
3655 1607 3756 1670 ait,

2160 1711 2245 1756 est
2272 1703 2366 1754 iste
2396 1709 2690 1770 perpetuus,
2721 1699 2810 1768 qui
2837 1715 3104 1768 nunquam
3135 1697 3332 1766 deﬁciet
3373 1699 3438 1750 de
3471 1697 3672 1752 altari.
3691 1725 3763 1738 —

482 1805 738 1862 dentibus
773 1800 1013 1858 contenti
1049 1799 1234 1862 simus,
1262 1797 1355 1852 sed
1391 1807 1444 1851 ct
1498 1795 1632 1849 alias
1677 1795 2053 1864 adjungamus,
2087 1797 2131 1854 Β
2159 1790 2390 1859 Spiritus
2412 1790 2561 1844 enim
2617 1799 2690 1844 est
2719 1789 2878 1855 Deus,
2905 1800 2954 1842 et
2971 1790 3061 1860 qui
3091 1790 3318 1842 adorant
3345 1805 3491 1851 etim,
3527 1789 3590 1840 in
3645 1789 3750 1855 spi-

483 1893 937 1966 quemadmodum
988 1891 1033 1946 is
1061 1889 1150 1960 qui
1175 1889 1344 1943 currit
1376 1887 1690 1956 relinquens
1722 1893 2051 1948 transcursa,

483 1986 551 2040 ad
586 1985 794 2053 reliqua
819 1979 1081 2038 currendo
1119 1976 1398 2033 contendit
1423 1993 1436 2029 :
1471 1975 1597 2044 quia
1623 1973 1874 2028 videlicet
1901 1972 2057 2026 aliter

484 2077 548 2131 ad
571 2074 818 2130 bravium
857 2086 968 2124 non
1027 2069 1228 2140 poterit
1279 2065 1584 2138 pervenire.
1640 2062 1870 2134 Propter
1911 2061 2057 2130 quod

485 2180 609 2221 cum
655 2160 856 2216 auferri
898 2159 966 2214 de
1021 2157 1175 2213 altari
1225 2155 1578 2228 praecepisset
1619 2161 2060 2208 consummatum

484 2259 608 2329 igne
629 2255 1030 2317 holocaustum,
1059 2250 1188 2321 poni
1215 2249 1345 2303 illud
1363 2249 1518 2318 juxta
1565 2246 1737 2300 altare
1756 2243 2017 2316 praecepit
2041 2261 2056 2300 :

482 2362 607 2403 esse
661 2358 843 2401 autem
877 2343 1152 2399 Christum
1204 2339 1656 2396 holocautomatis
1705 2337 1874 2392 altare
1918 2335 2059 2390 dixi-

481 2455 622 2494 mus.
655 2435 978 2492 Aul'e‘ramus
1011 2448 1141 2504 ergo
1165 2433 1214 2486 ei
1259 2431 1388 2486 olim
1435 2444 1602 2500 opere
1654 2435 2062 2484 consummatas

485 2533 736 2596 virtutes,
765 2527 987 2599 quando
1033 2525 1296 2581 habemus
1328 2534 1571 2592 tempora
1621 2522 1724 2576 has
1777 2519 2060 2591 operandi,

473 2623 640 2694 quasi
669 2637 780 2676 non
814 2619 972 2674 nobis
997 2618 1227 2686 imputet
1250 2615 1621 2685 praecedentes
1646 2612 2060 2684 negligentibus,

485 2714 530 2768 si
560 2727 672 2766 non
703 2725 865 2780 super
893 2723 986 2763 eas
1005 2707 1156 2762 alias
1175 2705 1592 2760 constituamus.
1634 2703 1835 2758 Probat
1883 2711 2063 2756 autem

487 2805 608 2859 hmc
632 2801 885 2858 Ezechiel
909 2815 1032 2854 cum
1067 2797 1242 2852 dicit:
1277 2795 1336 2852 Si
1378 2797 1560 2850 dixero
1595 2795 1740 2865 justo
1782 2795 1919 2864 quod
1957 2795 2063 2848 vita

485 2896 647 2958 uiuat,
670 2901 717 2946 et
735 2891 954 2960 conﬁsus
972 2890 1024 2942 in
1039 2888 1252 2959 justitia
1275 2905 1372 2942 sua
1385 2887 1562 2958 fecerit
1584 2887 1935 2958 iniquitatem,
1953 2903 2066 2939 om-

488 2984 814 3055 nes'justitite
824 2983 938 3052 ejus
954 2981 1196 3036 oblivioni
1218 2982 1514 3043 tradentur,
1530 2988 1576 3033 et
1599 2981 1650 3033 in
1673 2981 1953 3049 iniquitate
1969 2996 2064 3034 sua

489 3092 649 3147 quam
669 3085 916 3144 operatus
938 3082 1031 3138 est,
1059 3073 1113 3125 in
1135 3073 1248 3142 ipsa
1271 3073 1522 3126 morietur
1544 3071 1612 3126 ³⁸.
1633 3071 1870 3141 Imputat
1885 3080 2064 3126 autem

2161 1877 2267 1930 ritu
2303 1887 2352 1930 et
2374 1878 2592 1931 veritate
2609 1887 2808 1947 oportet
2847 1879 3077 1932 adorare
3099 1879 3186 1930 '9'.
3211 1877 3368 1932 Unde
3397 1887 3452 1932 et
3491 1877 3756 1948 intelligi.-

2161 1967 2270 2022 bile
2296 1969 2486 2032 altare,
2510 1969 2654 2039 quod
2681 1968 2981 2024 estChristi
2999 1983 3220 2040 corpus,
3243 1969 3760 2040 inexstinguibilem

2163 2059 2326 2115 habet
2357 2061 2535 2130 ignem
2564 2061 3082 2116 subministrationis
3110 2061 3353 2130 spiritus.

2235 2149 2400 2205 Vens.
2429 2151 2612 2207 14-Ιὸ,
2651 2171 2670 2203 ‹
2707 2151 2832 2206 Haec
2860 2161 2940 2207 est
2981 2152 3068 2206 lex
3091 2152 3342 2206 sacriﬁcii
3367 2162 3426 2208 et
3477 2152 3762 2207 libamen-

2163 2246 2510 2307 torum,qure
2541 2237 2774 2294 offerent
2802 2237 2897 2294 ﬁlii
2922 2241 3102 2294 Aaron
3151 2257 3337 2295 coram
3395 2239 3665 2308 Domino,
3707 2251 3763 2296 et

2166 2345 2348 2385 coram
2380 2316 2555 2386 altari.
2592 2330 2768 2385 Tollet
2793 2331 3048 2386 sacerdos
3090 2331 3351 2401 pugillum
3384 2331 3609 2397 similae,
3639 2348 3764 2402 qua:

2167 2436 2462 2490 conspersa
2481 2433 2564 2478 est
2591 2423 2734 2487 oleo,
2753 2431 2807 2478 et
2837 2431 3010 2477 totum
3038 2424 3166 2478 thus
3184 2425 3330 2492 quod
3390 2440 3571 2496 super
3597 2427 3758 2480 simi-

2167 2513 2274 2568 lam
2297 2513 2532 2582 positum
2552 2523 2656 2580 est,
2689 2513 3036 2584 adolebitque
3088 2515 3220 2570 illud
3250 2517 3304 2569 in
3325 2516 3485 2570 altari
3513 2518 3764 2573 inmani-

2169 2613 2414 2659 mentum
2441 2603 2624 2658 odoris
2659 2604 2969 2658 suavissimi
3007 2605 3238 2659 Domino
3276 2623 3290 2660 :
3335 2606 3612 2676 reliquam
3663 2624 3762 2662 au-

2170 2703 2280 2750 tem
2315 2702 2524 2764 partem
2559 2694 2748 2750 similae
2777 2695 3028 2750 comedet
3076 2697 3254 2750 Aaron
3285 2712 3416 2752 cum
3466 2697 3602 2753 ﬁliis
3645 2701 3762 2755 suis

2169 2785 2375 2854 absque
2403 2785 2693 2848 fermento,
2729 2793 2784 2839 et
2810 2785 3058 2839 comedet
3110 2786 3164 2838 in
3200 2785 3318 2840 loco
3349 2790 3657 2842 sanctuarii
3681 2801 3764 2844 ta-

2169 2877 2468 2932 bernaculi.
2501 2875 2626 2930 Ideo
2661 2883 2842 2929 autem
2867 2890 2973 2930 non
3003 2874 3449 2940 fermentabitur,
3481 2878 3613 2948 quia
3635 2895 3764 2948 pars

2171 2972 2292 3041 ejus
2319 2971 2372 3024 in
2397 2970 2630 3025 Domino
2651 2969 2879 3024 offertur
2909 2969 3217 3024 incensum.
3245 2968 3512 3025 Sanctum
3546 2983 3765 3027 sancto-

2172 3077 2292 3117 rum
2317 3061 2438 3128 erit,
2463 3061 2602 3116 sicut
2632 3077 2731 3131 pro
2749 3070 2973 3131 peccato
2991 3071 3154 3130 atque
3182 3061 3403 3116 delicto.
3436 3061 3622 3120 Mares
3637 3071 3764 3117 tan-

487 3143 534 3220 si
574 3143 849 3238 praeterita
884 3164 1084 3220 futuris
1118 3179 1411 3236 augeamus
1449 3175 1612 3234 atque
1637 3164 2022 3219 conﬁrmemus
2052 3181 2064 3218 :
2097 3143 2138 3200 θ
2171 3163 2286 3208 tum
2318 3153 2506 3224 Slil‘PiS
2555 3157 2735 3207 Aaron
2794 3153 3086 3208 comedent
3125 3153 3276 3218 ίηυά,
3325 3154 3644 3224 legitimum
3698 3172 3764 3210 ac

490 3259 814 3328 undejuxta
860 3259 1028 3312 altare
1057 3257 1212 3326 jubet
1246 3257 1622 3312 holocaustum
1676 3257 1829 3326 poni,
1888 3266 2071 3312 servat

492 3351 632 3406 enim
669 3350 828 3404 nobis
859 3348 1110 3404 Christus
1129 3349 1311 3418 justus
1337 3349 1524 3418 judex,
1566 3363 1903 3426 quaecunque
1927 3348 2070 3403 bona

473 3438 782 3513 egerimus,
817 3441 862 3494 si
885 3455 995 3494 non
1029 3441 1146 3495 haec
1179 3457 1274 3510 per
1299 3439 1516 3510 iniquas
1561 3441 1806 3495 actiones
1856 3456 2068 3510 praeva-

487 3530 640 3586 ricati
669 3529 963 3586 fuerimus.
995 3528 1222 3600 Propter
1276 3529 1383 3583 hoc
1426 3530 1587 3584 etiam
1636 3531 1854 3600 spoliari
1903 3533 2070 3587 vesti-

475 3621 710 3687 'mentis,
745 3628 801 3675 et
833 3620 986 3676 indui
1015 3620 1152 3684 aliis,
1181 3629 1236 3675 et
1265 3619 1446 3675 eﬂ'erri
1471 3620 1683 3676 cineres
1709 3631 1858 3676 extra
1891 3631 2068 3678 castra

491 3713 544 3768 in
577 3713 698 3768 loco
723 3712 1084 3768 mundissimo
1109 3713 1292 3782 jussit,
1330 3728 1439 3768 non
1477 3714 1701 3769 alterius
1729 3714 1943 3786 generis
1968 3729 2070 3770 nos

490 3805 852 3873 vestimentis,
897 3813 1050 3860 extra
1107 3820 1170 3860 ea
1216 3821 1338 3875 qua:
1383 3806 1536 3876 prius
1603 3806 1756 3872 dixit,
1809 3807 2065 3861 induens.

489 3896 676 3966 Neque
707 3897 853 3952 enim
889 3911 990 3966 pro
1011 3896 1153 3950 linea
1180 3905 1333 3951 veste
1388 3897 1542 3950 indui
1591 3897 1744 3952 lanea
1779 3913 1880 3951 nos
1928 3913 2068 3967 prae-

491 3990 655 4060 cepit,
682 3991 776 4044 sed
811 3990 914 4044 hoc
933 3989 1078 4044 idem
1124 3990 1292 4044 multa
1346 3989 1648 4060 signiﬁcat;
1694 3990 1746 4044 id
1799 3999 1883 4046 est
1923 3991 2068 4060 quod

482 4095 611 4150 quae
635 4079 788 4151 prius
817 4087 936 4134 acta
966 4089 1126 4150 atque
1143 4089 1392 4150 correpta
1414 4091 1680 4145 sunt,non
1709 4081 2066 4150 imputentur,

489 4176 707 4245 quando
738 4184 953 4245 tempus
983 4185 1066 4230 est
1095 4176 1198 4229 alia
1216 4176 1532 4246 peragendi.
1561 4170 1626 4230 Et
1655 4186 1942 4246 propterea
1967 4177 2066 4231 de-

489 4274 758 4335 ponentes
820 4265 1208 4320 vestimentum
1262 4266 1437 4336 prius,
1476 4265 1622 4319 aliud
1669 4267 1776 4320 tale
1818 4267 1936 4320 vult
1985 4267 2068 4320 in-

489 4357 605 4412 dui.
639 4357 801 4412 Extra
857 4369 1032 4412 castra
1080 4367 1259 4411 autem
1325 4358 1381 4410 in
1430 4358 1608 4411 locum
1649 4359 2067 4414 mundissimum

2169 3247 2566 3316 sempiternum
2587 3245 2642 3299 in
2689 3245 3131 3316 generationibus
3183 3246 3379 3300 vestris
3425 3247 3497 3301 de
3546 3249 3761 3302 sacriﬁ—

2167 3337 2267 3392 ciis
2305 3337 2542 3392 Domini.
2575 3335 2766 3391 Omnis
2821 3336 2916 3406 qui
2965 3337 3203 3407 tetigerit
3248 3337 3338 3392 illa
3381 3341 3761 3395 sanctiﬁcabi-

2170 3440 2278 3485 tur.
2310 3449 2328 3482 ι

2239 3527 2587 3596 Meminimus
2633 3541 2858 3596 beatum
2887 3539 3115 3596 Paulum
3145 3541 3381 3597 dixisse:
3435 3542 3652 3598 Eadem
3675 3547 3758 3598 di-

2169 3648 2282 3687 cere
2316 3633 2445 3686 mihi
2469 3649 2568 3684 non
2587 3633 2820 3703 pigrum,
2882 3633 3023 3687 vobis
3077 3643 3254 3686 autem
3302 3637 3752 3690 necessarium".

2169 3720 2343 3788 Quam
2373 3721 2734 3776 intentionem
2759 3723 2815 3775 in
2845 3722 3102 3791 praesenti
3138 3722 3260 3776 loco
3291 3723 3501 3778 habere
3542 3725 3754 3796 legisla-

2171 3819 2255 3865 tor
2288 3811 2524 3876 videtur,
2566 3811 2835 3866 reiterans
2865 3827 2985 3882 quae
3015 3813 3184 3867 semel
3211 3815 3489 3882 exposuit,
3523 3826 3586 3868 ut
3620 3815 3755 3869 mul-

2170 3901 2339 3972 tiplici
2371 3901 2699 3972 repetitione
2736 3903 2978 3956 mandati
3027 3903 3255 3973 legentis
3298 3903 3369 3956 ad
3427 3907 3750 3960 memoriam

2169 3996 2470 4040 revocaret.
2496 3985 2775 4051 Quatenus
2803 3996 2984 4041 autem
3029 4003 3127 4057 per
3177 3988 3566 4057 repetitionem
3623 3991 3752 4061 legis

2168 4077 2600 4132 necessariorcm
2631 4078 2886 4133 redderet
2931 4079 3248 4144 lectionem,
3289 4079 3601 4150 interponit
3653 4083 3749 4136 ali-

2168 4168 2295 4238 quid
2327 4169 2578 4238 amplius,
2605 4170 2761 4240 cujus
2816 4170 2986 4239 gratia
3022 4170 3390 4224 necessarium
3420 4171 3532 4226 hoc
3594 4189 3745 4227 man-

2170 4261 2354 4314 datum
2387 4270 2442 4314 et
2468 4261 2836 4316 inexcusabile
2897 4262 3060 4316 nimis
3084 4263 3388 4317 exsisteret.
3413 4265 3572 4318 Sicut
3623 4281 3746 4336 ergo

2172 4353 2225 4408 in
2252 4353 2690 4423 praecedentibus
2717 4354 2785 4408 de
2827 4353 3160 4410 holocaustis
3211 4356 3477 4411 sacriﬁcia
3509 4359 3745 4426 iteravit,

489 4449 694 4511 efferri,
721 4449 782 4503 id'
831 4459 914 4503 est
968 4449 1298 4518 praemittere
1351 4449 1416 4503 ad
1464 4449 1707 4504 futurum
1755 4451 2058 4519 judicium;
2099 4477 2139 4532 η
2171 4447 2509 4516 permiscens
2539 4447 3232 4519 eisassiduitatem,ipsius
3255 4460 3337 4504 est
3358 4438 3590 4506 enimut
3613 4454 3746 4524 ignis

489 4539 624 4594 illud
655 4540 801 4594 enim
840 4549 989 4594 extra
1017 4549 1192 4594 castra
1223 4550 1303 4597 est
1327 4541 1612 4613 praesentis
1631 4542 1835 4606 szecuii,
1865 4551 1922 4596 et
1984 4543 2066 4598 lo-

489 4631 587 4685 eus
615 4639 700 4685 est
761 4631 1017 4696 mundus,
1051 4630 1177 4700 quia
1221 4631 1288 4684 ab
1318 4631 1466 4684 omni
1515 4631 1866 4701 corruptione
1905 4648 2064 4686 mun-

489 4721 618 4776 ‘dum
644 4730 730 4777 est
764 4721 928 4777 futuri
959 4722 1136 4778 saeculi
1166 4721 1454 4792 judicium.
1489 4721 1595 4778 Sed
1625 4723 1756 4793 quid
1801 4730 1883 4778 est
1919 4725 2064 4794 quod

487 4813 734 4869 addidit?
848 4805 853 4813 ’

559 4905 702 4976 Ignis
729 4916 904 4960 autent
935 4908 990 4961 in
1013 4906 1178 4962 altari
1205 4925 1406 4976 semper
1431 4909 1653 4972 ardebit,
1691 4925 1840 4980 quem
1869 4907 2062 4961 nutriet

489 5000 731 5053 sacerdos
789 4999 1068 5069 subjiciens
1129 4999 1270 5069 ligna
1323 5017 1478 5056 omne
1523 5017 1618 5068 per
1655 5000 1890 5072 singulos
1935 5000 2064 5053 dies.

489 5089 960 5154 Quemadmodum
983 5101 1118 5157 ergo
1141 5089 1368 5142 materia
1398 5088 1540 5158 ignis
1567 5097 1692 5142 sunt
1719 5089 1882 5158 ligna,
1907 5103 2066 5143 mane

489 5189 667 5234 autem
698 5195 761 5234 ea
803 5179 956 5248 jubet
987 5178 1241 5246 componi
1279 5193 1294 5231 :
1331 5178 1411 5232 sic
1461 5179 1624 5233 nobis
1669 5189 1796 5234 sunt
1837 5180 2063 5233 materia

488 5268 1012 5324 subministrationis
1042 5267 1267 5338 Spiritus
1309 5268 1509 5322 divinae
1559 5269 1693 5338 legis
1729 5269 2058 5334 testimonia,

487 5367 544 5414 et
573 5376 854 5416 sacrorum
895 5359 1237 5428 eloquiorum
1273 5357 1578 5424 meditatio,
1621 5373 1742 5427 quae
1769 5359 1911 5428 ligna
1939 5374 2058 5413 esse

489 5465 650 5522 supra
685 5451 936 5507 diximus.
970 5450 1112 5521 Ergo
1146 5451 1264 5504 hrec
1298 5463 1457 5502 mane
1491 5449 1545 5503 in
1583 5449 1792 5503 lumine
1837 5466 2061 5520 compo-

490 5552 619 5597 nere
631 5543 910 5608 debemus,
926 5542 978 5597 id
993 5542 1141 5596 estin
1160 5541 1454 5611 vigilantia,
1468 5541 1824 5596 etsobrietate
1845 5542 2058 5596 animae.

1715 5664 1742 5674 ρ

593 5735 639 5768 ’⁸
661 5732 856 5788 Ezeeh.
879 5720 1070 5800 xxim,
1105 5735 1189 5788 15.
1267 5734 1358 5786 "1
1406 5735 1600 5792 Thess.
1623 5753 1676 5802 v,
1707 5735 1758 5801 6,
1807 5737 1859 5790 7.

1947 5738 2014 5770 ’θ’
2052 5736 2208 5794 Joan.
2241 5754 2316 5807 tv,
2350 5739 2438 5793 Ἡ.

2169 4539 2262 4608 qui
2305 4539 2360 4594 in
2391 4539 2545 4594 altari
2571 4548 2674 4604 est,
2711 4555 2928 4610 semper
2973 4542 3164 4596 ardeat
3194 4559 3588 4614 nunquamque
3615 4546 3746 4601 deﬁ—

2169 4630 2308 4684 ciat:
2335 4631 2412 4684 sic
2440 4640 2495 4684 et
2525 4647 2674 4688 nunc
2695 4639 2819 4686 cum‘
2857 4633 3186 4688 sacriﬁcium
3209 4636 3403 4691 similae
3429 4638 3746 4693 deduxisset

2168 4723 2237 4778 ad
2267 4723 2532 4788 medium,
2567 4740 2838 4794 perquam
2871 4725 3162 4797 signiﬁcari
3196 4728 3525 4798 theologiam
3561 4731 3616 4784 in
3653 4732 3746 4784 huc

2165 4815 2256 4884 jus
2316 4815 2442 4869 libri
2497 4817 2724 4871 exordio
2770 4817 3290 4886 demonstravimus,
3343 4823 3576 4884 addidit,
3626 4823 3745 4892 quia

2170 4913 2386 4974 oportet
2411 4921 2530 4960 eam
2549 4907 2602 4960 in
2633 4907 2750 4963 loco
2779 4917 2987 4964 tantum
3033 4923 3240 4976 sancto,
3277 4929 3306 4966 a
3335 4915 3613 4978 masculis,
3639 4930 3745 4970 non

2169 5007 2353 5050 autem
2387 4997 2609 5068 ubique,
2649 5008 2743 5054 aut
2775 5001 2938 5055 etiam
2967 5002 3036 5056 ab
3075 5004 3334 5058 omnibus
3379 5005 3636 5059 comedi:
3684 5007 3745 5062 de

2167 5102 2274 5157 qua
2311 5088 2436 5142 vide
2464 5091 2644 5158 qualia
2671 5091 2834 5144 etiam
2889 5106 3036 5147 nunc
3063 5094 3344 5163 pmeepit.
3381 5094 3502 5147 Hac
3539 5107 3617 5149 est
3670 5099 3744 5150 lex

2165 5181 2418 5249 sacriﬁcii
2471 5189 2520 5234 et
2555 5181 2960 5237 libamentorum
3007 5201 3126 5254 (μίαν
3165 5186 3378 5254 offerent
3420 5185 3527 5254 ﬁlii
3571 5179 3740 5241 Aaron

2165 5287 2349 5324 coram
2376 5271 2621 5336 Domino,
2649 5285 2696 5326 et
2721 5290 2897 5326 coram
2953 5275 3138 5330 altari.
3188 5276 3300 5330 lloc
3343 5291 3472 5347 ergo
3520 5278 3588 5332 de
3642 5293 3741 5347 quo

2165 5376 2313 5416 nunc
2342 5378 2524 5418 sermo
2553 5375 2658 5428 est,
2684 5365 2778 5418 ﬁlii
2817 5365 3018 5431 Aaron,
3043 5367 3097 5421 id
3131 5377 3214 5422 est
3267 5369 3530 5424 sublimes
3558 5370 3612 5422 in
3661 5385 3740 5423 sa-

2167 5453 2372 5522 pientia
2402 5453 2669 5520 homines,
2705 5457 2802 5510 soli
2833 5455 3034 5512 offerre
3063 5458 3260 5513 debent
3289 5475 3468 5515 coram
3491 5460 3735 5523 Domino.

2169 5544 2223 5599 id
2257 5553 2340 5600 est
2362 5546 2660 5600 secundum
2683 5547 2827 5616 quod
2863 5547 2956 5602 Dei
3005 5551 3258 5606 voluntas
3273 5560 3378 5617 est,
3418 5566 3528 5607 non
3551 5567 3737 5621 super-

2535 5740 2578 5772 ³⁰
2606 5739 2838 5811 Philipp.
2873 5758 2953 5809 ιιι,
2987 5743 3036 5798 1.
3091 5783 3109 5818 χ
