3886 6306
204 295 318 360 811)

1353 298 1436 360 IN
1477 300 1918 362 LEVITICUM.
1959 327 2023 336 --
2076 303 2221 363 LIB.
2266 303 2346 361 II.

3371 298 3475 361 8.20

203 411 319 465 ﬂua
350 410 403 464 in
435 409 622 465 divino
654 409 870 479 eloquio
906 409 1271 479 disputantes,
1302 412 1399 466 sed
1450 428 1792 482 quaecunque
1822 417 1867 473 Α
1895 423 2111 482 oportet
2140 410 2454 469 omnimodo
2475 413 2541 468 de
2576 411 2861 468 divinitate
2903 390 3072 483 loqui,
3097 412 3212 468 sive
3262 413 3475 468 theolo-

205 505 372 560 nobis
392 504 642 559 Christus
662 506 945 569 revelavit,
971 507 1075 560 hoc
1100 506 1245 561 enim
1277 508 1521 578 intelligo
1551 510 1696 578 quod
1722 508 1796 563 ait

205 611 392 649 coram
413 593 610 659 altari;
632 595 759 664 quia
794 595 966 648 altare
997 610 1117 649 esse
1165 596 1561 650 humanitatem
1594 596 1797 669 Unige-

207 687 314 741 niti
368 686 802 740 demonstratum
859 694 984 739 est:
1039 702 1167 757 ergo
1222 688 1279 741 in
1332 689 1417 743 his
1469 690 1793 759 theOIOgiam

207 778 629 843 constituamus,
656 778 709 831 in
741 794 862 846 qua:
923 778 1081 832 nobis
1112 779 1425 833 incarnatus
1451 781 1796 835 tradiditDo-

208 864 416 928 minus,
444 872 501 917 ut
530 865 743 919 Patrem
768 866 819 918 in
846 880 931 929 eo,
968 873 1024 920 et
1078 867 1255 936 ipsum
1298 871 1352 921 in
1384 868 1543 923 Patre
1592 870 1799 939 cogite-

207 971 360 1016 mus.
388 965 443 1010 et
472 956 539 1010 de
571 966 763 1010 sancto
785 956 994 1025 Spiritu
1045 960 1304 1024 sciamus,
1361 961 1484 1029 quia
1537 968 1588 1014 ct
1631 961 1800 1029 ipsius

210 1057 300 1101 est
331 1047 467 1113 Filii,
503 1056 557 1102 ct
582 1062 612 1101 a
639 1050 801 1102 Patre
826 1050 1090 1117 procedit.
1133 1049 1258 1105 llaec
1286 1052 1433 1105 enim
1457 1053 1613 1108 nobis
1652 1053 1800 1107 sulii-

209 1138 371 1191 ciunt
421 1140 486 1193 ad
536 1139 862 1210 theologiam
899 1157 1019 1209 quae
1065 1142 1216 1211 juvat
1253 1152 1309 1197 ct
1359 1145 1549 1199 salvat.
1595 1145 1800 1199 Altiora

211 1241 398 1284 autem
428 1233 693 1300 quispiam
732 1249 984 1302 quzerens
1037 1235 1119 1288 vel
1158 1235 1533 1305 profundiora,
1587 1237 1802 1291 excidet

212 1323 289 1375 ab
319 1324 621 1376 intentione
645 1324 909 1391 veritatis,
937 1334 993 1377 et
1022 1335 1228 1394 peccat.
1253 1326 1411 1381 Unde
1436 1328 1601 1382 etiam
1655 1343 1803 1384 nunc

215 1412 494 1480 legislator
544 1414 807 1468 subdidit.

296 1502 455 1555 Tollet
481 1504 724 1557 sacerdos
762 1505 1019 1574 pugillum
1060 1507 1252 1562 similte
1274 1525 1393 1578 qua:
1432 1525 1709 1579 conspersa
1729 1520 1801 1564 est

217 1594 415 1648 oleo’et
437 1604 602 1647 totum
633 1596 751 1649 thus
789 1599 928 1665 quod
963 1615 1121 1667 super
1151 1601 1384 1654 similam
1416 1596 1643 1670 positum
1703 1611 1801 1668 est,

218 1686 557 1756 adolebitque
611 1688 744 1741 illud
790 1689 843 1741 in
888 1691 1050 1743 altari
1108 1693 1161 1744 in
1209 1695 1588 1747 monimentum
1631 1695 1805 1748 odoris

217 1778 521 1830 suavissimi
582 1777 824 1832 Omnino.
870 1780 1003 1833 Cum
1055 1782 1471 1852 eleemosyuact
1529 1784 1795 1846 oratione,

222 1868 309 1921 Ine
337 1870 480 1921 enim
513 1868 816 1938 ﬁgurantur
852 1887 951 1940 per
976 1873 1156 1927 oleum
1180 1881 1235 1927 et
1267 1875 1416 1936 thus,
1450 1872 1649 1941 quibus
1698 1888 1798 1926 ne-

218 1963 460 2016 cessarie
492 1964 760 2032 theologia
803 1965 1163 2034 conquiritur,
1214 1967 1496 2035 utriusque
1532 1966 1798 2037 siquidem

219 2051 578 2118 adjutorium,
625 2061 684 2106 ut
714 2069 822 2106 non
850 2055 1100 2109 excidant
1141 2070 1169 2107 a
1207 2056 1434 2109 veritate
1460 2057 1551 2125 qui
1595 2059 1661 2110 de
1695 2056 1801 2111 Deo

214 2143 544 2215 loquuntur,
590 2147 962 2199 necessarium
1021 2147 1243 2200 habent.
1297 2147 1470 2215 llujus
1522 2148 1575 2200 in
1622 2148 1802 2201 moni-

220 2245 472 2289 mentum
512 2237 864 2307 intelligibilis
918 2238 1174 2292 sacerdos
1232 2238 1483 2293 Christus
1542 2240 1802 2309 pugillum

224 2325 390 2391 tollit,
404 2325 528 2395 quia
544 2342 751 2381 summa
767 2328 1009 2383 scientiae
1025 2329 1166 2397 apud
1186 2342 1310 2381 eum
1334 2338 1637 2397 permanet,
1657 2329 1803 2399 quod

223 2414 286 2468 in
315 2417 709 2471 monimentum
731 2419 950 2488 quidem
976 2428 1080 2481 est,
1106 2419 1232 2488 quia
1260 2420 1315 2472 in
1343 2429 1667 2490 perpetuum
1700 2420 1806 2474 erit

224 2520 577 2576 permansura
600 2509 878 2563 memoria.
897 2509 1081 2578 Neque
1099 2510 1242 2564 enim
1264 2512 1720 2579 quemadmodum
1742 2527 1804 2565 ea

223 2613 351 2666 quae
377 2614 521 2652 nunc
552 2609 632 2653 est
661 2609 844 2654 nostra
871 2602 1097 2656 scientia
1144 2611 1406 2670 provectu
1462 2604 1803 2663 destruitur:

223 2689 358 2757 quia
409 2693 619 2760 quando
672 2693 867 2746 venerit
905 2694 1042 2762 quod
1093 2695 1379 2763 perfectum
1412 2704 1507 2759 est,
1545 2696 1689 2750 sicut
1728 2696 1807 2752 ait

225 2780 447 2844 Paulus,
481 2784 771 2838 destruitur
792 2787 930 2855 quod
960 2802 1023 2839 ea:
1051 2797 1203 2855 parte
1226 2797 1299 2840 est
1318 2788 1383 2841 ³¹.
1410 2786 1502 2842 Sic
1532 2788 1637 2842 erit
1668 2798 1723 2844 et
1744 2804 1806 2844 ea

225 2892 351 2945 quae
381 2877 522 2945 apud
543 2877 821 2931 Christum
868 2888 971 2945 est,
1031 2895 1192 2948 quam
1252 2881 1409 2934 nobis
1462 2882 1516 2934 in
1564 2860 1807 2937 futurum

228 2969 511 3033 Saeculum,
537 2978 597 3024 ut
620 2970 1035 3038 perfectioribus
1090 2980 1218 3026 tunc
1273 2971 1592 3036 eﬁiciendis,
1635 2989 1809 3027 reser-

1895 503 2035 574 giam
2063 519 2316 559 exercere
2358 520 2371 556 :
2422 503 2488 557 In
2547 502 2795 558 Ecclesiis
2841 503 3010 568 enim,
3053 503 3150 568 ait,
3192 503 3477 558 benedicite

1897 595 2181 649 Dominum
2200 596 2264 650 θ’.
2300 595 2357 650 Si
2380 596 2501 665 quis
2531 605 2713 651 autem
2750 597 2805 650 in
2824 597 2988 655 domo
3022 596 3322 651 Ecclesiam
3380 597 3478 651 ha~

1896 690 1988 744 bet
2023 690 2117 757 (ait
2142 692 2343 760 quippe
2370 690 2568 745 Paulus
2603 708 2616 743 :
2651 687 2896 744 Salutate
2926 688 3249 759 Nympham,
3292 698 3339 743 et
3392 690 3479 743 do-

1898 783 2172 836 mesticum
2194 781 2306 850 ejus
2334 781 2625 835 Ecclesium
2659 781 2703 813 ³³
2741 798 2752 832 :
2786 780 2952 834 habet
2998 791 3181 835 autem
3222 780 3344 849 quis
3378 780 3477 851 do:

1900 875 2178 930 mesticam
2203 874 2523 940 Ecclesiam,
2558 874 2775 943 quando
2796 873 3148 941 semetipsum
3175 872 3482 927 sanctiﬁca«

1899 968 2038 1020 verit
2074 966 2182 1021 Deo
2200 976 2251 1019 et
2293 982 2324 1021 a
2362 966 2715 1019 saecularibus
2752 964 3048 1019 cessaverit
3076 963 3350 1034 negotiis),
3392 964 3480 1017 hic

1901 1060 2063 1114 etiam
2106 1059 2253 1114 domi
2281 1060 2346 1113 de
2387 1060 2499 1112 Deo
2524 1058 2693 1127 loqui,
2723 1058 2836 1111 sive
2861 1057 3183 1129 theologiam
3224 1070 3478 1110 exercere

1901 1161 2100 1222 potest.
2139 1150 2297 1204 Tales
2332 1158 2482 1213 sunt,
2514 1149 2711 1218 quibus
2772 1165 2898 1218 pars
2933 1150 2999 1204 de
3050 1147 3333 1202 sacriﬁciis
3370 1145 3478 1199 Do.-

1903 1243 2059 1308 mini,
2092 1243 2142 1296 id
2174 1251 2258 1296 est
2294 1241 2439 1310 loqui
2467 1240 2535 1294 de
2576 1241 2706 1306 Deo,
2740 1240 2826 1294 vel
2890 1239 3179 1309 theologia,
3218 1239 3283 1292 de
3322 1236 3481 1294 donis

1904 1342 1959 1388 et
1986 1333 2355 1387 oblationibus
2389 1332 2572 1387 datur.
2608 1332 2683 1386 De
2728 1347 2836 1401 quo
2882 1332 3119 1386 subdidit
3154 1346 3169 1387 ε
3228 1330 3480 1384 Sanctum

1903 1435 2203 1479 sanctorum
2225 1426 2346 1490 erit,
2381 1426 2504 1495 quia
2526 1422 2709 1477 Sancti
2741 1434 3041 1477 sanctorum
3081 1422 3482 1492 contemplatio-

1905 1532 2022 1569 nem
2052 1516 2333 1585 possident.
2362 1514 2612 1569 Subdidit
2638 1525 2819 1569 autem
2856 1533 2868 1568 :

1978 1607 2123 1663 Sicut
2145 1623 2238 1677 pro
2266 1616 2475 1677 peccato
2504 1615 2662 1676 atque
2679 1606 2889 1660 delicto.
2926 1605 3113 1658 Simile
3149 1604 3277 1657 illud
3294 1604 3483 1658 volens

1906 1699 2198 1753 ostendere
2232 1714 2329 1768 pro
2348 1706 2594 1767 peccato,
2617 1706 2672 1751 et
2704 1697 2904 1752 delicto
2922 1696 3267 1751 sacriﬁcium.
3290 1694 3484 1749 Sermo

1906 1790 2051 1845 enim
2092 1790 2157 1844 de
2184 1790 2296 1843 Deo
2317 1788 2551 1842 maxime
2588 1788 2655 1841 ad
2686 1788 3022 1856 ercptionem
3054 1795 3108 1841 et
3134 1785 3482 1841 emundatio-

1903 1897 2030 1936 nem
2066 1881 2264 1935 anima:
2297 1881 2550 1945 habetur,
2606 1880 2824 1949 quando
2855 1880 2984 1934 oleo
3026 1889 3081 1933 et
3134 1878 3301 1943 thuri,
3335 1878 3482 1932 elec-

1903 1989 2142 2045 mosynae
2176 1973 2425 2028 videlicet
2454 1982 2508 2027 et
2529 1972 2783 2038 orationi,
2810 1970 3138 2025 sacriﬁcium
3177 1970 3323 2025 verbi
3362 1968 3480 2034 Dei,

1903 2064 1958 2121 id
1988 2072 2070 2120 est
2096 2063 2405 2136 theologize,
2444 2061 2810 2134 coniungitur,
2850 2062 3151 2117 secundum
3191 2061 3336 2130 quod
3379 2060 3485 2116 hoc

1903 2156 2183 2225 legislator
2218 2155 2402 2209 oﬁ‘erri
2436 2153 2714 2225 praecepit,
2758 2168 2867 2207 non
2898 2153 3095 2207 frustra
3124 2151 3228 2205 hoc
3260 2151 3480 2220 jubens,

1906 2249 1999 2303 sed
2045 2248 2171 2318 quia
2202 2246 2563 2318 eleemosynis
2596 2255 2652 2300 et
2696 2245 2798 2300 ﬁde
2835 2245 3166 2298 mundantur
3205 2252 3423 2313 peccata
3465 2262 3478 2297 :

1903 2339 2360 2411 quemadmodum
2418 2337 2669 2393 Salomon
2739 2337 2793 2391 in
2858 2337 3165 2391 Proverbiis
3233 2335 3368 2389 dixit
3413 2336 3477 2388 υ.

1977 2430 2170 2491 Mares,
2198 2427 2391 2496 inquit,
2420 2435 2625 2480 tantum
2648 2427 2825 2495 stirpis
2845 2428 3022 2479 Aaron
3045 2424 3504 2489 romedentillud,.

1907 2514 2217 2583 Legitintum
2236 2532 2298 2568 ac
2318 2516 2691 2584 sempiternum
2707 2524 2779 2568 cst
2802 2515 2857 2568 in
2876 2513 3294 2584 generationibus
3305 2515 3485 2571 vestris

1907 2607 1970 2658 tle
1996 2605 2270 2674 sacriﬁciis
2290 2605 2519 2661 Domini.
2549 2607 2666 2661 Non
2695 2623 2824 2679 ergo
2858 2607 3101 2662 omnium
3137 2606 3327 2661 estde
3377 2606 3485 2660 Deo

1908 2694 2207 2763 disputare,
2266 2696 2360 2751 sed
2415 2696 2606 2750 talium
2654 2696 2747 2765 qui
2776 2696 2911 2749 nihil
2966 2695 3290 2759 femineum,
3345 2694 3489 2749 nihil

1908 2784 2113 2840 ﬂuxum
2139 2786 2195 2839 in
2223 2786 2639 2856 cogitationibus
2668 2786 2897 2851 habent;
2929 2785 3071 2855 quod
3104 2784 3405 2855 legitimum
3441 2791 3493 2838 et

1910 2889 2173 2931 aeternum
2205 2876 2261 2930 in
2291 2878 2735 2948 generationibus
2778 2877 3060 2940 eorum,id
3093 2886 3177 2931 est
3207 2876 3259 2931 in
3289 2891 3491 2946 perpe-

1913 2976 2066 3023 tuum
2097 2968 2359 3023 custodiri
2401 2969 2676 3038 prmcepit,
2704 2978 2762 3023 ut
2811 2969 2867 3021 in
2895 2967 3045 3023 omni
3100 2976 3345 3037 tempore
3404 2964 3488 3018 in-

227 3058 401 3112 vavit.
424 3058 511 3112 illa
533 3062 702 3127 enim,
731 3069 919 3130 utpote
944 3070 1353 3129 consummata,
1394 3063 1511 3117 sine
1533 3064 1809 3121 oblivione
1836 3078 1879 3135 ο
1914 3060 2219 3123 tendamus,
2250 3061 2560 3115 nullatenus
2588 3062 2654 3116 de
2695 3061 2804 3116 Deo
2830 3061 3110 3131 disputare
3140 3073 3489 3130 prmsumcre.

228 3164 450 3219 semper
480 3153 534 3205 in
575 3155 890 3207 memoriam
932 3163 1133 3208 manet.
1192 3155 1343 3208 Sicut
1373 3164 1553 3209 autem
1577 3172 1698 3225 quae
1724 3165 1808 3211 to-

232 3241 346 3296 tius
369 3257 579 3296 summa
607 3253 690 3298 est
710 3244 1007 3313 sapientiae,
1044 3244 1247 3315 pugillo
1272 3247 1526 3307 sumitur,
1555 3248 1683 3316 quia
1715 3264 1812 3318 per

238 3335 450 3405 singula
478 3336 649 3405 capita
677 3338 939 3408 pugillum
978 3354 1073 3406 per
1105 3340 1320 3407 Moysen
1375 3340 1428 3393 in
1471 3340 1608 3395 libro
1636 3341 1810 3395 Exodi

239 3442 343 3495 pro
394 3427 517 3481 ﬁliis
568 3427 732 3482 Israel
769 3429 933 3498 jussit
976 3428 1119 3484 Deus
1173 3430 1354 3485 oll'crri
1388 3450 1402 3485 :
1440 3430 1621 3501 itaque
1663 3447 1813 3486 sum-

230 3532 380 3572 mam
398 3518 739 3587 cognitionis,
758 3529 811 3574 et
829 3521 1079 3590 perfectae
1101 3521 1340 3576 scientia:
1357 3537 1476 3576 esse
1496 3525 1637 3593 apud
1654 3524 1813 3579 Chri-

231 3617 379 3663 stum
399 3609 1029 3678 legislatorinnuit.Quid
1046 3620 1225 3666 autem
1248 3613 1329 3668 his
1352 3614 1547 3668 subdat
1566 3614 1809 3671 intende.

311 3698 586 3767 Reliquam
641 3712 817 3755 autem
875 3712 1079 3771 partem
1108 3704 1298 3758 simin
1349 3707 1579 3759 comedet
1633 3706 1813 3760 Aaron

233 3807 355 3844 cum
384 3791 650 3860 ﬁliissuis.
696 3792 764 3846 Ut
791 3809 901 3846 non
958 3809 1024 3848 ex
1084 3802 1197 3848 toto
1236 3811 1265 3847 a
1309 3796 1577 3865 theologia
1627 3812 1812 3851 cesse-

235 3898 381 3942 mus.
412 3899 512 3952 pro
542 3899 608 3938 eo
635 3884 777 3953 quod
813 3901 1023 3940 summa
1056 3887 1372 3965 scicntiac‘in
1407 3888 1651 3942 futurum
1677 3905 1811 3943 con-

234 3982 507 4040 servatur;
538 3992 658 4044 qua:
683 3986 864 4030 autem
886 3977 1043 4032 nobis
1067 3978 1135 4031 ab
1174 3993 1240 4032 eo
1270 3979 1457 4032 relicta
1487 3989 1587 4045 est,
1627 3980 1680 4035 id
1732 3990 1814 4035 est

235 4065 460 4130 tradita,
481 4066 628 4119 hanc
646 4068 934 4122 comedere
959 4083 1058 4122 nos
1084 4069 1241 4137 jubet
1264 4069 1568 4134 scientiam,
1595 4080 1649 4125 et
1682 4088 1814 4142 ope~

234 4157 365 4219 rari,
397 4156 466 4210 de
494 4172 599 4225 qua
630 4158 789 4211 nobis
819 4167 873 4212 et
905 4169 1237 4229 prmeeptum
1270 4170 1374 4222 est,
1402 4177 1631 4231 qureque
1656 4164 1813 4218 nobis

233 4248 514 4303 sufﬁciens
540 4259 642 4315 est,
674 4260 727 4304 et
746 4251 898 4318 juxta
923 4261 1138 4306 nostras
1164 4254 1326 4308 vires.
1356 4254 1462 4309 Sed
1491 4257 1811 4311 intuendum

236 4340 327 4392 ubi
367 4342 508 4395 hanc
542 4350 597 4395 et
628 4343 902 4409 quomodo
938 4351 1187 4411 Oporteat
1224 4346 1461 4413 operari.
1502 4346 1762 4416 Sequitur
1795 4366 1808 4402 :

1912 3153 2153 3222 quandiu
2177 3169 2273 3223 per
2300 3152 2979 3222 quasdamdecliuationes
3023 3150 3352 3211 diﬁluentes,
3406 3146 3491 3225 vel

1913 3246 2201 3301 saeculares
2230 3246 2361 3300 alias
2384 3246 2719 3315 phantasias,
2752 3261 2780 3299 a
2800 3246 3164 3299 masculorum
3186 3243 3491 3299 excidimus

1913 3337 2195 3406 dignitate,
2228 3353 2297 3391 ne
2316 3346 2370 3391 et
2390 3338 2544 3391 nobis
2570 3338 2815 3391 dicatur:
2844 3336 3118 3390 Peccatori
3152 3346 3329 3389 autent
3358 3336 3492 3391 dixit

1917 3427 2266 3494 Deus,Quare
2289 3438 2343 3482 tu
2374 3444 2598 3482 enarras
2623 3429 2870 3498 jnstitias
2900 3444 3043 3481 meas
3082 3436 3129 3481 et
3157 3428 3381 3480 assumis
3416 3437 3497 3499 ιιι-¹

1913 3530 2229 3574 stamentum
2252 3538 2422 3575 meum
2451 3539 2543 3592 per
2560 3539 2614 3575 os
2653 3531 2795 3575 tuum
2819 3522 2901 3575 3’?
2929 3520 3277 3576 Concludunt
3307 3527 3488 3574 autem

1915 3614 2055 3667 hanc
2080 3614 2249 3682 legem
2273 3613 2434 3667 verba
2462 3613 2778 3683 sequentia:

1984 3701 2164 3756 Omnis
2192 3701 2281 3772 qui
2299 3701 2525 3771 tetigerit
2544 3718 2606 3754 ea
2636 3700 3082 3770 sancti/imbitur.
3142 3698 3339 3771 Tangit
3393 3715 3492 3754 au-

1918 3803 2045 3856 tem,
2072 3793 2162 3862 qui
2189 3802 2310 3863 apte
2340 3793 2444 3847 hoc
2470 3793 2744 3862 praesumit
2805 3809 2986 3863 agere,
3049 3793 3136 3847 hic
3161 3793 3308 3863 juste
3361 3808 3489 3847 san-

1914 3884 2242 3940 ctiﬁcahitur
2273 3881 2500 3938 :Omnis
2524 3883 2725 3953 quippe
2758 3883 2850 3937 Dei
2883 3885 3329 3938 commemoratio
3367 3898 3491 3936 san-

1915 3976 2301 4032 ctiﬁcatiouem
2333 3984 2573 4045 praestat,
2600 3975 2742 4045 quod
2770 3985 2995 4030 testatur
3025 3974 3447 4036 Paulus,diceus
3473 3991 3486 4026 :

1916 4068 2050 4132 Quia
2082 4068 2249 4121 omnis
2276 4074 2518 4120 creatura
2553 4067 2645 4120 Dei
2684 4066 2837 4131 bona,
2874 4078 2921 4121 ct
2979 4068 3110 4121 nihil
3149 4068 3491 4137 rejiciendum

1915 4160 2051 4229 quod
2069 4173 2185 4211 cum
2220 4157 2521 4228 gratiarum
2554 4157 2761 4210 actione
2811 4158 3098 4227 percipitur
3141 4158 3205 4211 ³⁸.
3238 4157 3491 4215 ἓαηρῐίίίτ

1916 4260 2071 4307 catur
2117 4258 2296 4303 autem
2352 4263 2451 4318 per
2492 4249 2719 4302 verbum
2754 4248 2847 4303 Dei
2901 4257 2956 4303 et
3009 4249 3335 4303 orationem.
3384 4248 3492 4303 Sed

1918 4357 2040 4397 cum
2075 4340 2207 4395 dicit
2255 4347 2563 4408 tangentem
2607 4338 2956 4403 sanctiﬁrari,
3017 4340 3175 4407 plane
3230 4339 3489 4400 Ostendit,

308 4431 510 4501 Absque
578 4434 866 4502 fermento,
931 4446 979 4489 et
1053 4440 1314 4501 comedet,
1373 4442 1429 4494 in
1493 4442 1604 4496 loco
1654 4461 1813 4497 sanc-
1847 4408 1888 4462 θ
1917 4434 2043 4502 quia
2072 4432 2125 4485 in
2158 4431 2487 4501 disputando
2518 4430 2583 4484 de
2621 4429 2748 4495 Deo,
2784 4429 2835 4485 id
2859 4439 2942 4485 est
2972 4429 3025 4483 iu
3063 4430 3354 4500 theologia,
3380 4430 3495 4483 suf—

234 4525 401 4577 (uarii
450 4524 800 4579 tabernaculi.
853 4527 971 4582 Non
1032 4531 1286 4599 coquitur
1343 4547 1468 4586 cum
1544 4534 1812 4591 fermento

234 4612 355 4677 Dei,
406 4630 584 4684 neque
630 4619 928 4673 secundum
982 4620 1264 4676 Judaicam
1323 4624 1648 4692 doctrinam,
1717 4643 1813 4681 ne-

232 4718 343 4771 que
413 4706 713 4759 secundum
778 4708 979 4777 gentile
1042 4709 1367 4765 fermentum
1424 4730 1437 4767 :
1491 4712 1618 4781 quia
1698 4728 1808 4775 non

233 4795 475 4849 vultnos
501 4798 721 4852 verbum
741 4799 908 4868 loqui,
944 4800 1037 4854 sed
1073 4809 1133 4855 ut
1187 4801 1389 4855 munda
1438 4802 1508 4855 sit
1537 4803 1605 4856 ab
1659 4804 1806 4857 omni

232 4884 607 4953 permistione,
641 4897 690 4941 et
717 4888 921 4957 absque
948 4890 1098 4943 omni
1152 4889 1439 4944 fermento.
1464 4890 1685 4946 Comedi
1711 4908 1812 4947 au-

235 4982 342 5026 tem
379 4974 521 5029 illam
553 4976 605 5029 in
634 4977 772 5031 atrio
796 4977 1127 5032 tabernaculi
1192 4978 1487 5032 testimonii
1529 4982 1808 5051 praecepit.

236 5064 289 5115 id
328 5073 433 5129 est,
478 5058 715 5135 operari
772 5069 828 5123 in
876 5058 1622 5124 Ecclesiar'l‘abernaculum
1666 5072 1811 5126 enim

238 5156 556 5221 testimonii,
588 5162 787 5215 coelum
822 5172 925 5226 est,
964 5163 1017 5216 iu
1060 5177 1168 5231 quo
1204 5163 1348 5231 quod
1409 5162 1617 5217 habitet
1646 5162 1811 5227 Deus,

238 5246 520 5314 Scriptura
546 5257 794 5304 testatur.
841 5254 1052 5307 Atrium
1093 5262 1273 5307 autem
1301 5253 1633 5307 tabernaculi
1659 5254 1814 5307 testi-

237 5336 427 5399 monii,
456 5336 507 5391 id
541 5347 624 5393 est
656 5342 801 5404 coeli,
831 5343 1075 5398 Ecclesia
1107 5353 1211 5407 est,
1275 5360 1384 5398 non
1433 5345 1608 5398 solum
1668 5344 1814 5398 sicut

235 5425 513 5490 introitus,
545 5435 602 5481 et
630 5430 952 5486 vestibulum
988 5434 1271 5496 cmlorum,
1305 5434 1401 5487 sed
1426 5434 1587 5487 etiam
1618 5449 1811 5501 quem-

234 5518 528 5572 admodum
574 5519 771 5573 domus
834 5522 949 5576 Dei.
1006 5523 1081 5579 lbi
1120 5540 1268 5595 ergo,
1327 5522 1377 5577 id
1434 5532 1536 5584 est,
1590 5524 1642 5576 in
1720 5540 1805 5588 ea,

329 5655 366 5684 3'
403 5652 421 5706 l
460 5654 584 5708 Cor.
642 5670 764 5718 xm,
818 5658 900 5713 10.

1027 5663 1067 5692 ³³
1093 5660 1234 5714 l‘sal.
1265 5677 1427 5724 txvu,
1461 5661 1551 5713 ‘27.

238 5724 280 5757 ³⁸
312 5722 329 5775 1
365 5725 503 5778 'l'lnt.
569 5743 640 5790 tv,
664 5727 713 5779 4.

1632 5663 1673 5693 ³³
1707 5660 1913 5717 Coloss.
1954 5677 2060 5723 MV,
2100 5660 2178 5713 lii.

1921 4525 2033 4578 ﬁcit
2066 4523 2223 4577 uobis
2254 4523 2416 4576 etiam
2471 4530 2678 4575 tantum
2710 4530 2980 4593 ,taugere,
3033 4522 3489 4592 quemadmodum

1921 4616 2043 4684 igne
2061 4615 2155 4683 qui
2179 4610 2560 4675 vultcalcﬁeri,
2580 4627 2703 4665 nam
2731 4611 2774 4665 si
2797 4612 3024 4666 interius
3044 4612 3221 4665 mittat
3249 4627 3487 4672 manum,

1919 4722 2023 4776 pro
2053 4722 2118 4759 eo
2146 4705 2289 4772 quod
2316 4703 2492 4771 potuit
2526 4702 2759 4755 calcﬁcri
2806 4703 3164 4755 comburitur.
3194 4704 3284 4756 Sic
3309 4711 3361 4755 et
3400 4706 3505 4773 qui,

1920 4796 2265 4866 profundius,
2298 4793 2382 4847 vel
2407 4792 2568 4845 altius
2598 4793 2665 4845 de
2698 4793 2809 4844 Deo
2865 4793 3142 4859 diSputare
3190 4795 3489 4861 ριἀξειιιιιὶι,

1922 4901 2019 4955 pro
2041 4900 2108 4938 eo
2127 4882 2271 4953 quod
2296 4881 2587 4951 gloriosius
2612 4880 2742 4949 quid
2783 4881 2893 4934 vult
2925 4882 3257 4942 ostenderes
3283 4883 3334 4935 in
3384 4884 3493 4936 hla-

1920 4974 2220 5043 Sphemiam
2243 4972 2408 5036 cadit,
2459 4970 2586 5024 dum
2630 4971 3094 5040 comprehendere
3148 4973 3491 5031 altitudinem

1919 5068 2228 5123 divinorum
2257 5066 2569 5136 dogmatum
2607 5081 2713 5119 non
2757 5067 2946 5135 possit.

1996 5161 2153 5215 Vens.
2182 5161 2366 5215 19-25.
2399 5178 2416 5210 ‹
2442 5158 2503 5211 Et
2527 5159 2738 5214 locutus
2772 5169 2853 5213 est
2886 5160 3144 5215 Dominus
3175 5161 3238 5215 ad
3274 5161 3487 5233 Moysen

1918 5254 2104 5307 dicens
2140 5272 2151 5306 :
2194 5248 2320 5303 [huc
2349 5258 2429 5302 est
2485 5248 2685 5302 oblatio
2710 5247 2890 5302 Aaron
2947 5260 3000 5304 et
3061 5249 3291 5305 ﬁliorum
3346 5253 3486 5321 ejus,

1916 5360 2077 5414 quam
2102 5342 2301 5397 ollcrre
2331 5341 2529 5394 debent
2561 5339 2787 5394 [)otnino
2848 5341 2903 5395 in
2942 5342 3029 5396 die
3055 5343 3333 5399 unctionis
3352 5360 3484 5402 sure.

1916 5435 2194 5489 Decimam
2217 5443 2424 5504 partem
2457 5434 2581 5503 ephi
2608 5434 2839 5487 oﬁ'erent
2890 5435 3081 5491 simila:
3130 5436 3181 5490 iu
3221 5439 3488 5494 sacriﬁcio
3542 5504 3549 5510 θ

1914 5526 2266 5593 sempiterno,
2288 5524 2527 5578 medium
2557 5525 2674 5593 ejus
2693 5540 2870 5588 mane,
2897 5535 2952 5580 et
2992 5528 3226 5583 medium
3255 5531 3372 5599 ejus
3400 5549 3488 5585 ve-

2256 5660 2299 5691 ”
2342 5660 2471 5724 imo,
2515 5657 2890 5725 Eccli.ttt,55.
2965 5662 3007 5693 ³⁵
3045 5662 3183 5717 l‘sal.
3225 5682 3368 5729 xux,
3399 5666 3482 5718 16.
