3886 6306
397 228 499 306 εει

1604 234 1966 305 HESYCHII
2003 233 2476 311 PRESBYTERI

3603 225 3732 296 853

391 359 580 421 ιρθνε.
624 364 746 420 qua
772 350 852 406 iu-
890 353 1166 426 sartagine
1199 352 1323 410 oleo
1387 367 1680 422 conspersa
1734 351 1975 422 irigetur.
2010 361 2058 414 Α
2155 355 2284 408 [Iac
2301 361 2484 408 autem
2519 353 2576 407 in
2621 353 2898 424 sartagine
2947 349 3062 406 oleo
3099 359 3386 417 conspersa
3437 345 3726 415 (rigetur.

395 443 600 502 Oderet
618 452 802 500 autem
833 459 954 500 eam
981 443 1211 500 calidam
1259 443 1313 498 in
1343 443 1564 498 odorem
1597 442 1981 498 suavissimum

398 537 631 594 Domino
651 537 927 602 sacerdos,
958 537 1051 607 qui
1080 536 1220 608 patri
1253 537 1377 606 jure
1415 523 1762 602 successerit,
1795 542 1849 590 et
1872 543 1984 590 tota

399 630 738 684 cremabitur
767 629 821 684 in
855 628 1031 683 altari.
1063 627 1237 689 Omne
1277 629 1424 682 enim
1449 627 1774 683 sacriﬁcium
1801 643 1984 681 sacer-

400 721 592 776 dotum
622 721 745 792 igne
767 728 1142 786 consumetur,
1190 734 1294 775 nec
1313 720 1602 790 quisquam
1637 719 1887 796 comedet
1921 733 1986 773 ex

403 825 490 866 eo.
529 830 546 862 I

473 899 648 956 Omne
675 898 998 954 sacriﬁcium
1017 900 1162 971 quod
1191 901 1258 956 ad
1287 900 1584 955 sacerdotis
1611 899 1844 955 refertur
1867 913 1990 968 per-

404 1006 618 1053 sonam.
654 991 932 1062 Unigeniti
969 992 1220 1047 sacriﬁcii
1241 991 1468 1063 ﬁguram
1509 993 1667 1063 gerit,
1708 993 1850 1046 sicut
1891 1005 1990 1060 per

406 1093 729 1154 prmsentem
761 1084 1169 1140 demonstratur
1201 1084 1370 1156 legem
1396 1099 1410 1150 ;
1443 1086 1518 1139 ait
1547 1085 1693 1139 enim
1726 1100 1739 1136 :

481 1175 544 1228 Et
579 1175 781 1232 locutus
814 1187 888 1232 est
932 1177 1184 1230 Dominus
1239 1177 1309 1231 ad
1347 1175 1558 1246 Moysen
1604 1175 1778 1228 dicens
1809 1189 1828 1228 :
1869 1166 1992 1228 Haec

407 1278 483 1322 est
526 1262 723 1322 oblatio
751 1268 936 1330 Aaron
989 1279 1036 1322 et
1059 1268 1292 1338 ﬁliorum
1323 1268 1458 1338 ejus,
1485 1284 1646 1338 quam
1672 1267 1857 1336 offerre
1900 1265 1991 1319 de-

409 1364 526 1419 bent
555 1361 779 1418 Domino
810 1345 863 1416 in
887 1363 970 1418 die
996 1364 1256 1416 unctionis
1277 1379 1407 1416 suat.
1439 1361 1729 1416 Multorum
1771 1361 1992 1431 quidem

409 1456 762 1510 sacerdotum
803 1455 910 1510 hoc
946 1453 1152 1510 donum
1175 1464 1278 1515 est.
1335 1454 1412 1508 ait
1455 1453 1657 1524 quippe
1711 1455 1890 1508 Aaron
1941 1461 1996 1508 et

451 1544 644 1606 liorum
667 1546 816 1615 ejus;
847 1545 942 1601 sed
973 1561 1083 1602 uno
1121 1559 1288 1600 uncto
1358 1543 1603 1609 oﬁ'ertur,
1661 1545 1788 1614 quia
1818 1544 1997 1600 omnis

415 1635 708 1691 sacerdotii
763 1636 945 1707 imago
1027 1645 1081 1690 et
1152 1636 1398 1701 ﬁrmitas,
1452 1633 1566 1690 sive
1619 1635 1992 1700 subsistentia,

413 1727 617 1783 Christi
652 1725 982 1781 sacriﬁcium
1012 1735 1128 1780 est:
1167 1727 1288 1796 ipso
1337 1726 1484 1780 enim
1525 1727 1640 1782 solo
1670 1727 1852 1782 oblato
1905 1743 2001 1796 per

419 1811 595 1873 totum
636 1828 738 1872 est.
769 1819 837 1873 Et
862 1819 1081 1888 quando
1115 1827 1294 1872 actum
1339 1819 1467 1873 est?
1520 1820 1577 1872 in
1623 1820 1707 1872 die
1742 1821 2002 1874 unctionis

417 1906 560 1979 ejus,
587 1909 638 1966 id
667 1917 751 1963 est
779 1917 1027 1978 tempore
1047 1924 1154 1978 quo
1173 1909 1488 1965 incarnatus
1507 1922 1618 1966 est:
1653 1913 1837 1967 unctio
1857 1913 2000 1966 enim

420 1991 476 2052 in
512 1997 785 2068 Unigcniti
810 2015 1044 2069 persona
1065 2000 1370 2055 incarnatio
1407 2001 1626 2056 dicitur.
1666 2001 1742 2058 De
1769 2019 1875 2073 qua
1928 2004 2004 2059 ait

417 2088 616 2144 Petrus
657 2101 673 2143 :
711 2088 892 2143 Iesum
943 2090 1309 2157 Nazarenum,
1387 2094 1645 2162 quomodo
1694 2109 1811 2146 eum
1852 2095 2000 2148 nutrit

420 2178 559 2234 Deus
591 2179 794 2251 Spiritu
828 2192 1010 2236 sancto
1031 2192 1080 2236 et
1111 2183 1304 2236 virtute
1337 2182 1402 2234 ³⁷.
1427 2181 1550 2237 Πιυο
1579 2201 1708 2240 vero
1731 2186 2004 2253 quomodo

420 2279 517 2325 aut
539 2271 758 2340 quando
781 2270 922 2326 facta
969 2273 1078 2328 sint
1122 2271 1340 2328 Gabriel
1368 2271 1550 2329 Maria:
1573 2275 1709 2329 dixit
1735 2293 1746 2327 :
1777 2275 2004 2346 Spiritus

420 2361 657 2426 sanctus,
689 2362 961 2431 inquiens,
979 2364 1304 2431 superveniet
1341 2365 1462 2419 inte
1481 2375 1529 2418 et
1564 2366 1728 2421 virtus
1752 2367 2005 2421 Altissimi

422 2452 756 2508 obumbrabit
785 2455 878 2508 tibi
923 2455 988 2508 ³⁸.
1046 2454 1202 2512 Unde
1252 2455 1422 2512 David
1473 2459 1662 2514 dixit:
1721 2457 2006 2530 Propterea

423 2545 574 2598 unxit
593 2553 641 2598 te
663 2545 798 2598 Dens
831 2545 968 2600 Deus
995 2555 1112 2600 tuus
1149 2546 1262 2601 oleo
1287 2546 1512 2614 laztitiw,
1542 2567 1652 2620 pra:
1681 2553 2006 2607 consortibus

425 2637 528 2690 tuis
553 2638 618 2692 ³³.
647 2639 1000 2724 Apertissimc
1031 2641 1421 2712 interpretans,
1457 2645 1602 2715 quod
1635 2655 1782 2702 esset
1807 2647 2008 2704 sancti-

423 2730 696 2788 ﬁcationis
725 2733 929 2799 oleum,
963 2735 1090 2805 quia
1119 2752 1232 2792 non
1285 2749 1434 2795 esset
1467 2740 1643 2796 simile
1678 2743 1803 2797 huic
1861 2743 2004 2807 oleo,

425 2839 534 2894 quo
556 2838 748 2880 omnes
765 2825 1100 2890 sacerdotes,
1130 2837 1186 2883 et
1216 2845 1394 2900 reges,
1431 2839 1487 2886 et
1515 2833 1800 2902 propheta;
1835 2850 2006 2903 unge-

423 2910 643 2972 bantur.
680 2915 907 2988 Propter
931 2919 1078 2986 quod
1112 2921 1226 2976 ait:
1256 2921 1378 2978 Prw
1407 2925 1756 2994 participibus
1781 2925 1908 2985 tuis.
1953 2927 2004 2982 i..l

2085 443 2674 516 Sartagincm'Domini
2701 461 2944 510 crucem,
2975 451 3171 512 utpote
3218 441 3450 504 fortem,
3481 447 3552 492 et
3571 437 3725 490 nihil

2086 536 2154 590 ab
2173 536 2296 607 igne
2317 538 2684 595 humanorum
2713 545 3062 608 peccatorum
3088 533 3296 596 itcsam,
3313 529 3505 599 accipi
3539 542 3718 598 opor-

2090 637 2202 686 tet:
2234 646 2358 699 quas
2407 630 2572 685 etiam
2644 627 3127 700 superimpositam
3179 622 3544 679 Dominiram
3595 635 3727 674 car—

2088 738 2235 788 nem,
2265 723 2516 778 esibilem
2547 723 2860 777 hominibus
2886 719 3146 775 reddidit.
3165 715 3284 771 Nisi
3307 715 3464 770 enim
3499 728 3722 783 super-

2089 812 2342 883 imposita
2371 812 2566 868 fuisset
2617 813 2788 876 cruci,
2826 826 2930 866 nos
2967 824 3170 878 corpus
3211 806 3426 862 Christi
3488 819 3721 872 nequa-

2090 919 2253 976 quam
2284 905 2519 976 mystice
2546 903 3002 974 percepissemus.
3067 899 3196 955 Haec
3247 898 3375 953 oleo
3425 909 3721 964 consper—

2091 999 2256 1071 gitur,
2284 997 2411 1068 quia
2438 997 2584 1052 enim
2615 997 2777 1052 nobis
2816 1009 3141 1065 compassns
3195 1001 3286 1045 est
3307 987 3722 1060 impassibilis,

2092 1088 2403 1160 passionem
2432 1087 2916 1144 sustinuitcarnis.
2952 1083 3179 1139 Addidit
3214 1093 3404 1136 autem
3462 1087 3522 1133 et
3589 1095 3723 1130 eou-

2092 1197 2352 1251 spersam,
2376 1181 2524 1250 quod
2559 1177 2702 1232 LXX
2732 1178 2814 1234 sic
2859 1177 3187 1248 ediderunt:
3223 1172 3606 1242 Conspersam
3638 1172 3718 1240 of-

2096 1275 2227 1343 feret
2257 1289 2378 1327 eam
2406 1271 2666 1326 buccellas
2696 1270 3020 1340 sacriﬁcium
3059 1269 3183 1323 boni
3221 1265 3403 1320 odoris
3445 1263 3716 1323 Domino,

2097 1365 2318 1419 odorem
2335 1378 2686 1434 conspersam
2726 1363 2976 1417 eamdem
3011 1360 3260 1416 dicentes
3292 1357 3616 1412 buccellas.
3649 1355 3720 1408 Et

2098 1457 2374 1516 buccellae
2393 1455 2618 1526 quidem
2647 1455 2852 1510 dixisse
2889 1451 3294 1521 intelliguntur,
3322 1455 3526 1516 utpote
3565 1445 3721 1499 mu!-

2100 1549 2362 1620 tipliciter
2395 1546 2784 1616 procedentem
2821 1549 3048 1612 propter
3069 1538 3356 1609 passiones
3385 1551 3490 1606 per
3519 1543 3723 1604 partes

2103 1641 2519 1714 prorenientes;
2553 1650 2907 1706 conspersam
2941 1643 3150 1695 autem,
3189 1637 3386 1700 utpote
3427 1627 3487 1680 in
3527 1641 3718 1679 unum

2105 1734 2406 1796 collectam,
2439 1731 2586 1785 unde
2617 1745 2717 1800 pro
2749 1725 2994 1782 buccellis
3019 1721 3380 1794 Symmachus
3407 1718 3720 1773 dilatatam

2104 1825 2302 1891 edidit;
2339 1821 2588 1892 quaedam
2620 1826 2804 1874 autem
2833 1815 3146 1884 ἀντίγραφα
3168 1811 3332 1866 electa
3357 1809 3603 1863 habent,
3662 1806 3718 1858 id

2104 1927 2189 1973 cst
2221 1917 2525 1986 complexa,
2558 1911 2687 1983 quia
2721 1910 2957 1964 invicem
3027 1906 3128 1960 sibi
3163 1905 3452 1958 coicerent
3485 1900 3718 1970 passio-

2107 2026 2204 2065 nes
2237 2007 2472 2063 Domini.
2507 2004 2662 2060 Unde
2691 2003 2885 2057 cadent
2913 2009 2970 2054 et
3006 2015 3076 2053 ex
3127 1996 3398 2066 partibus,
3429 2008 3536 2046 seu
3579 2007 3719 2045 con-

2105 2097 2489 2156 iraetionibus,
2523 2093 2830 2150 secundum
2857 2089 3247 2159 praedii-torum
3292 2083 3446 2138 LXX
3505 2080 3716 2136 editio-

2107 2207 2254 2255 nem,
2285 2205 2410 2244 esse
2440 2187 2518 2242 ait
2552 2185 2829 2254 legislator
2881 2182 2986 2235 has
3031 2177 3452 2234 eonfractiones
3505 2189 3714 2244 procc-

2106 2284 2320 2346 dentes,
2353 2294 2452 2350 per
2479 2285 2664 2348 partes
2694 2273 2977 2344 passiones
3016 2269 3367 2340 intelligens:
3407 2265 3587 2320 Omne
3611 2280 3716 2317 au-

2109 2385 2213 2431 tem
2242 2378 2338 2428 hoc
2367 2369 2690 2438 sacri/icium
2721 2375 2796 2420 est
2856 2363 3162 2418 suavissimi
3227 2360 3405 2414 odoris
3455 2357 3712 2412 Domine.

2109 2465 2344 2523 Humani
2379 2463 2582 2536 quippe
2609 2458 2825 2531 generis
2851 2457 3084 2510 salutem
3144 2451 3428 2522 praestitit,
3459 2451 3568 2504 hac
3607 2464 3709 2501 an-

2110 2571 2217 2620 tcm
2253 2557 2380 2620 Deo,
2403 2562 2592 2624 utpote
2621 2550 2864 2608 Creatori
2899 2557 3131 2609 naturae,
3169 2545 3304 2598 nihil
3340 2554 3426 2598 cst
3453 2541 3710 2597 suavius.

2107 2652 2189 2708 Ad
2217 2651 2478 2716 majorem
2513 2654 2698 2700 autem
2737 2638 3205 2710 explanationem,
3232 2633 3380 2704 quod
3415 2629 3710 2702 Unigcuili

2109 2739 2437 2798 sacriﬁcium
2466 2735 2754 2806 signiﬁcet,
2797 2730 3020 2784 intende
3045 2727 3176 2798 quid
3208 2723 3480 2784 subdidit,
3508 2720 3711 2776 Sacer-

2108 2835 2202 2888 dos
2229 2823 2485 2900 quipatri
2517 2827 2633 2890 iure
2655 2824 2926 2880 successit.
2976 2819 3130 2887 Quod
3187 2816 3558 2887 Septuaginta
3635 2815 3712 2867 ita

2111 2924 2444 2980 ediderunt»:
2476 2919 2722 2975 sacerdos
2767 2924 2953 2970 unctus
3007 2928 3103 2983 pro
3127 2927 3188 2965 eo
3210 2926 3276 2964 ex-
3298 2908 3428 2977 [iliis
3461 2907 3584 2974 ejus
3625 2907 3708 2974 [a-

424 3016 510 3062 est
542 3022 710 3077 super
743 3007 1036 3079 participes
1061 3017 1203 3066 tuos.
1231 3010 1534 3084 Participes
1555 3025 1740 3074 autem
1761 3009 2012 3086 cius,aut
2039 3021 2082 3079 ο
2114 3018 2212 3071 ciet
2228 3032 2316 3081 ea,
2338 3014 2464 3084 quia
2495 3011 2716 3082 quidem
2739 3008 2993 3064 Christus
3025 3015 3078 3060 et
3125 3001 3288 3057 Jcsus
3341 3010 3451 3064 est,
3501 2997 3709 3052 Paulus

423 3105 648 3168 propter
677 3112 918 3164 carnem,
941 3108 1036 3155 aut
1053 3111 1278 3172 propter
1305 3103 1544 3174 Spiritus
1569 3109 2009 3164 communionem

425 3189 602 3244 sancti
635 3197 785 3242 sunt.
813 3186 970 3265 Unde
1029 3188 1232 3248 Paulus
1270 3193 1404 3249 dicit
1442 3194 1777 3266 :Participes
1833 3209 2012 3255 autem

425 3276 624 3333 Christi
657 3276 822 3350 effecti
859 3295 1062 3346 sumus,
1124 3283 1171 3336 si
1219 3289 1397 3338 tamen
1435 3285 1648 3342 initium
1705 3287 2012 3346 substantia:

425 3369 540 3434 eius
571 3371 826 3442 usquead
867 3370 1026 3441 ﬁnem
1075 3372 1292 3442 ﬁrmum
1353 3377 1671 3432 retineamus
1699 3378 1765 3435 ιθ.
1835 3381 2008 3448 Quam

426 3475 556 3533 ergo
583 3461 940 3530 oblationem,
971 3479 1098 3519 cum
1131 3465 1388 3522 sacerdos
1408 3477 1609 3524 unctus
1661 3471 1844 3536 fuerit,
1891 3484 2009 3542 post

427 3553 862 3610 incarnationem
889 3555 1146 3611 videlicet
1163 3556 1347 3624 Verbi,
1372 3558 1646 3630 legislator
1673 3563 1854 3618 olIerri
1873 3581 2013 3635 prte-

428 3643 614 3714 cepit?
867 3701 884 3720 ε
1857 3712 1866 3719 _

507 3734 774 3790 Decimum
796 3745 1002 3804 partem
1035 3739 1150 3805 (ερέιὶ
1189 3741 1404 3810 oﬂ'erent
1457 3743 1648 3798 simila:
1666 3745 1722 3798 in
1750 3745 2012 3814 sacriﬁcio

427 3817 762 3896 setttpiterno,
791 3831 1018 3884 medium
1048 3828 1163 3901 ejus
1191 3849 1364 3898 mane,
1423 3842 1472 3889 et
1505 3837 1734 3892 medium
1755 3838 1870 3908 ejus
1925 3856 2012 3894 ve-

429 3934 597 3986 spere,
625 3935 742 3990 quae
777 3919 833 3973 in
864 3923 1132 3992 sartagine
1185 3923 1298 3978 oleo
1333 3942 1612 3996 conspersa
1639 3929 1883 3998 (rigetur.
1906 3931 2014 3986 Sed

431 4009 705 4065 decimum
733 4011 952 4082 quidem
976 4013 1103 4082 cpiti
1147 4015 1362 4081 similae,
1411 4033 1536 4074 esse
1581 4015 1855 4092 Unigcniti
1908 4023 2014 4079 bu-

433 4102 754 4156 manitalem
783 4101 836 4157 in
859 4103 1234 4172 superioribus
1281 4115 1561 4163 ostensum
1620 4120 1724 4176 est,
1782 4129 1904 4168 cum
1959 4125 2016 4172 et

435 4191 580 4259 ephi,
615 4199 806 4261 utpote
848 4204 1159 4248 mensuram
1219 4202 1330 4250 tres
1366 4213 1653 4254 mensuras
1681 4197 2009 4273 capientem,

433 4280 760 4336 Trinitatem
792 4297 912 4337 esse
945 4292 1091 4337 recte
1141 4283 1396 4340 diximus.
1433 4287 1490 4340 Si
1516 4299 1701 4344 autem
1725 4295 1854 4363 ephi
1904 4297 2015 4352 Du-

2113 3110 2306 3180 prohat
2331 3107 2522 3162 dicens
2549 3123 2560 3158 :
2600 3101 2763 3156 Nobis
2788 3117 2923 3154 unus
2975 3097 3230 3150 Dominus
3254 3093 3410 3148 Iesus
3433 3090 3704 3146 Christus.

2112 3218 2206 3270 per
2231 3213 2384 3270 quem
2413 3196 2592 3250 omnia
2625 3195 2693 3248 ".
2727 3192 2865 3258 Quia
2894 3190 3044 3246 cnim
3088 3203 3188 3258 per
3215 3187 3402 3240 Aaron
3431 3191 3546 3244 est,
3591 3198 3704 3236 no

2112 3293 2168 3348 in
2201 3291 2320 3345 loco
2345 3287 2538 3358 ipsius.
2558 3285 2654 3340 sed
2687 3299 2786 3353 pro
2816 3297 2904 3346 eo,
2959 3279 3224 3337 translato
3259 3276 3312 3329 in
3345 3290 3408 3328 se
3445 3274 3706 3328 videlicet

2114 3383 2442 3444 sacerdotio,
2479 3377 2830 3434 manifestum
2870 3384 2959 3430 est
2997 3388 3062 3428 ex
3091 3387 3160 3427 eo
3196 3373 3340 3440 quod
3367 3369 3490 3438 ipse
3515 3382 3705 3420 sacer—

2112 3473 2321 3532 dolium
2375 3469 2706 3539 suscipiens,
2763 3465 2908 3520 illius
2970 3460 3260 3519 sacerdotii
3327 3457 3702 3524 ministerium

2115 3581 2327 3623 cessare
2355 3563 2506 3620 fecit.
2539 3560 2647 3616 Sed
2671 3568 2729 3614 et
2762 3556 2906 3627 quod
2929 3553 3242 3614 ediderunt,
3278 3565 3342 3603 ea:
3377 3547 3512 3616 ﬁliis
3546 3547 3662 3613 ejus
3685 3583 3702 3608 ,

2117 3672 2240 3711 esse
2277 3671 2343 3710 ex
2375 3656 2495 3723 ejus
2524 3652 2814 3720 ﬁliisjustc
2855 3645 3122 3707 creditur,
3149 3651 3340 3711 utpote
3365 3637 3461 3708 qui
3497 3653 3566 3691 ex
3613 3635 3702 3690 Ia-

2117 3748 2218 3804 cob
2241 3743 2540 3801 femoribus
2584 3738 2976 3800 descendebat,
3020 3734 3350 3792 beatissiuue
3405 3729 3702 3785 Cenitrieis

2116 3837 2332 3894 Domini
2360 3851 2424 3890 ex
2457 3833 2650 3888 eadem
2687 3832 2830 3886 tribu
2894 3828 3038 3884 linea
3091 3824 3498 3880 descendente:
3561 3819 3698 3887 adji-

2115 3930 2379 3996 ciuntque
2405 3923 2650 3996 prmdicti
2685 3918 3042 3991 Septuaginta
3079 3935 3093 3970 :
3147 3914 3257 3969 Lea:
3316 3922 3572 3981 perpetua
3626 3917 3698 3962 est

2118 4023 2360 4078 Domino.
2389 4017 2546 4086 Quod
2594 4016 2792 4070 iterum
2851 4009 3061 4066 Christi
3115 4005 3488 4062 sacerdotium
3553 4011 3698 4056 recte

2116 4113 2460 4181 intelligitur,
2483 4110 2610 4181 quia
2651 4107 2752 4177 ipsi
2780 4107 2988 4160 dictum
3037 4109 3168 4156 est:
3217 4096 3296 4152 Tn
3343 4113 3397 4150 cs
3445 4095 3697 4149 sacerdos

2115 4209 2174 4262 in
2211 4216 2466 4262 wternum
2517 4205 2802 4257 secundum
2841 4197 3076 4251 ordinem
3105 4187 3476 4247 Melchisedech
3503 4185 3572 4239 ⁸³.
3610 4185 3693 4238 S-

2121 4301 2345 4369 mulque
2371 4306 2426 4353 et
2457 4294 2603 4366 quod
2631 4292 2700 4347 ad
2739 4289 3152 4346 conclusionem
3207 4281 3346 4352 legis
3401 4279 3574 4349 huius
3607 4293 3696 4369 se-

435 4374 572 4428 mini
594 4389 722 4428 caro
739 4389 882 4440 esse,
907 4384 969 4428 ut
995 4383 1045 4428 et
1073 4374 1378 4432 divinitatis
1420 4383 1886 4449 supereminentia
1916 4390 2016 4446 de-
2049 4363 2096 4419 θ
2122 4363 2326 4462 quitur,
2369 4363 2764 4442 intendendum
2797 4391 2902 4435 est.
2945 4379 3011 4433 Et
3031 4385 3143 4431 tota
3170 4371 3492 4428 cremabitur
3519 4371 3578 4423 in
3613 4368 3695 4422 al-

439 4472 798 4528 monstretur,
840 4464 1245 4536 Dominicazquc
1278 4471 1460 4524 carnis
1491 4485 1616 4526 cum
1655 4489 1718 4530 ea
1747 4477 2018 4547 insepara-

441 4556 643 4621 ltilitas,
679 4556 782 4609 hoc
832 4555 1192 4612 nihilominus
1223 4559 1276 4613 in
1321 4561 1646 4620 sacriﬁcium
1697 4581 2016 4640 perpetuum

439 4657 546 4714 est,
583 4645 710 4718 quia
744 4646 885 4703 sicut
912 4649 988 4703 ait
1021 4647 1256 4707 Paulus:
1299 4652 1411 4708 Una
1440 4657 1579 4710 enim
1606 4660 1867 4719 oblatione
1891 4683 2018 4721 cou-

437 4738 723 4794 summovit
749 4738 804 4792 in
827 4739 1200 4808 sempiternum
1255 4744 1609 4813 sanctiﬁcatos
1633 4747 1699 4804 “.
1757 4748 1911 4808 Unde
1964 4765 2020 4810 et

439 4829 652 4886 salvare
677 4829 730 4884 in
753 4838 1074 4899 perpetuum
1099 4839 1299 4902 potest,
1354 4837 1621 4893 accedens
1670 4857 1766 4911 per
1813 4857 2018 4901 semet-

441 4923 618 4992 ipsum
649 4921 716 4976 ad
737 4919 923 4976 Deum.

513 5013 746 5069 Medium
771 5024 949 5070 autem
983 5015 1096 5084 ejus
1137 5031 1310 5080 mane,
1343 5021 1639 5076 etmedlum
1661 5025 1773 5092 ejus
1789 5041 2014 5096 uespere.

435 5099 599 5161 Mane
627 5106 809 5176 passio
833 5105 1122 5176 incipiens,
1157 5122 1224 5162 ex
1245 5125 1354 5178 quo
1403 5127 1528 5166 eum
1563 5113 1615 5166 in
1640 5116 1784 5170 atrio
1799 5117 2018 5188 Caiplnc

445 5197 613 5268 alapis
635 5197 916 5252 cwdebant
957 5196 1262 5270 alligautes,
1293 5217 1466 5270 usque
1489 5204 1555 5259 ad
1579 5221 1864 5274 vesperum
1891 5226 2019 5280 pro-

447 5288 610 5342 telata
643 5299 765 5354 est;
794 5289 1034 5343 tenebris
1067 5291 1215 5344 enim
1248 5304 1366 5346 eam
1398 5293 1872 5366 interpolantibus,
1909 5314 1960 5358 et
1991 5321 2020 5359 a

447 5386 598 5431 sexta
627 5377 760 5432 hora
791 5393 962 5448 usque
1002 5378 1068 5434 ad
1093 5395 1292 5433 nonam
1335 5380 1526 5445 factis,
1571 5391 1881 5445 necessarie
1931 5408 2020 5448 sa-

447 5467 710 5522 oriﬁcium
736 5469 788 5523 in
825 5486 984 5524 tuane
1005 5479 1058 5524 et
1099 5487 1322 5540 vespere
1361 5473 1525 5530 dividi
1550 5475 1768 5532 dicitur.

548 5604 594 5635 "
624 5602 743 5657 Act.
774 5621 830 5668 κ,
865 5604 954 5660 '58.
1030 5607 1074 5638 ³⁸
1105 5604 1275 5672 Luca,
1307 5607 1396 5661 55.

548 5609 594 5635 "
624 5609 743 5657 Act.
774 5621 830 5668 κ,
865 5609 954 5660 58.
1030 5609 1074 5638 ³⁸
1105 5609 1275 5672 Luca,
1307 5609 1396 5661 55.
1474 5611 1516 5642 ³⁹
1544 5609 1684 5667 Psal.
1709 5629 1846 5681 κων,
1877 5617 1928 5670 3,

450 5666 500 5706 ιι
526 5671 647 5706 περι
705 5689 787 5706 rw
848 5673 869 5706 Δ
976 5673 1017 5705 ιι
1050 5675 1064 5706 t
1104 5678 1208 5706 rm-
1270 5693 1301 5706 ..
1368 5677 1396 5706 ς

479 5673 500 5705 ⁸
526 5671 670 5727 Psal.
705 5689 810 5738 cur,
845 5673 896 5727 4.
976 5673 1017 5705 "‘
1049 5675 1065 5730 l
1104 5678 1226 5731 Cor.
1264 5671 1326 5744 tt,
1368 5677 1421 5732 ὃ.

2008 5619 2050 5650 ³⁸
2077 5619 2240 5687 llcbr.
2278 5634 2356 5684 tu,
2384 5619 2466 5674 Η.

2121 4461 2250 4538 tari.
2281 4478 2446 4534 Omne
2483 4475 2623 4530 enim
2679 4470 2998 4540 sacri/icium
3030 4464 3364 4521 sacerdotum
3411 4461 3532 4531 igne
3575 4474 3694 4512 con-

2119 4583 2356 4630 sumatur
2385 4583 2406 4624 :
2440 4583 2533 4622 nec
2567 4567 2848 4637 quisquam
2885 4557 3118 4614 comedet
3149 4571 3213 4610 ex
3242 4570 3321 4608 eo.

2191 4663 2332 4732 Quid
2350 4676 2479 4733 ergo
2506 4674 2598 4730 per
2621 4658 2736 4712 haec
2752 4648 3164 4708 contestamur?
3185 4647 3290 4700 nisi
3321 4651 3382 4698 ut.
3417 4659 3524 4697 non
3552 4641 3695 4696 dics-

2121 4769 2210 4814 tur
2241 4757 2308 4812 de
2342 4753 2571 4811 Domino
2597 4765 2616 4800 4:
2644 4747 2769 4818 quia
2799 4745 2844 4799 is
2871 4744 2966 4814 qui
2999 4759 3066 4796 ex
3125 4740 3358 4795 muliere
3405 4747 3573 4791 natus
3595 4745 3691 4796 est,

2121 4865 2316 4922 passus
2347 4855 2433 4903 est
2459 4865 2472 4900 :
2495 4844 2586 4914 qui
2611 4851 2797 4897 autem
2863 4835 3150 4892 descendit
3181 4833 3440 4922 decreto,
3461 4842 3690 4922 Mpassus

2122 4919 2230 4998 non
2257 4946 2360 4993 est.
2391 4935 2555 4991 Nobis
2589 4933 2736 4991 enim
2765 4946 2897 4983 tutus
2932 4927 3186 4981 Dominus
3233 4921 3398 4977 Iesus
3442 4919 3690 4979 Christus,

2122 5051 2216 5105 per
2243 5047 2394 5103 quem
2427 5027 2632 5086 omnia.
2663 5039 2828 5094 quem
2857 5019 2908 5074 hi
2935 5019 3026 5089 qui
3055 5015 3452 5072 crueiliaerunt
3471 5026 3578 5065 non
3602 5025 3690 5062 ro-

2122 5103 2430 5196 gnoverunt
2492 5118 2652 5188 cujus
2689 5123 2839 5170 esset
2868 5109 3149 5182 dignitatis
3212 5116 3377 5176 atque
3438 5103 3687 5196 virtutis:

2124 5192 2182 5269 Si
2219 5213 2358 5268 enim
2417 5209 2792 5281 cognovissent,
2845 5217 3117 5271 nunquam
3173 5197 3457 5251 Dominum
3518 5192 3688 5262 gloria'

2124 5303 2507 5372 cruciﬁxissent
2533 5299 2602 5352 δ’.
2667 5297 2840 5366 Ipsius
2895 5307 3027 5363 ergo
3083 5301 3166 5344 est
3210 5286 3370 5342 Verbi
3433 5281 3685 5337 incantati

2123 5392 2325 5464 passio,
2353 5407 2471 5462 qua:
2495 5389 2747 5461 provenit
2777 5387 2830 5439 in
2847 5399 3034 5446 carne,
3066 5379 3420 5450 quamobrem
3453 5383 3568 5428 tota
3583 5387 3684 5426 creo

2129 5480 2370 5542 arabitur
2401 5485 2456 5539 in
2495 5483 2671 5538 altari.
2707 5478 2884 5549 Ipsius
2916 5491 3046 5546 ergo
3100 5481 3208 5536 est,
3239 5471 3328 5541 qui
3364 5467 3679 5535 semetipsum

2546 5617 2589 5649 "‘
2616 5615 2778 5671 llehr.
2811 5630 2864 5676 κ,
2898 5611 2974 5664 Η.
3057 5607 3101 5637 ³⁹
3127 5603 3290 5661 [CGL
3321 5617 3438 5669 \ttr,
3469 5601 3522 5656 6.
