3886 6306
124 324 252 388 853

1304 325 1384 383 ΙΝ
1432 326 1873 386 LE‘HTICUM.
1908 352 1982 362 —
2017 328 2164 387 LIB.
2210 326 2291 385 IL

3311 322 3415 389 851

121 447 310 494 totum
340 436 651 503 exinanivit,
680 445 730 492 et
759 439 984 509 formant
1026 440 1162 493 servi
1191 442 1411 508 accepit,
1439 451 1485 495 et
1540 443 1720 496 habitu
1758 446 1798 500 ,Χ
1827 442 2197 507 Quamobrem
2258 452 2310 497 et
2360 441 2440 496 Th
2464 441 2700 496 ~odotion
2753 439 2851 511 pro
2903 456 2969 496 eo
2998 441 3143 511 quod
3174 450 3259 495 est
3288 444 3413 512 οπε-

119 533 379 586 inuentus
433 539 509 585 est
566 539 624 584 ut
672 530 867 595 homo;
917 531 1319 603 humiliavitque
1364 536 1722 603 semetipsum.

116 624 380 678 obedieus
409 626 581 695 factus
604 641 765 695 usque
792 626 864 678 ad
895 634 1135 691 mortem,
1160 635 1378 679 mortem
1409 637 1583 681 autem
1605 644 1726 681 cru-

120 716 216 768 cis
239 713 308 767 ⁸⁸.
334 714 425 770 Sic
458 730 589 785 ergo
620 716 880 786 intelligis
903 725 960 771 et
984 718 1087 772 hoc
1117 719 1262 787 quod
1286 719 1483 773 dicitur
1512 735 1525 771 :
1562 721 1725 775 Omne

117 807 279 860 enim
301 806 622 875 sacriﬁcium
667 808 997 861 sacerdotum
1050 810 1169 877 igne
1226 823 1580 872 consumctur,
1633 827 1725 863 nec

121 900 375 953 comedet
393 915 457 953 ea:
486 916 544 953 eo
566 899 863 970 quisquam.
894 900 1152 955 Eamdem
1184 901 1386 971 quippe
1418 902 1584 956 etiam
1609 902 1724 956 hmc

122 987 401 1042 virtutem
454 997 618 1057 atque
666 987 1029 1043 intentionem
1087 989 1323 1055 habent,
1380 993 1526 1046 unde
1574 1010 1724 1046 omne

117 1079 462 1147 sacri/icium
542 1079 661 1149 igne
744 1090 1111 1144 consumctur,
1172 1080 1316 1135 LXX
1378 1082 1638 1138 dixerunt
1704 1103 1719 1141 :

123 1167 527 1225 Holocaustum
556 1173 664 1241 ﬁet,
693 1170 883 1240 Aquila
913 1173 1106 1237 edidit,
1137 1174 1398 1243 integrum
1421 1177 1540 1229 erit.
1601 1177 1718 1229 Non

115 1278 270 1333 ergo
296 1262 543 1316 comedet
580 1278 645 1315 ex
675 1277 742 1315 eo
771 1262 1080 1331 quisquam,
1112 1263 1164 1316 id
1183 1270 1268 1317 est
1298 1279 1404 1317 non
1423 1265 1718 1331 dividetur,

115 1355 266 1422 quia
288 1353 532 1407 dentium
558 1352 908 1406 estdividere
941 1361 995 1405 et
1026 1352 1212 1421 partiri
1256 1354 1428 1419 cibos,
1466 1371 1590 1422 cum
1621 1357 1721 1410 ali-

120 1455 222 1499 ter
253 1444 435 1498 mandi
461 1459 569 1496 non
602 1442 828 1512 possint.
854 1442 1055 1498 Christi
1084 1452 1266 1497 autem
1293 1445 1615 1500 sacriﬁcium
1634 1447 1719 1500 in-

117 1536 404 1589 divisi'ile
444 1535 877 1589 demonstratum
910 1544 1013 1601 est,
1072 1543 1129 1590 et
1180 1546 1471 1609 propterea
1505 1538 1718 1594 comedi

116 1645 248 1682 non
286 1634 486 1696 potest.

202 1717 369 1771 Vens.
397 1717 491 1771 ‘24.
524 1737 543 1769 ι
591 1717 825 1772 Locutus
852 1727 938 1773 est
962 1718 1226 1775 Dominus
1263 1721 1331 1776 ad
1387 1722 1602 1794 Moysen
1628 1722 1715 1776 di-

116 1808 594 1877 censzboquere
618 1809 800 1862 Aaron
839 1818 893 1863 et
956 1809 1085 1864 ﬁliis
1145 1812 1286 1880 ejus,
1362 1812 1462 1867 ista
1488 1823 1566 1867 est
1626 1814 1714 1867 lex

118 1901 331 1955 hostite
361 1916 458 1970 pro
483 1907 708 1970 peccato
751 1918 767 1955 :
796 1900 857 1954 lu
918 1902 1039 1957 loco
1071 1903 1162 1957 ubi
1197 1904 1431 1959 oﬁ'ertur
1455 1905 1716 1960 holocau-

111 2001 297 2054 stum.
341 1992 908 2047 immolabiturcoram
976 1993 1228 2061 Domino,
1277 1994 1537 2050 Sanctum
1587 2011 1718 2051 san-

112 2093 345 2140 ctorum
398 2092 503 2139 est.
528 2082 797 2139 Sacerdos
832 2086 925 2155 qui
955 2086 1172 2151 offeret,
1225 2088 1476 2143 comedet
1539 2102 1603 2142 ea
1661 2089 1715 2142 in

112 2176 255 2231 loco
281 2185 472 2231 saneto
506 2176 562 2230 in
601 2177 742 2231 atrio
759 2178 1118 2234 tabernaculi.
1166 2177 1444 2249 Quidquid
1477 2179 1717 2250 tetigerit

112 2263 332 2322 carnes
355 2266 495 2335 ejus,
523 2264 974 2323 sanctiﬁcabituf.
1033 2270 1088 2323 Si
1129 2270 1197 2324 de
1254 2270 1519 2341 sanguine
1572 2271 1718 2325 illius

111 2357 302 2412 vestis
331 2357 498 2411 fuerit
544 2373 785 2427 aspersa,
818 2359 1087 2414 lavabitur
1121 2361 1175 2414 in
1207 2361 1327 2415 loco
1351 2370 1560 2421 sancto,
1620 2377 1716 2416 vas

108 2456 319 2502 autem
356 2446 519 2502 ﬁctile
547 2447 600 2501 in
635 2464 743 2517 quo
782 2458 936 2503 cocta
983 2459 1087 2516 est,
1112 2451 1505 2521 eonfringetur.
1556 2452 1714 2518 Quod

113 2541 172 2595 si
219 2555 315 2593 vas
333 2555 567 2604 aeneum,
599 2539 952 2595 deiricabitur
972 2552 1028 2595 et
1047 2542 1316 2596 lavabitur
1344 2558 1504 2612 aqua.
1524 2542 1714 2598 Omnis

114 2631 412 2686 masculus
455 2630 744 2701 degenere
784 2634 1106 2687 sacerdotali
1134 2642 1389 2688 vescetur
1452 2637 1713 2692 carnibus

113 2722 272 2791 ejus,
301 2722 425 2790 quia
451 2721 709 2776 Sanctum
736 2732 1050 2777 sanctorum
1073 2733 1177 2781 est.
1212 2724 1397 2779 llostia
1419 2726 1563 2780 enim
1592 2741 1713 2795 quae

115 2814 363 2870 creditur
414 2830 512 2883 pro
579 2824 831 2884 peccato,
898 2816 1058 2884 citjns
1085 2818 1311 2887 sanguis
1364 2818 1597 2873 infertur
1654 2819 1708 2873 in

118 2906 547 2961 tabernaculum
619 2907 917 2960 testimonii
956 2907 1024 2961 ad
1088 2908 1422 2977 expiandum
1473 2909 1530 2964 in
1582 2926 1710 2965 san-

115 2998 363 3059 ctuario,
404 3013 507 3051 non
540 2999 878 3063 t-omedetur,
922 2998 1016 3053 sed
1033 3000 1387 3054 comburetur
1411 3001 1542 3071 igni.
1590 3020 1609 3053 ι

1828 550 1967 598 rens,
2003 536 2221 604 expiatis
2249 536 2439 599 edidit,
2479 536 2528 588 id
2557 542 2640 589 est
2668 533 2992 595 emundans,
3027 541 3081 588 et
3107 549 3204 603 per
3230 547 3411 588 sacer-

1826 628 1959 682 dotii
2011 628 2094 682 sui
2145 628 2525 690 ministerium,
2564 627 2867 697 perfectum
2919 626 3127 681 faciens
3160 641 3285 681 eum
3318 626 3410 696 qui

1826 719 2171 773 emundatur.
2209 718 2273 772 Et
2301 718 2573 788 quomodo
2622 732 2741 771 eam
2772 716 3067 771 manducet
3099 715 3351 771 Christus
3379 732 3409 772 a

1825 811 1945 865 loco
2008 816 2273 880 cognosce
2332 812 2385 863 in
2439 824 2546 879 quo
2605 808 2905 863 comedet:
2944 807 3008 861 In
3060 807 3171 861 loco
3204 817 3409 869 sancto,

1825 897 1881 949 in
1928 898 2067 949 atrio
2103 897 2447 950 tabernaculi.
2487 896 2578 950 Vel
2608 896 2750 951 sicut
2807 894 2947 949 LXX
2980 896 3287 961 ediderunt,
3347 897 3411 951 In

1824 990 1964 1041 atrio
2011 988 2340 1041 tabernaculi
2390 988 2689 1043 testimonii.
2740 984 2953 1041 Atrium
2992 995 3174 1041 autem
3221 988 3409 1041 taber-

1824 1079 2004 1134 naeuli
2061 1080 2378 1143 testimonii,
2434 1079 2675 1133 Ecclesia
2735 1088 2859 1144 est;
2899 1077 3014 1147 ipsa
3040 1078 3242 1148 quippe
3277 1089 3408 1132 ante

1825 1172 2043 1234 malum,
2105 1172 2303 1225 atrium
2382 1170 2720 1224 tabernaculi
2798 1169 3097 1223 testimonii
3152 1177 3258 1234 est,
3313 1169 3401 1222 ubi

1825 1265 2072 1318 Christus
2110 1264 2497 1333 paenitentiam
2526 1263 2756 1316 salutem
2788 1268 3068 1331 operatur,
3099 1277 3220 1331 qua:
3253 1261 3402 1315 salus

1822 1356 1941 1425 ejus
1989 1358 2151 1409 etiam
2200 1355 2355 1410 cibus
2388 1356 2727 1423 appellatur:
2775 1354 2919 1407 Meus
2964 1354 3101 1407 enim
3132 1353 3275 1413 cibus
3307 1361 3402 1417 est,

1822 1447 2015 1517 inquit,
2057 1456 2112 1501 ut
2152 1449 2349 1518 faciam
2377 1448 2699 1500 voluntatem
2734 1446 2916 1501 Patris
2948 1446 3133 1510 mei“,
3154 1446 3404 1499 voluntas

1819 1546 2000 1592 autem
2022 1522 2148 1607 ejus
2179 1547 2265 1592 est
2303 1545 2361 1591 ut
2393 1546 2649 1607 peccator
2678 1545 3032 1592 convertatur
3057 1544 3109 1590 et
3142 1536 3401 1590 salvetur.

1821 1631 2047 1701 insuper
2074 1630 2149 1685 ait
2172 1649 2184 1684 :

1888 1723 2157 1794 Quidquid
2227 1724 2454 1794 tetigerit
2521 1738 2703 1776 carnes
2760 1723 2893 1787 eius,
2959 1721 3400 1791 sanrtiﬁcabilur.

1818 1814 2022 1870 Carnes
2071 1822 2259 1869 autem
2298 1815 2660 1884 pmnitentizr,
2706 1814 3059 1884 intelligimus
3108 1813 3396 1883 jejunium.

1816 1909 2050 1980 vigilias,
2126 1908 2404 1963 cilicinum
2480 1907 2882 1970 vestimentum,
2955 1921 3082 1960 cum
3146 1904 3402 1977 lacrymis

1816 1999 2156 2059 orationem,
2223 1996 2655 2066 eleemosynam;
2711 2011 2778 2049 ex
2845 1995 2932 2049 his
2985 1994 3136 2050 enim
3208 1993 3399 2049 consi-

1817 2091 1911 2145 stit
1958 2089 2298 2160 paenitentia,
2348 2103 2470 2159 quae
2517 2088 2609 2158 qui
2668 2086 2857 2158 tangit,
2908 2095 3053 2143 recte
3087 2085 3397 2142 sanctiﬁca-

1816 2180 1982 2236 bitur.

1887 2270 1955 2324 Et
1981 2270 2026 2323 si
2051 2270 2115 2323 de
2134 2269 2390 2339 sanguine
2428 2267 2572 2322 illius
2604 2268 2761 2321 vestis
2794 2267 2953 2337 fuerit
2975 2282 3218 2336 aspersa,
3247 2266 3398 2320 lava-

1814 2360 1956 2413 bitur
2015 2362 2072 2413 in
2128 2360 2237 2413 loco
2287 2366 2491 2413 sancto.
2528 2358 2760 2427 Sanguis
2816 2357 3152 2427 pmnitentite
3176 2358 3396 2428 proprie

1815 2451 2118 2521 baptismus
2156 2460 2258 2516 εει,
2301 2453 2427 2521 quia
2463 2451 2603 2505 sicut
2656 2450 2766 2504 vita
2831 2449 3013 2503 omnis
3063 2450 3244 2504 carnis
3269 2464 3397 2504 san-

1815 2544 1933 2612 guis
1967 2551 2069 2605 est,
2103 2543 2182 2597 sic
2207 2550 2262 2597 et
2293 2541 2627 2612 poenitentia:
2658 2542 2861 2595 donum
2894 2540 3170 2610 baptismi.
3206 2540 3397 2595 Omni;

1813 2635 1959 2688 enim
2015 2634 2107 2703 qui
2161 2634 2273 2703 agit
2325 2632 2740 2702 paenitentiam,
2804 2630 2850 2685 si
2904 2644 3015 2684 non
3091 2631 3397 2699 perceperit

1813 2725 2165 2795 baptismum,
2196 2723 2403 2778 inutilis
2455 2723 2574 2793 ejus
2617 2730 2701 2778 est
2744 2730 2799 2776 et
2839 2720 2957 2774 sine
3006 2720 3188 2789 aliquo
3248 2720 3398 2775 lucro

1814 2816 2132 2887 poenitentia
2190 2824 2513 2884 mortuaque
2542 2822 2596 2868 et
2626 2812 2933 2867 exanimis:
2984 2813 3111 2882 quia
3155 2820 3397 2866 veterem

1811 2907 2017 2979 peccati
2053 2908 2328 2961 hominem
2350 2921 2460 2961 non
2492 2906 2649 2959 aliter
2673 2904 2946 2974 quispiam
2980 2903 3085 2959 nisi
3117 2903 3403 2957 ablatione

1813 2996 2243 3069 regenerationis
2287 2996 2532 3066 deponit.
2563 2993 2718 3060 Quod
2762 2994 2804 3048 si
2833 2993 2989 3056 dicis,
3027 3002 3083 3047 et
3120 2992 3411 3062 quomodo.

201 3088 343 3154 Quia
379 3105 486 3142 non
529 3089 730 3143 frustra
793 3090 983 3143 eadem
1027 3090 1292 3144 sacriﬁcia
1334 3092 1551 3160 repetit,
1615 3107 1709 3147 su-
1740 3102 1783 3157 ς,
1816 3086 1907 3157 qui
1990 3088 2120 3142 olim
2173 3086 2430 3155 baptizati
2504 3092 2634 3139 sunt
2693 3084 2965 3148 homines,
3016 3082 3413 3153 paenitentiam-

117 3180 327 3250 perius
384 3181 638 3246 diximus,
692 3180 838 3251 quod
861 3188 913 3235 et
959 3180 1013 3234 in
1076 3182 1440 3251 praesentibus
1481 3183 1713 3237 demon-

119 3280 364 3327 stratur.

200 3361 434 3416 Locutus
487 3371 561 3417 est
612 3363 872 3419 Dominus
894 3366 963 3418 ad
990 3367 1207 3435 Moysen
1229 3366 1424 3419 dicens.
1485 3365 1716 3436 Loquere

120 3455 319 3508 Aaron
344 3464 389 3507 ct
407 3454 533 3523 [iliis
566 3454 698 3521 ejus.
728 3454 1049 3510 Istaestlea:
1096 3455 1281 3509 hostia:
1332 3472 1428 3524 pro
1476 3466 1710 3524 peccato.

120 3545 235 3601 Vel
260 3547 480 3615 peccati,
520 3546 599 3601 sic
624 3547 843 3616 quidem
873 3546 1216 3603 Theodotion
1248 3557 1304 3603 et
1351 3549 1713 3619 Symmachus

121 3637 452 3694 ediderunt.
481 3636 613 3704 Qute
648 3646 733 3694 est
785 3646 969 3693 autem
1019 3639 1135 3695 haec
1185 3641 1306 3695 lex?
1346 3640 1412 3695 1η
1456 3643 1567 3695 loco
1627 3643 1714 3697 ubi

120 3728 353 3798 επεν-ιω·
376 3726 764 3791 holocaustum,
825 3728 1189 3783 immolabitur
1216 3747 1397 3787 coram
1455 3731 1709 3798 Domino,

122 3821 267 3890 quia
286 3817 860 3873 Sanctumsanctorum
878 3829 972 3874 est.
991 3819 1283 3891 Propterea
1309 3824 1486 3877 Aaron
1509 3834 1563 3879 et
1586 3824 1714 3881 ﬁliis

123 3913 257 3981 ejus
282 3911 539 3980 praedicta
570 3912 917 3982 mandantur,
977 3914 1103 3982 quia
1132 3913 1329 3969 oﬁerre
1355 3932 1456 3985 pro
1486 3927 1713 3987 peccato

127 4002 489 4064 sacriﬁcium,
520 4004 570 4057 id
601 4012 686 4058 est
706 4002 1103 4073 pmnitentiam,
1139 4007 1453 4062 sublimium
1478 4019 1534 4064 et
1562 3999 1712 4066 sum-

129 4110 352 4149 morum
384 4102 488 4157 est,
514 4103 676 4163 atque
704 4109 733 4148 a
762 4105 903 4150 terra
958 4097 1386 4161 sublevatorum,
1428 4101 1573 4169 quod
1603 4117 1710 4156 non

130 4194 365 4255 praestat
406 4184 509 4239 nisi
537 4202 567 4239 a
600 4186 739 4239 malo
769 4188 1025 4244 recessio.
1062 4189 1199 4259 Ergo
1240 4191 1333 4244 ubi
1389 4191 1711 4249 holocausta

134 4277 514 4343 immolantur,
548 4279 622 4334 ibi
652 4288 707 4334 et
737 4295 858 4349 quas
895 4296 994 4350 pro
1027 4291 1251 4351 peccato
1290 4294 1420 4339 sunt
1447 4286 1711 4341 occidun-

133 4379 231 4423 tur
264 4384 276 4418 :
314 4368 440 4437 quia
475 4369 566 4439 qui
603 4370 797 4425 oﬁ'eret
849 4371 1249 4440 paenitentiam,
1288 4375 1399 4443 jam
1466 4376 1712 4432 imitatur

1821 3180 2023 3251 agent?
2051 3194 2338 3250 cognosce,
2361 3178 2486 3248 quia
2519 3177 2695 3232 virtus
2714 3176 3073 3246 praecedentis
3098 3175 3400 3244 baptisma-

1823 3272 1891 3327 tis
1918 3281 2177 3342 operatur
2220 3282 2275 3325 et
2325 3271 2379 3324 in
2409 3284 2475 3323 ea
2511 3285 2631 3339 quae
2661 3276 2849 3337 postea
2881 3276 2997 3322 acta
3031 3267 3195 3321 fuerit
3224 3267 3402 3335 pmnié

1822 3362 2011 3417 tentia.
2071 3360 2198 3416 Hth
2245 3376 2371 3430 ergo
2426 3369 2512 3414 est
2575 3358 2806 3413 intentio
2862 3358 3205 3428 legislatoris,
3270 3358 3400 3427 quia

1819 3452 1911 3522 qui
1953 3452 2204 3506 comedet
2264 3466 2457 3505 carnes
2518 3449 2758 3519 pra'dieti
2806 3446 3089 3509 sacriﬁcii,
3144 3447 3397 3516 quamvis

1818 3540 2021 3596 oblatio
2092 3539 2165 3593 sit
2215 3539 2461 3605 alterius,
2513 3537 2903 3592 sanetiﬁeatur.
2966 3535 3068 3590 Per
3136 3536 3242 3591 hoc
3292 3550 3401 3590 au-

1820 3641 1927 3688 tem
1992 3632 2330 3695 ostenditur,
2382 3630 2509 3701 quia
2572 3637 2627 3684 et
2682 3629 2727 3683 is
2785 3628 2877 3699 qui
2937 3643 3048 3681 non
3108 3635 3232 3695 eget
3278 3626 3398 3697 pd:-

1820 3722 2066 3787 nitentia,
2100 3723 2142 3778 si
2178 3723 2308 3793 quid
2341 3723 2515 3791 egerit
2560 3722 2786 3784 horum,
2818 3719 3196 3789 ptenitentiam
3230 3735 3398 3790 agens

1820 3812 2210 3867 sanctiﬁcatnr.
2245 3810 2505 3868 Similiter
2557 3810 2639 3865 vel
2678 3810 2723 3864 si
2750 3809 2979 3862 multum
3009 3822 3209 3877 parvus
3240 3809 3398 3877 quis-

1819 3906 1962 3975 piam
2005 3904 2308 3974 baptizatus
2347 3900 2525 3963 fuerit,
2557 3900 2647 3969 qui
2681 3898 2913 3954 necdum
2958 3897 3095 3951 forte
3127 3896 3392 3966 peccavit,

1820 3994 2133 4048 mundatur.
2184 3992 2248 4046 Et
2271 3991 2401 4061 quid
2434 3990 2482 4045 ei
2527 3998 2611 4044 est
2644 4002 2781 4057 opus
2824 3986 3105 4041 mundatio
3128 3986 3161 4049 ?_
3178 3986 3260 4040 Ad
3294 3986 3396 4039 hoc

1819 4085 1869 4140 ei
1925 4098 2062 4152 opus
2111 4090 2215 4146 est,
2249 4081 2373 4151 quia
2414 4094 2574 4132 nemo
2602 4086 2686 4132 est
2719 4076 2953 4131 mundus
2998 4091 3028 4128 a
3055 4074 3217 4129 sorde
3268 4089 3394 4127 nam

1820 4177 1944 4230 licet
1985 4174 2147 4229 unius
2199 4172 2307 4227 diei
2332 4171 2439 4227 vita
2469 4172 2587 4240 ejus
2612 4170 2684 4224 sit
2711 4184 2875 4238 super
2902 4176 3124 4232 terram,
3176 4165 3394 4221 sordem

1822 4279 1999 4321 tamen
2050 4280 2211 4335 quam
2260 4278 2325 4317 ex
2376 4262 2545 4315 Adam
2602 4260 2946 4316 successione
2984 4266 3043 4313 et
3087 4250 3407 4328 generatio?

1819 4374 1887 4412 ne
1920 4359 2103 4422 traxit,
2136 4355 2336 4408 retinet
2368 4370 2381 4407 :
2416 4361 2470 4407 et
2496 4351 2618 4407 ideo
2639 4367 2762 4405 eum
2798 4347 2889 4421 qui
2920 4350 3183 4420 sanguine
3215 4347 3396 4419 patrii--

134 4474 266 4511 eum
286 4458 376 4527 qui
402 4465 574 4513 totum
600 4439 950 4529 semetipsum
974 4462 1169 4517 obtulit
1195 4439 1303 4519 Deo
1324 4473 1379 4518 et
1399 4466 1714 4523 omnimodo

1824 4449 2001 4505 lentiae
2047 4460 2304 4516 aspersus
2337 4453 2422 4501 est
2445 4459 2556 4500 non
2592 4444 2729 4500 dixit
2759 4442 2901 4498 sicut
2946 4439 3285 4496 immundum
3318 4440 3398 4494 la-

139 4551 368 4605 recessit
402 4566 433 4605 a
477 4551 679 4606 saeculo
702 4591 717 4617 ,
760 4553 907 4607 unde
960 4561 1017 4607 et
1063 4554 1439 4611 holocaustum
1471 4558 1591 4627 ejus
1617 4576 1716 4629 ap-

143 4641 379 4709 pellatur
402 4643 744 4698 conversatio
786 4662 799 4699 :
830 4645 1189 4714 etntriusque
1211 4648 1416 4702 oblatio
1474 4649 1531 4703 in
1577 4667 1715 4706 con-

140 4741 338 4801 spectu
366 4741 451 4787 est
478 4731 711 4798 Domini,
755 4736 952 4805 placita
994 4737 1139 4791 enim
1162 4745 1248 4793 est
1297 4739 1430 4805 Deo,
1497 4743 1718 4810 quando

140 4823 444 4877 secundum
498 4823 617 4893 ejus
670 4825 1028 4881 intentionem
1078 4827 1348 4883 oﬂ'ertur:
1405 4829 1485 4884 sic
1534 4840 1719 4887 autem

143 4914 339 4983 placita
369 4914 496 4980 lico,
530 4916 792 4972 Sanctum
860 4927 1177 4973 sanctorum
1240 4928 1388 4975 recte
1446 4922 1719 4990 appellata

142 5014 227 5059 est
264 5022 275 5056 :
314 5006 358 5060 si
392 5008 538 5061 enim
571 5025 683 5063 non
716 5018 862 5065 esset
914 5018 1230 5066 sanctorum
1256 5018 1507 5065 sanctum
1542 5015 1719 5083 proni-

144 5097 333 5150 tentia:
383 5098 730 5164 sacriﬁcium,
799 5114 1081 5169 nunquam
1146 5098 1500 5169 poenitentem
1544 5102 1719 5157 intro-

143 5187 393 5241 duxisset
418 5188 471 5241 in
507 5188 703 5246 Sancta
726 5200 1042 5247 sanctorum
1073 5209 1086 5245 :
1132 5206 1368 5261 eumque
1396 5208 1493 5262 per
1524 5209 1720 5263 pecca-

144 5285 286 5343 tum,
318 5278 462 5331 unde
493 5279 641 5347 prius
676 5282 936 5350 expulsus
969 5291 1073 5336 est.

215 5370 480 5425 Sacerdos
524 5370 614 5438 qui
666 5372 861 5441 οπερ-ει,
923 5376 1152 5427 comedet
1209 5389 1345 5428 eam.
1399 5372 1500 5441 Qui
1535 5374 1727 5431 oﬁeret

138 5459 243 5527 ait,
305 5461 397 5515 hic
459 5467 640 5514 autem
698 5459 949 5518 Christus
994 5473 1098 5528 est,
1146 5465 1238 5534 qui
1289 5474 1474 5521 nostra
1503 5476 1726 5535 peccata

138 5551 414 5623 suscepit,
468 5557 725 5620 recteque
779 5562 1017 5609 nostram
1084 5557 1276 5612 oll‘eret
1326 5558 1723 5627 paenitentiam.

162 5762 167 5770 ι
222 5726 267 5760 δ’
304 5726 544 5799 Philipp.
593 5746 650 5795 Il,
678 5730 729 5795 7,
763 5730 813 5780 8.
894 5726 1102 5785 i".ioan.
1127 5747 1194 5795 Iv,
1229 5730 1317 5786 54.

1819 4540 1955 4603 vari,
1982 4539 2057 4593 ait
2081 4538 2225 4592 enim
2255 4555 2268 4590 :

1890 4653 1949 4708 Si
1989 4654 2052 4707 de
2102 4651 2359 4720 sanguine
2392 4649 2535 4703 illius
2578 4648 2733 4702 restis
2764 4648 2920 4717 tuerit
2956 4662 3194 4714 aspersa.
3237 4642 3291 4696 id
3319 4653 3401 4698 est

1821 4760 1969 4807 caro,
2019 4741 2132 4811 ipsa
2165 4749 2245 4794 est
2289 4740 2434 4792 enim
2467 4739 2636 4791 vestis
2674 4736 2952 4789 interioris
2986 4734 3245 4796 hominis,
3278 4749 3400 4802 qua:

1822 4838 1868 4892 si
1921 4845 2141 4902 aspersa
2193 4829 2374 4893 fuerit,
2427 4828 2499 4880 ibi
2536 4825 2800 4877 lavabitur
2844 4824 2898 4875 iu
2940 4822 3051 4875 loco
3101 4831 3316 4885 sancto,
3347 4822 3399 4876 id

1827 4934 1908 4982 est
1933 4925 2034 4977 hoc
2061 4921 2238 4991 ipsum
2267 4918 2412 4988 quod
2441 4915 2766 4985 aspergitur,
2802 4912 3093 4978 lavabitur,
3134 4927 3243 4967 non
3271 4913 3399 4981 quia

1828 5013 2156 5071 maculatum
2179 5021 2265 5065 εει
2284 5007 2635 5080 aspersione:
2663 5004 2704 5058 si
2731 5003 2878 5059 enim
2909 5004 2980 5058 ita
3010 5011 3176 5069 esset,
3210 5003 3398 5073 utique

1827 5107 2051 5163 dixisset
2081 5103 2164 5160 vel
2192 5102 2480 5171 adiecisset
2516 5099 2644 5153 illud
2671 5114 2685 5164 ;
2727 5094 2821 5152 sed
2863 5097 2966 5151 hoc
2991 5096 3136 5165 quod
3168 5094 3399 5164 edicitur

1827 5198 1894 5252 ab
1943 5196 2056 5265 ipsa
2109 5193 2442 5263 aspersione,
2488 5187 2810 5243 lavationem
2860 5185 3153 5255 appellavit
3195 5183 3248 5238 in
3279 5185 3398 5240 loco

1828 5289 2023 5343 factam
2077 5293 2283 5347 sancto,
2329 5284 2380 5336 in
2429 5281 2591 5336 domo
2637 5277 2882 5349 mystica.
2929 5275 3161 5346 Spiritus
3191 5292 3321 5348 ergo
3350 5277 3395 5331 si

1824 5378 1946 5449 quis
1972 5377 2126 5432 fortis
2155 5377 2297 5430 lotus
2327 5372 2508 5437 fuerit,
2544 5370 2684 5425 sicut
2723 5376 2870 5429 sunt,
2902 5368 3048 5422 verbi
3073 5367 3264 5438 gratia,
3295 5382 3395 5438 pa—

1826 5484 2086 5539 ganorum
2143 5464 2503 5536 aspcrsiones,
2562 5477 2671 5517 non
2737 5460 2969 5523 lavatur,
3030 5459 3158 5529 quia
3188 5474 3300 5517 non
3341 5459 3395 5513 in

1826 5559 1945 5614 loco
1972 5565 2160 5612 saneto
2201 5553 2575 5624 aspersionem
2620 5566 2687 5606 ne
2708 5565 2795 5619 lue
2834 5548 3169 5604 ablutionem
3207 5563 3394 5604 susceo
