3886 6306
490 283 602 359 ets
1502 390 1505 393 ν
1686 319 2048 382 HESYCHII
2090 323 2567 393 PRESBYTERI
2884 374 2889 377 ‹
3690 344 3787 409 32.5

490 407 591 474 Ρίί·
655 406 782 463 Παῖθ
837 425 967 482 ετϐο
1015 411 1311 485 ἐπίδικον.
1376 414 1718 490 baptismatis
1752 444 2062 488 sermonem
2099 438 2138 493 Α
2171 440 2221 493 id
2261 448 2366 507 est,
2414 456 2637 498 onmem
2679 445 2747 501 de
2795 447 3121 519 cOgnatione
3161 450 3516 509 sacerdotum
3572 470 3785 513 mascu-

491 494 679 519 ισηιΑ..-
714 496 1055 519 2_1_-_I_-__,,_
1156 504 1188 519 1ο
1234 504 1267 519 ο.
1327 504 1368 519 η
1411 508 1422 519 ι
1449 509 1460 519 ι

491 494 682 551 Volcns
713 496 1098 566 introducere,
1137 504 1291 559 dixit.
1327 504 1622 566 Evidenter
1658 525 1842 572 autem
1878 521 2070 589 proxi—

489 596 614 641 tuus
671 596 756 644 est
830 592 1027 647 rationi
1087 597 1423 665 paenitentiae
1478 618 1659 661 sermo
1705 609 2069 680 baptismatis,

491 678 638 733 unde
665 680 906 740 Joannes
936 688 1311 756 pmnitentiam
1350 697 1647 763 praedicare
1694 678 1982 773 incipiens,
2015 708 2070 762 in

491 773 878 841 praedicatione
920 795 1016 833 sua
1050 781 1319 839 inferebat
1360 787 1775 862 baptismum",
1815 805 1874 852 ut
1917 799 2069 854 vide-

490 857 620 920 licet
665 871 922 939 mysterio
982 873 1317 941 pmniteutim
1360 857 1793 952 inbaptisrnate
1834 888 2070 946 habente

488 959 868 1019 substantiam.
917 962 1024 1019 Sed
1077 968 1143 1020 ad
1190 983 1252 1023 ea
1283 987 1405 1040 quia
1436 974 1841 1046 subsequuntur
1876 997 2068 1051 proce-

488 1052 699 1108 damus.
1550 1073 1555 1079 ⁴

562 1145 662 1201 Vas
695 1159 876 1205 autem
919 1153 1082 1222 ﬁctile
1135 1157 1191 1211 in
1215 1175 1317 1229 quo
1347 1176 1492 1218 cocta
1528 1174 1649 1229 est,
1687 1170 2064 1241 confringatur.

487 1233 714 1305 Quodsi
748 1258 837 1297 vas
866 1262 1093 1315 anteum,
1120 1251 1485 1319 defricabitur,
1516 1265 1564 1309 et
1601 1233 1871 1313 lavabitur
1894 1233 2064 1331 aqua.

487 1322 644 1388 Quod
686 1337 770 1383 est
822 1340 1003 1387 autem
1047 1351 1143 1392 vas
1182 1338 1365 1405 ﬁctile,
1402 1350 1458 1397 ct
1489 1343 1578 1398 ubi
1621 1346 1826 1415 jaccns,
1866 1322 2069 1407 Paulus

491 1418 731 1474 ostendit
788 1437 912 1477 cum
965 1425 1137 1483 dicit:
1194 1428 1261 1484 In
1304 1449 1498 1503 magna
1553 1446 1731 1491 autent
1767 1442 1921 1495 domo
1964 1459 2069 1497 non

490 1508 660 1563 solum
701 1524 823 1568 sunt
853 1534 981 1573 vasa
1016 1538 1180 1577 aurea
1214 1533 1263 1577 et
1294 1536 1564 1597 argentea,
1593 1530 1683 1583 sed
1713 1541 1762 1585 et
1790 1533 1984 1603 lignea,
2018 1549 2069 1592 et

488 1600 698 1669 ﬁctilia,
743 1612 987 1677 quazdam
1035 1616 1241 1684 quidem
1294 1619 1347 1672 in
1374 1621 1588 1686 honore,
1627 1600 2066 1693 quadamantem

489 1695 548 1747 in
584 1699 899 1755 contumelia
919 1703 979 1758 ³⁸.
1032 1704 1090 1760 in
1137 1715 1522 1775 contumeliam
1572 1717 1825 1774 videlicet
1850 1735 1912 1774 ea
1946 1735 2066 1789 qua:

489 1796 619 1842 sunt
662 1788 867 1847 ﬁctilia.
925 1794 1168 1868 Magnam
1203 1813 1385 1859 autem
1429 1807 1675 1876 domum,
1716 1820 1906 1881 utpote
1944 1788 2066 1882 qua:

488 1878 685 1936 domus
735 1882 830 1939 Dei
871 1896 973 1955 est,
1010 1889 1308 1951 Ecclesiam
1359 1897 1649 1965 intellexit,
1689 1902 1742 1957 in
1768 1920 1873 1975 qua
1904 1922 2069 1962 aurea

488 1984 619 2025 vasa
654 1981 709 2028 et
734 1984 991 2045 argentea
1014 1980 1170 2050 justi,
1193 1984 1372 2043 ﬁctilia
1391 1999 1707 2059 peccatores
1727 2004 1875 2051 sunt.
1890 1996 2066 2053 Dixit~

487 2076 595 2131 que
649 2064 852 2137 quippe
902 2079 958 2124 et
1004 2072 1168 2129 lsaias
1219 2077 1287 2133 de
1337 2080 1677 2140 Jerusalem:
1716 2085 1896 2142 Veniet
1943 2106 2069 2143 con-

488 2154 632 2208 tritio
685 2157 819 2227 ejus,
881 2170 930 2215 et
986 2169 1365 2226 comminuetur
1390 2175 1523 2228 sicut
1558 2181 1844 2234 (anteritur
1877 2181 2066 2253 lagcna

484 2245 637 2316 ﬁguli
700 2255 1011 2312 contritione
1072 2263 1385 2331 pervalida,
1444 2277 1618 2324 etnon
1665 2245 1964 2328 invenietur
2002 2276 2067 2329 de

483 2338 793 2410 fragmentis
821 2346 939 2415 ejus
972 2359 1125 2418 testa,
1169 2355 1225 2408 in
1262 2373 1366 2427 qua
1415 2370 1656 2429 portetur
1702 2365 1967 2435 igniculus
2002 2366 2066 2420 de

481 2429 739 2498 incendio,
773 2447 866 2490 aut
890 2438 1172 2496 hauriatur
1191 2461 1383 2513 parum
1412 2466 1565 2521 aqua:
1596 2456 1658 2506 de
1683 2429 2065 2527 fovea”.Ergo

480 2518 606 2587 quia
634 2537 761 2578 vasa
789 2523 841 2578 in
872 2528 1072 2596 quibus
1116 2546 1310 2589 carnes
1359 2518 1606 2594 sacriﬁcii
1637 2554 1971 2612 coquuntur,
2008 2547 2061 2600 in

483 2611 685 2679 templo
738 2624 889 2681 sunt,
931 2632 1053 2674 csse
1101 2630 1282 2679 autem
1324 2625 1378 2680 in
1433 2630 1633 2698 templo
1685 2611 1779 2686 Dei
1812 2636 2062 2704 quaedam

479 2695 693 2754 inﬁrma
724 2718 852 2759 vasa
906 2721 972 2760 ex
1011 2710 1283 2777 praedictis
1307 2695 1619 2784 apostolicis
1659 2695 1844 2776 verbis
1878 2733 2066 2778 osten-

478 2790 681 2857 dimus,
729 2798 1042 2870 quicunque
1087 2811 1173 2858 est
1223 2806 1278 2860 in
1326 2809 1527 2879 templo
1553 2827 1647 2869 vas
1673 2813 1855 2880 ﬁctile,
1892 2816 1944 2871 id
1978 2825 2065 2872 est

479 2879 734 2940 inﬁrmus
775 2887 1043 2958 quispiam
1077 2905 1131 2947 et
1157 2895 1427 2963 sordidus,
1464 2909 1519 2954 et
1549 2902 1639 2971 qui
1673 2902 1726 2956 in
1781 2879 2063 2974 peccando

478 2977 930 3034 consuetudinem
983 2982 1320 3069 fecit,_utex
1365 2990 1489 3056 hoc,
1520 2993 1660 3049 sicut
1685 3009 1897 3053 amator
1929 3015 2063 3070 pec-

478 3071 747 3135 catorum,
793 3085 889 3126 vas
926 3060 1272 3134 contumeliae
1314 3084 1645 3152 nominetur,
1698 3099 1854 3145 cocto
1888 3095 2058 3147 sacri-

480 3154 622 3224 ﬁcio,
669 3176 769 3230 per
821 3166 967 3234 quod
1010 3180 1357 3237 peccatorum
1397 3176 1750 3247 dispensatur
1781 3184 2057 3252 remissio,

478 3261 768 3328 propterea
804 3259 1182 3332 .confringitur
1232 3266 1348 3322 sive
1405 3271 1709 3327 conteritur
1731 3315 1745 3339 ,
1780 3275 1905 3346 quia
1936 3292 2062 3333 cum

479 3354 626 3400 esset
674 3348 941 3416 inﬁrmus,
988 3354 1130 3411 bona
1178 3359 1318 3414 male
1361 3364 1655 3434 percepit:
1695 3367 1884 3423 videns
1913 3371 2061 3426 enim

479 3450 703 3509 peccata
739 3443 960 3511 dimitti,
997 3459 1151 3518 putat
1179 3467 1397 3524 semper
1439 3456 1602 3514 licere
1638 3475 1886 3531 peccare,
1911 3471 1967 3519 et
1996 3480 2064 3519 cx

479 3546 546 3586 eo
568 3534 714 3604 quod
761 3537 1007 3608 juvatur,
1047 3543 1213 3599 altera
1253 3545 1400 3603 laesio
1439 3559 1495 3604 et
1523 3553 1781 3609 contritio
1829 3555 2063 3612 inﬁrmi-

483 3627 609 3682 tatis
637 3627 910 3687 invenitur
939 3634 1182 3693 alterius.
1213 3637 1537 3713 Quicunque
1576 3657 1757 3703 autem
1791 3649 1945 3707 l'ortis
1978 3661 2063 3708 est

483 3725 545 3771 ut
580 3734 678 3785 aes,
723 3730 780 3777 ct
835 3726 1134 3796 aeruginem
1208 3734 1417 3800 peccati
1496 3752 1607 3792 non
1684 3739 1916 3807 habens,
1974 3744 2064 3800 hic

479 3812 730 3869 coctionc
746 3819 1082 3886 paenitentiae
1096 3838 1206 3878 non
1229 3836 1559 3895 conteretur,
1604 3848 1781 3904 neque
1816 3835 2061 3892 conti-im-

480 3918 655 3978 getur,
685 3910 780 3966 sed
809 3912 1104 3970 defricatur
1124 3917 1239 3974 sive
1261 3923 1577 3993 extet-gitur,
1604 3924 1656 3981 id
1681 3934 1786 3995 est,
1806 3929 2057 3985 diluitur.

480 3998 549 4054 Et
588 4005 864 4071 quomodo
921 4007 1193 4065 diluitur?
1234 4015 1387 4083 Aqua
1435 4017 1579 4072 lotus
1619 4035 1636 4075 :
1676 4020 1873 4077 videns
1915 4025 2060 4079 enim

479 4091 647 4147 alium
701 4097 1078 4166 poenitentem,
1141 4114 1392 4160 movetur
1434 4109 1502 4164 ad
1557 4114 2059 4183 compunctionem,

479 4192 538 4240 et
577 4188 873 4245 mundatur
928 4205 1068 4262 aqua
1109 4194 1468 4267 lacrymarum
1520 4200 1683 4258 lotus.
1737 4204 1849 4260 Cur
1879 4216 2060 4264 autem

480 4276 702 4334 alterius
751 4282 1072 4351 poenitentia
1124 4288 1285 4357 coqui
1316 4290 1369 4343 in
1408 4292 1571 4357 vasis,
1605 4312 1724 4365 qua:
1767 4298 1820 4351 in
1855 4301 2057 4371 templo

479 4379 603 4425 sunt
674 4375 991 4439 constituta,
1055 4376 1298 4434 dicitur?
1363 4380 1498 4448 Quia
1530 4386 1583 4439 hi
1614 4388 1704 4458 qui
1749 4400 1916 4461 agunt
1944 4410 2059 4463 pce-

2177 533 2310 598 lum,
2351 536 2497 605 quod
2545 537 2763 592 videtur
2812 554 2936 595 esse
2974 543 3315 598 contrarium
3366 542 3564 615 aliquo
3603 551 3781 613 modo.

2174 625 2278 680 nisi
2321 630 2652 697 competenti
2690 632 3033 700 expositione
3085 635 3351 689 solvatur.
3399 638 3781 703 Quamobrem

2174 718 2511 773 sacerdotem
2569 720 2788 791 quidem
2847 721 3170 779 offerentem
3230 725 3509 798 integrum
3571 733 3783 785 sacriﬁ-

2171 807 2340 872 cium,
2387 817 2442 864 et
2500 812 2881 866 comedentem
2942 813 3200 885 intelligis
3274 815 3598 875 Christum.
3668 821 3782 892 ipse

2171 901 2353 947 autem
2394 905 2636 951 nostram
2681 898 2874 953 offeret
2913 904 3312 970 paenitentiam,
3345 906 3465 976 ipse
3503 917 3567 963 et
3596 926 3779 966 come-

2171 986 2281 1049 det,
2311 988 2438 1056 quia
2466 989 2649 1043 cibum
2676 991 2907 1047 salutem
2940 1005 3287 1062 peccatorum
3325 1000 3517 1054 habet.
3571 1002 3779 1059 Carnes

2170 1087 2352 1132 autem
2405 1081 2679 1148 sacriﬁcii,
2723 1098 2846 1153 quae
2905 1088 3182 1154 pertinent
3231 1091 3299 1144 ad
3354 1095 3775 1162 paenitentiam.

2169 1170 2350 1226 omnis
2390 1174 2665 1229 masculus
2698 1176 2766 1230 de
2819 1179 3201 1234 sacerdotibus
3235 1185 3515 1249 comedet,
3548 1203 3774 1242 onmem

2170 1258 2544 1317 fortitudinem
2595 1268 2990 1323 convenienter
3025 1272 3312 1339 exhibens,
3359 1277 3452 1330 cui
3499 1291 3663 1334 recte
3698 1281 3776 1334 di-

2168 1358 2360 1406 catur:
2396 1352 2626 1409 Viriliter
2659 1374 2779 1426 age,
2809 1369 2858 1413 et
2902 1363 3203 1433 confortare
3246 1375 3295 1418 et
3345 1369 3554 1421 sustine
3597 1370 3776 1424 Domi-

2171 1442 2372 1498 num“.
2427 1444 2492 1500 Et
2518 1446 2635 1503 haec
2682 1450 2901 1518 quidem
2929 1452 2999 1508 ita
3034 1470 3094 1509 se
3122 1456 3346 1513 habent.
3402 1459 3516 1514 Sed
3546 1461 3775 1517 intuen-

2169 1530 2297 1586 dum
2332 1545 2435 1599 cst,
2467 1550 2628 1605 quem
2666 1540 2971 1595 subinl'crat
3004 1545 3323 1600 terminum.

2230 1625 2418 1678 Hostia
2440 1627 2576 1680 enim
2603 1644 2719 1699 qua,
2747 1632 2968 1686 creditur
2983 1650 3078 1702 pro
3098 1649 3330 1704 peccato,
3364 1642 3525 1713 cujus
3550 1649 3777 1715 sanguis

2168 1717 2395 1788 infertur
2429 1721 2485 1773 in
2525 1722 2865 1778 tabernaculo
2897 1729 3201 1790 testimonii,
3234 1731 3304 1783 ad
3353 1734 3696 1800 expiandum
3726 1740 3775 1789 in

2169 1813 2496 1876 sanrtuario,
2537 1830 2638 1867 non
2680 1817 3000 1882 comedetur,
3039 1822 3133 1875 sed
3169 1822 3509 1877 comburetur
3542 1826 3683 1896 igni,
3716 1828 3776 1881 Et

2169 1902 2326 1968 cujus
2359 1904 2581 1973 sanguis
2615 1921 2714 1975 pro
2754 1918 2979 1976 peccato
3020 1911 3076 1964 in
3112 1913 3470 1969 tabernaculo
3515 1921 3777 1972 testium-

2168 1995 2245 2048 nii
2273 1995 2342 2051 ad
2371 1997 2698 2066 expiandum
2730 2015 2825 2054 seu
2855 2001 3257 2072 deprecandum
3286 2006 3569 2062 oﬁ'ertur?
3606 2005 3772 2065 Vituli

2168 2087 2377 2143 scilicet
2429 2091 2866 2163 congregationis
2947 2095 3065 2150 sive
3123 2095 3466 2168 Synagogre,
3541 2102 3601 2157 id
3694 2113 3773 2159 est

2167 2177 2341 2241 vituli,
2395 2195 2492 2248 pro
2538 2191 2762 2250 peccato
2792 2180 3088 2253 pontiﬁcis,
3128 2187 3233 2241 hoc
3262 2189 3411 2242 enim
3442 2191 3773 2259 plenissime

2168 2269 2422 2338 superius
2446 2270 2603 2324 dixit.
2638 2272 2775 2338 Quia
2806 2261 3056 2344 ergo'illa
3106 2278 3373 2333 sacriﬁcia
3405 2282 3609 2335 multis
3647 2300 3772 2354 pro-
3816 2298 3821 2303 ·

2169 2361 2480 2416 batiouibus
2546 2364 2615 2417 ad
2688 2366 2968 2421 Christum
3029 2368 3374 2425 ostendimus
3436 2374 3765 2443 pertinere,

2168 2461 2315 2505 recte
2365 2466 2427 2506 ea
2467 2453 2677 2509 comedi
2726 2471 2837 2513 non
2874 2459 3154 2528 praecepit,
3196 2462 3290 2514 sed
3326 2462 3455 2533 igne
3490 2467 3764 2521 comburi.

2165 2541 2354 2611 Neque
2412 2543 2557 2596 enim
2616 2560 2716 2614 per
2771 2562 2854 2613 ea,
2907 2563 2999 2617 per
3047 2565 3167 2618 quae
3214 2551 3316 2606 sibi
3380 2558 3767 2626 unusquisque

2165 2634 2541 2688 remissionem
2593 2651 2938 2706 peccatorum
2989 2640 3258 2712 proliigat,
3313 2658 3415 2712 per
3461 2645 3763 2715 jejunium,

2165 2726 2311 2780 verbi
2357 2728 2548 2798 gratia,
2584 2739 2679 2783 aut
2706 2730 2915 2801 vigilias
2951 2733 3035 2788 vel
3063 2733 3221 2787 aliam
3253 2735 3499 2791 similem
3530 2754 3765 2795 conver-

2164 2817 2453 2882 sationem,
2502 2820 2645 2874 nnde
2676 2829 2732 2875 ct
2770 2822 2888 2877 lucc
2934 2831 3134 2878 nostrae
3191 2826 3377 2881 carnis
3416 2831 3766 2897 poenitentia:

2164 2906 2457 2962 dicuntur:
2514 2926 2617 2964 nec
2672 2926 2801 2981 ergo
2854 2929 2951 2983 per
2991 2915 3109 2969 inec
3158 2914 3413 2972 Christus
3448 2926 3766 2977 communis

2164 2999 2371 3067 peccati
2435 2998 2510 3069 (id
2565 3011 2647 3057 cst
2706 3003 2928 3059 humani
2985 3008 3240 3077 generis,
3305 3011 3458 3079 quod
3527 3017 3765 3084 populus

2165 3089 2431 3159 signiﬁcat
2469 3101 2524 3145 et
2567 3094 2764 3146 summi
2813 3097 3112 3151 sacerdotis
3177 3113 3437 3168 persona,
3485 3104 3586 3173 qui
3641 3122 3763 3174 quis

2164 3188 2366 3249 pratest
2400 3181 2621 3251 populo.
2645 3185 2863 3254 propria
2898 3185 3029 3241 facit
3057 3188 3244 3258 utique
3278 3192 3470 3260 populi
3515 3207 3761 3264 peccata)

2163 3272 2373 3343 peragit
2397 3273 2799 3339 remissionem,
2832 3277 2928 3331 sed
2958 3280 3284 3335 auctoritate
3313 3291 3365 3337 el
3399 3284 3615 3340 virtute
3641 3303 3765 3357 pro-

2162 3366 2295 3437 priae
2331 3366 2655 3441 divinitatis.
2706 3367 2909 3423 Christi
2957 3371 3106 3425 enim
3130 3366 3444 3442 passiones,
3483 3392 3591 3446 per
3632 3396 3765 3449 quas

2161 3459 2319 3513 nobis
2350 3459 2600 3514 remissio
2629 3471 2971 3530 procuratur,
3015 3477 3127 3517 non
3160 3464 3402 3522 hominis
3431 3469 3760 3540 cujusquam

2163 3532 2436 3621 puri,.sed
2468 3549 2563 3606 Dei
2593 3560 2723 3607 sunt
2746 3551 3038 3609 incarnati.
3067 3553 3300 3626 Propter
3325 3559 3475 3626 quod
3504 3532 3639 3614 ⁷ιιοιι
3678 3570 3759 3616 est

2161 3644 2369 3700 esibilis
2402 3643 2738 3709 hominibus,
2762 3645 2857 3701 sed
2888 3646 3015 3717 igne
3034 3650 3402 3716 consumitur,
3433 3655 3568 3721 quia
3595 3655 3761 3709 solius

2166 3734 2254 3789 Dei
2297 3743 2382 3790 est
2430 3734 2809 3790 remissionem
2850 3736 2997 3789 omni
3054 3738 3298 3807 praebere
3346 3756 3452 3795 suo
3484 3744 3759 3813 plasmati,

2161 3826 2305 3896 quod
2337 3841 2433 3896 per
2468 3827 2648 3896 ignem
2692 3824 2982 3896 signiﬁcat.
3040 3826 3180 3882 Deus
3226 3829 3376 3884 enim
3412 3844 3598 3888 noster
3630 3837 3760 3906 ignis

2162 3933 2465 3972 consumens
2487 3925 2562 3971 est
2579 3918 2646 3972 ".

2760 4006 2987 4065 CAPUT
3038 4008 3149 4066 Vll.

2231 4099 2394 4154 Vens.
2433 4099 2554 4154 1-7.
2593 4118 2613 4152 ‹
2648 4099 2775 4155 llaec
2805 4115 3024 4169 quoque
3060 4110 3145 4155 est
3174 4101 3259 4156 lex
3293 4102 3493 4158 hostiae
3530 4121 3633 4175 pro
3668 4108 3761 4161 de-

2163 4193 2311 4256 licto,
2334 4192 2591 4247 Sanctum
2610 4204 2925 4247 sanctorum
2942 4205 3054 4261 est;
3077 4195 3302 4259 idcirco,
3329 4198 3422 4252 ubi
3444 4200 3763 4256 immolatur

2165 4282 2567 4345 holocaustum,
2619 4284 2945 4338 mactabitur
2993 4293 3050 4339 et
3092 4286 3310 4341 victima
3356 4305 3459 4357 pro
3516 4291 3756 4355 delicto;

2167 4380 2386 4451 sanguis
2413 4381 2533 4450 ejus
2558 4396 2655 4451 per
2678 4397 2869 4451 gyrum
2895 4381 3155 4438 iundetur
3181 4386 3389 4440 altaris.
3424 4388 3677 4445 Oﬁ‘erent
3700 4408 3761 4445 ex

479 4461 785 4527 nitentium,
830 4467 1197 4522 necessariam
1221 4471 1289 4525 ad
1331 4472 1661 4541 adjutorium
1698 4480 1901 4538 habent
1929 4461 2055 4540 ora-
2089 4483 2132 4537 D
2162 4489 2225 4530 ea
2263 4474 2515 4540 caudam»
2554 4482 2611 4528 ει
2654 4473 2869 4545 adipem
2904 4475 2997 4544 (1⁸³ἱ
3042 4477 3222 4546 Opem
3265 4479 3471 4545 νίωίῖθν
3500 4482 3647 4537 duos
3678 4499 3762 4536 ἴθ’

478 4555 684 4607 tionem
738 4558 946 4627 populi,
996 4561 1194 4630 quibus
1232 4574 1522 4623 attestatur
1555 4570 1792 4629 Jacobus
1829 4576 2058 4635 dicens:

478 4645 812 4716 Conﬁtemini
842 4652 1156 4709 alterutrum
1194 4669 1409 4729 peccata
1448 4672 1641 4732 vestra,
1678 4675 1727 4719 et
1765 4677 1913 4724 orate
1967 4687 2062 4739 pro

476 4740 697 4795 invicem
733 4754 788 4798 ut
821 4746 1179 4803 sulvemini".

544 4832 726 4891 Omnis
766 4842 1032 4897 masculus
1089 4845 1153 4899 de
1204 4863 1390 4918 genere
1429 4854 1781 4921 sacerdotali,
1829 4866 2062 4911 vescetur

474 4928 720 4983 carnibus
740 4930 874 5000 ejus,
916 4935 1042 5004 quia
1077 4934 1330 4993 Sanctum
1376 4951 1679 4998 sanctorum
1720 4954 1816 4999 est.
1860 4946 1915 5001 Id
1947 4955 2054 5014 est,

478 5016 582 5072 hoc
624 5020 769 5088 quod
813 5023 1054 5091 pertinet
1101 5026 1170 5081 ad
1221 5030 1555 5097 pmnitentiae
1586 5035 1880 5102 actionem,
1930 5038 2054 5092 forti

476 5110 621 5165 enim
675 5126 815 5182 opus
859 5122 946 5169 est
982 5128 1145 5171 sensu
1182 5126 1236 5172 et
1271 5119 1410 5174 virili
1441 5122 1746 5181 intentione
1794 5128 1930 5181 nihil
1976 5128 2058 5184 fc-

477 5203 718 5261 mineum
756 5221 934 5279 neque
973 5208 1175 5266 ﬂuxum
1217 5212 1472 5277 habente.
1530 5217 1587 5271 in
1632 5219 1840 5289 agenda
1887 5221 2062 5288 paeni-

479 5302 673 5355 tentia.
704 5301 1012 5358 Notandum
1058 5312 1260 5365 autem,
1296 5306 1420 5375 quia
1460 5309 1781 5364 sacriﬁcium
1831 5310 2052 5380 quidem

477 5405 602 5446 cum
629 5392 722 5463 qui
748 5392 942 5449 oﬁ'eret
971 5395 1304 5451 sacerdotem
1339 5398 1471 5452 dixit
1500 5401 1787 5457 comedere
1813 5419 1826 5454 :
1867 5416 2059 5458 carnes

479 5489 659 5536 autem
713 5483 958 5539 sacriﬁcii
1006 5498 1197 5542 munes
1246 5487 1517 5544 masculos
1561 5489 1628 5544 de
1662 5490 2056 5551 sacerdotibus.

549 5703 816 5782 δζξίειιιιι.
850 5724 930 5772 ιιι,
988 5712 1020 5765 8
1046 5724 1195 5782 seqq.

1290 5712 1397 5768 “ll
1446 5714 1586 5769 Tim.
1632 5726 1690 5783 ll,
1723 5716 1813 5771 ΞΟ.

484 5774 557 5835 lv,
582 5772 676 5828 ἓξ.

1912 5712 1955 5743 δτ
1982 5709 2064 5769 [sa
2127 5730 2252 5779 xxx,
2286 5709 2367 5764 ll.
2443 5711 2490 5743 '°
2516 5710 2627 5767 Jac.
2662 5730 2717 5782 ι’,
2754 5715 2839 5771 l6.
2917 5718 2959 5748 ’"
2986 5715 3130 5772 Psal.
3164 5731 3312 5784 sxw,
3345 5719 3425 5774 ll.

2170 4565 2460 4631 nunculos,
2492 4573 2549 4619 et
2572 4564 2979 4636 pinguedinem,
3025 4583 3147 4637 quae
3183 4568 3339 4637 juxta
3371 4570 3461 4623 ilia
3493 4582 3605 4637 est,
3635 4576 3793 4661 νοεῖ-ι

2170 4660 2462 4729 culumque
2504 4660 2704 4729 jecoris
2743 4676 2866 4715 cum
2919 4663 3255 4729 ranunculis,
3300 4673 3357 4718 et
3407 4668 3659 4722 adoleuit
3704 4688 3761 4723 ea

2170 4751 2426 4806 sacerdos
2474 4766 2636 4821 super
2675 4752 2882 4807 altare:
2937 4754 3218 4810 incensum
3264 4768 3347 4812 est
3399 4758 3621 4815 Domini
3669 4780 3763 4832 pro

2171 4845 2394 4909 delicto.
2423 4844 2612 4900 Omnis
2657 4848 2934 4902 masculus
2978 4849 3046 4903 de
3076 4850 3396 4905 sacerdotali
3444 4869 3673 4923 genere,
3710 4858 3761 4909 in

2165 4936 2286 4991 loco
2328 4947 2518 4995 sancto
2562 4947 2815 4993 vescetur
2876 4939 2961 4993 his
3013 4942 3295 5005 carnibus,
3330 4944 3457 5013 quia
3488 4946 3762 5001 Sanctum

2161 5029 2474 5083 sanctorum
2543 5036 2647 5083 est.
2721 5028 2788 5084 Et
2862 5030 3004 5086 sicut
3076 5048 3176 5103 pro
3249 5043 3473 5105 peccato
3528 5038 3766 5093 olfertnr

2161 5118 2384 5183 hostia,
2466 5120 2537 5172 ita
2621 5126 2678 5174 et
2747 5136 2848 5190 pro
2920 5122 3483 5197 dciicto;ntriusque
3572 5128 3760 5183 hostia:

2163 5225 2270 5266 una
2306 5212 2390 5266 lex
2420 5212 2546 5277 erit,
2579 5213 2659 5267 Ad
2692 5214 3032 5270 sacerdotem
3063 5218 3155 5287 qui
3181 5234 3301 5273 eam
3337 5221 3611 5277 obtulerit
3638 5238 3760 5293 per-

2165 5304 2376 5359 tinebit.
2422 5321 2440 5354 ι

2244 5395 2506 5451 Delictum
2559 5397 2848 5467 aliquando
2901 5402 3122 5470 quidem
3175 5405 3514 5477 recognitum
3564 5423 3756 5478 pecca-

2170 5498 2285 5544 tum
2325 5498 2501 5555 vocat,
2548 5490 2839 5560 aliquando
2888 5505 3073 5550 autem
3108 5496 3262 5563 illud,
3298 5500 3445 5569 quod
3480 5500 3537 5554 in
3583 5501 3751 5571 ipsum

3507 5722 3559 5753 η
3590 5720 3743 5775 item.
