3886 6306
144 306 287 371 857
1344 314 1426 377 IN
1463 314 1901 383 LEVITLCUM.
1942 351 2010 362 ·-
2045 324 2191 387 LIB.
2235 327 2318 389 II.
3347 332 3455 398 858

143 419 548 476 committitur
582 418 774 487 Deum,
803 421 945 479 sicut
972 423 1104 479 illud
1133 426 1276 495 quod
1321 427 1379 483 in
1407 431 1612 485 sanctis
1644 447 1768 501 per-
1797 442 1844 496 Λ
1873 438 2177 494 llcationem
2224 441 2525 512 signiﬁcat,
2572 459 2692 513 qua:
2742 442 2899 500 nobis
2951 443 3201 499 ordinata
3246 454 3329 501 est
3382 446 3452 500 ad

143 521 455 605 Ρςὲιτειιυτν
503 514 965 605 (Ιυθωθάηιοάυηι
1000 517 1251 605 superius
1289 520 1651 576 Ostendimus.
1692 524 1769 578 De
1873 531 2120 585 salutem.
2153 532 2460 588 Notandum
2489 543 2690 601 autem,
2721 536 2848 605 quia
2884 550 3224 605 quaecunque
3275 536 3330 590 in
3360 551 3452 590 sa-

145 602 260 657 his
312 618 509 657 ""505
561 618 797 697 Ρτίὲδεῐξε
856 604 1009 659 locus
1062 604 1212 659 ἀίοίῐο
1280 605 1628 661 Μειιίΐεδιιιιιι
1685 618 1771 663 ρει
1871 620 2075 676 criﬁcio
2114 624 2481 692 paciﬁcorum,
2526 642 2589 681 ea
2629 627 2682 680 in
2720 602 2823 682 hoc
2867 602 3152 682 sacriﬁcio
3188 628 3448 697 praecepit

143 702 366 787 fni?“
396 709 460 748 ει
493 709 587 787 εἷο-ιῄ
620 694 776 787 quod
809 704 865 749 ει
905 711 1005 764 Pro
1049 697 1171 787 hoc:
1202 698 1501 752 secundum
1540 699 1684 768 (μιοά
1714 707 1770 755 ει
1869 712 2005 768 ﬁeri.
2031 716 2260 785 Adipem
2280 719 2435 787 jubet
2465 720 2670 775 oﬁ‘erri.
2709 722 2987 776 Desiderat
3016 721 3162 775 enim
3188 694 3446 774 Christus

144 781 325 881 Ex;
370 785 680 881 ερθθίίιιίιθτ
727 785 935 881 dicunt}
996 786 1219 881 θτῖθξθῐι)
1256 788 1420 842 0‘10"
1425 789 1439 842 ί
1485 790 1763 881 PmFOPAiAl-
1866 812 1922 858 et
1974 821 2099 860 eum
2138 781 2244 877 qui
2280 781 2476 879 gravia
2528 812 2690 866 habet
2746 822 2990 881 peccata,
3036 812 3268 866 salvare.
3306 811 3443 864 Cum

149 868 285 970 ξεῖά
321 882 381 925 ει
410 871 466 925 in
499 888 607 941 (1υο
648 875 1091 970 ευιηηῖιιηίίξηθιη
1124 876 1287 929 habet
1317 893 1442 970 υωη
1477 879 1765 970 {immicus
1864 894 2045 964 adipe,
2083 868 2383 952 sec-undam
2421 898 2586 963 LXX,
2630 909 2685 954 et
2725 868 2988 955 lumbum
3010 901 3219 955 olTeret.
3254 899 3442 970 Neque

146 962 408 1016 aliorum
450 972 816 1033 peccatorum,
865 973 921 1019 et
951 966 1006 1018 in
1041 981 1150 1034 quo
1180 982 1371 1022 rursus
1413 967 1597 1023 diﬁert
1629 970 1761 1024 sub-

144 1053 339 1109 tiliter
381 1055 734 1111 discutientes
762 1057 1124 1113 inveniemus.

238 1145 378 1201 llaec
423 1164 624 1218 quoque
674 1157 750 1202 est
780 1148 865 1202 lca:
910 1149 1093 1205 hostire
1138 1167 1232 1219 pro
1270 1152 1479 1205 delicto.
1530 1151 1587 1206 In
1650 1168 1762 1222 quo

144 1236 318 1292 LXX
379 1241 606 1294 arietem
668 1240 994 1310 specialiter,
1062 1251 1121 1297 ut
1173 1258 1337 1313 supra
1398 1244 1608 1317 dictum
1650 1252 1754 1309 est,

144 1340 567 1400 expresserunt
596 1332 877 1389 dicentes:
928 1333 1058 1387 llaec
1088 1345 1161 1389 est
1192 1335 1275 1389 lea:
1314 1338 1495 1391 arietis
1519 1354 1613 1405 pro
1648 1354 1757 1407 pa:-

146 1422 417 1486 m'teutia,
449 1423 647 1479 Sancta
693 1438 997 1482 sanctorum
1026 1438 1165 1482 sunt.
1197 1427 1262 1482 In
1307 1429 1417 1483 loco
1446 1446 1546 1498 quo
1568 1432 1757 1485 immo-

149 1513 357 1567 labuut
391 1516 842 1582 Itolocautomata,
893 1520 1215 1590 jugulabuut
1263 1531 1311 1574 et
1339 1522 1559 1574 arietem
1588 1522 1753 1589 poeni-

146 1607 349 1659 tentia:
372 1618 556 1660 contra
591 1608 762 1685 Deum
795 1620 839 1662 et
882 1614 1191 1681 sanguinem
1235 1612 1398 1680 ipsius
1437 1614 1653 1682 fundent
1681 1613 1751 1665 ad

147 1696 340 1750 basim
370 1698 558 1754 altaris
593 1701 649 1754 in
683 1702 928 1759 circuitu.
964 1703 1087 1757 llaec
1119 1698 1248 1773 ergo
1286 1705 1594 1758 communia
1623 1712 1753 1758 sunt

1863 988 2009 1042 enim
2040 990 2381 1045 solummodo
2418 992 2521 1046 hoc
2568 993 2703 1055 vult,
2749 993 2843 1047 sed
2876 1000 2932 1047 et
2958 1002 3155 1062 potest.
3198 992 3441 1049 Lumbus

1861 1087 2042 1132 autem
2070 1121 2084 1147 ,
2139 1089 2327 1151 utpote
2374 1082 2516 1138 forte
2564 1084 2891 1155 membrum,
2934 1084 3203 1155 signiﬁcat
3261 1085 3439 1140 virtu-

1860 1180 1990 1228 tem.

1929 1264 2071 1317 Duos
2101 1265 2432 1331 renuuculos,
2480 1276 2529 1319 et
2570 1267 2937 1335 pinguedinem
2975 1281 3090 1335 qua:
3139 1266 3299 1335 juxta
3337 1266 3435 1320 ilia

1858 1362 1956 1408 est.
1993 1354 2120 1409 Vult
2152 1356 2354 1425 quippe
2394 1357 2628 1411 maxime
2657 1357 2974 1425 paenitentis
2994 1357 3246 1411 mundari
3279 1357 3435 1412 inte-

1856 1446 2053 1500 riorem
2100 1447 2397 1511 hominem,
2431 1449 2546 1502 vult
2574 1449 2739 1501 etiam
2776 1447 2978 1501 habere
3017 1462 3142 1501 eum
3173 1456 3229 1501 et
3268 1447 3436 1502 casti-

1855 1546 2042 1592 tatem.
2096 1538 2326 1608 Propter
2374 1539 2518 1608 quod
2570 1555 2677 1592 non
2732 1539 2906 1593 solum
2954 1539 3188 1599 renium,
3233 1539 3329 1592 sed
3376 1547 3434 1592 et

1852 1624 2102 1691 iliorum,
2150 1628 2235 1680 vel
2284 1627 2548 1681 ternorum
2592 1628 3018 1697 pinguedinem,
3067 1643 3162 1682 seu
3212 1628 3430 1695 adipem

1853 1717 2054 1771 auferri
2098 1717 2285 1787 jussit.
2323 1718 2449 1787 quia
2479 1718 2595 1773 haec
2626 1717 3023 1772 commistionis
3046 1718 3347 1772 ministeria
3375 1727 3433 1773 et

149 1801 293 1839 cum
320 1788 608 1854 sacriﬁcio,
640 1792 785 1861 quod
814 1807 914 1861 pro
956 1792 1062 1845 alio
1099 1792 1190 1846 illo
1234 1802 1456 1862 peccato
1496 1792 1746 1848 oﬁ‘ertur.

1854 1806 2120 1860 seminum
2171 1813 2449 1874 putantur.
2504 1807 2639 1861 Cum
2689 1807 2774 1860 his
2819 1808 2981 1861 etiam
3032 1807 3318 1861 reticulum
3346 1807 3431 1876 je-

149 1876 398 1949 Propter
428 1886 571 1953 quod
598 1900 662 1939 ea
694 1884 769 1939 ibi
807 1885 1182 1956 interpretata,
1225 1886 1313 1942 hic
1356 1897 1503 1942 recte
1525 1897 1749 1957 praeter-

149 1971 476 2028 mittentur.
509 1975 649 2041 Quid
688 1985 870 2031 autem
901 1978 986 2033 his
1024 1978 1254 2043 addidit,

234 2058 427 2129 0/feret
456 2079 520 2116 ea:
548 2080 609 2117 ea
638 2065 885 2125 caudam.
919 2074 969 2118 et
1002 2066 1208 2135 adipem
1239 2068 1329 2136 qui
1349 2067 1513 2136 operit
1537 2065 1745 2131 vitalia,

154 2149 298 2202 duos
329 2152 661 2214 reuuuculos,
694 2163 741 2207 et
769 2155 1160 2223 pinguedinem,
1193 2172 1308 2224 qua:
1323 2156 1484 2224 juxta
1524 2155 1621 2209 ilia
1649 2165 1745 2221 est,

157 2239 551 2311 reticulumque
587 2243 783 2311 jecoris
820 2261 939 2297 cum
980 2245 1299 2310 renunculis,
1351 2256 1396 2299 et
1427 2246 1652 2299 adolebit
1685 2262 1748 2299 ea

156 2343 327 2395 super
359 2330 533 2385 altare
579 2336 838 2400 sacerdos,
892 2336 1158 2389 incensum
1186 2346 1258 2390 est
1296 2336 1508 2389 Domini
1535 2353 1631 2405 pro
1659 2338 1750 2390 de-

159 2418 316 2474 licto.
377 2421 534 2487 Quod
595 2424 737 2480 LXX
799 2427 878 2482 sic
929 2427 1145 2482 edunt:
1181 2428 1247 2481 Et
1290 2446 1495 2482 omnem
1537 2430 1747 2498 adipem

160 2512 286 2581 ejus
318 2516 522 2583 auferet
560 2517 623 2570 ab
658 2533 736 2581 eo,
789 2517 1022 2572 lumbum
1069 2530 1117 2574 et
1156 2536 1361 2574 omnem
1406 2522 1616 2589 adipem
1655 2522 1747 2591 qui

161 2603 339 2671 operit
384 2605 675 2671 interiora,
722 2616 770 2661 et
811 2626 1015 2664 omnem
1073 2612 1283 2680 adipem
1321 2614 1410 2680 qui
1452 2622 1526 2666 est
1560 2614 1616 2665 iu
1664 2614 1747 2665 in-

162 2695 465 2759 terioribus,
507 2707 555 2751 et
587 2700 717 2754 duos
752 2717 922 2767 renes,
975 2712 1023 2756 et
1060 2705 1270 2772 adipem
1312 2706 1368 2758 in
1395 2706 1490 2770 eis,
1519 2706 1609 2774 qui
1670 2715 1745 2759 est

162 2784 225 2839 in
288 2788 597 2857 feruoribus,
660 2800 709 2845 et
782 2793 1032 2861 pinnulas
1088 2795 1284 2864 jecoris
1349 2812 1468 2849 cum
1538 2796 1746 2851 renibus

164 2886 216 2931 et
280 2879 457 2948 oﬂ'eret
513 2897 575 2934 ea
635 2884 707 2936 ad
763 2884 935 2937 altare
990 2887 1231 2939 sacerdos
1281 2888 1508 2941 hostiam
1566 2887 1746 2941 Domi-

167 2982 256 3022 no.
295 2968 417 3024 llaec
442 2985 783 3042 nequaquam
820 2976 1093 3043 pertinent
1135 2976 1199 3030 ad
1227 2976 1457 3030 aliorum
1489 2988 1745 3046 peccato-

170 3073 288 3112 rum
338 3060 617 3139 sacriﬁcia,
678 3072 894 3133 Oportet
941 3080 1071 3135 ergo
1131 3081 1192 3120 ea
1249 3067 1541 3121 discutere.
1609 3068 1742 3123 Illud

166 3159 349 3205 autem
392 3154 673 3209 intendere
724 3157 872 3225 prius
901 3167 983 3211 est
1028 3159 1419 3222 necessarium,
1451 3161 1577 3229 quia
1608 3160 1743 3215 deli-

166 3250 315 3296 ctum
378 3244 445 3297 ad
515 3245 682 3299 Deum
734 3247 1005 3302 refertur:
1047 3265 1389 3319 quazcunque
1445 3259 1628 3304 autem
1676 3251 1743 3305 ad

167 3332 338 3389 Deum
388 3335 719 3402 referuntur,
754 3339 1025 3394 dilﬁcilem
1061 3341 1265 3396 habent
1307 3341 1545 3404 veniam,
1576 3342 1650 3395 ita
1683 3350 1745 3397 ut

168 3424 287 3481 Heli
329 3425 453 3481 ﬁliis
489 3428 714 3484 diceret:
746 3428 805 3484 Si
846 3430 998 3485 homo
1032 3432 1319 3499 peccaverit
1364 3433 1421 3486 in
1460 3434 1741 3501 hominem,

167 3518 337 3573 orabit
356 3536 452 3589 pro
485 3536 584 3575 eo:
608 3522 657 3575 si
684 3539 802 3577 vero
843 3524 900 3576 in
938 3522 1102 3577 Deum
1138 3526 1448 3594 peccaverit,
1485 3526 1601 3596 quis
1648 3544 1743 3596 pro

168 3627 231 3666 eo
278 3611 541 3666 orabit"?
579 3612 896 3669 Necessario
939 3629 1069 3684 ergo
1112 3614 1337 3669 arietem
1381 3615 1604 3685 ﬁguram
1646 3631 1743 3686 ge-

169 3711 378 3758 rentem
411 3704 646 3769 Domini,
686 3705 754 3760 de
790 3721 899 3775 quo
924 3705 1130 3760 dictum
1183 3716 1267 3761 est
1305 3725 1317 3760 :
1378 3707 1510 3762 Ecce
1562 3707 1743 3779 Agnus

169 3794 288 3860 Dei,
331 3812 443 3849 ecce
473 3797 563 3866 qui
608 3796 745 3850 tollit
776 3806 1047 3865 peccatqu
1094 3782 1356 3862 mundi”,
1396 3799 1536 3853 sumi
1571 3800 1625 3852 in
1653 3815 1742 3855 sa-

167 3883 368 3941 oriﬁcio
416 3885 672 3951 diximus,
723 3887 776 3940 in
829 3902 936 3956 quo
966 3889 1083 3943 solo
1112 3895 1233 3954 est,
1266 3895 1485 3956 peccata
1531 3905 1652 3958 qua:
1689 3890 1742 3944 in

171 3991 293 4031 eum
322 3979 611 4032 commissa
641 3986 768 4032 sunt
792 3978 1050 4033 relaxare.
1090 3977 1318 4049 Oportet
1339 3989 1520 4035 autem
1550 3983 1740 4050 qumri,

171 4085 335 4140 quare
368 4086 478 4125 non
512 4070 690 4125 omnis
716 4074 857 4127 aries
889 4072 942 4126 in
984 4072 1362 4128 holocaustum
1393 4073 1481 4137 sit,
1524 4074 1662 4128 sicut
1690 4082 1746 4128 et

172 4161 390 4223 vitulus,
444 4162 533 4231 qui
574 4177 670 4230 pro
721 4163 921 4231 populo
960 4171 1017 4217 et
1068 4178 1166 4232 pro
1215 4162 1499 4216 sacerdote
1530 4162 1745 4217 oblatus

172 4259 273 4316 est,
301 4259 357 4304 et
390 4251 503 4318 ipse
538 4251 682 4304 enim
719 4252 941 4321 figuram
972 4269 1159 4323 gerere
1189 4252 1435 4307 sacriﬁcii
1469 4253 1744 4323 Unigcniti

173 4351 254 4397 est
284 4343 559 4412 probatus.
595 4341 702 4396 Sed
730 4343 803 4397 ibi
837 4343 1055 4412 quidem
1080 4345 1202 4412 quia
1230 4345 1497 4414 generalis
1527 4345 1744 4412 dispen-

1847 1898 2012 1962 coris,
2058 1897 2143 1951 vel
2172 1899 2312 1952 sicut
2341 1897 2503 1958 LXX,
2550 1898 2832 1967 pinuu!am
2860 1899 3036 1966 epatis
3065 1914 3187 1952 cum
3221 1913 3428 1952 renun-

1846 1988 1982 2042 culis
2009 1986 2208 2041 auferri
2246 1988 2525 2056 praecepit,
2556 1996 2611 2042 et
2639 1987 2825 2041 oﬁ'erri
2853 2003 2977 2042 cum
3010 1987 3132 2041 aliis
3173 1988 3228 2040 in
3267 1987 3426 2041 altari

1847 2078 2077 2134 hostiam
2115 2076 2357 2132 Domino.
2399 2076 2523 2130 Vult
2565 2077 2710 2131 enim
2744 2094 2867 2132 eum
2903 2077 2994 2146 qui
3044 2077 3422 2147 paenitentiam

1846 2171 1975 2240 agit,
2021 2169 2515 2238 concupiscentiam
2545 2169 2821 2238 propriam
2869 2185 2981 2223 non
3024 2170 3265 2232 habere.
3326 2172 3426 2227 sed

1845 2275 2064 2315 omnem
2125 2275 2244 2313 eam
2308 2258 2507 2313 oﬁerre
2570 2259 2701 2313 Deo.
2747 2258 2884 2325 Quia
2925 2261 3421 2329 concupiscentias,

1846 2351 1962 2406 sive
1995 2351 2283 2413 desideria,
2324 2350 2379 2403 in
2416 2350 2610 2419 hepate
2643 2351 2849 2405 moveri
2876 2350 3085 2417 dicunt,
3116 2360 3172 2407 et
3198 2354 3419 2416 nutriri.

1845 2458 2072 2513 quarum
2124 2443 2374 2512 primitiae
2409 2457 2507 2511 per
2553 2441 2831 2510 pinnulam
2869 2443 3064 2497 oblata:
3088 2444 3144 2497 in
3180 2446 3423 2501 sanctiﬁ-

1846 2533 2058 2587 catione
2115 2531 2318 2602 peragi,
2375 2547 2671 2601 omnesque
2722 2531 2919 2602 corrigi
2975 2532 3205 2590 faciunt.
3294 2536 3425 2592 Haec

1846 2625 2053 2689 dicens,
2086 2625 2294 2679 addidit
2319 2640 2335 2677 :

1922 2713 2025 2766 Pro
2043 2714 2231 2767 delicto
2249 2721 2344 2767 est.
2369 2710 2695 2778 Ostendens,
2710 2714 2836 2783 quia
2856 2730 2970 2770 non
2991 2714 3194 2770 frustra
3213 2716 3424 2771 sacriﬁ-

1846 2804 1986 2858 cium
2020 2805 2125 2858 hoc
2160 2803 2381 2858 diﬁ'erre
2413 2804 2481 2858 ab
2517 2804 2639 2860 aliis
2665 2804 2965 2870 sacriﬁciis,
3005 2822 3126 2875 qua:
3168 2813 3298 2860 sunt
3325 2822 3427 2876 pro

1844 2895 2101 2963 peccatis,
2146 2894 2300 2959 dixit,
2329 2893 2424 2948 sed
2467 2894 2594 2962 quia
2634 2910 2734 2963 pro
2761 2894 2958 2950 delicto
2986 2903 3089 2962 est,
3132 2896 3185 2950 id
3215 2905 3322 2960 est,
3366 2896 3426 2951 in

1848 2988 2016 3041 Deum
2048 2985 2221 3039 tendit
2254 2994 2536 3053 peccatum
2569 2985 2710 3053 ejus.
2740 2985 2896 3040 Unde
2931 2995 2983 3040 et
3012 2996 3218 3055 partem
3263 2987 3426 3042 Chri-

1847 3076 1917 3129 sti
1961 3073 2237 3137 sacriﬁcii,
2278 3073 2423 3142 quod
2458 3089 2557 3141 pro
2595 3074 2742 3127 omni
2774 3090 2972 3144 genere
2998 3075 3238 3130 humano
3267 3075 3427 3131 obla-

1849 3174 1961 3220 tum
2010 3173 2110 3229 est,
2166 3164 2220 3217 in
2272 3180 2376 3218 una
2430 3164 2593 3219 etiam
2635 3180 2867 3234 persona
2911 3166 3156 3236 accipere
3198 3183 3427 3224 necesse

1844 3256 2054 3311 habuit.
2088 3255 2314 3325 Reliqua
2354 3266 2536 3309 autem
2569 3271 2677 3309 non
2708 3258 2937 3325 accepit,
2976 3257 3103 3326 quia
3140 3258 3238 3311 soli
3269 3258 3426 3313 obla-

1846 3343 2009 3409 tioni,
2062 3358 2185 3412 quae
2225 3358 2323 3413 pro
2377 3344 2633 3397 omnibus
2680 3344 2861 3397 oblata
2914 3353 3020 3408 est,
3074 3353 3421 3414 competunt.

1841 3433 2031 3503 Neque
2080 3434 2224 3488 enim
2269 3433 2384 3488 sola
2451 3448 2573 3502 qua:
2628 3434 2885 3503 praedicta
2942 3442 3089 3498 sunt,
3145 3432 3425 3503 Unigeniti

1844 3522 2168 3577 sacriﬁcium
2219 3522 2512 3592 praestitit:
2562 3523 2657 3578 sed
2705 3531 2760 3577 et
2793 3530 3132 3599 mortuorum
3178 3540 3428 3580 resurre-

1844 3615 2101 3672 ctionem.
2162 3626 2216 3668 et
2273 3614 2476 3668 diaboli
2536 3616 3091 3680 condemnationem,
3143 3618 3423 3674 maledicti

1844 3704 2252 3767 liberationem,
2350 3705 2587 3775 paradisi
2682 3707 3108 3773 restitutionem,
3193 3724 3422 3778 quarum

1846 3796 2268 3865 unumquodque
2326 3796 2577 3848 virtutem
2642 3796 2957 3863 paenitentis
3039 3797 3271 3852 excedit.
3341 3800 3426 3853 Ad

1844 3886 2004 3955 cujus
2062 3884 2527 3954 supplementum,
2566 3892 2754 3954 utpote
2810 3901 2921 3940 non
2978 3888 3081 3942 sibi
3124 3887 3428 3945 sufﬁciente

1844 3986 2067 4047 propter
2117 3975 2547 4043 magnitudinem
2604 3962 2936 4044 peceati'co
2991 3978 3082 4048 qui
3154 3980 3421 4049 peccavit,

1844 4076 2051 4138 partem
2102 4067 2366 4122 Dominici
2414 4068 2662 4123 sacriﬁcii
2705 4070 3141 4138 comprehendit.
3199 4070 3425 4141 Reliqua

1846 4167 2025 4214 autem
2076 4160 2146 4223 ei,
2195 4159 2339 4229 quod
2388 4174 2486 4227 pro
2514 4159 2767 4213 omnibus
2799 4170 2900 4224 cst,
2948 4161 3216 4215 sacriﬁcio
3245 4172 3429 4217 custo-

1844 4253 2090 4306 diuntur.
2118 4251 2478 4320 Participatur
2500 4261 2679 4305 autem
2705 4266 2770 4305 eo
2792 4259 2846 4306 et
2871 4253 2991 4316 iste,
3025 4269 3122 4322 pro
3141 4269 3249 4323 quo
3280 4270 3427 4310 nunc

1847 4343 2170 4397 sacriﬁcium
2221 4343 2299 4405 ﬁt,
2341 4359 2464 4396 cum
2514 4358 2657 4397 unus
2703 4351 2758 4397 et
2809 4344 2924 4412 ipse
2959 4359 3026 4398 ex
3070 4345 3217 4399 omni
3248 4361 3427 4400 massa

175 4444 285 4489 sata
310 4442 391 4490 est
424 4434 692 4498 remissio,
724 4445 777 4488 et
802 4435 981 4489 omnis
1012 4435 1235 4489 humani
1270 4435 1484 4504 generis
1525 4442 1741 4504 peracta
1777 4464 1819 4519 ι)
1848 4435 1934 4489 sit.
1979 4434 2268 4504 Postquam
2303 4441 2484 4487 autem
2542 4433 2696 4499 dixit,
2748 4434 2995 4502 quaedam
3046 4435 3298 4489 sacriﬁcii
3331 4450 3430 4504 pro

175 4534 256 4581 cst
280 4526 455 4590 venia,
488 4528 795 4581 necessarie
820 4541 981 4581 omne
1007 4525 1210 4580 Christi
1236 4526 1556 4596 sacriﬁcium
1582 4525 1746 4579 oll'er-

179 4627 281 4677 tur,
326 4618 416 4672 hic
451 4625 634 4672 autem
682 4618 810 4673 illud
848 4628 931 4673 est
958 4618 1105 4689 quod
1147 4634 1244 4686 pro
1290 4619 1372 4673 eis
1422 4618 1503 4684 ﬁt,
1548 4619 1748 4688 quibus

179 4709 497 4764 sacriﬁcium
553 4719 608 4764 et
665 4710 916 4766 remissio
990 4719 1333 4782 procuratur.
1397 4710 1748 4779 Qumcunque

180 4818 303 4873 ergo
325 4818 451 4857 eum
478 4813 707 4872 possunt
726 4804 958 4865 salvare,
1001 4804 1118 4858 lucc
1151 4804 1205 4857 in
1232 4803 1557 4857 sacriﬁcium
1597 4803 1748 4856 Chri-

178 4895 243 4951 sti
295 4890 495 4964 suscipi
553 4894 826 4963 legislator
865 4895 1048 4963 jussit.
1081 4893 1212 4960 Qua:
1258 4895 1367 4948 sint
1414 4902 1595 4947 autem
1631 4895 1748 4948 hzcc

178 4987 370 5043 Paulus
396 4989 475 5042 ait
502 5026 519 5052 ,
573 4987 764 5041 Pacem
800 4987 1080 5057 sequimini
1111 5003 1229 5039 cum
1260 4985 1499 5039 omnibus
1534 4987 1744 5048 dicens,

183 5083 229 5127 et
268 5076 692 5137 sanctimoniam,
747 5075 859 5128 sine
906 5088 1010 5142 qua
1061 5089 1211 5126 nemo
1264 5072 1452 5124 ridebit
1500 5071 1746 5126 Deum”.

185 5164 333 5231 Quod
362 5173 416 5217 et
440 5181 586 5219 nunc
612 5166 885 5235 legislator
916 5163 1239 5233 signiﬁcavit
1292 5180 1389 5233 per
1422 5164 1748 5219 autetactam

186 5254 546 5309 oblationem:
610 5255 929 5310 interiorum
984 5256 1129 5308 enim
1210 5257 1567 5325 cogitationes
1623 5265 1754 5309 sunt

188 5344 536 5416 iutelligibilia
583 5345 861 5412 interiora,
911 5346 1110 5416 quibus
1165 5362 1353 5416 pacem
1400 5346 1747 5411 habentibus,

186 5452 365 5509 pacem
409 5452 533 5491 cum
584 5437 834 5491 omnibus
882 5437 1219 5492 habebimus.
1253 5438 1539 5491 Oblatione
1567 5445 1749 5492 autem

188 5529 415 5593 renium,
459 5537 515 5582 et
551 5526 808 5596 pinnulae,
835 5538 888 5581 et
918 5528 1111 5597 epotis,
1146 5540 1196 5584 et
1245 5522 1511 5583 lemurum
1545 5530 1750 5583 sancti-

255 5730 296 5762 ⁸³
332 5727 350 5783 Ι
384 5728 517 5798 lieg.
575 5745 633 5793 ll,
668 5729 756 5782 23.
831 5728 1052 5785 "‘Joan.
1082 5748 1118 5796 ι,
1148 5734 1234 5788 29.
1312 5737 1355 5766 ⁸⁸⁵
1393 5732 1556 5788 llt-br.
1585 5751 1678 5798 xu,
1724 5734 1802 5788 li.

1849 4526 2047 4580 delicto
2082 4526 2375 4595 prtecipua,
2417 4524 2658 4579 subdidit
2685 4525 2998 4579 communia
3047 4541 3169 4595 qua:
3198 4525 3266 4580 de
3301 4540 3432 4595 pec-

1849 4617 1984 4673 catis
2000 4618 2194 4671 habet.

1924 4709 2107 4763 Omnis
2129 4708 2393 4761 masculus
2411 4709 2473 4761 de
2499 4709 2814 4761 sacerdotali
2837 4725 3022 4776 genere
3046 4710 3101 4761 iu
3127 4710 3237 4761 loco
3251 4716 3432 4761 sancto

1852 4810 2082 4854 vescetur
2109 4800 2187 4852 Itis
2212 4799 2480 4859 carnibus,
2534 4799 2658 4866 quia
2700 4798 2950 4849 Sanctum
2987 4811 3289 4850 sanctorum
3334 4807 3429 4853 est.

1856 4888 2000 4942 Sicut
2034 4902 2128 4953 pro
2160 4894 2371 4954 peccato
2416 4885 2628 4953 offertur
2656 4885 2849 4945 hostia,
2886 4886 2963 4938 ita
2997 4896 3048 4938 et
3089 4903 3183 4954 pro
3221 4886 3428 4939 delicto.

1861 4980 2134 5049 Utriusque
2195 4979 2376 5033 hostiis
2433 4994 2537 5031 una
2589 4977 2673 5031 lex
2730 4978 2853 5031 erit.
2910 4977 3051 5048 Ergo
3100 4980 3236 5033 nihil
3284 4981 3435 5036 aliud

1858 5088 2129 5143 exponere
2175 5072 2283 5135 hic,
2333 5081 2425 5126 aut
2472 5070 2673 5125 addere
2712 5087 2942 5127 necesse
2979 5071 3263 5135 habemus,
3306 5073 3436 5142 quia

1858 5163 2165 5220 communia
2223 5163 2339 5217 hzcc
2384 5179 2503 5219 esse
2541 5178 2639 5231 pro
2688 5172 2931 5230 peccato,
2998 5171 3053 5216 et
3088 5179 3185 5232 pro
3235 5164 3436 5219 delicto

1859 5255 2120 5309 sacriﬁcia
2180 5253 2507 5307 audivimus.
2569 5253 2914 5307 Suﬁicienter
2976 5264 3156 5308 autem
3228 5255 3295 5308 de
3349 5255 3437 5310 his

1858 5362 1978 5415 qua:
2031 5362 2127 5415 pro
2181 5356 2402 5415 peccato
2452 5354 2580 5400 sunt
2628 5346 2682 5399 in
2738 5346 3011 5413 praedictis
3058 5347 3430 5416 exposuimus.

1862 5438 1965 5493 Sed
2003 5438 2469 5492 conlirmationem
2528 5437 2687 5491 etiam
2722 5438 2847 5492 huic
2879 5439 2979 5506 legi
3040 5439 3198 5493 talem
3246 5454 3432 5507 super-

1861 5530 2067 5583 atldidit
2095 5548 2107 5582 :
