3886 6306
36 5440 41 5529 1

38 5796 45 5821 ι

447 309 557 375 8'59
1596 346 1603 351 .
1645 291 2011 356 nssrcnn
2047 276 2524 348 PRESBYTER!
3676 270 3776 335 se;

517 424 600 479 Ad
655 422 981 478 sacerdotem
1031 420 1137 489 qui"
1160 434 1278 474 eam
1330 415 1576 471 obtulerit
1621 410 1924 483 pertinebit.
1970 437 2042 449 -
2070 409 2117 464 Α
2149 415 2269 460 tur:
2303 403 2430 473 quia
2446 400 2574 489 ipse
2598 397 2755 454 nobis
2783 396 3100 489 patientiam
3132 388 3579 489 demonstravit,
3619 389 3775 489 pros

447 517 687 572 Christus
730 524 907 570 autem
939 514 1082 567 nobis
1120 510 1429 581 propitiatio
1481 509 1650 578 factus
1681 513 1756 558 est
1774 504 1843 555 ".
1885 501 2028 570 Ergo

447 608 505 662 in
554 608 676 676 ipso
731 620 893 659 omne
942 603 1280 674 poenitentiae
1326 598 1655 656 sacriﬁcium
1684 595 2030 649 ministratur

447 706 505 753 et
529 697 725 769 agitur,
757 704 812 750 et
844 710 1006 749 omne
1054 690 1202 762 quod
1237 707 1302 744 ex
1335 679 1655 760 pcenitentia
1681 685 1805 756 quis
1832 698 2031 738 conse-

448 790 650 861 quitur,
684 789 750 843 ad
781 803 902 840 eum
933 787 1189 850 refertur;
1229 784 1398 853 ipsius
1415 780 1659 835 est'enim
1686 774 2026 847 poenitentia,

448 889 505 936 ct
525 887 747 948 propter
777 877 938 938 hanc,
967 885 1027 930 ut
1051 890 1152 930 nos
1177 875 1432 936 salvaret,
1454 870 1709 933 advenit;
1741 867 1887 937 quod
1915 880 2033 919 ma-

447 968 706 1022 nifestum
769 977 851 1021 est
879 982 945 1021 ex
995 981 1061 1020 eo
1109 964 1255 1034 quod
1306 964 1484 1018 dixit:
1521 960 1641 1014 Non
1686 959 1804 1013 veni
1845 972 2035 1013 vocare

442 1057 638 1126 justos,
673 1057 765 1109 sed
794 1066 1089 1125 peccatores
1121 1055 1177 1108 in
1223 1053 1583 1123 paenitentiam
1606 1051 1677 1105 ⁸⁷.

521 1144 684 1198 Vens.
728 1144 887 1197 8-10.
926 1162 944 1193 ‹
980 1144 1246 1197 Sacerdos
1274 1142 1365 1211 qui
1404 1140 1594 1194 oileret
1630 1138 1928 1193 holocausti
1953 1136 2037 1190 vi—

451 1235 697 1299 ctimam,
747 1234 969 1288 habebit.
1020 1234 1214 1301 pellem
1260 1232 1379 1300 ejus
1420 1238 1477 1284 et
1506 1245 1667 1284 omne
1694 1229 2022 1283 sacriﬁcium

450 1323 642 1377 siinilze
683 1324 827 1393 quod
871 1324 1126 1393 coquitur
1166 1322 1219 1374 in
1264 1322 1500 1385 clibano,
1545 1328 1600 1373 et
1653 1317 1917 1387 quidquid
1976 1317 2032 1369 in

451 1416 733 1476 craticula,
761 1415 847 1470 vel
873 1415 926 1467 in
950 1414 1221 1483 sartagine
1255 1422 1611 1481 praeparatur,
1650 1411 1770 1475 ejus
1810 1409 2037 1463 eritsa-

452 1506 711 1567 oerdotis,
741 1520 770 1558 a
807 1520 918 1574 quo
953 1504 1214 1559 oﬂ'ertur:
1256 1504 1371 1572 sive
1399 1502 1521 1556 oleo
1561 1515 1886 1569 conspersa,
1921 1499 2037 1553 sive

453 1596 603 1650 arida
637 1595 857 1656 iuerint,
891 1597 1105 1650 cunctis
1129 1594 1251 1650 ﬁliis
1282 1594 1465 1647 Aaron
1482 1608 1733 1648 mensura
1761 1606 1919 1661 aequa
1942 1606 2040 1660 per

454 1687 696 1758 singulos
734 1689 1065 1743 dividentur.
1097 1706 1116 1738 ι

512 1776 630 1832 Non
655 1780 1053 1848 qualiacunque
1084 1793 1179 1847 per
1203 1792 1266 1832 ea
1293 1791 1413 1846 qua:
1434 1790 1581 1829 nunc
1605 1774 1879 1836 dicuntur,
1900 1772 2033 1842 legi-

452 1868 620 1923 slator
653 1870 921 1941 signiﬁcat
948 1888 960 1925 :
992 1871 1106 1924 haec
1124 1869 1271 1924 enim
1284 1878 1411 1921 sunt
1433 1868 1487 1920 in
1512 1866 1711 1937 quibus
1741 1881 1864 1920 eum
1908 1881 2035 1936 per-

453 1970 759 2016 scrutantes
803 1970 863 2015 ut
897 1962 1364 2031 obstupescamus,
1414 1961 1636 2031 dignum
1674 1968 1776 2013 est.

519 2050 775 2107 Sacerdos
817 2054 907 2123 qui
950 2054 1125 2122 oﬂ'eret
1170 2052 1463 2107 holocausti
1510 2052 1798 2117 victimam,
1829 2049 2038 2104 habebit

449 2142 636 2211 pellem
666 2144 800 2213 ejus.
827 2144 968 2210 Quid
1007 2160 1105 2214 per
1146 2144 1343 2214 pellem
1376 2143 1602 2213 intelligi
1638 2142 1830 2212 possit,
1869 2141 2039 2194 mani-

449 2235 590 2291 feste
643 2236 885 2291 ostendit
939 2236 1043 2290 hoc
1093 2236 1239 2305 quod
1299 2236 1413 2289 Deo
1455 2250 1484 2288 a
1539 2234 1759 2289 diabolo
1810 2234 1879 2287 de
1931 2232 2036 2288 Job

448 2324 653 2380 dictum
684 2340 789 2380 est.
817 2325 1044 2391 Quando
1081 2325 1228 2379 enim
1276 2323 1396 2388 Job,
1442 2339 1603 2393 quem
1647 2333 1707 2377 ut
1748 2322 2039 2377 abundan-

450 2423 558 2469 tem
590 2415 845 2469 omnibus
869 2414 1163 2477 accusavit,
1195 2429 1413 2469 omnem
1441 2414 1622 2469 saeculi
1649 2413 2034 2477 substantiam,

449 2505 565 2559 sive
602 2506 784 2560 omnia
825 2522 946 2575 qua:
986 2506 1131 2560 circa
1175 2521 1301 2560 cum
1344 2513 1501 2560 erant
1549 2505 1903 2574 diSperdidit,
1944 2504 2037 2559 ille

449 2604 631 2649 autem
656 2596 710 2649 in
732 2612 831 2650 sua
866 2596 1145 2665 impietate
1184 2597 1505 2666 permansit,
1546 2596 1775 2651 audiens
1807 2612 1837 2650 a
1873 2597 1983 2651 Deo
2018 2613 2032 2649 :

449 2684 705 2755 Nunquid
739 2685 1082 2739 considerasti
1120 2700 1328 2739 servum
1375 2700 1546 2738 meum
1591 2684 1709 2748 Job,
1746 2684 1885 2753 quod
1931 2699 2038 2736 non

449 2777 519 2829 sit
549 2777 597 2829 ei
642 2776 832 2829 similis
860 2778 928 2829 -in
963 2785 1102 2829 terra
1139 2792 1157 2830 :
1209 2777 1289 2829 vir
1320 2774 1544 2844 simplex
1572 2783 1623 2828 et
1657 2783 1850 2838 rectus,
1882 2790 1946 2827 ac
1968 2775 2039 2827 ti-

450 2883 595 2921 mens
629 2867 827 2931 Deum,
861 2874 910 2920 et
944 2866 1189 2920 recedens
1227 2883 1260 2919 a
1299 2866 1459 2929 malo,
1506 2874 1556 2919 et
1587 2867 1758 2919 adhuc
1805 2867 2038 2920 retinens

449 2957 842 3011 innocentiam?
897 2955 972 3009 Tu
1015 2964 1197 3010 autem
1260 2957 1582 3010 commovisti
1642 2972 1724 3009 me
1789 2958 2038 3010 adversus

2128 498 2349 570 quidem
2384 482 2612 549 dicens:
2654 489 2718 544 In
2746 488 3007 558 patientia
3040 495 3212 540 vestra
3247 480 3613 550 possidebitis
3653 480 3773 531 ani-

2130 604 2245 642 mas
2283 583 2560 640 vestras“.
2602 579 2810 633 Deinde
2840 596 2853 631 :
2886 577 2953 630 In
2990 576 3188 629 mundo
3229 572 3644 626 tribulatione;
3677 570 3772 620 ha-

2130 678 2334 739 bebitis,
2378 674 2469 727 sed
2491 671 2754 740 confidite,
2790 669 2918 739 quia
2951 684 3044 737 ego
3085 666 3183 719 vici
3224 671 3503 717 mundum
3528 663 3601 714 “.
3654 660 3771 712 Dion

2131 771 2307 825 solum
2340 776 2521 820 autem
2559 765 2613 817 in
2658 763 2779 831 ejus
2811 759 3097 822 doctrinis,
3142 758 3240 811 sed
3284 766 3342 810 ct
3389 755 3447 808 in
3501 764 3769 822 reSpects

2132 863 2285 929 ejus,
2335 855 2653 927 patientiam
2711 853 2765 906 in
2820 849 3170 921 passionibus
3217 847 3543 908 habemus,
3602 844 3772 896 Paulo

2132 948 2388 1006 dicente:
2438 946 2679 1017 Cogitate
2725 953 2903 997 autem
2947 943 3038 1007 qui
3069 940 3231 994 talem
3281 938 3562 993 sustinuit
3590 955 3626 989 α
3656 954 3771 1004 pe:-

2134 1041 2398 1096 catoribus
2441 1041 2690 1093 adversus
2721 1036 3060 1104 semetipsum
3086 1033 3607 1091 contradictionem,
3628 1041 3690 1082 ut
3710 1046 3769 1082 ne

2136 1131 2435 1202 fatigemini
2463 1130 2657 1183 animis
2686 1127 2870 1181 vestris
2906 1124 3290 1187 deficientes".
3326 1122 3586 1192 Propter
3618 1122 3767 1191 quod

2138 1226 2311 1281 David
2345 1225 2460 1280 ait:
2512 1225 2583 1279 Et
2622 1239 2760 1276 nunc
2790 1237 2907 1293 quas
2941 1229 3014 1274 est
3057 1220 3323 1290 patientia
3382 1217 3561 1271 mea?
3598 1232 3768 1269 nonne

2140 1319 2419 1379 Dominus,
2484 1326 2532 1371 et
2590 1315 2891 1370 substantia
2952 1329 3071 1366 mea
3125 1321 3251 1365 ante
3283 1321 3333 1364 te
3394 1308 3764 1374 est“?Qnia

2136 1420 2320 1465 autem
2368 1407 2710 1476 intelligibile
2756 1405 2846 1458 hic
2889 1402 3155 1457 describit
3180 1402 3619 1463 holocaustum,
3652 1399 3768 1467 ipse

2137 1510 2320 1556 textus
2346 1498 2606 1559 ostendit,
2637 1497 2713 1550 ait
2739 1495 2886 1549 enim
2915 1512 2929 1548 :

2209 1591 2465 1645 Sacerdos
2510 1590 2600 1659 qui
2660 1589 2834 1657 oﬁ'eret
2891 1586 3186 1640 holocausti
3252 1585 3572 1638 victimam.
3643 1582 3767 1634 Non

2142 1685 2327 1741 boum,
2357 1688 2452 1734 aut
2480 1679 2687 1743 ovium,
2721 1687 2817 1732 aut
2845 1678 3077 1731 aliorum
3106 1676 3395 1741 similium,
3438 1675 3546 1729 sed
3578 1674 3765 1727 homi—

2140 1772 2245 1826 nis.
2277 1769 2380 1825 Ubi
2413 1770 2560 1824 enim
2591 1785 2701 1823 non
2732 1769 2801 1822 ab
2829 1768 2911 1822 his
2949 1767 3040 1838 qui
3090 1766 3350 1831 oii‘erunt,
3398 1767 3502 1820 sed
3539 1765 3621 1819 ab
3683 1766 3764 1818 his

2141 1878 2264 1933 quae
2295 1862 2622 1928 oﬁ‘eruntur,
2650 1860 2912 1915 sacriﬁcia
2941 1857 3383 1919 considerantur,
3422 1856 3763 1911 necessarie

2137 1954 2463 2008 animalium
2492 1952 2832 2007 mentionem
2855 1950 3003 2005 iacit.
3042 1949 3139 2004 llic
3163 1958 3367 2013 autem,
3397 1948 3536 2017 quia
3595 1963 3762 2017 aper-

2139 2044 2248 2099 tius
2269 2043 2440 2098 voluit
2474 2042 2822 2097 introducere
2852 2056 3143 2111 personam
3193 2038 3443 2104 Domini,
3478 2039 3761 2093 sacerdo-

2140 2143 2246 2190 tem
2305 2136 2507 2205 posuit,
2544 2134 2919 2189 holocaustum
2971 2133 3209 2188 hominis
3258 2131 3628 2187 uﬁ‘erentem.
3671 2134 3758 2184 ln-

2138 2226 2435 2297 telligibilia
2470 2227 2615 2282 enim
2644 2236 2832 2281 nostra
2879 2226 3194 2280 holocausta
3261 2225 3412 2279 solus
3480 2224 3755 2278 Christus

2139 2318 2319 2383 oﬁ‘ert,
2352 2319 2420 2373 ad
2441 2319 2598 2387 cujus
2630 2319 2991 2373 imitationem
3030 2332 3225 2372 eorum
3248 2301 3462 2371 hostias
3503 2326 3569 2371 et
3622 2331 3753 2371 eam

2138 2409 2473 2465 versationes
2488 2410 2794 2464 studeatur.
2828 2409 2957 2465 Post
2988 2410 3104 2464 haec
3131 2408 3267 2463 dixit
3303 2424 3318 2460 :

2206 2500 2371 2556 Omne
2397 2502 2714 2571 sacriﬁcium
2740 2502 2876 2572 quod
2908 2503 3152 2574 coquitur
3173 2500 3383 2554 clibano
3400 2510 3453 2554 et
3480 2503 3750 2571 quidquid

2136 2591 2192 2645 in
2219 2592 2499 2656 craticula,
2521 2593 2601 2646 vel
2621 2593 2675 2645 in
2696 2593 2969 2663 sartagine
2988 2600 3348 2661 prmparatur,
3375 2592 3497 2660 ejus
3529 2594 3645 2646 erit
3668 2611 3750 2646 sa-

2137 2683 2359 2737 cerdotis
2388 2701 2422 2737 a
2482 2700 2584 2748 quo
2620 2685 2883 2754 oﬂ'eretnr.
2917 2684 3400 2739 lleminiscendum
3451 2694 3537 2739 est
3619 2687 3745 2755 quia

2140 2775 2407 2831 sacriﬁcia
2455 2776 2571 2830 haec
2604 2775 2889 2846 theologia:
2937 2790 3059 2829 esse
3106 2775 3387 2852 linigeniti
3446 2776 3749 2845 dispensa-

2141 2866 2305 2921 tionis
2326 2867 2584 2930 diximus,
2616 2876 2672 2921 et
2705 2867 2835 2921 illud
2858 2866 3076 2937 quidem
3100 2867 3245 2937 quod
3275 2876 3359 2921 cst
3391 2868 3465 2921 de
3494 2869 3739 2933 clibano,

2141 2958 2376 3013 diximus
2406 2959 2714 3029 signiﬁcare
2737 2958 2973 3029 Virginis
3004 2968 3218 3028 partum
3246 2976 3260 3025 ;
3300 2960 3451 3026 quod
3488 2975 3627 3015 vero
3674 2962 3743 3016 de

449 3061 591 3111 eum,
633 3054 691 3096 ut
750 3045 1032 3114 aﬂligerem
1081 3061 1201 3099 eum
1254 3046 1533 3116 frustra".
1563 3044 1664 3099 Cui
1700 3046 2038 3114 respondens
2069 3055 2111 3114 ο
2141 3046 2411 3117 sartagine
2439 3057 2541 3112 est,
2575 3048 2754 3102 crucis
2786 3049 3098 3117 passionem
3134 3066 3148 3100 :
3193 3049 3323 3103 illud
3360 3049 3531 3103 etiam
3590 3053 3738 3119 quod

452 3137 643 3197 Satan,
666 3135 783 3190 ait:
832 3135 1028 3190 Pellem
1071 3153 1165 3206 pro
1206 3137 1358 3207 pelle,
1405 3146 1455 3191 et
1483 3146 1670 3191 cuncta
1725 3152 1843 3207 qua:
1885 3137 2036 3190 habet

449 3229 623 3297 homo,
669 3229 817 3283 dabit
853 3245 948 3298 pro
990 3230 1171 3283 anima
1209 3231 1388 3285 sua".
1438 3229 1580 3300 Ergo
1618 3229 1774 3297 pellis
1815 3228 2036 3283 divitia-

450 3333 573 3372 rum
604 3317 1033 3383 circumstantia,
1083 3319 1236 3387 quasi
1271 3318 1516 3373 exterius
1562 3318 1909 3375 circumdans
1951 3326 2037 3373 est

450 3410 748 3472 hominem,
778 3427 939 3480 quam
978 3410 1177 3465 oil‘erre
1209 3410 1531 3481 intelligibili
1558 3410 1830 3466 sacerdoti
1857 3410 1910 3464 hi
1941 3410 2033 3479 qui

448 3503 640 3558 volunt
672 3503 1219 3567 holoc:iustumﬁeri,
1261 3503 1480 3558 debent.
1515 3502 1743 3573 Propter
1796 3505 1938 3574 quod
1977 3504 2032 3559 hi

448 3592 541 3662 qui
568 3593 828 3647 doctrinae
861 3594 1169 3663 apostolica:
1189 3593 1556 3659 crediderunt,
1579 3595 1880 3651 vendentvs
1900 3596 2034 3653 sub-

448 3682 677 3736 stantias
727 3697 873 3745 suas,
914 3683 983 3737 ad
1025 3684 1191 3753 pedes
1242 3686 1613 3753 apostolorum
1669 3688 2026 3756 ponebant“.

447 3770 583 3836 Quia
624 3788 753 3844 ergo
785 3775 977 3841 pellem
1033 3791 1129 3844 pro
1162 3776 1300 3845 pelle
1337 3776 1492 3842 dixit,
1535 3778 1849 3832 necessarie
1882 3779 2028 3834 divi-

449 3864 645 3919 tiarum
711 3865 1197 3930 circumstantiam,
1265 3883 1426 3936 quam
1489 3868 1725 3937 perdidit
1774 3868 1877 3924 Job
1929 3886 2029 3940 pro

446 3955 724 4024 patientia,
776 3973 896 4026 qua:
935 3957 983 4011 ei
1032 3958 1219 4012 relicta
1266 3967 1366 4020 est,
1408 3959 1776 4029 intelligimus.
1826 3958 2026 4015 Pellem

445 4057 651 4113 autem,
713 4048 838 4117 quia
893 4049 1062 4104 multa
1117 4064 1184 4104 ex
1227 4067 1290 4104 ea
1342 4050 1493 4105 utilia
1537 4052 1673 4105 ﬁunt
1704 4051 2025 4121 patientiam

446 4140 784 4207 proﬁtemur.
820 4139 951 4205 Qua:
1001 4142 1203 4195 multa?
1252 4142 1675 4211 Acquirentibus
1739 4159 1798 4197 se
1836 4145 2024 4214 provi-

446 4226 539 4281 det
591 4228 784 4283 bona:
837 4231 1157 4299 patientiam
1212 4241 1396 4285 autem
1449 4247 1569 4286 eam
1618 4234 1872 4301 maxime,
1904 4252 2026 4305 qua:

447 4320 501 4373 in
538 4321 981 4377 tribulationibus
1031 4333 1135 4386 est,
1190 4325 1334 4377 unde
1385 4333 1439 4378 et
1497 4324 1666 4380 David
1714 4329 2018 4395 psallebat:

446 4408 584 4475 Quia
622 4412 793 4481 [actus
825 4429 940 4465 sum
970 4414 1102 4466 sicut
1136 4424 1250 4466 uter
1278 4416 1334 4467 in
1362 4417 1576 4484 pruina,
1612 4418 2022 4487 jnstiﬁcationes

446 4509 568 4552 tuas
618 4516 718 4552 non
766 4516 884 4554 sum
914 4502 1181 4556 oblitus“.
1218 4505 1683 4570 Quemadmodum
1720 4511 1865 4563 enim
1903 4522 2023 4567 uter

446 4590 501 4643 in
534 4590 729 4659 pruina
750 4592 928 4661 juvari
952 4603 1006 4648 et
1035 4595 1325 4650 confortari
1359 4597 1578 4663 dicitur,
1629 4599 1709 4654 sic
1732 4611 1785 4655 et
1810 4603 2024 4670 patien-

447 4681 518 4736 tia
548 4685 745 4740 crescit
788 4686 1245 4743 tribulationibus.
1287 4689 1514 4761 PrOpter
1540 4694 1683 4761 quod
1733 4702 1787 4747 et
1826 4694 2023 4753 Paulus

442 4777 579 4835 dixit
605 4795 617 4830 :
645 4777 928 4833 Tribulatio
956 4782 1266 4849 patientiam
1296 4786 1623 4853 operatur”.
1651 4785 1819 4841 Simul
1855 4770 2017 4844 etiam

443 4873 498 4920 et
532 4866 759 4921 inferius
813 4869 1020 4925 addidit
1054 4889 1066 4925 :
1101 4871 1371 4927 Patientia
1404 4875 1784 4944 probationem,
1819 4882 2017 4948 proba~

352 4958 513 5031 ’μηλιὶυ
553 4974 725 5028 spem,
773 4977 886 5031 spes
928 4972 1104 5017 autem
1139 4980 1239 5018 non
1288 4968 1633 5037 confundit”.
1673 4968 1809 5036 Quia
1839 4981 2018 5027 autem

443 5038 695 5106 heerdos
740 5053 977 5108 offerens
1016 5063 1265 5107 nostrum
1303 5056 1703 5123 holocaustum,
1735 5069 1817 5115 est
1860 5061 2019 5117 Chri-

442 5143 557 5192 stus
589 5155 602 5190 :
633 5137 740 5208 Ipsi
787 5143 925 5195 enim
966 5141 1262 5196 exhibemus
1318 5160 1535 5214 corpora
1579 5160 1755 5203 nostra
1797 5152 2022 5207 hostiam

441 5241 632 5287 vivam,
655 5237 911 5294 sanctam,
938 5229 1043 5283 Deo
1057 5230 1368 5299 placentem,
1389 5236 1704 5290 rationabile
1721 5240 2019 5309 obsequium

444 5318 759 5381 nostrum“,
805 5321 976 5389 ipsius
1014 5324 1326 5377 necessario
1373 5340 1493 5379 esse
1531 5329 1871 5395 patientiam,
1921 5351 2018 5403 per

443 5422 605 5476 quam
635 5411 980 5479 assequiinur
1006 5413 1319 5482 praedictam
1357 5418 1848 5487 canversationem,
1879 5425 2011 5480 dici-

2139 3138 2208 3192 de
2232 3138 2491 3193 craticula
2518 3147 2621 3199 est,
2661 3155 2691 3193 a
2722 3148 2896 3195 morte
2927 3141 3409 3204 resurrectionem,
3462 3143 3735 3199 rationem

2138 3230 2191 3282 in
2222 3230 2476 3283 omnibus
2508 3230 2820 3296 reddentes,
2852 3241 2908 3286 et
2937 3233 3315 3302 probationem
3347 3249 3489 3303 quas
3520 3248 3738 3305 oporte-

2136 3319 2248 3383 bat,
2277 3319 2613 3388 adjicicntes.
2651 3320 2785 3386 Quia
2816 3337 2946 3393 ergo
2969 3322 3087 3379 haec
3137 3324 3423 3394 theologia:
3476 3326 3734 3381 ineat-nae

2137 3410 2300 3465 tionis
2322 3412 2564 3480 proxima
2612 3422 2760 3475 sunt,
2794 3417 3103 3470 necessarie
3153 3417 3455 3471 sacerdotis
3490 3419 3735 3474 οὔρει-ειη-

2134 3504 2205 3557 tis
2224 3518 2369 3566 eam,
2393 3502 2596 3558 Christi
2628 3505 2879 3560 videlicet
2897 3507 3009 3560 nati
3035 3515 3089 3562 et
3106 3509 3255 3577 passi
3280 3516 3335 3563 et
3354 3513 3726 3582 resurgentis,

2133 3604 2234 3650 est.
2265 3594 2370 3650 Sed
2399 3594 2656 3649 nimirum
2682 3612 2879 3652 novmn
2905 3598 2999 3652 tibi
3028 3599 3242 3653 videtur
3264 3600 3412 3669 quod
3438 3601 3724 3656 infertur:

2204 3689 2322 3745 Sive
2357 3690 2468 3744 oleo
2504 3708 2802 3760 conspersa,
2830 3695 2935 3746 sive
2964 3694 3121 3747 arida
3164 3696 3343 3765 fuerit,
3375 3700 3586 3751 cunctis
3606 3699 3731 3767 ﬁliis

2131 3783 2311 3837 Aaron
2352 3800 2504 3854 (equa
2552 3800 2797 3837 mensura
2843 3802 2936 3852 per
2976 3787 3210 3856 singulos
3259 3789 3552 3843 dividetur.
3581 3791 3727 3845 Con.

2131 3889 2378 3943 spersum
2442 3875 2709 3944 siquidem
2778 3874 2831 3927 in
2867 3876 2987 3930 oleo
3043 3877 3375 3933 sacriﬁcium
3422 3880 3494 3935 dc
3544 3882 3723 3936 simila

2129 3963 2260 4017 dicit
2305 3965 2448 4032 quod
2484 3979 2585 4017 nec
2616 3965 2670 4017 in
2709 3965 2927 4019 clibano
2957 3981 3071 4021 'nec
3107 3968 3161 4020 in
3188 3971 3485 4039 sartagine,
3525 3988 3631 4027 nec
3675 3975 3724 4026 in

2129 4055 2388 4109 craticula
2419 4056 2671 4110 mittitur.
2706 4055 2843 4125 Ergo
2896 4065 2951 4111 et
2982 4057 3153 4126 ipsam
3218 4075 3340 4113 esse
3387 4061 3722 4133 theologiam

2128 4145 2383 4210 diximus,
2417 4146 2511 4200 sed
2546 4161 2655 4200 non
2681 4144 2751 4200 de
2770 4145 3046 4201 Dominica
3084 4149 3478 4205 incarnatione.
3515 4151 3587 4207 Ut
3610 4170 3719 4206 non

2127 4252 2260 4308 ergo
2288 4253 2506 4292 omnem
2542 4239 2872 4309 theologiam
2931 4241 3449 4297 circumscribaan
3497 4258 3553 4297 in
3590 4245 3720 4299 Uni-

2127 4332 2296 4402 geniti
2366 4332 2740 4397 humanitate,
2794 4344 3009 4404 oportet
3069 4350 3171 4390 nos
3237 4347 3291 4392 et
3351 4339 3422 4392 de
3498 4339 3713 4402 Patris.

2128 4434 2184 4478 et
2208 4425 2275 4480 de
2303 4425 2538 4494 Spiritus
2568 4426 2741 4480 saneti
2773 4435 2828 4481 et
2860 4428 3025 4483 etiam
3065 4430 3236 4500 ipsius
3292 4429 3435 4495 Filii,
3468 4448 3595 4502 quae
3651 4451 3713 4488 ex

2129 4516 2288 4572 Patre
2309 4526 2429 4581 est;
2469 4504 2768 4573 substantia
2814 4519 3113 4590 disputare.
3170 4522 3461 4593 Propterea
3490 4542 3605 4579 non
3663 4528 3712 4580 in

2130 4609 2422 4677 semetipso
2446 4616 2660 4678 portare
2685 4611 2789 4665 hoc
2834 4613 3160 4668 sacriﬁcium
3190 4614 3463 4684 repetivit,
3492 4618 3593 4670 sed
3652 4618 3713 4670 ﬁ-

2129 4700 2215 4754 liis
2244 4699 2423 4755 Aaron
2453 4701 2604 4766 illud,
2636 4703 2703 4758 ad
2752 4705 3078 4777 theologiam
3137 4720 3235 4775 per
3298 4706 3712 4762 meditationem

2129 4791 2535 4862 proﬁcientibus
2592 4795 3019 4866 Scripturarum,
3066 4798 3367 4866 deputavit,
3414 4799 3713 4869 unicuique

2121 4883 2399 4951 aequaliter
2428 4884 2777 4954 dispertiens,
2805 4896 2864 4941 ut
2892 4903 3003 4942 non
3041 4886 3344 4952 dissimilia,
3378 4888 3474 4942 sed
3518 4905 3712 4944 omnes

2123 4975 2317 5029 similia
2347 4976 2415 5031 de
2446 4976 2558 5032 Deo
2584 4980 2871 5034 sentirent.
2899 4980 2967 5034 Et
3013 4980 3117 5034 hoc
3149 4980 3522 5043 manifestum,
3582 4985 3709 5051 quia

2125 5065 2394 5120 haereticis
2421 5068 2488 5121 de
2511 5068 2602 5121 tali
2633 5069 2915 5138 percipere
2965 5068 3235 5124 sacriﬁcio
3286 5086 3395 5125 non
3424 5076 3704 5143 prmtcpit,

2129 5157 2254 5225 quia
2283 5172 2390 5211 non
2414 5159 2605 5214 eadem
2630 5160 2698 5214 de
2727 5161 2837 5215 Deo
2867 5161 3105 5230 sapiunt,
3134 5161 3227 5215 sed
3257 5171 3311 5215 et
3339 5162 3507 5233 nimis
3551 5164 3705 5219 diti‘e-

2130 5250 2327 5303 rentia.
2362 5249 2475 5303 Non
2507 5265 2864 5320 conspersum
2896 5261 3079 5305 autem
3131 5250 3200 5304 de
3231 5251 3408 5304 simila
3453 5252 3589 5307 dicit
3610 5255 3705 5308 ite-

2128 5355 2267 5403 rum,
2291 5340 2507 5409 quando
2538 5341 2747 5398 decima
2789 5341 2915 5411 ephi
2972 5343 3177 5410 absque
3237 5340 3377 5404 oleo,
3409 5350 3465 5395 et
3521 5345 3697 5403 thure.

2128 5441 2478 5502 propeecato
2504 5432 2749 5503 oil'crtur,
2773 5448 2802 5486 a
2840 5447 2946 5486 non
2986 5433 3294 5487 valentibus
3337 5434 3581 5504 hircum,
3614 5448 3698 5493 aut

467 5690 476 5699 Ι
516 5614 935 5701 ςιὲςιεξξιςιιιᾷὶ.
989 5620 1253 5701 ’ξ’ἶὶιηιιὴ.
1280 5638 1351 5684 ix,
1378 5622 1456 5676 l5.
1535 5625 1580 5654 ”
1606 5623 1704 5677 Job
1756 5627 1883 5683 ",5.
1961 5630 2003 5659 ³³

2147 5634 2258 5685 .i.‘
2312 5634 2800 5697 “°.—\ct.iv,5-L9..‘i.
2881 5636 3402 5695 "Psal.cxvnt.8.‘i.
3483 5641 3690 5697 "item.

445 5689 497 5740 ν,
526 5686 580 5739 5.
610 5686 654 5714 "
698 5686 824 5740 ibid.
862 5690 914 5741 xi.
988 5689 1193 5744 "'ltom.
1230 5708 1325 5755 xu,
1362 5694 1409 5746 1.
1490 5696 1533 5725 ⁸⁸
1561 5694 1690 5748 Luc.
1742 5710 1849 5759 xxi,
1890 5697 1970 5751 l9.

2138 5702 2279 5756 loan.
2312 5719 2421 5769 xvi,
2452 5705 2541 5758 55.
2573 5686 2582 5697 ’
2618 5705 2661 5736 ⁸⁷
2685 5705 2849 5760 Hebr.
2878 5722 2970 5769 xu,
3025 5708 3077 5759 3.
3142 5686 3688 5779 ﬂ“
