3886 6306
19 281 155 346 861

1211 295 1295 356 IN
1336 299 1778 363 LEVITICUM.
1820 330 1888 341 -
1929 304 2079 370 LIB.
2121 306 2205 370 II.

3240 322 3345 385 882

19 405 246 494 υἷι-σω.
277 407 368 448 aut
583 404 872 494 turturmn.
921 408 1014 454 aut
1046 402 1222 472 pullos
1277 407 1652 463 columbarum
1681 414 1726 468 Α
1755 410 1883 467 dum
1920 416 2329 483 misericordia,
2360 434 2581 494 propter
2637 426 3062 485 inobedientiam
3125 429 3345 485 Judaeu—

19 497 50 536 ο
63 482 265 539 (Turre
290 487 339 539 in
364 486 710 541 sacriﬁcium.
734 488 845 543 lloc
869 500 1048 545 autem
1069 494 1167 546 etsi
1188 497 1511 552 sacriﬁcium
1534 499 1652 554 Sal-

19 576 271 630 vatoris
299 577 594 648 signiﬁcat,
629 589 810 634 tamen
845 584 970 651 quia
1004 599 1113 639 non
1147 585 1429 660 theologia:
1457 591 1650 661 gratia,

19 666 139 719 sed
188 682 358 721 causa
391 668 640 724 utilitatis
672 669 954 729 offerentis
989 687 1258 747 praecepta
1283 690 1385 744 est,
1411 692 1465 736 et
1507 680 1653 737 hanc

19 756 177 811 ﬁliis
240 758 421 812 Aaron
489 761 791 830 deputavit.
853 764 1149 833 Oportebat
1209 770 1377 835 enim,
1436 780 1653 827 etcum

19 847 264 903 oblatio
297 853 489 903 eadem
514 862 676 913 esset,
703 867 864 906 causa
899 864 1081 910 autem
1112 858 1300 912 eadem
1328 875 1439 914 non
1481 871 1649 927 esset,

23 940 155 994 hoc
195 941 472 1010 siquidem
497 954 720 1012 propter
746 946 1096 1016 theologiam,
1133 949 1263 1006 illud
1295 963 1477 1006 autem
1524 970 1654 1024 pro-

19 1041 176 1100 pter
219 1042 591 1101 paupertatcm
622 1037 947 1105 postulantis
994 1055 1092 1108 pro
1120 1043 1359 1110 peccatis
1401 1045 1650 1113 oﬁ'ertur,

22 1123 429 1180 differentiam
453 1127 686 1196 aliquam
721 1128 1050 1185 sacriﬁcium
1105 1132 1328 1200 habere,
1364 1144 1425 1190 ut
1462 1146 1653 1192 osten-

21 1215 246 1277 datur,
279 1218 410 1286 quid
463 1234 561 1288 pro
591 1218 881 1289 theologia,
914 1230 970 1275 et
1023 1222 1190 1292 gloria
1222 1240 1343 1294 quae
1383 1227 1437 1281 in
1493 1229 1655 1283 Chri-

26 1318 132 1360 sto
192 1318 302 1373 est,
355 1308 633 1375 offeratur,
675 1312 805 1382 quid
856 1328 957 1383 pro
991 1312 1104 1368 sola
1147 1314 1378 1371 utilitate
1416 1318 1656 1374 oﬁ'eren-

28 1396 144 1452 tis.
507 1437 529 1449 -

114 1483 301 1541 Vitas.
339 1487 520 1541 11-15.
561 1507 579 1539 ‹
610 1488 737 1544 llaec
779 1500 863 1546 est
915 1489 1000 1546 lex
1030 1491 1222 1549 hostiae
1276 1496 1653 1565 paciﬁcorum,

29 1593 180 1647 qua:
211 1578 441 1632 oll'ertur
467 1580 715 1635 Domino.
752 1582 807 1635 Si
840 1598 937 1651 pro
958 1585 1256 1654 gratiarum
1289 1588 1504 1644 actione
1529 1590 1651 1645 fue-

28 1669 120 1725 rit
142 1671 379 1738 oblatio,
412 1672 646 1727 oﬁerent
667 1689 833 1743 panes
858 1675 1063 1745 absque
1094 1676 1362 1733 fermento
1390 1695 1653 1751 consper-

1757 521 1899 572 rum,
1963 511 2297 578 permisceat
2337 516 2530 571 minas.
2592 516 2746 574 Unde
2786 529 2841 574 et
2884 536 2995 575 non
3049 536 3361 593 conspersa.

1756 597 1876 652 oleo
1908 599 2118 670 lagona,
2152 603 2251 658 sed
2310 615 2524 662 tantum
2572 618 2734 665 uncta
2769 627 2889 667 esse
2927 613 3201 667 dicuntur.
3236 614 3343 669 Co-

1754 696 1898 743 ctam
1928 699 2110 746 autem
2147 694 2398 758 similam.
2429 708 2484 753 et
2521 699 2807 769 collyridas
2830 704 2935 759 olei
2962 695 3345 763 commistione

1756 793 2100 850 conspersas,
2164 785 2247 838 vel
2301 787 2442 842 sicut
2508 787 2654 843 LXX
2703 791 2894 846 dicunt
2942 812 2956 848 :
3005 795 3072 848 Et
3109 796 3344 851 similam

1757 889 2091 942 consparsam
2121 876 2233 931 oleo
2264 878 2535 949 collyridis
2574 899 2775 952 panum
2811 901 3120 953 azymorum
3145 903 3161 939 :
3189 888 3342 940 simi-

1756 963 1865 1019 lam
1895 966 1951 1020 in
1979 968 2102 1021 oleo
2129 984 2502 1040 conspersam,
2538 989 2663 1027 eum
2722 975 3067 1047 eleemosyna
3128 978 3341 1033 theolo-

1758 1054 1899 1126 giam
1932 1056 2306 1130 intelligimus,
2338 1063 2481 1117 unde
2508 1073 2566 1119 et
2590 1065 2765 1120 simila
2814 1077 3038 1136 propter
3066 1070 3341 1125 subtilita-

1760 1153 1867 1200 tem
1898 1147 2120 1203 dicitur.
2152 1149 2539 1208 Verumtamen
2564 1154 2616 1208 in
2643 1156 2915 1225 collyridis
2946 1159 3179 1227 panibus
3218 1162 3341 1215 sine

1756 1236 2047 1303 fermento,
2093 1257 2320 1298 munera
2353 1244 2600 1299 sacriﬁcii
2642 1248 3014 1316 paciﬁcorum,
3053 1267 3149 1306 seu
3195 1253 3342 1306 salu-

1757 1324 1892 1378 taris
1924 1328 2185 1396 praecepit
2212 1329 2347 1396 ﬁeri,
2381 1332 2436 1386 in
2460 1336 2776 1403 apostolicis
2800 1338 3051 1393 videlicet
3088 1339 3340 1405 Scripta-

1756 1414 1851 1469 ris.
1888 1414 2255 1485 Apostolicam
2301 1435 2483 1477 autem
2551 1425 2855 1482 doctrinam
2892 1431 3048 1499 sequi
3106 1433 3343 1487 maxime

1757 1517 1969 1577 Oportet
1991 1524 2139 1575 eum,
2171 1513 2260 1581 qui
2285 1514 2482 1571 salvari
2511 1518 2803 1575 desiderat.

1825 1595 2000 1653 Panes
2026 1617 2228 1671 quoque
2252 1604 2591 1673 fermentatos
2631 1623 2749 1662 cum
2813 1610 2983 1665 hostia
3022 1613 3338 1682 gratiarum,

1757 1700 1873 1755 qua;
1910 1687 2216 1743 immolatur
2260 1706 2355 1760 pro
2401 1696 2658 1764 paciﬁcis,
2714 1714 2779 1751 ea:
2815 1700 3001 1768 quibus
3047 1717 3181 1754 unus
3245 1717 3341 1769 pro

32 1777 141 1815 sos
208 1762 351 1828 oleo,
378 1773 433 1818 et
490 1765 677 1835 lagana
722 1782 906 1837 azyma
938 1777 1100 1822 uncta
1157 1769 1297 1833 oleo,
1330 1781 1649 1843 coctamque
1684 1756 1725 1810 Β
1753 1778 2003 1845 primitiis
2025 1781 2270 1849 offeretur
2296 1782 2521 1839 Domino
2546 1803 2564 1840 :
2596 1795 2643 1840 et
2667 1789 2767 1840 erit
2794 1756 3078 1842 sacerdotis
3107 1792 3197 1859 qui
3221 1756 3346 1860 [λιιι-

31 1854 318 1920 similam,
367 1865 421 1910 et
470 1857 759 1928 collyridas
790 1860 891 1915 olei
949 1859 1276 1917 admistione
1300 1878 1646 1933 conspersas.

33 1943 238 2000 Panes
268 1962 484 2018 quoque
536 1950 890 2005 fermentatus
919 1967 1043 2006 cum
1096 1954 1275 2007 hostia
1327 1957 1646 2025 gratiarum,

30 2053 175 2107 quae
208 2039 520 2093 immolatur
557 2057 655 2110 pro
702 2041 964 2112 paciﬁcis,
995 2059 1062 2098 ex
1108 2044 1308 2115 quibus
1356 2064 1497 2102 unus
1550 2065 1650 2119 pro

34 2130 321 2199 primitiis
358 2131 621 2187 oﬁeretur
674 2134 926 2198 Domino,
963 2144 1017 2189 et
1050 2136 1154 2189 erit
1210 2139 1508 2194 sacerdotis
1555 2141 1646 2210 qui

36 2220 250 2277 fundet
287 2223 482 2278 hostia:
513 2225 854 2296 sanguinem,
891 2226 1050 2295 cujus
1092 2243 1286 2283 carnes
1312 2229 1503 2284 eadem
1553 2246 1648 2285 co-

37 2314 354 2368 medentur
385 2314 495 2382 die,
522 2331 624 2370 nec
655 2317 962 2373 remanebit
996 2333 1061 2373 ex
1094 2319 1173 2374 eis
1203 2318 1499 2390 quidquam
1554 2337 1646 2376 us-

29 2419 159 2474 que
188 2421 371 2460 mane.
410 2425 428 2456 »
517 2456 520 2459 λ

116 2494 602 2562 Quemadmodum
627 2498 1064 2556 bolocaustorum
1088 2510 1143 2557 et
1173 2511 1517 2573 peccatorum
1559 2520 1647 2559 sa-

36 2586 287 2652 criﬁcia,
320 2589 398 2643 sic
449 2600 503 2644 et
553 2605 614 2644 ea
649 2607 768 2660 quze
801 2608 899 2662 pro
927 2594 1187 2662 pacilicis,
1246 2596 1360 2650 sive
1419 2596 1644 2651 salutari

40 2679 389 2747 oﬂ'eruntur,
431 2681 748 2747 reiteravit;
785 2685 1026 2739 secundo
1064 2685 1195 2741 illud
1221 2687 1428 2750 dicens,
1463 2697 1520 2742 ut
1561 2704 1647 2742 rce

41 2772 324 2841 petitione
353 2774 669 2829 memoriam
695 2791 885 2830 eorum
919 2777 1092 2847 legem
1122 2779 1519 2833 meditantibus
1555 2780 1644 2833 in-

43 2871 291 2918 sereret.
325 2864 609 2919 Subinfcrt
630 2874 811 2920 autem
840 2882 901 2921 ea
931 2883 1051 2937 quae
1097 2878 1223 2923 ante
1251 2886 1358 2924 non
1397 2870 1552 2935 dixit,
1589 2880 1648 2925 ut

43 2957 221 3010 nobis
276 2957 437 3013 lectio
484 2960 811 3024 necessaria,
844 2968 900 3015 et
957 2977 1065 3015 non
1123 2962 1469 3033 despicabilis
1531 2964 1641 3018 ﬁat.

1750 1868 1834 1921 det
1864 1868 2049 1923 hostiae
2078 1873 2409 1942 sanguinem.
2434 1875 2575 1929 LXX
2616 1885 2798 1931 autem
2838 1878 3029 1932 dicunt
3063 1896 3077 1932 :
3111 1880 3179 1932 Et
3206 1880 3335 1948 offe-

1749 1967 1826 2012 ret
1866 1960 1931 2012 de
1987 1963 2224 2016 omnibus
2282 1966 2581 2019 muneribus
2627 1968 2737 2020 suis
2807 1967 3169 2020 laudationem
3212 1968 3340 2029 Deo,

1748 2053 2010 2105 sacerdoti
2033 2052 2375 2122 profundenti
2403 2054 2714 2123 sanguinem
2735 2054 2992 2108 salutaris
3019 2055 3163 2108 illius
3216 2056 3337 2110 erit.

1728 2139 1852 2194 ‘Per
1871 2140 1987 2198 haec
2020 2143 2392 2210 ostendentes,
2461 2145 2586 2214 quia
2635 2155 3120 2215 quantumcunque
3172 2144 3341 2199 homo

1749 2233 1920 2303 egerit
1966 2242 2019 2288 et
2079 2233 2292 2299 vixerit,
2342 2235 2666 2299 cucurrerit,
2715 2243 2771 2290 et
2829 2235 3333 2305 comprehenderit,

1748 2326 1864 2381 sive
1893 2335 2176 2381 assecutus
2197 2327 2382 2393 fuerit,
2409 2327 2528 2382 sine
2552 2329 2823 2397 adjutorio
2860 2329 3072 2382 Domini
3099 2330 3333 2383 salutem

1747 2417 1978 2488 adipisci
2041 2420 2157 2474 sive
2190 2419 2412 2488 assequi
2439 2435 2549 2475 non
2595 2429 2796 2489 potest.
2854 2421 3084 2490 Propter
3112 2421 3257 2491 quod
3284 2429 3342 2476 et

1747 2506 1948 2563 Paulus
2009 2508 2261 2565 diccbat:
2292 2508 2413 2563 Non
2468 2508 2686 2564 volentis
2721 2527 2884 2581 neque
2930 2513 3210 2574 currentis,
3248 2511 3340 2566 sed

1749 2600 2043 2653 miserantis
2073 2608 2147 2653 est
2176 2600 2271 2654 Dei
2302 2601 2366 2655 ⁷⁸.
2400 2600 2507 2669 Ipsi
2554 2610 2738 2655 autem
2787 2601 3060 2655 sacerdoti
3112 2602 3340 2671 profun-

1747 2690 1895 2744 dcnti
1950 2691 2270 2761 sanguinem
2310 2691 2600 2752 salutaris.
2658 2692 2713 2747 id
2765 2699 2868 2754 est,
2918 2691 3127 2746 Christi
3172 2692 3340 2748 mini-

1747 2780 1939 2835 stranti
1971 2789 2026 2833 et
2061 2779 2360 2849 perﬁcienti
2398 2780 2723 2835 sacriﬁcium
2772 2797 2870 2850 per
2912 2796 3071 2835 suum
3115 2782 3335 2851 adjuto-

1748 2872 1911 2938 riu-m,
1954 2871 2226 2941 primitias
2251 2871 2417 2941 jussit
2453 2870 2658 2927 oil‘erri.
2691 2872 2928 2927 Attende
2973 2879 3156 2927 autem
3201 2888 3337 2942 qua-

1748 2962 1874 3016 litcr
1928 2962 2090 3017 etiam
2143 2970 2468 3033 praesentem
2519 2963 2654 3034 legis
2717 2963 3059 3019 sanctionem
3116 2964 3341 3020 conclu-

44 3046 240 3102 Dividi
271 3057 450 3103 autem
472 3050 601 3103 illud
627 3065 734 3103 non
761 3050 982 3112 frustra,
1010 3052 1102 3105 sed
1141 3062 1195 3106 et
1229 3053 1389 3107 nimis
1413 3056 1648 3107 rationa-
1673 3087 1716 3143 ο
1755 3053 1825 3107 sit
1851 3070 1864 3106 :

45 3137 247 3193 biliter
270 3137 536 3207 praevidit,
571 3139 686 3193 ha:c
710 3139 855 3194 enim
879 3139 1151 3210 inquisitis
1179 3142 1498 3213 legislatoris
1527 3160 1646 3198 vcr-

48 3231 139 3284 bis
178 3230 516 3285 invenimus.

125 3321 260 3376 ilice
281 3330 355 3375 est
375 3321 458 3377 les
492 3324 673 3378 hostiae
688 3323 1050 3395 paci/iceram,
1084 3343 1200 3395 qua:
1221 3327 1435 3397 oﬂ'ertur
1466 3326 1645 3380 Domi-

49 3430 139 3478 no,
178 3412 230 3466 si
253 3428 347 3479 pro
371 3414 671 3483 gratiarum
708 3416 914 3469 actione
956 3415 1150 3485 oﬂ'eret,
1184 3419 1289 3470 sive
1319 3434 1414 3486 pro
1453 3416 1644 3472 lauda-

51 3507 225 3560 tione.
259 3504 418 3559 Vides
445 3507 676 3560 activam
710 3507 932 3577 quidem
960 3508 1131 3562 solam
1155 3524 1295 3574 esse,
1323 3509 1644 3564 rationalem

49 3609 265 3662 autem,
296 3606 351 3651 et
381 3597 612 3652 activam
643 3614 764 3654 esse
796 3599 982 3661 vitam,
1014 3614 1080 3653 ex
1118 3598 1203 3653 his
1231 3615 1350 3668 quae
1390 3600 1549 3653 nobis
1577 3599 1644 3653 ad

51 3695 310 3765 paciﬁca,
335 3695 451 3750 sive
487 3693 554 3748 ad
583 3692 814 3747 salutent
848 3691 1256 3746 transeuntibus
1287 3692 1453 3755 dedit,
1488 3702 1645 3761 pote-

53 3797 260 3842 statem
286 3787 549 3851 tribuens,
584 3801 746 3854 quam
772 3800 838 3838 ex
871 3783 1154 3852 utriusque
1186 3783 1520 3838 voluerimus
1551 3785 1648 3839 eli-

52 3896 187 3950 gere
218 3898 233 3947 ;
267 3879 394 3950 quia
421 3878 566 3933 enim
590 3875 853 3930 rationale
886 3875 1158 3945 quoddam
1190 3883 1273 3930 est
1319 3875 1645 3931 sacriﬁcimn

53 3974 359 4045 gratiarum
388 3969 642 4029 actionis,
675 3968 789 4023 sive
813 3966 1116 4022 secundum
1165 3964 1324 4028 LXX,
1379 3965 1646 4019 laudatio-

56 4067 144 4120 nis
172 4084 188 4129 ;
224 4065 348 4118 audi
391 4062 578 4127 David,
616 4071 901 4131 postquam
928 4057 1208 4129 prohibuit
1241 4057 1504 4112 sacriﬁcia
1526 4074 1647 4127 quso

56 4156 367 4213 secundum
395 4155 564 4223 legem
596 4162 769 4215 erant,
793 4152 1062 4206 dicentem
1104 4168 1117 4204 :
1143 4148 1368 4203 Immola
1421 4149 1524 4202 Deo
1558 4167 1648 4203 sna

56 4252 319 4321 criﬁcium
347 4247 517 4301 laudis
539 4255 595 4327 et_
636 4244 793 4299 redde
833 4243 1100 4297 Altissimo
1150 4250 1269 4296 vota
1301 4251 1392 4296 tua
1411 4241 1476 4295 ⁸⁸.
1509 4241 1646 4296 Audi

58 4353 115 4398 et
144 4342 376 4396 Paulmn
411 4339 478 4394 ad
513 4338 768 4393 Hebraeos
793 4336 1119 4391 scribentem
1144 4351 1241 4405 per
1261 4352 1338 4398 se,
1365 4335 1498 4389 dicit
1550 4351 1648 4389 au-

1820 3143 1985 3214 anus
2014 3161 2201 3198 carnes
2226 3145 2412 3199 eadem
2450 3146 2790 3200 comedentur
2814 3147 2919 3209 die,
2962 3163 3054 3202 nec
3098 3165 3343 3203 remane-

1746 3235 1817 3289 bit
1832 3252 1897 3289 ea:
1925 3237 1997 3289 eis
2022 3235 2316 3307 quidquam
2342 3253 2503 3307 usque
2531 3253 2703 3291 mane.
2745 3236 2843 3292 Vel
2877 3239 3019 3294 sicut
3041 3239 3184 3294 LXX
3214 3259 3227 3295 :
3270 3240 3344 3296 Et

1747 3342 1929 3380 carnes
1979 3327 2227 3395 sacriﬁcii
2274 3326 2448 3380 laudis
2491 3326 2763 3392 salutaris,
2799 3329 2902 3397 ipsi
2952 3339 3104 3384 erant
3151 3332 3340 3386 uideli-

1746 3428 1824 3473 cet
1846 3418 2096 3487 a/ferenti,
2130 3425 2178 3470 et
2206 3418 2263 3469 in
2305 3433 2616 3488 quacunque
2653 3416 2738 3470 die
2767 3418 2982 3472 donabit
3015 3421 3339 3486 comedetur,

1749 3527 1852 3564 non
1880 3509 2173 3579 relinquent
2208 3524 2272 3561 ea:
2295 3524 2353 3561 eo
2385 3524 2546 3577 usque
2569 3525 2740 3562 mane.
2767 3507 2865 3563 Hic
2899 3524 3059 3564 mane
3081 3509 3338 3565 sarculum

1747 3601 1991 3655 futurum
2032 3599 2288 3668 appellat,
2324 3608 2510 3667 utpote
2542 3598 2689 3668 quod
2751 3607 2923 3653 totum
2962 3608 3047 3654 est
3089 3600 3227 3654 lucis
3283 3609 3342 3655 et

1747 3689 1894 3745 nocti
1918 3686 2199 3758 praesentis
2234 3686 2416 3741 saeculi
2449 3686 2711 3741 succedit.
2746 3686 2822 3740 De
2887 3686 3004 3756 ipso
3032 3688 3237 3756 quippe
3285 3694 3342 3741 et

1748 3782 1946 3837 Paulus
1967 3780 2042 3835 ait
2072 3779 2228 3833 :Nox
2246 3778 2530 3846 prwcessit,
2565 3778 2675 3832 dies
2707 3788 2886 3832 autent
2930 3778 3337 3848 appropinqua-

1749 3875 1821 3928 vit
1843 3873 1886 3904 τ’
1919 3891 1933 3926 :
1966 3870 2135 3925 David
2155 3879 2336 3923 autem
2362 3868 2495 3923 dicit
2531 3885 2543 3920 :
2573 3867 2726 3921 Mane
2755 3868 2939 3921 astabo
2959 3868 3049 3920 tibi
3065 3876 3112 3920 et
3135 3865 3337 3931 videbo,

1749 3965 1994 4037 quoniam
2032 3975 2132 4015 non
2189 3961 2325 4013 Dens
2363 3960 2538 4012 voiens
2588 3958 2921 4024 iniquitatem
2964 3970 3019 4010 In
3054 3975 3105 4013 es
3123 3959 3188 4010 ⁷³.
3222 3957 3338 4011 Non

1748 4058 1863 4112 vult
1897 4072 2023 4127 ergo
2054 4058 2121 4109 de
2141 4053 2396 4109 carnibus
2417 4050 2667 4105 sacriﬁcii
2702 4050 2955 4104 salutaris
2983 4050 3036 4102 in
3060 4063 3220 4105 mane
3254 4065 3340 4103 rc-

1749 4145 1941 4217 linqui,
1977 4153 2037 4200 ut
2064 4160 2174 4198 non
2205 4140 2577 4210 imperfectam
2604 4138 2766 4193 vitam
2791 4147 3030 4191 nostram
3067 4137 3335 4206 relinqua-

1751 4257 1891 4308 mus,
1925 4254 2025 4310 per
2060 4252 2221 4306 quam
2247 4249 2347 4288 nos
2380 4241 2597 4302 Oportet
2628 4230 2828 4286 salvari
2856 4247 2868 4284 :
2896 4231 3133 4284 scientes
3190 4230 3337 4283 enim

1749 4333 1876 4402 quia
1910 4345 2018 4384 non
2049 4334 2218 4382 restat
2247 4325 2299 4379 in
2350 4324 2445 4378 illo
2482 4323 2681 4378 saeculo
2739 4322 3004 4392 operatio,
3029 4329 3084 4376 et
3116 4320 3169 4374 in
3216 4336 3333 4374 me-

62 4442 173 4490 tem
219 4453 233 4488 :
267 4431 356 4488 Sic
372 4432 652 4503 oﬂ‘eramus
684 4429 907 4482 hostiam
928 4427 1100 4480 laudis
1122 4444 1324 4495 semper
1356 4426 1483 4487 Deo,
1526 4427 1639 4497 frn—
1679 4418 1725 4474 Ι)
1753 4421 1980 4477 moriam
2020 4429 2264 4473 nostram
2286 4427 2606 4499 revocantes
2636 4414 2878 4484 quinque
2922 4413 3179 4483 virgines,
3214 4428 3334 4481 qua:

61 4536 207 4579 ctum
238 4524 493 4578 labiorum
540 4520 898 4588 conﬁtentium
933 4518 1131 4572 nomini
1162 4517 1274 4586 ejus
1295 4518 1360 4574 7°.
1404 4515 1647 4582 Quomo-

61 4617 132 4671 do
162 4626 348 4671 autem
382 4614 538 4685 jubet
564 4612 695 4667 illud
730 4609 961 4665 olIerri?

133 4711 324 4779 0,'}'cret
378 4723 538 4775 panes
571 4704 759 4775 absque
780 4705 1053 4775 fernwnto,
1104 4717 1398 4770 conspersos
1447 4701 1579 4764 oleo,
1604 4710 1655 4754 et

64 4801 263 4871 lngtttlft
318 4815 508 4869 azyma
554 4805 709 4850 uncta
752 4795 886 4859 oleo,
935 4802 1238 4861 castamque
1291 4792 1545 4855 similam,
1605 4802 1651 4847 et

63 4893 347 4963 collgridas
378 4889 477 4943 olei
506 4887 818 4941 admistione
845 4901 1149 4955 conspersus
1195 4883 1347 4949 Quod
1389 4882 1526 4936 LXX
1577 4887 1649 4937 ita

63 4985 377 5041 edutttzEt
428 4981 662 5036 similam
722 4993 1052 5048 conspersum
1106 4975 1237 5040 oleo,
1294 4974 1363 5024 iw
1387 4972 1651 5041 collyridis

65 5093 266 5144 panum
288 5089 591 5143 azymorum
626 5071 819 5142 offeret,
840 5081 1056 5120 munera
1084 5078 1240 5132 super
1264 5059 1435 5113 altare
1456 5061 1648 5114 lauda-

67 5165 227 5221 tionis
255 5162 524 5216 salutaris.
557 5162 732 5214 Panes
762 5158 879 5212 sine
927 5155 1219 5216 fermento,
1274 5149 1388 5204 sive
1432 5167 1649 5222 azymos

69 5254 400 5323 conspersos
421 5250 474 5301 in
507 5250 647 5310 oleo,
678 5246 1008 5316 apostolicos
1055 5243 1261 5304 libros;
1304 5240 1490 5310 lagana
1540 5258 1642 5295 un-

72 5357 158 5400 cta
185 5344 306 5397 oleo
337 5338 684 5411 propheticus
710 5336 966 5407 intelligo,
992 5335 1116 5403 quia
1172 5334 1248 5387 illi
1298 5332 1514 5402 quidem
1560 5335 1648 5389 ni-

75 5439 176 5494 mis
219 5435 529 5507 opulenter,
581 5430 653 5484 illi
695 5437 872 5482 autem
921 5428 1020 5483 ριςί
1075 5437 1130 5482 ct
1186 5425 1287 5495 ipsi
1344 5427 1655 5492 opulenter,

79 5545 179 5583 non
207 5538 389 5583 tamen
425 5533 635 5579 tantum
674 5518 997 5574 annuutiant
1054 5516 1483 5570 miscricordiam
1529 5516 1647 5579 Dei,

149 5689 190 5720 ⁴¹⁹
224 5687 364 5742 Psal.
409 5699 556 5737 χιιι,
609 5681 688 5733 ll.
768 5676 815 5706 ’°
853 5673 1013 5731 llebr.
1053 5694 1169 5735 xm,
1196 5676 1284 5727 :‘il.

86 5773 203 5822 xxv,
244 5759 260 5812 1
293 5773 448 5825 seqq.
525 5754 568 5783 τ³
594 5750 757 5805 l’rm'.
784 5761 862 5805 III.
891 5747 980 5812 98,
1011 5748 1099 5801 Q9.

1382 5677 1427 5705 τί
1463 5675 1617 5727 ῐῖιιιιι.
1656 5690 1728 5733 Ix,
1764 5672 1844 5727 16.

1177 5747 1247 5781 ²⁸¹
1278 5745 1436 5800 Prov.
1465 5760 1632 5809 χχιιι,
1674 5745 1689 5796 ι
1733 5752 1785 5797 ct
1814 5742 1928 5795 .lat'.
1962 5754 2034 5803 tv,
2077 5736 2139 5787 1i

1745 4512 1874 4583 quia
1900 4512 2114 4580 Sponso
2142 4517 2374 4563 vocante
2405 4506 2591 4560 venire
2612 4506 2679 4559 ad
2710 4504 2949 4574 nuptias,
2977 4503 3158 4556 oleum
3185 4517 3336 4556 emes

1749 4618 1808 4658 re
1834 4603 2106 4665 volebant,
2137 4617 2165 4655 a
2196 4600 2401 4670 nuptiis
2419 4599 2652 4653 exclusa:
2682 4605 2811 4652 sunt
2839 4596 2906 4661 ⁷³,
2963 4595 3098 4649 nihil
3124 4609 3337 4656 eorum,

1751 4704 1871 4759 qua:
1897 4688 1965 4742 ad
1995 4688 2223 4742 salutem
2249 4687 2562 4757 proﬁciunt,
2584 4700 2695 4737 non
2725 4684 3135 4747 manducatum,
3171 4682 3223 4735 id
3257 4692 3342 4735 est

1754 4795 1861 4833 non
1890 4786 2173 4847 operatum
2205 4791 2363 4830 mane
2414 4774 2751 4844 intelligihile
2803 4773 3196 4840 relinquamus.
3227 4771 3343 4825 Hoc

1751 4870 1896 4924 enim
1938 4868 2093 4920 nobis
2141 4874 2195 4920 et
2255 4865 2509 4918 Salomon
2556 4863 2610 4914 in
2677 4861 2989 4914 Proverbiis
3017 4861 3189 4915 dicit:
3221 4860 3343 4913 Non

1750 4962 1933 5015 dicas:
1969 4956 2131 5019 Vade,
2167 4966 2213 5009 et
2248 4962 2525 5017 revertere,
2545 4960 2591 5007 et
2608 4968 2726 5005 cras
2757 4950 2893 5005 dabo
2916 4951 3009 5004 tibi
3030 4967 3145 5004 cum
3162 4953 3341 5003 statim

1750 5052 1914 5122 possis
1928 5050 2054 5103 dare
2070 5049 2137 5114 7°;
2169 5062 2330 5117 neque
2348 5046 2487 5099 enim
2505 5045 2606 5099 scis
2623 5043 2750 5115 quid
2765 5042 2942 5113 pariat
2965 5050 3340 5110 superuentura

1750 5146 1892 5199 dies:
1917 5160 1979 5197 ne
2010 5143 2160 5212 forte,
2191 5140 2286 5200 ait,
2319 5137 2619 5201 deducaris,
2658 5134 2746 5188 ubi
2779 5150 2881 5188 non
2917 5146 3079 5203 potes,
3118 5144 3209 5186 nec
3245 5132 3346 5186 mi-

1749 5237 2112 5301 sericordiam,
2143 5249 2234 5286 nec
2259 5231 2422 5284 aliam
2445 5230 2689 5284 virtutem
2715 5226 2924 5296 operari
2956 5225 2998 5256 ⁷⁸
3019 5229 3057 5279 '.

1825 5328 1985 5383 Vens.
2016 5327 2194 5381 16-20.
2222 5344 2239 5375 ι
2266 5323 2321 5378 Si
2358 5331 2507 5387 voto,
2536 5319 2620 5374 vel
2650 5327 2846 5388 sponte
2871 5317 3157 5388 quisquam
3181 5315 3342 5370 obtu-

1764 5421 1889 5475 lerit
1920 5420 2171 5481 hostiam,
2202 5415 2392 5469 eadem
2427 5412 2679 5467 similiter
2705 5410 2901 5463 edetur
2926 5408 3033 5464 die.
3075 5406 3183 5462 Sed
3211 5415 3265 5461 et
3293 5406 3341 5462 si

1763 5509 1890 5581 quid
1911 5508 1962 5561 in
1982 5505 2280 5561 crastinum
2306 5499 2651 5564 remanserit,
2669 5499 2812 5554 vesci
2838 5498 3043 5553 licitum
3059 5507 3162 5553 est.
3176 5495 3342 5562 Quid-

1953 5670 1995 5699 τ’
2041 5665 2195 5718 Doni.
2229 5679 2345 5726 xm,
2408 5662 2489 5714 19.
2596 5660 2638 5691 ⁷³
2670 5656 2811 5713 Psal.
2846 5675 2899 5724 v,
2923 5658 2976 5723 5.
3080 5655 3123 5688 "
3147 5653 3336 5709 Matth-
