3886 6306
467 255 576 324 863

1655 251 2017 314 HESYCHII
2052 248 2524 313 PRESBYTERI

3698 228 3791 262 r’l

3698 264 3791 292 Cv":

468 376 601 448 quid
637 382 823 430 autem
853 372 1054 429 tertius
1078 370 1357 427 invenerit
1380 369 1520 434 dies,
1545 369 1685 440 ignis
1712 372 1969 424 absumit.
1993 367 2049 422 Si
2079 373 2125 428 Α
2153 368 2310 434 Quod
2344 376 2638 436 utrumque
2673 365 2728 418 in
2763 359 3020 434 praesenti
3050 357 3255 414 saeculo
3281 447 3284 448 ν
3306 350 3645 448 contingit,
3692 366 3791 448 nea

470 466 595 536 quis
616 464 683 519 de
702 462 961 518 carnibus
972 460 1207 515 victimae
1225 457 1576 528 paciﬁcorum
1594 457 1682 511 die
1707 456 1867 511 tertio
1880 470 2057 511 come-

473 553 805 620 derit,irrita
834 552 926 607 ﬁet
951 551 1172 613 oblatio,
1202 565 1303 604 nec
1335 547 1848 618 proderitoﬁ'erenti
1876 562 1889 599 :
1921 547 2054 616 quin

476 647 662 716 potius
674 642 1015 714 quaecunque
1035 642 1217 695 anima
1239 641 1329 694 tali
1351 656 1410 693 se
1431 640 1613 694 edulio
1647 639 2059 693 contaminave-

476 740 569 801 rit,
603 736 1067 808 praevaricationis
1098 748 1189 788 rea
1217 735 1339 787 erit.
1378 734 1515 787 Caro
1543 748 1664 801 quae
1695 730 1897 799 aliquid
1930 728 2060 783 teti-

476 829 613 899 gerit
644 827 1005 891 immundum,
1033 841 1143 879 non
1197 825 1533 887 comedetur,
1561 824 1655 878 sed
1710 823 2062 876 comburetur

475 920 611 988 igni,
664 919 758 988 qui
807 918 970 972 fuerit
1011 916 1350 980 immundus,
1383 925 1631 970 vescetur
1655 931 1722 969 ex
1750 928 1834 967 ea.
1864 912 2062 966 Anima

475 1013 683 1082 polluta
714 1026 836 1079 qua:
868 1009 1044 1065 ederit
1074 1010 1141 1063 de
1166 1002 1421 1062 carnibus
1460 1007 1655 1061 hostiae
1707 1005 2063 1075 paciﬁcorum

478 1116 601 1169 qua:
631 1100 813 1153 oblata
844 1107 931 1153 est
980 1098 1235 1162 Domino,
1270 1096 1469 1165 peribit
1500 1096 1568 1149 de
1619 1094 1834 1164 populis
1869 1093 2003 1147 suis.
2041 1111 2060 1144 ι

555 1191 682 1245 Hum
706 1192 796 1245 lex
830 1192 896 1246 ad
929 1190 1158 1259 primam
1188 1189 1409 1258 quidem
1453 1187 1647 1241 faciem
1678 1185 1951 1241 contraria
1981 1185 2066 1240 vi-

480 1281 642 1335 detur
712 1281 1167 1349 prmcedentibus,
1217 1277 1312 1333 sed
1367 1293 1476 1331 non
1530 1278 1602 1330 ita
1650 1286 1733 1331 est
1798 1276 2064 1339 discussa,

484 1373 685 1441 quippe
724 1372 889 1426 nimis
930 1371 1214 1425 invenitur-
1238 1370 1318 1424 eis
1361 1384 1485 1424 esse
1522 1368 1883 1423 concordans.
1934 1368 2069 1421 Illud

486 1471 667 1515 autem
698 1471 1033 1532 scrutantem
1070 1460 1366 1531 intelligere
1405 1468 1638 1529 oportet,
1658 1459 1787 1528 quia
1819 1455 2097 1513 umbram'

491 1552 697 1607 habens
762 1553 847 1606 lex
916 1552 1222 1607 futurorum
1270 1553 1555 1615 bonorum,
1609 1559 1756 1604 recte
1796 1550 1981 1604 multis
2017 1557 2074 1603 et

490 1643 875 1698 diﬁ‘erentibus
923 1644 1336 1713 quaestionibus,
1379 1644 1447 1697 ad
1503 1641 1782 1713 ﬁguranda
1828 1656 1892 1696 ea
1952 1657 2074 1711 quae

490 1732 848 1801 designantur
870 1733 1148 1802 mysteria,
1175 1747 1269 1786 usa
1297 1740 1400 1785 est.

563 1821 620 1876 Si
646 1832 761 1875 voto
807 1823 886 1876 vel
909 1831 1091 1892 sponte
1123 1823 1388 1892 quispiam
1422 1822 1665 1876 obtulerit
1695 1823 1941 1885 hostiam,
1981 1838 2074 1875 ea.

493 1914 609 1966 dem
638 1913 883 1966 similiter
906 1914 1090 1966 edetur
1112 1914 1214 1967 die.
1255 1913 1360 1967 Sed
1388 1923 1435 1966 et
1457 1915 1502 1967 si
1524 1916 1650 1977 quid
1694 1915 1751 1967 in
1785 1915 2077 1967 crastinum

496 2006 829 2067 remanserit,
856 2007 990 2059 vesci
1017 2005 1218 2060 licitum
1265 2016 1336 2059 est
1362 2023 1380 2060 :
1408 2007 1661 2077 quidquid
1686 2018 1863 2061 autent
1894 2009 2079 2062 tertius

496 2098 748 2150 invenerit
790 2099 898 2151 dies
944 2099 1080 2169 ignis
1118 2098 1366 2152 absumit.
1387 2101 1560 2154 Omne
1600 2102 1817 2170 quidem
1871 2101 2080 2156 sacriﬁ-

496 2189 639 2243 cium
668 2189 1015 2258 paeiﬁcorum
1050 2206 1145 2244 seu
1174 2192 1409 2246 salutare
1425 2202 1786 2261 spontaneum
1813 2201 1917 2259 est,
1937 2194 2081 2249 unde

498 2280 794 2336 illudinter
825 2282 967 2336 dona
996 2283 1263 2351 superiori
1309 2291 1461 2352 parte
1507 2284 1629 2337 libri
1678 2285 1877 2353 hujus,
1917 2285 2081 2356 legis-

498 2372 638 2425 lator
670 2373 959 2442 ascripsit;
993 2373 1087 2427 sed
1116 2374 1413 2443 gratiarum
1444 2374 1705 2440 actionis,
1760 2374 1873 2429 sive
1906 2375 2084 2430 laudis

501 2464 853 2530 sacriﬁcium,
883 2481 1195 2534 quanquam
1243 2466 1455 2535 species
1499 2467 1569 2521 sit
1621 2467 1913 2523 oblationis
1964 2469 2085 2538 ejus

502 2570 627 2625 qua:
658 2570 807 2610 nunc
840 2555 984 2610 dicta
1013 2565 1117 2619 est,
1154 2566 1334 2610 tamen
1379 2558 1506 2626 quia
1545 2559 1865 2612 rationabile
1914 2559 2088 2628 quod-

505 2652 631 2707 dam
663 2660 768 2715 est,
800 2659 1086 2721 propterea
1112 2653 1164 2703 in
1211 2651 1329 2721 lege
1364 2650 1724 2703 voluntarium
1756 2665 1868 2704 non
1922 2651 2089 2706 habet

508 2746 752 2801 additum
796 2764 811 2799 :
842 2747 965 2816 quia
1000 2761 1123 2800 cum
1161 2747 1280 2800 sine
1328 2746 1495 2801 dubio
1533 2746 1826 2802 rationales
1892 2749 2085 2815 simus,

507 2838 750 2894 debitum
779 2839 1178 2908 quodammodo
1199 2839 1532 2908 prmcipuum
1559 2839 1802 2894 Creatori
1828 2840 2091 2895 rationale

514 2930 847 2985 sacrificium
879 2930 1160 2984 debemus.
1192 2929 1490 2998 Propterea
1518 2932 1573 2984 in
1600 2947 1666 2986 eo
1721 2933 2090 2987 voluntarium

2159 460 2212 513 in
2250 460 2456 513 futuro.
2510 456 2666 512 Unde
2712 470 2815 509 nec
2867 453 2980 506 ullo
3028 450 3190 505 modo
3237 447 3391 502 diem
3442 442 3791 512 duplicavit.

2160 567 2324 606 unam
2378 551 2523 605 diem
2575 557 2784 602 tantum
2825 546 3013 600 dicens
3064 543 3118 595 in
3151 537 3431 593 sacriﬁcio
3472 534 3793 603 gratiarum

2161 642 2414 706 actionis,
2449 640 2773 695 sivelaudis.
2803 638 2909 691 Aul
2942 639 3079 688 forte
3099 635 3230 687 hinc
3267 629 3661 684 manifestum
3720 632 3793 676 est

2160 733 2288 803 quia
2313 732 2399 785 his
2435 731 2525 799 qui
2559 728 2880 782 rationalem
2908 726 3075 777 vitam
3119 718 3266 788 apud
3318 732 3382 770 se
3432 712 3797 767 deﬁnierunt

2163 834 2218 880 et
2249 824 2489 878 studium
2523 819 2742 890 quietis,
2795 815 2963 871 veluti
3021 812 3183 867 Maria
3214 824 3338 879 qum
3384 807 3614 860 bonam
3680 816 3798 869 par-

2166 925 2272 971 tem
2300 916 2481 985 elegit,
2510 923 2567 967 et
2589 910 2655 965 ad
2702 910 2868 980 pedes
2892 905 3103 960 Domini
3162 902 3293 956 Jesu
3346 896 3580 954 Christi
3637 894 3798 947 sede-

2164 1007 2275 1070 bat,
2314 1004 2544 1071 simplex
2576 1009 2660 1055 est
2712 999 2817 1052 vita
2847 1007 2902 1052 et
2929 996 3085 1049 velox
3129 1002 3294 1061 atque
3342 989 3418 1042 ad
3471 986 3790 1041 transitum

2166 1104 2373 1166 parata.
2419 1093 2510 1147 Eis
2538 1106 2669 1146 vero
2703 1089 2793 1158 qui
2857 1087 3087 1141 activam
3142 1083 3454 1151 elegerunt,
3528 1092 3655 1129 non
3704 1077 3793 1133 ita,

2168 1188 2263 1241 sed
2291 1186 2578 1249 laboriosa,
2635 1181 2812 1251 qualis
2861 1187 2980 1233 erat
3013 1174 3233 1230 Martha:
3261 1189 3387 1243 qua:
3442 1170 3797 1224 turbabatar

2168 1295 2296 1349 erga
2326 1278 2480 1346 plura
2508 1276 2577 1330 3°.
2602 1274 2760 1330 Unde
2793 1281 2848 1327 ct
2903 1271 2951 1324 ei
2980 1269 3180 1337 duplex
3238 1275 3489 1333 tempus,
3561 1273 3791 1330 propter

2165 1371 2407 1433 labores,
2453 1372 2840 1436 computatur;
2884 1368 3257 1416 verumtamen
3304 1356 3639 1425 legislatur,
3697 1353 3793 1405 etsi

2170 1461 2354 1517 verbis
2403 1458 2635 1513 diversis
2678 1456 2852 1511 utitur
2874 1462 3096 1523 propter
3123 1449 3471 1519 opulentiam
3532 1444 3791 1513 Spiritus,

2172 1562 2225 1608 et
2260 1561 2321 1606 ut
2350 1549 2667 1620 multiplicia
2700 1547 2975 1609 redderet,
3010 1545 3154 1598 sicut
3178 1558 3321 1611 saepe
3366 1539 3671 1597 diximus,
3715 1539 3792 1589 in-

2174 1643 2484 1715 telligentia:
2537 1638 2845 1711 aenigmata,
2887 1653 2919 1691 a
2947 1636 3192 1691 districta
3236 1644 3427 1688 tamen
3466 1632 3792 1685 subtilitate

2105 1723 2148 1780 Β
2176 1751 2284 1790 non
2319 1734 2542 1798 recedit,
2576 1734 2668 1788 sed
2705 1732 2781 1787 ibi
2812 1731 2968 1795 dixit,

2249 1828 2366 1882 Non
2385 1827 2677 1894 relinquent
2703 1832 2765 1879 de
2797 1841 2854 1877 eo
2874 1825 2929 1876 iu
2954 1836 3126 1876 mane.
3158 1820 3277 1874 Non
3308 1818 3539 1876 dicens.
3576 1817 3642 1869 in
3685 1830 3795 1869 cra-

2180 1923 2344 1984 stino,
2378 1920 2505 1990 quia
2537 1918 2839 1973 crastinum
2860 1932 2969 1970 non
3004 1913 3273 1984 signiﬁcat
3297 1912 3567 1965 futurum
3622 1925 3793 1962 sarcu-

2180 2015 2293 2068 lum
2325 2031 2338 2066 :
2365 2011 2455 2066 hic
2500 2019 2682 2064 autem
2723 2007 3003 2078 quidquid
3051 2005 3247 2060 tertius
3307 2003 3609 2056 invenerit
3662 2000 3789 2064 dies,

2183 2105 2325 2177 ignis
2352 2104 2609 2165 absumit,
2636 2116 2734 2169 per
2776 2099 2919 2154 diem
2954 2098 3193 2160 tertium,
3230 2096 3488 2149 fumrurn
3536 2095 3788 2147 iudicans

2184 2198 2443 2253 saaculum
2469 2239 2482 2263 ,
2513 2196 2567 2249 in
2606 2195 2723 2263 ipso
2746 2192 2949 2261 quippe
2984 2190 3254 2260 generalis
3282 2198 3371 2242 est
3428 2196 3789 2241 mortuorum

2185 2288 2511 2345 resurrectio
2544 2306 2557 2340 :
2600 2300 2759 2355 quam
2793 2284 3039 2353 designat
3086 2281 3229 2336 tertii
3254 2280 3363 2334 diei
3394 2281 3553 2334 facta
3615 2296 3791 2334 resur-

2186 2383 2355 2437 rectio
2384 2378 2595 2436 Domini
2625 2392 2746 2447 quae
2776 2391 2938 2429 mane
2967 2373 3234 2444 provenit.
3276 2371 3522 2441 Propter
3553 2373 3713 2442 quod
3745 2381 3789 2427 et

2186 2490 2347 2530 mane
2372 2472 2628 2528 szeculum
2652 2471 2891 2525 diximus
2912 2467 3221 2540 signiﬁcare
3252 2465 3536 2519 futurum.

2260 2569 2398 2623 Tunc
2419 2586 2540 2639 ergo
2559 2568 2697 2636 quod
2736 2565 2996 2635 reliquum
3019 2564 3178 2617 estde
3215 2561 3490 2631 sacriﬁcio
3539 2561 3788 2630 paciﬁco-

2190 2680 2307 2716 rum
2330 2678 2429 2727 seu.
2458 2660 2780 2713 salutarium
2820 2658 2938 2728 igne
2993 2665 3347 2708 consumetur.
3397 2653 3788 2723 Quodcunque

2191 2756 2338 2809 enim
2378 2753 2757 2822 reliquerimus
2814 2751 2880 2804 ad
2915 2760 3153 2803 nostram
3208 2748 3447 2801 salutem
3484 2749 3787 2817 pertinens,

2193 2848 2534 2916 inoperatum
2570 2854 2673 2909 est,
2732 2852 2914 2897 autem
2970 2843 3319 2910 inoperatum
3380 2850 3440 2894 et
3516 2843 3631 2895 hoc
3653 2839 3789 2911 quod

2195 2940 2333 2994 male
2363 2946 2647 3006 operatum
2674 2943 2779 2999 est,
2814 2944 2869 2990 et
2900 2934 3069 3004 ligna,
3121 2941 3217 2986 aut.
3249 2932 3439 2986 fenum
3483 2942 3661 3002 atque
3701 2932 3789 2987 sti-

510 3023 597 3078 lex
637 3022 877 3087 reticuit,
917 3039 1027 3077 non
1067 3023 1194 3076 illud
1228 3023 1506 3091 excipiens
1535 3041 1564 3078 a
1616 3025 1957 3087 voluntariis,
1990 3040 2090 3079 ne-
2117 3058 2159 3112 ο
2195 3031 2321 3101 pula
2366 3029 2587 3093 factum,
2617 3030 2721 3082 hoc
2742 3028 2863 3098 igne
2894 3038 3271 3089 consumctur,
3304 3041 3408 3079 nos
3449 3036 3651 3079 autem
3706 3026 3790 3081 de-

510 3129 619 3183 que
657 3114 803 3167 enim
857 3130 959 3183 pro
1010 3114 1269 3183 peccatis,
1324 3115 1419 3169 sed
1458 3131 1561 3170 nec
1609 3132 1673 3170 ex
1726 3116 2092 3186 promissione

511 3204 753 3259 oblatum
789 3205 1047 3259 ostendit.
1081 3206 1312 3259 Tantum
1343 3215 1522 3260 autem
1550 3217 1712 3271 tacet,
1740 3209 2094 3277 quemadmo-

512 3295 643 3350 dum
696 3296 954 3361 diximus,
1000 3297 1365 3352 voluntarium
1392 3341 1405 3363 ,
1444 3299 1560 3353 sive
1595 3309 1979 3368 spontaneum,
2036 3309 2096 3355 ut

512 3401 637 3444 cum
678 3387 872 3443 siletur
892 3388 997 3443 hoc
1029 3391 1253 3445 verbum
1279 3389 1371 3458 qui
1428 3390 1717 3445 rationales
1762 3392 1952 3457 simus,
2008 3393 2099 3447 de-

512 3480 644 3534 bere
682 3492 782 3534 n‘os
817 3481 925 3535 Deo
947 3482 1231 3537 rationalia
1288 3483 1563 3557 sacriﬁcia
1615 3485 1999 3555 intelligamus,
2041 3494 2095 3539 et

513 3570 660 3624 omni
692 3571 741 3625 ei
763 3573 946 3625 studio
969 3573 1367 3629 adhaereamus.
1402 3573 1509 3627 Sed
1558 3574 1814 3643 quoniam
1874 3574 1983 3628 illic
2038 3573 2090 3627 in

511 3675 618 3730 qua
649 3661 736 3715 die
762 3662 1010 3727 oﬂ'erlur,
1046 3665 1368 3724 comeditur,
1402 3664 1494 3729 ait,
1522 3665 1611 3720 hic
1640 3673 1844 3729 autem,
1869 3665 1923 3719 in
1959 3680 2094 3734 qua-

510 3767 725 3822 cunque
749 3753 837 3808 die
866 3755 1112 3818 oﬁ‘ertur,
1145 3763 1199 3809 et
1223 3755 1276 3808 in
1311 3756 1547 3811 crastino
1576 3773 1588 3808 :
1622 3771 1724 3809 nec
1750 3756 1854 3811 hoc
1879 3766 2095 3811 contra-

510 3846 651 3898 rium
684 3853 786 3909 est,
817 3847 1157 3915 apertissime
1193 3847 1336 3901 enim
1363 3858 1417 3902 et
1437 3847 1541 3902 hoc
1566 3849 1709 3917 quod
1733 3849 1964 3904 dicimus
1984 3865 2096 3903 cra-

510 3936 735 4000 stinum,
785 3938 1161 3993 denuntiatum
1218 3940 1503 4009 praesentis
1564 3941 1745 3994 saeculi
1791 3949 1894 4003 est,
1947 3941 2092 4009 quod

512 4036 741 4082 testatur
761 4029 995 4083 Jacobus
1021 4031 1208 4085 dicens
1231 4050 1243 4084 :
1262 4031 1391 4084 Ecce
1413 4048 1549 4084 nunc
1571 4033 1659 4102 qui
1686 4032 1860 4085 dicitis
1881 4048 1899 4085 :
1927 4033 2094 4086 Hodie

510 4127 561 4172 et
584 4121 812 4172 crastino
838 4120 1221 4173 antbulabimus
1267 4123 1322 4173 in
1350 4122 1499 4174 illam
1550 4123 1813 4175 civitatem
1852 4131 1899 4176 et
1946 4140 2095 4193 nego-

512 4210 786 4272 tiabimur,
818 4220 864 4263 et
890 4210 1091 4264 lucrum
1121 4212 1370 4282 faciemus
1396 4213 1461 4266 7°.
1493 4213 1561 4265 Ει
1588 4213 1811 4267 omnino
1845 4229 1954 4267 non
2008 4215 2094 4268 in-

508 4300 1026 4368 venicsnbicunque
1056 4301 1111 4353 in
1137 4300 1410 4366 Scriptura
1462 4301 1782 4365 crastinum,
1827 4305 2095 4357 assimila-

2197 3123 2513 3176 trimentum
2547 3120 2840 3190 patiemur.
2867 3118 2975 3173 Sed
3002 3119 3132 3188 quid
3168 3118 3250 3171 his
3279 3118 3499 3172 addidit
3527 3120 3554 3172 ἶ

2266 3211 2324 3267 Si
2345 3214 2460 3282 quis
2483 3213 2545 3266 de
2569 3212 2814 3265 carnibus
2849 3212 3076 3264 victima:
3114 3211 3459 3279 paciﬁcorum
3505 3213 3597 3264 die
3646 3215 3787 3266 tertio

2196 3306 2495 3370 comederit,
2530 3304 2684 3357 irrita
2723 3303 2812 3371 [iet
2850 3302 3067 3367 oblatio,
3112 3318 3201 3354 nec
3227 3301 3467 3369 proderit
3507 3303 3786 3372 offerenti:

2195 3392 2322 3463 quin
2344 3393 2513 3459 potius
2535 3407 2854 3462 quwcunque
2876 3391 3055 3443 anima
3091 3390 3186 3443 tali
3212 3406 3266 3443 se
3304 3389 3491 3444 edulio
3529 3394 3782 3445 cantami-

2198 3487 2415 3547 naverit,
2463 3484 2917 3553 prazvaricationis
2971 3484 3202 3536 rea‘erit.
3241 3481 3351 3537 Nec
3404 3483 3531 3538 hmc
3594 3485 3781 3539 frustra

2197 3577 2455 3647 praesenti
2482 3574 2754 3631 sanctioni
2796 3575 3024 3639 addidit,
3057 3576 3151 3629 sed
3196 3575 3322 3644 quia
3379 3577 3614 3645 quidam
3676 3588 3781 3647 post

2196 3667 2358 3721 ﬁnem
2411 3666 2573 3733 hujus
2640 3667 2763 3720 vitae
2828 3673 2883 3719 et
2927 3675 3269 3719 mortuorum
3318 3670 3778 3722 resurrectionem

2195 3758 2355 3812 aliam
2391 3757 2548 3811 talem
2577 3757 2762 3818 vitam,
2798 3755 2974 3823 qualis
2992 3770 3140 3808 nunc
3172 3763 3277 3817 est,
3305 3754 3636 3811 describere
3662 3774 3779 3827 pne-

2197 3856 2570 3919 sumpserunt,
2604 3848 2752 3901 mille
2783 3862 3052 3899 annorum
3091 3846 3363 3913 quoddam
3403 3850 3669 3901 saeculum
3706 3850 3774 3901 in-

2195 3939 2562 3999 troducentes,
2591 3937 2645 3990 in
2670 3938 2798 4007 qud,
2838 3944 2897 3989 ut
2938 3936 3110 3999 aiunt,
3141 3934 3446 3989 Jerusalem
3511 3938 3771 3991 sensibilis

2194 4031 2565 4093 aediﬁcabilur,
2598 4030 2967 4098 templumque
3009 4028 3146 4097 ejus,
3182 4036 3238 4080 et
3268 4042 3392 4095 quae
3425 4028 3483 4080 in
3509 4045 3575 4083 ea
3610 4047 3771 4098 quon-

2195 4124 2317 4177 dam
2350 4120 2569 4175 fuerunt
2600 4120 2796 4173 Sancta
2847 4129 3160 4172 sanctorum
3218 4118 3703 4179 reslaurabuntur,
3732 4133 3774 4172 et

2195 4212 2457 4267 sacriﬁcia
2481 4211 2799 4275 oﬁ‘erentur,
2818 4208 3149 4277 nuptiasque.
3177 4216 3233 4261 et
3262 4207 3503 4262 ﬁliorum
3537 4226 3767 4279 procrea-

2198 4307 2290 4371 tio,
2315 4314 2371 4361 et
2393 4305 2599 4358 deliciae
2627 4304 2873 4372 quaedam
2902 4293 3250 4370 cum‘justitia
3285 4303 3565 4367 sensibili,
3587 4314 3641 4357 et
3669 4305 3771 4356 lon-

512 4400 626 4445 tum
679 4391 862 4443 futuro
922 4392 1143 4452 saeculo,
1178 4391 1274 4444 sed
1327 4392 1524 4445 dicitur
1570 4393 1788 4461 (pridem
1844 4410 2087 4463 pnescns
2125 4382 2170 4435 Ῐ)
2197 4415 2262 4468 ge
2289 4397 2390 4450 alia
2414 4395 2756 4450 conversatio
2785 4402 2990 4456 nostra,
3022 4409 3183 4461 quam
3215 4408 3277 4446 ea
3340 4410 3467 4461 qua:
3529 4411 3675 4449 nunc
3701 4407 3769 4448 est

512 4480 767 4532 sarculum
816 4478 998 4544 hodie,
1066 4481 1339 4547 quomodo
1389 4482 1554 4534 Davirl
1617 4482 1786 4537 dicit:
1835 4483 2006 4539 Hodie
2046 4488 2092 4539 si

511 4585 686 4622 vocem
732 4569 845 4638 ejus
887 4569 1181 4634 audieritis,
1209 4570 1367 4624 nolite
1398 4572 1656 4626 obdurare
1700 4575 1857 4628 corda
1897 4586 2090 4643 vestra,

511 4660 643 4713 sicut
664 4661 718 4713 in
738 4663 1136 4716 exacerbalione
1159 4664 1223 4716 ⁷⁷.
1254 4663 1323 4717 Ει
1358 4680 1547 4718 rursus
1572 4664 1769 4721 Paulus
1802 4685 1814 4720 :
1851 4666 1952 4721 Sed
1997 4669 2096 4721 ad-

514 4751 799 4805 hortamini
824 4755 1154 4823 vosmetipsos
1178 4771 1271 4824 per
1315 4756 1545 4827 singulos
1572 4757 1703 4819 dies,
1737 4759 1898 4813 donec
1945 4761 2096 4813 hodie

512 4845 908 4914 cognominatur
930 4846 994 4901 ⁷⁸.
1053 4847 1260 4902 Dicithr
1286 4857 1466 4903 autem
1505 4858 1561 4905 et
1603 4866 1746 4917 cras,
1779 4868 1889 4905 non
1914 4862 2095 4906 tamen

510 4936 736 4991 omnino
764 4937 869 4990 ἀνὰ
893 4938 1182 5009 διαστολὴν
1212 4941 1459 4994 hodierni
1486 4959 1498 4993 :
1533 4942 1624 4995 sed
1651 4943 1775 5012 quia
1818 4944 2100 5012 pra'sentis

511 5026 692 5080 saeculi
711 5043 818 5082 non
831 5029 1016 5083 eadem
1032 5037 1159 5083 sunt
1172 5030 1362 5098 Spatia,
1384 5032 1587 5086 sicutin
1607 5031 1911 5088 Proverbiis
1924 5044 2104 5088 osten-

511 5115 608 5184 dit,
660 5119 738 5173 Ne
759 5121 905 5173 dicas
930 5121 1100 5173 amico
1124 5130 1212 5173 tuo
1239 5136 1258 5173 :
1310 5120 1471 5184 Vade,
1505 5133 1552 5176 et
1582 5140 1699 5177 cras
1734 5126 1866 5177 veni.
1916 5124 2101 5194 Neque

515 5211 663 5264 enim
690 5211 947 5264 sazculum
1009 5211 1267 5266 describit
1291 5211 1553 5278 futurum,
1586 5216 1678 5268 sed
1709 5219 2049 5285 subsequens
2075 5261 2088 5281 ,

514 5298 797 5365 praesentis
846 5300 971 5354 vitae
1034 5309 1264 5369 tempus.
1289 5301 1518 5369 Propter
1542 5305 1683 5371 quod
1710 5304 1843 5359 dixit
1868 5326 1881 5359 :
1916 5307 2095 5378 Neque

514 5386 653 5439 enim
677 5389 800 5440 scies
826 5390 950 5458 quid
972 5390 1150 5456 pariat
1178 5403 1554 5457 superuentura
1577 5392 1685 5444 dies
1716 5393 1777 5457 "’9,
1815 5394 1865 5447 id
1897 5403 1997 5458 est,
2028 5410 2096 5448 ne

515 5466 654 5525 forte
676 5473 731 5526 in
758 5489 819 5528 ea
845 5475 1114 5542 moriaris,
1145 5487 1237 5532 aut
1265 5478 1333 5531 ab
1356 5478 1528 5548 aliqua
1565 5480 1876 5551 impediaris
1903 5500 2087 5538 causa.

595 5643 767 5701 “Jac.
797 5665 869 5714 tv,
908 5650 988 5704 l5.
1069 5652 1110 5681 ⁷⁷
1138 5650 1278 5707 Psal.
1307 5669 1448 5720 χειν,
1478 5656 1535 5723 8;
1560 5654 1724 5709 llcbr.
1759 5674 1831 5725 tv,
1852 5661 1902 5713 7.

1982 5659 2024 5690 ⁷⁸
2057 5658 2218 5715 Hebr.
2256 5678 2339 5729 In,
2377 5662 2455 5717 l5.

2196 4489 2488 4555 juslorum,
2546 4500 2671 4538 cum
2707 4500 2774 4538 cx
2828 4483 3061 4536 mortuis
3125 4484 3597 4539 resurrexerimus
3632 4487 3764 4538 crit:

2201 4580 2342 4633 hanc
2372 4592 2500 4648 ergo
2530 4575 3006 4644 pmsumptionem
3032 4575 3100 4629 de
3122 4578 3314 4628 animo
3364 4586 3563 4629 nostra
3609 4594 3767 4631 remo-

2199 4686 2328 4723 vere
2362 4669 2587 4738 cupiens
2618 4686 2630 4722 :
2663 4667 2717 4721 Si
2743 4668 2865 4737 quis
2888 4668 2954 4721 de
2975 4668 3253 4733 carnibus,
3279 4668 3375 4732 ait,
3434 4671 3764 4737 paciﬁcorum

2201 4761 2287 4815 die
2317 4761 2478 4814 tertio
2506 4759 2826 4823 comederit,
2863 4759 2915 4834 id
2940 4767 3051 4821 est,
3095 4759 3140 4812 si
3167 4759 3290 4828 quis
3348 4759 3451 4813 sibi
3493 4760 3547 4813 in
3581 4764 3764 4831 cogita-

2202 4850 2347 4904 tione
2383 4858 2671 4920 proponat,
2704 4851 2830 4919 quia
2863 4860 2987 4920 post
3044 4850 3508 4905 resurrectionem
3541 4864 3764 4907 mortuo.

2205 4957 2341 5005 rum,
2373 4942 2629 5012 reliquias
2658 4942 2820 5011 hujus
2851 4942 2972 4996 vitze
2991 4951 3213 4996 acturus
3233 4953 3335 5003 est,
3365 4952 3419 4997 et
3466 4946 3630 4998 modo
3652 4964 3765 5015 qm-
3840 5012 3841 5021 χ

2202 5033 2323 5086 dam
2364 5034 2613 5087 comedat
2645 5034 2902 5103 prmdicta
2961 5033 3016 5087 in
3075 5045 3278 5097 mente,
3308 5044 3472 5089 utens
3516 5052 3617 5105 pro
3665 5040 3763 5091 rilr»

2204 5123 2523 5193 phantasia;
2557 5134 2611 5177 et
2638 5141 2863 5193 sperans
2886 5143 2943 5181 se
2967 5128 3254 5181 comedere
3282 5143 3347 5181 eo
3399 5137 3647 5197 tempore
3676 5150 3761 5198 (μοι

2209 5215 2496 5271 comedere
2556 5217 2890 5285 impossibile
2942 5225 3046 5277 est,
3081 5218 3132 5271 id
3174 5229 3276 5277 est.
3318 5222 3539 5289 operari
3573 5241 3585 5275 :
3628 5223 3757 5289 hujus

2205 5307 2407 5361 oblatio
2434 5325 2541 5361 non
2569 5309 2882 5379 suscipitur,
2912 5325 3011 5364 nec
3037 5311 3375 5379 reputabitur
3407 5311 3481 5363 ei.
3506 5312 3607 5377 Qui
3637 5313 3755 5367 enim

2203 5398 2335 5451 falsa
2356 5400 2422 5453 de
2454 5399 2636 5453 futuro
2661 5402 2858 5455 s:eculo
2888 5402 3136 5465 aestimat,
3159 5403 3487 5473 sibimetipsi
3520 5405 3752 5459 damnum

2201 5486 2345 5549 facit,
2379 5488 2797 5543 abominabilcm
2853 5500 2906 5544 et
2938 5490 3197 5559 pollutam
3244 5492 3581 5547 oblationem
3629 5510 3752 5545 suam

2536 5665 2581 5694 ⁷⁹
2608 5662 2723 5717 Jac.
2757 5681 2827 5729 ιν,
2866 5666 2943 5718 ll.
3019 5665 3201 5719 8‘I.uc.
3238 5684 3291 5731 λ,
3336 5670 3420 5734 40,
3458 5671 3539 5725 Η.
