3886 6306
65 325 201 389 355
1241 311 1323 373 1N
1352 284 1693 371 'LEVITICI

1800 355 1810 369 .
1852 335 1918 344 -·
1958 310 2105 369 LIB.
2143 309 2227 369 II.
2851 306 2854 310 ’
3232 306 3369 372 ’866

56 428 401 490 constituit.
439 424 555 481 Non
588 423 762 479 solum
794 428 975 475 autem
1007 417 1134 483 hoc,
1168 418 1261 474 sed
1286 427 1340 474 et
1391 427 1672 490 peccatum
1702 426 1745 481 Α
1782 416 2065 471 rationalis
2102 415 2361 471 hominis.
2396 415 2553 472 Unde
2574 399 2795 487 quidem
2830 417 3220 490 cogitationum
3250 432 3369 473 ma-

57 526 313 584 sibimet
341 517 658 583 contrahit;
686 522 909 585 propter
936 512 1080 583 quod
1103 511 1239 566 dixit
1267 528 1283 560 :
1773 511 1954 566 larum
1988 509 2252 564 Dominus
2311 510 2646 565 mentionem
2694 510 2843 576 fecit,
2881 520 2938 564 rt
2986 511 3065 564 sic
3105 511 3319 567 addidit
3352 526 3365 561 :

150 615 305 681 Quin
334 611 509 682 potius
543 622 863 678 qua'cunque
883 605 1064 658 anima
1097 603 1193 656 tuli
1217 620 1272 657 se
1291 602 1465 657 edulio
1490 611 1675 656 conta-
1778 600 1904 654 Hcce
1959 609 2137 653 autem
2191 612 2317 654 sunt
2362 617 2479 671 quae
2523 601 2766 671 polluant
2801 603 3083 657 hominem.
3109 602 3367 658 Jumenta

60 708 396 771 minaverit,
441 702 890 774 prrroaricationis
933 717 1023 753 rea
1051 699 1168 752 erit.
1204 696 1510 752 Ostendens
1551 698 1677 767 quia
1779 690 2416 762 ergoimmundasunthi
2440 693 2531 761 qui
2551 693 2852 747 immundis
2877 703 2933 746 et
2961 695 3371 756 terrenisactio-

65 813 135 858 et
163 804 225 856 in
255 801 456 854 damno
483 797 750 850 bonorum
803 794 954 856 vivit,
980 801 1033 846 et
1063 799 1287 860 peccato
1322 805 1380 844 se
1439 790 1675 859 subjicit,
1779 781 1941 836 nibus
1968 790 2338 851 occupantur;
2366 783 2431 836 ad
2451 791 2648 837 terram
2671 784 2986 850 intendunt,
3013 786 3369 852 quemadmo-

66 896 407 964 quicunque
440 876 550 944 non
592 889 732 943 bona
760 886 827 939 de
854 883 1209 938 retributione
1237 882 1469 936 ωειῑιηει
1517 881 1680 936 ειη-ί.
1781 873 1908 925 dum
1929 872 2201 964 jumenta.
2226 872 2381 929 Unde
2402 885 2458 928 ct
2479 874 2840 930 fornicatores
2892 879 3012 945 equi
3066 877 3370 931 admissarii

68 963 156 1041 sti
196 1002 210 1037 :
242 1001 356 1038 non
382 982 527 1037 enim
561 992 690 1035 sunt
722 976 1104 1045 eorruptibiles
1134 973 1525 1043 retributiones
1563 973 1676 1035 Dei,
1783 963 2127 1032 appellantur
2166 965 2234 1019 ”.

73 1094 197 1133 nec
245 1090 371 1146 quae
418 1071 589 1127 semel
641 1069 930 1131 destruxit,
976 1068 1066 1121 illa
1117 1080 1307 1119 rursus
1356 1065 1681 1118 constituit:
1854 1052 1975 1108 Sive
2025 1056 2193 1109 omnis
2242 1057 2319 1109 rei
2378 1071 2495 1125 quae
2558 1055 2792 1125 polluere
2864 1066 3053 1123 potest.
3124 1056 3368 1122 chun-

76 1177 362 1238 praeterea
395 1182 504 1219 non
534 1164 649 1219 vult
685 1160 916 1216 virtutes
946 1158 1078 1212 falsa
1131 1157 1434 1212 intentione
1483 1156 1681 1226 pollui;
1945 1148 2126 1201 omina
2189 1157 2245 1202 et
2291 1149 2681 1212 divinationes,
2743 1157 2799 1203 et
2849 1152 3220 1220 purgationes,
3284 1152 3369 1205 vel

74 1237 247 1312 unde
274 1264 332 1311 et
367 1255 543 1309 dixit:
1566 1246 1573 1249 ’
1787 1237 1923 1303 dies,
1972 1248 2026 1293 et
2100 1247 2346 1309 tempora
2398 1242 2732 1304 custodiunt,
2794 1243 2965 1295 multo
3026 1244 3197 1312 magis
3271 1260 3372 1297 au-

164 1347 315 1402 Caro
341 1362 455 1416 quae
476 1346 679 1415 aliquid
708 1345 937 1415 tetigerit
958 1344 1309 1407 immundum,
1330 1360 1431 1397 non
1450 1342 1686 1396 comede-

83 1448 206 1501 tur,
232 1439 324 1491 sed
347 1439 463 1507 igne
485 1446 839 1492 consumetur.
863 1434 1069 1489 Carnes
1098 1435 1287 1489 dicens
1325 1434 1580 1500 virtutes,
1619 1447 1682 1486 ex

84 1529 306 1597 quibus
334 1528 659 1582 sacrificium
714 1528 949 1581 salutare
1001 1534 1261 1580 constat:
1303 1525 1457 1581 verbi
1494 1524 1683 1595 gratia,

85 1618 430 1684 eaStitalem,
479 1621 905 1689 cleemosynam,
949 1617 1236 1685 justitiam.
1291 1616 1417 1672 Haec
1474 1608 1602 1686 ergo
1643 1617 1688 1670 si

88 1714 381 1783 tetigerint
423 1712 765 1766 immundum
796 1709 1099 1780 quidpiam,
1136 1724 1259 1763 cum
1300 1709 1439 1773 forte
1475 1724 1572 1777 per
1600 1723 1692 1762 su-

92 1807 357 1878 perbiam
395 1804 606 1870 iustitia
651 1813 707 1858 et
761 1804 982 1857 castitas
1043 1801 1111 1855 ad
1147 1816 1340 1855 vanam
1365 1799 1609 1870 gloriam,
1637 1808 1693 1853 et

91 1899 444 1968 elecmosyna
478 1912 544 1951 ex
578 1894 843 1964 injustitia
868 1894 945 1957 ﬁt.
982 1894 1104 1964 igne
1130 1890 1694 1961 incendenturjudicii

91 1990 298 2045 futuri.
326 1988 482 2055 Quod
503 1988 845 2043 demonstrat
874 1986 1063 2050 Isaias,
1088 1986 1279 2040 dicens
1313 2001 1326 2037 :
1357 1983 1459 2049 Qui
1508 1985 1696 2037 immo-

98 2080 184 2134 lat
219 2080 420 2146 bouem,
444 2079 598 2150 quasi
620 2079 709 2147 qui
736 2077 1022 2146 interﬁciat
1054 2078 1257 2142 virum;
1287 2077 1376 2147 qui
1395 2085 1696 2144 mactatpe—

101 2189 221 2237 cus,
254 2172 407 2242 quasi
439 2171 530 2240 qui
557 2168 853 2223 excerebrat
902 2185 1085 2222 canem
1108 2170 1174 2233 ει,
1206 2178 1263 2223 et
1288 2167 1516 2237 reliqua.
1547 2169 1692 2223 Prte-

101 2265 284 2319 sentis
324 2272 505 2316 autem
538 2261 776 2315 mandati
814 2270 960 2316 recta
990 2263 1272 2315 conclusio
1301 2268 1422 2315 est:
1456 2260 1555 2324 Qui
1578 2262 1693 2329 fue-

97 2358 179 2412 rit
231 2357 481 2420 mundus,
530 2365 762 2409 vescatur
793 2372 876 2410 ea.
903 2356 1094 2408 Anima
1134 2353 1337 2420 polluta
1361 2368 1478 2423 qua:
1530 2353 1693 2406 ederit

100 2448 174 2502 de
190 2446 439 2501 carnibus
455 2446 636 2500 Itastiw
653 2445 993 2515 paci/iceram
1012 2460 1128 2514 qua:
1150 2444 1327 2497 oblata
1351 2452 1424 2497 est
1445 2443 1687 2506 Domino,

101 2540 300 2609 peribit
331 2542 396 2591 de
425 2537 630 2607 populis
659 2538 787 2591 suis.
811 2535 1011 2606 Aperte
1057 2535 1147 2589 hie
1173 2536 1401 2589 ironiam
1440 2534 1689 2597 destruit,

106 2644 166 2686 et
198 2629 532 2701 hypocrisin.
562 2628 676 2683 bzee
700 2631 844 2683 enim
901 2636 1029 2683 sunt
1067 2628 1261 2681 anima:
1312 2628 1689 2693 immunditiae,

108 2724 190 2777 ita
220 2731 280 2775 ut
310 2726 499 2775 borum
531 2721 694 2775 homo
717 2721 943 2776 interior
966 2722 1124 2789 lupus
1147 2721 1533 2790 appellaretur,
1566 2734 1692 2773 cum

108 2815 377 2869 Dominus
403 2812 535 2867 dicit
562 2830 573 2864 :
601 2813 872 2866 Attendite
894 2812 959 2865 ab
996 2813 1067 2865 eis
1089 2814 1179 2883 qui
1199 2813 1411 2867 veniunt
1436 2813 1507 2864 ad
1528 2828 1614 2864 vos
1638 2812 1694 2863 in

106 2904 298 2957 vestitu
321 2904 514 2967 ovium,
541 2905 682 2956 intus
721 2914 898 2956 autem
925 2912 1043 2957 sunt
1072 2903 1181 2972 lupi
1209 2919 1426 2971 rapaces
1447 2903 1512 2955 δ’.
1540 2902 1601 2954 lli
1626 2901 1693 2956 de

111 2995 372 3049 carnibus
422 2993 616 3049 hostiae
664 2994 1017 3064 pacificorum
1076 2996 1192 3050 sive
1233 2995 1504 3057 salutaris,
1572 3010 1694 3064 quae

111 3086 310 3141 oblata:
344 3094 470 3140 sunt
500 3086 751 3151 Domino,
784 3089 1151 3155 comedentes,
1176 3087 1266 3156 qui
1317 3088 1546 3142 virtutes
1574 3103 1695 3157 qua:

112 3194 147 3232 a
196 3177 303 3232 Deo
361 3177 731 3246 possidentur,
772 3194 884 3232 non
942 3180 1159 3234 virtutis
1220 3179 1542 3242 intentione,
1598 3179 1695 3233 sed

111 3268 489 3323 fraudulenter
515 3277 831 3339 operantur,
848 3279 1081 3340 pereunt
1108 3271 1176 3325 de
1219 3270 1422 3339 populo
1454 3284 1575 3335 suo,
1638 3278 1697 3323 ut

113 3375 224 3416 non
250 3361 362 3430 jam
398 3376 550 3425 oves,
584 3362 676 3416 sed
716 3362 829 3433 lupi
884 3361 1239 3416 nominentur
1263 3371 1317 3416 et
1362 3372 1427 3416 ut
1464 3360 1697 3416 manife-

115 3461 260 3507 stum
296 3454 386 3517 sit,
406 3453 532 3522 quia
558 3453 624 3507 de
654 3454 1044 3526 gregeexpulsi
1073 3462 1219 3507 sunt.
1249 3453 1570 3523 Quicunque
1600 3469 1697 3508 au-

114 3554 228 3600 tem
259 3555 406 3599 extra
440 3563 654 3617 gregem
705 3557 809 3613 est,
836 3547 926 3601 hic
959 3547 1012 3600 in
1043 3555 1196 3616 parte
1252 3546 1544 3601 bestiarum
1597 3546 1696 3600 de-

114 3645 378 3707 putatur:
415 3638 481 3691 Et
505 3639 595 3708 qui
641 3640 865 3710 tetigerit
910 3640 1307 3693 immunditiam
1347 3640 1573 3693 hominis
1618 3638 1699 3692 uel

108 3727 359 3794 jumenti,
391 3729 498 3781 sive
525 3729 692 3782 omnis
730 3731 806 3782 rei
827 3746 943 3801 qua:
975 3730 1207 3799 polluere
1229 3740 1416 3799 potest,
1446 3740 1493 3784 et
1528 3747 1698 3783 rome-

114 3818 250 3871 dcrit
286 3819 348 3872 de
399 3818 759 3888 hujuscemodi
800 3822 1068 3886 carnibus,
1108 3822 1343 3875 interibit
1384 3823 1447 3875 de
1492 3823 1697 3891 populis

114 3912 243 3965 suis.
294 3910 415 3966 Non
460 3928 589 3983 ergo
642 3913 943 3982 quemlibet
982 3915 1133 3968 illum
1177 3914 1521 3969 solummodo
1557 3914 1696 3968 mala

117 4004 381 4059 mundum
432 4020 554 4059 esse
597 4014 653 4059 et
698 4021 886 4060 carere
922 4007 1032 4061 vult
1069 4007 1287 4061 actione
1316 4007 1359 4061 si
1404 4008 1696 4061 salutarem

116 4096 231 4149 sive
257 4095 542 4165 paciﬁcum
564 4108 821 4164 operatur
850 4094 1108 4161 hostiam,
1137 4103 1193 4149 et
1230 4094 1382 4165 cupit
1412 4096 1530 4164 ejus
1576 4110 1697 4149 esse

117 4186 414 4257 particeps,
432 4186 528 4240 sed
552 4195 613 4240 ut
636 4186 797 4240 etiam
822 4187 889 4241 ab
915 4187 1141 4242 alterius
1168 4186 1292 4240 mali
1312 4186 1697 4256 conjunctione

118 4275 410 4340 abstineat,
441 4275 555 4330 sive
594 4276 950 4347 cogitationes
997 4277 1116 4347 ejus
1168 4277 1282 4333 sive
1334 4293 1498 4347 opera
1555 4278 1695 4332 mala

119 4368 246 4421 sint.
298 4364 435 4432 Quia
501 4365 646 4420 enim
720 4366 999 4421 rationalis
1049 4375 1104 4421 et
1168 4366 1551 4421 intellectualis
1614 4375 1698 4419 est

123 4457 300 4525 homo,
328 4466 480 4515 recte
509 4459 914 4514 immunditiam
947 4459 1209 4522 hominis,
1267 4475 1387 4514 eam
1444 4474 1567 4529 quae
1610 4468 1694 4512 cst
1717 4449 1773 4511 D

119 4550 171 4604 in
226 4552 490 4612 consiliis,
516 4559 572 4605 et
608 4551 1050 4621 cogitationibus,
1088 4551 1350 4607 malitiam
1410 4551 1695 4617 intellexit,

40 4644 53 4654 ’“
117 4646 258 4716 quod
295 4646 614 4700 manifestat
647 4655 703 4701 et
753 4646 1040 4713 Dominus,
1092 4647 1322 4701 dicens:
1355 4646 1591 4701 Necdum
1620 4646 1701 4699 in-
1748 4644 1752 4648 ’

66 4745 71 4749 ’
122 4737 370 4807 telligitis,
412 4736 537 4807 quia
579 4755 731 4792 omne
757 4741 896 4809 quod
931 4740 1228 4810 ingreditur
1251 4741 1306 4792 in
1337 4756 1443 4805 ore,
1477 4740 1534 4793 in
1576 4755 1701 4792 ven-

63 4812 73 4841 θ
118 4836 249 4882 trem
272 4826 446 4890 vadit,
473 4834 521 4880 et
547 4827 600 4879 in
624 4843 879 4881 secessum
903 4827 1206 4881 emittitur?
1230 4825 1309 4879 Ea
1356 4836 1533 4881 autem
1586 4842 1703 4897 qua:

116 4919 452 4990 egrediuntur
475 4919 539 4971 de
582 4935 692 4981 ore,
725 4924 789 4972 de
828 4919 981 4972 corde
1009 4926 1219 4978 exeunt,
1244 4925 1291 4970 et
1329 4916 1425 4969 illa
1456 4917 1696 4985 polluant

112 5010 391 5063 Immineat.
424 5008 502 5062 De
533 5011 686 5064 corde
723 5011 861 5063 enim
906 5017 1097 5062 exeunt
1149 5006 1489 5075 cogitatione:
1521 5006 1695 5073 malm,

114 5103 416 5167 homicidia,
438 5105 723 5169 adulteria,
755 5106 924 5176 furta,
953 5101 1091 5173 falsa
1116 5100 1433 5165 testimonia,
1455 5100 1695 5171 blasphe-

114 5198 236 5250 mia:
254 5195 339 5248 3’?
376 5194 491 5249 Non
551 5215 613 5253 ea
676 5216 796 5268 quae
827 5201 885 5253 in
932 5196 1148 5251 actione
1169 5203 1314 5259 sunt,
1347 5195 1535 5249 dicens
1556 5197 1697 5252 furta

115 5295 208 5342 aut
237 5286 521 5352 adulteria,
547 5299 640 5344 aut
685 5290 1096 5355 fornicationes,
1125 5301 1250 5339 nam
1284 5284 1400 5341 lure
1422 5288 1697 5355 quomodo

116 5380 185 5441 de
215 5379 380 5434 corde
406 5380 642 5434 exeunt?
671 5382 765 5436 sed
799 5398 863 5436 ea
907 5396 1027 5450 quae
1059 5380 1113 5433 in
1169 5376 1588 5448 cogitationibus
1638 5387 1693 5433 et

115 5468 355 5525 consiliis
385 5480 532 5536 sunt,
560 5471 685 5540 quia
724 5471 1117 5540 ipsamaxima:
1157 5476 1283 5522 sunt
1330 5468 1691 5524 immunditiis

701 5687 746 5718 ⁸²
779 5685 1080 5755 Maltinvtt,
1126 5695 1206 5748 l3.

664 5757 708 5788 ⁸⁷
742 5756 760 5808 ἰ
786 5755 925 5808 ἰ’ἰηι.
955 5776 1005 5823 v,
1035 5764 1086 5815 fi.

183 5688 222 5720 ⁸¹
258 5687 353 5741 lsa.
382 5703 525 5747 vat,
546 5688 600 5741 5.

118 5757 206 5813 ⁸⁸1
237 5756 374 5813 Tim.
409 5774 461 5825 γ,
494 5760 584 5812 22.

1288 5697 1334 5728 ³³
1386 5694 1574 5751 Matth.

1649 5714 1717 5753 xv
1743 5740 1756 5767 ,

1791 1335 1896 1380 tem
1944 1328 2085 1396 magi
2142 1337 2197 1381 ct
2249 1328 2515 1394 venefici,
2568 1330 2964 1385 abominabiles
3028 1341 3157 1386 sunt
3221 1333 3371 1386 enim

1788 1419 1931 1488 apud
1962 1419 2270 1473 Dominum.
2300 1418 2490 1474 Omnis
2516 1421 2608 1489 qui
2633 1420 2769 1476 facit
2797 1423 2934 1483 haec,
2963 1422 3188 1477 forsitan
3223 1424 3371 1476 enim

1789 1510 2158 1564 communicat
2188 1511 2310 1579 quis
2345 1511 2499 1566 malis
2540 1527 2729 1566 eorum
2772 1515 3034 1579 consiliis,
3076 1524 3168 1568 aut
3206 1515 3375 1568 actio-

1790 1601 1982 1666 nibus,
2045 1612 2100 1657 et
2157 1601 2280 1666 hic,
2336 1610 2525 1671 utpote
2581 1605 2915 1673 prohibitam
2975 1606 3374 1660 immunditiam

1794 1702 2042 1764 tangens,
2079 1710 2186 1749 non
2221 1705 2402 1765 potest
2441 1712 2504 1749 ea
2544 1712 2665 1766 quae
2706 1698 2772 1752 ad
2810 1698 3040 1752 hostiam
3083 1699 3374 1754 salutarem

1795 1786 1877 1839 vel
1923 1786 2275 1855 paeificorum
2322 1788 2600 1857 pertinent
2642 1789 2948 1852 comedere,
2982 1790 3097 1844 sive
3137 1792 3374 1858 onerari.

1795 1872 1931 1928 Cum
1967 1874 2113 1928 enim
2161 1876 2318 1930 nisus
2364 1875 2531 1930 fuerit
2564 1892 2628 1931 ea
2657 1871 2794 1947 qua:
2832 1878 2899 1933 ad
2938 1880 3166 1934 salutem
3205 1881 3374 1949 perti-

1795 1978 1931 2024 nent
1977 1984 2158 2039 agere,
2195 1978 2251 2024 et
2301 1971 2790 2026 communicaverit
2833 1974 3188 2042 cperantibtw
3236 1975 3379 2029 mala

1794 2071 1852 2115 et
1878 2074 2000 2129 quas
2029 2062 2096 2115 ad
2127 2060 2490 2130 perditionem
2524 2061 2818 2132 pertinent,
2847 2063 3048 2132 peribit
3079 2064 3148 2119 de
3177 2066 3378 2135 populo

1794 2165 1918 2214 suo,
1949 2149 2002 2203 id
2041 2160 2144 2216 est,
2173 2151 2240 2205 de
2286 2151 2374 2205 his
2421 2152 2513 2221 qui
2564 2154 2868 2214 salvantur.
2901 2170 3029 2209 nam
3079 2166 3134 2210 et
3182 2157 3378 2211 alienis

1794 2241 2203 2296 communicare
2248 2244 2520 2311 peccatis,
2571 2244 2909 2298 mortiferum
2957 2253 3086 2299 est:
3129 2247 3275 2300 unde
3323 2254 3380 2300 et

1796 2331 1965 2387 David
2014 2333 2229 2387 dicebat
2262 2352 2274 2387 :
2308 2334 2378 2388 Et
2410 2338 2475 2388 ab
2512 2336 2701 2390 alien‘s
2729 2354 2887 2405 parce
2914 2355 3058 2391 servo
3085 2347 3175 2391 tuo
3204 2339 3269 2391 ⁸⁵.
3312 2339 3378 2392 Et

1793 2423 1995 2481 Paulus
2027 2427 2315 2481 Timotheo
2341 2431 2600 2499 praecepit
2631 2448 2642 2482 :
2674 2430 2860 2483 Manus
2892 2432 2994 2484 cito
3038 2433 3234 2484 nemini
3271 2432 3376 2484 im-

1792 2520 2064 2585 posueris,
2121 2536 2283 2589 neque
2338 2523 2808 2575 communicaret-is
2864 2525 3090 2593 peccatis
3145 2525 3373 2588 alienis,

1797 2612 2124 2680 temetipsum
2156 2623 2355 2668 castum
2386 2616 2586 2668 custodi
2608 2615 2677 2669 ⁸⁸.

1864 2728 2030 2784 Vens.
2069 2729 2259 2785 93-25.
2298 2751 2316 2783 ι
2351 2732 2697 2801 Loeutusque
2726 2742 2809 2786 est
2839 2732 3103 2788 Dominus
3133 2734 3199 2788 ad
3234 2734 3376 2807 Moy-

1795 2836 1892 2875 sen
1924 2823 2111 2877 dicens
2144 2840 2159 2874 ε
2191 2823 2439 2892 Loquere
2471 2824 2590 2877 filiis
2634 2825 2817 2877 Israel.
2861 2825 3087 2894 Adipem
3114 2827 3287 2892 bovis,
3320 2836 3377 2883 et

1794 2915 1935 2980 ovis,
1968 2923 2022 2968 et.
2056 2931 2235 2984 capra:
2278 2931 2386 2969 non
2436 2900 2733 2971 comedetis
2774 2934 2789 2969 :
2828 2919 3041 2986 adipem
3096 2920 3376 2976 cadaveris

1796 3006 2096 3072 morticini,
2130 3016 2184 3061 et
2228 3007 2347 3076 ejus
2394 3008 2651 3066 animale.
2694 3013 2836 3077 quod
2883 3026 2912 3063 a
2942 3010 3113 3064 bestia
3158 3022 3375 3081 captum

1722 3112 1764 3169 ο
1797 3108 1902 3161 est,
1938 3098 2208 3153 habebitis
2257 3100 2312 3152 in
2358 3114 2488 3154 usus
2533 3100 2732 3153 varios.
2768 3099 2821 3153 Si
2855 3101 2975 3170 quis
3015 3103 3251 3172 adipem.
3281 3106 3375 3174 qui

1797 3192 1981 3247 ollerri
2014 3193 2174 3247 debet
2210 3192 2263 3245 in
2295 3192 2577 3247 incensum
2609 3193 2843 3259 Domini,
2881 3196 3203 3262 comederit,
3253 3213 3377 3267 per-

1798 3284 1898 3339 ibit
1923 3285 1990 3338 de
2018 3285 2218 3353 populo
2246 3299 2365 3337 suo.
2398 3303 2416 3335 ›

1870 3375 2200 3430 Admiranda
2240 3384 2323 3429 est
2358 3375 2686 3441 lcgislatoris
2716 3382 2981 3444 sapientia
3022 3378 3379 3446 quemadmo-

1799 3466 1927 3521 dum
1954 3482 2051 3536 per
2071 3466 2359 3536 :rnigmata
2388 3474 2441 3518 et
2472 3465 2757 3534 parabolas
2784 3466 3093 3521 introducat
3117 3469 3379 3537 subjectis

1801 3558 1975 3620 utilia,
2009 3566 2168 3611 caute
2213 3557 2454 3610 mandati
2507 3556 2851 3632 margaritam
2909 3558 3062 3625 quasi
3096 3559 3150 3611 in
3194 3575 3376 3628 peram

1765 3661 2134 3717 .componens
2204 3646 2417 3699 litterae.
2495 3645 2863 3710 Quamobrem
2943 3649 3089 3701 enim
3165 3649 3378 3719 adipem

1800 3740 1985 3804 boum,
2023 3747 2093 3797 et,
2127 3736 2331 3797 ovium,
2364 3734 2417 3790 et
2464 3724 2750 3806 caprarum
2792 3740 3004 3793 comedi
3039 3756 3145 3793 non
3177 3758 3379 3809 przecc-

1798 3831 1923 3900 pit:
1966 3843 2307 3898 quorumque
2350 3841 2546 3881 carnes
2596 3820 2830 3882 mundas
2876 3838 2929 3907 et
2982 3830 3199 3885 esibiles
3247 3832 3379 3887 dixit

1799 3933 1990 3973 eorum
2034 3918 2243 3971 comedi
2275 3916 2489 3984 adipem
2530 3918 2719 3980 vetuit,
2749 3933 2850 3971 nec
2895 3919 3012 3987 ejus
3051 3920 3140 3987 qui
3186 3936 3377 3988 Opera-

1796 4021 1890 4066 tur
1921 4010 2261 4074 mandatum,
2284 4009 2740 4078 quemadmodum
2773 4018 2855 4064 est
2885 4010 3004 4075 bos,
3037 4027 3139 4064 nec
3168 4014 3376 4081 simpli-

1799 4106 1898 4171 cis,
1919 4105 2011 4174 qui
2044 4114 2125 4158 est
2147 4103 2286 4169 ovis,
2323 4118 2429 4157 nec
2460 4118 2651 4156 eorum
2683 4102 2773 4173 qui
2803 4119 2903 4171 pro
2936 4104 3171 4172 peccatis
3200 4107 3379 4174 pumi-

1799 4197 2028 4252 tentiam
2061 4203 2249 4265 agunt,
2283 4210 2381 4263 per
2415 4208 2635 4262 capram
2671 4194 2871 4262 quippe
2912 4193 3289 4264 significantur
3314 4213 3377 4252 ea

1798 4302 1919 4358 qtue
1943 4302 2042 4357 pro
2076 4285 2315 4356 peccatis
2346 4293 2475 4339 sunt
2502 4285 2791 4349 sacriﬁcia,
2825 4302 2947 4340 cum
2983 4302 3199 4355 capram
3234 4305 3377 4357 pra:-

1800 4380 2008 4450 ceperit
2052 4378 2106 4431 in
2158 4377 2243 4432 his
2289 4385 2383 4430 aut
2430 4375 2646 4430 hircum
2706 4376 2996 4445 immolari,
3040 4394 3141 4431 nec
3180 4380 3375 4435 borum

1797 4487 1926 4543 ergo
1954 4469 2205 4525 concedit
2231 4477 2290 4522 ut
2320 4468 2655 4523 desiderium
2682 4469 3073 4523 eomedamus?
3096 4470 3176 4525 Ad
3207 4471 3375 4526 Deum

1797 4564 1943 4619 enim
1981 4563 2114 4617 illud
2149 4561 2364 4624 referri,
2407 4571 2461 4614 et
2500 4562 2612 4615 Deo
2656 4560 2838 4615 ollcrri
2883 4563 3061 4632 jubet,
3107 4573 3379 4633 quatenus

1796 4669 1910 4708 non
1943 4654 2014 4708 sit
2054 4653 2357 4706 secundum
2390 4651 2747 4705 intentionem
2780 4653 3098 4719 humanam,
3130 4656 3223 4709 sed
3270 4657 3379 4710 Deo

1799 4745 1900 4799 soli
1949 4743 2381 4810 uniuscujusque
2435 4742 2550 4805 rei,
2599 4757 2760 4809 quam
2815 4744 2938 4809 quis
2986 4759 3052 4796 ex
3104 4746 3379 4812 prmdictis

1799 4836 2128 4904 assequitur,
2170 4831 2503 4886 desiderium
2549 4832 2827 4883 otl‘eratur.
2867 4832 3131 4887 Similiter
3180 4851 3375 4901 μυί-εει-

1805 4936 1983 4982 torum
2011 4922 2366 4984 desiderium,
2398 4920 2543 4990 quod
2576 4936 2672 4991 per
2705 4921 2988 4975 morticina
3040 4933 3094 4977 et
3122 4941 3150 4977 a
3183 4925 3376 4982 bestiis

1801 5025 1961 5086 capta
2016 5011 2351 5084 signiﬁcatur
2386 5029 2401 5066 :
2440 5027 2540 5082 per
2585 5011 2870 5067 morticina
2918 5013 3134 5082 quidem
3187 5025 3374 5085 utpote

1800 5109 1895 5180 qui
1930 5108 2208 5178 elegerunt
2246 5122 2345 5176 per
2383 5106 2643 5176 quasdam
2679 5105 3044 5175 impudicitias
3074 5116 3131 5160 et
3160 5122 3256 5176 per
3285 5124 3377 5164 su-

1801 5199 2047 5271 perbiam
2088 5199 2295 5268 peccati
2339 5210 2590 5254 mortem.
2632 5198 2783 5264 Quod
2830 5199 3022 5268 probat
3062 5197 3260 5253 Paulus
3307 5202 3375 5256 de

1800 5292 1981 5347 viduis
2010 5292 2088 5347 sic
2117 5292 2305 5347 dicens
2347 5310 2359 5345 :
2392 5290 2520 5355 Quae
2563 5293 2700 5345 enim
2745 5293 2799 5344 in
2847 5292 3045 5345 deliciis
3079 5302 3151 5345 est
3190 5294 3370 5359 vidua,

1799 5386 1974 5438 vivens
2021 5394 2230 5438 mortua
2273 5395 2346 5438 est
2377 5384 2443 5437 ⁸⁷.
2478 5376 2581 5438 Per
2626 5399 2687 5438 ea
2735 5394 2914 5437 autem
2956 5400 3076 5453 qua:
3115 5400 3144 5438 a
3186 5384 3375 5440 bestiis

1798 5481 1957 5544 capta
1999 5484 2166 5541 sunt,
2218 5477 2600 5548 intelliguntur
2657 5476 2712 5530 bi
2765 5477 2879 5545 qui,
2913 5477 3041 5530 dum
3093 5477 3376 5548 negligunt

1817 5698 1997 5755 17-19.
2076 5698 2316 5755 Mfiet-li.
2390 5715 2551 5753 xxxm
2586 5739 2600 5765 ,
2656 5697 2707 5779 6.
2786 5699 2828 5730 ⁸⁵
2878 5698 3015 5754 Psal.
3052 5713 3229 5765 xvut,
3290 5698 3371 5755 Η.
