3886 6306
492 273 600 337 867

1698 261 2061 322 l'IESYCHII
2097 258 2575 321 PRESBYTER!

3718 258 3815 321 883

492 381 763 440 cautelam
812 394 968 435 suam
1013 386 1069 433 et
1135 374 1463 440 custodiam,
1515 373 1770 443 captivati
1818 380 1970 435 sunt,
2008 372 2079 426 ab
2107 377 2153 434 Α
2181 386 2305 443 pem
2344 373 2559 439 hostiae,
2602 380 2655 427 et
2686 372 3087 444 pectusculum.
3116 371 3367 441 Cumque
3401 369 3598 424 ambo
3634 368 3816 424 oblata

493 472 930 544 intelligibilibus
974 470 1169 524 bestiis
1214 467 1595 536 comprehensi
1646 483 1656 517 :
1694 467 1837 534 quod
1874 475 1932 518 ut
1964 479 2077 518 non

493 567 782 631 faciamus,
816 580 1008 620 rursus
1037 563 1232 618 Petrus
1265 562 1339 616 ait
1372 580 1386 614 :
1421 560 1596 616 Sobrii
1633 568 1811 621 estote,
1841 557 2077 627 vigilate,

493 657 831 710 adversarius
875 655 1015 708 enim
1063 663 1230 706 uester
1268 651 1529 713 diabolus,
1569 650 1703 702 sicut
1748 647 1827 701 leo
1870 648 2081 717 rugiens

496 749 706 810 circuit,
737 762 977 815 quaerens
1004 734 1158 814 quem
1201 745 1409 796 devoret
1431 742 1497 795 ³⁸.
1529 740 1773 805 Quorum
1802 754 1913 793 non
1947 754 2080 792 con-

497 840 872 906 ceditadipem
895 837 1106 891 comedi
1131 852 1145 888 :
1172 837 1396 889 noxium
1423 836 1566 888 enim
1591 843 1678 888 est
1699 833 1858 887 nobis
1883 832 2080 887 horum

494 931 785 985 desideriis
817 929 915 982 uti.
945 929 1052 983 Sed
1088 944 1189 981 nec
1225 929 1334 982 Deo
1369 943 1432 980 ea
1458 928 1614 992 jubet
1638 924 1844 986 offerri,
1878 924 2083 977 deside—

495 1025 634 1078 rium
662 1022 801 1074 enim
830 1029 1165 1088 peccatorum
1186 1019 1375 1087 peribit
1399 1018 1465 1069 89.
1491 1017 1595 1070 Sed
1636 1017 1763 1085 quid
1789 1012 2083 1084 praecepit?

568 1112 843 1165 IIabebitis
874 1112 929 1164 in
955 1128 1078 1164 usus
1108 1112 1302 1163 varios.
1338 1108 1673 1162 Transferre
1699 1122 1829 1177 ergo
1849 1105 1980 1159 illud
2016 1104 2082 1158 ad

495 1203 754 1256 virtutem
800 1201 1087 1263 debemus,
1124 1211 1184 1253 ut
1230 1199 1298 1253 ad
1344 1199 1678 1262 castitatem,
1717 1205 1811 1249 aut
1839 1196 1904 1250 ad
1935 1195 2083 1249 elcea

495 1300 937 1362 utosynamyaut
984 1292 1050 1344 ad
1100 1290 1391 1360 justitiam,
1443 1297 1538 1342 aut
1584 1288 1654 1341 ad
1701 1300 2082 1355 quamcunque

498 1385 739 1454 speciem
780 1384 935 1436 bona:
972 1381 1307 1451 operationis
1349 1381 1542 1434 horum
1590 1378 1920 1432 desiderium
1955 1392 2086 1430 con-

462 1476 798 1538 ‘vertamus,
847 1474 1189 1527 resolventes
1238 1473 1391 1534 illud,
1439 1483 1494 1525 et
1543 1471 1599 1523 in
1649 1471 1816 1523 alium
1860 1467 2081 1522 modum

502 1567 836 1621 derivantes.
887 1565 999 1619 lloc
1037 1565 1183 1619 enim
1222 1571 1326 1629 est,
1358 1563 1611 1616 habebitis
1645 1563 1701 1614 in
1730 1578 1854 1614 usus
1886 1563 2080 1613 varios.

502 1657 639 1721 Quia
677 1664 733 1709 et
764 1655 950 1724 adeps,
984 1657 1027 1709 si
1078 1656 1143 1708 ad
1188 1654 1420 1723 aliquam
1464 1652 1754 1704 utilitatem
1795 1649 2085 1719 cujuslibet

501 1747 827 1801 conﬁciendi
857 1747 1041 1816 operis
1070 1744 1413 1799 necessarius
1447 1752 1550 1808 est,
1580 1742 1888 1796 subtiliatur
1921 1751 2083 1810 atque

502 1839 697 1891 resolvi
708 1848 814 1890 tur.

483 1939 491 1948 '
573 1927 632 1981 Si
662 1930 779 1994 quis
813 1928 1021 1995 adipem
1066 1925 1157 1995 qui
1195 1926 1369 1995 oﬂ‘erri
1401 1924 1548 1977 debet
1587 1925 1642 1977 in
1682 1925 1948 1977 incensum
1981 1922 2089 1976 Do-

502 2020 634 2073 mini
670 2020 968 2083 comederit,
1007 2018 1196 2087 peribit
1244 2018 1310 2070 de
1350 2015 1541 2086 populo
1573 2032 1688 2070 suo.
1724 2015 1890 2070 Recte
1923 2015 2086 2084 perit,

502 2108 760 2164 videlicet
805 2123 1028 2179 cogens,
1075 2116 1171 2161 aut
1215 2106 1324 2159 alio
1379 2106 1541 2159 modo
1591 2104 1829 2159 suadens
1882 2105 1955 2169 ei,
1993 2105 2085 2173 qui

503 2206 856 2274 sirmetipsum
889 2203 1087 2258 obtulit
1116 2201 1250 2264 Deo,
1281 2215 1391 2254 non
1422 2199 1491 2253 ad
1526 2214 1825 2269 supernum
1870 2199 2087 2253 oculum

502 2297 834 2352 desiderium
873 2296 1096 2357 habere,
1129 2294 1225 2348 sed
1260 2292 1326 2347 a'd
1363 2292 1686 2361 placendum
1716 2291 1841 2345 sibi.

574 2386 737 2443 Vens.
772 2387 863 2450 26,
895 2388 986 2449 27.
1035 2404 1054 2436 ‹
1100 2384 1437 2453 Sanguinem
1485 2398 1701 2453 quoque
1754 2381 1933 2435 omnis
1974 2380 2093 2435 ani-

504 2478 664 2532 malis
692 2494 803 2531 non
835 2476 1065 2531 sumetis
1093 2475 1147 2528 in
1177 2476 1324 2538 cibo,
1356 2485 1462 2528 tam
1496 2477 1563 2529 de
1591 2474 1804 2538 avibus,
1832 2488 1992 2541 quam
2024 2472 2090 2527 de

505 2571 821 2639 pecoribus.
883 2568 1076 2621 Unmis
1127 2568 1311 2620 anima
1364 2582 1484 2636 qua:
1515 2566 1690 2621 ederit
1750 2564 2087 2635 sanguinem,

506 2662 712 2732 peribit
742 2663 808 2715 de
840 2658 1056 2729 pupulis
1087 2658 1224 2712 suis.
1256 2676 1275 2708 ι

580 2753 719 2819 Quia
760 2752 1081 2821 sanguinem
1124 2750 1359 2803 animam
1393 2749 1508 2804 vult
1539 2747 1789 2818 intelligi,
1822 2747 2095 2803 sullicien-

510 2854 592 2900 ter
620 2845 872 2913 superius
897 2844 1334 2897 demonstratum
1374 2850 1474 2895 cst.
1521 2840 1641 2895 Vult
1671 2857 1802 2911 ergo
1834 2840 2092 2895 virtutem

508 2947 613 2987 nos
638 2933 855 2999 assequi
887 2931 1112 2985 alterna:
1136 2930 1444 2985 dilectionis
1475 2949 1487 2984 :
1514 2941 1569 2985 et
1596 2946 1772 3000 neque
1797 2931 2091 3000 justorum,

509 3037 742 3091 quorum
792 3021 896 3074 hoc
924 3021 1067 3085 loco,
1114 3029 1340 3090 propter
1380 3021 1630 3075 altiorem
1674 3023 1933 3087 volatum,
1966 3037 2095 3076 eon-

510 3114 880 3170 Versationcm
914 3111 1258 3183 signiﬁcavit,
1291 3128 1470 3181 neque
1500 3123 1870 3182 peccatorum,
1897 3114 2096 3183 quibus

513 3219 776 3276 pecorum
799 3203 1112 3272 appellatio,
1140 3218 1239 3273 pro
1267 3218 1330 3257 eo
1357 3204 1502 3272 quod
1532 3204 1597 3257 ad
1624 3202 1884 3257 inferiora
1915 3202 2100 3257 inten-

513 3296 673 3359 dunt,
703 3294 961 3350 convenit
1004 3294 1295 3348 comedere
1349 3295 1695 3364 sanguinem,
1739 3295 1791 3349 id
1836 3303 1920 3348 est
1965 3295 2100 3348 nihil

511 3386 581 3442 ad
633 3401 822 3441 eorum
879 3387 1093 3454 Operari
1159 3396 1411 3439 mortem.
1474 3386 1628 3451 Quod
1702 3396 1908 3451 autem,
1961 3387 2102 3440 sicut

513 3477 685 3534 edunt
732 3476 895 3542 LXX,
944 3479 1049 3532 hoc
1098 3494 1211 3532 non
1271 3478 1387 3532 ﬁeri
1448 3478 1501 3531 in
1558 3479 1705 3531 omni
1762 3479 2102 3532 habitatione

456 3636 459 3639 ἰ
514 3569 796 3639 prtecepit,
841 3584 940 3638 per
995 3569 1383 3633 habitationes,
1438 3569 1759 3623 dilierentes
1807 3584 2102 3623 conversa-

518 3661 694 3716 tiones
740 3661 943 3715 innuit.
980 3660 1209 3730 Propter
1239 3662 1383 3730 quod
1430 3671 1645 3730 oportet
1672 3679 1700 3715 a
1734 3663 1938 3715 malitia
1968 3678 2105 3716 ροη-

519 3761 601 3806 tra
651 3753 984 3822 proximum,
1041 3763 1148 3806 tam
1202 3753 1508 3808 sublimiter
1566 3754 1891 3823 Supieltlt‘m,
1942 3769 2100 3821 quant

516 3841 887 3907 mediocriter,
919 3843 1003 3897 vel
1038 3843 1247 3897 nullum
1294 3842 1581 3911 sapientia:
1616 3843 1854 3898 studium
1897 3843 2105 3896 haben-

518 3942 649 4000 tem,
682 3944 737 3989 et
768 3944 828 3989 ut
855 3935 1067 3990 dicatur
1111 3936 1369 3999 breviter,
1413 3944 1466 3989 et
1504 3936 1713 4005 justum
1759 3936 1827 3989 ab
1871 3950 1955 4000 ea,
1985 3951 2105 4004 qua:

519 4033 604 4079 est
638 4034 824 4079 contra
873 4034 1237 4093 peccatorem,
1277 4035 1331 4080 et
1383 4036 1726 4095 peccator-em
1772 4026 1842 4079 ab
1882 4042 1946 4079 ea
1985 4043 2104 4095 quae

520 4131 643 4171 csse
699 4126 876 4186 potest
925 4128 1115 4173 contra
1174 4120 1405 4186 justum,
1440 4119 1719 4173 abstinere
1771 4118 1997 4184 malitia,
2048 4128 2107 4173 ut

522 4210 699 4263 nullas
742 4211 817 4263 illi
854 4212 1111 4264 moliatur
1156 4211 1403 4269 insidias,
1450 4211 1653 4270 sciens.
1695 4210 1823 4279 quia
1882 4213 1936 4264 in
1976 4225 2105 4265 san-

521 4301 740 4369 guinem
794 4311 1001 4370 peccat,
1039 4310 1093 4355 et
1140 4302 1459 4371 sanguinem
1514 4302 1807 4356 comedere
1853 4318 1978 4356 eum
2024 4303 2106 4357 le-

523 4393 747 4461 gislater
778 4393 1006 4461 judicat,
1038 4402 1093 4446 et
1136 4393 1339 4461 peribit
1391 4392 1570 4447 anima
1620 4394 1735 4447 haec
1777 4394 1844 4448 de
1892 4395 2105 4465 populis

524 4484 675 4548 suis,
726 4500 824 4553 lll‘O
880 4499 946 4537 eo
995 4486 1139 4553 quod
1196 4486 1557 4540 intentionem
1609 4486 1801 4542 habuit
1846 4489 2104 4558 perdendi

526 4574 780 4646 proximi.
833 4575 1063 4645 Insuper
1104 4586 1162 4631 et
1207 4578 1311 4631 hoc
1356 4578 1601 4643 intende,
1646 4580 1738 4648 qui
1781 4596 1845 4635 ea
1885 4597 2007 4650 qua:
2042 4582 2110 4636 de

527 4667 819 4739 prohibitis
854 4668 989 4723 cibis
1016 4678 1120 4733 est,
1156 4676 1211 4724 et
1243 4679 1388 4725 tactu
1417 4670 1847 4735 immundorum,
1876 4673 2110 4727 sanctio-

2114 1710 2157 1768 Β

2137 4436 2181 4494 D

2182 462 2413 518 Domino
2450 463 2873 529 consecraverit,
2911 463 3089 518 tradet
3118 461 3419 526 sacerdoti,
3459 459 3579 530 qui
3621 460 3815 513 adole-

2181 554 2261 610 bit
2301 555 2518 625 adipem
2571 570 2736 625 super
2784 556 2996 611 altare:
3027 554 3412 625 pectusculum
3458 562 3683 605 autem
3716 554 3816 605 erit

2180 647 2385 713 Aaron,
2421 656 2476 701 et
2522 646 2756 701 ﬁliorum
2805 648 2947 718 ejus,
2989 661 3173 701 armus
3219 659 3449 716 quoque
3487 644 3723 698 dexter
3755 644 3814 697 de

2181 740 2535 810 paciﬁcornm
2586 740 2780 795 hostiis
2826 741 2970 795 cadit
3020 740 3078 793 in
3128 737 3393 809 primitiis
3454 736 3815 790 sacerdotis.

2183 831 2285 897 Qui
2314 831 2578 885 obtulerit
2616 832 2940 903 sanguinem
2981 840 3039 886 et
3076 831 3292 899 adipem
3320 828 3589 883 ﬁliorum
3626 828 3817 879 Agros

2184 923 2300 990 ipse
2338 916 2562 976 habebit
2605 931 2659 976 ct
2704 937 2918 975 armum
2955 921 3205 975 dextrum
3238 919 3293 971 in
3329 918 3616 988 portione
3666 930 3772 968 sua
3803 932 3815 967 :

2182 1013 2560 1083 pectusculum
2589 1014 2735 1066 enim
2765 1012 3039 1077 elationis,
3075 1019 3128 1065 et
3157 1026 3370 1063 armum
3416 1008 3817 1078 separationis

2186 1105 2282 1159 tuli
2332 1120 2362 1158 a
2409 1105 2536 1160 ﬁliis
2581 1104 2771 1167 Israel,
2821 1119 2886 1158 ex
2938 1102 3132 1158 hostiis
3170 1116 3364 1157 eorum
3421 1099 3727 1169 paciﬁcis,
3769 1110 3815 1153 et

2183 1201 2308 1256 dedi
2339 1200 2520 1254 Aaron
2561 1198 2849 1261 sacerdoti,
2890 1212 2954 1252 ac
2996 1196 3120 1251 [illis
3160 1196 3281 1267 ejus
3332 1194 3459 1265 lege
3498 1200 3811 1263 perpetua,

2184 1295 2253 1349 ab
2282 1294 2430 1347 omni
2463 1292 2666 1362 populo
2700 1289 2887 1345 Israel.
2928 1308 2947 1340 ι

2255 1384 2394 1438 Vere
2444 1384 2537 1454 qui
2594 1384 2767 1454 legem
2823 1380 2919 1435 Dei
2972 1380 3266 1435 meditatur
3326 1386 3505 1431 nocte
3572 1383 3642 1430 et
3706 1376 3806 1440 die,

2185 1477 2389 1547 lignum
2422 1484 2507 1530 est
2539 1476 2841 1545 plantatum
2888 1487 3048 1527 secus
3087 1472 3355 1526 decursus
3386 1483 3721 1538 aquarum,
3756 1478 3809 1519 ut

2185 1567 2271 1621 det
2309 1565 2548 1620 fructum
2588 1565 2644 1618 in
2676 1573 2921 1633 tempore
2949 1577 3051 1616 suo
3084 1560 3449 1615 meditatione
3499 1558 3807 1628 irrigatum

2186 1656 2351 1727 legis,
2394 1671 2517 1726 quae
2565 1665 2625 1710 ut
2675 1670 2787 1709 non
2838 1653 3004 1708 faciat
3048 1651 3358 1714 fastidium,
3405 1664 3524 1703 nec
3583 1648 3810 1702 deﬁciat

2188 1750 2394 1819 legens,
2448 1749 2623 1802 variat
2676 1747 3036 1809 sanctionem,
3082 1742 3411 1799 diﬁ'erenter
3471 1742 3547 1797 de
3612 1740 3809 1795 iisdem

2186 1838 2519 1909 praecipiens
2547 1839 2614 1892 9°.
2669 1837 2784 1891 Hoc
2833 1844 3013 1890 autem
3071 1835 3271 1889 divina:
3326 1842 3415 1888 est
3479 1833 3806 1902 sapientire,

2187 1944 2310 1998 qua:
2356 1928 2410 1981 in
2457 1928 2605 1982 omni
2648 1927 2814 1981 etiam
2855 1926 3140 1996 disciplina
3175 1925 3279 1979 hoc
3311 1933 3627 1995 operatur.
3677 1923 3805 1978 5::-

2189 2034 2317 2076 ecce
2346 2028 2402 2074 et
2434 2018 2765 2074 medicinam
2790 2018 3049 2072 invenies
3086 2016 3262 2071 morbi
3296 2025 3591 2085 tempore,
3638 2014 3803 2068 multa

2189 2112 2573 2182 prrelerentem
2613 2110 3032 2172 medicamenta,
3066 2108 3240 2163 multo
3280 2109 3462 2178 magis
3503 2117 3559 2161 et
3602 2107 3667 2160 in
3708 2107 3803 2161 hoc

2190 2204 2335 2274 quod
2358 2204 2558 2257 animai
2586 2201 2889 2272 profectum
2911 2211 2969 2256 et
2992 2200 3277 2255 sanitatem
3298 2208 3563 2268 prastat.
3593 2197 3801 2264 Quam-

2191 2297 2382 2351 obrem
2410 2296 2669 2349 virtutem
2702 2294 2865 2363 hujus
2895 2293 3243 2346 intendamus
3275 2292 3628 2345 sanctiouis.

2262 2388 2489 2442 Locutus
2538 2397 2612 2440 est
2656 2386 2915 2441 Dominus
2956 2385 3026 2439 ad
3058 2384 3268 2454 Moysen
3294 2385 3486 2437 dicens
3509 2400 3532 2438 :
3567 2384 3800 2450 Loquar

2192 2478 2317 2548 ﬁliis
2352 2478 2542 2533 Israel.
2584 2477 2641 2531 In
2679 2492 2788 2546 quo
2829 2477 2949 2531 loco
2996 2475 3138 2529 LXX
3176 2475 3478 2530 ed:derunt
3519 2493 3535 2528 :
3576 2474 3653 2528 Et
3682 2476 3798 2543 ﬁliis

2195 2569 2367 2625 Israel
2415 2571 2662 2641 loqueris,
2692 2570 2887 2623 dicens.
2919 2569 3039 2623 Non
3090 2583 3220 2638 ergo
3270 2567 3485 2621 frustra
3541 2568 3794 2638 superius

2192 2663 2447 2726 diximus,
2483 2663 2609 2733 quia
2654 2663 2722 2717 ad
2768 2662 3029 2732 populum
3080 2660 3324 2730 gentium
3392 2673 3460 2713 ea
3504 2675 3638 2729 qum
3675 2670 3794 2713 tunc

2194 2750 2339 2805 dicta
2387 2759 2515 2803 sunt
2564 2751 2798 2804 maxime
2853 2750 3236 2819 pertinebant,
3284 2749 3457 2818 hujus
3516 2750 3675 2803 enim
3726 2747 3794 2802 rei

2195 2841 2473 2913 legislator
2516 2857 2747 2906 memor,
2782 2857 2890 2895 non
2931 2842 3071 2895 dixit
3114 2857 3261 2895 nunc
3303 2842 3632 2895 secundum
3668 2840 3791 2894 LXI

2195 2933 2491 2987 editionem
2526 2951 2538 2986 :
2564 2931 2802 3003 Loquere
2827 2932 2953 3003 ﬁliis
2974 2932 3177 2995 Israel;
3201 2932 3319 2997 sed,
3348 2944 3401 2986 et
3431 2932 3567 2986 ﬁliis
3594 2932 3793 2986 Israel:

2200 3026 2303 3080 hoc
2328 3025 2645 3089 ostendens,
2678 3025 2805 3094 quia
2844 3040 2954 3079 non
2989 3024 3165 3077 solum
3206 3024 3307 3089 eis,
3352 3024 3457 3077 sed
3490 3033 3557 3077 et
3590 3023 3699 3077 illis
3724 3022 3793 3075 lo—

2200 3124 2418 3186 quatur,
2445 3117 2541 3185 qui
2587 3126 2718 3169 sunt
2760 3132 2824 3169 ex
2871 3117 3143 3186 gentibus,
3176 3115 3499 3169 communis
3542 3099 3695 3168 enim
3726 3113 3795 3168 eis

2203 3211 2315 3263 haec
2353 3216 2438 3263 est
2468 3209 2769 3262 secundum
2805 3208 3060 3277 spiritum
3088 3207 3195 3261 lex.
3218 3206 3362 3271 Quid
3392 3216 3595 3261 autem
3626 3207 3738 3260 ait?

2268 3298 2371 3363 Qui
2403 3299 2577 3369 offeret
2620 3299 2891 3353 victimam
2934 3298 3272 3367 paciﬁcorum
3309 3297 3579 3361 Domino,
3628 3298 3791 3367 ageret

2200 3388 2360 3442 simul
2408 3397 2456 3442 et
2503 3389 2844 3458 sacriﬁcium,
2869 3389 2925 3441 id
2963 3398 3070 3452 est,
3095 3399 3146 3441 et
3181 3387 3483 3459 libamenta
3516 3388 3662 3456 ejus.
3706 3386 3792 3440 Se-

2201 3482 2440 3536 cundum
2481 3480 2617 3533 LXX
2651 3491 2835 3534 autem
2880 3479 3153 3549 :Oﬂerens
3194 3478 3529 3546 sacriﬁcium
3573 3478 3789 3532 salutare

2204 3572 2460 3635 Domino,
2508 3573 2685 3642 oﬂ‘eret
2733 3588 2922 3625 munus
2967 3587 3123 3625 suum
3175 3570 3405 3624 Domino
3439 3571 3508 3625 de
3543 3571 3786 3639 sacriﬁcii

2202 3665 2430 3718 salutari
2455 3665 2588 3734 ejus.
2616 3665 2680 3719 Et
2696 3679 2859 3735 quam
2884 3664 2990 3720 hoc
3018 3664 3553 3734 interpretationem
3586 3666 3783 3722 habent.

2203 3757 2522 3811 manifestat
2548 3757 2708 3826 plane
2737 3760 2881 3826 quod
2912 3758 3178 3827 sequitur.

2275 3846 2483 3901 Tenebit
2526 3849 2768 3902 nianibus
2811 3849 3021 3919 adipem
3059 3849 3262 3903 hostia'.
3294 3847 3393 3902 Vel
3426 3849 3580 3904 sicut
3621 3849 3782 3904 LXI:

2205 3935 2391 3989 Manus
2415 3935 2529 4005 ejus
2550 3936 2761 4006 offerent
2778 3947 2899 3991 exta
2924 3938 3169 4003 Domino,
3196 3938 3249 3992 id
3267 3948 3373 3999 est,
3403 3938 3602 4006 ipsum
3619 3955 3786 4010 quem-

2205 4026 2351 4094 piam
2383 4037 2601 4096 Oportet
2633 4043 2698 4082 ea
2731 4044 2852 4098 quae
2890 4029 2959 4084 ad
2997 4029 3245 4099 paciﬁca,
3276 4029 3366 4082 vel
3400 4029 3647 4083 salutem
3675 4044 3783 4100 per-

2208 4116 2384 4170 tinent
2430 4118 2669 4187 operari,
2708 4128 2900 4188 utpote
2953 4119 3048 4188 qui
3105 4118 3331 4173 alterius
3384 4120 3604 4182 studio,
3643 4120 3780 4173 amici

2207 4206 2384 4274 forte,
2426 4219 2520 4265 aut
2558 4212 2808 4281 cognati,
2859 4212 3055 4266 salvari
3106 4228 3219 4267 non
3270 4219 3481 4281 potest.
3522 4212 3777 4278 Quemad~

2204 4300 2431 4354 modum
2465 4301 2584 4357 haec
2617 4302 2877 4372 iniquitas
2907 4304 3081 4374 iniqui
3117 4319 3284 4373 super
3315 4318 3446 4358 eum
3476 4305 3609 4371 erit,
3645 4308 3715 4360 sic
3735 4317 3775 4359 et

2203 4391 2410 4460 justitia
2434 4393 2567 4462 justi
2595 4409 2763 4463 super
2789 4408 2915 4449 eum
2941 4395 3064 4450 erit.
3091 4392 3378 4458 Quomodo
3415 4404 3553 4449 ante
3580 4404 3771 4465 oportet

2208 4483 2442 4537 hostiam
2480 4485 2785 4540 celebrari?

2278 4574 2488 4629 Tenebit
2537 4577 2779 4629 manibus
2827 4577 3036 4646 adipem
3083 4577 3266 4631 hostire
3306 4584 3355 4629 et
3408 4577 3768 4643 pectusculm.

2207 4664 2304 4721 Vel
2350 4668 2651 4721 secundum
2693 4666 2832 4720 LXX
2863 4685 2876 4719 :
2909 4667 3097 4738 Oﬁeret
3143 4669 3354 4737 adipem
3388 4668 3483 4737 qui
3523 4678 3601 4721 est
3637 4685 3771 4737 super

526 4774 653 4813 nem
699 4758 984 4812 insinuans
1025 4761 1242 4825 animae,
1284 4760 1368 4814 lex
1404 4762 1739 4816 mentionem
1777 4761 1906 4815 facit
1940 4780 1953 4814 :
1983 4761 2111 4830 quia
2206 4760 2584 4826 pectusculum,
2618 4768 2667 4811 et
2701 4760 2918 4827 pinnam
2947 4760 3163 4831 jecoris,
3195 4771 3241 4815 et
3273 4762 3451 4829 offeret
3481 4777 3564 4823 ea,
3604 4771 3661 4813 ut
3692 4763 3773 4813 in:-

527 4850 766 4905 maxime
813 4863 879 4902 ex
924 4850 1178 4919 gentibus
1218 4849 1447 4920 populo,
1478 4853 1636 4921 cujus
1675 4867 1795 4906 esse
1838 4851 2111 4922 signiﬁca-

2204 4859 2437 4919 ponatur
2471 4852 2525 4903 in
2558 4861 2835 4919 conspectu
2870 4851 3107 4906 Domini.
3142 4850 3522 4911 Pectusculum
3555 4851 3772 4922 appellat

532 4944 736 4999 tionem
784 4945 1075 4997 animalem
1130 4946 1404 4998 hominem
1455 4944 1950 5004 manilestavimus,
1998 4959 2116 4996 mos
2208 4938 2376 4994 ﬁdem
2418 4952 2477 4998 et
2519 4942 2927 5011 conﬁdentiam,
2965 4944 3093 5013 quia
3137 4944 3257 4999 lucc
3300 4944 3604 4998 fortitudini
3659 4959 3772 4998 cou-

531 5045 615 5089 est
651 5035 906 5089 munibus
945 5032 1129 5087 vetitis
1168 5031 1335 5100 pollui
1384 5033 1715 5097 actionibus,
1751 5049 1780 5087 a
1822 5032 2020 5102 quibus
2055 5030 2118 5083 il-

533 5123 645 5178 lum
676 5128 936 5178 recedere
965 5119 1243 5191 praecepit.

611 5235 772 5291 Vsus.
802 5234 994 5290 28-54.
1041 5252 1059 5285 σ
1091 5232 1331 5288 Locutus
1363 5243 1449 5289 est
1482 5233 1749 5289 Dominus
1795 5232 1860 5287 ad
1902 5231 2121 5303 Moysen

535 5328 722 5386 dicens
753 5344 767 5381 :
801 5326 1046 5396 Loquere
1077 5324 1201 5380 ﬁliis
1237 5325 1399 5381 Israel
1429 5344 1442 5380 :
1473 5325 1579 5391 Qui
1605 5327 1801 5381 oll'eret
1832 5326 2110 5381 victimam

538 5418 886 5488 paciﬁcorum
935 5415 1187 5482 Domino,
1221 5416 1412 5471 ollerat
1456 5417 1620 5471 simul
1672 5426 1727 5473 et
1764 5416 2113 5482 sacriﬁcium,

539 5506 593 5561 id
633 5516 717 5561 est
744 5515 799 5560 et
831 5505 1123 5571 libamenta
1167 5506 1304 5575 ejus,
1345 5506 1658 5576 tenebitque
1702 5506 1955 5560 manibus
1996 5505 2117 5559 adi-

2212 5033 2401 5102 juncta
2450 5045 2596 5090 sunt.
2637 5035 2925 5091 Fortitudo
2973 5044 3157 5091 autem
3213 5034 3482 5099 animalis,
3523 5034 3767 5104 perfectos

2216 5124 2506 5196 designare
2548 5128 2705 5191 solet,
2739 5143 2863 5182 nam
2900 5137 2955 5183 et
2994 5128 3262 5183 Dominus
3291 5128 3357 5182 ad
3390 5126 3492 5181 Job
3518 5128 3590 5180 ita
3623 5126 3769 5197 loqui-

2223 5226 2330 5272 tur.
2373 5217 2627 5289 Nunquid
2671 5219 2922 5289 prtcbebis
2965 5235 3096 5289 equo
3136 5219 3519 5290 fortitudinem,
3550 5228 3647 5269 ut
3684 5219 3767 5270 circ

2219 5310 2492 5363 cnmdabis
2547 5311 2679 5364 collo
2736 5312 2851 5381 ejus
2892 5311 3155 5365 [tinnitum
3183 5311 3249 5363 θ’.
3305 5308 3611 5363 Secundum
3646 5304 3766 5360 LII

2225 5410 2403 5457 autem
2444 5402 2598 5457 addit
2627 5422 2640 5457 :
2674 5401 3108 5472 Circumposuisti
3149 5410 3328 5455 autem
3355 5401 3404 5453 ei
3430 5415 3576 5452 omne
3610 5412 3766 5452 cmo-

2226 5516 2341 5553 rum
2369 5515 2547 5570 genus,
2578 5498 2745 5568 gloria
2777 5507 2953 5552 autem
2983 5496 3204 5557 rectoris
3231 5494 3345 5562 ejus
3367 5492 3610 5548 audacia.
3633 5486 3765 5557 Quod

611 5701 658 5737 ⁸⁸
686 5703 703 5759 l
733 5705 877 5764 Pctr.
923 5728 976 5779 v,
1016 5709 1069 5764 8.
1146 5706 1188 5737 '°
1219 5706 1359 5762 l‘sal.
1399 5723 1502 5774 cxi,
1563 5704 1649 5761 lo.
1725 5698 1770 5737 ’δ
1794 5703 1932 5760 Psal.
1966 5703 2007 5773 ι,
2060 5704 2114 5756 5.
2190 5702 2234 5734 ⁹¹
2275 5701 2376 5756 Job
2400 5717 2584 5769 xxxix,
2615 5699 2700 5754 I9.
