3886 6306
133 301 252 366 869

1302 309 1388 370 IN
1424 310 1867 375 LEVlTICUM.
1907 339 1973 350 ·-
2012 316 2159 377 LIB.
2193 316 2277 375 II.

3314 318 3420 382 870

126 413 294 468 enim
324 410 609 481 praesumit
659 419 714 465 et
762 412 947 475 audet,
983 410 1049 467 es
1099 414 1419 473 l'ortitudine
1464 430 1518 473 et
1565 420 1734 474 couﬁ-
1770 444 1808 497 Α
1909 422 1977 476 Et
2011 423 2131 477 dedi
2157 425 2335 477 Aaron
2380 424 2642 479 sacerdoti
2672 433 2721 478 et
2750 425 2876 495 ﬁliis
2905 425 3039 494 eius.
3102 424 3417 482 Secundum

128 504 335 558 dentia
375 504 475 570 ﬁt;
528 504 655 572 quia
704 514 887 559 autem
936 522 1059 561 eum
1095 508 1163 562 de
1203 510 1471 566 sacriﬁcio
1510 511 1734 566 salutari

129 596 579 667 prmcipcretur,
652 598 892 662 ventris,
943 608 999 654 et
1046 616 1270 667 renum,
1314 611 1369 656 et
1420 604 1623 668 lumbi,
1680 614 1735 659 et

132 672 673 759 pinna-,ethepatis,
710 699 778 751 ,et
808 692 1004 762 adipis,
1030 704 1085 746 et
1118 695 1381 769 femorum
1414 697 1732 751 memoriam

116 781 294 845 fecit,
323 782 511 836 omisit
557 791 739 837 autem
787 786 1188 853 pectusculum,
1226 788 1320 841 sed
1365 795 1422 841 et
1466 804 1679 843 armum
1717 807 1731 843 :

131 875 355 929 variare
406 875 685 941 videlicet,
737 876 880 931 sicut
931 877 1137 931 dictum
1188 889 1291 942 est,
1335 880 1732 950 legislationcm

134 966 361 1030 volens,
402 975 457 1020 et
520 976 736 1037 tempus
791 968 895 1021 sibi
950 984 1174 1024 servare
1223 973 1290 1024 de
1339 973 1540 1026 eisdem
1599 974 1735 1044 ipsis

126 1055 467 1124 frequenter
522 1065 791 1126 praecepta
846 1058 1031 1113 dandi.
1085 1059 1221 1114 Ecce
1267 1062 1415 1115 enim
1453 1078 1601 1117 nunc
1646 1079 1731 1129 ca,

129 1166 265 1219 qua:
297 1149 451 1218 prius
480 1166 589 1204 non
620 1150 776 1215 dixit,
809 1151 1083 1221 exposuit.

215 1243 428 1297 Tenebit
476 1244 719 1297 manibus
765 1246 974 1312 adipem
1021 1244 1227 1309 hostire,
1258 1254 1304 1298 et
1354 1247 1730 1314 pectusculum.

133 1332 246 1388 Vel
269 1337 410 1390 sicut
444 1334 586 1388 LXX
622 1353 635 1389 :
672 1336 897 1404 Adipem
924 1352 1083 1405 supcr
1111 1337 1490 1404 pectusculnm,
1526 1348 1583 1392 et
1614 1340 1734 1409 pin-

135 1442 273 1481 nam
329 1427 546 1496 hepatis
604 1426 927 1496 praecipiens
977 1425 1187 1481 olicrri.
1243 1426 1348 1481 Per
1400 1430 1645 1497 pinnam,
1683 1438 1736 1484 et

136 1534 329 1583 renes,
360 1522 521 1574 etiam
550 1520 616 1574 ad
655 1520 887 1573 aliorum
915 1536 1037 1589 qua:
1062 1522 1172 1590 jam
1208 1522 1351 1575 dicta
1383 1532 1531 1585 sunt,
1564 1525 1733 1579 semel

142 1612 470 1665 memoriam
511 1627 615 1665 nos
660 1612 950 1666 reducens.
984 1611 1088 1666 Per
1119 1616 1494 1682 pectusculum
1526 1623 1728 1678 autem,

134 1702 307 1756 ﬁdem
335 1703 628 1772 designans
657 1712 714 1757 et
745 1702 1156 1767 conﬁdentiam,
1197 1722 1359 1776 quam
1394 1708 1585 1761 olicrri
1624 1707 1732 1761 Do-

1837 514 2092 583 superius
2118 516 2370 571 videlicet
2397 517 2598 571 dictam
2629 517 2969 574 divisionem.
3007 519 3199 574 Totius
3228 534 3416 574 autem

1836 604 2004 675 huius
2034 607 2274 661 mandati
2304 608 2651 663 continuatio
2681 611 2953 679 sequitur.

1905 697 2041 767 Lege
2074 708 2323 766 perpetua
2345 709 2420 752 est
2439 716 2469 752 a
2495 700 2619 769 ﬁliis
2643 700 2833 755 Israel.
2858 703 2979 755 Non
3002 711 3086 756 est
3108 700 3253 757 enim
3282 709 3418 756 tem-

1834 803 1957 856 pus,
1999 805 2107 858 quo
2156 805 2265 844 non
2320 792 2442 845 ﬁdei
2504 806 2559 845 et
2611 794 2841 847 actionis
2903 795 3233 848 oblationem
3288 807 3416 862 spe-

1833 880 2046 934 cialiter
2073 881 2217 935 Deus
2242 883 2310 936 ab
2341 883 2424 938 his
2460 884 2550 953 qui
2576 884 2872 947 salvantur,
2911 885 3169 954 accipiat.
3217 884 3417 940 Paulus

1834 971 2039 1041 quippe
2090 973 2169 1027 ait
2210 989 2399 1028 omnes
2427 975 2518 1044 qui
2573 975 2866 1030 virtutibus
2904 977 3199 1045 pollebant,
3248 976 3415 1030 veluti

1833 1062 1989 1127 Abel,
2015 1064 2199 1117 Enocb
2230 1071 2286 1117 et
2307 1064 2420 1118 Noe
2445 1105 2458 1128 ,
2497 1073 2550 1118 et
2581 1080 2936 1135 quoscunque
2968 1082 3091 1121 cum
3122 1067 3226 1120 illis
3272 1081 3411 1122 con-

1835 1155 2168 1217 numeravit,
2196 1156 2379 1224 perﬁci
2409 1173 2506 1226 per
2535 1157 2696 1210 ﬁdem
2727 1159 2796 1210 ³⁵.

1912 1264 1931 1295 ‹
1988 1245 2117 1300 Haec
2144 1256 2227 1300 est
2249 1247 2435 1301 unctio
2464 1248 2646 1301 Aaron
2671 1259 2724 1302 et
2750 1248 2982 1311 ﬁliorum
3014 1251 3132 1316 ejus
3164 1249 3216 1302 in
3246 1263 3412 1304 etcre—

1836 1336 2033 1389 moniis
2074 1338 2310 1397 Domini,
2346 1338 2434 1391 die
2457 1354 2562 1407 qua
2587 1339 2786 1393 obtulit
2819 1355 2912 1393 eos
2938 1339 3144 1409 Moyses
3201 1349 3258 1391 ut
3323 1356 3414 1394 sa-

1833 1424 2075 1479 cerdotio
2099 1426 2472 1497 fungerentur,
2496 1436 2551 1481 ct
2582 1444 2701 1497 (iure
2732 1429 2992 1497 praecepit
3033 1428 3145 1481 dari
3174 1428 3251 1482 eis
3308 1429 3413 1483 Do-

1836 1515 2017 1569 minus
2040 1532 2069 1569 a
2100 1515 2223 1570 ﬁliis
2250 1518 2407 1571 Israel
2435 1518 2695 1588 religione
2731 1527 2993 1588 perpetua
3016 1519 3067 1571 in
3105 1521 3415 1599 generatio-

1833 1604 1997 1659 nibus
2025 1605 2157 1659 suis.
2192 1624 2212 1656 ι

1904 1693 1978 1747 Ea
2004 1710 2124 1762 qua:
2182 1696 2325 1750 dicta
2365 1705 2513 1759 sunt,
2566 1696 2820 1751 videntur
2883 1698 3287 1766 quodammodo
3341 1701 3411 1755 ad

137 1793 298 1847 mino
331 1795 464 1859 ,ηιιιν
504 1795 573 1849 ab
615 1810 683 1849 εο
726 1795 818 1864 qui
865 1796 1060 1851 salvari
1111 1798 1406 1866 desiderat,
1445 1800 1571 1869 quia
1615 1802 1727 1854 sine
1760 1784 2143 1839 B-unetioncm
2203 1788 2546 1840 sacerdotum
2576 1789 2869 1856 pertinere,
2899 1789 2993 1843 sed
3024 1805 3133 1843 nm
3163 1789 3215 1842 in
3269 1804 3409 1859 pra:-

136 1883 247 1952 ﬁde
277 1884 599 1952 impossibile
630 1894 703 1938 est
736 1902 828 1939 nos
854 1886 1069 1956 placere
1097 1888 1206 1943 Deo
1234 1890 1303 1945 ³³.

216 1972 360 2039 Quid
389 1984 571 2028 autem
609 1975 694 2029 bis
733 1975 976 2031 addidit?

220 2063 412 2116 Tradet
461 2064 743 2130 sacerdoti,
811 2068 901 2136 qui
940 2068 1167 2122 adolebit
1211 2071 1419 2139 adipem
1455 2088 1611 2141 super
1640 2074 1723 2127 al-

130 2163 295 2207 tare.
322 2153 488 2209 [tecte
527 2155 765 2212 diximus
803 2160 974 2222 enim,
1003 2160 1132 2228 quia
1165 2176 1328 2218 omne
1357 2172 1600 2219 nostrum
1631 2166 1724 2220 de-

132 2247 409 2301 siderium
441 2247 819 2303 holocaustum
857 2249 972 2305 ﬁeri
1003 2252 1139 2306 vult.

220 2337 590 2393 Pectusculum
637 2352 815 2395 autent
859 2344 956 2396 erit
1001 2343 1179 2397 Aaron
1230 2355 1278 2399 et
1325 2346 1555 2415 ﬁliorum
1586 2349 1719 2418 ejus.

137 2434 341 2486 Armus
381 2447 584 2501 quoque
618 2434 801 2487 dexter
855 2436 918 2487 de
973 2437 1313 2505 paci/iceram
1361 2439 1542 2493 hostiis
1581 2441 1722 2494 cadit

133 2520 199 2573 in
228 2521 479 2589 primitiis
508 2524 814 2576 sacerdotis.
845 2524 1044 2579 Armus
1078 2530 1267 2581 dexter
1296 2529 1537 2583 actiones
1566 2531 1723 2585 honre

132 2619 294 2666 sunt.
346 2612 485 2682 Ergo
539 2623 594 2668 et
642 2614 824 2678 ﬁdem,
861 2624 916 2670 et
967 2617 1213 2672 actiones
1260 2620 1457 2674 offerre
1506 2630 1723 2691 oportet

140 2719 291 2768 eum,
325 2705 417 2773 qui
463 2705 661 2759 salvari
710 2709 846 2761 vult.
893 2707 999 2763 Sed
1036 2710 1160 2778 quia
1192 2713 1565 2779 pectusculum
1596 2713 1722 2769 ﬁliis

143 2797 328 2849 Aaron
380 2797 680 2866 deputavit,
718 2800 809 2869 qui
860 2801 1121 2854 sublimes
1165 2803 1273 2856 vita
1322 2812 1467 2867 sunt,
1508 2819 1719 2859 armum

138 2894 329 2940 autem
384 2888 632 2941 dextrum
690 2890 979 2954 sacerdoti,
1028 2894 1120 2960 qui
1178 2893 1466 2963 imaginem
1516 2894 1721 2949 Christi

143 2984 317 3039 tenet,
350 2986 568 3047 propter
600 2979 747 3048 quod
785 2980 933 3033 solus
978 2983 1231 3037 sacerdos
1262 2984 1364 3037 hoc
1395 2985 1717 3041 sacriﬁcium

141 3069 408 3139 perﬁcere
453 3077 650 3139 potest,
683 3072 868 3126 oﬁ‘erri
914 3084 1100 3142 aperte
1135 3074 1408 3144 legislator
1436 3078 1672 3131 ostendit
1703 3095 1717 3132 :

140 3156 272 3227 quia
304 3160 527 3214 credere
556 3161 800 3230 quidem,
835 3170 889 3216 et
935 3178 1238 3233 proponere
1276 3165 1438 3228 bona,
1469 3176 1718 3222 nostrum

140 3260 245 3313 ρει,
280 3248 394 3302 sive
428 3248 668 3317 incipere
711 3264 814 3315 ea;
846 3250 1104 3319 operibus
1130 3261 1314 3306 autem
1356 3252 1637 3321 perﬁcere,
1668 3262 1723 3308 et

141 3340 214 3395 ad
241 3338 400 3394 ﬁnem
432 3342 732 3411 perducere
759 3358 821 3397 ea
859 3358 978 3410 quae
1009 3352 1185 3413 coepta
1215 3353 1363 3408 sunt,
1392 3345 1497 3399 hoc
1525 3347 1722 3401 divinas

140 3443 230 3489 est
255 3437 461 3505 gratiae.
498 3434 732 3505 PrOpter
767 3438 911 3506 quod
947 3437 1087 3492 dixit
1115 3438 1356 3493 Paulus:
1391 3438 1515 3494 Non
1541 3440 1719 3495 volen-

140 3525 233 3591 tis,
266 3543 432 3596 neque
471 3530 748 3592 currentis,
778 3529 870 3582 sed
898 3531 1190 3583 miserentis
1219 3540 1293 3584 est
1323 3531 1419 3584 Dei
1440 3531 1505 3584 ⁸³.
1537 3531 1720 3585 Solius

138 3615 288 3669 enim
336 3616 456 3684 eius
501 3624 584 3670 est
625 3616 858 3688 dirigere
902 3618 1169 3671 actiones.
1218 3617 1446 3687 Propter
1488 3617 1631 3687 quod
1665 3626 1720 3672 et

140 3706 428 3761 brachium
474 3707 588 3776 ipse
634 3707 726 3761 Dei
777 3708 1117 3773 nominatur,
1170 3708 1245 3763 ait
1296 3710 1441 3763 enim
1496 3709 1659 3763 Isaias
1702 3725 1716 3764 ι

146 3796 389 3862 Domine,
421 3798 537 3868 quis
586 3800 805 3852 credidit
856 3789 1065 3852 auditui
1114 3810 1312 3863 nostro,
1352 3809 1399 3854 et
1446 3800 1715 3853 brachium

139 3889 357 3943 Domini
399 3890 484 3942 cui
536 3889 824 3943 revelatum
854 3899 927 3944 est
959 3889 1035 3942 9"?
1082 3890 1148 3945 Ut
1191 3891 1284 3960 qui
1328 3907 1455 3961 ergo
1488 3891 1605 3961 ipse
1633 3900 1718 3945 est

139 3994 328 4035 verum
380 3980 687 4041 brachium.
734 3989 880 4035 recte
925 3989 1173 4035 nostrum
1218 3997 1451 4047 armum,
1493 3996 1611 4046 seu,
1658 3989 1718 4035 ut

138 4072 284 4127 LXX
312 4073 525 4136 dicunt,
556 4073 838 4128 brachium
870 4074 1096 4143 accepit.
1126 4072 1329 4128 Deinde
1360 4074 1713 4128 intentionem

137 4172 385 4217 nostram
418 4163 653 4217 dilatans
686 4163 967 4234 legislator
999 4165 1241 4220 subdidit
1276 4180 1290 4219 :
1334 4162 1435 4228 Qui
1474 4165 1715 4219 obtulerit

134 4253 448 4321 sanguinem
487 4260 535 4306 et
578 4253 786 4322 adipem
829 4255 1061 4323 ﬁliorum
1113 4256 1312 4319 Aaron,
1353 4256 1461 4325 ipse
1509 4255 1714 4309 habebit

138 4353 346 4395 armum
379 4341 621 4401 dextrum
648 4343 702 4395 in
730 4344 968 4410 portione
1000 4359 1117 4397 sua.
1147 4343 1400 4399 Christus
1428 4353 1511 4399 est
1540 4343 1709 4408 enim,

1830 1875 1972 1928 senti
2026 1876 2093 1931 de
2153 1877 2257 1931 hac
2316 1877 2585 1932 disserere
2638 1879 2911 1949 legislator
2970 1889 3332 1952 preposuerat
3391 1898 3406 1935 :

1824 1983 1988 2035 quam
2049 1969 2193 2023 enim
2228 1986 2352 2023 cum
2395 1972 2651 2025 unctione
2697 1975 3040 2028 sacerdotum
3091 1974 3405 2028 societatem

1825 2059 2027 2113 habent
2063 2075 2124 2113 ea
2160 2075 2281 2129 quze
2315 2061 2568 2130 praedicta
2621 2071 2768 2127 sunt,
2800 2063 3102 2117 sacriﬁcia?
3144 2067 3252 2119 Sed
3313 2079 3406 2119 so-

1826 2152 2102 2206 lummodo
2135 2167 2325 2206 eorum
2375 2168 2497 2220 quae
2540 2153 2789 2222 superius
2837 2155 2903 2208 ab
2937 2170 3002 2209 eo
3056 2155 3201 2209 dicta
3251 2162 3402 2219 sunt,

1823 2246 1942 2300 vult
1965 2247 2253 2300 ostendere
2285 2246 2622 2316 dignitatem,
2652 2256 2706 2301 et
2739 2256 2898 2315 quem
2931 2248 3236 2318 profectum
3263 2264 3406 2319 prte-

1823 2345 1968 2391 stent
1997 2337 2082 2390 his
2135 2336 2227 2404 qui
2266 2351 2328 2390 ea
2370 2338 2702 2392 custodiunt.
2737 2338 2910 2404 Quod.
2944 2339 3089 2393 enim
3125 2339 3238 2393 ait:
3278 2340 3403 2395 Htcc

1823 2434 1902 2477 est
1937 2427 2111 2478 unctio
2147 2425 2325 2478 Aaron
2360 2434 2409 2478 et
2444 2425 2674 2494 ﬁliorum
2705 2429 2819 2496 ejus
2843 2429 2897 2480 in
2933 2430 3256 2483 cteremoniis
3293 2429 3403 2483 Πορ-

1823 2515 1972 2567 mini.
2004 2515 2081 2568 Ad
2106 2516 2382 2584 superiora
2416 2516 2517 2569 hoc
2556 2518 2807 2578 reddidit.
2833 2527 2891 2571 ut
2923 2528 2978 2570 tu
3022 2534 3401 2588 cognosceres.

1821 2604 1948 2664 quia
1981 2605 2294 2658 custodiens
2343 2619 2683 2673 qumcunque
2727 2606 2813 2659 lex
2843 2607 3092 2675 superius
3144 2608 3297 2667 dixit,
3337 2607 3404 2662 ad

1821 2694 2118 2749 sacerdotis
2148 2695 2359 2764 proﬁcit
2379 2698 2714 2769 dignitatem,
2758 2705 2811 2750 et
2836 2696 3104 2751 studendo
3132 2712 3195 2752 ea
3227 2698 3405 2753 valcas

1821 2786 2000 2856 regale
2025 2789 2410 2853 sacerdotium,
2435 2805 2567 2860 gens
2622 2798 2808 2844 sancta
2851 2789 2992 2843 dici:
3027 2788 3182 2844 aliter
3218 2799 3400 2844 autem

1823 2892 2194 2946 nequaquam.

1897 2968 2022 3022 Ilmc
2049 2978 2123 3023 est
2157 2971 2293 3023 enim
2323 2970 2496 3023 unctio
2527 2970 2581 3023 in
2614 2971 2935 3024 cleremoniis
2968 2970 3202 3024 Domini.
3232 2970 3396 3025 Vide-

1820 3059 1952 3114 licet
2019 3075 2083 3114 ex
2141 3061 2634 3125 observationibus,
2683 3077 2806 3130 quae
2849 3062 2903 3115 in
2943 3062 3221 3131 praedictis
3273 3074 3406 3118 sunt

1822 3151 2112 3221 descripta:
2139 3150 2435 3206 sacriﬁciis.
2459 3152 2681 3221 Propter
2709 3152 2852 3221 quod
2879 3153 3085 3208 addidit
3110 3170 3124 3207 :

1890 3242 1952 3297 In
1974 3243 2058 3296 die
2081 3258 2184 3312 qua
2214 3243 2397 3296 obtulit
2428 3259 2515 3296 eos
2548 3242 2765 3310 Moyses,
2798 3250 2855 3296 ut
2891 3244 3186 3297 sacerdotio
3217 3245 3403 3315 funge-

1818 3348 2002 3393 rentur
2061 3346 2109 3392 et
2158 3353 2274 3408 ante
2316 3337 2561 3405 praecepit
2617 3336 2738 3389 dari
2786 3337 2859 3390 eis
2912 3335 3224 3391 Dominusa
3273 3338 3403 3405 ﬁliis

1818 3431 2004 3486 Israel.
2039 3429 2176 3499 Ergo
2203 3430 2259 3483 in
2289 3429 2372 3483 bis
2403 3429 2563 3483 nobis
2584 3427 2896 3482 unctionem
2924 3428 3096 3493 dedit,
3122 3437 3175 3482 et
3206 3428 3261 3482 in
3284 3428 3402 3483 istis

1816 3538 1917 3576 nos
1945 3521 2159 3578 vocavit
2191 3521 2352 3584 Deus,
2376 3520 2464 3574 die
2494 3534 2598 3588 qua
2632 3518 2830 3573 obtulit
2877 3532 2994 3571 eos.
3027 3516 3257 3582 Quando
3299 3535 3402 3573 au-

1818 3621 1925 3667 tem
1953 3611 2233 3676 hoc?Qua
2263 3611 2350 3664 die
2390 3611 2544 3665 unxit
2577 3624 2691 3674 eos,
2727 3620 2785 3663 ut
2835 3609 3140 3663 sacerdotio
3199 3609 3395 3680 funge-

1817 3712 2026 3766 rentur,
2060 3702 2113 3756 id
2144 3709 2227 3756 est
2279 3717 2383 3771 qua
2429 3701 2518 3756 die
2564 3702 2684 3756 illos
2715 3717 2781 3756 ex
2840 3702 2968 3755 ﬁliis
3015 3701 3182 3755 Israel
3218 3703 3397 3768 unxit,

1816 3810 1915 3864 per
1954 3795 2267 3848 unctionem
2332 3794 2537 3848 scilicet
2591 3809 2713 3862 quae
2759 3809 2908 3848 nunc
2950 3794 3095 3847 dicta
3149 3802 3254 3849 est.
3291 3795 3398 3859 Ωιιι

1816 3889 1962 3942 enim
2028 3887 2313 3943 sublimius
2365 3886 2576 3950 vivunt,
2609 3900 2709 3939 seu
2768 3892 3187 3947 convcrsantur,
3254 3894 3401 3939 recte

1816 3980 1964 4034 omni
1995 3978 2408 4034 excellentiores
2442 3984 2571 4031 sunt
2603 3976 2824 4045 pepulo.
2850 3975 3004 4030 Unde
3031 3984 3086 4030 et
3108 3975 3270 4030 nimis
3303 3992 3402 4046 op-

1815 4079 2053 4142 portune
2102 4068 2376 4139 legislator
2421 4067 2701 4123 subdidit:
2738 4066 3006 4137 Religione
3055 4076 3304 4136 perpetua
3341 4069 3398 4121 in

1816 4161 2236 4234 generationibus
2253 4161 2451 4214 vestris.
2466 4158 2746 4225 Quatenus
2764 4169 2820 4213 tu
2834 4158 3022 4219 scires,
3050 4161 3176 4229 quia
3200 4159 3400 4212 incon-

1814 4270 1974 4310 cussa
1994 4255 2108 4308 haec
2124 4253 2268 4322 apud
2284 4252 2452 4307 Deum
2472 4251 2661 4322 religio
2688 4260 2791 4314 est,
2813 4260 2872 4305 ut
2897 4266 3075 4320 neque
3108 4250 3394 4320 dignitate,

1814 4361 1992 4415 neque
2007 4344 2294 4413 sapientia,
2323 4360 2500 4413 neque
2528 4344 2850 4414 cognatione
2886 4344 3182 4413 iustorum,
3218 4358 3398 4412 neque

140 4433 532 4505 intelligibil'em
583 4435 903 4505 sanguinem
955 4435 1326 4505 paciﬁcorum.
1369 4444 1424 4491 et
1476 4436 1710 4504 adipem,
1744 4444 1789 4501 ι)
1817 4435 1919 4489 alia
1949 4434 2112 4489 simili
2133 4449 2203 4489 ex
2230 4450 2289 4488 re
2310 4434 2534 4504 populo,
2558 4433 2644 4488 vel
2674 4432 3201 4504 plurimisexcellere
3227 4433 3401 4502 possit

140 4525 390 4581 videlicet
431 4526 665 4595 animas,
701 4533 758 4580 et
790 4526 1057 4581 desideria
1084 4527 1402 4583 salutarium
1437 4527 1708 4594 oﬂ‘erens;

136 4618 229 4687 qui
260 4627 343 4671 est
377 4619 600 4687 quidem
628 4619 697 4675 de
729 4618 857 4674 ﬁliis
885 4619 1089 4686 Aaron,
1120 4635 1228 4675 non
1268 4629 1489 4691 propter
1514 4636 1714 4692 cogna-

139 4711 368 4769 tionem.
403 4710 499 4765 sed
532 4719 754 4780 propter
790 4712 1064 4782 propriam
1108 4712 1423 4783 dignitatem
1463 4715 1715 4771 sacerdos

138 4798 452 4867 singularis,
486 4807 540 4854 et
570 4800 624 4853 in
657 4802 912 4857 omnibus
944 4803 1251 4872 praecipuus
1281 4821 1294 4859 :
1328 4803 1381 4857 iu
1431 4805 1549 4872 ejus
1589 4820 1715 4873 por-

141 4893 344 4948 tionem
371 4909 557 4951 armus
583 4895 790 4959 dexter,
820 4912 916 4950 seu
944 4897 1226 4952 brachium
1256 4898 1524 4962 dextrum,
1552 4899 1604 4954 id
1631 4906 1713 4954 est

137 4984 314 5039 omnis
347 4986 492 5041 bona
538 4987 681 5041 actio
709 4995 768 5042 et
797 4988 980 5055 aperis
1009 4988 1241 5042 eﬂ‘eetus
1283 4989 1498 5045 transit.
1534 4991 1703 5047 iteca-

136 5074 372 5145 pitulans
396 5089 576 5131 autem
605 5093 731 5147 qua:
750 5077 897 5133 dicta
927 5086 1072 5143 sunt,
1099 5076 1307 5133 addidit
1345 5094 1359 5130 :

206 5161 575 5219 Pectusculum
605 5168 745 5222 enim
772 5166 1016 5223 elationis
1052 5171 1175 5238 (seu
1202 5165 1502 5222 secundum
1548 5167 1708 5233 LXX,

137 5253 540 5323 propositionis)
589 5264 636 5308 et
690 5272 899 5309 armum
963 5256 1314 5324 separationis
1364 5254 1461 5309 tuli
1491 5271 1523 5307 a
1586 5255 1712 5324 ﬁliis

136 5341 325 5406 Israel,
358 5343 426 5395 do
465 5342 647 5395 hostiis
698 5360 877 5398 eorum
938 5344 1193 5413 paciﬁcis.
1238 5343 1378 5409 Quia
1423 5344 1605 5409 ﬁdem,
1654 5357 1707 5401 ct

136 5434 431 5499 actionem,
466 5432 796 5489 oblationem
848 5436 1138 5504 specialem
1191 5437 1261 5490 de
1309 5436 1551 5505 paciﬁcis
1609 5452 1706 5491 seu

137 5523 463 5580 salutaribus
501 5523 781 5579 sacriﬁciis
816 5526 949 5580 vult.
982 5528 1207 5596 PrOpter
1230 5529 1373 5597 quod
1391 5527 1563 5582 dixit:

209 5717 252 5748 "
280 5714 446 5772 llebr.
481 5732 554 5785 ιι,
587 5715 640 5771 6.
718 5715 762 5748 ”
791 5713 949 5772 Rom.
979 5732 1053 5786 is,
1114 5719 1197 5774 l6.
1274 5720 1319 5754 "
1365 5717 1469 5776 lsa.
1497 5735 1646 5791 sun,
1684 5714 1732 5774 ι.

1811 4530 1953 4599 quis,
1970 4529 2068 4584 nisi
2086 4545 2149 4584 ea
2166 4528 2644 4593 assecutusfuerit,
2668 4545 2786 4599 quae
2809 4529 2862 4583 in
2885 4528 3261 4599 superioribus
3272 4538 3400 4583 sunt

1813 4631 2100 4690 praecepta.
2134 4619 2224 4675 Sic
2250 4621 2393 4676 enim
2420 4621 2686 4690 quispiam
2720 4628 2777 4675 et
2817 4620 3073 4675 sacerdos
3109 4619 3171 4697 ﬁt
3200 4635 3400 4673 secun-

1813 4711 1940 4763 dum
1975 4710 2356 4779 cognationem
2390 4709 2593 4763 Christi
2648 4710 2758 4763 veri
2796 4709 3114 4770 sacerdotis,
3147 4710 3239 4775 qui
3297 4710 3398 4761 im-

1812 4801 2134 4854 maculatam
2167 4807 2222 4851 et
2263 4797 2561 4865 perfectam
2613 4796 3007 4849 demonstravit
3042 4797 3228 4847 vitam.
3282 4796 3394 4848 Sed

1813 4890 1937 4959 quia
1978 4888 2294 4942 unctionem
2343 4901 2439 4955 per
2473 4902 2534 4939 ea
2564 4900 2684 4954 qua:
2721 4885 2973 4952 superius
3025 4885 3185 4953 plane
3248 4885 3395 4941 dicta

1812 4987 1962 5041 sunt,
1989 4976 2272 5039 intellexit,
2304 4990 2424 5045 quze
2454 4975 2864 5043 subsequuntur
2885 4974 3211 5045 approbant.

1883 5069 2046 5124 Vsus.
2081 5070 2170 5133 57,
2193 5068 2281 5124 58.
2322 5087 2340 5119 ι
2370 5067 2448 5121 lta
2482 5076 2566 5122 est
2602 5066 2685 5121 lex
2740 5065 3039 5123 holocausti
3095 5074 3150 5118 et
3187 5065 3394 5121 sacriﬁ-

1810 5162 1881 5216 cii
1917 5174 2015 5230 pro
2039 5168 2263 5230 peccato
2283 5167 2447 5227 atque
2484 5158 2705 5223 delicto,
2739 5164 2914 5225 etpro
2956 5154 3389 5220 consecratione,

1811 5251 2249 5321 etpaciﬁcorum
2304 5249 2560 5315 victimis,
2586 5263 2720 5317 quas
2781 5248 3064 5304 constituit
3118 5248 3389 5307 Dominus

1809 5342 1977 5413 Moysi
2008 5342 2065 5395 in
2086 5349 2271 5397 monte
2301 5340 2472 5407 Sinai,
2501 5339 2720 5410 quando
2744 5340 3020 5395 mandavit
3048 5340 3169 5395 ﬁliis
3200 5341 3386 5409 Israel,

1815 5442 1872 5501 ut
1904 5433 2494 5495 olierrentoblationes
2545 5449 2670 5491 suas
2720 5433 2944 5491 Domino
2992 5434 3043 5489 in
3068 5434 3282 5489 deserto
3303 5431 3390 5491 εί.

1816 5542 1925 5580 Bal.
1965 5546 1983 5577 ι

1828 5719 1874 5752 ’⁸
1907 5717 2074 5775 Hebr.
2116 5735 2193 5786 xi,
2251 5719 2279 5773 1
2330 5732 2480 5790 seqq.
