3886 6306
507 290 601 355 871

1706 285 2063 345 ΗΕΒΥΕΙΠΙ
2102 283 2575 346 PRESBYTERI

3703 280 3796 339 ετξ

575 404 739 457 Vides
761 400 1083 456 diﬂ'eretttes
1103 398 1573 462 conversationes,
1602 411 1721 466 qua:
1744 396 2086 465 conjungunt
2114 402 2157 458 Α
2188 390 2803 461 inaestitna‘biiiquadam
2858 388 3194 445 sublimitate
3234 388 3461 443 excellit
3497 388 3662 444 Deus
3700 390 3794 445 ho-

502 494 617 550 Deo
635 494 747 547 sive
760 508 857 563 per
876 492 1175 562 perfectum
1198 491 1456 545 honorem
1475 489 1858 559 sapientiaequi
1878 503 1972 557 per
1984 488 2086 541 lto-

502 584 805 640 loeaustum
828 585 1187 655 significatur,
1203 582 1316 636 sive
1336 596 1431 650 per
1446 581 1773 634 mediocrem
1794 578 2083 647 justitiam,

505 692 629 745 quae
662 678 853 732 idonea
874 690 956 728 est
973 685 1025 728 et
1041 690 1160 741 qua:
1176 677 1240 726 a-J
1262 656 1516 736 salutem,
1538 672 1816 741 pertinent
1846 668 2080 738 operari.

507 769 780 822 Sacrilicia
824 766 968 820 enim
1002 768 1115 818 haec
1142 766 1489 833 pacilicorum
1515 764 1627 817 sive
1649 779 1744 832 per
1776 762 2087 816 holocausta

507 870 753 930 agantur,
778 859 891 915 sive
915 873 1009 926 per
1032 856 1383 921 oblationem,
1413 863 1556 909 recte
1578 869 1693 907 esse
1709 854 1880 917 utilia,
1900 860 2087 922 utpote

505 952 818 1020 dignitatem
865 948 1256 1002 sacerdotalem
1294 947 1628 1016 praestantia,
1670 946 1754 998 lex
1779 945 2084 999 intellexit:

506 1053 559 1095 et
593 1050 873 1110 propterea
907 1042 963 1094 iu
1023 1041 1112 1094 die
1146 1056 1251 1109 qua
1286 1039 1559 1093 unctionis
1608 1039 1776 1108 legem
1811 1036 1976 1109 Moysi
2033 1037 2087 1089 in

505 1144 690 1187 monte
721 1135 868 1187 Sinai
898 1135 1192 1196 mandavit,
1220 1138 1383 1187 etiam
1411 1149 1475 1186 ea
1511 1150 1631 1200 qua:
1665 1141 1792 1185 sunt
1826 1133 1891 1185 de
1919 1130 2088 1184 sacri-

510 1227 651 1279 ficiis
675 1226 934 1284 subdidit.
968 1226 1236 1292 simulque
1267 1240 1328 1278 ea
1349 1223 1530 1275 omnia
1575 1224 1813 1276 breviter
1860 1238 2088 1275 enume-

505 1317 747 1375 ravit,et
804 1316 1269 1368 commemoravit.
1337 1313 1469 1367 Nam
1525 1314 1668 1366 LXX
1721 1313 2084 1366 addiderunt:

505 1404 575 1457 Et
623 1406 1095 1456 consummationis
1127 1421 1145 1457 :
1197 1420 1321 1458 cum
1360 1404 1486 1457 illud
1545 1403 1599 1455 in
1638 1404 1927 1472 praeteritis
1978 1417 2084 1455 non

506 1492 849 1545 inveniamus
917 1493 1226 1561 specialiter
1263 1493 1445 1547 verbis
1489 1492 1810 1562 legislatoris
1864 1505 2088 1559 expres-

507 1563 639 1636 sum'
659 1584 822 1635 etiam
869 1585 923 1635 in
988 1584 1100 1652 ipsa
1131 1583 1270 1637 LXX
1306 1585 1564 1638 editione.
1603 1584 1706 1637 Sed
1752 1585 1878 1652 quia
1912 1583 2089 1638 simile

508 1673 829 1728 sacrificium
867 1689 967 1727 nee
994 1690 1092 1742 pro
1124 1683 1368 1742 peccato,
1394 1689 1496 1728 nec
1518 1674 1842 1735 holocausti,
1874 1673 1961 1727 vel
1988 1673 2087 1727 de-

2183 486 2447 547 minibus,
2483 493 2539 537 ct
2568 483 2762 553 gratia,
2800 482 2977 552 inqua
3007 482 3055 536 ei
3094 479 3627 546 communicamus;
3655 484 3792 549 qod

2184 577 2351 633 David
2373 576 2684 648 signiﬁcans
2698 575 2765 629 ad
2787 576 3073 629 Dominum
3092 574 3263 628 dixit:
3289 571 3455 627 Sedes
3476 581 3605 640 tua,
3634 572 3793 636 Deus,

2184 672 2242 724 in
2269 670 2521 724 sa'culum
2550 668 2749 733 swculi,
2797 669 2944 736 virga
2994 677 3137 719 recta
3184 678 3282 731 est,
3311 666 3465 735 virga
3496 667 3661 734 regni
3697 666 3790 717 tui.

2184 764 2816 832 Dilexistijustitiant,et
2869 762 3027 814 odisti
3071 761 3430 829 iniquitatem,
3498 771 3791 828 propterea

2186 859 2335 911 unxit
2376 868 2425 909 te
2457 857 2593 908 Deus
2618 855 2755 916 Deus
2789 863 2911 906 tuus
2940 852 3051 905 oleo
3091 852 3314 913 lwtitia',
3354 867 3477 921 pra:
3519 854 3792 905 consorti-

2186 949 2279 1002 bus
2306 949 2408 1001 tuis
2426 949 2493 1001 9'.
2524 947 2630 1001 Sed
2663 946 2752 1015 qui
2778 954 2906 999 sunt
2934 946 3054 1013 ejus
3095 943 3574 1014 partieipes?.\'os
3603 944 3791 1012 utique

2187 1041 2256 1096 de
2278 1041 2478 1109 quibus
2509 1040 2713 1093 dictum
2736 1048 2820 1092 est
2853 1057 2865 1091 :
2903 1037 3198 1105 Participes
3238 1037 3376 1090 enim
3408 1035 3631 1090 Christi
3663 1038 3790 1107 facti

2186 1151 2388 1195 sumus,
2410 1134 2455 1186 si
2483 1142 2660 1184 tamen
2703 1132 2913 1184 initium
2953 1131 3263 1183 substantitz
3325 1129 3444 1198 ejus
3499 1146 3679 1196 usque
3724 1132 3789 1180 ad

2186 1224 2341 1296 ﬁnem
2396 1223 2605 1291 ﬁrmam
2654 1222 2973 1275 retineamus
3000 1221 3066 1272 '9.
3099 1220 3291 1273 Cernis
3315 1229 3527 1284 tamen,
3597 1236 3782 1287 quem-

2190 1313 2482 1367 admodum
2562 1311 2836 1381 prtecipue
2910 1311 3293 1364 exsultationis
3364 1311 3519 1375 oleo,
3591 1311 3653 1363 id
3702 1320 3776 1363 est

2190 1406 2405 1475 spiritu,
2436 1421 2546 1473 prae
2584 1404 2939 1474 participibus
3031 1403 3219 1472 utique
3268 1402 3454 1467 nobis,
3516 1402 3675 1456 sicut
3718 1404 3785 1456 ait

2191 1496 2501 1562 Psalmista,
2533 1496 2775 1567 ungitur,
2833 1496 2949 1565 ipse
3004 1494 3276 1563 siquidem
3309 1494 3782 1557 substantialiter,

2188 1604 2292 1642 nos
2314 1604 2444 1643 vero
2478 1587 2795 1656 Operatione
2825 1588 2965 1656 ejus,
3024 1596 3079 1641 et
3103 1587 3290 1658 gratia.
3333 1586 3658 1656 Propterea
3700 1603 3786 1641 un-

2190 1690 2393 1749 guntur
2408 1678 2627 1748 quidem
2656 1680 2817 1754 simul
2845 1694 2969 1734 cum
3008 1680 3190 1733 Aaron
3230 1679 3327 1733 filii
3354 1681 3501 1749 ejus,
3528 1682 3640 1735 sed
3686 1698 3783 1735 non

508 1764 641 1826 licti,
675 1781 775 1819 nec
804 1767 1055 1819 sacrificii
1080 1776 1162 1821 est
1188 1768 1462 1831 salutaris,
1497 1778 1554 1821 ut
1578 1783 1685 1822 non
1720 1767 1956 1837 speciem
2001 1782 2088 1820 sa-
2120 1762 2161 1817 Β
2194 1770 2317 1823 talia
2341 1772 2394 1823 in
2420 1770 2523 1834 eis,
2555 1770 2734 1837 qualia
2761 1778 2815 1825 et
2838 1770 2891 1825 in
2916 1770 3147 1824 Aaronis
3190 1770 3454 1824 unctione
3516 1782 3781 1841 aguntur,

507 1856 693 1911 crificii
725 1858 883 1926 hujus
905 1867 997 1911 aut
1025 1874 1223 1912 nomen
1280 1859 1674 1928 ignoraremus,
1701 1858 1756 1911 in
1810 1859 1913 1912 hoc
1965 1858 2085 1913 loco

508 1946 988 2000 sacriticiumilluJ
1045 1949 1531 2003 consummationis
1591 1949 1902 2019 appellavit,
1955 1948 2087 2003 illud

509 2046 563 2091 te
603 2039 791 2093 volens
823 2039 1145 2109 intelligere,
1167 2042 1323 2110 cujus
1347 2042 1765 2110 appellationem
1805 2041 2081 2096 omiserat.

507 2128 654 2193 Quid
679 2140 859 2183 autem
895 2131 1160 2201 theologia
1194 2132 1491 2200 perfectius
1512 2132 1634 2187 est?
1664 2148 1829 2202 quam
1886 2132 2087 2187 sacriﬁ-

508 2220 653 2274 cium
708 2223 898 2276 situil.e
923 2239 1045 2276 cum
1073 2224 1195 2276 oleo
1221 2233 1275 2276 et
1298 2225 1454 2277 thure
1490 2224 1751 2289 oblatum,
1780 2225 2085 2295 significare

505 2312 757 2367 d'.ximus.
796 2314 902 2367 Sed
935 2315 1024 2371 ubi
1057 2316 1171 2370 haec
1205 2318 1496 2368 constituta
1550 2316 1687 2370 dixit
1712 2316 1734 2368 ?
1762 2317 1818 2369 lu
1868 2316 2085 2370 deserto

509 2404 678 2457 Sinai.
707 2404 856 2457 Sinai
898 2414 1101 2467 autem,
1140 2405 1298 2457 rubus
1332 2405 1412 2457 vel
1455 2407 1702 2467 tentatio,
1762 2404 2086 2473 interpreta-

508 2505 612 2551 tur.
642 2498 844 2551 Similis
867 2505 949 2550 est
977 2507 1156 2550 autem
1187 2498 1320 2550 ruho
1349 2497 1595 2561 tentatio,
1628 2511 1877 2565 asperant
1924 2497 2082 2564 quip-

509 2605 576 2658 pe
601 2590 888 2658 virgultum
923 2597 1025 2654 est,
1067 2589 1289 2657 etquod
1346 2588 1560 2642 dillieile
1611 2604 1773 2641 manu
1834 2603 2083 2656 compre-

509 2683 768 2736 henditur
806 2699 818 2733 :
854 2680 1185 2749 signiﬁcatur
1211 2690 1391 2735 autem
1418 2697 1515 2750 per
1543 2682 1709 2741 hunc,
1749 2679 1873 2749 quia
1890 2692 2083 2748 quem-

508 2771 799 2824 admodum
857 2787 1046 2824 corum
1093 2772 1274 2840 quiin
1320 2785 1492 2841 agone
1518 2770 2082 2825 contenduntcorona

510 2863 563 2913 in
600 2863 797 2914 sudore
821 2870 875 2914 et
900 2862 1082 2915 labore
1104 2871 1203 2925 est,
1238 2865 1316 2915 sic
1346 2872 1399 2916 et
1425 2879 1620 2916 corona
1676 2863 1828 2917 home
1855 2863 1978 2918 vitm
2024 2864 2078 2917 in

509 2953 900 3005 tentationibus
921 2962 974 3005 et
1010 2952 1445 3005 tribulationibus
1467 2961 1894 3016 consummatur,
1926 2962 1984 3007 ut
2028 2962 2083 3007 et

2188 1861 2329 1916 sicut
2359 1861 2711 1916 manifestam
2740 1863 3043 1931 sequentia.
3074 1862 3181 1916 Sed
3201 1863 3367 1917 etiam
3395 1863 3455 1916 in
3482 1864 3599 1918 hoc
3634 1880 3785 1919 mens

2187 1949 2240 2001 in
2268 1948 2522 2018 praesenti
2546 1948 2758 2018 ﬁgenda
2791 1958 2895 2014 est,
2946 1950 3090 2019 quod
3144 1964 3256 2003 non
3290 1948 3502 2003 frustra
3549 1951 3679 2005 haec
3734 1952 3781 2004 in

2185 2040 2463 2097 Christum
2487 2043 2821 2112 accipiamus
2852 2059 2866 2095 :
2898 2041 3078 2097 sciens
3130 2043 3277 2096 enim
3316 2042 3644 2097 Ecclesiam
3696 2045 3785 2098 de-

2186 2146 2311 2185 cere
2343 2132 2457 2185 lla-‘0
2491 2131 2764 2202 legislator
2782 2132 3055 2203 mysteria,
3083 2132 3372 2186 convocari
3403 2148 3644 2188 omnem
3677 2149 3783 2189 cte-

2190 2229 2322 2283 tum,
2369 2220 2483 2275 sive
2514 2236 2838 2292 synagogam
2877 2222 3155 2290 praecepit,
3192 2220 3241 2273 id
3272 2234 3359 2275 est
3385 2223 3542 2290 quod
3610 2223 3781 2277 Grati

2186 2311 2375 2365 dicunt
2402 2311 2699 2380 ἐκκλησίας
2737 2312 3042 2380 adjanuam
3070 2314 3403 2367 tabernaculi
3447 2313 3782 2368 testimonii.

2181 2401 2318 2466 Quae
2346 2404 2627 2473 Synagoga
2664 2418 2774 2457 non
2827 2413 3008 2473 potest
3066 2405 3223 2459 aliter
3262 2405 3331 2459 ad
3397 2404 3555 2459 hanc
3610 2406 3782 2474 legem

2187 2495 2635 2548 communionem
2693 2496 2913 2559 habere,
2956 2496 3060 2549 nisi
3110 2497 3179 2550 ad
3218 2494 3534 2550 Ecclesium
3581 2512 3785 2550 conve-

2185 2584 2320 2649 niat,
2385 2587 2527 2655 apud
2582 2602 2743 2656 quam
2790 2586 2982 2640 harum
3041 2587 3333 2659 figurarum
3369 2591 3590 2645 veritas
3652 2606 3781 2644 con-

2185 2687 2450 2731 servatur.

2260 2768 2419 2823 \'ens.
2452 2770 2565 2825 4-9.
2615 2789 2632 2822 ι
2664 2769 2812 2826 Fecit
2840 2771 3070 2843 Moyses,
3105 2782 3167 2826 ut
3214 2772 3490 2827 Dominus
3541 2773 3779 2844 impera-

2186 2870 2361 2924 verat,
2397 2872 2830 2933 congregataque
2861 2864 3013 2917 omni
3056 2864 3211 2916 turba
3263 2874 3393 2918 ante
3438 2865 3620 2930 fores,
3659 2868 3777 2919 ait:

2186 2954 2294 3009 Iste
2330 2963 2413 3007 est
2440 2968 2622 3008 sermo
2650 2970 2809 3023 quem
2859 2954 3025 3022 jussit
3071 2954 3331 3009 lli-minus
3367 2955 3517 3009 fieri.
3555 2959 3781 3011 Statim-

509 3040 711 3095 I’aulus
738 3042 951 3095 dicebat
985 3058 997 3094 :
1036 3040 1225 3099 Omnes
1248 3044 1334 3111 qui
1357 3042 1530 3094 volunt
1568 3043 1734 3094 vivere
1764 3045 1817 3095 in
1877 3042 2082 3097 Christo
2112 3085 2155 3145 Ο
2186 3062 2291 3116 que
2318 3046 2715 3100 obtulitAaron
2762 3055 2820 3098 et
2868 3044 3007 3099 ﬁlios
3058 3047 3197 3115 ejus,
3250 3063 3494 3117 cumque
3556 3051 3780 3105 lavisset

506 3134 651 3194 Jcsu,
708 3134 1116 3204 persecutionem
1170 3135 1435 3203 patientur
1467 3136 1534 3187 ⁸⁸.
1583 3133 1812 3188 Maxime
1866 3135 1910 3189 si
1957 3152 2083 3192 suas

506 3226 812 3281 oblationes
864 3227 1122 3292 Domino,
1177 3226 1261 3280 vel
1319 3226 1459 3280 sicut
1502 3227 1642 3281 LXX
1671 3229 1979 3293 ediderunt,
2032 3230 2087 3281 in

506 3328 781 3386 conspectu
808 3318 1014 3372 Domini
1068 3318 1314 3387 o/ferant.
1358 3319 1701 3373 Manifestum
1769 3328 1854 3373 est
1902 3331 2082 3374 autem

506 3410 632 3478 quia
655 3411 745 3478 qui
781 3411 1034 3463 mundam
1064 3411 1351 3479 justitiam,
1393 3420 1447 3465 et
1470 3426 1590 3480 qum
1624 3412 1815 3480 placita
1842 3422 1924 3465 est
1955 3411 2082 3476 Deo,

505 3500 732 3566 adeptus
754 3498 937 3564 fuerit,
970 3500 1056 3552 hic
1095 3508 1150 3553 et
1195 3500 1520 3553 tentationcs
1550 3504 1767 3569 patitur,
1804 3514 1860 3555 ct
1910 3503 2085 3555 tribu-

506 3587 752 3641 lationes.
776 3589 960 3657 Neque
978 3590 1125 3643 enim
1153 3590 1513 3660 intelligihilcs
1543 3591 1746 3645 inimici
1769 3591 2080 3661 quiescunt,

503 3698 607 3736 nec
640 3685 968 3739 tentationes
993 3685 1143 3754 justo
1196 3687 1413 3749 desunt,
1438 3685 1564 3755 quia
1622 3687 1954 3741 abominatio
2001 3696 2086 3740 cst

505 3776 884 3843 peccatoribus
924 3777 1116 3846 pietas.
1145 3776 1332 3831 Finem
1383 3789 1564 3833 autem
1623 3778 1982 3833 tentationum
2030 3789 2082 3833 et

508 3865 938 3933 tribulationum,
970 3867 1206 3922 Jacobus
1233 3868 1391 3922 nobis
1413 3870 1743 3922 sullicienter
1791 3871 2077 3938 exposuit:

504 3954 699 4010 Beatus
724 3959 803 4011 vir
822 3960 911 4028 qui
939 3960 1117 4028 suﬂ'ert
1162 3963 1523 4021 tentationem,
1550 3962 1697 4030 quia,
1737 3977 1852 4014 cum
1890 3964 2083 4029 proba-

507 4059 589 4101 tus
617 4051 795 4119 fuerit,
818 4052 1035 4119 accipiet
1053 4069 1295 4106 coronant
1328 4056 1465 4115 vita',
1490 4070 1645 4124 quam
1676 4056 1914 4123 promisit
1945 4055 2081 4109 Deus

505 4141 838 4211 diligentibus
873 4159 928 4195 se
957 4143 1021 4198 ⁸⁷.
1341 4200 1350 4209 ,

1121 4235 1273 4289 CAP.
1303 4235 1441 4290 Vill.

570 4326 743 4381 Vnus.
780 4327 886 4381 1-5.
927 4346 944 4378 ι
981 4326 1327 4394 Loeutusque
1350 4335 1432 4380 est
1489 4325 1750 4381 Dominus
1770 4327 1838 4382 ad
1859 4327 2079 4399 Moysen

2187 3153 2304 3203 eos,
2336 3138 2554 3192 vestivit
2580 3136 2888 3207 pontificem
2940 3138 3203 3192 subucula
3249 3138 3417 3205 linea,
3482 3141 3780 3210 accingens

2188 3250 2311 3288 eum
2360 3234 2599 3299 baltheo,
2632 3242 2688 3286 et
2741 3233 2976 3287 iuduens
3026 3233 3208 3287 tunica
3276 3235 3675 3304 hyacinthina,
3731 3246 3780 3290 ct

2186 3327 2421 3395 desuper
2439 3326 2715 3379 humerale
2746 3326 3025 3394 imposuit,
3053 3328 3539 3396 quodastringens
3565 3330 3778 3396 cingula

2187 3404 2461 3484 cooptavit
2481 3417 2750 3481 rationali,
2783 3416 2837 3469 in
2892 3432 3001 3485 quo
3031 3419 3416 3473 eratdoctrina
3446 3427 3509 3473 et
3556 3422 3773 3474 veritas.

2186 3510 2614 3580 (Zydariquoque
2665 3509 2799 3562 texit
2831 3518 3014 3578 caput,
3067 3518 3124 3562 et
3151 3524 3318 3578 super
3381 3525 3514 3564 eam
3589 3525 3774 3568 contra

2187 3599 2424 3653 frontem
2456 3598 2638 3667 posuit
2676 3598 2937 3652 laminam
2989 3613 3235 3663 auream,
3299 3613 3693 3657 consecratam
3724 3604 3771 3655 in

2186 3689 2699 3751 sanetifieationem,
2734 3690 2877 3744 sicut
2908 3691 3309 3760 praeceperatci
3338 3691 3646 3749 Dominus.
3684 3714 3705 3746 ι

2255 3782 2389 3850 Quia
2427 3784 2541 3837 haec
2564 3783 2631 3837 de
2665 3783 2862 3852 quibus
2922 3798 3104 3836 Sermo
3148 3794 3234 3838 est
3280 3785 3483 3839 umbra
3550 3787 3680 3850 sint,
3724 3798 3769 3841 et

2185 3876 2365 3945 figura-
2397 3892 2584 3929 eorum
2618 3893 2737 3945 qua:
2761 3877 2814 3930 iu
2853 3877 3095 3930 Ecelcsia
3132 3887 3387 3948 aguntur,
3419 3881 3767 3947 apertissime

2184 3969 2343 4022 etiam
2381 3969 2492 4037 ipsa
2523 3984 2643 4037 qua:
2668 3984 2815 4023 nunc
2839 3970 3115 4038 proposita
3151 3980 3281 4023 sunt
3323 3978 3631 4027 testantur.

2257 4059 2397 4112 Fecit
2435 4057 2639 4127 Moyses
2672 4067 2727 4110 ut
2757 4058 3012 4121 Dominus
3057 4060 3435 4129 imperaverat,
3478 4077 3765 4133 congrega-

2182 4158 2340 4219 taque
2364 4150 2508 4202 omni
2533 4149 2683 4202 turba
2723 4158 2846 4202 ante
2870 4150 3030 4220 fores,
3062 4150 3160 4203 ait.
3214 4148 3371 4216 Quod
3415 4149 3617 4208 Graeca
3674 4156 3766 4207 lin-

2181 4256 2285 4312 gua
2313 4240 2366 4293 in
2393 4239 2535 4294 LXX
2564 4240 2879 4308 expressius
2923 4241 3243 4294 translatum
3291 4250 3399 4307 est,
3443 4243 3499 4298 id
3544 4256 3653 4309 est,
3687 4248 3765 4297 ἐκ-

2182 4334 2487 4404 κλησίασας
2516 4332 2613 4404 τὴν
2641 4333 2995 4403 Συναγωγήν.
3034 4333 3100 4387 Ει
3149 4334 3515 4403 quamobrem
3555 4354 3668 4392 non
3689 4339 3763 4392 di-

501 4416 687 4471 dieens
720 4435 732 4470 :
769 4420 964 4472 Tollite
991 4417 1168 4470 Aaron
1200 4432 1323 4470 cum
1347 4418 1468 4471 filiis
1501 4418 1636 4481 suis,
1682 4428 1862 4473 vestes
1890 4436 2079 4474 eorum
2114 4431 2157 4486 Ι)
2184 4420 2287 4489 cit,’
2316 4426 2532 4497 collegit
2557 4424 3043 4496 Congregationem
3103 4426 3216 4480 sive
3244 4424 3622 4498 Synagogam,
3681 4432 3763 4483 sed

502 4517 559 4561 et
588 4508 861 4562 unctionis
888 4509 1089 4582 oleum,
1120 4509 1347 4562 vitulum
1380 4524 1479 4579 pro
1508 4516 1753 4578 peccato,
1777 4510 1914 4565 duos
1938 4512 2080 4567 arie-

506 4607 608 4665 tes,
637 4601 934 4671 canistrum
963 4614 1089 4653 cum
1119 4600 1346 4670 azymis,
1387 4609 1443 4654 ct
1471 4601 1827 4670 congregabis
1860 4615 2078 4657 omnem

502 4704 701 4746 coetum
730 4691 793 4744 ad
823 4692 1024 4745 ostium
1056 4692 1389 4746 tabernaculi
1445 4692 1764 4749 testimonii.
1804 4712 1823 4745 ι

571 4781 704 4849 Qua:
730 4783 800 4836 sit
826 4784 909 4839 vis
942 4785 1345 4855 praedictorum,
1377 4794 1567 4855 aperte
1591 4793 1647 4839 et
1676 4795 1985 4856 Opportune
2022 4786 2077 4840 in

505 4878 589 4932 his
607 4891 728 4946 qua:
750 4886 1054 4948 sequuntur
1070 4879 1368 4933 ostenditur
1385 4920 1398 4943 ,
1414 4878 1631 4948 quando
1648 4878 1924 4949 legislator
1947 4879 2077 4931 suh-

503 4971 745 5025 intttlerit
773 4986 835 5026 ea
866 4987 986 5040 qua:
1030 4972 1084 5024 in
1128 4970 1209 5025 eis
1265 4982 1518 5041 aguntur.
1562 4970 1704 5037 Quid
1751 4979 1932 5027 autem
1966 4971 2081 5024 [nec

501 5078 622 5130 quae
646 5078 793 5117 nunc
818 5062 961 5117 dicta
993 5068 1123 5114 sunt
1153 5061 1480 5130 significent,
1510 5059 1615 5115 hoc
1635 5063 1729 5116 tibi
1759 5061 2075 5131 praecedens

500 5168 681 5208 sermo
705 5152 1048 5222 tradet,quia
1079 5151 1286 5216 unctio,
1325 5151 1546 5207 Christo
1578 5162 1632 5206 et
1677 5152 1765 5206 his
1817 5152 1912 5222 qui
1962 5152 2080 5222 ejus

502 5254 629 5299 sunt
678 5244 985 5299 communis
1036 5246 1230 5298 etnon
1288 5244 1593 5299 communis
1617 5254 1734 5299 est:
1765 5242 2075 5298 communis

501 5338 739 5406 quidem,
766 5338 889 5407 quia
925 5337 1169 5405 ejusdem
1206 5337 1478 5391 unctionis
1525 5345 1654 5391 sunt
1681 5343 1737 5390 et
1767 5336 1867 5405 ipsi
1900 5335 2073 5405 parti-

503 5430 671 5497 eipes,
698 5431 1051 5498 quamobrem
1111 5438 1167 5485 et
1198 5446 1299 5485 nos
1366 5430 1787 5499 participatione
1845 5429 2071 5496 Christi,

503 5520 795 5575 Christiani
836 5520 1111 5587 dicimur;
1155 5536 1262 5575 non
1328 5520 1638 5576 communis
1683 5529 1888 5587 autem,
1945 5522 2070 5592 quia

570 5719 806 5774 "lTim.
837 5734 918 5784 nt,
949 5720 1035 5774 1'2.
1107 5721 1151 5756 ⁵⁷
1180 5721 1289 5776 Jac.
1326 5738 1363 5788 ι,
1402 5721 1481 5775 ιε.

2185 4525 2507 4581 convocata,
2530 4514 2584 4570 id
2618 4524 2704 4570 est
2741 4515 3150 4595 ἐκκλησιάζειν,
3205 4516 3354 4570 omni
3385 4518 3579 4585 turba,
3620 4523 3765 4575 idest

2184 4609 2465 4679 Synagoga
2491 4622 2586 4661 seu
2619 4606 3092 4677 Congregatione?
3138 4606 3275 4673 Quia
3342 4611 3545 4674 procul
3607 4614 3764 4668 dubio

2179 4708 2238 4756 et
2297 4714 2396 4770 per
2463 4699 2581 4753 hac
2639 4698 3065 4767 innuitaliquid,
3101 4697 3438 4770 Synagogam
3476 4701 3636 4757 illam
3677 4720 3764 4774 ap.

2179 4791 2410 4861 pellens,
2440 4789 2565 4861 quia
2586 4789 2690 4844 hoc
2721 4804 2922 4843 nomen
2950 4790 3229 4860 proprium
3254 4801 3433 4847 cretus
3459 4796 3659 4863 pepuli
3674 4813 3767 4850 an-

2179 4883 2407 4952 tiquitus
2452 4883 2575 4937 fuit.
2621 4880 2936 4936 Convocare
2974 4891 3193 4949 autem,
3242 4883 3293 4937 id
3326 4892 3434 4947 est,
3464 4886 3767 4959 ὲκκὶησιὰο

2179 4970 2295 5037 ζειν
2321 4974 2602 5045 prazcepit,
2632 4983 2693 5027 ut
2731 4988 3187 5044 cognosceremus
3236 4976 3401 5045 paulo
3440 4986 3569 5047 post
3626 4980 3768 5034 futu-

2179 5080 2295 5118 ram
2328 5065 2650 5128 Ecclesiam,
2700 5079 2821 5133 quae
2860 5065 3029 5137 hujus
3084 5065 3364 5122 invenitur
3408 5068 3599 5125 virtus
3655 5086 3765 5127 esse
3852 5088 3853 5091 ‘

2180 5155 2507 5211 sanctionis.
2540 5154 2892 5210 Manifestius
2915 5166 3095 5211 autem
3127 5156 3187 5210 tit
3240 5173 3309 5211 ex
3356 5172 3427 5213 eo
3477 5163 3641 5229 quod
3690 5164 3762 5216 lex

2181 5246 2415 5317 Dei,qui
2455 5247 2622 5301 Israel
2668 5247 2876 5310 eduxit,
2907 5247 3001 5316 qui
3051 5248 3325 5303 Abraham
3378 5253 3633 5319 vocavit,
3679 5254 3761 5323 qui

2182 5339 2364 5392 omnia
2401 5337 2526 5392 fecit
2550 5353 2668 5407 quae
2694 5352 2794 5407 per
2818 5336 3034 5408 Moysen
3062 5340 3387 5409 praphetant
3418 5343 3756 5404 scribuntur.

2181 5443 2244 5483 ea
2272 5442 2391 5497 qute
2428 5431 2653 5499 mystice
2688 5428 2745 5481 in
2793 5426 3034 5483 Ecclesia
3073 5439 3330 5500 aguntur,
3371 5444 3508 5488 ante
3570 5435 3759 5490 multas

2180 5521 2559 5591 generationes
2588 5519 2813 5589 spiritus
2848 5518 2941 5573 Dei
2986 5521 3263 5592 praecepit.
3304 5521 3414 5578 Sed
3446 5535 3657 5581 etcum
3685 5540 3759 5581 so-

1558 5722 1602 5753 “
1628 5720 1766 5776 Psal.
1794 5734 1936 5787 κων,
1965 5721 2017 5791 7,
2050 5725 2102 5779 8.
2160 5725 2204 5757 ”
2232 5722 2485 5793 ﬂebunt,
2526 5725 2610 5780 Η.
