3886 6306
111 273 221 342 873

112 390 355 449 cundum
389 384 553 454 LXX,
594 383 847 456 superius
889 381 1118 440 dixisset
1151 394 1166 443 ζ
1219 380 1461 440 Convora
1492 384 1565 437 ad
1602 384 1698 452 μι-
1725 416 1772 470 Α

114 500 250 541 nuas
277 479 605 539 tabernaculi
632 477 935 541 testimonii,
958 475 1048 531 hic
1081 476 1188 531 ait:
1221 474 1536 531 Convocavit
1568 490 1693 529 con-

111 577 494 652 gregationem,
520 588 629 626 non
657 572 722 625 ad
747 569 964 641 ianuas,
996 568 1090 623 sed
1151 570 1223 623 ad
1247 568 1480 639 januam
1514 567 1696 622 taber-

110 669 295 724 uacnli
325 665 615 721 testimonii
641 680 660 717 :
689 663 995 717 admonens
1028 675 1192 716 aures
1218 667 1437 715 nostras
1467 659 1695 713 eviden-

90 748 216 826 i‘ter,
232 760 376 831 quod
418 757 793 828 apostolorum
838 755 1126 819 doctrinae,
1149 768 1287 824 quas
1340 766 1463 808 esse
1500 752 1697 821 januas

114 850 449 908 tabernaculi
495 845 795 902 testimbnii
851 846 1169 917 praecedens
1207 856 1388 899 sermo
1422 842 1693 913 exposuit,

120 954 170 1001 et
205 942 406 997 Christi
443 938 710 1003 doctrina,
753 947 882 993 sunt
902 938 1077 1008 ipsius
1130 938 1331 1009 linguae
1368 936 1586 1002 infusae,
1641 945 1698 992 et

110 1053 177 1091 ex
209 1036 296 1089 his
332 1048 399 1087 ex
426 1031 628 1101 quibus
657 1031 773 1101 ipso
811 1029 1021 1084 docuit.
1062 1028 1536 1095 Quemadmodum
1567 1043 1697 1099 ergo

111 1128 256 1182 inter
277 1124 477 1180 multas
497 1124 715 1192 ianuas,
742 1129 797 1175 et
820 1136 982 1175 unam
1025 1121 1272 1191 ianuam,
1306 1120 1421 1176 sola
1449 1119 1567 1175 haec
1591 1119 1695 1175 dif-

110 1217 344 1273 fcrentia
369 1224 474 1280 est,
499 1214 626 1284 quia
646 1214 747 1267 illa:
766 1213 985 1282 quidem
1003 1213 1190 1268 multae
1206 1221 1353 1277 sunt,
1374 1211 1491 1267 haec
1511 1220 1695 1266 autem

111 1325 221 1363 una
275 1314 380 1371 est,
482 1304 562 1361 sic
615 1301 989 1374 apostolorum
1051 1316 1337 1358 sermones
1388 1310 1449 1356 et
1489 1301 1697 1357 doctri-

110 1416 197 1455 nae
241 1397 385 1453 nihil
439 1411 470 1451 a
524 1394 728 1451 Christi
777 1394 1027 1450 doctrina
1068 1394 1334 1450 diﬂ‘ernut
1354 1394 1520 1459 aliud,
1586 1393 1695 1448 nisi

108 1494 237 1563 quia
279 1506 446 1546 unum
480 1487 824 1543 Dominicum
881 1487 1109 1542 verbum
1154 1496 1261 1553 est,
1294 1486 1363 1542 de
1403 1501 1513 1556 quo
1546 1484 1694 1540 Pau-

112 1585 198 1639 lus
217 1584 336 1639 ait:
373 1582 527 1638 Vivus
557 1590 633 1635 est
703 1581 843 1634 enim
900 1578 999 1634 Dei
1039 1594 1230 1644 sermo,
1282 1586 1332 1632 et
1388 1577 1590 1647 eﬁicox,
1618 1585 1699 1630 -et

110 1677 322 1731 acutior
350 1675 492 1728 omni
542 1673 721 1744 gladio
771 1672 992 1741 ancipiti
1021 1674 1062 1725 ί.
1116 1672 1183 1726 Et
1213 1671 1405 1727 Petrus
1439 1683 1564 1725 cum
1589 1684 1700 1724 eae-

1262 265 1347 330 nt
1378 248 1922 333 manui;—
1962 284 2108 337 si...
2148 292 2229 329 ιι.

1801 398 1920 436 eum
1947 381 2175 449 baltlteo,
2204 391 2255 439 et
2287 383 2508 441 inducas
2538 385 2742 445 tunica.
2793 387 2951 457 Quod
2977 388 3123 450 LXX
3143 403 3386 454 trsnstu-
3448 369 3459 375 ἴ

1800 472 1981 528 lerunt
2005 489 2018 526 :
2063 471 2129 528 Et
2158 475 2331 529 induit
2366 492 2485 532 eum
2514 476 2772 547 tunicam,
2802 492 2852 537 et
2876 488 3153 553 prtecinatit
3170 496 3389 559 sonant,

1798 574 1847 619 et
1872 566 2076 620 vestivit
2106 564 2257 621 illum
2289 569 2598 640 hypodytin.
2631 570 2734 629 llic
2759 576 3052 634 manifeste
3108 578 3388 654 Unigeniti

1797 658 2591 730 exsequiturincarnationem,
2621 666 2715 737 qui
2773 669 2899 738 quia
2935 679 3108 729 totum
3132 685 3385 734 nostrum

1798 750 2113 805 incarnatus
2133 760 2219 805 cst
2250 748 2551 818 lunninem,
2592 757 2831 813 tunicam
2905 760 3057 819 indui
3107 774 3164 820 et
3213 768 3389 839 hypo-

1798 841 1944 913 dytin
1959 842 2177 897 dicitur.
2197 843 2401 915 Duplex
2420 849 2660 902 estenim
2679 858 2863 905 nostra
2886 854 3128 911 conditio
3147 878 3157 911 :
3173 870 3228 915 et
3246 878 3389 918 unus

1797 934 2016 1003 quidem
2035 935 2089 990 in
2109 937 2267 992 nobis
2292 938 2459 993 estde
2492 939 2714 1008 pulvere
2742 956 2756 994 :
2790 943 2927 999 alter
2957 948 3230 1020 caelestis;
3287 955 3387 1011 sed

1797 1033 1980 1082 tamen
2012 1042 2157 1082 unus
2190 1037 2439 1098 uterque.
2472 1028 2564 1085 Ait
2602 1032 2747 1086 enim
2810 1033 3019 1105 Moyses
3051 1055 3064 1091 :
3114 1040 3385 1100 Formavit

1800 1116 1939 1172 Dens
1962 1119 2223 1173 hominem
2244 1121 2308 1175 de
2323 1120 2449 1175 limo
2476 1129 2667 1189 terra;
2718 1123 2808 1181 hic
2838 1137 3079 1199 estergo
3114 1140 3383 1193 terrenus.

1798 1203 1869 1257 Et
1891 1206 2176 1277 insuﬁlavit
2198 1210 2252 1262 in
2274 1211 2464 1281 [aciem
2489 1210 2604 1281 ejus
2651 1214 2897 1283 spiritum
2961 1222 3153 1289 vitta“;
3218 1241 3387 1297 aper.

1799 1297 2010 1354 tissime
2055 1299 2145 1354 hic
2169 1301 2408 1357 caelestis
2425 1312 2529 1358 est.
2565 1303 2633 1359 Et
2661 1306 2833 1377 [actus
2873 1320 2947 1363 est
2988 1313 3141 1369 homo
3178 1317 3234 1372 in
3262 1321 3386 1375 auio

1802 1408 1944 1446 mam
1967 1393 2143 1448 vivam
2163 1394 2185 1426 ’
2214 1410 2226 1446 :
2271 1409 2440 1449 unum
2471 1396 2617 1451 enim
2645 1398 2848 1454 animal
2897 1411 3146 1475 uterque.
3176 1407 3281 1475 Qui
3339 1412 3387 1468 si

1800 1484 2022 1554 quidem
2048 1500 2107 1541 se
2137 1487 2202 1541 ad
2236 1502 2521 1559 corporea,
2549 1499 2606 1545 et
2628 1490 2936 1563 voluptates
2963 1509 3247 1556 convertat
3261 1517 3387 1559 car-

1801 1576 1954 1632 nales
2006 1592 2019 1630 :
2084 1585 2229 1634 totus
2251 1579 2418 1635 homo
2465 1590 2741 1650 terrenus,
2792 1587 2947 1656 quasi
3006 1590 3278 1648 exstincto
3331 1605 3388 1651 et

1801 1668 2063 1724 concluso
2083 1670 2292 1726 caelesti
2318 1674 2755 1744 nuncupabitur;
2815 1675 2860 1735 si
2892 1690 3073 1737 autem
3097 1684 3243 1741 circa
3272 1687 3388 1749 sols

113 1770 247 1824 teris
274 1768 532 1839 apostolis
560 1767 638 1822 ait
665 1782 679 1820 :
736 1764 857 1820 Non
914 1773 990 1818 est
1022 1778 1231 1833 tequum
1264 1764 1562 1834 relinquere
1610 1776 1700 1816 vos
1730 1754 1776 1813 Β
1803 1772 2092 1815 versemur
2125 1762 2323 1818 anima:
2377 1764 2740 1835 proﬁcientia,
2804 1772 3281 1849 concedamusque
3332 1782 3386 1835 ei

109 1862 325 1916 verbum
352 1859 464 1923 Dei,
495 1869 545 1913 et
584 1859 893 1913 ministrare
931 1858 1123 1911 mensis
1149 1859 1191 1912 '.
1220 1856 1279 1910 in
1308 1856 1510 1911 multas
1544 1853 1692 1909 enim

108 1953 321 2026 linguas
367 1963 423 2009 et
448 1952 765 2008 diﬂ‘erentes
811 1951 1045 2006 divisum
1110 1961 1214 2006 est.
1255 1950 1389 2015 Qnte
1440 1963 1565 2003 cum
1616 1947 1697 2016 ja-

108 2064 234 2102 nuze
282 2055 504 2115 propter
542 2043 948 2098 multitudinem
969 2042 1097 2105 sint,
1113 2043 1182 2098 ad
1223 2057 1391 2096 unum
1412 2040 1692 2096 introitum

112 2140 257 2201 vitae,
295 2139 347 2195 id
379 2147 464 2192 est
481 2136 681 2192 Christi
731 2136 979 2206 ianuam,
1043 2136 1323 2192 deducunt
1364 2135 1689 2190 auditorem.

182 2230 618 2301 Congregataque
643 2230 785 2283 omni
817 2229 971 2282 turba
1003 2240 1128 2282 ante
1151 2230 1288 2299 fores
1319 2228 1392 2281 ait
1418 2242 1433 2280 :
1460 2226 1561 2280 Hic
1618 2236 1692 2280 est

108 2338 303 2385 sermo,
338 2336 488 2390 quem
509 2318 670 2388 jussit
707 2317 961 2371 Dominus
1005 2318 1143 2384 fieri.
1172 2315 1306 2383 Quis
1326 2329 1511 2370 sermo
1566 2312 1692 2377 ille,

107 2414 312 2482 dequo
339 2410 547 2466 scilicet
586 2408 752 2462 David
784 2407 1001 2462 dicebat
1032 2424 1044 2459 :
1108 2407 1367 2461 Dominus
1397 2406 1543 2460 dabit
1576 2421 1691 2460 eer-

108 2505 235 2559 bum
273 2500 746 2573 euangelizantibus
796 2500 1040 2554 virtutem
1092 2501 1318 2555 multam
1350 2500 1412 2553 ’ἲ
1476 2498 1584 2555 Sed
1637 2508 1693 2554 et

110 2594 310 2649 Petrus
342 2592 552 2662 planius
576 2592 653 2646 ait
694 2609 708 2645 :
747 2589 862 2645 Hoc
892 2598 966 2644 est
994 2590 1206 2644 verbum
1238 2592 1377 2662 quod
1396 2591 1689 2645 annuntia-

110 2698 225 2742 tum
253 2696 330 2742 est
362 2686 523 2740 vobis.
554 2685 914 2757 Evangelicus
954 2684 1220 2753 siquidem
1255 2698 1497 2754 praesens
1513 2698 1694 2739 sermo

110 2790 216 2844 est,
248 2780 374 2849 quia
400 2788 449 2833 et
486 2778 808 2849 Evangelica
838 2785 969 2832 sunt
996 2778 1065 2831 ab
1112 2791 1180 2831 eo
1213 2776 1541 2832 annuntiata
1574 2791 1691 2847 my-

109 2873 298 2933 steria,
321 2872 519 2940 quibus
549 2880 604 2925 et
624 2870 793 2939 gratia
817 2870 960 2924 inest
983 2868 1343 2939 baptismatis.
1392 2868 1694 2925 Consuevit

107 2964 256 3021 enim
288 2964 564 3036 legislator
582 2963 800 3033 quoties
841 2961 1335 3017 ecclesiasticorum
1392 2961 1694 3034 mysterio-

107 3074 232 3113 rum
262 3056 521 3112 describit
567 3057 876 3128 aenigmata,
922 3056 1121 3111 talibus
1179 3055 1258 3110 uti
1321 3054 1689 3111 sermonibus.

104 3149 244 3206 Nam
265 3160 321 3204 et
357 3165 483 3205 cum
507 3150 574 3206 de
593 3165 790 3204 manna
813 3150 1101 3213 scriberet,
1132 3148 1278 3220 quod
1300 3148 1441 3220 gerit.
1469 3147 1694 3219 ﬁguram

104 3243 291 3314 panis,
328 3243 420 3312 qui
448 3242 516 3296 de
545 3242 683 3316 cmlo
708 3242 1012 3304 descendit,
1066 3240 1296 3296 verbum
1327 3240 1495 3294 etiam
1528 3239 1598 3293 de
1631 3252 1700 3292 eo

104 3334 287 3388 simile
318 3331 678 3401 praesentibus
700 3330 859 3400 ponit
897 3330 1131 3385 :dicens
1188 3329 1334 3384 enim
1396 3345 1409 3381 :
1459 3328 1561 3383 Hic
1614 3335 1690 3380 est

104 3426 262 3494 panis
285 3441 439 3494 quem
463 3424 611 3477 dedit
640 3423 783 3477 vobis
845 3422 1101 3477 Dominus
1153 3422 1424 3475 comedere
1450 3420 1491 3484 ⁸,
1550 3419 1701 3473 illico

104 3518 345 3573 subdidit
370 3534 382 3571 :
407 3516 519 3570 lloc
532 3525 609 3571 est
634 3518 841 3570 verbum
869 3516 1006 3586 quod
1030 3515 1233 3569 locutus
1256 3522 1331 3569 est
1378 3513 1631 3568 Dominus
1654 3513 1695 3564 ³.

106 3609 216 3665 Sed
230 3609 358 3680 quid
373 3618 457 3664 est
468 3609 630 3664 etiam
647 3607 790 3678 quod
802 3623 947 3662 nunc
960 3608 1182 3677 exponit
1198 3607 1363 3663 Deum
1381 3605 1539 3677 posci
1547 3620 1697 3675 pere.

176 3700 477 3769 Statimque
506 3700 690 3754 obtulit
720 3698 904 3755 Aaron
928 3709 975 3754 et
1003 3700 1142 3769 ﬁlios
1176 3699 1314 3765 ejus,
1376 3715 1598 3769 cumque
1615 3698 1700 3751 la-

103 3798 262 3851 visset
284 3811 389 3849 eos.
421 3793 649 3860 Quando
663 3793 730 3862 is,
754 3793 847 3864 qui
871 3807 999 3848 vere
1028 3802 1113 3847 est
1137 3792 1416 3856 sacerdos,
1444 3790 1699 3846 Christus

106 3890 340 3944 oll'ertur
369 3885 518 3940 Patri
554 3902 567 3939 :
598 3886 893 3941 oblationis
915 3887 1062 3941 enim
1119 3886 1238 3955 ejus
1285 3885 1451 3940 etiam
1507 3882 1697 3937 Daniel

106 3980 380 4045 meminit,
413 3994 538 4035 cum
568 3978 701 4033 dicit
735 3995 750 4031 :
788 3976 857 4031 Et
891 3994 1006 4033 ecce
1030 3987 1087 4031 ut
1118 3975 1292 4031 Filius
1320 3976 1547 4030 hominis
1576 3990 1696 4028 cum

106 4072 329 4127 nubibus
350 4070 487 4131 coeli.
511 4079 558 4124 et
586 4085 748 4140 usque
795 4069 866 4122 ad
901 4068 1167 4123 Vetustum
1201 4067 1405 4122 dierum
1438 4066 1693 4135 pervenit,

106 4172 155 4216 et
177 4161 389 4216 oblatus
424 4170 497 4214 est
524 4161 580 4213 in
613 4168 889 4228 conspectu
911 4160 1025 4230 ejus
1056 4159 1098 4224 ⁸,
1131 4158 1303 4213 nostri
1326 4157 1517 4231 utique
1533 4171 1695 4212 causa

105 4264 162 4309 ct
190 4253 501 4313 nobiscum,
535 4260 591 4305 et
618 4260 843 4321 propter
874 4267 975 4307 nos
1032 4251 1284 4306 ollertur.
1318 4248 1614 4319 Pr0pterea
1643 4256 1698 4303 et

106 4359 259 4400 nunc
297 4358 420 4398 eum
450 4359 573 4397 cum
603 4342 729 4398 ﬁliis
750 4343 863 4400 suis
916 4342 1049 4399 dicit
1100 4343 1366 4407 oblatum,
1421 4356 1547 4396 cum
1609 4340 1697 4395 bis

1802 1856 2168 1927 principatum
2191 1873 2399 1929 gerere,
2429 1869 2484 1915 et
2510 1861 2778 1919 dominari
2835 1869 3072 1937 corpori,
3103 1882 3252 1928 recte
3274 1889 3386 1931 cus-

1802 1946 1952 2003 lcstis
2000 1949 2221 2014 dicitur,
2280 1959 2468 2021 utpote
2537 1964 2756 2011 terreno
2829 1958 3097 2030 neglecto.
3155 1963 3387 2030 Quando

1800 2038 1972 2095 Adam
2002 2055 2101 2112 per
2128 2042 2550 2100 inobedientiam
2580 2045 2800 2111 cecidit,
2838 2052 3029 2120 procul
3059 2053 3226 2110 dubio
3280 2064 3389 2117 ter-

1800 2132 2211 2189 renuseﬂ‘ectus
2251 2145 2355 2201 est,
2394 2145 2448 2192 et
2492 2147 2779 2208 propterea
2837 2143 3063 2199 audivit.
3112 2144 3273 2201 Terra
3306 2166 3385 2217 es,

1801 2236 1851 2282 et
1881 2229 1935 2283 in
1968 2238 2166 2285 terram
2199 2230 2300 2285 ibis
2320 2233 2342 2264 ⁹
2362 2236 2415 2299 ‘;
2443 2233 2495 2287 id
2543 2243 2625 2289 est
2646 2234 2883 2290 dilexisti
2913 2238 3157 2307 corporis
3193 2256 3386 2295 corru-

1800 2320 2069 2388 ptionem,
2104 2323 2273 2379 habes
2310 2340 2528 2395 prunam
2565 2337 2791 2397 peccato
2814 2337 2909 2382 tuo
2933 2329 3192 2385 similem.
3224 2332 3385 2388 Chri-

1798 2420 1922 2467 stus
1944 2422 2127 2469 autem
2154 2415 2405 2471 induitur
2433 2418 2653 2489 quidem
2677 2429 2978 2485 terrenum,
2999 2422 3055 2477 id
3102 2432 3187 2477 est
3229 2425 3385 2482 illum

1800 2503 1892 2572 qui
1913 2504 1981 2558 de
2005 2514 2146 2560 terra
2173 2515 2256 2560 est
2282 2518 2522 2562 veterem
2548 2510 2848 2567 hominem.
2877 2528 3041 2581 quem
3071 2514 3236 2568 etiam
3305 2516 3384 2568 si-

1800 2593 1913 2647 mul
1946 2593 2303 2661 allixitcruci,
2336 2598 2411 2653 ait
2435 2600 2636 2669 quippe
2663 2600 2898 2654 Paulus:
2944 2599 3082 2667 Quia
3110 2614 3255 2657 vetns
3292 2609 3387 2658 Ito-

1802 2700 1889 2738 mo
1916 2696 2091 2745 noster
2109 2688 2270 2742 simul
2296 2690 2577 2759 cruciﬁxus
2633 2702 2728 2754 est,
2763 2701 2819 2746 ut
2855 2693 3160 2749 destruatur
3200 2714 3386 2768 corpus

1800 2780 2004 2848 peccati
2029 2779 2093 2833 “.
2136 2780 2363 2836 lndutus
2420 2792 2504 2837 est
2550 2792 2737 2838 autem
2769 2794 2825 2839 et
2863 2786 3165 2852 caelestem,
3222 2804 3385 2860 quem

1799 2870 1920 2943 ipse
1953 2872 2268 2927 insuﬂlavit.
2300 2873 2405 2928 Sed
2435 2874 2562 2943 quia
2593 2875 2730 2929 nihil
2787 2878 2898 2949 egit
2944 2885 3226 2938 terrenum
3270 2882 3384 2947 hic.

1801 2963 2260 3033 neccorruptioni
2318 2966 2651 3035 proximum,
2693 2970 2883 3038 procul
2927 2970 3097 3025 dubio
3144 2972 3387 3029 caelestis

1801 3051 2025 3116 dicitur;
2056 3054 2160 3107 hoc
2184 3052 2383 3108 Paulus
2405 3070 2688 3125 exponens
2736 3057 2870 3113 dicit
2906 3076 2921 3113 :
2972 3059 3187 3116 Primus
3231 3065 3388 3120 homo

1803 3146 1868 3198 de
1894 3157 2035 3200 terra
2056 3156 2315 3213 terrenus,
2339 3154 2597 3202 secundus
2620 3149 2682 3202 tle
2716 3150 2843 3203 creto
2892 3152 3114 3207 rwlestis
3144 3156 3207 3219 ",
3236 3160 3387 3227 quod

1802 3236 2017 3291 duobus
2056 3237 2234 3291 modis
2253 3237 2427 3308 accipi
2460 3246 2701 3309 Oportet.
2759 3238 2973 3298 Primus
3011 3245 3158 3301 enim
3221 3248 3387 3305 homo

1802 3338 2008 3395 noster,
2062 3328 2115 3384 id
2156 3339 2241 3384 est
2273 3343 2494 3400 corpus,
2518 3346 2583 3386 ex
2621 3341 2768 3386 terra
2792 3332 3056 3391 formatus
3094 3347 3199 3405 est,
3252 3358 3385 3413 pro-

1801 3429 1925 3490 pter
1952 3419 2096 3489 quod
2140 3428 2395 3475 terrenus
2459 3421 2639 3475 dictos
2677 3433 2807 3477 est:
2877 3425 3059 3481 anima
3123 3444 3255 3484 vero
3316 3432 3385 3488 de

1800 3511 1961 3573 ctelo,
1978 3511 2075 3565 Dei
2104 3519 2188 3565 est
2218 3512 2363 3567 enim
2395 3512 2712 3568 insulﬂatio.
2747 3512 2959 3571 Rursus
2982 3517 3194 3587 primus
3216 3521 3386 3576 homo

1802 3601 2127 3657 inobediens
2156 3602 2328 3657 Adam
2351 3618 2417 3658 ex
2449 3611 2595 3658 terra
2636 3614 2912 3674 terrenus,
2946 3610 3073 3679 quia
3124 3615 3384 3682 operibus

1800 3691 2040 3761 pulveris
2058 3692 2412 3762 semetipsum
2442 3694 2747 3764 deputavit,
2782 3699 3058 3756 secundus
3084 3700 3247 3757 homo
3278 3721 3380 3762 no-

1798 3800 1921 3847 vus.
1952 3794 2038 3839 est
2059 3783 2330 3849 Christus,
2364 3786 2457 3855 qui
2484 3786 2553 3842 de
2581 3789 2720 3843 caelo
2746 3799 2850 3855 est,
2884 3807 2993 3847 non
3046 3794 3222 3849 solum
3258 3798 3383 3866 quia

1798 3878 1866 3934 de
1894 3878 2037 3933 caelo
2060 3877 2364 3945 descendit,
2396 3879 2493 3934 sed
2539 3880 2666 3947 quia
2698 3891 2753 3936 et
2778 3881 3097 3953 dignitatem
3143 3889 3385 3944 cmlestis

1800 3972 2064 4034 servavit,
2089 3971 2219 4027 dum
2251 3987 2355 4027 nec
2379 3980 2658 4027 terrenum
2721 3974 2927 4045 aliquid
2967 3989 3227 4048 operatus
3273 3994 3380 4046 est,

1796 4080 1901 4119 nec
1927 4063 2267 4134 εστι-ιιι)ιίοηὶ
2307 4064 2642 4135 proximum.
2668 4063 2808 4138 Ergo
2827 4072 3063 4125 tunicam
3096 4072 3185 4128 hic
3206 4081 3384 4130 terre-

1798 4173 1929 4212 num
1961 4158 2231 4228 appellat;
2258 4158 2325 4212 dc
2358 4158 2469 4211 Iino
2512 4160 2683 4223 enim,
2716 4162 2860 4230 quod
2884 4171 2969 4217 est
3001 4178 3067 4219 ex
3103 4174 3269 4227 terra.
3293 4175 3381 4222 tu-

1795 4247 1916 4303 nica
1949 4247 2089 4303 facta
2118 4258 2234 4314 est;
2265 4248 2343 4302 ait
2365 4250 2513 4305 enim
2547 4266 2561 4302 :
2596 4249 2661 4304 Et
2693 4253 2812 4324 fecit
2854 4253 2927 4306 eis
2948 4255 3155 4310 tunicas
3173 4257 3379 4326 lineas;

1800 4341 2113 4412 bypodytim
2139 4349 2323 4396 autem
2354 4343 2655 4408 caelestem,
2687 4345 2812 4415 quia
2844 4346 3135 4418 bypodytis
3163 4350 3382 4420 poderls

105 4441 381 4508 videlicet,
432 4441 523 4512 qui
551 4440 875 4496 sublimiora
922 4440 1160 4511 sapiunt,
1193 4448 1247 4494 et
1277 4437 1372 4510 qui
1407 4438 1691 4493 imitantur
1724 4467 1768 4522 υ
1799 4442 1904 4499 est,
1941 4433 2105 4489 simul
2139 4444 2320 4489 autem
2352 4444 2407 4491 et
2460 4436 2849 4508 hyacinthinus
2889 4448 2995 4496 est.
3057 4440 3157 4498 llic
3197 4452 3381 4499 autem

106 4550 257 4598 eum,
285 4547 549 4605 quantum
582 4534 665 4587 fas
694 4539 779 4588 est
810 4530 1146 4593 hominibus.
1186 4531 1330 4585 sicut
1359 4527 1560 4584 Paulus
1574 4528 1685 4583 ait:

104 4627 411 4683 Imitatores
469 4626 572 4680 mei
630 4634 819 4689 estote,
868 4625 1001 4677 sicut
1041 4632 1091 4677 et
1134 4640 1227 4692 ego
1261 4621 1514 4678 Christi".
1580 4620 1692 4675 Sed

104 4719 312 4775 oblatio
346 4719 463 4787 ipsa
497 4733 593 4787 per
619 4716 953 4787 baptismum
987 4715 1319 4781 celebratur,
1375 4714 1521 4785 quod
1570 4714 1647 4768 ait
1675 4730 1688 4766 :

177 4811 419 4881 Cumque
449 4810 661 4865 lavisset
684 4827 789 4865 eos.
819 4809 1015 4864 Certus
1035 4823 1094 4865 es
1122 4818 1330 4872 autem,
1361 4807 1506 4879 quod
1530 4806 1692 4863 Chri-

102 4912 225 4959 stus
250 4903 320 4958 ad
354 4902 648 4957 sacrandus
669 4916 839 4971 aquas
883 4901 1228 4970 baptismatis
1258 4898 1457 4964 nostri,
1492 4898 1545 4953 in
1566 4899 1690 4953 lor-

100 4996 243 5052 dane
281 5004 367 5050 est
414 4993 580 5049 ﬂuvio
610 4993 934 5064 baptizatus.
968 4992 1076 5048 Sed
1128 4994 1245 5047 hac
1271 4991 1495 5060 quidem
1538 5005 1693 5048 com-

101 5087 295 5143 munia
315 5097 445 5141 sunt
473 5087 652 5141 Aaron
686 5102 809 5141 cum
842 5085 1126 5153 ﬁliisejus,
1168 5082 1390 5138 Christo
1438 5082 1693 5138 videlicet

102 5177 431 5240 nobiscum;
460 5178 749 5246 sequentia
817 5192 950 5232 vero
1000 5189 1371 5246 nequaquam.
1407 5171 1693 5229 Excedunt

103 5270 312 5340 quippe
343 5282 464 5330 nos,
491 5276 653 5337 atque
683 5268 1000 5325 sublimiora
1062 5266 1224 5323 nobis
1274 5275 1424 5330 sunt,
1478 5264 1692 5335 solique

102 5362 286 5433 primo
306 5375 371 5415 ac
394 5374 523 5413 vero
552 5358 816 5417 sacerdoti
840 5360 1228 5431 competentia.

182 5451 499 5520 Vesttsitqns
537 5450 835 5519 pontiﬁcem
896 5452 1150 5506 subucula
1202 5450 1363 5513 linea,
1410 5450 1693 5521 accingeris

1801 4524 1953 4580 color
1982 4527 2105 4582 caeli
2132 4536 2238 4590 est,
2267 4528 2413 4599 quod
2452 4544 2584 4584 vero
2617 4539 2701 4586 est
2759 4532 2910 4588 color
2960 4534 3103 4601 caeli,
3157 4536 3263 4592 hoc
3299 4547 3386 4594 est

1800 4613 1942 4672 a'ctio
1970 4618 2233 4681 caelestis,
2275 4618 2487 4674 scilicet
2516 4630 2571 4674 et
2601 4620 2974 4688 subsistentia,
2996 4636 3223 4696 propter
3237 4627 3384 4697 quod

1800 4721 1855 4766 et
1884 4711 2124 4767 cmlestis
2143 4711 2366 4767 dicitur.
2416 4710 2581 4767 Multa
2611 4725 2791 4767 autem
2846 4722 2903 4769 et
2943 4717 3047 4772 alia
3094 4702 3384 4791 liypodytis

1801 4803 1967 4858 habet
1990 4802 2257 4873 signantia
2286 4801 2562 4856 ccelestem
2619 4802 2918 4865 hominem,
2973 4820 3094 4875 quae
3153 4809 3204 4863 lu
3244 4824 3383 4863 con-

1800 4896 2104 4950 structione
2126 4891 2485 4955 tabernaculi,
2516 4906 2639 4946 cum
2672 4892 3039 4962 pontificalem
3065 4898 3256 4953 stolam
3285 4915 3379 4956 ex-
3481 4928 3494 4975 ε

1799 4988 2067 5061 manaret,
2103 4983 2380 5054 legislator
2421 4987 2692 5057 exposuit.
2757 4985 2833 5041 De
2882 4988 3080 5059 quibus
3138 4990 3387 5050 dicemus
3478 4981 3493 5017 ε

1800 5093 1925 5134 cum
1975 5078 2118 5133 Deus
2142 5075 2509 5139 annuerit,ut
2562 5090 2682 5133 eam
2752 5077 2917 5133 etiam
2974 5093 3096 5152 qua:
3141 5079 3255 5139 illic
3296 5092 3383 5142 est

1799 5170 2265 5243 dispensationem
2296 5169 2698 5241 contingamus.
2717 5168 2873 5226 Nunc
2908 5181 3090 5229 autem
3117 5188 3393 5244 quacum.

1798 5278 1907 5333 qua
1934 5262 2003 5318 ad
2034 5263 2138 5318 hoc
2157 5258 2305 5331 quod
2337 5269 2423 5316 est
2442 5260 2499 5315 in
2547 5259 2825 5322 manibus,
2855 5262 3165 5318 necessaria
3186 5263 3381 5321 viden-

1798 5364 1907 5420 tur,
1936 5354 2337 5424 comprehensa
2355 5362 2483 5407 sunt
2509 5362 2568 5408 ut
2590 5356 2909 5423 probaretur
2934 5358 3059 5426 quia
3092 5363 3382 5429 utrumque

1801 5457 2048 5503 nostrum
2074 5445 2329 5501 Christus
2354 5446 2595 5515 suscepit
2617 5446 2919 5509 hominem,
2940 5458 3007 5517 ﬁt
3025 5447 3383 5505 manifestum

180 5628 391 5705 suam.
447 5649 522 5698 ιγ,
566 5630 662 5705 te.
718 5703 730 5705 _
774 5633 941 5705 {Act
980 5636 1136 5696 v1.2.
1253 5636 1273 5667 ³
1299 5634 1443 5691 Pal.
1470 5649 1643 5705 tu".

1900 5632 2116 5705 δεκρά.
2147 5648 2258 5696 ινι,
2307 5632 2396 5705 υς.
2458 5629 2676 5705 ,λι-διῄει.
2713 5631 2801 5687 to.
2866 5632 2935 5705 __'
2970 5631 3104 5689 nas.
3146 5647 3246 5701 vn,
3282 5586 3382 5696 is.

107 5702 132 5737 '
158 5700 395 5773 Philipp.
430 5718 526 5771 ιιι,
558 5704 648 5774 Π,
714 5703 735 5736 '
764 5702 901 5759 Cen.
932 5720 990 5758 ιι.
1022 5709 1071 5761 7.
1141 5707 1162 5736 ’
1198 5706 1330 5759 ibid.
1409 5707 1453 5737 τ’
1481 5699 1693 5761 ὓοη.ἰι

1801 5705 1854 5769 9.
1938 5707 1982 5736 ¹⁶
2026 5703 2182 5757 Rom.
2217 5717 2291 5766 τι,
2321 5702 2372 5754 8.
2456 5702 2494 5734 ¹¹
2525 5700 2541 5754 Ι
2569 5699 2695 5755 Cor.
2732 5718 2821 5767 xv,
2849 5703 2938 5758 47.
3232 5699 3239 5701 ⁷
3370 5705 3376 5711 ’

311 5796 588 5880 Pt'raot.
624 5796 743 5859 Gn.
781 5796 1001 5857 XCIII.

3020 5792 3098 5860 88
