3886 6306
527 258 658 322 Ῡ879

1746 254 2107 317 HESYCHII
2145 238 2618 318 PRESBYTERI

551 374 801 424 creatura
831 363 1152 434 participata
1181 371 1283 427 est,
1309 376 1429 432 quas
1455 371 1641 418 sancta
1671 365 1891 435 quidem
1941 364 2043 420 fuit
2079 371 2134 420 et
2163 385 2206 442 Δ
2235 367 2476 440 guinem,
2515 377 2570 422 et
2621 367 2794 422 tincto
2819 363 3010 436 digito,
3047 364 3222 434 tetigit
3253 374 3482 418 cornua
3536 356 3750 412 altaris
3771 374 3838 428 per

481 462 488 473 '
553 468 736 522 antea,
778 456 871 510 sed
903 455 1165 524 majorem
1191 452 1677 509 sanctiﬁcationem
1701 455 1892 526 adepta
1924 466 2007 510 est
2035 471 2133 526 per

474 563 479 570 '
555 563 778 603 carnem
811 547 1172 612 Dominicam,
1227 559 1388 614 qnam
1420 547 1655 616 sumpsit
1699 562 1767 602 ex
1795 547 1975 603 nobis.
2013 546 2133 602 Non

555 649 742 696 autem
795 638 1084 694 ridiculum
1139 636 1389 692 videatur
1437 637 1585 708 quod
1642 638 1860 706 dicitur,
1894 637 2021 708 quia
2069 652 2136 692 ea

483 735 493 744 '
556 747 679 800 quae
712 730 768 784 in
797 728 956 782 nobis
977 727 1115 782 facta
1134 735 1239 794 est,
1272 729 1705 784 sanctiﬁcatione
1731 744 2136 800 superna,par-

558 825 777 893 ticipata
811 831 895 876 est
921 829 1192 884 creatura,
1223 830 1511 891 postquam
1541 837 1859 879 concessam
1888 822 2049 878 nobis
2080 821 2136 876 in

557 916 777 971 Christo
817 913 1136 984 participata
1179 921 1286 976 est,
1341 913 1593 979 scientia,
1629 915 1772 985 quod
1819 915 2134 971 manifestat

556 1007 757 1064 Paulus
785 1005 974 1061 dicens
1005 1023 1017 1058 :
1057 1004 1123 1060 Ut
1155 1014 1334 1060 notum
1365 1007 1511 1075 ﬁeret
1535 1007 1877 1078 principibus,
1917 1017 1965 1061 et
1990 1018 2137 1078 pote-

555 1097 779 1152 statibus
833 1097 889 1150 in
952 1097 1240 1151 caelestibus
1292 1113 1387 1166 per
1449 1097 1740 1152 Ecclesium
1803 1098 2138 1169 multiformis

548 1188 830 1256 sapientia:
866 1185 979 1252 Dei,
1036 1188 1322 1240 secundum
1370 1187 1760 1253 dispositionem
1803 1187 2135 1252 saeculorum,

543 1297 718 1351 'quam
753 1279 874 1350 fecit
912 1279 966 1331 in
996 1276 1204 1333 Christo
1235 1276 1358 1330 Jesu
1401 1275 1623 1330 Domino
1681 1288 1859 1331 nostro
1890 1279 1955 1332 ⁸⁸.
1999 1277 2140 1348 Ergo

557 1389 657 1443 per
727 1371 1028 1426 Ecclesium
1101 1369 1351 1440 superior
1411 1379 1660 1424 creatura
1718 1370 1941 1441 majoris
2013 1385 2141 1441 par-

559 1465 737 1533 ticeps
765 1460 964 1520 effecta
1015 1469 1101 1516 est
1145 1460 1410 1528 scientiae,
1467 1460 1734 1531 siquidem
1789 1461 1909 1534 ejus
1940 1463 2142 1518 sancti-

559 1556 742 1611 ﬁcatio
763 1560 910 1624 justa
933 1554 1076 1609 dicta
1101 1561 1204 1608 est.

638 1643 793 1700 Vens.
831 1644 917 1699 12.
957 1662 975 1695 ι
1005 1642 1105 1708 Qui
1133 1642 1367 1698 fundens
1391 1657 1556 1712 super
1585 1651 1748 1713 caput
1769 1644 1950 1698 Aaron
1985 1643 2142 1698 unxit

561 1751 708 1799 eum,
735 1743 791 1791 et
812 1734 1172 1800 consecravit,
1199 1735 1311 1789 sive
1339 1731 1718 1790 sanctiﬁcavit.
1758 1754 1779 1789 ›

629 1826 742 1882 Etsi
816 1826 1016 1883 Christi
1070 1835 1252 1897 caput,
1306 1827 1608 1881 secundum
1658 1827 1808 1884 Pauli
1871 1829 2094 1884 verbum
2123 1870 2137 1894 ,

565 1918 830 1972 divinitas
869 1915 1208 1986 intelligitur,
1242 1931 1352 1970 non
1397 1915 1597 1972 frustra
1629 1925 1833 1985 tamen,
1863 1933 1966 1973 nec
1991 1927 2142 1973 extra

546 2010 832 2075 ordinem,
886 2009 942 2062 in
1003 2009 1109 2063 hoc
1160 2008 1417 2080 mysterio
1470 2011 1768 2066 sacerdotis
1828 2011 1957 2082 ungi
1995 2026 2143 2065 nunc

561 2108 726 2171 caput
779 2099 1056 2170 legislator
1107 2098 1373 2168 scripsit:
1431 2107 1494 2153 ut
1548 2115 1963 2172 cognoscamus,
2007 2116 2144 2173 quo-

568 2193 740 2260 niam,
792 2191 1247 2263 quemadmodum
1278 2200 1443 2260 caput
1474 2207 1504 2246 a
1539 2194 1767 2263 pedibus
1819 2193 1988 2249 dividi
2032 2209 2141 2250 non

552 2293 760 2355 potest,
793 2285 872 2341 sic
905 2299 1082 2355 neque
1110 2282 1312 2338 Christi
1345 2284 1606 2340 divinitas
1676 2294 1802 2357 post
1840 2286 2142 2342 unitionem

542 2378 629 2432 :ab
687 2363 1028 2431 humanitate
1092 2375 1372 2431 dividitur.
1407 2377 1515 2432 Sed
1571 2377 1687 2434 sive
1733 2378 1860 2451 ungi
1909 2377 2140 2443 dicatur,

554 2472 676 2526 sive
705 2470 974 2542 generari,
1007 2469 1126 2524 sive
1145 2471 1277 2540 pati,
1314 2470 1430 2525 sive
1464 2485 1770 2542 resurgere,
1800 2471 1914 2527 sive
1940 2468 2143 2526 assumi

561 2565 813 2627 dicimus,
843 2563 946 2618 hoc
991 2563 1333 2618 incarnatum
1367 2561 1608 2617 Verbum
1657 2578 1768 2616 non
1811 2562 2141 2626 dividentes,

543 2663 619 2710 'et
647 2656 895 2711 dicentes
922 2655 1198 2710 hominem
1232 2655 1450 2726 quidem
1489 2663 1734 2718 unctum,
1766 2655 1936 2709 Deum
1959 2663 2142 2708 autem

553 2761 672 2801 non
701 2755 946 2808 unctum,
973 2747 1069 2800 sed
1109 2747 1274 2800 Deum
1303 2745 1553 2800 eumdem
1579 2745 1739 2800 simul
1767 2753 1824 2800 et
1842 2745 2142 2800 hominem.

557 2835 679 2892 Hoc
703 2837 852 2891 enim
882 2846 936 2890 et
972 2837 1138 2891 David
1169 2837 1288 2894 sine
1316 2836 1499 2906 aliqua
1530 2835 1812 2892 dubietate
1860 2836 2142 2907 approbat,

563 2945 691 2984 cum
720 2929 854 2983 dicit
885 2947 898 2982 :
931 2927 1034 2983 Sed
1061 2937 1175 2993 tua,
1204 2929 1366 2993 Deus,
1395 2929 1451 2980 in
1480 2927 1732 2981 swculum
1761 2927 1960 2990 seaculi,
1996 2928 2145 2997 virga

480 3018 484 3021 ’
561 3031 706 3076 recta
736 3031 831 3087 est,
864 3023 1011 3091 virga
1039 3021 1184 3090 regni
1210 3021 1306 3073 tui.
1341 3019 1587 3074 Dilexisti
1603 3019 1878 3090 justitiam
1910 3031 1960 3074 et
1988 3018 2145 3074 odisti

565 3112 901 3184 iniquitatem
931 3130 943 3166 :
986 3100 1260 3183 propterea
1293 3113 1438 3167 unxit
1471 3120 1518 3166 te
1563 3111 1720 3176 Deus,
1765 3111 1904 3165 Deus
1935 3122 2053 3165 tuus
2079 3112 2142 3162 ³³.

567 3205 762 3261 Cernis
791 3204 958 3260 Deum
989 3205 1091 3260 dici
1123 3205 1214 3275 qui
1240 3213 1439 3259 unctus
1468 3212 1572 3268 est,
1595 3203 1722 3274 quia
1751 3204 1934 3258 omnia
1971 3203 2149 3258 carnis

568 3313 682 3354 sum
705 3297 1051 3353 manifestum
1077 3306 1161 3352 est
1197 3297 1341 3368 quod
1362 3296 1688 3366 sibimetipsi
1710 3295 1802 3366 qui
1827 3296 2146 3350 incarnatus

567 3397 671 3456 est,
706 3390 968 3446 vindicat.
1010 3389 1143 3456 Quae
1189 3390 1337 3444 enim
1384 3398 1440 3444 et
1472 3390 1604 3460 ejus
1629 3397 1746 3444 erat
1798 3389 2003 3453 unctio,
2045 3387 2149 3441 nisi

566 3481 792 3537 omnino
822 3483 936 3552 ipsa
973 3481 1327 3536 incarnatio?
1377 3479 1690 3535 Secundum
1734 3481 1882 3535 hunc
1921 3483 2146 3534 modum

569 3581 735 3644 caput
808 3573 1165 3643 intelligihilis
1224 3571 1522 3627 sacerdotis
1587 3569 1895 3642 ungehatur
1939 3578 1994 3624 et
2035 3570 2149 3639 ipse

567 3664 1030 3721 sanctiﬁcahatur.

640 3756 803 3812 Vens.
841 3757 927 3811 l3.
970 3775 989 3808 ‹
1008 3755 1176 3811 Filios
1199 3769 1417 3827 quoque
1438 3755 1557 3825 ejus
1577 3754 1788 3810 oblatos
1816 3752 2031 3808 vestivit
2073 3762 2150 3806 tu-

568 3847 704 3902 nicis
733 3847 893 3902 lineis
915 3855 969 3902 et
994 3847 1163 3902 cinxit
1189 3846 1429 3912 baltheo,
1461 3845 1826 3918 imposuitque
1852 3844 2058 3910 mitras,
2092 3852 2153 3898 ut

563 3939 802 4009 iusserat
842 3937 1122 3992 Dominus.
1155 3955 1174 3988 ι

641 4029 866 4085 Tunicae
895 4030 1020 4084 ﬁliis
1045 4030 1250 4096 Aaron,
1279 4029 1485 4087 similes
1511 4028 1714 4096 Aaron,
1755 4037 1810 4085 et
1845 4044 2017 4095 zonae,
2053 4044 2151 4084 seu

566 4123 769 4180 balthei
799 4123 1026 4188 similes,
1055 4133 1109 4178 et
1138 4122 1360 4194 eydares
1389 4123 1504 4179 sive
1533 4123 1709 4178 mitras
1770 4121 2148 4193 imponuntur.

570 4211 750 4284 Ipsum
782 4215 928 4269 enim
953 4214 1208 4277 induunt,
1238 4214 1356 4283 ipso
1384 4212 1698 4284 cinguntur,
1721 4213 1898 4283 ipsum
1933 4221 2153 4282 portant

568 4308 622 4362 iu
653 4307 848 4376 capite,
883 4305 1026 4359 unde
1048 4314 1102 4358 et
1136 4304 1332 4358 Paulus
1357 4303 1527 4358 dicit:
1562 4301 1708 4358 State
1734 4307 2000 4374 praecincti
2017 4304 2152 4358 lum-

2235 476 2446 533 gyrum.
2481 459 2602 526 Quo
2629 459 2850 530 expiato
2881 465 2938 512 et
2983 455 3342 519 sanctiﬁcata,
3386 452 3568 508 fudit
3595 451 3838 520 reliquus

2234 551 2558 623 sanguinem
2614 549 2682 606 ad
2729 549 3085 604 fundamenta
3114 547 3255 617 ejus.
3316 545 3600 615 Adipcm
3657 557 3842 612 quoque

2235 643 2330 714 qui
2360 649 2480 697 erat
2511 655 2674 712 super
2724 640 2931 707 vitalia,
2961 639 3366 707 reticulumque
3409 632 3686 706 jecoris,
3712 632 3844 686 deas-

2237 750 2344 807 que
2390 734 2743 798 renunculos,
2767 747 2892 788 cum
2923 730 3202 787 arvenulis
3237 729 3360 784 suis
3386 719 3684 781 adolevit
3715 739 3848 793 super

2237 827 2428 894 altare,
2451 825 2682 882 vitulum
2701 840 2824 879 cum
2846 824 3008 894 pelle,
3042 833 3096 877 et
3111 836 3299 886 carne,
3332 830 3389 875 et
3425 818 3592 874 fimo
3617 831 3848 871 tremas:

2239 929 2392 976 extra
2419 927 2617 984 castra,
2653 916 2797 972 sicut
2823 923 3157 987 praeceperat
3186 913 3497 968 Dominus.
3549 927 3575 961 ι

2309 1011 2440 1077 Quae
2465 1008 2734 1079 praedictae
2772 1005 3072 1062 sanctionis
3104 1005 3177 1060 sit
3209 1005 3411 1068 virtus,
3482 1009 3554 1056 et
3592 998 3848 1070 quomoda

2241 1101 2666 1173 unumquodque
2717 1100 2837 1170 ejus
2887 1097 3190 1169 capitulum
3218 1096 3276 1150 in
3328 1093 3661 1165 Unigeniti
3716 1095 3848 1146 sacr3~

2244 1195 2430 1249 ﬁcium
2466 1194 2786 1264 accipiatur,
2833 1190 3153 1261 praecedens
3203 1188 3470 1244 continet
3516 1199 3746 1239 sermo.
3778 1183 3848 1234 ῒὶα

2244 1289 2394 1343 tulus
2436 1301 2536 1357 pro
2587 1293 2814 1356 peccato
2871 1281 3192 1345 sacerdotis,
3252 1279 3354 1344 sed
3402 1286 3471 1331 ct
3517 1292 3643 1347 pro
3691 1272 3848 1344 papuij

2242 1379 2664 1450 congregatione
2711 1373 2962 1429 oﬂertur.
3016 1370 3150 1438 Quae
3211 1369 3668 1437 intelligentes,
3713 1373 3767 1417 et
3802 1376 3848 1414 ea

2241 1488 2365 1544 qua:
2402 1485 2552 1526 nunc
2600 1469 2745 1524 dicta
2805 1474 2953 1531 sunt,
3003 1465 3168 1535 plene
3216 1457 3592 1515 intellecturi
3661 1470 3847 1510 sumus.

2242 1565 2373 1622 llaec
2416 1574 2598 1619 autem
2633 1575 2783 1616 nunc
2836 1558 3089 1620 dicimus,
3118 1569 3238 1625 qua:
3293 1552 3416 1607 sola
3459 1551 3542 1606 de
3577 1548 3847 1604 sanctione

2241 1658 2529 1712 immutata
2561 1662 2692 1710 sunt
2725 1670 2738 1705 :
2770 1651 2843 1705 ibi
2875 1650 3022 1705 enim
3057 1649 3238 1701 Aaron
3300 1646 3633 1714 imponere
3679 1655 3847 1694 manus

2173 1724 2213 1779 Β
2245 1750 2436 1810 vitulo,
2483 1747 2573 1802 hic
2624 1753 2804 1799 autem
2833 1750 2889 1797 et
2933 1740 3075 1795 ﬁlios
3125 1739 3245 1808 ejus
3305 1751 3431 1790 non
3490 1734 3726 1788 frustra
3767 1731 3847 1783 ha:

2242 1841 2579 1902 custodiens,
2610 1836 2705 1892 sed
2721 1835 2885 1890 etiam
2910 1844 3103 1888 unctos
3119 1829 3360 1899 scripsit.
3397 1826 3668 1893 Quando
3689 1835 3847 1877 aetas

2242 1941 2297 1988 et
2329 1945 2430 1985 nos
2460 1927 2732 1998 ungimur,
2770 1933 2825 1979 et
2855 1921 3135 1978 efferimur
3171 1914 3535 1987 baptismati,
3574 1913 3724 1969 socii
3764 1912 3847 1964 Do-

2243 2019 2457 2079 minicse
2506 2015 2769 2072 efﬁcimur
2821 2010 3113 2083 passionis,
3161 2009 3320 2078 cujus
3355 2007 3517 2078 gerit
3561 2006 3841 2077 imagines

2242 2115 2534 2186 baptisma,
2569 2108 2716 2180 quod
2763 2107 2930 2162 etiam
2975 2104 3177 2158 docent
3233 2100 3357 2153 haec
3418 2097 3594 2151 Pauli
3657 2095 3840 2149 verba:

2243 2204 2548 2272 Quicunque
2595 2197 2735 2253 enim
2787 2196 2844 2249 in
2912 2191 3118 2249 Christo
3165 2189 3440 2257 baptismi
3521 2203 3744 2247 suum,
3799 2186 3838 2234 is

2243 2303 2410 2352 morte
2437 2292 2602 2362 ipsius
2625 2285 2882 2358 baptisati
2904 2298 3105 2345 sumus,
3164 2277 3474 2347 consepulti
3515 2294 3654 2348 ergo
3703 2277 3749 2327 ei
3771 2292 3840 2341 per

2245 2389 2564 2460 baptismum
2591 2384 2648 2438 in
2675 2388 2896 2436 mortem
2927 2393 3041 2446 ejus
3064 2375 3129 2429 ".
3162 2371 3511 2426 Necessarie
3547 2369 3655 2424 filii
3683 2369 3838 2421 Aarea

2245 2479 2510 2538 sacriﬁcio
2561 2489 2756 2532 manus
2802 2486 2926 2528 cum
2963 2469 3074 2525 sint
3103 2467 3154 2522 ei
3192 2462 3725 2526 communicantes,
3749 2462 3833 2513 im-

2244 2579 2472 2646 ponunt.

2317 2665 2479 2719 Vens.
2504 2661 2690 2718 18-21.
2729 2678 2747 2709 ι
2778 2655 2988 2713 Obtulit
3011 2661 3064 2709 et
3084 2651 3314 2707 arietem
3332 2650 3394 2704 in
3438 2649 3837 2704 holocaustum.

2246 2773 2410 2829 super
2457 2755 2616 2826 cujus
2641 2759 2808 2822 caput
2834 2763 2958 2804 cum
3004 2743 3405 2815 imposuissent
3435 2741 3638 2795 Aaron
3670 2749 3727 2793 et
3759 2736 3834 2790 ﬁlii

2247 2852 2369 2922 ejus
2426 2862 2624 2903 manus
2673 2859 2821 2909 suas,
2874 2837 3176 2896 immolavit
3203 2851 3352 2899 eum,
3409 2841 3472 2888 et
3525 2832 3683 2887 fudit
3727 2845 3836 2884 san-

2248 2943 2466 3016 guinem
2494 2939 2615 3010 ejus
2640 2952 2740 3008 per
2771 2933 2957 2989 altaris
2985 2928 3293 2992 circuitum,
3339 2926 3663 2994 ipsumque
3712 2922 3833 2974 arie-

2174 3072 2216 3130 ο
2251 3045 2358 3092 tem
2392 3048 2489 3106 per
2514 3031 2686 3086 frusta
2740 3026 3052 3087 concidens,
3098 3029 3261 3090 caput
3314 3017 3464 3087 ejus,
3491 3027 3554 3072 et
3585 3025 3760 3077 artus,
3793 3019 3832 3063 et

2251 3131 2466 3200 adipem
2505 3122 2744 3182 adolevit
2774 3120 2906 3191 igni,
2949 3117 3073 3172 lotis
3119 3115 3273 3185 prius
3309 3109 3639 3175 intestinis,
3669 3118 3733 3200 et
3757 3120 3832 3176 pe-

2247 3199 2408 3276 dibus
2438 3226 2720 3285 totumque
2751 3209 2914 3266 simul
2933 3209 3157 3262 arietem
3193 3202 3449 3258 incendit
3480 3216 3668 3272 super
3691 3199 3830 3253 altar:

2248 3327 2314 3368 eo
2345 3310 2488 3381 quod
2522 3315 2667 3363 esset
2713 3304 3088 3359 holocaustum
3138 3293 3457 3350 suavissimi
3493 3293 3700 3348 odoris
3747 3289 3827 3342 Do-

2251 3403 2403 3469 mini,
2432 3403 2574 3456 sicut
2604 3401 2940 3471 praeceperat
2965 3391 3247 3446 Dominus.
3282 3404 3301 3439 ι

2319 3495 2438 3550 Νοη
2475 3506 2645 3548 unum
2668 3489 2828 3544 nobis
2857 3493 3070 3540 tantum
3102 3487 3408 3551 peccatum,
3437 3476 3541 3531 sed
3583 3475 3754 3530 multa
3779 3487 3823 3526 es

2249 3581 2524 3654 Uuigcniti
2555 3577 2824 3635 sacriﬁcio
2848 3583 2977 3630 sunt
3006 3575 3226 3633 donata,
3260 3568 3314 3624 id
3344 3576 3434 3622 est
3466 3567 3656 3621 totius
3690 3578 3822 3637 gene-

2249 3677 2325 3731 ris
2354 3672 2578 3729 humani
2613 3667 2864 3725 remissio
2894 3685 2906 3720 :
2937 3665 3044 3721 vita
3078 3663 3131 3718 in
3175 3659 3530 3732 philosophia
3579 3659 3821 3729 perfecta.

2249 3776 2302 3823 et
2353 3763 2644 3838 singularis
2673 3760 3060 3832 mysteriorum
3090 3755 3219 3809 novi
3277 3752 3614 3807 testamenti
3677 3752 3824 3804 intre-

2249 3859 2454 3924 ductio,
2485 3856 2552 3911 ad
2582 3867 2813 3925 quorum
2840 3847 3172 3918 exemplaria
3206 3853 3260 3899 et
3290 3843 3496 3914 ﬁguras
3546 3841 3821 3896 sacriﬁcia.

2247 3964 2369 4022 qua:
2417 3959 2664 4019 persona:
2700 3943 3044 4013 assignantur
3092 3935 3382 4008 pontificis,
3440 3934 3821 3991 offerebantur.

2250 4040 2485 4099 maxime
2515 4038 2760 4092 umbram
2809 4031 3134 4094 ccelestium,
3168 4043 3267 4099 per
3313 4041 3377 4081 ea
3404 4041 3532 4096 qua:
3593 4026 3656 4079 in
3691 4024 3821 4080 terris

2250 4133 2573 4204 agebantur,
2599 4126 2963 4184 ostendentia.
2997 4121 3151 4189 Quod
3178 4119 3494 4175 manifestat
3525 4117 3741 4174 Paulus
3764 4116 3819 4170 sic

2251 4228 2319 4282 de
2351 4223 2578 4279 Domino
2609 4221 2798 4276 dicens
2827 4233 2841 4270 :
2880 4215 2937 4270 Si
2967 4215 3106 4268 enim
3134 4221 3264 4266 esset
3294 4227 3453 4281 super
3483 4209 3719 4272 terram,
3753 4222 3820 4261 let

2251 4324 2380 4372 esset
2428 4311 2692 4375 sacerdos,
2721 4325 2840 4362 cum
2889 4313 3055 4361 essent
3110 4302 3199 4374 qui
3253 4302 3495 4372 offerrent
3542 4302 3815 4354 secandus

574 4401 661 4450 bos
697 4405 895 4448 vestros
938 4396 993 4447 in
1032 4395 1274 4455 veritate,
1305 4392 1507 4448 veritas
1539 4400 1722 4447 autem
1756 4393 2008 4450 Christus
2037 4413 2049 4450 :
2082 4395 2145 4450 Et

2257 4412 2415 4481 legem
2453 4421 2671 4460 munera
2721 4402 2810 4473 qui
2858 4397 3148 4467 exemplari
3189 4404 3238 4450 et
3287 4393 3490 4448 umbra
3533 4393 3816 4447 deserui-1r:

573 4486 747 4540 induti
804 4485 966 4539 lorica
1001 4483 1323 4553 justitite",
1375 4485 1550 4554 ipsum
1587 4492 1769 4540 autem
1823 4485 1914 4556 qui
1976 4485 2152 4542 iactus

515 4584 517 4586 ’
574 4588 658 4633 est
683 4576 841 4632 nobis
877 4593 904 4631 a
942 4577 1053 4631 Deo
1085 4575 1350 4647 sapientia
1376 4584 1431 4631 et
1465 4575 1696 4647 justitia.
1730 4575 1838 4632 Sed
1890 4587 1948 4633 et
2003 4578 2152 4648 galea

574 4683 676 4723 nos
709 4667 900 4723 salutis
933 4665 1136 4722 Paulus
1179 4667 1328 4723 indui
1362 4668 1619 4739 praecepit
1652 4687 1664 4722 :
1712 4667 1965 4724 Christus
2004 4671 2152 4725 enim

506 4757 511 4762 ’
570 4759 810 4815 salutare
861 4767 966 4826 est,
1026 4759 1166 4814 sicut
1198 4756 1429 4832 Symeon
1463 4758 1784 4815 testiﬁcatus
1823 4767 1949 4814 est:
2003 4759 2156 4814 Nunc

572 4851 795 4905 dimittis
854 4867 1060 4905 servum
1095 4861 1264 4917 tuum,
1323 4848 1569 4915 Domine,
1601 4851 1887 4906 secundum
1944 4850 2155 4904 verbum

575 4952 724 4994 tuum
779 4943 834 4995 in
887 4956 1037 5012 pace,
1080 4943 1207 5014 quia
1261 4942 1502 4997 viderunt
1549 4942 1699 4997 oculi
1758 4943 1860 4996 mei
1903 4940 2157 5007 ,sat'utare

576 5044 743 5087 tuum.
774 5032 1099 5102 Quicunque
1117 5027 1265 5086 enim
1307 5031 1527 5090 Christo
1556 5033 1880 5099 induuntur,
1911 5049 2008 5105 per
2027 5050 2155 5089 eum

575 5135 626 5180 et
654 5123 869 5180 Patrem
890 5125 1212 5180 induuntur.
1680 5159 1696 5175 .

647 5214 812 5270 Vsus.
847 5213 1034 5274 Η-Π.
1081 5235 1099 5268 ι
1127 5213 1337 5271 Obtulit
1366 5225 1423 5272 et
1475 5216 1710 5272 vitulum
1759 5231 1861 5288 pro
1903 5226 2150 5288 peccato.

579 5323 818 5378 cumque
847 5323 1011 5379 super
1040 5316 1205 5380 caput
1234 5310 1354 5380 ejus
1394 5308 1707 5383 posuissent
1737 5308 1922 5372 .Aaron
1971 5317 2028 5364 et
2058 5308 2151 5364 lilii

579 5399 699 5467 ejus
738 5414 932 5455 manus
965 5415 1109 5467 suas,
1169 5401 1474 5456 immolavit
1525 5415 1671 5467 eum,
1705 5400 1964 5457 hauriens
2027 5416 2153 5456 san-

657 5602 701 5671 fl
732 5602 928 5671 Ephes.
965 5619 1047 5667 tu,
1078 5608 1129 5671 9,
1168 5606 1250 5661 10.

586 5666 628 5696 ..
657 5605 928 5696 neue.-
1078 5608 1129 5671 θ»
1168 5606 1250 5661 ιο·
1363 5605 1570 5662 ἠδεει-
1776 5607 1826 5672 τ’
1851 5607 1904 5661 ⁸·

663 5669 948 5737 Ηεὺηηη,
979 5675 1030 5729 4.

2019 5606 2063 5636 ³⁵
2088 5603 2286 5675 Ephes.
2325 5618 2399 5664 vi,
2445 5600 2522 5654 li.

2255 4500 2538 4557 ccelestium
2568 4497 2632 4548 ".
2711 4493 2852 4546 Dicit
2871 4500 3054 4544 autem
3081 4502 3196 4553 eos,
3223 4485 3318 4556 qui
3349 4484 3402 4538 in
3435 4483 3656 4553 templo
3685 4483 3817 4538 Jeru-

2253 4589 2420 4646 salem
2451 4597 2585 4641 tunc
2619 4581 2992 4638 immolabant.
3033 4576 3170 4643 Quia
3200 4589 3329 4630 vero
3359 4573 3618 4644 depinxit
3674 4587 3817 4627 unua

2254 4690 2309 4738 et
2328 4678 2579 4735 eumdem
2610 4673 2909 4737 hominem,
2939 4669 3241 4733 sedentem,
3270 4675 3612 4731 currentem,
3643 4676 3699 4721 et
3721 4681 3819 4719 rur-

2256 4789 2352 4829 sus
2397 4777 2670 4827 stantem:
2704 4765 3021 4822 diﬁ'ercntes
3071 4760 3236 4815 etiam
3264 4758 3618 4830 operatioues
3653 4758 3816 4813 volens

2255 4878 2548 4934 exponere,
2575 4859 2750 4914 varias
2781 4857 2982 4928 ﬁguras
3010 4854 3076 4909 ad
3097 4849 3521 4921 unumquodque
3548 4847 3679 4920 ejus
3710 4860 3816 4920 opus

2257 4959 2503 5015 dividere
2547 4961 2697 5010 recte
2751 4948 3122 5019 compellitur.
3160 4947 3453 5011 Propterea
3507 4941 3591 4997 lex
3657 4954 3816 4999 sacer-

2258 5051 2463 5116 dotem,
2495 5048 2551 5101 in
2579 5044 2765 5100 multis
2796 5040 3086 5113 imaginem
3118 5037 3382 5094 ferentem
3423 5033 3671 5102 Domini,
3700 5049 3817 5089 nunc

2259 5142 2494 5198 vitulum
2523 5151 2626 5210 pro
2682 5133 2920 5207 peccatis
2951 5131 3254 5197 immolare,
3298 5137 3354 5184 et
3386 5137 3542 5184 extra
3579 5128 3814 5185 taberna-

2259 5233 2444 5288 culum
2501 5228 2795 5285 incendere
2840 5223 3140 5298 prtecepit:
3194 5223 3275 5278 sic
3313 5221 3458 5276 enim
3511 5230 3571 5277 et
3625 5219 3812 5276 Dunini

2241 5324 2610 5390 ,saeriﬁcium,
2641 5321 2709 5377 ad
2761 5319 3095 5375 ablutionem
3144 5325 3355 5372 natura
3382 5324 3592 5372 nostra
3644 5328 3813 5387 pucea.

2261 5429 2441 5475 torum
2497 5415 2701 5471 factum
2744 5420 2849 5467 est.
2895 5409 3050 5466 Nunc
3095 5418 3280 5465 autem
3319 5410 3519 5463 iterum
3565 5407 3617 5464 ei
3667 5406 3816 5464 sacri-

2640 5596 2683 5627 “
2719 5594 2850 5650 Luc.
2885 5608 2943 5659 η,
2976 5593 3069 5658 29,
3112 5593 3202 5650 50.
3307 5591 3352 5626 “
3381 5591 3542 5648 Rom.
3587 5609 3662 5659 vr,
3689 5592 3740 5657 5.
3769 5592 3813 5650 ι.
