3886 6306
21 297 130 368 81

1235 302 1318 364 IN
1353 302 1796 382 LEVITICUM.
1831 325 1893 337 -
1932 303 2078 363 LIB.
2123 303 2206 364 II.

3240 305 3375 369 882'

22 419 268 477 cium
294 418 440 475 aliud
487 418 544 474 in
590 419 908 477 holocausto
967 418 1158 478 arietis
1215 420 1478 492 praecepit
1510 419 1656 476 ﬁeri.
1686 423 1735 480 Α
1829 416 2031 489 Aperte
2057 417 2176 474 haec
2194 419 2406 474 sanctio
2440 433 2632 474 eorum
2665 434 2787 490 quae
2816 416 2962 475 circa
2984 435 3085 476 nos
3111 430 3346 492 aguntur

21 511 237 568 iruci
248 511 390 566 ﬁxus
429 511 576 566 enim
595 511 834 569 mundus
859 521 915 568 et
942 512 1266 569 renuntians
1292 511 1498 568 mundo
1521 526 1658 566 con-

25 606 354 670 ersatio,
386 619 509 675 quas
550 613 636 659 est
682 605 1083 671 holocaustum,
1147 606 1424 662 Christum
1485 605 1654 661 habet

21 694 371 759 irisnitias,
394 695 781 765 doctoremquc
809 704 866 751 et
897 697 1228 768 exemplum,
1267 706 1489 767 propter
1516 694 1663 766 quod

21 785 204 840 lixit
232 803 250 839 :
293 783 396 850 Qui
432 801 536 839 non
575 787 768 856 accipit
820 803 1044 852 crucem,
1077 797 1126 842 et
1155 789 1393 859 sequitur
1422 803 1524 852 me,
1559 801 1662 839 non

21 889 111 932 rs:
153 895 271 933 me
298 878 489 949 dignus
508 878 553 909 ³⁸
581 896 596 945 ;
628 878 680 934 id
713 887 816 942 est,
852 879 946 949 qui
967 879 1044 936 sic
1065 896 1175 936 non
1199 880 1480 935 renuntiat
1503 893 1664 932 mun-

21 969 132 1034 lo,
184 969 400 1025 sicuta
427 985 514 1024 me
544 969 594 1024 ei
641 970 901 1024 traditum
946 980 1049 1036 est,
1103 972 1207 1026 hoc
1239 980 1326 1026 est
1362 971 1508 1026 enim
1532 985 1661 1024 eum

21 1059 265 1129 sequi,
297 1073 408 1116 non
432 1066 516 1113 est
539 1075 626 1114 me
654 1060 870 1133 dignus.
902 1057 1009 1116 Sed
1035 1063 1195 1132 cujus
1211 1061 1289 1117 rei
1320 1061 1492 1133 gratia
1521 1061 1663 1116 divi-

21 1145 231 1200 ditur
262 1145 639 1202 holocaustum
669 1148 692 1202 ’ἔ

113 1235 329 1292 Pedes
382 1247 557 1292 autem
603 1238 716 1309 ejus
769 1250 818 1295 et
857 1242 1127 1310 intestina,
1191 1243 1306 1299 sive
1361 1244 1665 1300 secundum

21 1326 253 1394 LXX,
296 1337 489 1395 uenter,
524 1329 791 1387 lavantur.
838 1333 1221 1405 lnterpretatio
1253 1335 1666 1391 holocautoma-

22 1419 148 1485 tis,
202 1435 339 1490 qua:
376 1421 430 1474 in
457 1421 617 1477 initio
648 1422 770 1478 libri
795 1423 934 1480 facta
963 1434 1067 1491 est,
1117 1425 1451 1482 suﬁicienter
1480 1426 1666 1497 exple-

21 1511 133 1566 vit
172 1529 192 1565 :
254 1513 401 1581 quod
453 1521 637 1568 autem
670 1515 923 1571 immutat
975 1517 1044 1572 de
1092 1517 1380 1584 sacriﬁcio,
1421 1517 1526 1572 hoc
1563 1531 1664 1572 ne-

22 1603 328 1658 cessarie
361 1603 581 1670 dicitur,
615 1605 742 1676 quia
777 1607 850 1662 ibi
896 1608 1114 1678 quidem
1141 1619 1323 1680 partes
1359 1608 1481 1666 ﬁeri
1505 1609 1663 1664 obla-

25 1695 299 1749 tionum
332 1695 484 1762 dixit,
506 1712 708 1768 corpus
732 1714 829 1768 per
854 1699 959 1755 hoc
984 1700 1298 1772 signiﬁcans
1327 1709 1384 1756 et
1425 1701 1671 1756 animam

29 1784 289 1840 debere
314 1785 518 1849 oﬁ‘erri.
544 1788 598 1842 in
626 1789 784 1844 nobis
812 1799 993 1845 autem
1033 1791 1116 1845 hae
1137 1791 1456 1857 divisiones,
1477 1799 1666 1863 utpote

29 1890 200 1944 qua:
259 1875 361 1930 sibi
393 1876 628 1936 invicem
656 1889 785 1936 sunt
812 1883 1121 1949 contrariae,
1167 1884 1472 1939 secundum
1515 1884 1663 1954 quod

29 1964 288 2020 Paulus
316 1965 411 2033 ait,
440 1969 796 2027 nominantur
822 1971 906 2039 ";
936 1972 992 2026 in
1051 1971 1273 2030 Christo
1329 1984 1516 2031 autem
1555 1993 1665 2033 non

37 2066 210 2112 sunt
233 2057 552 2128 divisiones,
579 2059 857 2116 hominem
884 2063 1085 2135 quippe
1100 2066 1360 2121 mundum
1390 2083 1420 2122 a
1442 2079 1667 2138 peccato

41 2148 411 2203 incarnatus
441 2159 544 2217 est,
574 2149 666 2220 qui
694 2166 804 2206 non
826 2161 909 2208 est
937 2154 1144 2210 divisus
1181 2157 1237 2210 in
1263 2159 1518 2228 operibus
1548 2175 1670 2215 ear-

43 2236 189 2298 nis,
235 2235 436 2304 quibus
467 2237 784 2293 adversatur
814 2241 1060 2310 spiritus,
1097 2253 1322 2314 propter
1369 2247 1514 2316 quod
1565 2265 1669 2307 nec

42 2326 424 2381 divisionum
445 2326 502 2382 in
532 2343 597 2383 eo
663 2331 926 2386 sacriﬁcio
979 2335 1068 2388 lex
1139 2336 1456 2392 memoriam
1511 2338 1663 2394 fecit.

50 2419 188 2474 Pro
230 2433 300 2474 eo
327 2429 508 2474 autem
559 2423 700 2492 quod
757 2424 988 2479 vitulum
1029 2426 1256 2497 quidem
1309 2428 1364 2482 in
1418 2439 1664 2500 peccato,

50 2509 319 2563 arietem
346 2518 526 2566 autem
560 2511 617 2567 in
645 2513 1023 2570 holocaustum
1049 2517 1302 2572 sacerdos
1322 2519 1537 2587 otl'eret,
1563 2521 1667 2578 hoc

57 2599 341 2655 absolute
370 2601 457 2656 lex
482 2602 766 2675 signiﬁcat,
802 2615 862 2661 ut
885 2607 1012 2678 quia
1049 2610 1393 2667 conversatio
1419 2613 1666 2682 perfecta

59 2705 182 2760 per
228 2691 681 2750 holocautomatis
739 2697 1072 2755 oblationem
1115 2704 1482 2774 cognoscitur,
1516 2706 1665 2763 aries

63 2785 401 2840 necessario
424 2785 478 2840 in
507 2787 836 2844 sacriﬁcium
879 2790 1138 2849 olIeratur
1169 2795 1312 2862 ;__hic
1337 2797 1538 2868 quippe
1567 2799 1669 2853 du-

62 2878 274 2924 catum
315 2873 559 2942 prtebere
604 2875 797 2930 ovibus
827 2879 1090 2936 euntibus
1147 2881 1204 2936 in
1238 2899 1458 2954 pascua,
1509 2896 1566 2941 et
1600 2886 1670 2942 ad

65 2975 373 3032 egressum
406 2962 817 3035 ingressumque
843 2984 874 3022 a
905 2971 1094 3036 caulis,
1129 2981 1184 3027 et
1222 2974 1275 3027 in
1303 2976 1487 3032 caulas
1507 2978 1666 3046 solet,

64 3051 235 3106 sicut
260 3062 315 3108 et
337 3053 588 3111 Christus
618 3057 728 3112 dux
757 3059 1008 3128 perfecta:
1034 3067 1468 3124 conversationis
1502 3079 1606 3136 est,

67 3158 194 3212 quo
227 3143 474 3200 videlicet
492 3147 727 3218 sumpsit
751 3151 1056 3218 exordium,
1089 3165 1251 3226 atque
1295 3157 1419 3214 ideo
1459 3158 1668 3217 intrare

73 3249 189 3302 per
215 3249 296 3300 sc,
323 3243 378 3291 et
406 3237 555 3293 exire
584 3239 777 3295 ovibus
805 3243 1173 3313 praecipiebat.

154 3325 325 3382 Vens.
357 3329 546 3385 22-29.
579 3329 791 3388 Obtulit
839 3343 893 3388 et
945 3335 1171 3392 arietem
1222 3341 1546 3411 secundum,
1612 3345 1668 3400 in

72 3422 562 3512 consecrationem
620 3427 1006 3495 sacerdotum,
1053 3446 1462 3508 posueruntque
1505 3456 1670 3512 super

72 3518 256 3580 caput
275 3511 394 3578 ejus
412 3512 614 3578 Aaron,
635 3523 690 3568 et
711 3514 804 3568 ﬁlii
822 3516 942 3587 ejus
959 3533 1153 3575 manus
1172 3538 1318 3580 suas.
1343 3524 1516 3592 Quem
1542 3511 1666 3586 cum

76 3599 428 3656 immolasset
481 3602 712 3676 Moyses,
751 3623 974 3664 sumens
1003 3610 1071 3665 de
1139 3617 1423 3686 sanguine,
1495 3623 1667 3693 tetigit

75 3700 400 3747 extremum
437 3694 694 3752 auriculae
717 3697 920 3755 dextrae
953 3701 1135 3757 Aaron
1173 3714 1228 3761 et
1266 3709 1513 3776 pollicem
1551 3728 1667 3767 rna-

80 3797 195 3837 nus
231 3784 349 3853 ejus
377 3785 600 3849 dextras,
631 3789 882 3846 similiter
911 3802 966 3846 et
987 3795 1139 3862 pedis
1169 3797 1367 3866 dextri,
1399 3801 1668 3860 obtulitet

78 3872 232 3928 ﬁlios
257 3874 454 3931 Aaron.
487 3878 732 3950 (Eumque
754 3882 820 3936 de
851 3885 1117 3954 sanguine
1162 3888 1352 3945 arietis
1400 3891 1666 3950 immolati

79 3965 353 4036 tetigisset
399 3977 703 4025 extremum
753 3974 1012 4030 auriculre
1069 3977 1405 4050 singulorum
1437 3984 1667 4061 dextrae,

78 4063 136 4108 et
176 4056 399 4126 pollices
423 4077 615 4115 manus
646 4079 712 4118 ac
767 4065 918 4134 pedis
957 4067 1156 4135 dextri,
1229 4072 1498 4143 reliquum
1525 4056 1665 4133 ludit

81 4159 256 4216 super
280 4148 450 4205 altare
476 4152 531 4205 in
576 4154 825 4212 circuitu.
858 4160 1087 4231 Adipem
1123 4179 1251 4219 vero
1300 4176 1356 4220 et
1410 4171 1660 4236 caudam,

81 4240 416 4309 omnemque
437 4243 820 4314 pinguedinem
845 4266 967 4320 quae
999 4254 1176 4322 operit
1213 4255 1491 4325 intestina,
1533 4262 1666 4315 reti-

82 4329 600 4402 culumquejecoris,
627 4347 679 4393 et
696 4339 832 4397 duos
853 4358 1016 4399 renes
1033 4360 1154 4400 cum
1169 4348 1420 4420 adipibus
1440 4352 1574 4420 suis,
1609 4361 1664 4409 et

1637 3087 1738 3160 ae

1762 510 2146 582 mysteriorum
2202 510 2428 581 exponit
2467 510 2841 578 traditionem,
2891 521 2947 567 et
2977 511 3178 582 pascha
3229 529 3347 582 my-

1761 600 1979 666 sticum,
2018 600 2164 671 quod
2185 600 2436 656 Christus
2479 617 2605 656 cum
2632 601 2917 673 discipulis
2945 602 3060 658 suis
3084 602 3345 666 comedit,

1762 691 2030 763 signiﬁcat
2052 693 2198 762 quod
2217 693 2410 749 docent
2433 709 2494 748 ea
2518 709 2637 764 quas
2660 709 2756 764 per
2782 705 2965 765 partes
2995 694 3051 749 in
3080 693 3348 750 sacriﬁcio

1763 784 1945 856 peragi
1970 785 2390 856 pracipiuntur.

1833 875 2030 932 Obtulit
2058 887 2108 932 et
2142 878 2359 933 arietem
2386 880 2670 934 secundum
2710 881 2777 934 in.
2797 880 3239 937 consecrationem
3257 896 3347 932 δατ

1766 968 2212 1024 cerdotum.LX.X
2230 979 2411 1025 autem
2442 971 2612 1026 edunt
2636 987 2649 1022 :
2680 969 2881 1026 Obtulit
2904 970 3101 1041 Moyses
3123 970 3345 1024 arietem
3368 1003 3372 1009 -

1764 1059 2048 1112 secundum
2076 1058 2463 1128 explicationis.
2504 1061 2674 1116 Recte
2721 1077 2930 1116 eorum.
2960 1061 3108 1133 (ιμοά
3160 1060 3213 1114 in
3245 1077 3346 1116 nos

1766 1147 2094 1205 celebratum
2127 1161 2211 1206 est
2237 1152 2573 1224 mysterium,
2610 1152 2939 1208 sacriﬁcium
2962 1153 3347 1224 explicationis

1767 1241 2110 1312 appellatur;
2159 1243 2340 1312 ipsum
2377 1242 2523 1298 enim
2581 1260 2682 1298 nos
2744 1243 2974 1313 perfecit
3022 1258 3147 1299 cum
3196 1243 3347 1314 prius

1767 1333 2056 1388 fuissemus
2073 1332 2270 1386 inﬁrmi
2291 1350 2306 1400 ;
2327 1342 2380 1387 et
2401 1334 2470 1388 ab
2499 1333 2819 1404 imperfecta
2841 1333 2999 1389 lactis
3015 1334 3340 1389 educatione

1767 1423 2042 1495 produxit,
2068 1424 2121 1479 id
2149 1433 2234 1479 est
2269 1425 2339 1480 ab
2361 1441 2425 1479 ea
2456 1441 2578 1494 quae
2621 1426 2675 1479 in
2699 1425 2817 1496 lege
2843 1434 2946 1490 est,
2975 1425 3043 1480 de
3069 1440 3172 1494 qua
3202 1424 3345 1479 Pau-

1767 1515 1854 1569 lus
1878 1515 2006 1570 dicit
2031 1534 2045 1569 :
2078 1513 2257 1571 Omnis
2283 1517 2421 1570 enim
2449 1516 2538 1586 qui
2569 1515 2720 1579 lactis
2749 1525 2826 1570 est
2858 1516 3140 1585 particeps,
3164 1533 3346 1586 expers

1768 1615 1842 1660 est
1864 1609 2118 1662 sermonis
2149 1608 2388 1675 iustitiae,
2424 1608 2676 1678 parvulus
2693 1609 2828 1662 enim
2849 1617 2922 1663 est
2944 1607 3010 1661 ‘°.
3033 1607 3099 1664 Et
3121 1622 3312 1662 rursus
3331 1627 3362 1664 :.

1768 1695 1918 1751 Nihil
1938 1707 2113 1753 autem
2135 1700 2208 1754 ad
2223 1702 2510 1771 perfectum
2543 1701 2770 1754 adduxit
2801 1699 2904 1765 lex,
2934 1699 3372 1754 subintroductio:

1767 1787 1944 1842 autem
1992 1789 2214 1859 majoris
2259 1791 2369 1860 spei
2424 1807 2540 1860 qua:
2577 1792 2704 1845 data
2756 1799 2852 1857 est,
2886 1792 2942 1844 iu
2990 1791 3091 1844 hac
3139 1807 3230 1844 nos
3259 1807 3349 1860 spe

1768 1880 2037 1934 constituit
2071 1880 2138 1932 δι.
2200 1880 2584 1937 Verumtamen
2632 1881 2960 1937 sacriﬁcium
3019 1881 3124 1937 hoc
3174 1897 3295 1936 eam
3323 1921 3338 1945 ,

1768 1985 1886 2040 quae
1917 1969 2060 2026 dicta
2098 1980 2183 2027 est
2212 1972 2385 2043 major
2411 1989 2557 2043 spes,
2605 1988 2704 2044 per
2734 1989 2898 2044 quam
2951 1988 3168 2043 semper
3215 1988 3341 2043 pro—

1767 2063 2094 2134 pinquamus
2115 2065 2183 2119 ad
2214 2065 2560 2121 serviendum
2592 2065 2720 2132 Deo,
2755 2065 2952 2121 innuit.
2991 2065 3104 2120 Cur
3159 2073 3344 2120 autem

1768 2156 1931 2222 aries,
1957 2158 2231 2212 secundus
2272 2157 2363 2214 hic
2415 2173 2564 2213 nunc
2605 2158 2750 2214 aries
2790 2158 3152 2214 nominatur?
3209 2157 3346 2225 Quia

1768 2247 2017 2304 videlicet
2039 2248 2194 2318 prius
2219 2248 2506 2321 ﬁguratam
2542 2265 2722 2317 ovem,
2754 2264 2878 2304 cum
2932 2247 3195 2319 apostolis
3233 2263 3344 2303 cce-

1769 2355 1907 2396 nans
1943 2339 2208 2398 Dominus
2238 2351 2426 2412 postea
2468 2357 2627 2397 suum
2666 2337 2866 2396 obtulit
2916 2339 3264 2400 sacriﬁcium,
3291 2348 3345 2393 et

1770 2431 2012 2486 secundo
2045 2431 2187 2486 sicut
2233 2446 2391 2486 ovem
2421 2431 2538 2502 ipse
2566 2430 2923 2500 semetipsum
2955 2428 3176 2495 occidit,
3201 2428 3365 2498 quod-

1769 2519 2145 2574 demonstrant
2173 2519 2478 2590 sequentia.

1843 2607 2238 2681 Posueruntque
2265 2609 2446 2664 Aaron
2466 2619 2513 2665 et
2542 2610 2640 2680 ﬁlii
2665 2627 2778 2680 ejus
2795 2626 2983 2664 manus
3021 2626 3145 2664 suos
3191 2625 3374 2678 super-

1771 2709 1926 2772 caput
1941 2700 2074 2770 ejus.
2107 2699 2270 2766 Quem
2289 2718 2407 2754 cum
2428 2701 2747 2755 immolasset
2769 2699 2994 2771 Moyses.
3019 2699 3362 2755 Necessarie-

1771 2790 1932 2846 simul
1965 2786 2087 2847 cum
2113 2792 2295 2848 Aaron
2325 2800 2380 2848 et
2432 2791 2526 2847 ﬁlii
2556 2791 2676 2862 ejus
2725 2807 2890 2862 super
2948 2799 3113 2861 caput
3159 2790 3348 2845 arietis

1773 2895 1968 2939 manus
2001 2883 2307 2954 imponunt,
2361 2883 2488 2954 quia
2537 2897 2887 2940 communem
2945 2897 3155 2938 ccenam
3188 2880 3348 2937 festi-

1771 2973 1952 3028 vitatis
1981 2971 2260 3028 Paschalis
2305 2990 2430 3029 eum
2475 2974 2589 3029 suis
2619 2972 2870 3029 Christus
2896 2972 3175 3042 discipulis
3199 2971 3344 3026 cele-

1771 3065 1966 3122 bravit.
1993 3064 2130 3121 Cum
2171 3066 2320 3121 enim
2363 3066 2628 3136 quosdam
2668 3064 3056 3136 discipulorum
3104 3064 3170 3119 ad
3201 3080 3344 3134 prae-

1770 3156 2108 3226 parationem
2145 3155 2361 3222 domus,
2391 3156 2445 3212 in
2470 3172 2576 3230 qua
2608 3154 2816 3210 Pascha
2837 3154 3211 3210 celebraturus
3229 3162 3348 3209 erat

1773 3245 2050 3315 dirigeret,
2085 3246 2164 3301 sic
2197 3247 2318 3302 ait:
2381 3247 2546 3301 Dicite
2589 3245 2971 3316 patrifamilias
3038 3246 3162 3316 quia
3212 3262 3332 3299 ma-

1767 3337 1932 3406 gister
1979 3337 2148 3390 dicit:
2188 3334 2285 3391 Ubi
2332 3346 2411 3390 est
2447 3336 2792 3390 diversorium
2851 3336 2938 3389 ubi
2977 3335 3173 3404 pascha
3228 3352 3348 3389 cum

1767 3425 2042 3495 discipulis
2096 3426 2226 3479 meis
2278 3426 2702 3480 mendacem“?
2755 3425 2861 3479 Sed
2910 3424 3117 3496 Moyses
3172 3425 3346 3478 sacri-

1768 3516 1950 3572 ﬁcium
1986 3517 2090 3572 hoc
2117 3517 2375 3582 celebrat,
2407 3512 2734 3589 quiamagis
2757 3517 2823 3572 al)
2857 3517 2975 3572 aliis
3001 3517 3113 3585 ipse
3139 3515 3364 3570 Christi'

1767 3607 1991 3678 ﬁguram
2016 3607 2174 3677 gerit.
2206 3605 2360 3661 Tunc
2377 3615 2556 3662 autem
2574 3609 2814 3662 maxime
2838 3606 3162 3662 sacriﬁcium
3183 3620 3360 3660 suum-

1765 3696 2015 3752 Christus
2045 3697 2358 3764 celebravit,
2388 3697 2532 3752 unde
2556 3706 2608 3752 et
2641 3698 2772 3753 illud
2802 3698 3018 3767 incipit;
3046 3697 3168 3752 vide
3197 3697 3342 3751 enim

1766 3789 2073 3859 sequentia.

1837 3878 2002 3944 Quem
2033 3896 2152 3933 cum
2190 3879 2510 3933 immolasset
2560 3879 2780 3948 Moyses,
2833 3895 3044 3932 sumens
3099 3881 3163 3932 de
3213 3895 3343 3933 san-

1764 3971 1938 4042 guine,
1995 3971 2164 4042 tetigit
2193 3979 2482 4025 extremum
2526 3970 2780 4024 auricula:
2819 3971 3016 4023 dextra:
3069 3968 3248 4023 Aaron
3293 3979 3344 4024 et

1764 4059 2002 4128 pollicem
2031 4075 2220 4113 manus
2245 4059 2356 4130 ejus
2381 4060 2577 4114 dextri:
2610 4059 2852 4114 similiter
2891 4070 2937 4114 et
2965 4061 3109 4128 pedis
3147 4062 3359 4125 dextri,

1765 4152 1949 4206 obtulit
1973 4162 2024 4208 et
2068 4152 2204 4222 ﬁlios
2253 4152 2451 4208 Aaron.
2498 4150 2728 4221 Cumque
2772 4159 2834 4206 de
2861 4154 3120 4222 sanguine
3160 4155 3349 4208 arietis

1763 4241 2022 4296 immolati
2074 4243 2318 4314 tetigisset
2372 4253 2658 4297 extremum
2717 4243 2986 4298 auriculas
3020 4244 3343 4314 singulorum

1763 4333 1960 4387 dextra:
1979 4342 2026 4387 et
2043 4333 2254 4401 pollices
2280 4350 2468 4387 manus
2486 4350 2548 4387 ac
2561 4335 2707 4402 pedis
2727 4334 2917 4398 dextri,
2936 4334 3188 4405 reliquum
3208 4337 3343 4404 fudit

82 4435 238 4475 armo
261 4424 451 4480 dextro
505 4426 808 4498 separavit;
840 4432 1058 4490 Τοιιεηε
1107 4448 1290 4495 autem
1318 4442 1387 4497 de
1421 4445 1662 4500 canistro
1695 4444 1739 4500 Β
1766 4436 1924 4489 super
1951 4421 2125 4475 altare
2171 4438 2263 4492 per
2291 4423 2591 4477 circuitum.
2641 4421 2775 4488 Quis
2796 4423 2867 4478 sit
2891 4424 3152 4479 sacriﬁcii
3179 4425 3340 4495 hujus

84 4521 580 4607 azymorum,quod
606 4529 721 4576 erat
748 4539 930 4580 coram
960 4525 1210 4595 Domino,
1232 4548 1427 4602 panem
1456 4537 1664 4607 absque

85 4600 356 4660 fermento
385 4617 441 4662 et
466 4611 781 4681 collyridam
806 4630 1157 4688 conspersum
1204 4600 1345 4691 oleo,
1375 4600 1664 4699 laganum-

84 4709 214 4762 que,
255 4698 436 4766 posuit
464 4716 629 4769 super
648 4705 856 4778 adipes,
899 4715 961 4768 et,
987 4727 1199 4768 armum
1239 4698 1514 4782 dextrum,
1551 4730 1664 4776 tra-

85 4782 223 4878 dens
250 4785 409 4841 simul
434 4792 618 4846 omnia
640 4793 820 4850 Aaron
843 4807 900 4860 et
927 4800 1051 4858 ﬁliis
1065 4801 1206 4871 ejus.
1235 4803 1336 4870 Qui
1365 4817 1655 4878 postquam

87 4873 482 4935 levaveruntea
509 4898 696 4942 coram
745 4887 993 4956 Domino,
1053 4909 1269 4946 rursum
1304 4873 1555 4966 suscepta
1587 4901 1658 4957 dc

87 4967 335 5026 manibus
358 4987 571 5039 eorum,
609 4976 848 5036 adolevit
896 4979 1062 5051 super
1113 4984 1285 5038 altare
1325 4986 1653 5054 holocausti,

87 5071 157 5110 eo
201 5063 338 5128 quod
379 5072 811 5130 consecrationis
851 5083 997 5131 esset
1047 5075 1268 5139 oblatio,
1321 5078 1372 5132 in
1426 5081 1654 5138 odorem

90 5151 368 5224 suavitatis
420 5161 665 5218 sacriﬁcii
693 5164 930 5222 Domini.
980 5166 1125 5222 Tulit
1152 5178 1206 5222 et
1248 5173 1652 5239 pectusculum,

89 5239 304 5297 elevans
332 5243 462 5301 illud
491 5263 678 5308 coram
727 5254 984 5322 Domino,
1014 5258 1081 5313 de
1141 5260 1314 5316 ariete
1360 5279 1654 5318 consecra-

95 5332 254 5390 tionis
305 5337 357 5390 in
391 5351 602 5408 partem
625 5359 803 5414 suam,
855 5349 998 5404 sicut
1054 5355 1313 5422 praecepit
1365 5353 1416 5408 ci
1470 5356 1655 5410 Demi-

96 5440 214 5482 nus.
248 5447 268 5482 ι

155 5601 614 5693 έλξψῐιημὲὃτ
691 5613 736 5645 ³⁵
774 5614 1047 5693 “unum,
1087 5619 1109 5672 l
1141 5637 1291 5693 seqq.

101 5688 212 5744 xxv,
253 5679 338 5734 1!.
412 5681 458 5714 “
489 5681 632 5739 Psal.
681 5699 863 5751 χχχιχ,
914 5687 968 5740 3.

1397 5625 1438 5655 ⁵ο
1471 5625 1632 5680 Hebr.
1667 5643 1720 5693 v,
1753 5626 1835 5682 15.
1907 5625 2142 5682 uHebr.
2175 5643 2264 5691 vn,
2303 5628 2385 5682 19-.

1766 4511 2010 4578 eﬁcctus,
2045 4513 2232 4568 unctio
2259 4515 2474 4570 aurium
2507 4525 2873 4581 et-manuum;
2907 4518 3216 4587 pedumque
3244 4518 3340 4572 de-

1765 4611 2030 4659 monstrat
2058 4622 2072 4659 :
2111 4620 2210 4675 pro
2228 4605 2537 4662 obedientia
2553 4607 2754 4678 quippe
2771 4618 2977 4672 nostra,
3000 4610 3144 4663 actio
3173 4610 3336 4676 bona,

1761 4704 1923 4765 atque
1958 4697 2300 4758 conversatio
2322 4698 2648 4752 celebratur.
2685 4699 2842 4752 Unde
2862 4707 2917 4753 et
2945 4715 3105 4754 aures
3136 4710 3341 4754 nostra:

1761 4793 2058 4855 unguntur,
2132 4795 2192 4840 ut
2247 4785 2612 4840 inobedientia
2690 4787 2858 4840 Adam
2910 4797 3160 4841 carentes
3204 4787 3339 4844 Uni-

1761 4876 1934 4946 geniti‘
1960 4875 2326 4930 obedientiam
2384 4885 2808 4945 consequantur.
2835 4875 2971 4931 {’Ost
3013 4877 3130 4932 haec
3154 4887 3339 4933 extre-

1761 4983 1849 5023 ma
1877 4982 2136 5022 manuum
2183 4976 2458 5039 unguntur
2486 4975 2540 5021 et
2578 4967 2797 5037 pedum,
2846 4968 2970 5039 quia
3002 4985 3111 5023 non
3160 4969 3354 5026 solum-

1762 5074 1979 5122 manus,
2011 5057 2108 5113 sed
2133 5068 2189 5113 et
2210 5058 2376 5129 pedes
2409 5051 2510 5126 pro
2542 5059 2756 5114 actione
2800 5060 3164 5130 accipiuntur,
3191 5060 3354 5129 quod"-

1763 5147 2022 5219 probatur
2069 5166 2136 5207 ex
2165 5167 2230 5206 co
2279 5151 2424 5221 quod
2458 5151 2623 5207 David
2664 5152 2835 5207 dicit:
2869 5151 2968 5206 Pes
3005 5169 3150 5206 meus
3193 5153 3348 5206 stetit-

1760 5244 1814 5296 in
1863 5244 1947 5296 via
2006 5254 2147 5298 recta
2172 5245 2235 5296 ιθ.
2279 5241 2340 5298 Et
2391 5260 2624 5299 rursus:
2656 5243 2855 5298 Statuit
2906 5261 3069 5316 supra
3129 5252 3392 5316 μείνω-⁸

1765 5336 1918 5397 pedes
1951 5348 2089 5385 meos
2109 5331 2175 5386 “.
2210 5331 2344 5398 Quia
2378 5341 2558 5387 autem
2589 5333 2836 5388 actiones
2865 5335 3126 5404 quasdam
3162 5335 3336 5389 bonas

1760 5424 2019 5494 quasdam
2039 5434 2220 5502 autem
2249 5425 2415 5479 malas
2446 5424 2728 5488 habemus,
2755 5433 2809 5478 et
2827 5424 3336 5496 ﬁgurammalorum

2502 5627 2545 5660 “
2584 5628 2714 5684 Luc.
2751 5645 2882 5695 χχιι,
2925 5628 3005 5685 ll.
3111 5631 3158 5664 “
3187 5629 3333 5688 Psal.
