3886 6306
411 219 516 287 887

1613 221 1976 283 HESYCHII
2015 221 2490 283 PRESBYTERI

3614 219 3744 286 883

411 335 912 406 ritlnconsumpta,
956 352 1068 392 non
1113 337 1340 392 omnino
1371 353 1435 393 ea
1468 352 1588 409 qua
1629 354 1737 394 una
1767 340 1878 406 die,
1915 339 2001 396 vel
2029 343 2076 401 Α
2104 355 2282 406 suam,
2305 339 2720 412 reprehendens
2765 337 3018 394 dicebat:
3068 339 3260 395 Onines
3286 345 3556 408 quotquot
3596 347 3748 391 ante

412 428 653 496 duabus,
717 437 813 488 aut
854 429 1043 488 multis
1070 440 1285 487 servata
1321 441 1488 496 sunt;
1522 431 1667 488 sicut
1701 434 1850 488 enim
1899 448 1998 502 ap-

411 529 589 592 paret,
633 536 746 578 non
778 520 884 578 hoc
931 521 1206 594 legislator
1231 523 1512 593 prmi-epit,
1565 523 1664 579 sed
1687 524 1834 594 quod
1863 523 1994 579 reli-

413 627 583 682 quum
607 620 713 678 est,
739 613 961 669 incendi
983 629 986 632 ’
1008 614 1184 681 jubet.
1238 613 1363 668 Dies
1406 604 1591 669 autem
1622 630 1730 670 non
1752 629 1996 671 comme-

414 703 672 769 moravit,
729 713 790 759 ut
851 720 1194 776 qutecnnque
1247 707 1631 778 ciliusctmque
1687 707 1767 762 rei
1833 722 1997 763 causa

341 797 368 810 ”
417 801 734 866 emergente
783 795 1148 850 remanserint
1194 777 1603 867 inconsumpta,
1636 797 1752 853 sive
1783 805 2001 867 tempus

415 886 474 940 in
525 901 688 940 causa
729 886 824 951 sit,
869 887 990 944 sive
1031 887 1169 958 quid
1199 889 1346 944 aliud
1378 889 1563 956 fuerit,
1602 889 1744 960 ignis
1778 905 1918 960 opus
1943 898 2002 944 et

417 977 766 1046 consumptio
801 977 912 1034 fiat.
957 978 1101 1050 Ergo
1152 995 1218 1034 ex
1259 981 1362 1035 hoc
1394 981 1540 1050 quod
1565 981 1744 1051 agitur
1773 979 2002 1035 sensibi-

417 1064 561 1128 liler,
595 1065 922 1136 signiﬁcatio
953 1068 1245 1138 cujusdam
1281 1070 1638 1140 intelligibilis
1668 1071 1768 1133 rei,
1796 1071 1877 1126 eis
1907 1069 2001 1140 qui

417 1151 730 1218 intendunt,
779 1155 1028 1224 provenit
1083 1175 1096 1210 :
1145 1167 1204 1213 ut
1257 1159 1479 1228 quando
1507 1158 1574 1213 ad
1603 1159 2002 1216 comestionem

417 1243 666 1301 sacrilicii
713 1246 1000 1303 deficimus
1054 1258 1112 1304 et
1165 1250 1454 1306 comedere
1473 1250 1607 1306 illud
1641 1250 1851 1323 integra
1892 1265 2000 1306 non

417 1355 712 1410 possumus
735 1350 921 1397 mente
951 1341 1136 1398 forsan
1159 1343 1511 1410 lassescente,
1541 1344 1657 1400 sive
1686 1343 2000 1410 deﬁciente,
2045 1356 2073 1379 ο

420 1440 604 1486 utrum
659 1447 725 1486 ea
771 1447 893 1502 quae
941 1432 1220 1499 videntur,
1253 1449 1454 1506 corpus
1491 1442 1748 1506 oporteat
1771 1434 2001 1507 intelligi

422 1519 660 1588 Domini,
696 1523 752 1577 in
799 1524 945 1594 quod
993 1525 1170 1580 oculis
1208 1542 1313 1582 nec
1347 1527 1526 1598 angeli
1590 1536 1828 1597 possunt
1869 1543 2008 1598 pro-

424 1614 666 1684 spicere,
692 1631 802 1671 non
833 1616 1066 1688 relinqui
1095 1657 1111 1683 ,
1142 1619 1238 1674 sed
1269 1619 1434 1674 etiam
1456 1620 1596 1676 tradi
1623 1635 1686 1676 ea
1719 1620 1830 1692 igni
1849 1634 2009 1691 opor-

2103 451 2188 489 mc
2227 444 2497 496 venerunt,
2555 432 2700 502 fures
2755 433 2992 502 fuerunt,
3036 428 3084 487 et
3129 430 3400 499 latrones,
3462 447 3563 484 seu
3623 447 3743 483 non

2103 527 2388 580 audierunt
2407 540 2494 581 eos
2512 542 2632 580 oves
2645 526 2712 578 ⁸⁷.
2740 523 2809 580 Et
2832 533 2958 596 post
2986 524 3105 579 haec
3129 523 3375 579 subdidit
3398 539 3413 576 :
3447 520 3577 592 Ego
3608 537 3742 574 sunt

2104 618 2317 678 ostium.
2348 631 2442 685 per
2469 632 2551 670 me
2569 617 2617 669 si
2645 616 2760 686 quis
2783 615 3079 679 intraverit,
3122 615 3457 684 ingredietur
3478 623 3530 666 et
3567 629 3742 682 egre-

2104 706 2298 768 dietur,
2336 714 2384 759 et
2433 721 2631 775 pascua
2672 706 2978 760 inueniet”.
3020 705 3332 778 lngressum
3366 720 3472 776 per
3502 715 3740 758 semet-

2106 795 2308 868 ipsum,
2378 797 2428 852 ei
2481 812 2763 868 egressum
2811 798 3122 854 divinarum
3161 799 3598 869 Scripturarurn
3627 813 3740 867 ap-

2106 887 2318 957 pellans
2363 886 2689 958 profectum.
2739 885 2842 954 Qui
2893 895 3080 943 autem
3131 889 3436 958 completio
3493 888 3733 942 dierum

2109 979 2199 1034 illa
2231 979 2467 1034 maxime
2491 978 2713 1045 dicitur,
2760 979 2923 1048 plane
2957 993 3057 1050 per
3087 978 3290 1034 Lucam
3325 981 3577 1050 spiritus
3613 988 3732 1032 tra-

2106 1069 2232 1126 dit:
2280 1062 2350 1126 Et
2399 1071 2528 1124 dum
2588 1069 2976 1140 complerentur
3003 1071 3116 1125 dies
3162 1070 3530 1134 Pentecostcs,
3569 1082 3734 1124 erant

2110 1175 2286 1212 omnes
2313 1158 2507 1213 simul:
2536 1159 2712 1230 factus
2742 1167 2816 1212 est
2842 1167 3023 1213 autem
3054 1169 3264 1228 repente
3285 1160 3353 1213 de
3377 1159 3520 1214 ccio
3541 1175 3731 1222 sanus,

2112 1260 2366 1322 tanquam
2399 1250 2724 1304 advenientis
2766 1235 2986 1318 spiritus
3014 1251 3356 1313 vehementis,
3404 1259 3460 1303 et
3503 1250 3731 1317 repleuit

2113 1351 2282 1396 totam
2307 1342 2548 1408 domum,
2577 1342 2634 1394 in
2659 1358 2764 1413 qua
2795 1342 3045 1397 sedebant
3065 1357 3084 1396 :
3114 1350 3164 1394 et
3207 1351 3602 1410 apparuerunt
3626 1343 3730 1394 illis

2111 1433 2396 1502 dispertita:
2439 1432 2654 1502 linguae,
2705 1433 2844 1485 sicut
2865 1433 3026 1502 ignis,
3054 1432 3290 1501 seditque
3327 1447 3508 1501 supra
3534 1433 3718 1500 singu-

2113 1523 2190 1578 los
2247 1540 2448 1586 eorum,
2505 1533 2554 1577 et
2597 1521 2781 1592 repleti
2824 1531 2946 1576 sunt
2985 1537 3163 1575 omnes
3199 1519 3412 1590 Spiritu
3443 1523 3725 1574 sancto”.

2112 1612 2233 1667 Non
2288 1611 2489 1666 frustra
2554 1626 2685 1682 ergo
2739 1610 2858 1666 dies
2920 1610 3306 1681 completionis
3367 1610 3631 1673 dieru,
3679 1621 3732 1664 et

424 1715 504 1774 tet
529 1707 778 1778 spiritus,
817 1718 878 1764 ut
912 1724 976 1765 ea
1032 1711 1310 1776 comedat,
1355 1727 1478 1782 qua
1533 1712 1694 1768 nobis
1755 1721 1886 1768 sum
1937 1728 2005 1767 ex
2037 1699 2086 1760 Β
2113 1701 2601 1758 consummationis
2636 1701 2992 1756 Pentecostes
3039 1702 3263 1764 dicitur,
3303 1701 3410 1756 sed
3464 1711 3534 1756 ut
3579 1717 3730 1755 com-

424 1797 742 1855 inlirmitate
809 1800 1100 1857 inesibilia.
1145 1801 1430 1868 Quomodo
1483 1811 1670 1858 autem
1727 1802 2002 1868 comedat,

423 1905 550 1947 cum
597 1893 1041 1963 cogitaverimus,
1093 1894 1286 1951 virtuti
1319 1895 1546 1966 spiritus
1576 1910 1701 1951 esse
1724 1894 2010 1966 possibilia

294 1977 325 2021 ι’
424 1995 511 2044 ea,
541 1997 664 2051 qua
697 1982 857 2037 nobis
883 1982 1244 2052 impossibilia
1282 1984 1564 2040 videntur.
1604 1984 1762 2040 Unde
1787 1994 1844 2040 et
1872 1985 2010 2040 sub-

424 2081 720 2140 sequenter
757 2073 1040 2145 disputare
1082 2076 1363 2147 legislator
1399 2077 1634 2134 videtur.
1691 2077 1829 2135 Dicit
1860 2079 2008 2134 enim

421 2175 502 2216 Sit:
525 2179 538 2216 2

497 2249 574 2304 De
615 2253 746 2306 ostio
787 2270 991 2328 quoque
1045 2258 1376 2313 tabernaculi
1424 2275 1527 2314 non
1555 2262 1763 2316 exibitis
1811 2270 2008 2331 septem

424 2342 623 2398 diebus.
703 2344 924 2417 Septem
983 2351 1113 2404 cur?
1178 2350 1317 2418 Quia
1375 2353 1830 2425 quinquagesima
1887 2353 2012 2410 dies

426 2435 740 2504 septenario
792 2455 1022 2495 numero
1067 2443 1121 2497 in
1170 2444 1470 2516 semetipso
1519 2445 1904 2516 multiplicato,
1956 2455 2012 2502 et

426 2539 540 2581 uno
563 2527 615 2582 ei
655 2527 870 2599 adjecto
897 2531 1197 2602 perficitur.
1241 2533 1394 2592 Unde
1438 2545 1495 2591 et
1542 2537 2009 2593 hebdomadarum

427 2630 550 2671 eam
601 2617 954 2676 festivitatem
1001 2625 1145 2692 apud
1196 2623 1417 2696 Moysen
1461 2627 1567 2683 dici
1597 2666 1611 2690 ,
1657 2626 2012 2682 manifestant

426 2711 747 2780 sequentia;
814 2713 890 2768 ait
916 2715 1086 2781 enim,
1141 2717 1450 2776 secundum
1498 2717 1678 2774 LXX:
1743 2721 1914 2792 Usque
1941 2721 2013 2774 ad

425 2801 565 2856 diem
596 2804 953 2874 completionis
979 2808 1364 2880 quinquaginta
1393 2810 1616 2876 dierum,
1650 2820 2008 2881 pentecosten

427 2893 658 2963 dicens;
696 2898 934 2968 complet
973 2899 1122 2954 enim
1172 2902 1549 2972 septenarium
1603 2917 1897 2959 numerum
1955 2904 2009 2958 in

426 2987 727 3056 semetipso
803 2989 1242 3058 multiplicatum.
1320 2993 1390 3048 Et
1455 2993 1615 3063 cuius
1699 2994 1778 3048 rei
1834 2995 2008 3066 gratia

2110 1795 2406 1867 pletionem
2436 1794 2662 1865 quidem
2707 1794 2923 1848 dierum
2953 1804 3308 1864 septenarum
3357 1795 3617 1856 habens,
3645 1809 3730 1865 ge-

2110 1905 2241 1946 rens
2305 1896 2490 1943 autem
2537 1887 2767 1958 spiritus
2839 1886 3241 1957 plenitudinem
3317 1887 3585 1956 impleas
3640 1901 3731 1940 eos

2111 1981 2469 2053 perfectione,
2515 1979 2718 2052 quibus
2763 1979 3088 2034 infundebat
3129 1977 3414 2049 spiritum.
3469 1976 3645 2044 Quod
3689 1980 3730 2032 si

2110 2075 2342 2140 dicatur,
2387 2072 2516 2144 quia
2567 2071 2927 2143 quadraginta
2971 2071 3194 2142 quidem
3249 2070 3375 2125 dies
3421 2085 3567 2125 cum
3596 2086 3728 2140 apo—

2111 2165 2284 2230 stolis,
2317 2164 2607 2236 perliciens
2645 2179 2740 2220 eos
2766 2163 3021 2219 Christus
3056 2162 3159 2216 fuit
3203 2180 3216 2215 :
3266 2161 3360 2231 qui
3397 2170 3610 2215 autem
3641 2177 3726 2214 se-

2111 2257 2351 2315 cundum
2393 2256 2564 2328 legem
2597 2264 2724 2310 sunt
2748 2255 3105 2326 perfectionis
3136 2263 3347 2324 septem
3384 2253 3545 2312 dies,
3587 2253 3727 2306 inte-

2111 2365 2260 2421 gram
2289 2389 2305 2414 ,
2367 2347 2510 2403 sicut
2572 2347 2854 2409 diximus,
2935 2346 3297 2400 Pentecosten
3365 2343 3725 2398 describunt.

2112 2442 2407 2499 Sciendum
2443 2450 2526 2496 est
2566 2440 2692 2510 quia
2739 2455 2845 2494 nec
2885 2439 2940 2492 in
2988 2437 3189 2491 mediis
3233 2436 3380 2490 inter
3422 2435 3726 2490 Ascensio-

2113 2552 2238 2594 nem
2272 2542 2329 2593 et
2358 2533 2724 2590 Pentecosten
2774 2531 2990 2597 diebus,
3023 2530 3092 2585 ab
3122 2528 3390 2598 apostolis
3425 2540 3724 2596 separatus

2111 2640 2228 2687 est:
2282 2643 2412 2683 nam
2467 2624 2742 2697 quomodo
2801 2623 2939 2680 dixit
2970 2622 3088 2678 eis:
3153 2621 3286 2675 Ecce
3317 2636 3419 2690 ego
3451 2619 3722 2672 vobiscum

2109 2737 2228 2776 sum
2260 2717 2501 2773 omnibus
2528 2715 2709 2770 diebus
2723 2714 2800 2768 “‘1
2854 2713 2920 2768 Et
2954 2727 3148 2768 rursus
3179 2729 3193 2763 :
3251 2710 3376 2764 Non
3413 2709 3724 2778 relinquant

2112 2827 2202 2865 eos
2232 2809 2513 2880 oi-pltanos,
2550 2804 2758 2860 ueniant
2788 2806 2859 2859 ad
2892 2820 2978 2859 vos
2993 2805 3058 2858 ".
3085 2801 3389 2872 Propterea
3437 2800 3725 2872 legislator

2113 2901 2391 2957 subdidit:

2185 2992 2330 3049 Sicut
2363 2993 2420 3046 in
2453 2992 2856 3062 pra'scntiarum
2891 2990 3089 3060 factum
3124 2995 3218 3048 est,
3251 2994 3308 3038 ut
3338 2982 3482 3036 ritus
3507 2982 3722 3051 sacriﬁ-

427 3077 642 3136 dierum
667 3085 1153 3140 consummationis
1191 3085 1471 3152 dicuntur,
1499 3087 1784 3158 sequentia
1823 3062 2012 3144 osten-
2038 3062 2084 3122 ο
2113 3084 2184 3140 cii
2213 3083 2582 3154 conpleretur.
2618 3080 2748 3143 Vel,
2765 3079 2909 3135 sicut
2936 3075 3101 3138 LXX,
3137 3072 3203 3127 In
3237 3073 3322 3126 die
3343 3072 3446 3124 hoc
3466 3071 3554 3124 sic
3585 3087 3722 3138 prc-

427 3171 586 3226 dunt.

500 3261 710 3332 Septem
733 3267 874 3321 enim
891 3268 1074 3323 diebus
1087 3269 1275 3339 ﬁnitur
1291 3271 1634 3336 consecratio,
1649 3273 1756 3325 sive
1773 3287 2016 3326 consum-

430 3353 620 3418 matio,
636 3353 772 3408 sicut
792 3353 844 3407 in
869 3357 1274 3424 pratsentiarum
1295 3359 1494 3428 factum
1516 3366 1612 3412 est.
1633 3356 1770 3424 Quia
1793 3374 1902 3413 non
1928 3374 2015 3414 se-

434 3442 540 3498 mel
565 3459 660 3500 eos
682 3447 1032 3503 consecravit
1064 3449 1351 3520 sanguine,
1381 3459 1438 3506 et
1463 3449 1729 3520 panibus;
1757 3451 1837 3507 sic
1865 3451 2012 3506 enim

366 3538 370 3543 “
428 3533 786 3605 cognovimus
810 3536 864 3590 in
885 3538 1328 3607 praesidentibus
1345 3549 1622 3610 peractam
1644 3541 2015 3596 consecratio-

429 3642 556 3682 nem
578 3643 676 3683 seu
710 3632 1265 3688 consummationem.
1289 3632 1383 3688 llis
1404 3633 1603 3689 similia
1627 3642 1678 3689 et
1707 3634 1882 3690 Lucas
1905 3644 2016 3688 tra-

432 3716 545 3784 dit;
581 3717 659 3774 ait
691 3719 839 3774 cnim
887 3719 958 3776 de
991 3722 1242 3789 Domino,
1286 3731 1343 3778 et
1374 3723 1693 3796 discipulis:
1729 3725 1936 3792 Quibus
1961 3735 2009 3781 et

435 3814 776 3879 prcsentavit
801 3814 1142 3884 semetipsum
1171 3826 1286 3885 post
1320 3825 1540 3872 mortem
1564 3834 1721 3872 suam
1749 3819 1809 3871 in
1837 3818 2018 3872 multis

435 3904 780 3973 argumentis,
802 3921 896 3972 per
922 3906 1034 3960 dies
1062 3908 1420 3979 quadraginta
1437 3925 1702 3979 apparens
1733 3912 1828 3978 eis,
1861 3921 1910 3965 et
1937 3911 2018 3965 ιο-

439 4011 601 4066 quens
615 3997 682 4050 de
703 4013 859 4068 regno
881 3997 999 4064 Dei,
1023 4011 1072 4052 ct
1106 4015 1428 4066 ronccscens,
1461 4002 1708 4072 praecepit
1730 4002 1797 4057 ab
1830 4002 2009 4058 Hiero-

437 4087 656 4158 solymis
679 4105 742 4144 ne
761 4089 1108 4157 discederent,
1123 4093 1214 4146 sed
1234 4103 1596 4162 exspectarent
1616 4097 2018 4166 promissionem

436 4180 686 4250 patris".
722 4180 934 4238 -Cernis
963 4183 1239 4252 quomodo
1282 4185 1663 4250 consecrabat,
1710 4187 1825 4242 sive
1853 4188 2018 4260 perfl-

437 4272 616 4330 ciebat
661 4289 780 4340 eos,
821 4290 1095 4347 apparens
1126 4277 1227 4343 eis,
1265 4285 1321 4332 et
1363 4279 1569 4334 docens
1597 4280 1667 4335 de
1695 4295 1862 4352 regno
1895 4281 2015 4348 Dei,

433 4373 494 4420 et
517 4379 880 4422 comescens.
912 4367 1112 4423 Dicens
1141 4378 1324 4424 autem
1365 4371 1434 4426 ab
1475 4370 1864 4444 Hierosolymis
1901 4390 2013 4429 non

437 4456 740 4522 discedere,
790 4473 904 4512 non
943 4461 1205 4530 pracepit
1251 4461 1475 4530 ianuam
1520 4463 1856 4519 tabernaculi
1889 4481 2018 4536 pro-

439 4546 590 4618 gredi
627 4546 717 4602 vel
763 4547 970 4619 egredi.
1003 4548 1062 4604 id
1091 4558 1195 4618 est,
1235 4565 1348 4606 non
1374 4552 1644 4623 permittit
1693 4556 2013 4626 praedicare,

437 4653 610 4710 usque
647 4637 780 4694 dum
827 4642 1247 4710 promissionem
1296 4645 1539 4716 spiritus,
1595 4663 1718 4719 qua:
1764 4647 1906 4704 facta
1935 4660 2023 4706 est

435 4730 885 4805 quinquagesima
937 4735 1046 4801 die,
1097 4737 1428 4808 acciperent.
1475 4739 1595 4797 Non
1641 4751 1827 4799 autem
1867 4743 2022 4798 exire

436 4825 508 4881 de
531 4826 700 4897 janua
733 4827 1070 4886 tabernaculi
1101 4832 1423 4899 testimonii,
1456 4848 1653 4891 vacare
1680 4848 1765 4892 est
1793 4853 1822 4891 a
1851 4837 2022 4893 verbo

439 4917 724 4986 doctrinas,
762 4927 820 4975 et
849 4937 958 4975 non
981 4923 1278 4992 praedicare
1297 4924 1600 4990 evidenter,
1628 4928 1754 4997 quia
1780 4929 2018 4984 hostium

440 5013 794 5084 semetipsum
825 5012 1324 5086 Cbristus,-utpote
1347 5018 1441 5088 qui
1465 5017 1684 5074 initium
1714 5031 1797 5074 est
1834 5023 2018 5076 omnis

441 5103 610 5160 divini
636 5107 813 5171 verbi,
843 5114 900 5162 et
929 5105 1194 5170 scientiae.
1228 5107 1547 5165 insinuavit.
1578 5109 1808 5167 Introire
1835 5122 2023 5169 autem

443 5196 566 5266 ejus
589 5199 813 5263 ostium,
852 5206 911 5254 et
935 5199 1141 5270 egredi,
1176 5208 1237 5254 ut
1264 5216 1596 5270 praesumere
1630 5203 1687 5258 in
1710 5203 1831 5273 ipso
1861 5205 2023 5263 intel-

442 5285 701 5360 ligamus,
737 5289 854 5359 ipse
880 5289 1037 5346 nobis
1069 5291 1290 5346 tradidit
1313 5292 1530 5361 quando
1552 5295 1814 5363 quosdam
1841 5296 2016 5354 aliena

444 5377 725 5444 docentes,
753 5389 810 5437 et
847 5380 904 5437 in
932 5397 1124 5438 errore
1157 5382 1454 5448 mittentes,
1498 5395 1628 5441 ante
1665 5388 2044 5459 praesentiam

2116 3177 2250 3246 cepit
2296 3176 2550 3230 Dominus
2580 3176 2774 3245 facere,
2808 3181 2865 3226 ut
2900 3170 3036 3224 detis
3063 3183 3159 3237 pro
3185 3165 3350 3220 vobis.
3391 3164 3455 3222 in
3493 3180 3611 3237 qua
3640 3165 3723 3219 die

2115 3269 2261 3325 enim
2299 3266 2519 3323 tradidit
2546 3279 2718 3322 omne
2773 3261 3116 3334 mysterium,
3159 3258 3214 3312 in
3262 3257 3462 3312 eadem
3498 3257 3600 3310 die
3627 3257 3716 3308 dc-

2115 3359 2522 3432 precatioucm,
2579 3358 2697 3412 sive
2752 3351 3192 3422 propitiationem
3257 3346 3604 3410 insinuavit,
3670 3345 3721 3398 id

2115 3459 2220 3517 est,
2275 3457 2625 3520 peccatorum
2694 3442 3112 3504 remissionem,
3178 3439 3414 3495 dicens:
3485 3437 3598 3492 llic
3645 3447 3718 3491 est

2117 3558 2264 3597 meus
2299 3539 2521 3611 sanguis
2547 3538 2666 3592 novi
2713 3536 3039 3601 testamenti,
3072 3534 3163 3605 qui
3194 3541 3289 3603 pro
3315 3532 3502 3586 multis
3549 3533 3718 3601 eﬁaa-

2115 3635 2288 3700 detur,
2337 3632 2394 3687 in
2439 3631 2790 3686 remissionem
2845 3636 3180 3699 peccatorum
3197 3628 3266 3680 “.
3305 3623 3505 3679 Verbis
3542 3623 3713 3678 etiam

2117 3727 2270 3799 ipsis,
2294 3740 2368 3783 ea
2402 3739 2525 3797 qua
2563 3723 2620 3780 in
2667 3721 2963 3792 Evsngelio
2988 3720 3191 3791 scripta
3217 3727 3384 3783 sunt;
3439 3715 3715 3788 praedicit,

2117 3821 2261 3877 sicut
2347 3831 2686 3888 cognoscere
2765 3831 2831 3871 ex
2905 3814 2993 3870 bis
3067 3827 3190 3884 quae
3291 3810 3714 3878 subsequuntur

2117 3921 2294 3984 potes.

2195 4007 2290 4060 Die
2320 4022 2386 4060 ac
2409 4013 2556 4059 nocte
2585 4002 2865 4058 manebitis
2907 4003 2964 4056 in
3003 3997 3368 4054 tabernaculo.
3415 3995 3541 4058 Vel,
3575 3995 3714 4050 sicut

2117 4098 2298 4154 LXX:
2335 4099 2418 4152 Ad
2466 4097 2699 4166 januam
2743 4093 3076 4149 tabernaculi
3133 4089 3422 4145 testimonii
3469 4087 3712 4142 sedebitis

2117 4201 2311 4263 septem
2338 4189 2538 4254 diebus,
2568 4188 2655 4244 die
2686 4203 2750 4242 ac
2776 4195 2946 4242 nocte.
2986 4183 3254 4241 Dominus
3281 4197 3412 4237 vero
3445 4179 3711 4250 apostolis

2120 4286 2197 4340 ait
2227 4303 2242 4341 :
2277 4284 2370 4339 Vos
2392 4292 2570 4336 ciuem
2608 4281 2854 4335 sedebitis
2885 4281 2941 4333 in
2993 4279 3229 4342 civitate,
3265 4291 3426 4341 usque
3466 4274 3597 4327 dum
3631 4273 3712 4326 in-

2122 4378 2365 4433 duamini
2391 4376 2584 4429 uirtute
2610 4389 2676 4428 ea:
2703 4372 2896 4438 alto“,
2922 4371 3001 4426 sic
3026 4370 3191 4440 plane
3222 4366 3489 4428 sedcbilis,
3524 4366 3622 4418 ait.
3649 4364 3710 4419 Et

2122 4469 2239 4540 ipse
2282 4465 2577 4538 discipulos
2605 4461 3008 4520 hebdomadam
3037 4460 3274 4524 dierum,
3314 4455 3455 4510 nihil
3487 4463 3708 4526 agentes

2121 4575 2366 4625 manere,
2399 4567 2454 4613 et
2481 4571 2590 4612 non
2622 4554 2924 4627 praedicare
2972 4550 3251 4623 pratoepit.
3289 4546 3448 4604 Unde
3499 4562 3572 4601 ex
3601 4553 3706 4601 toto

2121 4670 2233 4710 non
2283 4653 2548 4708 docentes
2595 4648 2910 4720 apostolos,
2961 4655 3256 4725 antequam
3301 4641 3706 4712 complerentur

2123 4742 2369 4816 pradicti
2397 4742 2516 4798 dies
2550 4739 2894 4804 invenimus;
2943 4735 3234 4807 completis
3271 4743 3454 4789 autem
3493 4732 3703 4793 diebus,

2125 4835 2321 4891 Petrus
2355 4849 2480 4888 mox
2511 4831 2955 4904 praedicationem
2979 4827 3200 4897 incipit,
3251 4825 3472 4896 quando
3501 4833 3558 4878 et
3613 4823 3706 4876 ad-

2120 4929 2250 4984 ditu
2296 4935 2429 4984 sunt
2481 4925 2679 4980 animae
2723 4923 2947 4978 circiter
3001 4921 3102 4976 tria
3146 4918 3352 4973 millia:
3390 4916 3473 4971 sic
3507 4924 3562 4970 et
3606 4912 3704 4984 ipsi

2123 5037 2220 5093 per
2262 5020 2477 5092 singula
2511 5017 2828 5074 mandatum
2871 5015 2980 5070 hoc
3005 5013 3420 5072 custodierunt,
3455 5018 3510 5062 et
3537 5005 3706 5062 maxi-

2124 5132 2211 5171 me
2244 5117 2297 5171 in
2328 5115 2408 5171 eis
2445 5113 2788 5184 complentur
2827 5125 2911 5175 ea,
2945 5125 3068 5180 qua:
3134 5107 3187 5161 in
3245 5100 3704 5172 subsequentibus

2123 5206 2406 5263 dicuntur.

2195 5297 2534 5354 Observantes
2562 5294 2843 5348 custodias'
2873 5291 3105 5353 Domini,
3152 5296 3209 5341 ut
3240 5303 3343 5340 non
3380 5283 3695 5338 moriemini.

2127 5391 2215 5447 Sic
2277 5391 2418 5445 enim
2484 5388 2611 5442 mihi
2686 5385 2935 5456 precepit
2994 5382 3266 5437 Dominus.
3355 5376 3699 5444 Fcceruntqu

515 5581 711 5664 mc"
745 5598 782 5646 ¹ν
814 5567 867 5645 3i
905 5583 986 5664 ις.
1035 5581 1260 5664 "£0331-
1301 5603 1355 5648 ιι
1383 5586 1435 5641 8-
1509 5587 1711 5664 'fibid.
1740 5591 1795 5648 9.
1872 5597 1918 5647 se
1951 5596 2011 5653 Α,

2126 5615 2173 5664 λι,
2207 5597 2324 5654 1-5.
2390 5598 2433 5628 θθ
2467 5595 2652 5651 Matth.
2685 5584 2872 5658 mm,
2908 5587 3000 5651 20.
3078 5586 3118 5619 °'
3155 5583 3318 5641 Josn.
3346 5598 3459 5652 nv,
3495 5578 3577 5635 l8.

521 5652 566 5686 θ’
591 5650 754 5707 Marc.
786 5669 897 5724 stv,
926 5656 1016 5710 Et.
1089 5656 1148 5731 "_
1191 5656 1324 5714 Luc.
1357 5673 1502 5726 xsn',
1527 5660 1614 5716 ιθ.
