3886 6306
76 356 211 422 889

1277 360 1358 422 IN
1399 359 1841 425 LEVITICUM.
1875 389 1942 398 -
1981 363 2129 426 LIB.
2162 362 2247 426 II.

3288 364 3395 431 890

70 480 297 536 Aaron
328 485 378 533 et
407 475 505 544 filii
534 476 652 546 eius
678 484 869 531 cuncta
889 516 908 544 ,
949 491 1066 544 qua
1095 474 1297 530 locutus
1338 485 1414 532 est
1460 477 1715 533 Dominus
1746 483 1790 540 Α
1815 479 1909 550 qui
1944 480 2076 536 dicti
2106 489 2258 546 sunt,
2291 477 2568 534 sediﬁcans
2611 477 2976 534 vocationem.
3014 474 3170 536 Tunc
3193 479 3398 552 quippe

76 590 190 643 per
221 586 455 628 manum
487 569 680 641 Moysi.
717 570 772 626 Si
801 568 1065 640 queritur
1101 583 1200 624 cur
1228 568 1413 625 Aaron
1443 568 1570 627 ﬁliis
1593 570 1708 626 suis

76 664 440 734 coniungat,
489 661 802 715 invenietur
824 675 990 714 causa
1021 659 1250 714 omnino
1279 662 1614 725 necessaria,
1647 667 1706 716 et

82 755 160 810 ad
199 755 291 810 rei
321 751 814 808 considerationem
845 759 1176 819 opportuna.
1212 751 1332 805 Non
1381 753 1528 806 enim
1557 751 1708 806 exire

83 848 164 902 de
214 847 396 917 janua
443 841 777 898 tabernaculi
826 841 1144 906 testimonii,
1194 841 1377 905 idest,
1423 857 1533 897 non
1565 843 1708 897 inte-

88 939 210 993 rim
245 933 537 993 attrectari
567 933 938 1006 evangelicam
988 932 1460 1003 praedicationem,
1488 932 1576 987 his
1609 931 1706 1002 qui

87 1026 368 1100 praedicti
407 1034 538 1082 sunt
584 1024 866 1096 praeepit.
917 1024 1056 1080 Cum
1101 1039 1229 1095 ergo
1256 1022 1509 1080 Christus
1535 1039 1709 1094 appa-

91 1121 220 1176 ruit
251 1118 543 1189 apostolis,
573 1131 728 1172 suam
751 1115 976 1185 jauuam
1005 1130 1116 1169 nou
1147 1114 1556 1185 egrediebatur,
1588 1114 1707 1184 ipse

89 1207 393 1279 siquidem
449 1215 582 1270 erat,
620 1204 726 1277 qui
766 1212 822 1259 et
865 1203 1249 1274 prmdicandus
1297 1213 1416 1258 erat
1441 1213 1496 1259 et
1522 1203 1616 1274 qui
1653 1205 1708 1258 in

97 1299 391 1372 apostolis
441 1298 779 1369 loquebatur.
824 1295 1120 1366 Propterea
1171 1311 1295 1351 cum
1346 1295 1472 1350 ﬁliis
1502 1303 1558 1351 et
1590 1295 1708 1362 ipse

97 1393 311 1446 Aaron
353 1389 686 1454 consecrari,
713 1402 810 1443 seu
841 1387 1213 1443 consummari
1240 1386 1543 1441 dicebatur.
1577 1383 1712 1451 Quis

50 1476 73 1530 ί
101 1483 182 1538 sit
227 1491 420 1537 autem
461 1494 790 1535 consecrans
827 1478 942 1533 sive
974 1492 1365 1533 consummans
1411 1476 1708 1548 legislator,

103 1586 471 1643 nequaquam
491 1570 764 1636 subdidit;
801 1571 876 1624 ait
913 1569 1083 1634 enim,
1137 1567 1346 1638 Septem
1381 1569 1562 1624 diebus
1591 1569 1712 1638 ﬁni-

107 1676 206 1718 tur
259 1664 613 1726 consecratio,
653 1663 767 1719 sive
801 1661 1104 1718 secundum
1135 1659 1299 1728 LXX,
1329 1663 1711 1734 consummavit

1811 572 1966 642 prius
1988 578 2350 627 convocatum
2379 580 2466 626 est
2490 567 2748 625 Ecclesiae
2774 571 3169 640 spectaculum,
3202 571 3259 626 in
3283 587 3394 642 qua

1811 663 2166 735 intelligibilis
2203 661 2410 728 Aaron,
2463 661 2515 716 id
2550 667 2634 716 est
2673 659 2945 728 Christus,
2987 662 3243 717 sacerdos
3271 677 3394 718 esse

1809 756 2052 812 creditur
2091 777 2102 811 :
2147 755 2244 810 ﬁlii
2280 764 2464 810 autem
2511 754 2652 825 ejus,
2685 753 2778 823 qui
2819 753 3070 810 sublimis
3100 765 3230 811 sunt
3258 771 3396 811 con-

1811 849 2154 912 versationis,
2182 859 2237 903 et
2263 848 2386 905 ideo
2412 847 2701 902 sacerdotii
2730 846 3000 914 ministri,
3033 855 3091 902 et
3131 861 3397 916 c00pera-

1811 951 1956 997 tores
1973 949 2120 996 sunt.
2131 939 2394 1010 Maiorum
2407 947 2539 993 natu
2553 948 2734 993 autem
2751 938 2940 1002 Israel,
2955 938 3397 1008 presbyterorum

1811 1035 1946 1089 ordo
1967 1043 2070 1098 est,
2090 1049 2156 1088 ex
2188 1033 2274 1088 liis
2291 1033 2494 1102 quippe
2519 1046 2721 1100 corpus
2749 1029 3006 1084 Ecclesia:
3026 1027 3398 1098 componitur.

1812 1124 1919 1180 Sed
1947 1123 2129 1180 Aaron
2164 1123 2386 1194 quidem
2415 1122 2629 1192 accepit
2664 1121 2741 1175 ibi
2766 1120 2996 1176 vitulum
3021 1135 3121 1191 pro
3149 1127 3398 1190 peccato,

1811 1225 1868 1272 et
1880 1217 2107 1272 arietem
2130 1215 2188 1270 in
2212 1215 2615 1276 holocaustum,
2640 1221 2936 1282 utrumque
2967 1210 3404 1273 immaculatum,

1813 1316 1870 1364 et
1923 1308 2122 1364 obtulit
2180 1321 2368 1362 coram
2424 1304 2677 1360 Domino.
2735 1303 2892 1358 Tunc
2953 1302 3097 1358 enim
3151 1301 3402 1357 Christus

1813 1397 2138 1453 sacriﬁcium
2167 1411 2325 1452 suum
2354 1396 2701 1450 innotescere
2732 1393 2918 1463 coepit,
2945 1409 3016 1447 ex
3048 1408 3157 1462 quo
3177 1391 3408 1461 spiritus

1813 1488 2132 1556 adveniens,
2190 1486 2446 1551 Parthos,
2501 1493 2558 1540 et
2618 1485 2826 1546 Medos.
2889 1493 2944 1539 et
2997 1483 3278 1547 Elamitas,
3340 1491 3410 1536 et

1815 1578 2058 1635 omnium
2081 1577 2326 1650 gentium
2350 1575 2638 1647 primitias,
2658 1574 2724 1629 ad
2743 1574 3112 1644 apostolorum
3131 1560 3405 1628 coeuaculi

1816 1671 2100 1742 superiora
2129 1669 2369 1741 collegit.
2400 1669 2628 1738 Accepit
2650 1677 2835 1722 autem
2866 1675 2921 1722 et
2963 1665 3099 1720 ordo
3131 1664 3405 1733 majorum

105 1773 320 1811 manus
341 1765 564 1822 uestras,
589 1757 722 1809 sicut
757 1763 806 1809 et
838 1755 978 1824 fecit.
1019 1753 1366 1810 Manifestum
1383 1763 1468 1809 est
1505 1763 1710 1821 autem,
1773 1819 1785 1830 ρ
1817 1772 1947 1818 natu
1993 1761 2188 1828 Israel,
2242 1775 2406 1831 quem
2459 1758 2906 1830 presbyterorum
2960 1770 3081 1810 esse
3142 1754 3402 1816 diximus,

109 1849 274 1919 quod
303 1849 420 1919 ipse
447 1857 565 1904 erat
600 1848 693 1919 qui
723 1848 862 1904 ﬁlios
887 1848 1267 1913 consecrabat,
1304 1847 1420 1904 sive
1459 1847 1714 1918 perﬁcie—
1747 1831 1790 1886 Β
1826 1863 2013 1924 utpote
2041 1855 2158 1924 ipse
2193 1861 2417 1918 sortem,
2453 1859 2505 1906 ct
2535 1849 3076 1922 ﬁguram‘doctorum
3109 1861 3324 1918 gerens,
3351 1854 3407 1898 et

63 1931 74 1944 ’
112 1942 236 2005 bat,
280 1941 380 2011 qui
422 1950 479 1996 et
502 1940 689 2011 perﬁci
718 1941 772 1994 in
823 1941 904 1996 eis
927 1942 1042 1996 sive
1074 1940 1406 2009 consecrari,
1435 1949 1623 2012 utpote
1664 1939 1720 1996 in

111 2031 398 2089 membris
445 2031 703 2103 propriis,
743 2032 1051 2088 dicebatur.

750 2183 980 2241 CAPUT
1015 2184 1112 2240 IX.

197 2297 372 2358 Vsus.
415 2302 536 2357 l4.
602 2301 812 2360 «Facto
863 2310 1046 2356 autem
1100 2311 1293 2357 octavo
1347 2301 1438 2358 die
1507 2299 1724 2358 vocavit

114 2395 350 2467 Moyses
413 2397 594 2448 Aaron
645 2401 699 2448 et
763 2393 904 2449 ﬁlios
966 2393 1108 2463 ejus,
1173 2408 1238 2448 ac
1293 2393 1528 2462 majores
1589 2393 1722 2448 natu

117 2485 328 2551 Israel,
389 2484 635 2552 dixitque
689 2483 756 2538 ad
803 2483 984 2538 Aaron
1026 2500 1038 2535 :
1083 2481 1280 2538 Tollite
1330 2482 1564 2538 vitulum
1621 2497 1724 2553 pro

117 2585 387 2650 peccato,
459 2584 516 2632 et
571 2576 798 2632 arietem
861 2575 916 2628 in
976 2559 1387 2642 holocaustum,
1459 2583 1724 2646 utrosque

121 2670 542 2736 immaculatos,
586 2676 641 2723 et
679 2667 818 2723 oﬁer
861 2667 983 2722 illos
1026 2682 1209 2722 coram
1257 2666 1507 2722 Domino.
1553 2669 1624 2723 Et
1654 2667 1724 2722 ad

122 2760 279 2814 ﬁlios
311 2757 485 2814 Israel
518 2757 762 2828 loqueris
804 2775 817 2810 :
864 2755 1060 2811 Tollite
1089 2756 1303 2811 hircum
1345 2772 1446 2827 pro
1473 2770 1720 2827 peccato,

124 2859 185 2905 et
209 2850 472 2912 vitulum,
501 2857 666 2920 atque
690 2864 890 2921 agnum
918 2848 1234 2902 anniculum
1262 2857 1317 2903 et
1349 2848 1469 2903 sine
1489 2849 1724 2915 macula,

127 2942 182 2996 in
217 2941 632 3006 holocaustum,
661 2940 880 3003 bovem,
907 2947 964 2994 et
987 2939 1213 2994 arietem
1245 2953 1345 3009 pro
1373 2939 1636 3009 paciﬁcis,
1670 2949 1726 2995 et

126 3033 424 3088 immolate
444 3048 540 3088 eos
560 3047 743 3088 coram
759 3031 990 3086 Domino
1009 3033 1064 3085 in
1080 3031 1348 3087 sacriﬁcio
1365 3031 1723 3102 singulorum,

1825 1946 1916 2016 qui
1953 1946 2022 2000 ad
2060 1945 2339 2000 docendos
2377 1958 2480 1998 nos
2520 1942 2666 1997 utilis
2708 1949 2794 1995 est
2835 1940 3111 2009 vitamque
3141 1936 3405 2006 perﬁcere

1827 2039 1882 2094 in
1907 2038 2151 2095 Ecclesia
2171 2035 2618 2094 convenientium
2643 2043 2843 2106 potest.
2893 2031 3026 2097 Qua:
3057 2037 3238 2084 autem
3276 2036 3407 2083 sunt

1827 2126 1942 2181 haec
1965 2140 2086 2194 quae
2112 2124 2367 2195 accepit?

1893 2218 2116 2273 Hircum
2167 2233 2262 2287 pro
2320 2225 2554 2286 peccato.
2623 2213 2730 2269 Pro
2780 2211 3105 2284 pcenitentia
3149 2210 3406 2266 videlicet

1825 2308 2181 2364 sacriﬁcium.

1894 2399 1964 2454 Et
1993 2400 2216 2456 vitulum
2265 2409 2314 2454 et
2361 2415 2558 2470 agnum
2596 2396 2904 2452 anniculam
2945 2397 2998 2449 in
3038 2395 3404 2449 holocaustum

1823 2494 2212 2548 inmaculatos.
2242 2491 2546 2548 Perfectum
2573 2490 2843 2551 videlicet,
2874 2497 2930 2544 et
2961 2498 3404 2542 consummatam

1824 2587 2015 2654 vitam,
2052 2586 2170 2641 sive
2217 2584 2712 2646 conversationem,
2753 2597 2874 2651 quae
2927 2595 3027 2650 per
3071 2580 3301 2644 hostias,
3353 2579 3406 2633 id

1825 2687 1910 2734 est
1933 2694 2032 2748 per
2055 2678 2374 2733 holocausta
2413 2675 2773 2746 signiﬁcatur.

1896 2769 1966 2823 Et
1986 2771 2184 2834 bovem,
2215 2777 2265 2822 et
2288 2769 2504 2822 arietem
2533 2781 2628 2836 pro
2663 2763 2915 2835 paciﬁcis.
2951 2761 3058 2816 Sed
3089 2760 3154 2814 ad
3203 2756 3408 2814 sacriﬁ-

1825 2862 1972 2918 cium
2019 2861 2258 2916 salutare
2305 2877 2319 2914 :
2365 2858 2698 2914 mediocrem
2747 2853 3242 2915 conversationem,
3286 2865 3408 2920 quas

1824 2963 2009 3009 tamen
2051 2960 2230 3024 potest
2268 2952 2478 3008 salvare
2516 2964 2613 3004 eos
2655 2947 2747 3018 qui
2790 2946 3048 3008 offerunt,
3077 2945 3215 2999 sicut
3243 2956 3409 3012 supra

1827 3047 2086 3103 diximus.
2134 3045 2334 3100 Coram
2391 3041 2624 3097 Domino
2675 3049 2858 3094 autem
2913 3037 3097 3092 omnia
3150 3033 3409 3106 pracepit

123 3121 545 3181 similam‘oleo
591 3139 942 3194 conspersam
991 3123 1305 3190 offerentes,
1365 3124 1527 3180 hodie
1575 3126 1723 3179 enim
1753 3193 1789 3210 ﬂ
1829 3138 1952 3194 ﬁeri
1978 3156 1992 3191 ε
2041 3145 2263 3208 oportet
2310 3135 2512 3205 quippe
2561 3147 2721 3188 omne
2755 3129 2973 3187 virtutis
3016 3144 3177 3199 opus,
3222 3133 3410 3196 utpote

124 3216 408 3275 Dominus
429 3219 718 3289 apparebit
751 3219 928 3272 vobis.
972 3236 992 3269 ι

195 3312 370 3366 Sicut
411 3311 704 3380 aliquando
753 3310 932 3381 imago
981 3308 1236 3363 animalis
1272 3308 1582 3378 cujusdam,
1626 3319 1724 3366 aut

121 3403 358 3476 virgulti
395 3404 535 3459 forte
579 3402 915 3474 depingitur,
964 3410 1059 3456 aut
1103 3399 1365 3456 scribitur
1399 3408 1494 3455 aut
1525 3401 1580 3456 in
1610 3417 1722 3458 aere

127 3495 486 3567 exprimitur,
522 3504 578 3550 et
615 3509 727 3550 non
756 3495 981 3564 quidem
1023 3501 1212 3563 aperta
1245 3492 1304 3548 in
1339 3493 1498 3548 initio
1526 3509 1724 3564 opera-

130 3588 328 3652 tionis,
381 3593 476 3641 aut
523 3587 827 3656 scripturae,
883 3593 978 3640 aut
1033 3583 1158 3639 atris
1197 3585 1481 3653 expressio
1509 3593 1614 3650 est,
1667 3586 1724 3640 in

134 3693 406 3749 processu
433 3687 616 3732 autem
649 3677 852 3748 operis,
891 3674 1193 3746 participali
1228 3683 1526 3746 augmento
1558 3675 1724 3746 perﬁ-

135 3772 308 3837 citur,
358 3768 439 3826 sic
469 3777 526 3824 et
566 3783 905 3840 quaecunque
953 3767 1229 3839 legislator
1275 3784 1422 3824 nunc
1468 3768 1524 3822 in
1555 3768 1726 3840 ﬁgura

135 3866 372 3938 exponit
435 3865 665 3920 clariora
731 3865 1108 3919 additamento
1183 3878 1398 3931 eorum,
1454 3879 1579 3934 qua:
1629 3879 1728 3934 per

138 3970 328 4029 partes
374 3959 573 4023 sancit,
610 3965 668 4013 et
710 3957 956 4027 planiora
994 3956 1152 4011 ﬁunt.
1215 3954 1354 4021 Quia
1407 3971 1539 4026 ergo
1579 3955 1725 4010 diem

140 4048 658 4112 consummationis,
723 4062 822 4102 seu
877 4046 1312 4103 consecrationis
1363 4045 1724 4099 Pentecosten

140 4139 373 4212 intelligi
401 4147 647 4210 oportet,
673 4138 1036 4202 ostendimus,
1056 4146 1113 4193 et
1138 4138 1268 4208 quia
1296 4151 1470 4206 usque
1499 4136 1568 4191 ad
1599 4150 1727 4191 eum

139 4233 288 4289 diem
339 4229 622 4286 Dominico
665 4229 920 4300 mandato
963 4227 1279 4300 przedicatio
1329 4227 1560 4283 inhibita
1618 4235 1727 4293 est,

140 4335 440 4399 propterea
479 4339 590 4380 non
623 4323 775 4378 exire
800 4323 1026 4394 ianuam
1060 4320 1399 4377 tabernaculi
1425 4317 1726 4376 testimonii

143 4419 288 4476 ﬁlios
318 4419 500 4474 Aaron
547 4416 827 4489 praecepit.
873 4414 1346 4471 Considerandum
1401 4420 1489 4468 est
1546 4411 1726 4482 qualia

143 4509 517 4568 consummari
540 4517 597 4565 et
621 4509 675 4564 in
707 4509 812 4564 hac
832 4507 922 4564 die
946 4507 1032 4562 lex
1081 4505 1361 4576 praecepit.
1392 4503 1545 4558 Diem
1576 4503 1724 4557 enim

143 4613 402 4662 octavum
447 4603 810 4658 Pentecosten
872 4598 1128 4670 appellat,
1183 4600 1310 4668 quia
1363 4598 1724 4653 Pentecostes

144 4696 266 4752 dies
310 4693 506 4750 incidit
548 4695 606 4749 in
654 4694 777 4759 hac,
809 4708 915 4762 qua
953 4690 1204 4746 Salvator
1245 4687 1561 4753 resurrexit,
1603 4701 1725 4757 quas

146 4803 272 4845 esse
293 4796 482 4844 octava
504 4785 776 4842 creditur:
806 4785 932 4856 quia
959 4783 1183 4854 ﬁguram
1201 4781 1340 4854 gerit
1360 4779 1725 4852 primitiarum

147 4880 344 4943 futuri,
399 4879 493 4936 sed
537 4886 594 4934 et
645 4875 1134 4933 consummationis
1179 4873 1466 4944 praesentis
1511 4871 1724 4936 saeculi,

147 4987 272 5042 quae
304 4973 357 5027 in
385 4980 594 5043 septem
621 4970 919 5026 revolvitur
940 4969 1159 5024 diebus.

221 5061 572 5118 Pentecostes
603 5072 786 5117 autem
817 5059 1058 5116 circulus
1075 5057 1180 5112 sub
1204 5053 1464 5124 praedicto
1492 5071 1728 5112 numero

155 5163 263 5222 est,
303 5171 432 5226 ergo
471 5164 621 5212 recte
672 5155 866 5211 incidit
909 5153 964 5206 in
1007 5147 1265 5221 praesenti
1315 5147 1537 5204 mulo.
1581 5148 1730 5203 Con-

155 5246 600 5310 summationem,
639 5246 909 5315 simulque
961 5239 1415 5297 resurrectionem
1464 5238 1734 5310 signiﬁcat

155 5336 511 5393 Pentecostes
542 5337 660 5392 dies
691 5357 706 5391 :
757 5336 1044 5408 oportebat
1086 5333 1256 5398 enim,
1302 5329 1452 5386 utin
1497 5344 1606 5400 qua
1643 5329 1733 5386 die

159 5429 397 5484 surrexit
449 5428 704 5484 Christus
750 5428 806 5482 in
876 5427 1067 5483 eadem
1123 5432 1180 5481 et
1234 5423 1371 5478 ritus
1418 5421 1726 5478 adveniret.

159 5518 316 5576 Tunc
359 5535 488 5593 ergo
527 5519 711 5575 vocari
763 5517 962 5583 Aaron,
1011 5526 1066 5572 et.
1095 5516 1232 5572 ﬁlios
1260 5515 1381 5584 ejus
1407 5523 1464 5570 et
1502 5514 1732 5584 majores

159 5620 292 5668 natu
319 5613 486 5670 Israel
509 5611 605 5677 ait,
629 5609 922 5666 Ecclesium
944 5605 1364 5678 quodammodo.
1393 5620 1490 5676 per
1515 5619 1729 5673 eorum,

230 5791 275 5826 “
310 5791 354 5852 ll
374 5791 502 5852 Cor.
525 5805 609 5861 tu,
639 5789 726 5848 l‘l.
803 5786 846 5818 "
873 5784 992 5841 Act.
1028 5800 1086 5852 ιι,
1112 5783 1169 5838 5.

1749 3193 1793 3249 C

1825 3230 2045 3286 vidente
2065 3229 2198 3292 Deo,
2219 3226 2426 3298 peragi,
2448 3233 2504 3281 et
2530 3239 2638 3279 non
2662 3222 2961 3292 corrumpi,
2989 3235 3167 3290 neque
3189 3217 3369 3272 vitiari
3392 3235 3406 3269 :

1826 3338 1950 3378 cum
1984 3320 2378 3392 permiscemus
2409 3317 2460 3372 ei
2501 3316 2832 3370 voluntatem
2859 3322 3126 3368 nostram.

1897 3413 2233 3482 Sacriﬁcium
2283 3409 2475 3466 similia
2535 3420 2829 3474 conspersa:
2872 3403 3007 3457 oleo.
3059 3399 3409 3468 'l'heologiam

1825 3517 1951 3556 eum
2009 3502 2380 3570 eleemosyna,
2447 3495 2554 3551 hoc
2613 3492 2760 3548 enim
2821 3489 3081 3562 praedicta
3144 3485 3408 3542 sacriﬁcia

1825 3593 2106 3650 subtiliter
2153 3591 2316 3646 nobis
2365 3589 2495 3645 olim
2549 3586 2798 3641 discussa
2841 3583 3219 3638 innotuerunt.
3267 3577 3410 3642 Quid

1825 3693 2007 3740 autem
2038 3684 2124 3738 his
2150 3696 2297 3736 nunc
2323 3679 2610 3734 subdidit?

1897 3775 2034 3842 Quia
2082 3773 2235 3828 hodie
2282 3770 2542 3825 Dominus
2585 3761 2863 3840 apparebit
2901 3765 3062 3820 vobis.
3111 3761 3226 3817 Hoc
3275 3776 3410 3817 con-

1827 3867 2001 3924 clusio
2029 3874 2086 3921 et
2115 3862 2364 3935 probatio
2394 3869 2499 3927 est,
2543 3860 2672 3932 quia
2696 3860 2764 3915 de
2797 3859 3119 3914 Pentecoste
3150 3852 3408 3925 praedicta

1828 3959 2010 4015 omnia
2055 3956 2420 4012 dicebantur:
2454 3952 2507 4007 in
2537 3969 2600 4009 ea
2631 3951 2777 4007 enim
2824 3949 2906 4004 eis
2948 3947 3200 4016 apparuit
3228 3943 3408 3999 Domi-

1830 4067 1954 4116 nus,
2007 4050 2234 4120 spiritus
2283 4047 2559 4111 videlicet,
2622 4045 2689 4099 de
2741 4059 2850 4113 quo
2900 4040 3104 4095 Paulus
3154 4038 3406 4094 dicebat:

1829 4145 2083 4202 Dominus
2133 4149 2314 4196 autem
2374 4139 2592 4208 spiritus
2645 4146 2722 4192 est
2751 4135 2816 4189 “.
2875 4131 3165 4198 Quomodo
3225 4137 3408 4183 autem

1830 4233 2115 4307 apparebit
2140 4233 2196 4287 in
2225 4231 2326 4295 eis,
2345 4230 2482 4286 dixit
2505 4229 2712 4284 Lucas:
2736 4227 2868 4282 Visis
2889 4233 3011 4280 sunt
3031 4224 3106 4278 eis
3125 4221 3412 4292 dispertita:

1830 4327 2059 4398 linguis,
2125 4326 2260 4380 sicut
2317 4323 2488 4395 ignis,
2544 4315 2593 4375 et
2650 4321 2896 4374 sederunt
2951 4307 3118 4387 supra
3175 4311 3411 4385 singulos

1832 4436 2014 4474 eorum
2037 4418 2103 4472 ⁸⁸.

1763 4531 1806 4585 ι)
1904 4509 2068 4565 Vsus.
2205 4525 2224 4559 ι
2262 4501 2530 4560 Tuleruut
2575 4515 2706 4572 ergo
2757 4507 2957 4556 cuncta
2999 4512 3122 4568 quis
3174 4495 3413 4585 jusserat

1824 4601 2034 4673 Moyses
2086 4598 2154 4654 ad
2208 4594 2412 4651 ostium
2469 4591 2826 4656 tabernaculi,
2882 4605 3008 4645 cum
3092 4586 3168 4642 ibi
3233 4584 3414 4641 omnis

1826 4699 2003 4748 staret
2032 4687 2351 4744 multitudo.
2394 4703 2413 4736 ι

1897 4783 2100 4853 Aperte
2134 4779 2226 4834 hic
2262 4776 2562 4832 Ecclesiam
2592 4770 2871 4841 exposuit.

1897 4874 1979 4928 Ad
1997 4871 2190 4925 ostium
2219 4865 2567 4920 tabernaculi.
2589 4861 2708 4927 Vel,
2727 4860 2869 4914 sicut
2897 4857 3058 4922 LXX,
3087 4866 3210 4911 ante
3235 4855 3412 4910 taber-

1830 4963 2080 5021 naculum
2115 4957 2418 5022 testimonii,
2455 4954 2714 5009 videlicet
2737 4949 2886 5005 coeli.
2909 4948 2966 5004 Si
2995 4947 3140 5003 enim
3170 4945 3411 5000 Ecclesia

1827 5049 2134 5124 frequentia
2167 5053 2254 5103 est
2279 5043 2602 5116 angelorum
2634 5037 3070 5111 primitivorum,
3095 5035 3187 5124 qui
3221 5032 3410 5124 scripti

1828 5123 1958 5200 sunt
1990 5142 2046 5198 in
2077 5138 2230 5196 caelis
2253 5145 2382 5191 ante
2415 5129 2833 5190 tabernaculum
2872 5123 3198 5188 testimonii,
3236 5123 3292 5178 id
3325 5131 3413 5178 est

1828 5244 1959 5292 ante
1992 5232 2186 5289 faciem
2219 5228 2366 5294 cadi,
2417 5226 2497 5282 sic
2554 5223 2702 5278 enim
2737 5229 2794 5276 et
2821 5219 3015 5290 Aquila
3065 5226 3190 5271 ante
3220 5215 3412 5288 faciem

1831 5329 2220 5397 interpretatus
2264 5329 2370 5384 est,
2412 5319 2519 5373 hoc
2550 5313 2694 5385 quod
2720 5312 2928 5368 dictum
2968 5317 3072 5376 est,
3109 5307 3413 5363 secundum

1837 5417 2000 5485 LXX,
2027 5426 2148 5471 ante
2180 5413 2478 5468 Dominum.
2514 5407 2571 5463 Si
2605 5422 2736 5478 ergo
2766 5405 2840 5460 ita
2881 5411 2987 5465 est.
3028 5417 3129 5474 pro
3166 5415 3233 5457 eo
3264 5398 3409 5469 quod

1839 5511 1905 5567 ad
1930 5510 2076 5565 illam
2098 5523 2157 5563 se
2173 5502 2649 5561 conversationem
2672 5507 2820 5571 apta,
2843 5503 2971 5552 ante
3003 5491 3409 5550 tabernaculum

1841 5609 1988 5657 recte
2018 5595 2352 5666 intelligitur.
2393 5592 2490 5660 llic
2517 5599 2698 5646 autem
2738 5587 2916 5644 omnis
2952 5582 3263 5649 multitudo,
3294 5579 3410 5640 sive
