  <div class='ocr_page' id='page_1' title='image "/cluster/home/n/w/nwhite01/storage/ocr_20150623/93/pst.000005712991/457.png"; bbox 0 0 3886 6306; ppageno 0'>
   <div class='ocr_carea' id='block_1_1' title="bbox 415 354 2485 442">
    <p class='ocr_par' dir='ltr' id='par_1_1' title="bbox 415 354 2485 442">
     <span class='ocr_line' id='line_1_1' title="bbox 415 354 2485 442; baseline -0.01 -1"><span class='ocrx_word' id='word_1_1' title='bbox 415 372 521 442; x_wconf 72' lang='grc'><strong>891</strong></span> <span class='ocrx_word' id='word_1_2' title='bbox 1609 354 1971 428; x_wconf 74' lang='lat' dir='ltr'><strong>HESYCHII</strong></span> <span class='ocrx_word' id='word_1_3' title='bbox 2008 362 2485 425; x_wconf 84' lang='lat' dir='ltr'><strong>PRESBYTERI</strong></span> 
     </span>
    </p>
   </div>
   <div class='ocr_carea' id='block_1_2' title="bbox 409 464 3793 572">
    <p class='ocr_par' dir='ltr' id='par_1_2' title="bbox 409 464 3793 572">
     <span class='ocr_line' id='line_1_2' title="bbox 409 464 3793 572; baseline -0.011 -27"><span class='ocrx_word' id='word_1_4' title='bbox 409 474 689 561; x_wconf 71' lang='lat' dir='ltr'><strong>synagoga</strong></span> <span class='ocrx_word' id='word_1_5' title='bbox 709 468 891 540; x_wconf 78' lang='lat' dir='ltr'><strong>omnis</strong></span> <span class='ocrx_word' id='word_1_6' title='bbox 921 481 1150 548; x_wconf 87' lang='lat' dir='ltr'><strong>accedit,</strong></span> <span class='ocrx_word' id='word_1_7' title='bbox 1183 480 1238 539; x_wconf 86' lang='lat' dir='ltr'><strong>id</strong></span> <span class='ocrx_word' id='word_1_8' title='bbox 1270 491 1370 547; x_wconf 86' lang='lat' dir='ltr'><strong>est,</strong></span> <span class='ocrx_word' id='word_1_9' title='bbox 1392 497 1455 536; x_wconf 90' lang='lat' dir='ltr'><strong>ea</strong></span> <span class='ocrx_word' id='word_1_10' title='bbox 1483 472 1604 552; x_wconf 74' lang='lat' dir='ltr'><strong>quce</strong></span> <span class='ocrx_word' id='word_1_11' title='bbox 1632 464 1700 536; x_wconf 66' lang='lat' dir='ltr'><strong>ei</strong></span> <span class='ocrx_word' id='word_1_12' title='bbox 1725 481 1981 535; x_wconf 88' lang='lat' dir='ltr'><strong>omnibus</strong></span> <span class='ocrx_word' id='word_1_13' title='bbox 2006 476 2055 535; x_wconf 72' lang='grc' dir='ltr'><strong>Ἀ</strong></span> <span class='ocrx_word' id='word_1_14' title='bbox 2082 468 2257 572; x_wconf 70' lang='lat' dir='ltr'><strong>iactus</strong></span> <span class='ocrx_word' id='word_1_15' title='bbox 2296 477 2380 531; x_wconf 85' lang='lat' dir='ltr'><strong>est</strong></span> <span class='ocrx_word' id='word_1_16' title='bbox 2414 472 2752 572; x_wconf 73' lang='lat' dir='ltr'><strong>propitiatio.</strong></span> <span class='ocrx_word' id='word_1_17' title='bbox 2808 472 2921 563; x_wconf 83' lang='lat' dir='ltr'><strong>Sed</strong></span> <span class='ocrx_word' id='word_1_18' title='bbox 2960 482 3017 527; x_wconf 91' lang='lat' dir='ltr'><strong>et</strong></span> <span class='ocrx_word' id='word_1_19' title='bbox 3058 464 3557 572; x_wconf 27' lang='lat' dir='ltr'><strong>promsenetipso.’</strong></span> <span class='ocrx_word' id='word_1_20' title='bbox 3579 486 3693 572; x_wconf 64' lang='lat' dir='ltr'><strong>cur</strong></span> <span class='ocrx_word' id='word_1_21' title='bbox 3788 504 3793 505; x_wconf 34' lang='grc' dir='ltr'><em>ν</em></span> 
     </span>
    </p>
   </div>
   <div class='ocr_carea' id='block_1_3' title="bbox 411 562 3692 647">
    <p class='ocr_par' dir='ltr' id='par_1_3' title="bbox 411 562 3692 647">
     <span class='ocr_line' id='line_1_3' title="bbox 411 562 3692 647; baseline -0.006 -13"><span class='ocrx_word' id='word_1_22' title='bbox 411 589 470 634; x_wconf 88' lang='lat' dir='ltr'><strong>et</strong></span> <span class='ocrx_word' id='word_1_23' title='bbox 500 576 742 646; x_wconf 87' lang='lat' dir='ltr'><strong>undique</strong></span> <span class='ocrx_word' id='word_1_24' title='bbox 775 586 859 631; x_wconf 89' lang='lat' dir='ltr'><strong>est</strong></span> <span class='ocrx_word' id='word_1_25' title='bbox 892 570 1256 647; x_wconf 70' lang='lat' dir='ltr'><strong>congregatio,</strong></span> <span class='ocrx_word' id='word_1_26' title='bbox 1292 573 1468 628; x_wconf 88' lang='lat' dir='ltr'><strong>oumis</strong></span> <span class='ocrx_word' id='word_1_27' title='bbox 1503 573 1704 643; x_wconf 85' lang='lat' dir='ltr'><strong>quippe</strong></span> <span class='ocrx_word' id='word_1_28' title='bbox 1754 572 1990 627; x_wconf 83' lang='lat' dir='ltr'><strong>contrita</strong></span> <span class='ocrx_word' id='word_1_29' title='bbox 2090 566 2215 647; x_wconf 84' lang='lat' dir='ltr'><strong>hoc,</strong></span> <span class='ocrx_word' id='word_1_30' title='bbox 2246 580 2370 619; x_wconf 91' lang='lat' dir='ltr'><strong>cum</strong></span> <span class='ocrx_word' id='word_1_31' title='bbox 2420 562 3019 635; x_wconf 73' lang='lat' dir='ltr'><strong>propitiationem‘non</strong></span> <span class='ocrx_word' id='word_1_32' title='bbox 3051 562 3232 634; x_wconf 75' lang='lat' dir='ltr'><strong>egeat,</strong></span> <span class='ocrx_word' id='word_1_33' title='bbox 3265 562 3444 632; x_wconf 83' lang='lat' dir='ltr'><strong>magis</strong></span> <span class='ocrx_word' id='word_1_34' title='bbox 3490 566 3692 615; x_wconf 79' lang='lat' dir='ltr'><strong>autem</strong></span> 
     </span>
    </p>
   </div>
   <div class='ocr_carea' id='block_1_4' title="bbox 410 651 3691 737">
    <p class='ocr_par' dir='ltr' id='par_1_4' title="bbox 410 651 3691 737">
     <span class='ocr_line' id='line_1_4' title="bbox 410 651 3691 737; baseline -0.006 -14"><span class='ocrx_word' id='word_1_35' title='bbox 410 669 631 731; x_wconf 87' lang='lat' dir='ltr'><strong>anima,</strong></span> <span class='ocrx_word' id='word_1_36' title='bbox 683 678 740 723; x_wconf 90' lang='lat' dir='ltr'><strong>et</strong></span> <span class='ocrx_word' id='word_1_37' title='bbox 788 656 1305 737; x_wconf 26' lang='lat' dir='ltr'><strong>omnis‘pecCanr,</strong></span> <span class='ocrx_word' id='word_1_38' title='bbox 1340 666 1519 721; x_wconf 88' lang='lat' dir='ltr'><strong>omnis</strong></span> <span class='ocrx_word' id='word_1_39' title='bbox 1560 664 1989 719; x_wconf 87' lang='lat' dir='ltr'><strong>misericordiam</strong></span> <span class='ocrx_word' id='word_1_40' title='bbox 2086 656 2206 726; x_wconf 73' lang='lat' dir='ltr'><strong>ipse</strong></span> <span class='ocrx_word' id='word_1_41' title='bbox 2268 663 2493 726; x_wconf 72' lang='lat' dir='ltr'><strong>praestet</strong></span> <span class='ocrx_word' id='word_1_42' title='bbox 2554 654 3000 725; x_wconf 84' lang='lat' dir='ltr'><strong>propitiationem</strong></span> <span class='ocrx_word' id='word_1_43' title='bbox 3049 653 3075 707; x_wconf 81' lang='lat'><strong>?</strong></span> <span class='ocrx_word' id='word_1_44' title='bbox 3134 651 3243 707; x_wconf 86' lang='lat' dir='ltr'><strong>Sed</strong></span> <span class='ocrx_word' id='word_1_45' title='bbox 3302 660 3362 707; x_wconf 90' lang='lat' dir='ltr'><strong>ut</strong></span> <span class='ocrx_word' id='word_1_46' title='bbox 3425 660 3691 707; x_wconf 74' lang='lat' dir='ltr'><strong>nostrum</strong></span> 
     </span>
    </p>
   </div>
   <div class='ocr_carea' id='block_1_5' title="bbox 397 756 1987 824">
    <p class='ocr_par' dir='ltr' id='par_1_5' title="bbox 397 756 1987 824">
     <span class='ocr_line' id='line_1_5' title="bbox 397 756 1987 824; baseline -0.003 -10"><span class='ocrx_word' id='word_1_47' title='bbox 397 758 780 816; x_wconf 76' lang='lat' dir='ltr'><strong>necessariam</strong></span> <span class='ocrx_word' id='word_1_48' title='bbox 806 756 1034 824; x_wconf 79' lang='lat' dir='ltr'><strong>habens,</strong></span> <span class='ocrx_word' id='word_1_49' title='bbox 1061 758 1242 814; x_wconf 88' lang='lat' dir='ltr'><strong>omnis</strong></span> <span class='ocrx_word' id='word_1_50' title='bbox 1263 759 1330 813; x_wconf 89' lang='lat' dir='ltr'><strong>ab</strong></span> <span class='ocrx_word' id='word_1_51' title='bbox 1355 773 1540 813; x_wconf 85' lang='lat' dir='ltr'><strong>errore</strong></span> <span class='ocrx_word' id='word_1_52' title='bbox 1561 758 1619 812; x_wconf 73' lang='lat' dir='ltr'><strong>Sc</strong></span> <span class='ocrx_word' id='word_1_53' title='bbox 1643 766 1987 822; x_wconf 84' lang='lat' dir='ltr'><strong>convertens,</strong></span> 
     </span>
    </p>
   </div>
   <div class='ocr_carea' id='block_1_6' title="bbox 412 845 1990 919">
    <p class='ocr_par' dir='ltr' id='par_1_6' title="bbox 412 845 1990 919">
     <span class='ocr_line' id='line_1_6' title="bbox 412 845 1990 919; baseline -0.003 -14"><span class='ocrx_word' id='word_1_54' title='bbox 412 852 474 907; x_wconf 90' lang='lat' dir='ltr'><strong>in</strong></span> <span class='ocrx_word' id='word_1_55' title='bbox 523 851 628 906; x_wconf 86' lang='lat' dir='ltr'><strong>hac</strong></span> <span class='ocrx_word' id='word_1_56' title='bbox 656 845 896 905; x_wconf 83' lang='lat' dir='ltr'><strong>Ecclesia</strong></span> <span class='ocrx_word' id='word_1_57' title='bbox 929 858 1313 919; x_wconf 85' lang='lat' dir='ltr'><strong>congregatur,</strong></span> <span class='ocrx_word' id='word_1_58' title='bbox 1369 865 1481 902; x_wconf 89' lang='lat' dir='ltr'><strong>non</strong></span> <span class='ocrx_word' id='word_1_59' title='bbox 1524 848 1699 903; x_wconf 90' lang='lat' dir='ltr'><strong>solum</strong></span> <span class='ocrx_word' id='word_1_60' title='bbox 1740 862 1858 911; x_wconf 87' lang='lat' dir='ltr'><strong>eos,</strong></span> <span class='ocrx_word' id='word_1_61' title='bbox 1897 846 1990 917; x_wconf 87' lang='lat' dir='ltr'><strong>qui</strong></span> 
     </span>
    </p>
   </div>
   <div class='ocr_carea' id='block_1_7' title="bbox 413 938 1993 1012">
    <p class='ocr_par' dir='ltr' id='par_1_7' title="bbox 413 938 1993 1012">
     <span class='ocr_line' id='line_1_7' title="bbox 413 938 1993 1012; baseline -0.003 -15"><span class='ocrx_word' id='word_1_62' title='bbox 413 943 484 997; x_wconf 81' lang='lat' dir='ltr'><strong>de.</strong></span> <span class='ocrx_word' id='word_1_63' title='bbox 515 939 710 1012; x_wconf 84' lang='lat' dir='ltr'><strong>plateis</strong></span> <span class='ocrx_word' id='word_1_64' title='bbox 760 949 811 995; x_wconf 91' lang='lat' dir='ltr'><strong>et</strong></span> <span class='ocrx_word' id='word_1_65' title='bbox 843 941 1168 1004; x_wconf 54' lang='lat' dir='ltr'><strong>vicisvsunt,</strong></span> <span class='ocrx_word' id='word_1_66' title='bbox 1213 939 1309 993; x_wconf 90' lang='lat' dir='ltr'><strong>sed</strong></span> <span class='ocrx_word' id='word_1_67' title='bbox 1342 947 1397 993; x_wconf 92' lang='lat' dir='ltr'><strong>et</strong></span> <span class='ocrx_word' id='word_1_68' title='bbox 1426 950 1521 993; x_wconf 88' lang='lat' dir='ltr'><strong>eos</strong></span> <span class='ocrx_word' id='word_1_69' title='bbox 1567 939 1658 1008; x_wconf 88' lang='lat' dir='ltr'><strong>qui</strong></span> <span class='ocrx_word' id='word_1_70' title='bbox 1690 938 1757 994; x_wconf 91' lang='lat' dir='ltr'><strong>de</strong></span> <span class='ocrx_word' id='word_1_71' title='bbox 1786 938 1909 1002; x_wconf 87' lang='lat' dir='ltr'><strong>viis,</strong></span> <span class='ocrx_word' id='word_1_72' title='bbox 1937 946 1993 992; x_wconf 89' lang='lat' dir='ltr'><strong>et</strong></span> 
     </span>
    </p>
   </div>
   <div class='ocr_carea' id='block_1_8' title="bbox 414 1030 1990 1103">
    <p class='ocr_par' dir='ltr' id='par_1_8' title="bbox 414 1030 1990 1103">
     <span class='ocr_line' id='line_1_8' title="bbox 414 1030 1990 1103; baseline -0.004 -14"><span class='ocrx_word' id='word_1_73' title='bbox 414 1034 482 1089; x_wconf 89' lang='lat' dir='ltr'><strong>de</strong></span> <span class='ocrx_word' id='word_1_74' title='bbox 525 1034 747 1103; x_wconf 88' lang='lat' dir='ltr'><strong>sepibus</strong></span> <span class='ocrx_word' id='word_1_75' title='bbox 798 1031 979 1087; x_wconf 87' lang='lat' dir='ltr'><strong>vocari</strong></span> <span class='ocrx_word' id='word_1_76' title='bbox 1010 1031 1358 1102; x_wconf 67' lang='lat' dir='ltr'><strong>praecipiens,</strong></span> <span class='ocrx_word' id='word_1_77' title='bbox 1401 1039 1460 1086; x_wconf 88' lang='lat' dir='ltr'><strong>ut</strong></span> <span class='ocrx_word' id='word_1_78' title='bbox 1505 1030 1740 1103; x_wconf 82' lang='lat' dir='ltr'><strong>regalem</strong></span> <span class='ocrx_word' id='word_1_79' title='bbox 1778 1044 1990 1086; x_wconf 69' lang='lat' dir='ltr'><strong>caenam</strong></span> 
     </span>
    </p>
   </div>
   <div class='ocr_carea' id='block_1_9' title="bbox 414 1122 1132 1199">
    <p class='ocr_par' dir='ltr' id='par_1_9' title="bbox 414 1122 1132 1199">
     <span class='ocr_line' id='line_1_9' title="bbox 414 1122 1132 1199; baseline -0.003 -21"><span class='ocrx_word' id='word_1_80' title='bbox 414 1124 784 1193; x_wconf 77' lang='lat' dir='ltr'><strong>ingredientes</strong></span> <span class='ocrx_word' id='word_1_81' title='bbox 812 1122 1132 1199; x_wconf 80' lang='lat' dir='ltr'><strong>implerent.</strong></span> 
     </span>
    </p>
   </div>
   <div class='ocr_carea' id='block_1_10' title="bbox 487 1208 1991 1285">
    <p class='ocr_par' dir='ltr' id='par_1_10' title="bbox 487 1208 1991 1285">
     <span class='ocr_line' id='line_1_10' title="bbox 487 1208 1991 1285; baseline 0.001 -18"><span class='ocrx_word' id='word_1_82' title='bbox 487 1212 653 1269; x_wconf 70' lang='lat' dir='ltr'><strong>Vens.</strong></span> <span class='ocrx_word' id='word_1_83' title='bbox 680 1214 731 1270; x_wconf 86' lang='lat'><strong>6.</strong></span> <span class='ocrx_word' id='word_1_84' title='bbox 772 1233 790 1265; x_wconf 86' lang='grc'><strong>‹</strong></span> <span class='ocrx_word' id='word_1_85' title='bbox 826 1214 915 1267; x_wconf 72' lang='lat' dir='ltr'><strong>Ait</strong></span> <span class='ocrx_word' id='word_1_86' title='bbox 965 1212 1216 1285; x_wconf 79' lang='lat' dir='ltr'><strong>Moyses:</strong></span> <span class='ocrx_word' id='word_1_87' title='bbox 1267 1212 1379 1269; x_wconf 86' lang='lat' dir='ltr'><strong>iste&#39;</strong></span> <span class='ocrx_word' id='word_1_88' title='bbox 1430 1222 1515 1269; x_wconf 90' lang='lat' dir='ltr'><strong>est</strong></span> <span class='ocrx_word' id='word_1_89' title='bbox 1569 1228 1768 1281; x_wconf 88' lang='lat' dir='ltr'><strong>sermo,</strong></span> <span class='ocrx_word' id='word_1_90' title='bbox 1828 1208 1991 1284; x_wconf 84' lang='lat' dir='ltr'><strong>quem</strong></span> 
     </span>
    </p>
   </div>
   <div class='ocr_carea' id='block_1_11' title="bbox 417 1298 1993 1375">
    <p class='ocr_par' dir='ltr' id='par_1_11' title="bbox 417 1298 1993 1375">
     <span class='ocr_line' id='line_1_11' title="bbox 417 1298 1993 1375; baseline 0.002 -19"><span class='ocrx_word' id='word_1_91' title='bbox 417 1307 675 1375; x_wconf 68' lang='lat' dir='ltr'><strong>prmcepit</strong></span> <span class='ocrx_word' id='word_1_92' title='bbox 738 1304 1024 1369; x_wconf 85' lang='lat' dir='ltr'><strong>Dominus,</strong></span> <span class='ocrx_word' id='word_1_93' title='bbox 1087 1303 1278 1369; x_wconf 75' lang='lat' dir='ltr'><strong>fat-ite,</strong></span> <span class='ocrx_word' id='word_1_94' title='bbox 1356 1310 1412 1358; x_wconf 87' lang='lat' dir='ltr'><strong>et</strong></span> <span class='ocrx_word' id='word_1_95' title='bbox 1478 1301 1787 1373; x_wconf 84' lang='lat' dir='ltr'><strong>apparebit</strong></span> <span class='ocrx_word' id='word_1_96' title='bbox 1837 1298 1993 1359; x_wconf 80' lang='lat' dir='ltr'><strong>vobis</strong></span> 
     </span>
    </p>
   </div>
   <div class='ocr_carea' id='block_1_12' title="bbox 417 1382 1839 1465">
    <p class='ocr_par' dir='ltr' id='par_1_12' title="bbox 417 1382 1839 1465">
     <span class='ocr_line' id='line_1_12' title="bbox 417 1382 1839 1465; baseline 0.002 -18"><span class='ocrx_word' id='word_1_97' title='bbox 417 1395 588 1465; x_wconf 78' lang='lat' dir='ltr'><strong>gloria</strong></span> <span class='ocrx_word' id='word_1_98' title='bbox 619 1395 761 1463; x_wconf 83' lang='lat' dir='ltr'><strong>ejus.</strong></span> <span class='ocrx_word' id='word_1_99' title='bbox 799 1414 818 1445; x_wconf 77' lang='grc' dir='ltr'><strong>ι</strong></span> <span class='ocrx_word' id='word_1_100' title='bbox 902 1384 905 1393; x_wconf 37' lang='grc' dir='ltr'>λ</span> <span class='ocrx_word' id='word_1_101' title='bbox 1116 1382 1121 1389; x_wconf 64' lang='grc'><strong>’</strong></span> <span class='ocrx_word' id='word_1_102' title='bbox 1834 1390 1839 1395; x_wconf 59' lang='grc'><strong>’</strong></span> 
     </span>
    </p>
   </div>
   <div class='ocr_carea' id='block_1_13' title="bbox 484 1474 1992 1555">
    <p class='ocr_par' dir='ltr' id='par_1_13' title="bbox 484 1474 1992 1555">
     <span class='ocr_line' id='line_1_13' title="bbox 484 1474 1992 1555; baseline 0.001 -14"><span class='ocrx_word' id='word_1_103' title='bbox 484 1484 723 1541; x_wconf 85' lang='lat' dir='ltr'><strong>Gloriam</strong></span> <span class='ocrx_word' id='word_1_104' title='bbox 752 1501 871 1540; x_wconf 90' lang='lat' dir='ltr'><strong>esse</strong></span> <span class='ocrx_word' id='word_1_105' title='bbox 891 1474 1105 1541; x_wconf 81' lang='lat' dir='ltr'><strong>Domini</strong></span> <span class='ocrx_word' id='word_1_106' title='bbox 1133 1487 1404 1555; x_wconf 84' lang='lat' dir='ltr'><strong>spiritum,</strong></span> <span class='ocrx_word' id='word_1_107' title='bbox 1439 1474 1728 1542; x_wconf 82' lang='lat' dir='ltr'><strong>manifeste</strong></span> <span class='ocrx_word' id='word_1_108' title='bbox 1748 1487 1992 1542; x_wconf 87' lang='lat' dir='ltr'><strong>ostendit</strong></span> 
     </span>
    </p>
   </div>
   <div class='ocr_carea' id='block_1_14' title="bbox 417 1573 2009 1647">
    <p class='ocr_par' dir='ltr' id='par_1_14' title="bbox 417 1573 2009 1647">
     <span class='ocr_line' id='line_1_14' title="bbox 417 1573 2009 1647; baseline 0.003 -20"><span class='ocrx_word' id='word_1_109' title='bbox 417 1576 564 1645; x_wconf 87' lang='lat' dir='ltr'><strong>quod</strong></span> <span class='ocrx_word' id='word_1_110' title='bbox 603 1573 800 1630; x_wconf 81' lang='lat' dir='ltr'><strong>Paulus</strong></span> <span class='ocrx_word' id='word_1_111' title='bbox 856 1577 925 1630; x_wconf 89' lang='lat' dir='ltr'><strong>ad</strong></span> <span class='ocrx_word' id='word_1_112' title='bbox 973 1576 1289 1630; x_wconf 84' lang='lat' dir='ltr'><strong>Corinthios</strong></span> <span class='ocrx_word' id='word_1_113' title='bbox 1343 1577 1561 1647; x_wconf 85' lang='lat' dir='ltr'><strong>scripsit</strong></span> <span class='ocrx_word' id='word_1_114' title='bbox 1603 1596 1614 1630; x_wconf 91' lang='lat'><strong>:</strong></span> <span class='ocrx_word' id='word_1_115' title='bbox 1662 1575 1767 1631; x_wconf 83' lang='lat' dir='ltr'><strong>Nos</strong></span> <span class='ocrx_word' id='word_1_116' title='bbox 1816 1584 2009 1633; x_wconf 67' lang='lat' dir='ltr'><strong>omnes</strong></span> 
     </span>
    </p>
   </div>
   <div class='ocr_carea' id='block_1_15' title="bbox 417 1661 1991 1733">
    <p class='ocr_par' dir='ltr' id='par_1_15' title="bbox 417 1661 1991 1733">
     <span class='ocr_line' id='line_1_15' title="bbox 417 1661 1991 1733; baseline 0.006 -21"><span class='ocrx_word' id='word_1_117' title='bbox 417 1661 651 1714; x_wconf 83' lang='lat' dir='ltr'><strong>revelata</strong></span> <span class='ocrx_word' id='word_1_118' title='bbox 681 1664 817 1733; x_wconf 86' lang='lat' dir='ltr'><strong>[acie</strong></span> <span class='ocrx_word' id='word_1_119' title='bbox 836 1662 1061 1732; x_wconf 79' lang='lat' dir='ltr'><strong>gloriam</strong></span> <span class='ocrx_word' id='word_1_120' title='bbox 1084 1663 1290 1717; x_wconf 84' lang='lat' dir='ltr'><strong>Domini</strong></span> <span class='ocrx_word' id='word_1_121' title='bbox 1306 1664 1649 1732; x_wconf 76' lang='lat' dir='ltr'><strong>speculantes,</strong></span> <span class='ocrx_word' id='word_1_122' title='bbox 1675 1667 1729 1719; x_wconf 86' lang='lat' dir='ltr'><strong>in</strong></span> <span class='ocrx_word' id='word_1_123' title='bbox 1754 1666 1991 1721; x_wconf 81' lang='lat' dir='ltr'><strong>eamdem</strong></span> 
     </span>
    </p>
   </div>
   <div class='ocr_carea' id='block_1_16' title="bbox 415 1744 1986 1828">
    <p class='ocr_par' dir='ltr' id='par_1_16' title="bbox 415 1744 1986 1828">
     <span class='ocr_line' id='line_1_16' title="bbox 415 1744 1986 1828; baseline 0.005 -25"><span class='ocrx_word' id='word_1_124' title='bbox 415 1752 702 1821; x_wconf 79' lang='lat' dir='ltr'><strong>imaginem</strong></span> <span class='ocrx_word' id='word_1_125' title='bbox 751 1754 1215 1822; x_wconf 75' lang='lat' dir='ltr'><strong>transformamur,</strong></span> <span class='ocrx_word' id='word_1_126' title='bbox 1270 1755 1332 1808; x_wconf 82' lang='lat' dir='ltr'><strong>de</strong></span> <span class='ocrx_word' id='word_1_127' title='bbox 1396 1744 1563 1826; x_wconf 63' lang='lat' dir='ltr'><strong>giaria</strong></span> <span class='ocrx_word' id='word_1_128' title='bbox 1624 1757 1678 1809; x_wconf 85' lang='lat' dir='ltr'><strong>in</strong></span> <span class='ocrx_word' id='word_1_129' title='bbox 1743 1750 1986 1828; x_wconf 71' lang='lat' dir='ltr'><strong>gloriam,</strong></span> 
     </span>
    </p>
   </div>
   <div class='ocr_carea' id='block_1_17' title="bbox 2084 744 3692 827">
    <p class='ocr_par' dir='ltr' id='par_1_17' title="bbox 2084 744 3692 827">
     <span class='ocr_line' id='line_1_17' title="bbox 2084 744 3692 827; baseline -0.001 -25"><span class='ocrx_word' id='word_1_130' title='bbox 2084 756 2372 818; x_wconf 78' lang='lat' dir='ltr'><strong>peccatum</strong></span> <span class='ocrx_word' id='word_1_131' title='bbox 2430 747 2756 827; x_wconf 89' lang='lat' dir='ltr'><strong>suscipiens,</strong></span> <span class='ocrx_word' id='word_1_132' title='bbox 2801 745 2965 799; x_wconf 90' lang='lat' dir='ltr'><strong>etiam</strong></span> <span class='ocrx_word' id='word_1_133' title='bbox 3007 761 3105 814; x_wconf 89' lang='lat' dir='ltr'><strong>pro</strong></span> <span class='ocrx_word' id='word_1_134' title='bbox 3150 744 3454 815; x_wconf 86' lang='lat' dir='ltr'><strong>semetipso</strong></span> <span class='ocrx_word' id='word_1_135' title='bbox 3483 745 3692 815; x_wconf 85' lang='lat' dir='ltr'><strong>depre-</strong></span> 
     </span>
    </p>
   </div>
   <div class='ocr_carea' id='block_1_18' title="bbox 2092 832 3691 902">
    <p class='ocr_par' dir='ltr' id='par_1_18' title="bbox 2092 832 3691 902">
     <span class='ocr_line' id='line_1_18' title="bbox 2092 832 3691 902; baseline 0.001 -11"><span class='ocrx_word' id='word_1_136' title='bbox 2092 841 2247 894; x_wconf 86' lang='lat' dir='ltr'><strong>catur</strong></span> <span class='ocrx_word' id='word_1_137' title='bbox 2283 854 2297 893; x_wconf 91' lang='lat'>:</span> <span class='ocrx_word' id='word_1_138' title='bbox 2330 838 2616 894; x_wconf 70' lang='lat' dir='ltr'><strong>evidenter</strong></span> <span class='ocrx_word' id='word_1_139' title='bbox 2645 838 2792 892; x_wconf 89' lang='lat' dir='ltr'><strong>enim</strong></span> <span class='ocrx_word' id='word_1_140' title='bbox 2831 836 2936 890; x_wconf 91' lang='lat' dir='ltr'><strong>hoc</strong></span> <span class='ocrx_word' id='word_1_141' title='bbox 2982 835 3223 891; x_wconf 81' lang='lat' dir='ltr'><strong>hominis</strong></span> <span class='ocrx_word' id='word_1_142' title='bbox 3256 845 3362 901; x_wconf 87' lang='lat' dir='ltr'><strong>est,</strong></span> <span class='ocrx_word' id='word_1_143' title='bbox 3391 832 3607 902; x_wconf 78' lang='lat' dir='ltr'><strong>etDci,</strong></span> <span class='ocrx_word' id='word_1_144' title='bbox 3635 837 3691 892; x_wconf 82' lang='lat' dir='ltr'><strong>id</strong></span> 
     </span>
    </p>
   </div>
   <div class='ocr_carea' id='block_1_19' title="bbox 2092 925 3690 1002">
    <p class='ocr_par' dir='ltr' id='par_1_19' title="bbox 2092 925 3690 1002">
     <span class='ocr_line' id='line_1_19' title="bbox 2092 925 3690 1002; baseline -0.001 -15"><span class='ocrx_word' id='word_1_145' title='bbox 2092 942 2195 998; x_wconf 89' lang='lat' dir='ltr'><strong>est,</strong></span> <span class='ocrx_word' id='word_1_146' title='bbox 2239 932 2378 987; x_wconf 82' lang='lat' dir='ltr'><strong>sicut</strong></span> <span class='ocrx_word' id='word_1_147' title='bbox 2419 928 2659 986; x_wconf 86' lang='lat' dir='ltr'><strong>hominis</strong></span> <span class='ocrx_word' id='word_1_148' title='bbox 2713 925 3151 1002; x_wconf 83' lang='lat' dir='ltr'><strong>propitiationem</strong></span> <span class='ocrx_word' id='word_1_149' title='bbox 3200 930 3585 999; x_wconf 85' lang='lat' dir='ltr'><strong>suscipientis,</strong></span> <span class='ocrx_word' id='word_1_150' title='bbox 3634 942 3690 986; x_wconf 81' lang='lat' dir='ltr'><strong>et</strong></span> 
     </span>
    </p>
   </div>
   <div class='ocr_carea' id='block_1_20' title="bbox 2093 1020 3690 1089">
    <p class='ocr_par' dir='ltr' id='par_1_20' title="bbox 2093 1020 3690 1089">
     <span class='ocr_line' id='line_1_20' title="bbox 2093 1020 3690 1089; baseline 0 -13"><span class='ocrx_word' id='word_1_151' title='bbox 2093 1023 2235 1077; x_wconf 83' lang='lat' dir='ltr'><strong>sicut</strong></span> <span class='ocrx_word' id='word_1_152' title='bbox 2289 1020 2386 1076; x_wconf 85' lang='lat' dir='ltr'><strong>Dei</strong></span> <span class='ocrx_word' id='word_1_153' title='bbox 2443 1021 2661 1077; x_wconf 84' lang='lat' dir='ltr'><strong>sibimet</strong></span> <span class='ocrx_word' id='word_1_154' title='bbox 2718 1020 3049 1089; x_wconf 70' lang='lat' dir='ltr'><strong>praestantis.</strong></span> <span class='ocrx_word' id='word_1_155' title='bbox 3110 1020 3264 1074; x_wconf 84' lang='lat' dir='ltr'><strong>Alter</strong></span> <span class='ocrx_word' id='word_1_156' title='bbox 3310 1021 3464 1073; x_wconf 88' lang='lat' dir='ltr'><strong>enim</strong></span> <span class='ocrx_word' id='word_1_157' title='bbox 3518 1021 3690 1076; x_wconf 87' lang='lat' dir='ltr'><strong>homo</strong></span> 
     </span>
    </p>
   </div>
   <div class='ocr_carea' id='block_1_21' title="bbox 2091 1107 3579 1180">
    <p class='ocr_par' dir='ltr' id='par_1_21' title="bbox 2091 1107 3579 1180">
     <span class='ocr_line' id='line_1_21' title="bbox 2091 1107 3579 1180; baseline -0.003 -15"><span class='ocrx_word' id='word_1_158' title='bbox 2091 1108 2414 1180; x_wconf 84' lang='lat' dir='ltr'><strong>sibimetipsi</strong></span> <span class='ocrx_word' id='word_1_159' title='bbox 2445 1107 2895 1178; x_wconf 84' lang='lat' dir='ltr'><strong>prepitiationem‘</strong></span> <span class='ocrx_word' id='word_1_160' title='bbox 2926 1112 3188 1176; x_wconf 74' lang='lat' dir='ltr'><strong>prmstare</strong></span> <span class='ocrx_word' id='word_1_161' title='bbox 3219 1121 3329 1160; x_wconf 88' lang='lat' dir='ltr'><strong>non</strong></span> <span class='ocrx_word' id='word_1_162' title='bbox 3358 1108 3579 1176; x_wconf 76' lang='lat' dir='ltr'><strong>potest.</strong></span> 
     </span>
    </p>
   </div>
   <div class='ocr_carea' id='block_1_22' title="bbox 2161 1194 3691 1268">
    <p class='ocr_par' dir='ltr' id='par_1_22' title="bbox 2161 1194 3691 1268">
     <span class='ocr_line' id='line_1_22' title="bbox 2161 1194 3691 1268; baseline -0.001 -12"><span class='ocrx_word' id='word_1_163' title='bbox 2161 1200 2326 1256; x_wconf 72' lang='lat' dir='ltr'><strong>Vens.</strong></span> <span class='ocrx_word' id='word_1_164' title='bbox 2373 1199 2523 1255; x_wconf 74' lang='lat' dir='ltr'><strong>8-H.</strong></span> <span class='ocrx_word' id='word_1_165' title='bbox 2594 1218 2613 1250; x_wconf 69' lang='grc' dir='ltr'>ε</span> <span class='ocrx_word' id='word_1_166' title='bbox 2658 1194 2964 1268; x_wconf 77' lang='lat' dir='ltr'><strong>Statimque</strong></span> <span class='ocrx_word' id='word_1_167' title='bbox 3025 1201 3209 1252; x_wconf 81' lang='lat' dir='ltr'><strong>Aaron</strong></span> <span class='ocrx_word' id='word_1_168' title='bbox 3273 1198 3561 1253; x_wconf 78' lang='lat' dir='ltr'><strong>accedens</strong></span> <span class='ocrx_word' id='word_1_169' title='bbox 3621 1200 3691 1255; x_wconf 78' lang='lat' dir='ltr'><strong>ad</strong></span> 
     </span>
    </p>
   </div>
   <div class='ocr_carea' id='block_1_23' title="bbox 2091 1289 3690 1361">
    <p class='ocr_par' dir='ltr' id='par_1_23' title="bbox 2091 1289 3690 1361">
     <span class='ocr_line' id='line_1_23' title="bbox 2091 1289 3690 1361; baseline 0 -14"><span class='ocrx_word' id='word_1_170' title='bbox 2091 1294 2281 1358; x_wconf 89' lang='lat' dir='ltr'><strong>altare,</strong></span> <span class='ocrx_word' id='word_1_171' title='bbox 2324 1292 2626 1347; x_wconf 83' lang='lat' dir='ltr'><strong>immolavit</strong></span> <span class='ocrx_word' id='word_1_172' title='bbox 2667 1289 2900 1345; x_wconf 84' lang='lat' dir='ltr'><strong>vitulum</strong></span> <span class='ocrx_word' id='word_1_173' title='bbox 2953 1306 3053 1361; x_wconf 91' lang='lat' dir='ltr'><strong>pro</strong></span> <span class='ocrx_word' id='word_1_174' title='bbox 3095 1299 3324 1360; x_wconf 85' lang='lat' dir='ltr'><strong>peccato</strong></span> <span class='ocrx_word' id='word_1_175' title='bbox 3365 1306 3495 1357; x_wconf 88' lang='lat' dir='ltr'><strong>suo,</strong></span> <span class='ocrx_word' id='word_1_176' title='bbox 3526 1292 3690 1359; x_wconf 84' lang='lat' dir='ltr'><strong>cujus</strong></span> 
     </span>
    </p>
   </div>
   <div class='ocr_carea' id='block_1_24' title="bbox 2092 1381 3691 1456">
    <p class='ocr_par' dir='ltr' id='par_1_24' title="bbox 2092 1381 3691 1456">
     <span class='ocr_line' id='line_1_24' title="bbox 2092 1381 3691 1456; baseline 0.001 -19"><span class='ocrx_word' id='word_1_177' title='bbox 2092 1385 2410 1454; x_wconf 86' lang='lat' dir='ltr'><strong>sanguinem</strong></span> <span class='ocrx_word' id='word_1_178' title='bbox 2469 1382 2786 1438; x_wconf 87' lang='lat' dir='ltr'><strong>obtulerunt</strong></span> <span class='ocrx_word' id='word_1_179' title='bbox 2830 1381 2882 1436; x_wconf 91' lang='lat' dir='ltr'><strong>ei</strong></span> <span class='ocrx_word' id='word_1_180' title='bbox 2925 1382 3023 1437; x_wconf 85' lang='lat' dir='ltr'><strong>ﬁlii</strong></span> <span class='ocrx_word' id='word_1_181' title='bbox 3063 1381 3168 1437; x_wconf 87' lang='lat' dir='ltr'><strong>sui.</strong></span> <span class='ocrx_word' id='word_1_182' title='bbox 3208 1381 3269 1437; x_wconf 90' lang='lat' dir='ltr'><strong>In</strong></span> <span class='ocrx_word' id='word_1_183' title='bbox 3307 1397 3421 1453; x_wconf 88' lang='lat' dir='ltr'><strong>quo</strong></span> <span class='ocrx_word' id='word_1_184' title='bbox 3464 1385 3691 1456; x_wconf 80' lang='lat' dir='ltr'><strong>tingeus</strong></span> 
     </span>
    </p>
   </div>
   <div class='ocr_carea' id='block_1_25' title="bbox 2092 1473 3690 1546">
    <p class='ocr_par' dir='ltr' id='par_1_25' title="bbox 2092 1473 3690 1546">
     <span class='ocr_line' id='line_1_25' title="bbox 2092 1473 3690 1546; baseline 0.001 -15"><span class='ocrx_word' id='word_1_185' title='bbox 2092 1477 2339 1546; x_wconf 79' lang='lat' dir='ltr'><strong>digitum,</strong></span> <span class='ocrx_word' id='word_1_186' title='bbox 2377 1474 2555 1545; x_wconf 76' lang='lat' dir='ltr'><strong>tetigit</strong></span> <span class='ocrx_word' id='word_1_187' title='bbox 2579 1489 2782 1531; x_wconf 85' lang='lat' dir='ltr'><strong>cornua</strong></span> <span class='ocrx_word' id='word_1_188' title='bbox 2802 1474 3012 1538; x_wconf 79' lang='lat' dir='ltr'><strong>altaris,</strong></span> <span class='ocrx_word' id='word_1_189' title='bbox 3050 1481 3106 1527; x_wconf 89' lang='lat' dir='ltr'><strong>et</strong></span> <span class='ocrx_word' id='word_1_190' title='bbox 3130 1473 3274 1528; x_wconf 80' lang='lat' dir='ltr'><strong>fudit</strong></span> <span class='ocrx_word' id='word_1_191' title='bbox 3299 1474 3599 1530; x_wconf 84' lang='lat' dir='ltr'><strong>residuum</strong></span> <span class='ocrx_word' id='word_1_192' title='bbox 3624 1478 3690 1532; x_wconf 78' lang='lat' dir='ltr'><strong>ad</strong></span> 
     </span>
    </p>
   </div>
   <div class='ocr_carea' id='block_1_26' title="bbox 2092 1563 3690 1636">
    <p class='ocr_par' dir='ltr' id='par_1_26' title="bbox 2092 1563 3690 1636">
     <span class='ocr_line' id='line_1_26' title="bbox 2092 1563 3690 1636; baseline 0.004 -17"><span class='ocrx_word' id='word_1_193' title='bbox 2092 1566 2262 1619; x_wconf 83' lang='lat' dir='ltr'><strong>basim</strong></span> <span class='ocrx_word' id='word_1_194' title='bbox 2285 1566 2424 1634; x_wconf 88' lang='lat' dir='ltr'><strong>ejus.</strong></span> <span class='ocrx_word' id='word_1_195' title='bbox 2444 1563 2784 1636; x_wconf 76' lang='lat' dir='ltr'><strong>Adipemque</strong></span> <span class='ocrx_word' id='word_1_196' title='bbox 2809 1580 2873 1619; x_wconf 88' lang='lat' dir='ltr'><strong>ac</strong></span> <span class='ocrx_word' id='word_1_197' title='bbox 2906 1568 3260 1634; x_wconf 83' lang='lat' dir='ltr'><strong>renunculos,</strong></span> <span class='ocrx_word' id='word_1_198' title='bbox 3295 1577 3351 1623; x_wconf 91' lang='lat' dir='ltr'><strong>et</strong></span> <span class='ocrx_word' id='word_1_199' title='bbox 3382 1570 3690 1626; x_wconf 85' lang='lat' dir='ltr'><strong>reticulum</strong></span> 
     </span>
    </p>
   </div>
   <div class='ocr_carea' id='block_1_27' title="bbox 2088 1650 3687 1728">
    <p class='ocr_par' dir='ltr' id='par_1_27' title="bbox 2088 1650 3687 1728">
     <span class='ocr_line' id='line_1_27' title="bbox 2088 1650 3687 1728; baseline 0.005 -22"><span class='ocrx_word' id='word_1_200' title='bbox 2088 1650 2308 1721; x_wconf 87' lang='lat' dir='ltr'><strong>jccoris,</strong></span> <span class='ocrx_word' id='word_1_201' title='bbox 2340 1666 2461 1721; x_wconf 77' lang='lat' dir='ltr'><strong>quae</strong></span> <span class='ocrx_word' id='word_1_202' title='bbox 2486 1662 2615 1707; x_wconf 88' lang='lat' dir='ltr'><strong>sunt</strong></span> <span class='ocrx_word' id='word_1_203' title='bbox 2638 1669 2738 1722; x_wconf 87' lang='lat' dir='ltr'><strong>pro</strong></span> <span class='ocrx_word' id='word_1_204' title='bbox 2754 1666 3001 1723; x_wconf 87' lang='lat' dir='ltr'><strong>peccato,</strong></span> <span class='ocrx_word' id='word_1_205' title='bbox 3024 1656 3263 1712; x_wconf 83' lang='lat' dir='ltr'><strong>adolevit</strong></span> <span class='ocrx_word' id='word_1_206' title='bbox 3287 1673 3464 1728; x_wconf 85' lang='lat' dir='ltr'><strong>super</strong></span> <span class='ocrx_word' id='word_1_207' title='bbox 3486 1660 3687 1727; x_wconf 81' lang='lat' dir='ltr'><strong>altare,</strong></span> 
     </span>
    </p>
   </div>
   <div class='ocr_carea' id='block_1_28' title="bbox 2094 1744 3689 1819">
    <p class='ocr_par' dir='ltr' id='par_1_28' title="bbox 2094 1744 3689 1819">
     <span class='ocr_line' id='line_1_28' title="bbox 2094 1744 3689 1819; baseline 0.006 -22"><span class='ocrx_word' id='word_1_208' title='bbox 2094 1744 2233 1797; x_wconf 86' lang='lat' dir='ltr'><strong>sicut</strong></span> <span class='ocrx_word' id='word_1_209' title='bbox 2276 1744 2607 1814; x_wconf 76' lang='lat' dir='ltr'><strong>praeceperat</strong></span> <span class='ocrx_word' id='word_1_210' title='bbox 2653 1745 2935 1801; x_wconf 78' lang='lat' dir='ltr'><strong>Dominus</strong></span> <span class='ocrx_word' id='word_1_211' title='bbox 2970 1747 3161 1819; x_wconf 80' lang='lat' dir='ltr'><strong>Moysi.</strong></span> <span class='ocrx_word' id='word_1_212' title='bbox 3210 1746 3423 1804; x_wconf 88' lang='lat' dir='ltr'><strong>Carnes</strong></span> <span class='ocrx_word' id='word_1_213' title='bbox 3454 1766 3594 1805; x_wconf 84' lang='lat' dir='ltr'><strong>vere</strong></span> <span class='ocrx_word' id='word_1_214' title='bbox 3637 1762 3689 1807; x_wconf 83' lang='lat' dir='ltr'><strong>et</strong></span> 
     </span>
    </p>
   </div>
   <div class='ocr_carea' id='block_1_29' title="bbox 423 1805 3692 1915">
    <p class='ocr_par' dir='ltr' id='par_1_29' title="bbox 423 1805 3692 1915">
     <span class='ocr_line' id='line_1_29' title="bbox 423 1805 3692 1915; baseline 0.004 -21"><span class='ocrx_word' id='word_1_215' title='bbox 423 1805 561 1894; x_wconf 71' lang='lat' dir='ltr'><strong>sicut</strong></span> <span class='ocrx_word' id='word_1_216' title='bbox 590 1857 621 1894; x_wconf 92' lang='lat' dir='ltr'><strong>a</strong></span> <span class='ocrx_word' id='word_1_217' title='bbox 652 1842 866 1895; x_wconf 80' lang='lat' dir='ltr'><strong>Domini</strong></span> <span class='ocrx_word' id='word_1_218' title='bbox 902 1805 1093 1911; x_wconf 58' lang='lat' dir='ltr'><strong>spiritu</strong></span> <span class='ocrx_word' id='word_1_219' title='bbox 1132 1842 1197 1897; x_wconf 79' lang='lat'><strong>&quot;‘.</strong></span> <span class='ocrx_word' id='word_1_220' title='bbox 1254 1843 1321 1898; x_wconf 87' lang='lat' dir='ltr'><strong>Ut</strong></span> <span class='ocrx_word' id='word_1_221' title='bbox 1372 1805 1500 1914; x_wconf 52' lang='lat' dir='ltr'><strong>ergo</strong></span> <span class='ocrx_word' id='word_1_222' title='bbox 1546 1845 1713 1915; x_wconf 83' lang='lat' dir='ltr'><strong>gloria</strong></span> <span class='ocrx_word' id='word_1_223' title='bbox 1743 1805 1988 1901; x_wconf 50' lang='lat' dir='ltr'><strong>JDomini</strong></span> <span class='ocrx_word' id='word_1_224' title='bbox 2021 1805 2067 1865; x_wconf 70' lang='grc' dir='ltr'><strong><em>Β</em></strong></span> <span class='ocrx_word' id='word_1_225' title='bbox 2096 1832 2290 1900; x_wconf 41' lang='lat' dir='ltr'><strong>liancm</strong></span> <span class='ocrx_word' id='word_1_226' title='bbox 2316 1832 2437 1901; x_wconf 64' lang='lat' dir='ltr'><strong>eius</strong></span> <span class='ocrx_word' id='word_1_227' title='bbox 2460 1839 2608 1887; x_wconf 54' lang='lat' dir='ltr'><strong>cura</strong></span> <span class='ocrx_word' id='word_1_228' title='bbox 2636 1837 2824 1901; x_wconf 43' lang='lat'><strong>3335&quot;“</strong></span> <span class='ocrx_word' id='word_1_229' title='bbox 2855 1835 3157 1891; x_wconf 60' lang='grc' dir='ltr'><strong>θοωῧυεείῑ</strong></span> <span class='ocrx_word' id='word_1_230' title='bbox 3200 1837 3333 1907; x_wconf 56' lang='grc' dir='ltr'><strong>Ῑέιδῖ·</strong></span> <span class='ocrx_word' id='word_1_231' title='bbox 3370 1836 3692 1894; x_wconf 61' lang='grc' dir='ltr'><strong>Ῑωωοιπίί</strong></span> 
     </span>
    </p>
   </div>
   <div class='ocr_carea' id='block_1_30' title="bbox 417 1931 1988 2006">
    <p class='ocr_par' dir='ltr' id='par_1_30' title="bbox 417 1931 1988 2006">
     <span class='ocr_line' id='line_1_30' title="bbox 417 1931 1988 2006; baseline 0.005 -23"><span class='ocrx_word' id='word_1_232' title='bbox 417 1931 718 1995; x_wconf 80' lang='lat' dir='ltr'><strong>videretur,</strong></span> <span class='ocrx_word' id='word_1_233' title='bbox 754 1933 805 1987; x_wconf 89' lang='lat' dir='ltr'><strong>id</strong></span> <span class='ocrx_word' id='word_1_234' title='bbox 834 1942 935 1997; x_wconf 88' lang='lat' dir='ltr'><strong>est,</strong></span> <span class='ocrx_word' id='word_1_235' title='bbox 970 1943 1031 1987; x_wconf 88' lang='lat' dir='ltr'><strong>ut</strong></span> <span class='ocrx_word' id='word_1_236' title='bbox 1053 1934 1318 1987; x_wconf 82' lang='lat' dir='ltr'><strong>adventus</strong></span> <span class='ocrx_word' id='word_1_237' title='bbox 1348 1935 1714 1989; x_wconf 81' lang='lat' dir='ltr'><strong>celebraretur</strong></span> <span class='ocrx_word' id='word_1_238' title='bbox 1743 1936 1988 2006; x_wconf 84' lang='lat' dir='ltr'><strong>spiritus,</strong></span> 
     </span>
    </p>
   </div>
   <div class='ocr_carea' id='block_1_31' title="bbox 418 2020 1987 2096">
    <p class='ocr_par' dir='ltr' id='par_1_31' title="bbox 418 2020 1987 2096">
     <span class='ocr_line' id='line_1_31' title="bbox 418 2020 1987 2096; baseline 0.006 -24"><span class='ocrx_word' id='word_1_239' title='bbox 418 2020 520 2072; x_wconf 87' lang='lat' dir='ltr'><strong>iste</strong></span> <span class='ocrx_word' id='word_1_240' title='bbox 551 2028 633 2074; x_wconf 90' lang='lat' dir='ltr'><strong>est</strong></span> <span class='ocrx_word' id='word_1_241' title='bbox 684 2036 881 2085; x_wconf 89' lang='lat' dir='ltr'><strong>sermo,</strong></span> <span class='ocrx_word' id='word_1_242' title='bbox 938 2023 1135 2091; x_wconf 84' lang='lat' dir='ltr'><strong>inquit,</strong></span> <span class='ocrx_word' id='word_1_243' title='bbox 1175 2034 1335 2092; x_wconf 86' lang='lat' dir='ltr'><strong>quem</strong></span> <span class='ocrx_word' id='word_1_244' title='bbox 1385 2025 1647 2096; x_wconf 73' lang='lat' dir='ltr'><strong>praecepit</strong></span> <span class='ocrx_word' id='word_1_245' title='bbox 1692 2025 1987 2083; x_wconf 77' lang='lat' dir='ltr'><strong>Deminus:</strong></span> 
     </span>
    </p>
   </div>
   <div class='ocr_carea' id='block_1_32' title="bbox 418 2110 1992 2187">
    <p class='ocr_par' dir='ltr' id='par_1_32' title="bbox 418 2110 1992 2187">
     <span class='ocr_line' id='line_1_32' title="bbox 418 2110 1992 2187; baseline 0.01 -24"><span class='ocrx_word' id='word_1_246' title='bbox 418 2110 602 2165; x_wconf 79' lang='lat' dir='ltr'><strong>Facite</strong></span> <span class='ocrx_word' id='word_1_247' title='bbox 629 2111 883 2168; x_wconf 80' lang='lat' dir='ltr'><strong>videlicet</strong></span> <span class='ocrx_word' id='word_1_248' title='bbox 908 2115 1166 2185; x_wconf 79' lang='lat' dir='ltr'><strong>mysticus</strong></span> <span class='ocrx_word' id='word_1_249' title='bbox 1200 2116 1267 2170; x_wconf 86' lang='lat' dir='ltr'><strong>de</strong></span> <span class='ocrx_word' id='word_1_250' title='bbox 1300 2132 1411 2186; x_wconf 91' lang='lat' dir='ltr'><strong>quo</strong></span> <span class='ocrx_word' id='word_1_251' title='bbox 1441 2112 1781 2187; x_wconf 70' lang='lat' dir='ltr'><strong>praeceperat</strong></span> <span class='ocrx_word' id='word_1_252' title='bbox 1811 2119 1992 2177; x_wconf 86' lang='lat' dir='ltr'><strong>Domi-</strong></span> 
     </span>
    </p>
   </div>
   <div class='ocr_carea' id='block_1_33' title="bbox 417 2200 1989 2275">
    <p class='ocr_par' dir='ltr' id='par_1_33' title="bbox 417 2200 1989 2275">
     <span class='ocr_line' id='line_1_33' title="bbox 417 2200 1989 2275; baseline 0.009 -21"><span class='ocrx_word' id='word_1_253' title='bbox 417 2216 540 2255; x_wconf 88' lang='lat' dir='ltr'><strong>nus.</strong></span> <span class='ocrx_word' id='word_1_254' title='bbox 606 2202 717 2257; x_wconf 81' lang='lat' dir='ltr'><strong>Hoc</strong></span> <span class='ocrx_word' id='word_1_255' title='bbox 782 2204 941 2275; x_wconf 81' lang='lat' dir='ltr'><strong>facite</strong></span> <span class='ocrx_word' id='word_1_256' title='bbox 999 2207 1053 2259; x_wconf 77' lang='lat' dir='ltr'><strong>in</strong></span> <span class='ocrx_word' id='word_1_257' title='bbox 1104 2218 1281 2261; x_wconf 83' lang='lat' dir='ltr'><strong>meam</strong></span> <span class='ocrx_word' id='word_1_258' title='bbox 1344 2200 1893 2267; x_wconf 76' lang='lat' dir='ltr'><strong>commemorationem</strong></span> <span class='ocrx_word' id='word_1_259' title='bbox 1920 2204 1989 2268; x_wconf 78' lang='lat'><strong>“’.</strong></span> 
     </span>
    </p>
   </div>
   <div class='ocr_carea' id='block_1_34' title="bbox 415 2289 1990 2366">
    <p class='ocr_par' dir='ltr' id='par_1_34' title="bbox 415 2289 1990 2366">
     <span class='ocr_line' id='line_1_34' title="bbox 415 2289 1990 2366; baseline 0.011 -25"><span class='ocrx_word' id='word_1_260' title='bbox 415 2289 735 2346; x_wconf 80' lang='lat' dir='ltr'><strong>Sermonem</strong></span> <span class='ocrx_word' id='word_1_261' title='bbox 773 2303 954 2348; x_wconf 89' lang='lat' dir='ltr'><strong>autem</strong></span> <span class='ocrx_word' id='word_1_262' title='bbox 1001 2294 1273 2366; x_wconf 83' lang='lat' dir='ltr'><strong>legislator</strong></span> <span class='ocrx_word' id='word_1_263' title='bbox 1304 2312 1370 2351; x_wconf 83' lang='lat' dir='ltr'><strong>ex</strong></span> <span class='ocrx_word' id='word_1_264' title='bbox 1415 2301 1810 2355; x_wconf 84' lang='lat' dir='ltr'><strong>consuetudine</strong></span> <span class='ocrx_word' id='word_1_265' title='bbox 1859 2302 1990 2358; x_wconf 89' lang='lat' dir='ltr'><strong>illud</strong></span> 
     </span>
    </p>
   </div>
   <div class='ocr_carea' id='block_1_35' title="bbox 411 2384 1991 2462">
    <p class='ocr_par' dir='ltr' id='par_1_35' title="bbox 411 2384 1991 2462">
     <span class='ocr_line' id='line_1_35' title="bbox 411 2384 1991 2462; baseline 0.009 -28"><span class='ocrx_word' id='word_1_266' title='bbox 411 2392 592 2448; x_wconf 90' lang='lat' dir='ltr'><strong>vocat,</strong></span> <span class='ocrx_word' id='word_1_267' title='bbox 615 2384 738 2452; x_wconf 86' lang='lat' dir='ltr'><strong>quia</strong></span> <span class='ocrx_word' id='word_1_268' title='bbox 764 2385 887 2454; x_wconf 83' lang='lat' dir='ltr'><strong>plus</strong></span> <span class='ocrx_word' id='word_1_269' title='bbox 918 2398 1172 2441; x_wconf 87' lang='lat' dir='ltr'><strong>sermone</strong></span> <span class='ocrx_word' id='word_1_270' title='bbox 1197 2384 1444 2443; x_wconf 84' lang='lat' dir='ltr'><strong>subsistit</strong></span> <span class='ocrx_word' id='word_1_271' title='bbox 1466 2389 1634 2461; x_wconf 77' lang='lat' dir='ltr'><strong>huius</strong></span> <span class='ocrx_word' id='word_1_272' title='bbox 1655 2390 1991 2462; x_wconf 86' lang='lat' dir='ltr'><strong>dispensatio</strong></span> 
     </span>
    </p>
   </div>
   <div class='ocr_carea' id='block_1_36' title="bbox 414 2473 2025 2552">
    <p class='ocr_par' dir='ltr' id='par_1_36' title="bbox 414 2473 2025 2552">
     <span class='ocr_line' id='line_1_36' title="bbox 414 2473 2025 2552; baseline 0.007 -26"><span class='ocrx_word' id='word_1_273' title='bbox 414 2473 679 2543; x_wconf 89' lang='lat' dir='ltr'><strong>mysterii,</strong></span> <span class='ocrx_word' id='word_1_274' title='bbox 705 2475 941 2529; x_wconf 82' lang='lat' dir='ltr'><strong>maxime</strong></span> <span class='ocrx_word' id='word_1_275' title='bbox 967 2474 1247 2532; x_wconf 86' lang='lat' dir='ltr'><strong>Dominico</strong></span> <span class='ocrx_word' id='word_1_276' title='bbox 1276 2479 1445 2534; x_wconf 83' lang='lat' dir='ltr'><strong>verbo</strong></span> <span class='ocrx_word' id='word_1_277' title='bbox 1471 2495 1533 2534; x_wconf 90' lang='lat' dir='ltr'><strong>ea</strong></span> <span class='ocrx_word' id='word_1_278' title='bbox 1555 2496 1677 2551; x_wconf 62' lang='lat' dir='ltr'><strong>quae</strong></span> <span class='ocrx_word' id='word_1_279' title='bbox 1705 2492 1987 2552; x_wconf 83' lang='lat' dir='ltr'><strong>apparent,</strong></span> <span class='ocrx_word' id='word_1_280' title='bbox 2020 2490 2025 2495; x_wconf 85' lang='grc'><strong><em>“</em></strong></span> 
     </span>
    </p>
   </div>
   <div class='ocr_carea' id='block_1_37' title="bbox 412 2564 1988 2641">
    <p class='ocr_par' dir='ltr' id='par_1_37' title="bbox 412 2564 1988 2641">
     <span class='ocr_line' id='line_1_37' title="bbox 412 2564 1988 2641; baseline 0.01 -25"><span class='ocrx_word' id='word_1_281' title='bbox 412 2564 469 2617; x_wconf 90' lang='lat' dir='ltr'><strong>in</strong></span> <span class='ocrx_word' id='word_1_282' title='bbox 499 2564 648 2619; x_wconf 89' lang='lat' dir='ltr'><strong>aliud</strong></span> <span class='ocrx_word' id='word_1_283' title='bbox 677 2564 878 2635; x_wconf 89' lang='lat' dir='ltr'><strong>aliquid</strong></span> <span class='ocrx_word' id='word_1_284' title='bbox 907 2568 1095 2637; x_wconf 80' lang='lat' dir='ltr'><strong>majus</strong></span> <span class='ocrx_word' id='word_1_285' title='bbox 1124 2577 1180 2623; x_wconf 91' lang='lat' dir='ltr'><strong>et</strong></span> <span class='ocrx_word' id='word_1_286' title='bbox 1223 2568 1565 2641; x_wconf 80' lang='lat' dir='ltr'><strong>intelligibilé</strong></span> <span class='ocrx_word' id='word_1_287' title='bbox 1602 2573 1988 2632; x_wconf 78' lang='lat' dir='ltr'><strong>transferente.</strong></span> 
     </span>
    </p>
   </div>
   <div class='ocr_carea' id='block_1_38' title="bbox 378 2648 1990 2737">
    <p class='ocr_par' dir='ltr' id='par_1_38' title="bbox 378 2648 1990 2737">
     <span class='ocr_line' id='line_1_38' title="bbox 378 2648 1990 2737; baseline 0.009 -29"><span class='ocrx_word' id='word_1_288' title='bbox 378 2648 570 2710; x_wconf 70' lang='lat' dir='ltr'><strong>‘Unde</strong></span> <span class='ocrx_word' id='word_1_289' title='bbox 641 2671 767 2710; x_wconf 91' lang='lat' dir='ltr'><strong>cum</strong></span> <span class='ocrx_word' id='word_1_290' title='bbox 847 2674 1047 2713; x_wconf 88' lang='lat' dir='ltr'><strong>manna</strong></span> <span class='ocrx_word' id='word_1_291' title='bbox 1128 2660 1422 2732; x_wconf 76' lang='lat' dir='ltr'><strong>imaginem</strong></span> <span class='ocrx_word' id='word_1_292' title='bbox 1475 2663 1635 2733; x_wconf 88' lang='lat' dir='ltr'><strong>panis</strong></span> <span class='ocrx_word' id='word_1_293' title='bbox 1691 2664 1835 2732; x_wconf 67' lang='lat' dir='ltr'><strong>vitae,</strong></span> <span class='ocrx_word' id='word_1_294' title='bbox 1899 2666 1990 2737; x_wconf 87' lang='lat' dir='ltr'><strong>qui</strong></span> 
     </span>
    </p>
   </div>
   <div class='ocr_carea' id='block_1_39' title="bbox 414 2746 1987 2826">
    <p class='ocr_par' dir='ltr' id='par_1_39' title="bbox 414 2746 1987 2826">
     <span class='ocr_line' id='line_1_39' title="bbox 414 2746 1987 2826; baseline 0.006 -24"><span class='ocrx_word' id='word_1_295' title='bbox 414 2748 699 2802; x_wconf 87' lang='lat' dir='ltr'><strong>descendit</strong></span> <span class='ocrx_word' id='word_1_296' title='bbox 744 2749 812 2804; x_wconf 90' lang='lat' dir='ltr'><strong>de</strong></span> <span class='ocrx_word' id='word_1_297' title='bbox 868 2751 1027 2809; x_wconf 66' lang='lat' dir='ltr'><strong>cwlo.</strong></span> <span class='ocrx_word' id='word_1_298' title='bbox 1085 2746 1443 2822; x_wconf 75' lang='lat' dir='ltr'><strong>przeseutaret</strong></span> <span class='ocrx_word' id='word_1_299' title='bbox 1487 2774 1501 2809; x_wconf 87' lang='lat'><strong>:</strong></span> <span class='ocrx_word' id='word_1_300' title='bbox 1558 2755 1664 2810; x_wconf 80' lang='lat' dir='ltr'><strong>Hic</strong></span> <span class='ocrx_word' id='word_1_301' title='bbox 1699 2766 1775 2811; x_wconf 84' lang='lat' dir='ltr'><strong>est</strong></span> <span class='ocrx_word' id='word_1_302' title='bbox 1814 2759 1987 2826; x_wconf 82' lang='lat' dir='ltr'><strong>panis,</strong></span> 
     </span>
    </p>
   </div>
   <div class='ocr_carea' id='block_1_40' title="bbox 414 2838 1986 2915">
    <p class='ocr_par' dir='ltr' id='par_1_40' title="bbox 414 2838 1986 2915">
     <span class='ocr_line' id='line_1_40' title="bbox 414 2838 1986 2915; baseline 0.01 -25"><span class='ocrx_word' id='word_1_303' title='bbox 414 2838 512 2903; x_wconf 82' lang='lat' dir='ltr'><strong>ait,</strong></span> <span class='ocrx_word' id='word_1_304' title='bbox 559 2854 712 2906; x_wconf 80' lang='lat' dir='ltr'><strong>quem</strong></span> <span class='ocrx_word' id='word_1_305' title='bbox 752 2839 897 2892; x_wconf 83' lang='lat' dir='ltr'><strong>dedit</strong></span> <span class='ocrx_word' id='word_1_306' title='bbox 940 2841 1081 2895; x_wconf 76' lang='lat' dir='ltr'><strong>vobis</strong></span> <span class='ocrx_word' id='word_1_307' title='bbox 1131 2842 1386 2898; x_wconf 77' lang='lat' dir='ltr'><strong>Dominus</strong></span> <span class='ocrx_word' id='word_1_308' title='bbox 1424 2846 1493 2899; x_wconf 84' lang='lat' dir='ltr'><strong>ad</strong></span> <span class='ocrx_word' id='word_1_309' title='bbox 1525 2846 1898 2904; x_wconf 75' lang='lat' dir='ltr'><strong>comedendum</strong></span> <span class='ocrx_word' id='word_1_310' title='bbox 1920 2848 1986 2915; x_wconf 80' lang='grc'><strong>⁸⁸,</strong></span> 
     </span>
    </p>
   </div>
   <div class='ocr_carea' id='block_1_41' title="bbox 414 2928 1991 3012">
    <p class='ocr_par' dir='ltr' id='par_1_41' title="bbox 414 2928 1991 3012">
     <span class='ocr_line' id='line_1_41' title="bbox 414 2928 1991 3012; baseline 0.009 -30"><span class='ocrx_word' id='word_1_311' title='bbox 414 2928 505 3012; x_wconf 71' lang='lat' dir='ltr'><strong>hic</strong></span> <span class='ocrx_word' id='word_1_312' title='bbox 528 2928 614 2982; x_wconf 86' lang='lat' dir='ltr'><strong>est</strong></span> <span class='ocrx_word' id='word_1_313' title='bbox 636 2942 817 2982; x_wconf 87' lang='lat' dir='ltr'><strong>sermo</strong></span> <span class='ocrx_word' id='word_1_314' title='bbox 842 2943 1003 2999; x_wconf 89' lang='lat' dir='ltr'><strong>quem</strong></span> <span class='ocrx_word' id='word_1_315' title='bbox 1034 2934 1318 2988; x_wconf 86' lang='lat' dir='ltr'><strong>constituit</strong></span> <span class='ocrx_word' id='word_1_316' title='bbox 1363 2934 1645 2993; x_wconf 84' lang='lat' dir='ltr'><strong>Dominus.</strong></span> <span class='ocrx_word' id='word_1_317' title='bbox 1681 2938 1820 3004; x_wconf 82' lang='lat' dir='ltr'><strong>Quid</strong></span> <span class='ocrx_word' id='word_1_318' title='bbox 1862 2956 1991 3012; x_wconf 84' lang='lat' dir='ltr'><strong>ergo</strong></span> 
     </span>
    </p>
   </div>
   <div class='ocr_carea' id='block_1_42' title="bbox 416 3002 1990 3100">
    <p class='ocr_par' dir='ltr' id='par_1_42' title="bbox 416 3002 1990 3100">
     <span class='ocr_line' id='line_1_42' title="bbox 416 3002 1990 3100; baseline 0.01 -28"><span class='ocrx_word' id='word_1_319' title='bbox 416 3002 630 3084; x_wconf 48' lang='lat' dir='ltr'><strong>ex&#39;h’is,</strong></span> <span class='ocrx_word' id='word_1_320' title='bbox 681 3035 805 3090; x_wconf 71' lang='lat' dir='ltr'><strong>qua:</strong></span> <span class='ocrx_word' id='word_1_321' title='bbox 848 3016 991 3076; x_wconf 82' lang='lat' dir='ltr'><strong>dicta</strong></span> <span class='ocrx_word' id='word_1_322' title='bbox 1031 3033 1178 3090; x_wconf 90' lang='lat' dir='ltr'><strong>sunt,</strong></span> <span class='ocrx_word' id='word_1_323' title='bbox 1233 3015 1505 3097; x_wconf 82' lang='lat' dir='ltr'><strong>legislator</strong></span> <span class='ocrx_word' id='word_1_324' title='bbox 1555 3002 1841 3100; x_wconf 80' lang='lat' dir='ltr'><strong>sigu‘iiicat,</strong></span> <span class='ocrx_word' id='word_1_325' title='bbox 1884 3002 1990 3088; x_wconf 70' lang='lat' dir='ltr'><strong>nisi</strong></span> 
     </span>
    </p>
   </div>
   <div class='ocr_carea' id='block_1_43' title="bbox 416 3109 1987 3192">
    <p class='ocr_par' dir='ltr' id='par_1_43' title="bbox 416 3109 1987 3192">
     <span class='ocr_line' id='line_1_43' title="bbox 416 3109 1987 3192; baseline 0.01 -31"><span class='ocrx_word' id='word_1_326' title='bbox 416 3110 543 3178; x_wconf 85' lang='lat' dir='ltr'><strong>quia</strong></span> <span class='ocrx_word' id='word_1_327' title='bbox 575 3109 697 3163; x_wconf 87' lang='lat' dir='ltr'><strong>sine</strong></span> <span class='ocrx_word' id='word_1_328' title='bbox 738 3111 906 3166; x_wconf 76' lang='lat' dir='ltr'><strong>dubio</strong></span> <span class='ocrx_word' id='word_1_329' title='bbox 946 3114 1231 3183; x_wconf 81' lang='lat' dir='ltr'><strong>agentibus</strong></span> <span class='ocrx_word' id='word_1_330' title='bbox 1256 3117 1334 3171; x_wconf 89' lang='lat' dir='ltr'><strong>eis</strong></span> <span class='ocrx_word' id='word_1_331' title='bbox 1366 3126 1616 3173; x_wconf 83' lang='lat' dir='ltr'><strong>sanctum</strong></span> <span class='ocrx_word' id='word_1_332' title='bbox 1653 3116 1987 3192; x_wconf 82' lang='lat' dir='ltr'><strong>mysterium,</strong></span> 
     </span>
    </p>
   </div>
   <div class='ocr_carea' id='block_1_44' title="bbox 416 3202 1993 3286">
    <p class='ocr_par' dir='ltr' id='par_1_44' title="bbox 416 3202 1993 3286">
     <span class='ocr_line' id='line_1_44' title="bbox 416 3202 1993 3286; baseline 0.01 -31"><span class='ocrx_word' id='word_1_333' title='bbox 416 3209 474 3256; x_wconf 86' lang='lat' dir='ltr'><strong>et</strong></span> <span class='ocrx_word' id='word_1_334' title='bbox 494 3202 830 3258; x_wconf 87' lang='lat' dir='ltr'><strong>Dominicam</strong></span> <span class='ocrx_word' id='word_1_335' title='bbox 865 3220 1077 3260; x_wconf 68' lang='lat' dir='ltr'><strong>caenam</strong></span> <span class='ocrx_word' id='word_1_336' title='bbox 1109 3208 1532 3276; x_wconf 86' lang='lat' dir='ltr'><strong>celebrantibus,</strong></span> <span class='ocrx_word' id='word_1_337' title='bbox 1574 3210 1798 3268; x_wconf 62' lang='lat' dir='ltr'><strong>adienit</strong></span> <span class='ocrx_word' id='word_1_338' title='bbox 1831 3210 1993 3286; x_wconf 80' lang='lat' dir='ltr'><strong>spiri-</strong></span> 
     </span>
    </p>
   </div>
   <div class='ocr_carea' id='block_1_45' title="bbox 419 3293 1993 3375">
    <p class='ocr_par' dir='ltr' id='par_1_45' title="bbox 419 3293 1993 3375">
     <span class='ocr_line' id='line_1_45' title="bbox 419 3293 1993 3375; baseline 0.011 -29"><span class='ocrx_word' id='word_1_339' title='bbox 419 3300 508 3347; x_wconf 90' lang='lat' dir='ltr'><strong>tus</strong></span> <span class='ocrx_word' id='word_1_340' title='bbox 544 3293 751 3359; x_wconf 72' lang='lat' dir='ltr'><strong>iQuod</strong></span> <span class='ocrx_word' id='word_1_341' title='bbox 797 3296 899 3351; x_wconf 89' lang='lat' dir='ltr'><strong>etsi</strong></span> <span class='ocrx_word' id='word_1_342' title='bbox 949 3313 1060 3352; x_wconf 90' lang='lat' dir='ltr'><strong>non</strong></span> <span class='ocrx_word' id='word_1_343' title='bbox 1089 3300 1303 3369; x_wconf 89' lang='lat' dir='ltr'><strong>planius</strong></span> <span class='ocrx_word' id='word_1_344' title='bbox 1351 3304 1661 3373; x_wconf 81' lang='lat' dir='ltr'><strong>expositum</strong></span> <span class='ocrx_word' id='word_1_345' title='bbox 1690 3306 1993 3375; x_wconf 80' lang='lat' dir='ltr'><strong>habemus,</strong></span> 
     </span>
    </p>
   </div>
   <div class='ocr_carea' id='block_1_46' title="bbox 418 3385 1996 3467">
    <p class='ocr_par' dir='ltr' id='par_1_46' title="bbox 418 3385 1996 3467">
     <span class='ocr_line' id='line_1_46' title="bbox 418 3385 1996 3467; baseline 0.011 -27"><span class='ocrx_word' id='word_1_346' title='bbox 418 3385 591 3442; x_wconf 81' lang='lat' dir='ltr'><strong>multa</strong></span> <span class='ocrx_word' id='word_1_347' title='bbox 641 3387 840 3459; x_wconf 91' lang='lat' dir='ltr'><strong>quippe</strong></span> <span class='ocrx_word' id='word_1_348' title='bbox 904 3391 1088 3445; x_wconf 89' lang='lat' dir='ltr'><strong>studio</strong></span> <span class='ocrx_word' id='word_1_349' title='bbox 1139 3390 1419 3450; x_wconf 85' lang='lat' dir='ltr'><strong>brevitatis</strong></span> <span class='ocrx_word' id='word_1_350' title='bbox 1467 3397 1749 3467; x_wconf 86' lang='lat' dir='ltr'><strong>Scriptura</strong></span> <span class='ocrx_word' id='word_1_351' title='bbox 1813 3400 1996 3457; x_wconf 77' lang='lat' dir='ltr'><strong>divina</strong></span> 
     </span>
    </p>
   </div>
   <div class='ocr_carea' id='block_1_47' title="bbox 418 3479 2006 3561">
    <p class='ocr_par' dir='ltr' id='par_1_47' title="bbox 418 3479 2006 3561">
     <span class='ocr_line' id='line_1_47' title="bbox 418 3479 2006 3561; baseline 0.012 -32"><span class='ocrx_word' id='word_1_352' title='bbox 418 3479 784 3547; x_wconf 63' lang='lat' dir='ltr'><strong>praetermisit,</strong></span> <span class='ocrx_word' id='word_1_353' title='bbox 842 3496 963 3550; x_wconf 59' lang='lat' dir='ltr'><strong>quae</strong></span> <span class='ocrx_word' id='word_1_354' title='bbox 1016 3482 1096 3536; x_wconf 82' lang='lat' dir='ltr'><strong>fas</strong></span> <span class='ocrx_word' id='word_1_355' title='bbox 1151 3495 1327 3539; x_wconf 78' lang='lat' dir='ltr'><strong>estex</strong></span> <span class='ocrx_word' id='word_1_356' title='bbox 1377 3484 1495 3542; x_wconf 87' lang='lat' dir='ltr'><strong>aliis</strong></span> <span class='ocrx_word' id='word_1_357' title='bbox 1540 3488 1815 3561; x_wconf 83' lang='lat' dir='ltr'><strong>colligere.</strong></span> <span class='ocrx_word' id='word_1_358' title='bbox 1867 3488 2006 3548; x_wconf 76' lang='lat' dir='ltr'><strong>Erat</strong></span> 
     </span>
    </p>
   </div>
   <div class='ocr_carea' id='block_1_48' title="bbox 420 3570 1998 3656">
    <p class='ocr_par' dir='ltr' id='par_1_48' title="bbox 420 3570 1998 3656">
     <span class='ocr_line' id='line_1_48' title="bbox 420 3570 1998 3656; baseline 0.011 -30"><span class='ocrx_word' id='word_1_359' title='bbox 420 3570 565 3626; x_wconf 82' lang='lat' dir='ltr'><strong>enim</strong></span> <span class='ocrx_word' id='word_1_360' title='bbox 596 3571 713 3627; x_wconf 88' lang='lat' dir='ltr'><strong>dies</strong></span> <span class='ocrx_word' id='word_1_361' title='bbox 744 3573 834 3644; x_wconf 86' lang='lat' dir='ltr'><strong>qui</strong></span> <span class='ocrx_word' id='word_1_362' title='bbox 867 3577 1171 3645; x_wconf 84' lang='lat' dir='ltr'><strong>appellatur</strong></span> <span class='ocrx_word' id='word_1_363' title='bbox 1190 3577 1532 3648; x_wconf 77' lang='lat' dir='ltr'><strong>Dominicus,</strong></span> <span class='ocrx_word' id='word_1_364' title='bbox 1560 3582 1613 3637; x_wconf 89' lang='lat' dir='ltr'><strong>in</strong></span> <span class='ocrx_word' id='word_1_365' title='bbox 1640 3596 1750 3653; x_wconf 89' lang='lat' dir='ltr'><strong>quo</strong></span> <span class='ocrx_word' id='word_1_366' title='bbox 1779 3578 1998 3656; x_wconf 81' lang='lat' dir='ltr'><strong>oporte-</strong></span> 
     </span>
    </p>
   </div>
   <div class='ocr_carea' id='block_1_49' title="bbox 418 3663 1995 3746">
    <p class='ocr_par' dir='ltr' id='par_1_49' title="bbox 418 3663 1995 3746">
     <span class='ocr_line' id='line_1_49' title="bbox 418 3663 1995 3746; baseline 0.01 -29"><span class='ocrx_word' id='word_1_367' title='bbox 418 3663 513 3717; x_wconf 85' lang='lat' dir='ltr'><strong>bat</strong></span> <span class='ocrx_word' id='word_1_368' title='bbox 541 3663 715 3718; x_wconf 88' lang='lat' dir='ltr'><strong>modis</strong></span> <span class='ocrx_word' id='word_1_369' title='bbox 742 3667 995 3720; x_wconf 90' lang='lat' dir='ltr'><strong>omnibus</strong></span> <span class='ocrx_word' id='word_1_370' title='bbox 1015 3683 1174 3738; x_wconf 86' lang='lat' dir='ltr'><strong>agere</strong></span> <span class='ocrx_word' id='word_1_371' title='bbox 1191 3672 1465 3739; x_wconf 82' lang='lat' dir='ltr'><strong>apostolos</strong></span> <span class='ocrx_word' id='word_1_372' title='bbox 1487 3676 1713 3746; x_wconf 75' lang='lat' dir='ltr'><strong>mystica</strong></span> <span class='ocrx_word' id='word_1_373' title='bbox 1736 3686 1791 3731; x_wconf 90' lang='lat' dir='ltr'><strong>et</strong></span> <span class='ocrx_word' id='word_1_374' title='bbox 1819 3694 1995 3733; x_wconf 84' lang='lat' dir='ltr'><strong>sacra.</strong></span> 
     </span>
    </p>
   </div>
   <div class='ocr_carea' id='block_1_50' title="bbox 419 3751 1999 3835">
    <p class='ocr_par' dir='ltr' id='par_1_50' title="bbox 419 3751 1999 3835">
     <span class='ocr_line' id='line_1_50' title="bbox 419 3751 1999 3835; baseline 0.014 -31"><span class='ocrx_word' id='word_1_375' title='bbox 419 3751 553 3806; x_wconf 84' lang='lat' dir='ltr'><strong>Nam</strong></span> <span class='ocrx_word' id='word_1_376' title='bbox 582 3763 638 3809; x_wconf 90' lang='lat' dir='ltr'><strong>et</strong></span> <span class='ocrx_word' id='word_1_377' title='bbox 665 3770 763 3810; x_wconf 90' lang='lat' dir='ltr'><strong>nos</strong></span> <span class='ocrx_word' id='word_1_378' title='bbox 796 3756 1010 3811; x_wconf 82' lang='lat' dir='ltr'><strong>illorum</strong></span> <span class='ocrx_word' id='word_1_379' title='bbox 1045 3770 1336 3829; x_wconf 82' lang='lat' dir='ltr'><strong>sequentes</strong></span> <span class='ocrx_word' id='word_1_380' title='bbox 1360 3762 1731 3835; x_wconf 87' lang='lat' dir='ltr'><strong>traditionem,</strong></span> <span class='ocrx_word' id='word_1_381' title='bbox 1758 3768 1999 3826; x_wconf 90' lang='lat' dir='ltr'><strong>Domini-</strong></span> 
     </span>
    </p>
   </div>
   <div class='ocr_carea' id='block_1_51' title="bbox 417 3840 1994 3926">
    <p class='ocr_par' dir='ltr' id='par_1_51' title="bbox 417 3840 1994 3926">
     <span class='ocr_line' id='line_1_51' title="bbox 417 3840 1994 3926; baseline 0.011 -28"><span class='ocrx_word' id='word_1_382' title='bbox 417 3859 537 3899; x_wconf 90' lang='lat' dir='ltr'><strong>cam</strong></span> <span class='ocrx_word' id='word_1_383' title='bbox 611 3846 756 3901; x_wconf 91' lang='lat' dir='ltr'><strong>diem</strong></span> <span class='ocrx_word' id='word_1_384' title='bbox 842 3847 1040 3905; x_wconf 88' lang='lat' dir='ltr'><strong>divinis</strong></span> <span class='ocrx_word' id='word_1_385' title='bbox 1116 3840 1475 3910; x_wconf 81' lang='lat' dir='ltr'><strong>conventibus</strong></span> <span class='ocrx_word' id='word_1_386' title='bbox 1566 3868 1994 3926; x_wconf 87' lang='lat' dir='ltr'><strong>sequestramus.</strong></span> 
     </span>
    </p>
   </div>
   <div class='ocr_carea' id='block_1_52' title="bbox 418 3937 1998 4022">
    <p class='ocr_par' dir='ltr' id='par_1_52' title="bbox 418 3937 1998 4022">
     <span class='ocr_line' id='line_1_52' title="bbox 418 3937 1998 4022; baseline 0.01 -30"><span class='ocrx_word' id='word_1_387' title='bbox 418 3937 734 3994; x_wconf 88' lang='lat' dir='ltr'><strong>Invenimus</strong></span> <span class='ocrx_word' id='word_1_388' title='bbox 809 3946 992 3995; x_wconf 85' lang='lat' dir='ltr'><strong>autem</strong></span> <span class='ocrx_word' id='word_1_389' title='bbox 1055 3952 1124 3997; x_wconf 84' lang='lat' dir='ltr'><strong>et</strong></span> <span class='ocrx_word' id='word_1_390' title='bbox 1192 3942 1471 4002; x_wconf 84' lang='lat' dir='ltr'><strong>Christum</strong></span> <span class='ocrx_word' id='word_1_391' title='bbox 1553 3948 1804 4005; x_wconf 82' lang='lat' dir='ltr'><strong>similiter</strong></span> <span class='ocrx_word' id='word_1_392' title='bbox 1875 3960 1998 4022; x_wconf 77' lang='lat' dir='ltr'><strong>past</strong></span> 
     </span>
    </p>
   </div>
   <div class='ocr_carea' id='block_1_53' title="bbox 419 4033 1998 4110">
    <p class='ocr_par' dir='ltr' id='par_1_53' title="bbox 419 4033 1998 4110">
     <span class='ocr_line' id='line_1_53' title="bbox 419 4033 1998 4110; baseline 0.011 -28"><span class='ocrx_word' id='word_1_393' title='bbox 419 4033 876 4087; x_wconf 89' lang='lat' dir='ltr'><strong>resurrectionem</strong></span> <span class='ocrx_word' id='word_1_394' title='bbox 922 4037 1233 4100; x_wconf 76' lang='lat' dir='ltr'><strong>a’mOrtuis,</strong></span> <span class='ocrx_word' id='word_1_395' title='bbox 1278 4050 1376 4107; x_wconf 83' lang='lat' dir='ltr'><strong>per</strong></span> <span class='ocrx_word' id='word_1_396' title='bbox 1406 4041 1654 4110; x_wconf 63' lang='lat' dir='ltr'><strong>mysticae</strong></span> <span class='ocrx_word' id='word_1_397' title='bbox 1686 4058 1895 4110; x_wconf 66' lang='lat' dir='ltr'><strong>ciente,</strong></span> <span class='ocrx_word' id='word_1_398' title='bbox 1941 4036 1998 4100; x_wconf 47' lang='lat' dir='ltr'><strong>e&#39;t&#39;</strong></span> 
     </span>
    </p>
   </div>
   <div class='ocr_carea' id='block_1_54' title="bbox 414 4120 1998 4203">
    <p class='ocr_par' dir='ltr' id='par_1_54' title="bbox 414 4120 1998 4203">
     <span class='ocr_line' id='line_1_54' title="bbox 414 4120 1998 4203; baseline 0.011 -32"><span class='ocrx_word' id='word_1_399' title='bbox 414 4120 575 4189; x_wconf 81' lang='lat' dir='ltr'><strong>panis</strong></span> <span class='ocrx_word' id='word_1_400' title='bbox 652 4120 980 4183; x_wconf 79' lang='lat' dir='ltr'><strong>iracti‘onem</strong></span> <span class='ocrx_word' id='word_1_401' title='bbox 1061 4120 1528 4185; x_wconf 64' lang='lat' dir='ltr'><strong>maniibstatum:</strong></span> <span class='ocrx_word' id='word_1_402' title='bbox 1594 4129 1739 4202; x_wconf 75' lang='lat' dir='ltr'><strong>quod</strong></span> <span class='ocrx_word' id='word_1_403' title='bbox 1809 4143 1998 4203; x_wconf 91' lang='lat' dir='ltr'><strong>aperte</strong></span> 
     </span>
    </p>
   </div>
   <div class='ocr_carea' id='block_1_55' title="bbox 416 4210 1996 4284">
    <p class='ocr_par' dir='ltr' id='par_1_55' title="bbox 416 4210 1996 4284">
     <span class='ocr_line' id='line_1_55' title="bbox 416 4210 1996 4284; baseline 0.012 -21"><span class='ocrx_word' id='word_1_404' title='bbox 416 4210 637 4279; x_wconf 89' lang='lat' dir='ltr'><strong>quidem</strong></span> <span class='ocrx_word' id='word_1_405' title='bbox 674 4212 870 4280; x_wconf 85' lang='lat' dir='ltr'><strong>Lucas,</strong></span> <span class='ocrx_word' id='word_1_406' title='bbox 906 4215 1121 4284; x_wconf 86' lang='lat' dir='ltr'><strong>plenius</strong></span> <span class='ocrx_word' id='word_1_407' title='bbox 1159 4228 1339 4273; x_wconf 86' lang='lat' dir='ltr'><strong>tamen</strong></span> <span class='ocrx_word' id='word_1_408' title='bbox 1363 4220 1535 4275; x_wconf 81' lang='lat' dir='ltr'><strong>etiam</strong></span> <span class='ocrx_word' id='word_1_409' title='bbox 1555 4223 1796 4280; x_wconf 76' lang='lat' dir='ltr'><strong>Joannes</strong></span> <span class='ocrx_word' id='word_1_410' title='bbox 1826 4241 1996 4281; x_wconf 87' lang='lat' dir='ltr'><strong>evan-</strong></span> 
     </span>
    </p>
   </div>
   <div class='ocr_carea' id='block_1_56' title="bbox 412 4301 823 4372">
    <p class='ocr_par' dir='ltr' id='par_1_56' title="bbox 412 4301 823 4372">
     <span class='ocr_line' id='line_1_56' title="bbox 412 4301 823 4372; baseline 0.012 -18"><span class='ocrx_word' id='word_1_411' title='bbox 412 4301 613 4372; x_wconf 80' lang='lat' dir='ltr'><strong>gelista</strong></span> <span class='ocrx_word' id='word_1_412' title='bbox 643 4303 823 4359; x_wconf 89' lang='lat' dir='ltr'><strong>tradit.</strong></span> 
     </span>
    </p>
   </div>
   <div class='ocr_carea' id='block_1_57' title="bbox 494 4390 2003 4463">
    <p class='ocr_par' dir='ltr' id='par_1_57' title="bbox 494 4390 2003 4463">
     <span class='ocr_line' id='line_1_57' title="bbox 494 4390 2003 4463; baseline 0.013 -19"><span class='ocrx_word' id='word_1_413' title='bbox 494 4390 655 4446; x_wconf 71' lang='lat' dir='ltr'><strong>Vnus.</strong></span> <span class='ocrx_word' id='word_1_414' title='bbox 689 4394 737 4446; x_wconf 92' lang='lat'><strong>7.</strong></span> <span class='ocrx_word' id='word_1_415' title='bbox 774 4413 793 4445; x_wconf 85' lang='grc'><strong>‹</strong></span> <span class='ocrx_word' id='word_1_416' title='bbox 838 4395 974 4449; x_wconf 83' lang='lat' dir='ltr'><strong>Dixit</strong></span> <span class='ocrx_word' id='word_1_417' title='bbox 1026 4398 1091 4450; x_wconf 90' lang='lat' dir='ltr'><strong>ad</strong></span> <span class='ocrx_word' id='word_1_418' title='bbox 1130 4396 1310 4452; x_wconf 79' lang='lat' dir='ltr'><strong>Aaron</strong></span> <span class='ocrx_word' id='word_1_419' title='bbox 1345 4418 1357 4453; x_wconf 86' lang='lat'>:</span> <span class='ocrx_word' id='word_1_420' title='bbox 1402 4400 1615 4457; x_wconf 87' lang='lat' dir='ltr'><strong>Accede</strong></span> <span class='ocrx_word' id='word_1_421' title='bbox 1648 4405 1715 4460; x_wconf 88' lang='lat' dir='ltr'><strong>ad</strong></span> <span class='ocrx_word' id='word_1_422' title='bbox 1744 4407 1915 4461; x_wconf 87' lang='lat' dir='ltr'><strong>altare</strong></span> <span class='ocrx_word' id='word_1_423' title='bbox 1944 4406 2003 4463; x_wconf 85' lang='lat' dir='ltr'><strong>et</strong></span> 
     </span>
    </p>
   </div>
   <div class='ocr_carea' id='block_1_58' title="bbox 2094 1924 3689 1998">
    <p class='ocr_par' dir='ltr' id='par_1_58' title="bbox 2094 1924 3689 1998">
     <span class='ocr_line' id='line_1_58' title="bbox 2094 1924 3689 1998; baseline 0.004 -20"><span class='ocrx_word' id='word_1_424' title='bbox 2094 1934 2148 1978; x_wconf 90' lang='lat' dir='ltr'><strong>ct</strong></span> <span class='ocrx_word' id='word_1_425' title='bbox 2196 1924 2500 1979; x_wconf 87' lang='lat' dir='ltr'><strong>holocausti</strong></span> <span class='ocrx_word' id='word_1_426' title='bbox 2546 1924 2846 1981; x_wconf 88' lang='lat' dir='ltr'><strong>victimam.</strong></span> <span class='ocrx_word' id='word_1_427' title='bbox 2894 1925 3333 1998; x_wconf 84' lang='lat' dir='ltr'><strong>Obtuleruntque</strong></span> <span class='ocrx_word' id='word_1_428' title='bbox 3380 1930 3436 1983; x_wconf 85' lang='lat' dir='ltr'><strong>ei</strong></span> <span class='ocrx_word' id='word_1_429' title='bbox 3468 1929 3573 1985; x_wconf 87' lang='lat' dir='ltr'><strong>ﬁlii</strong></span> <span class='ocrx_word' id='word_1_430' title='bbox 3604 1932 3689 1986; x_wconf 86' lang='lat' dir='ltr'><strong>sui</strong></span> 
     </span>
    </p>
   </div>
   <div class='ocr_carea' id='block_1_59' title="bbox 2093 2016 3686 2089">
    <p class='ocr_par' dir='ltr' id='par_1_59' title="bbox 2093 2016 3686 2089">
     <span class='ocr_line' id='line_1_59' title="bbox 2093 2016 3686 2089; baseline 0.005 -19"><span class='ocrx_word' id='word_1_431' title='bbox 2093 2016 2413 2086; x_wconf 86' lang='lat' dir='ltr'><strong>sanguinem</strong></span> <span class='ocrx_word' id='word_1_432' title='bbox 2436 2017 2584 2087; x_wconf 89' lang='lat' dir='ltr'><strong>ejus:</strong></span> <span class='ocrx_word' id='word_1_433' title='bbox 2608 2032 2771 2087; x_wconf 89' lang='lat' dir='ltr'><strong>quem</strong></span> <span class='ocrx_word' id='word_1_434' title='bbox 2794 2018 2937 2075; x_wconf 81' lang='lat' dir='ltr'><strong>fudit</strong></span> <span class='ocrx_word' id='word_1_435' title='bbox 2964 2033 3130 2089; x_wconf 86' lang='lat' dir='ltr'><strong>super</strong></span> <span class='ocrx_word' id='word_1_436' title='bbox 3148 2019 3337 2076; x_wconf 87' lang='lat' dir='ltr'><strong>altaris</strong></span> <span class='ocrx_word' id='word_1_437' title='bbox 3358 2022 3686 2078; x_wconf 82' lang='lat' dir='ltr'><strong>circuitum.</strong></span> 
     </span>
    </p>
   </div>
   <div class='ocr_carea' id='block_1_60' title="bbox 2094 2105 3685 2181">
    <p class='ocr_par' dir='ltr' id='par_1_60' title="bbox 2094 2105 3685 2181">
     <span class='ocr_line' id='line_1_60' title="bbox 2094 2105 3685 2181; baseline 0.005 -23"><span class='ocrx_word' id='word_1_438' title='bbox 2094 2105 2269 2175; x_wconf 88' lang='lat' dir='ltr'><strong>ipsam</strong></span> <span class='ocrx_word' id='word_1_439' title='bbox 2291 2106 2452 2159; x_wconf 89' lang='lat' dir='ltr'><strong>etiam</strong></span> <span class='ocrx_word' id='word_1_440' title='bbox 2480 2106 2711 2161; x_wconf 88' lang='lat' dir='ltr'><strong>hostiam</strong></span> <span class='ocrx_word' id='word_1_441' title='bbox 2735 2108 2788 2161; x_wconf 92' lang='lat' dir='ltr'><strong>in</strong></span> <span class='ocrx_word' id='word_1_442' title='bbox 2819 2108 2990 2163; x_wconf 84' lang='lat' dir='ltr'><strong>frusta</strong></span> <span class='ocrx_word' id='word_1_443' title='bbox 3007 2111 3303 2175; x_wconf 88' lang='lat' dir='ltr'><strong>concisam,</strong></span> <span class='ocrx_word' id='word_1_444' title='bbox 3323 2126 3456 2165; x_wconf 87' lang='lat' dir='ltr'><strong>cum</strong></span> <span class='ocrx_word' id='word_1_445' title='bbox 3481 2114 3685 2181; x_wconf 81' lang='lat' dir='ltr'><strong>capite,</strong></span> 
     </span>
    </p>
   </div>
   <div class='ocr_carea' id='block_1_61' title="bbox 2093 2188 3689 2273">
    <p class='ocr_par' dir='ltr' id='par_1_61' title="bbox 2093 2188 3689 2273">
     <span class='ocr_line' id='line_1_61' title="bbox 2093 2188 3689 2273; baseline 0.004 -23"><span class='ocrx_word' id='word_1_446' title='bbox 2093 2206 2148 2251; x_wconf 88' lang='lat' dir='ltr'><strong>et</strong></span> <span class='ocrx_word' id='word_1_447' title='bbox 2180 2198 2443 2253; x_wconf 84' lang='lat' dir='ltr'><strong>membris</strong></span> <span class='ocrx_word' id='word_1_448' title='bbox 2471 2200 2699 2270; x_wconf 82' lang='lat' dir='ltr'><strong>singulis</strong></span> <span class='ocrx_word' id='word_1_449' title='bbox 2748 2196 3085 2255; x_wconf 76' lang='lat' dir='ltr'><strong>obtulerunt.</strong></span> <span class='ocrx_word' id='word_1_450' title='bbox 3118 2188 3251 2268; x_wconf 69' lang='lat' dir='ltr'><strong>Qua:</strong></span> <span class='ocrx_word' id='word_1_451' title='bbox 3287 2203 3480 2258; x_wconf 88' lang='lat' dir='ltr'><strong>omnia</strong></span> <span class='ocrx_word' id='word_1_452' title='bbox 3517 2220 3689 2273; x_wconf 83' lang='lat' dir='ltr'><strong>super</strong></span> 
     </span>
    </p>
   </div>
   <div class='ocr_carea' id='block_1_62' title="bbox 2093 2278 3690 2363">
    <p class='ocr_par' dir='ltr' id='par_1_62' title="bbox 2093 2278 3690 2363">
     <span class='ocr_line' id='line_1_62' title="bbox 2093 2278 3690 2363; baseline 0.005 -20"><span class='ocrx_word' id='word_1_453' title='bbox 2093 2284 2262 2344; x_wconf 76' lang='lat' dir='ltr'><strong>altare</strong></span> <span class='ocrx_word' id='word_1_454' title='bbox 2288 2289 2555 2363; x_wconf 79' lang='lat' dir='ltr'><strong>cremavit</strong></span> <span class='ocrx_word' id='word_1_455' title='bbox 2582 2291 2711 2363; x_wconf 78' lang='lat' dir='ltr'><strong>igni,</strong></span> <span class='ocrx_word' id='word_1_456' title='bbox 2746 2290 2873 2346; x_wconf 87' lang='lat' dir='ltr'><strong>lotis</strong></span> <span class='ocrx_word' id='word_1_457' title='bbox 2898 2293 3052 2362; x_wconf 89' lang='lat' dir='ltr'><strong>prius</strong></span> <span class='ocrx_word' id='word_1_458' title='bbox 3080 2278 3222 2362; x_wconf 85' lang='lat' dir='ltr'><strong>aqua</strong></span> <span class='ocrx_word' id='word_1_459' title='bbox 3279 2293 3597 2362; x_wconf 79' lang='lat' dir='ltr'><strong>intestinis,</strong></span> <span class='ocrx_word' id='word_1_460' title='bbox 3634 2304 3690 2351; x_wconf 85' lang='lat' dir='ltr'><strong>et</strong></span> 
     </span>
    </p>
   </div>
   <div class='ocr_carea' id='block_1_63' title="bbox 2091 2360 2829 2451">
    <p class='ocr_par' dir='ltr' id='par_1_63' title="bbox 2091 2360 2829 2451">
     <span class='ocr_line' id='line_1_63' title="bbox 2091 2360 2829 2451; baseline 0.005 -20"><span class='ocrx_word' id='word_1_461' title='bbox 2091 2360 2344 2451; x_wconf 73' lang='lat' dir='ltr'><strong>pedibus.</strong></span> <span class='ocrx_word' id='word_1_462' title='bbox 2383 2398 2401 2433; x_wconf 75' lang='grc' dir='ltr'><strong>ι</strong></span> <span class='ocrx_word' id='word_1_463' title='bbox 2607 2360 2623 2363; x_wconf 22' lang='lat' dir='ltr'>ﬁ</span> <span class='ocrx_word' id='word_1_464' title='bbox 2716 2384 2719 2389; x_wconf 79' lang='grc'><em>’</em></span> <span class='ocrx_word' id='word_1_465' title='bbox 2820 2390 2829 2397; x_wconf 80' lang='lat'>’</span> 
     </span>
    </p>
   </div>
   <div class='ocr_carea' id='block_1_64' title="bbox 2167 2462 3689 2542">
    <p class='ocr_par' dir='ltr' id='par_1_64' title="bbox 2167 2462 3689 2542">
     <span class='ocr_line' id='line_1_64' title="bbox 2167 2462 3689 2542; baseline 0.005 -19"><span class='ocrx_word' id='word_1_466' title='bbox 2167 2471 2230 2525; x_wconf 83' lang='lat' dir='ltr'><strong>Et</strong></span> <span class='ocrx_word' id='word_1_467' title='bbox 2257 2472 2412 2541; x_wconf 85' lang='lat' dir='ltr'><strong>cujus</strong></span> <span class='ocrx_word' id='word_1_468' title='bbox 2440 2471 2516 2526; x_wconf 88' lang='lat' dir='ltr'><strong>rei</strong></span> <span class='ocrx_word' id='word_1_469' title='bbox 2552 2472 2723 2542; x_wconf 83' lang='lat' dir='ltr'><strong>gratia</strong></span> <span class='ocrx_word' id='word_1_470' title='bbox 2770 2472 2888 2526; x_wconf 72' lang='lat' dir='ltr'><strong>hazc</strong></span> <span class='ocrx_word' id='word_1_471' title='bbox 2914 2462 3078 2526; x_wconf 81' lang='lat' dir='ltr'><strong>etiam</strong></span> <span class='ocrx_word' id='word_1_472' title='bbox 3108 2473 3162 2526; x_wconf 91' lang='lat' dir='ltr'><strong>in</strong></span> <span class='ocrx_word' id='word_1_473' title='bbox 3188 2473 3295 2528; x_wconf 85' lang='lat' dir='ltr'><strong>hoc</strong></span> <span class='ocrx_word' id='word_1_474' title='bbox 3331 2475 3463 2529; x_wconf 90' lang='lat' dir='ltr'><strong>loco</strong></span> <span class='ocrx_word' id='word_1_475' title='bbox 3507 2479 3689 2531; x_wconf 81' lang='lat' dir='ltr'><strong>sacri-</strong></span> 
     </span>
    </p>
   </div>
   <div class='ocr_carea' id='block_1_65' title="bbox 2093 2562 3687 2637">
    <p class='ocr_par' dir='ltr' id='par_1_65' title="bbox 2093 2562 3687 2637">
     <span class='ocr_line' id='line_1_65' title="bbox 2093 2562 3687 2637; baseline 0.004 -20"><span class='ocrx_word' id='word_1_476' title='bbox 2093 2562 2211 2617; x_wconf 82' lang='lat' dir='ltr'><strong>ﬁcia</strong></span> <span class='ocrx_word' id='word_1_477' title='bbox 2232 2573 2588 2632; x_wconf 77' lang='lat' dir='ltr'><strong>peraguntur,</strong></span> <span class='ocrx_word' id='word_1_478' title='bbox 2608 2563 2863 2632; x_wconf 83' lang='lat' dir='ltr'><strong>superius</strong></span> <span class='ocrx_word' id='word_1_479' title='bbox 2878 2562 3136 2618; x_wconf 76' lang='lat' dir='ltr'><strong>diximus.</strong></span> <span class='ocrx_word' id='word_1_480' title='bbox 3150 2564 3269 2619; x_wconf 90' lang='lat' dir='ltr'><strong>Non</strong></span> <span class='ocrx_word' id='word_1_481' title='bbox 3290 2571 3428 2637; x_wconf 80' lang='lat' dir='ltr'><strong>ergo</strong></span> <span class='ocrx_word' id='word_1_482' title='bbox 3448 2584 3687 2623; x_wconf 74' lang='lat' dir='ltr'><strong>necesse</strong></span> 
     </span>
    </p>
   </div>
   <div class='ocr_carea' id='block_1_66' title="bbox 2091 2654 3683 2735">
    <p class='ocr_par' dir='ltr' id='par_1_66' title="bbox 2091 2654 3683 2735">
     <span class='ocr_line' id='line_1_66' title="bbox 2091 2654 3683 2735; baseline 0.006 -27"><span class='ocrx_word' id='word_1_483' title='bbox 2091 2663 2195 2718; x_wconf 89' lang='lat' dir='ltr'><strong>est,</strong></span> <span class='ocrx_word' id='word_1_484' title='bbox 2248 2654 2445 2707; x_wconf 88' lang='lat' dir='ltr'><strong>iterum</strong></span> <span class='ocrx_word' id='word_1_485' title='bbox 2493 2668 2685 2708; x_wconf 88' lang='lat' dir='ltr'><strong>eorum</strong></span> <span class='ocrx_word' id='word_1_486' title='bbox 2735 2654 3144 2735; x_wconf 30' lang='lat' dir='ltr'><strong>virtutem‘per</strong></span> <span class='ocrx_word' id='word_1_487' title='bbox 3201 2658 3415 2729; x_wconf 81' lang='lat' dir='ltr'><strong>singula</strong></span> <span class='ocrx_word' id='word_1_488' title='bbox 3473 2660 3683 2721; x_wconf 79' lang='lat' dir='ltr'><strong>dicere.</strong></span> 
     </span>
    </p>
   </div>
   <div class='ocr_carea' id='block_1_67' title="bbox 2092 2744 3687 2820">
    <p class='ocr_par' dir='ltr' id='par_1_67' title="bbox 2092 2744 3687 2820">
     <span class='ocr_line' id='line_1_67' title="bbox 2092 2744 3687 2820; baseline 0.009 -25"><span class='ocrx_word' id='word_1_489' title='bbox 2092 2761 2210 2815; x_wconf 74' lang='lat' dir='ltr'><strong>qute</strong></span> <span class='ocrx_word' id='word_1_490' title='bbox 2235 2744 2287 2798; x_wconf 86' lang='lat' dir='ltr'><strong>in</strong></span> <span class='ocrx_word' id='word_1_491' title='bbox 2331 2745 2434 2799; x_wconf 89' lang='lat' dir='ltr'><strong>hoc</strong></span> <span class='ocrx_word' id='word_1_492' title='bbox 2461 2745 2728 2801; x_wconf 82' lang='lat' dir='ltr'><strong>sacriﬁcio</strong></span> <span class='ocrx_word' id='word_1_493' title='bbox 2756 2750 3090 2816; x_wconf 81' lang='lat' dir='ltr'><strong>peraguntur</strong></span> <span class='ocrx_word' id='word_1_494' title='bbox 3120 2766 3134 2815; x_wconf 88' lang='lat'><strong>;</strong></span> <span class='ocrx_word' id='word_1_495' title='bbox 3171 2764 3295 2803; x_wconf 90' lang='lat' dir='ltr'><strong>cum</strong></span> <span class='ocrx_word' id='word_1_496' title='bbox 3326 2750 3464 2805; x_wconf 86' lang='lat' dir='ltr'><strong>olim</strong></span> <span class='ocrx_word' id='word_1_497' title='bbox 3488 2768 3557 2806; x_wconf 80' lang='lat' dir='ltr'><strong>ea</strong></span> <span class='ocrx_word' id='word_1_498' title='bbox 3588 2768 3687 2820; x_wconf 83' lang='lat' dir='ltr'><strong>per</strong></span> 
     </span>
    </p>
   </div>
   <div class='ocr_carea' id='block_1_68' title="bbox 2092 2835 3684 2909">
    <p class='ocr_par' dir='ltr' id='par_1_68' title="bbox 2092 2835 3684 2909">
     <span class='ocr_line' id='line_1_68' title="bbox 2092 2835 3684 2909; baseline 0.006 -21"><span class='ocrx_word' id='word_1_499' title='bbox 2092 2835 2340 2890; x_wconf 87' lang='lat' dir='ltr'><strong>ordinem</strong></span> <span class='ocrx_word' id='word_1_500' title='bbox 2385 2835 2808 2890; x_wconf 71' lang='lat' dir='ltr'><strong>di3cu55erimus</strong></span> <span class='ocrx_word' id='word_1_501' title='bbox 2871 2846 2928 2891; x_wconf 92' lang='lat' dir='ltr'><strong>et</strong></span> <span class='ocrx_word' id='word_1_502' title='bbox 3000 2838 3163 2907; x_wconf 84' lang='lat' dir='ltr'><strong>cujus</strong></span> <span class='ocrx_word' id='word_1_503' title='bbox 3205 2843 3684 2909; x_wconf 77' lang='lat' dir='ltr'><strong>comparationem</strong></span> 
     </span>
    </p>
   </div>
   <div class='ocr_carea' id='block_1_69' title="bbox 2056 2929 3655 3009">
    <p class='ocr_par' dir='ltr' id='par_1_69' title="bbox 2056 2929 3655 3009">
     <span class='ocr_line' id='line_1_69' title="bbox 2056 2929 3655 3009; baseline 0.003 -25"><span class='ocrx_word' id='word_1_504' title='bbox 2056 2934 2061 2941; x_wconf 90' lang='lat'><strong>&#39;</strong></span> <span class='ocrx_word' id='word_1_505' title='bbox 2093 2932 2282 3002; x_wconf 68' lang='lat' dir='ltr'><strong>gerant</strong></span> <span class='ocrx_word' id='word_1_506' title='bbox 2306 2929 2443 2984; x_wconf 89' lang='lat' dir='ltr'><strong>nihil</strong></span> <span class='ocrx_word' id='word_1_507' title='bbox 2475 2930 2905 3009; x_wconf 85' lang='lat' dir='ltr'><strong>intermittentes</strong></span> <span class='ocrx_word' id='word_1_508' title='bbox 2924 2931 3350 2987; x_wconf 81' lang='lat' dir='ltr'><strong>ostenderimus.</strong></span> <span class='ocrx_word' id='word_1_509' title='bbox 3384 2932 3455 2987; x_wconf 85' lang='lat' dir='ltr'><strong>Et</strong></span> <span class='ocrx_word' id='word_1_510' title='bbox 3484 2950 3655 3004; x_wconf 88' lang='lat' dir='ltr'><strong>quem</strong></span> 
     </span>
    </p>
   </div>
   <div class='ocr_carea' id='block_1_70' title="bbox 2093 3021 3685 3093">
    <p class='ocr_par' dir='ltr' id='par_1_70' title="bbox 2093 3021 3685 3093">
     <span class='ocr_line' id='line_1_70' title="bbox 2093 3021 3685 3093; baseline 0.004 -19"><span class='ocrx_word' id='word_1_511' title='bbox 2093 3021 2382 3075; x_wconf 85' lang='lat' dir='ltr'><strong>admodum</strong></span> <span class='ocrx_word' id='word_1_512' title='bbox 2406 3021 2458 3075; x_wconf 91' lang='lat' dir='ltr'><strong>in</strong></span> <span class='ocrx_word' id='word_1_513' title='bbox 2475 3022 2689 3076; x_wconf 88' lang='lat' dir='ltr'><strong>Domini</strong></span> <span class='ocrx_word' id='word_1_514' title='bbox 2711 3021 2999 3086; x_wconf 72' lang='lat' dir='ltr'><strong>sacrificio,</strong></span> <span class='ocrx_word' id='word_1_515' title='bbox 3026 3024 3171 3093; x_wconf 79' lang='lat' dir='ltr'><strong>quod</strong></span> <span class='ocrx_word' id='word_1_516' title='bbox 3197 3034 3320 3079; x_wconf 78' lang='lat' dir='ltr'><strong>Cum</strong></span> <span class='ocrx_word' id='word_1_517' title='bbox 3350 3038 3529 3081; x_wconf 80' lang='lat' dir='ltr'><strong>unum</strong></span> <span class='ocrx_word' id='word_1_518' title='bbox 3584 3030 3685 3092; x_wconf 85' lang='lat' dir='ltr'><strong>sit,</strong></span> 
     </span>
    </p>
   </div>
   <div class='ocr_carea' id='block_1_71' title="bbox 2097 3112 3686 3183">
    <p class='ocr_par' dir='ltr' id='par_1_71' title="bbox 2097 3112 3686 3183">
     <span class='ocr_line' id='line_1_71' title="bbox 2097 3112 3686 3183; baseline 0.005 -21"><span class='ocrx_word' id='word_1_519' title='bbox 2097 3122 2204 3164; x_wconf 88' lang='lat' dir='ltr'><strong>non</strong></span> <span class='ocrx_word' id='word_1_520' title='bbox 2246 3118 2455 3165; x_wconf 88' lang='lat' dir='ltr'><strong>tantum</strong></span> <span class='ocrx_word' id='word_1_521' title='bbox 2484 3112 2642 3166; x_wconf 88' lang='lat' dir='ltr'><strong>nobis</strong></span> <span class='ocrx_word' id='word_1_522' title='bbox 2691 3121 3041 3181; x_wconf 83' lang='lat' dir='ltr'><strong>peccatorum</strong></span> <span class='ocrx_word' id='word_1_523' title='bbox 3091 3122 3359 3183; x_wconf 66' lang='lat' dir='ltr'><strong>praestans</strong></span> <span class='ocrx_word' id='word_1_524' title='bbox 3390 3117 3686 3170; x_wconf 81' lang='lat' dir='ltr'><strong>remissio-</strong></span> 
     </span>
    </p>
   </div>
   <div class='ocr_carea' id='block_1_72' title="bbox 2096 3202 3687 3275">
    <p class='ocr_par' dir='ltr' id='par_1_72' title="bbox 2096 3202 3687 3275">
     <span class='ocr_line' id='line_1_72' title="bbox 2096 3202 3687 3275; baseline 0.005 -21"><span class='ocrx_word' id='word_1_525' title='bbox 2096 3216 2244 3267; x_wconf 91' lang='lat' dir='ltr'><strong>nem,</strong></span> <span class='ocrx_word' id='word_1_526' title='bbox 2299 3202 2397 3256; x_wconf 89' lang='lat' dir='ltr'><strong>sed</strong></span> <span class='ocrx_word' id='word_1_527' title='bbox 2449 3208 2504 3257; x_wconf 91' lang='lat' dir='ltr'><strong>et</strong></span> <span class='ocrx_word' id='word_1_528' title='bbox 2547 3202 2713 3256; x_wconf 89' lang='lat' dir='ltr'><strong>vitam</strong></span> <span class='ocrx_word' id='word_1_529' title='bbox 2771 3203 3071 3273; x_wconf 81' lang='lat' dir='ltr'><strong>perfectam</strong></span> <span class='ocrx_word' id='word_1_530' title='bbox 3125 3205 3183 3258; x_wconf 90' lang='lat' dir='ltr'><strong>in</strong></span> <span class='ocrx_word' id='word_1_531' title='bbox 3220 3205 3599 3275; x_wconf 82' lang='lat' dir='ltr'><strong>philosophia,</strong></span> <span class='ocrx_word' id='word_1_532' title='bbox 3633 3218 3687 3263; x_wconf 78' lang='lat' dir='ltr'><strong>et</strong></span> 
     </span>
    </p>
   </div>
   <div class='ocr_carea' id='block_1_73' title="bbox 2098 3288 3674 3363">
    <p class='ocr_par' dir='ltr' id='par_1_73' title="bbox 2098 3288 3674 3363">
     <span class='ocr_line' id='line_1_73' title="bbox 2098 3288 3674 3363; baseline 0.003 -15"><span class='ocrx_word' id='word_1_533' title='bbox 2098 3296 2530 3348; x_wconf 82' lang='lat' dir='ltr'><strong>consummatam</strong></span> <span class='ocrx_word' id='word_1_534' title='bbox 2581 3292 2842 3357; x_wconf 84' lang='lat' dir='ltr'><strong>eiliciens,</strong></span> <span class='ocrx_word' id='word_1_535' title='bbox 2884 3288 3193 3350; x_wconf 82' lang='lat' dir='ltr'><strong>necessarie</strong></span> <span class='ocrx_word' id='word_1_536' title='bbox 3222 3305 3278 3351; x_wconf 87' lang='lat' dir='ltr'><strong>et</strong></span> <span class='ocrx_word' id='word_1_537' title='bbox 3316 3297 3674 3363; x_wconf 73' lang='lat' dir='ltr'><strong>iit-vitulum,</strong></span> 
     </span>
    </p>
   </div>
   <div class='ocr_carea' id='block_1_74' title="bbox 2096 3383 3685 3457">
    <p class='ocr_par' dir='ltr' id='par_1_74' title="bbox 2096 3383 3685 3457">
     <span class='ocr_line' id='line_1_74' title="bbox 2096 3383 3685 3457; baseline 0.004 -21"><span class='ocrx_word' id='word_1_538' title='bbox 2096 3383 2190 3453; x_wconf 83' lang='lat' dir='ltr'><strong>qui</strong></span> <span class='ocrx_word' id='word_1_539' title='bbox 2233 3398 2337 3452; x_wconf 88' lang='lat' dir='ltr'><strong>pro</strong></span> <span class='ocrx_word' id='word_1_540' title='bbox 2375 3390 2599 3453; x_wconf 81' lang='lat' dir='ltr'><strong>peccato</strong></span> <span class='ocrx_word' id='word_1_541' title='bbox 2643 3391 2746 3449; x_wconf 88' lang='lat' dir='ltr'><strong>est,</strong></span> <span class='ocrx_word' id='word_1_542' title='bbox 2786 3394 2869 3439; x_wconf 38' lang='lat' dir='ltr'><strong>etv</strong></span> <span class='ocrx_word' id='word_1_543' title='bbox 2904 3385 2961 3438; x_wconf 88' lang='lat' dir='ltr'><strong>in</strong></span> <span class='ocrx_word' id='word_1_544' title='bbox 3002 3385 3230 3440; x_wconf 85' lang='lat' dir='ltr'><strong>arietem</strong></span> <span class='ocrx_word' id='word_1_545' title='bbox 3266 3388 3432 3453; x_wconf 83' lang='lat' dir='ltr'><strong>hunc,</strong></span> <span class='ocrx_word' id='word_1_546' title='bbox 3480 3390 3577 3457; x_wconf 89' lang='lat' dir='ltr'><strong>qui</strong></span> <span class='ocrx_word' id='word_1_547' title='bbox 3630 3391 3685 3444; x_wconf 89' lang='lat' dir='ltr'><strong>in</strong></span> 
     </span>
    </p>
   </div>
   <div class='ocr_carea' id='block_1_75' title="bbox 2098 3466 3691 3547">
    <p class='ocr_par' dir='ltr' id='par_1_75' title="bbox 2098 3466 3691 3547">
     <span class='ocr_line' id='line_1_75' title="bbox 2098 3466 3691 3547; baseline 0.004 -19"><span class='ocrx_word' id='word_1_548' title='bbox 2098 3474 2474 3529; x_wconf 74' lang='lat' dir='ltr'><strong>hoiOcaustum</strong></span> <span class='ocrx_word' id='word_1_549' title='bbox 2507 3466 2842 3539; x_wconf 81' lang='lat' dir='ltr'><strong>immoiatur,</strong></span> <span class='ocrx_word' id='word_1_550' title='bbox 2876 3480 3407 3547; x_wconf 82' lang='lat' dir='ltr'><strong>oportet&#39;reputari:</strong></span> <span class='ocrx_word' id='word_1_551' title='bbox 3444 3481 3603 3535; x_wconf 85' lang='lat' dir='ltr'><strong>unde</strong></span> <span class='ocrx_word' id='word_1_552' title='bbox 3633 3490 3691 3535; x_wconf 80' lang='lat' dir='ltr'><strong>et</strong></span> 
     </span>
    </p>
   </div>
   <div class='ocr_carea' id='block_1_76' title="bbox 2100 3567 3688 3638">
    <p class='ocr_par' dir='ltr' id='par_1_76' title="bbox 2100 3567 3688 3638">
     <span class='ocr_line' id='line_1_76' title="bbox 2100 3567 3688 3638; baseline 0.003 -18"><span class='ocrx_word' id='word_1_553' title='bbox 2100 3567 2154 3620; x_wconf 90' lang='lat' dir='ltr'><strong>in</strong></span> <span class='ocrx_word' id='word_1_554' title='bbox 2174 3581 2413 3635; x_wconf 87' lang='lat' dir='ltr'><strong>persona</strong></span> <span class='ocrx_word' id='word_1_555' title='bbox 2470 3567 2771 3620; x_wconf 87' lang='lat' dir='ltr'><strong>sacerdotis</strong></span> <span class='ocrx_word' id='word_1_556' title='bbox 2794 3575 3092 3636; x_wconf 84' lang='lat' dir='ltr'><strong>utrumque</strong></span> <span class='ocrx_word' id='word_1_557' title='bbox 3124 3570 3489 3638; x_wconf 83' lang='lat' dir='ltr'><strong>perspicimus</strong></span> <span class='ocrx_word' id='word_1_558' title='bbox 3528 3572 3688 3626; x_wconf 83' lang='lat' dir='ltr'><strong>obia-</strong></span> 
     </span>
    </p>
   </div>
   <div class='ocr_carea' id='block_1_77' title="bbox 2098 3654 3491 3728">
    <p class='ocr_par' dir='ltr' id='par_1_77' title="bbox 2098 3654 3491 3728">
     <span class='ocr_line' id='line_1_77' title="bbox 2098 3654 3491 3728; baseline 0.004 -18"><span class='ocrx_word' id='word_1_559' title='bbox 2098 3664 2212 3712; x_wconf 90' lang='lat' dir='ltr'><strong>tum</strong></span> <span class='ocrx_word' id='word_1_560' title='bbox 2240 3677 2254 3711; x_wconf 91' lang='lat'><strong>:</strong></span> <span class='ocrx_word' id='word_1_561' title='bbox 2278 3660 2390 3728; x_wconf 85' lang='lat' dir='ltr'><strong>jam</strong></span> <span class='ocrx_word' id='word_1_562' title='bbox 2417 3665 2547 3727; x_wconf 84' lang='lat' dir='ltr'><strong>ergo</strong></span> <span class='ocrx_word' id='word_1_563' title='bbox 2584 3667 2640 3712; x_wconf 88' lang='lat' dir='ltr'><strong>et</strong></span> <span class='ocrx_word' id='word_1_564' title='bbox 2666 3654 2733 3712; x_wconf 86' lang='lat' dir='ltr'><strong>ad</strong></span> <span class='ocrx_word' id='word_1_565' title='bbox 2762 3659 3155 3728; x_wconf 86' lang='lat' dir='ltr'><strong>subsequentia</strong></span> <span class='ocrx_word' id='word_1_566' title='bbox 3177 3661 3491 3716; x_wconf 78' lang='lat' dir='ltr'><strong>veniamus.</strong></span> 
     </span>
    </p>
   </div>
   <div class='ocr_carea' id='block_1_78' title="bbox 2166 3747 3686 3822">
    <p class='ocr_par' dir='ltr' id='par_1_78' title="bbox 2166 3747 3686 3822">
     <span class='ocr_line' id='line_1_78' title="bbox 2166 3747 3686 3822; baseline 0.005 -20"><span class='ocrx_word' id='word_1_567' title='bbox 2166 3747 2329 3803; x_wconf 71' lang='lat' dir='ltr'><strong>Vsus.</strong></span> <span class='ocrx_word' id='word_1_568' title='bbox 2363 3748 2554 3802; x_wconf 69' lang='lat' dir='ltr'><strong>iii-2!.</strong></span> <span class='ocrx_word' id='word_1_569' title='bbox 2592 3765 2611 3798; x_wconf 70' lang='grc' dir='ltr'><em>α</em></span> <span class='ocrx_word' id='word_1_570' title='bbox 2647 3748 2862 3817; x_wconf 81' lang='lat' dir='ltr'><strong>Et~pro</strong></span> <span class='ocrx_word' id='word_1_571' title='bbox 2912 3758 3139 3818; x_wconf 83' lang='lat' dir='ltr'><strong>peccato</strong></span> <span class='ocrx_word' id='word_1_572' title='bbox 3182 3753 3381 3822; x_wconf 78' lang='lat' dir='ltr'><strong>populi</strong></span> <span class='ocrx_word' id='word_1_573' title='bbox 3411 3750 3686 3819; x_wconf 80' lang='lat' dir='ltr'><strong>oﬂ‘erens,</strong></span> 
     </span>
    </p>
   </div>
   <div class='ocr_carea' id='block_1_79' title="bbox 2097 3837 3691 3908">
    <p class='ocr_par' dir='ltr' id='par_1_79' title="bbox 2097 3837 3691 3908">
     <span class='ocr_line' id='line_1_79' title="bbox 2097 3837 3691 3908; baseline 0.004 -15"><span class='ocrx_word' id='word_1_574' title='bbox 2097 3837 2358 3894; x_wconf 80' lang='lat' dir='ltr'><strong>mactavit</strong></span> <span class='ocrx_word' id='word_1_575' title='bbox 2383 3838 2623 3903; x_wconf 82' lang='lat' dir='ltr'><strong>hircum,</strong></span> <span class='ocrx_word' id='word_1_576' title='bbox 2654 3838 2981 3908; x_wconf 78' lang='lat' dir='ltr'><strong>expiatoque</strong></span> <span class='ocrx_word' id='word_1_577' title='bbox 3027 3840 3207 3906; x_wconf 82' lang='lat' dir='ltr'><strong>altari,</strong></span> <span class='ocrx_word' id='word_1_578' title='bbox 3243 3841 3373 3896; x_wconf 80' lang='lat' dir='ltr'><strong>fecit</strong></span> <span class='ocrx_word' id='word_1_579' title='bbox 3412 3842 3691 3899; x_wconf 76' lang='lat' dir='ltr'><strong>holocau-</strong></span> 
     </span>
    </p>
   </div>
   <div class='ocr_carea' id='block_1_80' title="bbox 2046 3932 3692 4007">
    <p class='ocr_par' dir='ltr' id='par_1_80' title="bbox 2046 3932 3692 4007">
     <span class='ocr_line' id='line_1_80' title="bbox 2046 3932 3692 4007; baseline 0.004 -20"><span class='ocrx_word' id='word_1_580' title='bbox 2046 3958 2055 3969; x_wconf 72' lang='grc' dir='ltr'><strong>ι</strong></span> <span class='ocrx_word' id='word_1_581' title='bbox 2098 3941 2265 3996; x_wconf 74' lang='lat' dir='ltr'><strong>stum,</strong></span> <span class='ocrx_word' id='word_1_582' title='bbox 2294 3932 2501 3987; x_wconf 83' lang='lat' dir='ltr'><strong>addens</strong></span> <span class='ocrx_word' id='word_1_583' title='bbox 2543 3932 2600 3986; x_wconf 88' lang='lat' dir='ltr'><strong>in</strong></span> <span class='ocrx_word' id='word_1_584' title='bbox 2655 3932 2925 3987; x_wconf 80' lang='lat' dir='ltr'><strong>sacriﬁcio</strong></span> <span class='ocrx_word' id='word_1_585' title='bbox 2964 3934 3260 3989; x_wconf 77' lang='lat' dir='ltr'><strong>libamenta</strong></span> <span class='ocrx_word' id='word_1_586' title='bbox 3305 3951 3428 4005; x_wconf 76' lang='lat' dir='ltr'><strong>qua:</strong></span> <span class='ocrx_word' id='word_1_587' title='bbox 3473 3939 3692 4007; x_wconf 73' lang='lat' dir='ltr'><strong>pariter</strong></span> 
     </span>
    </p>
   </div>
   <div class='ocr_carea' id='block_1_81' title="bbox 2097 4020 3693 4098">
    <p class='ocr_par' dir='ltr' id='par_1_81' title="bbox 2097 4020 3693 4098">
     <span class='ocr_line' id='line_1_81' title="bbox 2097 4020 3693 4098; baseline 0.004 -21"><span class='ocrx_word' id='word_1_588' title='bbox 2097 4022 2416 4084; x_wconf 69' lang='lat' dir='ltr'><strong>oﬁerantur,</strong></span> <span class='ocrx_word' id='word_1_589' title='bbox 2480 4030 2536 4076; x_wconf 90' lang='lat' dir='ltr'><strong>et</strong></span> <span class='ocrx_word' id='word_1_590' title='bbox 2597 4020 2824 4076; x_wconf 86' lang='lat' dir='ltr'><strong>adolens</strong></span> <span class='ocrx_word' id='word_1_591' title='bbox 2871 4037 2935 4078; x_wconf 80' lang='lat' dir='ltr'><strong>ea</strong></span> <span class='ocrx_word' id='word_1_592' title='bbox 2999 4039 3168 4094; x_wconf 84' lang='lat' dir='ltr'><strong>super</strong></span> <span class='ocrx_word' id='word_1_593' title='bbox 3229 4024 3418 4091; x_wconf 88' lang='lat' dir='ltr'><strong>altare,</strong></span> <span class='ocrx_word' id='word_1_594' title='bbox 3474 4028 3693 4098; x_wconf 69' lang='lat' dir='ltr'><strong>absque</strong></span> 
     </span>
    </p>
   </div>
   <div class='ocr_carea' id='block_1_82' title="bbox 2099 4114 3692 4174">
    <p class='ocr_par' dir='ltr' id='par_1_82' title="bbox 2099 4114 3692 4174">
     <span class='ocr_line' id='line_1_82' title="bbox 2099 4114 3692 4174; baseline 0.003 -3"><span class='ocrx_word' id='word_1_595' title='bbox 2099 4114 2446 4171; x_wconf 64' lang='lat' dir='ltr'><strong>caeremoniis</strong></span> <span class='ocrx_word' id='word_1_596' title='bbox 2518 4114 2828 4170; x_wconf 83' lang='lat' dir='ltr'><strong>holocausti</strong></span> <span class='ocrx_word' id='word_1_597' title='bbox 2886 4116 3163 4170; x_wconf 81' lang='lat' dir='ltr'><strong>matutini.</strong></span> <span class='ocrx_word' id='word_1_598' title='bbox 3243 4115 3561 4174; x_wconf 77' lang='lat' dir='ltr'><strong>lmmolavit</strong></span> <span class='ocrx_word' id='word_1_599' title='bbox 3632 4128 3692 4174; x_wconf 81' lang='lat' dir='ltr'><strong>et</strong></span> 
     </span>
    </p>
   </div>
   <div class='ocr_carea' id='block_1_83' title="bbox 2097 4195 3687 4281">
    <p class='ocr_par' dir='ltr' id='par_1_83' title="bbox 2097 4195 3687 4281">
     <span class='ocr_line' id='line_1_83' title="bbox 2097 4195 3687 4281; baseline 0.002 -19"><span class='ocrx_word' id='word_1_600' title='bbox 2097 4207 2292 4262; x_wconf 82' lang='lat' dir='ltr'><strong>bovem</strong></span> <span class='ocrx_word' id='word_1_601' title='bbox 2340 4216 2530 4274; x_wconf 74' lang='lat' dir='ltr'><strong>atque</strong></span> <span class='ocrx_word' id='word_1_602' title='bbox 2575 4208 2825 4273; x_wconf 82' lang='lat' dir='ltr'><strong>arietem,</strong></span> <span class='ocrx_word' id='word_1_603' title='bbox 2886 4195 3109 4263; x_wconf 74' lang='lat' dir='ltr'><strong>hosiias</strong></span> <span class='ocrx_word' id='word_1_604' title='bbox 3159 4209 3415 4277; x_wconf 65' lang='lat' dir='ltr'><strong>paciﬁcos</strong></span> <span class='ocrx_word' id='word_1_605' title='bbox 3472 4212 3687 4281; x_wconf 82' lang='lat' dir='ltr'><strong>populi.</strong></span> 
     </span>
    </p>
   </div>
   <div class='ocr_carea' id='block_1_84' title="bbox 2097 4297 3689 4371">
    <p class='ocr_par' dir='ltr' id='par_1_84' title="bbox 2097 4297 3689 4371">
     <span class='ocr_line' id='line_1_84' title="bbox 2097 4297 3689 4371; baseline 0.002 -16"><span class='ocrx_word' id='word_1_606' title='bbox 2097 4298 2533 4368; x_wconf 84' lang='lat' dir='ltr'><strong>Obtuieruntque</strong></span> <span class='ocrx_word' id='word_1_607' title='bbox 2576 4299 2627 4352; x_wconf 80' lang='lat' dir='ltr'><strong>ei</strong></span> <span class='ocrx_word' id='word_1_608' title='bbox 2671 4297 2764 4351; x_wconf 81' lang='lat' dir='ltr'><strong>ﬁlii</strong></span> <span class='ocrx_word' id='word_1_609' title='bbox 2802 4297 2889 4352; x_wconf 76' lang='lat' dir='ltr'><strong>sui</strong></span> <span class='ocrx_word' id='word_1_610' title='bbox 2929 4300 3273 4370; x_wconf 79' lang='lat' dir='ltr'><strong>sanguinem,</strong></span> <span class='ocrx_word' id='word_1_611' title='bbox 3319 4318 3493 4371; x_wconf 85' lang='lat' dir='ltr'><strong>quem</strong></span> <span class='ocrx_word' id='word_1_612' title='bbox 3536 4304 3689 4358; x_wconf 73' lang='lat' dir='ltr'><strong>fudit</strong></span> 
     </span>
    </p>
   </div>
   <div class='ocr_carea' id='block_1_85' title="bbox 2099 4388 3689 4460">
    <p class='ocr_par' dir='ltr' id='par_1_85' title="bbox 2099 4388 3689 4460">
     <span class='ocr_line' id='line_1_85' title="bbox 2099 4388 3689 4460; baseline 0.004 -17"><span class='ocrx_word' id='word_1_613' title='bbox 2099 4388 2465 4458; x_wconf 79' lang='lat' dir='ltr'><strong>super‘altare</strong></span> <span class='ocrx_word' id='word_1_614' title='bbox 2508 4389 2561 4440; x_wconf 88' lang='lat' dir='ltr'><strong>in</strong></span> <span class='ocrx_word' id='word_1_615' title='bbox 2607 4389 2881 4444; x_wconf 80' lang='lat' dir='ltr'><strong>circuitu:</strong></span> <span class='ocrx_word' id='word_1_616' title='bbox 2926 4389 3153 4460; x_wconf 80' lang='lat' dir='ltr'><strong>adipem.</strong></span> <span class='ocrx_word' id='word_1_617' title='bbox 3184 4401 3365 4447; x_wconf 80' lang='lat' dir='ltr'><strong>autem</strong></span> <span class='ocrx_word' id='word_1_618' title='bbox 3394 4393 3581 4458; x_wconf 77' lang='lat' dir='ltr'><strong>bovis,</strong></span> <span class='ocrx_word' id='word_1_619' title='bbox 3632 4402 3689 4449; x_wconf 78' lang='lat' dir='ltr'><strong>et</strong></span> 
     </span>
    </p>
   </div>
   <div class='ocr_carea' id='block_1_86' title="bbox 419 4482 3689 4575">
    <p class='ocr_par' dir='ltr' id='par_1_86' title="bbox 419 4482 3689 4575">
     <span class='ocr_line' id='line_1_86' title="bbox 419 4482 3689 4575; baseline 0.001 -37"><span class='ocrx_word' id='word_1_620' title='bbox 419 4483 640 4536; x_wconf 77' lang='lat' dir='ltr'><strong>im&#39;mola</strong></span> <span class='ocrx_word' id='word_1_621' title='bbox 674 4500 772 4553; x_wconf 90' lang='lat' dir='ltr'><strong>pro</strong></span> <span class='ocrx_word' id='word_1_622' title='bbox 806 4497 1030 4553; x_wconf 80' lang='lat' dir='ltr'><strong>peccato</strong></span> <span class='ocrx_word' id='word_1_623' title='bbox 1062 4496 1171 4553; x_wconf 85' lang='lat' dir='ltr'><strong>tuo,</strong></span> <span class='ocrx_word' id='word_1_624' title='bbox 1208 4488 1447 4546; x_wconf 63' lang='lat' dir='ltr'><strong>atterens</strong></span> <span class='ocrx_word' id='word_1_625' title='bbox 1493 4493 1894 4565; x_wconf 86' lang='lat' dir='ltr'><strong>holocaustum,</strong></span> <span class='ocrx_word' id='word_1_626' title='bbox 1938 4512 1994 4556; x_wconf 70' lang='lat' dir='ltr'><strong>et</strong></span> <span class='ocrx_word' id='word_1_627' title='bbox 2027 4499 2069 4554; x_wconf 82' lang='grc' dir='ltr'>ι)</span> <span class='ocrx_word' id='word_1_628' title='bbox 2097 4483 2325 4539; x_wconf 78' lang='lat' dir='ltr'><strong>caudam</strong></span> <span class='ocrx_word' id='word_1_629' title='bbox 2352 4482 2557 4575; x_wconf 80' lang='lat' dir='ltr'><strong>arietis,</strong></span> <span class='ocrx_word' id='word_1_630' title='bbox 2598 4483 3040 4552; x_wconf 80' lang='lat' dir='ltr'><strong>renuneuiosque</strong></span> <span class='ocrx_word' id='word_1_631' title='bbox 3085 4498 3215 4538; x_wconf 81' lang='lat' dir='ltr'><strong>cum</strong></span> <span class='ocrx_word' id='word_1_632' title='bbox 3256 4483 3521 4554; x_wconf 80' lang='lat' dir='ltr'><strong>adipibus</strong></span> <span class='ocrx_word' id='word_1_633' title='bbox 3547 4487 3689 4552; x_wconf 81' lang='lat' dir='ltr'><strong>suis,</strong></span> 
     </span>
    </p>
   </div>
   <div class='ocr_carea' id='block_1_87' title="bbox 418 4573 3687 4654">
    <p class='ocr_par' dir='ltr' id='par_1_87' title="bbox 418 4573 3687 4654">
     <span class='ocr_line' id='line_1_87' title="bbox 418 4573 3687 4654; baseline 0.001 -26"><span class='ocrx_word' id='word_1_634' title='bbox 418 4574 717 4642; x_wconf 88' lang='lat' dir='ltr'><strong>deprecare</strong></span> <span class='ocrx_word' id='word_1_635' title='bbox 739 4578 836 4644; x_wconf 87' lang='lat' dir='ltr'><strong>pro</strong></span> <span class='ocrx_word' id='word_1_636' title='bbox 866 4586 937 4640; x_wconf 90' lang='lat' dir='ltr'><strong>te,</strong></span> <span class='ocrx_word' id='word_1_637' title='bbox 962 4587 1014 4630; x_wconf 87' lang='lat' dir='ltr'><strong>et</strong></span> <span class='ocrx_word' id='word_1_638' title='bbox 1042 4592 1140 4646; x_wconf 89' lang='lat' dir='ltr'><strong>pro</strong></span> <span class='ocrx_word' id='word_1_639' title='bbox 1166 4581 1383 4649; x_wconf 87' lang='lat' dir='ltr'><strong>populo,</strong></span> <span class='ocrx_word' id='word_1_640' title='bbox 1409 4597 1642 4654; x_wconf 88' lang='lat' dir='ltr'><strong>cumque</strong></span> <span class='ocrx_word' id='word_1_641' title='bbox 1673 4590 1996 4645; x_wconf 60' lang='lat' dir='ltr'><strong>[tractaveris</strong></span> <span class='ocrx_word' id='word_1_642' title='bbox 2096 4585 2154 4630; x_wconf 91' lang='lat' dir='ltr'><strong>et</strong></span> <span class='ocrx_word' id='word_1_643' title='bbox 2229 4573 2519 4628; x_wconf 86' lang='lat' dir='ltr'><strong>reticulum</strong></span> <span class='ocrx_word' id='word_1_644' title='bbox 2575 4573 2811 4642; x_wconf 78' lang='lat' dir='ltr'><strong>jecoris,</strong></span> <span class='ocrx_word' id='word_1_645' title='bbox 2851 4584 3158 4643; x_wconf 81' lang='lat' dir='ltr'><strong>posuerunt</strong></span> <span class='ocrx_word' id='word_1_646' title='bbox 3216 4590 3385 4645; x_wconf 86' lang='lat' dir='ltr'><strong>super</strong></span> <span class='ocrx_word' id='word_1_647' title='bbox 3420 4586 3687 4644; x_wconf 68' lang='lat' dir='ltr'><strong>pectora.</strong></span> 
     </span>
    </p>
   </div>
   <div class='ocr_carea' id='block_1_88' title="bbox 421 4664 1996 4748">
    <p class='ocr_par' dir='ltr' id='par_1_88' title="bbox 421 4664 1996 4748">
     <span class='ocr_line' id='line_1_88' title="bbox 421 4664 1996 4748; baseline 0.01 -30"><span class='ocrx_word' id='word_1_648' title='bbox 421 4664 657 4719; x_wconf 88' lang='lat' dir='ltr'><strong>hostiam</strong></span> <span class='ocrx_word' id='word_1_649' title='bbox 702 4665 887 4737; x_wconf 81' lang='lat' dir='ltr'><strong>pepuli</strong></span> <span class='ocrx_word' id='word_1_650' title='bbox 919 4709 931 4732; x_wconf 94' lang='lat'><strong>,</strong></span> <span class='ocrx_word' id='word_1_651' title='bbox 985 4684 1077 4722; x_wconf 85' lang='lat' dir='ltr'><strong>ora</strong></span> <span class='ocrx_word' id='word_1_652' title='bbox 1128 4685 1228 4740; x_wconf 89' lang='lat' dir='ltr'><strong>pro</strong></span> <span class='ocrx_word' id='word_1_653' title='bbox 1274 4687 1361 4736; x_wconf 88' lang='lat' dir='ltr'><strong>eo,</strong></span> <span class='ocrx_word' id='word_1_654' title='bbox 1412 4674 1555 4728; x_wconf 82' lang='lat' dir='ltr'><strong>sicut</strong></span> <span class='ocrx_word' id='word_1_655' title='bbox 1598 4678 1844 4748; x_wconf 68' lang='lat' dir='ltr'><strong>praecipit</strong></span> <span class='ocrx_word' id='word_1_656' title='bbox 1890 4681 1996 4734; x_wconf 89' lang='lat' dir='ltr'><strong>Do-</strong></span> 
     </span>
    </p>
   </div>
   <div class='ocr_carea' id='block_1_89' title="bbox 2101 4664 3689 4748">
    <p class='ocr_par' dir='ltr' id='par_1_89' title="bbox 2101 4666 3689 4738">
     <span class='ocr_line' id='line_1_89' title="bbox 2101 4666 3689 4738; baseline -0.001 -15"><span class='ocrx_word' id='word_1_657' title='bbox 2101 4667 2593 4737; x_wconf 72' lang='lat' dir='ltr'><strong>Cumque‘cremati</strong></span> <span class='ocrx_word' id='word_1_658' title='bbox 2623 4675 2808 4721; x_wconf 88' lang='lat' dir='ltr'><strong>essent</strong></span> <span class='ocrx_word' id='word_1_659' title='bbox 2831 4666 3020 4736; x_wconf 84' lang='lat' dir='ltr'><strong>adipes</strong></span> <span class='ocrx_word' id='word_1_660' title='bbox 3048 4668 3431 4737; x_wconf 76' lang='lat' dir='ltr'><strong>supcralure,</strong></span> <span class='ocrx_word' id='word_1_661' title='bbox 3463 4678 3689 4738; x_wconf 79' lang='lat' dir='ltr'><strong>pectora</strong></span> 
     </span>
    </p>
   </div>
   <div class='ocr_carea' id='block_1_90' title="bbox 420 4769 1725 4809">
    <p class='ocr_par' dir='ltr' id='par_1_90' title="bbox 420 4769 1725 4809">
     <span class='ocr_line' id='line_1_90' title="bbox 420 4769 1725 4809; baseline 0.002 0"><span class='ocrx_word' id='word_1_662' title='bbox 420 4769 621 4809; x_wconf 75' lang='lat' dir='ltr'><strong>minus.</strong></span> <span class='ocrx_word' id='word_1_663' title='bbox 665 4774 684 4806; x_wconf 72' lang='grc' dir='ltr'><strong>ι</strong></span> <span class='ocrx_word' id='word_1_664' title='bbox 1720 4782 1725 4789; x_wconf 71' lang='grc'><strong><em>⁵</em></strong></span> 
     </span>
    </p>
   </div>
   <div class='ocr_carea' id='block_1_91' title="bbox 492 4845 2003 4930">
    <p class='ocr_par' dir='ltr' id='par_1_91' title="bbox 492 4845 2003 4930">
     <span class='ocr_line' id='line_1_91' title="bbox 492 4845 2003 4930; baseline 0.01 -28"><span class='ocrx_word' id='word_1_665' title='bbox 492 4845 592 4902; x_wconf 83' lang='lat' dir='ltr'><strong>Ubi</strong></span> <span class='ocrx_word' id='word_1_666' title='bbox 628 4854 813 4903; x_wconf 87' lang='lat' dir='ltr'><strong>nostra</strong></span> <span class='ocrx_word' id='word_1_667' title='bbox 846 4852 1126 4907; x_wconf 86' lang='lat' dir='ltr'><strong>translatio</strong></span> <span class='ocrx_word' id='word_1_668' title='bbox 1160 4851 1374 4922; x_wconf 85' lang='lat' dir='ltr'><strong>planius</strong></span> <span class='ocrx_word' id='word_1_669' title='bbox 1399 4851 1583 4920; x_wconf 79' lang='lat' dir='ltr'><strong>habet,</strong></span> <span class='ocrx_word' id='word_1_670' title='bbox 1619 4874 1714 4928; x_wconf 84' lang='lat' dir='ltr'><strong>pro</strong></span> <span class='ocrx_word' id='word_1_671' title='bbox 1744 4868 1794 4913; x_wconf 85' lang='lat' dir='ltr'><strong>te</strong></span> <span class='ocrx_word' id='word_1_672' title='bbox 1833 4868 1883 4913; x_wconf 84' lang='lat' dir='ltr'><strong>et</strong></span> <span class='ocrx_word' id='word_1_673' title='bbox 1908 4850 2003 4930; x_wconf 80' lang='lat' dir='ltr'><strong>pro</strong></span> 
     </span>
    </p>
   </div>
   <div class='ocr_carea' id='block_1_92' title="bbox 419 4938 2067 5013">
    <p class='ocr_par' dir='ltr' id='par_1_92' title="bbox 419 4938 2067 5013">
     <span class='ocr_line' id='line_1_92' title="bbox 419 4938 2067 5013; baseline 0.012 -24"><span class='ocrx_word' id='word_1_674' title='bbox 419 4938 630 5009; x_wconf 73' lang='lat' dir='ltr'><strong>populo,</strong></span> <span class='ocrx_word' id='word_1_675' title='bbox 662 4958 756 5009; x_wconf 87' lang='lat' dir='ltr'><strong>pro</strong></span> <span class='ocrx_word' id='word_1_676' title='bbox 784 4943 965 5013; x_wconf 79' lang='lat' dir='ltr'><strong>teipse,</strong></span> <span class='ocrx_word' id='word_1_677' title='bbox 999 4952 1052 4998; x_wconf 78' lang='lat' dir='ltr'><strong>et</strong></span> <span class='ocrx_word' id='word_1_678' title='bbox 1069 4961 1164 5009; x_wconf 88' lang='lat' dir='ltr'><strong>pro</strong></span> <span class='ocrx_word' id='word_1_679' title='bbox 1196 4946 1347 5000; x_wconf 85' lang='lat' dir='ltr'><strong>domo</strong></span> <span class='ocrx_word' id='word_1_680' title='bbox 1375 4946 1629 5003; x_wconf 59' lang='lat' dir='ltr'><strong>mann</strong></span> <span class='ocrx_word' id='word_1_681' title='bbox 1681 4946 1999 5009; x_wconf 75' lang='lat' dir='ltr'><strong>ediderunt;</strong></span> <span class='ocrx_word' id='word_1_682' title='bbox 2034 4950 2067 4965; x_wconf 77' lang='grc'><strong><em>”</em></strong></span> 
     </span>
    </p>
   </div>
   <div class='ocr_carea' id='block_1_93' title="bbox 424 5026 2001 5110">
    <p class='ocr_par' dir='ltr' id='par_1_93' title="bbox 424 5026 2001 5110">
     <span class='ocr_line' id='line_1_93' title="bbox 424 5026 2001 5110; baseline 0.01 -28"><span class='ocrx_word' id='word_1_683' title='bbox 424 5026 525 5095; x_wconf 83' lang='lat' dir='ltr'><strong>Qui</strong></span> <span class='ocrx_word' id='word_1_684' title='bbox 589 5042 769 5087; x_wconf 88' lang='lat' dir='ltr'><strong>autem</strong></span> <span class='ocrx_word' id='word_1_685' title='bbox 835 5042 962 5088; x_wconf 84' lang='lat' dir='ltr'><strong>sunt</strong></span> <span class='ocrx_word' id='word_1_686' title='bbox 1024 5035 1218 5090; x_wconf 85' lang='lat' dir='ltr'><strong>domus</strong></span> <span class='ocrx_word' id='word_1_687' title='bbox 1281 5030 1643 5110; x_wconf 75' lang='lat' dir='ltr'><strong>inte&#39;liigitillls</strong></span> <span class='ocrx_word' id='word_1_688' title='bbox 1702 5034 2001 5098; x_wconf 86' lang='lat' dir='ltr'><strong>sacerdotis</strong></span> 
     </span>
    </p>
   </div>
   <div class='ocr_carea' id='block_1_94' title="bbox 422 5119 2017 5192">
    <p class='ocr_par' dir='ltr' id='par_1_94' title="bbox 422 5119 2017 5192">
     <span class='ocr_line' id='line_1_94' title="bbox 422 5119 2017 5192; baseline 0.008 -18"><span class='ocrx_word' id='word_1_689' title='bbox 422 5119 589 5175; x_wconf 75' lang='lat' dir='ltr'><strong>Paulo</strong></span> <span class='ocrx_word' id='word_1_690' title='bbox 620 5124 855 5188; x_wconf 85' lang='lat' dir='ltr'><strong>dicente,</strong></span> <span class='ocrx_word' id='word_1_691' title='bbox 889 5134 1182 5192; x_wconf 82' lang='lat' dir='ltr'><strong>cognosce;</strong></span> <span class='ocrx_word' id='word_1_692' title='bbox 1220 5127 1295 5181; x_wconf 85' lang='lat' dir='ltr'><strong>ait</strong></span> <span class='ocrx_word' id='word_1_693' title='bbox 1326 5129 1475 5182; x_wconf 81' lang='lat' dir='ltr'><strong>enim</strong></span> <span class='ocrx_word' id='word_1_694' title='bbox 1517 5147 1529 5182; x_wconf 92' lang='lat'><strong>:</strong></span> <span class='ocrx_word' id='word_1_695' title='bbox 1564 5130 1798 5185; x_wconf 82' lang='lat' dir='ltr'><strong>Christus</strong></span> <span class='ocrx_word' id='word_1_696' title='bbox 1824 5134 2017 5187; x_wconf 43' lang='lat' dir='ltr'><strong>autem“</strong></span> 
     </span>
    </p>
   </div>
   <div class='ocr_carea' id='block_1_95' title="bbox 425 5198 2009 5291">
    <p class='ocr_par' dir='ltr' id='par_1_95' title="bbox 425 5198 2009 5291">
     <span class='ocr_line' id='line_1_95' title="bbox 425 5198 2009 5291; baseline 0.009 -25"><span class='ocrx_word' id='word_1_697' title='bbox 425 5198 483 5291; x_wconf 63' lang='lat' dir='ltr'><strong>ut</strong></span> <span class='ocrx_word' id='word_1_698' title='bbox 505 5214 645 5282; x_wconf 76' lang='lat' dir='ltr'><strong>[ilius</strong></span> <span class='ocrx_word' id='word_1_699' title='bbox 678 5218 731 5269; x_wconf 78' lang='lat' dir='ltr'><strong>in</strong></span> <span class='ocrx_word' id='word_1_700' title='bbox 760 5218 912 5270; x_wconf 83' lang='lat' dir='ltr'><strong>domo</strong></span> <span class='ocrx_word' id='word_1_701' title='bbox 943 5227 1046 5271; x_wconf 73' lang='lat' dir='ltr'><strong>sua</strong></span> <span class='ocrx_word' id='word_1_702' title='bbox 1069 5217 1110 5250; x_wconf 79' lang='lat'>“</span> <span class='ocrx_word' id='word_1_703' title='bbox 1133 5236 1146 5283; x_wconf 90' lang='lat'><strong>;</strong></span> <span class='ocrx_word' id='word_1_704' title='bbox 1172 5234 1294 5289; x_wconf 84' lang='lat' dir='ltr'><strong>qme</strong></span> <span class='ocrx_word' id='word_1_705' title='bbox 1328 5221 1523 5275; x_wconf 89' lang='lat' dir='ltr'><strong>domus</strong></span> <span class='ocrx_word' id='word_1_706' title='bbox 1566 5237 1670 5277; x_wconf 89' lang='lat' dir='ltr'><strong>nos</strong></span> <span class='ocrx_word' id='word_1_707' title='bbox 1700 5238 1913 5291; x_wconf 88' lang='lat' dir='ltr'><strong>sumus,</strong></span> <span class='ocrx_word' id='word_1_708' title='bbox 1954 5227 2009 5280; x_wconf 73' lang='lat' dir='ltr'><strong>si-</strong></span> 
     </span>
    </p>
   </div>
   <div class='ocr_carea' id='block_1_96' title="bbox 425 5290 2002 5381">
    <p class='ocr_par' dir='ltr' id='par_1_96' title="bbox 425 5290 2002 5381">
     <span class='ocr_line' id='line_1_96' title="bbox 425 5290 2002 5381; baseline 0.008 -24"><span class='ocrx_word' id='word_1_709' title='bbox 425 5290 677 5359; x_wconf 81' lang='lat' dir='ltr'><strong>ﬁduciam</strong></span> <span class='ocrx_word' id='word_1_710' title='bbox 709 5315 764 5361; x_wconf 88' lang='lat' dir='ltr'><strong>et</strong></span> <span class='ocrx_word' id='word_1_711' title='bbox 819 5304 1043 5378; x_wconf 83' lang='lat' dir='ltr'><strong>gloriam</strong></span> <span class='ocrx_word' id='word_1_712' title='bbox 1095 5311 1209 5379; x_wconf 89' lang='lat' dir='ltr'><strong>spei</strong></span> <span class='ocrx_word' id='word_1_713' title='bbox 1270 5327 1443 5381; x_wconf 86' lang='lat' dir='ltr'><strong>usque</strong></span> <span class='ocrx_word' id='word_1_714' title='bbox 1483 5302 1548 5365; x_wconf 85' lang='lat' dir='ltr'><strong>ad</strong></span> <span class='ocrx_word' id='word_1_715' title='bbox 1585 5311 1747 5368; x_wconf 84' lang='lat' dir='ltr'><strong>ﬁnem</strong></span> <span class='ocrx_word' id='word_1_716' title='bbox 1789 5290 2002 5371; x_wconf 77' lang='lat' dir='ltr'><strong>iit-lnam</strong></span> 
     </span>
    </p>
   </div>
   <div class='ocr_carea' id='block_1_97' title="bbox 429 5390 2004 5472">
    <p class='ocr_par' dir='ltr' id='par_1_97' title="bbox 429 5390 2004 5472">
     <span class='ocr_line' id='line_1_97' title="bbox 429 5390 2004 5472; baseline 0.01 -25"><span class='ocrx_word' id='word_1_717' title='bbox 429 5390 776 5451; x_wconf 79' lang='lat' dir='ltr'><strong>retineamus.</strong></span> <span class='ocrx_word' id='word_1_718' title='bbox 805 5399 945 5469; x_wconf 84' lang='lat' dir='ltr'><strong>Ergo</strong></span> <span class='ocrx_word' id='word_1_719' title='bbox 976 5400 1028 5452; x_wconf 90' lang='lat' dir='ltr'><strong>hi</strong></span> <span class='ocrx_word' id='word_1_720' title='bbox 1050 5403 1141 5468; x_wconf 89' lang='lat' dir='ltr'><strong>qui</strong></span> <span class='ocrx_word' id='word_1_721' title='bbox 1175 5400 1544 5469; x_wconf 81' lang='lat' dir='ltr'><strong>profecerunt,</strong></span> <span class='ocrx_word' id='word_1_722' title='bbox 1570 5412 1625 5456; x_wconf 90' lang='lat' dir='ltr'><strong>et</strong></span> <span class='ocrx_word' id='word_1_723' title='bbox 1648 5404 2004 5472; x_wconf 81' lang='lat' dir='ltr'><strong>perfectiores</strong></span> 
     </span>
    </p>
   </div>
   <div class='ocr_carea' id='block_1_98' title="bbox 438 5483 2006 5564">
    <p class='ocr_par' dir='ltr' id='par_1_98' title="bbox 438 5483 2006 5564">
     <span class='ocr_line' id='line_1_98' title="bbox 438 5483 2006 5564; baseline 0.012 -32"><span class='ocrx_word' id='word_1_724' title='bbox 438 5486 585 5544; x_wconf 83' lang='lat' dir='ltr'><strong>su‘n‘t,</strong></span> <span class='ocrx_word' id='word_1_725' title='bbox 612 5486 824 5540; x_wconf 82' lang='lat' dir='ltr'><strong>domus</strong></span> <span class='ocrx_word' id='word_1_726' title='bbox 863 5483 981 5557; x_wconf 80' lang='lat' dir='ltr'><strong>ejus</strong></span> <span class='ocrx_word' id='word_1_727' title='bbox 1030 5489 1172 5558; x_wconf 78' lang='lat' dir='ltr'><strong>iuste</strong></span> <span class='ocrx_word' id='word_1_728' title='bbox 1218 5491 1562 5559; x_wconf 88' lang='lat' dir='ltr'><strong>appellantur</strong></span> <span class='ocrx_word' id='word_1_729' title='bbox 1607 5510 1621 5546; x_wconf 93' lang='lat'>:</span> <span class='ocrx_word' id='word_1_730' title='bbox 1673 5508 1771 5563; x_wconf 87' lang='lat' dir='ltr'><strong>pro</strong></span> <span class='ocrx_word' id='word_1_731' title='bbox 1805 5495 2006 5564; x_wconf 86' lang='lat' dir='ltr'><strong>quibus</strong></span> 
     </span>
    </p>
   </div>
   <div class='ocr_carea' id='block_1_99' title="bbox 435 5570 2005 5652">
    <p class='ocr_par' dir='ltr' id='par_1_99' title="bbox 435 5570 2005 5652">
     <span class='ocr_line' id='line_1_99' title="bbox 435 5570 2005 5652; baseline 0.013 -30"><span class='ocrx_word' id='word_1_732' title='bbox 435 5570 770 5641; x_wconf 86' lang='lat' dir='ltr'><strong>deprecatur,</strong></span> <span class='ocrx_word' id='word_1_733' title='bbox 805 5585 857 5631; x_wconf 88' lang='lat' dir='ltr'><strong>et</strong></span> <span class='ocrx_word' id='word_1_734' title='bbox 888 5594 984 5647; x_wconf 88' lang='lat' dir='ltr'><strong>pro</strong></span> <span class='ocrx_word' id='word_1_735' title='bbox 1014 5580 1160 5633; x_wconf 90' lang='lat' dir='ltr'><strong>omni</strong></span> <span class='ocrx_word' id='word_1_736' title='bbox 1197 5580 1413 5650; x_wconf 80' lang='lat' dir='ltr'><strong>popuio,</strong></span> <span class='ocrx_word' id='word_1_737' title='bbox 1448 5591 1634 5652; x_wconf 86' lang='lat' dir='ltr'><strong>utpote</strong></span> <span class='ocrx_word' id='word_1_738' title='bbox 1682 5583 1773 5652; x_wconf 87' lang='lat' dir='ltr'><strong>qui</strong></span> <span class='ocrx_word' id='word_1_739' title='bbox 1815 5596 2005 5643; x_wconf 82' lang='lat' dir='ltr'><strong>nostra</strong></span> 
     </span>
    </p>
   </div>
   <div class='ocr_carea' id='block_1_100' title="bbox 2098 4760 3693 4828">
    <p class='ocr_par' dir='ltr' id='par_1_100' title="bbox 2098 4760 3693 4828">
     <span class='ocr_line' id='line_1_100' title="bbox 2098 4760 3693 4828; baseline 0.001 -14"><span class='ocrx_word' id='word_1_740' title='bbox 2098 4766 2310 4824; x_wconf 77' lang='lat' dir='ltr'><strong>eorum,</strong></span> <span class='ocrx_word' id='word_1_741' title='bbox 2346 4767 2403 4814; x_wconf 89' lang='lat' dir='ltr'><strong>et</strong></span> <span class='ocrx_word' id='word_1_742' title='bbox 2433 4768 2615 4813; x_wconf 79' lang='lat' dir='ltr'><strong>armes</strong></span> <span class='ocrx_word' id='word_1_743' title='bbox 2640 4760 2869 4813; x_wconf 33' lang='lat' dir='ltr'><strong>“dextros</strong></span> <span class='ocrx_word' id='word_1_744' title='bbox 2903 4760 3180 4828; x_wconf 83' lang='lat' dir='ltr'><strong>separavit</strong></span> <span class='ocrx_word' id='word_1_745' title='bbox 3221 4760 3432 4821; x_wconf 77' lang='lat' dir='ltr'><strong>Aaron.</strong></span> <span class='ocrx_word' id='word_1_746' title='bbox 3460 4762 3693 4819; x_wconf 69' lang='lat' dir='ltr'><strong>elevans</strong></span> 
     </span>
    </p>
   </div>
   <div class='ocr_carea' id='block_1_101' title="bbox 2100 4851 3507 4921">
    <p class='ocr_par' dir='ltr' id='par_1_101' title="bbox 2100 4851 3507 4921">
     <span class='ocr_line' id='line_1_101' title="bbox 2100 4851 3507 4921; baseline -0.002 -15"><span class='ocrx_word' id='word_1_747' title='bbox 2100 4867 2282 4906; x_wconf 89' lang='lat' dir='ltr'><strong>coram</strong></span> <span class='ocrx_word' id='word_1_748' title='bbox 2321 4851 2568 4913; x_wconf 87' lang='lat' dir='ltr'><strong>Domino,</strong></span> <span class='ocrx_word' id='word_1_749' title='bbox 2599 4853 2741 4906; x_wconf 82' lang='lat' dir='ltr'><strong>sicut</strong></span> <span class='ocrx_word' id='word_1_750' title='bbox 2765 4859 3102 4921; x_wconf 67' lang='lat' dir='ltr'><strong>praeceperat</strong></span> <span class='ocrx_word' id='word_1_751' title='bbox 3131 4852 3182 4906; x_wconf 79' lang='lat' dir='ltr'><strong>ei</strong></span> <span class='ocrx_word' id='word_1_752' title='bbox 3207 4852 3445 4921; x_wconf 75' lang='lat' dir='ltr'><strong>Moyses.</strong></span> <span class='ocrx_word' id='word_1_753' title='bbox 3484 4870 3507 4903; x_wconf 70' lang='grc' dir='ltr'><strong>ι</strong></span> 
     </span>
    </p>
   </div>
   <div class='ocr_carea' id='block_1_102' title="bbox 2171 4942 3692 5012">
    <p class='ocr_par' dir='ltr' id='par_1_102' title="bbox 2171 4942 3692 5012">
     <span class='ocr_line' id='line_1_102' title="bbox 2171 4942 3692 5012; baseline 0.001 -15"><span class='ocrx_word' id='word_1_754' title='bbox 2171 4944 2338 5010; x_wconf 86' lang='lat' dir='ltr'><strong>Cujus</strong></span> <span class='ocrx_word' id='word_1_755' title='bbox 2386 4943 2609 5012; x_wconf 79' lang='lat' dir='ltr'><strong>ﬁguram</strong></span> <span class='ocrx_word' id='word_1_756' title='bbox 2661 4957 2724 4996; x_wconf 89' lang='lat' dir='ltr'><strong>ea</strong></span> <span class='ocrx_word' id='word_1_757' title='bbox 2781 4956 2904 5011; x_wconf 71' lang='lat' dir='ltr'><strong>quae</strong></span> <span class='ocrx_word' id='word_1_758' title='bbox 2956 4942 3099 4997; x_wconf 84' lang='lat' dir='ltr'><strong>dicta</strong></span> <span class='ocrx_word' id='word_1_759' title='bbox 3164 4949 3297 4999; x_wconf 73' lang='lat' dir='ltr'><strong>sunt</strong></span> <span class='ocrx_word' id='word_1_760' title='bbox 3343 4943 3692 5000; x_wconf 57' lang='grc' dir='ltr'><strong>δώρημα</strong></span> 
     </span>
    </p>
   </div>
   <div class='ocr_carea' id='block_1_103' title="bbox 2097 5033 3691 5104">
    <p class='ocr_par' dir='ltr' id='par_1_103' title="bbox 2097 5033 3691 5104">
     <span class='ocr_line' id='line_1_103' title="bbox 2097 5033 3691 5104; baseline 0.002 -17"><span class='ocrx_word' id='word_1_761' title='bbox 2097 5035 2719 5104; x_wconf 62' lang='grc' dir='ltr'>(ιιιεηιιιιιιηοόιιηιηρτο</span> <span class='ocrx_word' id='word_1_762' title='bbox 2770 5044 3016 5102; x_wconf 69' lang='lat' dir='ltr'><strong>peccato</strong></span> <span class='ocrx_word' id='word_1_763' title='bbox 3092 5033 3280 5088; x_wconf 84' lang='lat' dir='ltr'><strong>hircus</strong></span> <span class='ocrx_word' id='word_1_764' title='bbox 3342 5036 3691 5103; x_wconf 66' lang='lat' dir='ltr'><strong>pmnitentie</strong></span> 
     </span>
    </p>
   </div>
   <div class='ocr_carea' id='block_1_104' title="bbox 2100 5122 3688 5197">
    <p class='ocr_par' dir='ltr' id='par_1_104' title="bbox 2100 5122 3688 5197">
     <span class='ocr_line' id='line_1_104' title="bbox 2100 5122 3688 5197; baseline -0.001 -15"><span class='ocrx_word' id='word_1_765' title='bbox 2100 5125 2426 5182; x_wconf 75' lang='lat' dir='ltr'><strong>sacriﬁcium</strong></span> <span class='ocrx_word' id='word_1_766' title='bbox 2475 5122 2761 5195; x_wconf 71' lang='lat' dir='ltr'><strong>significet,</strong></span> <span class='ocrx_word' id='word_1_767' title='bbox 2830 5126 3147 5183; x_wconf 80' lang='lat' dir='ltr'><strong>holocausta</strong></span> <span class='ocrx_word' id='word_1_768' title='bbox 3202 5135 3385 5180; x_wconf 87' lang='lat' dir='ltr'><strong>autem</strong></span> <span class='ocrx_word' id='word_1_769' title='bbox 3437 5128 3688 5197; x_wconf 49' lang='lat' dir='ltr'><strong>cruciﬁxi</strong></span> 
     </span>
    </p>
   </div>
   <div class='ocr_carea' id='block_1_105' title="bbox 2100 5210 3693 5288">
    <p class='ocr_par' dir='ltr' id='par_1_105' title="bbox 2100 5210 3693 5288">
     <span class='ocr_line' id='line_1_105' title="bbox 2100 5210 3693 5288; baseline -0.001 -11"><span class='ocrx_word' id='word_1_770' title='bbox 2100 5210 2568 5277; x_wconf 74' lang='lat' dir='ltr'><strong>conversationem</strong></span> <span class='ocrx_word' id='word_1_771' title='bbox 2598 5237 2613 5272; x_wconf 73' lang='grc' dir='ltr'><em>τ</em></span> <span class='ocrx_word' id='word_1_772' title='bbox 2640 5218 2995 5288; x_wconf 79' lang='lat' dir='ltr'><strong>Tlreologiam</strong></span> <span class='ocrx_word' id='word_1_773' title='bbox 3013 5235 3145 5283; x_wconf 74' lang='lat' dir='ltr'><strong>vero</strong></span> <span class='ocrx_word' id='word_1_774' title='bbox 3173 5220 3373 5273; x_wconf 83' lang='lat' dir='ltr'><strong>similia</strong></span> <span class='ocrx_word' id='word_1_775' title='bbox 3402 5221 3693 5275; x_wconf 47' lang='lat' dir='ltr'><strong>z&#39;saiutare</strong></span> 
     </span>
    </p>
   </div>
   <div class='ocr_carea' id='block_1_106' title="bbox 2109 5303 3691 5381">
    <p class='ocr_par' dir='ltr' id='par_1_106' title="bbox 2109 5303 3691 5381">
     <span class='ocr_line' id='line_1_106' title="bbox 2109 5303 3691 5381; baseline -0.001 -14"><span class='ocrx_word' id='word_1_776' title='bbox 2109 5303 2313 5375; x_wconf 68' lang='lat' dir='ltr'><strong>autem,</strong></span> <span class='ocrx_word' id='word_1_777' title='bbox 2371 5327 2467 5367; x_wconf 88' lang='lat' dir='ltr'><strong>seu</strong></span> <span class='ocrx_word' id='word_1_778' title='bbox 2518 5311 2870 5380; x_wconf 77' lang='lat' dir='ltr'><strong>paciﬁeorum</strong></span> <span class='ocrx_word' id='word_1_779' title='bbox 2933 5310 3287 5375; x_wconf 81' lang='lat' dir='ltr'><strong>sacriﬁcium,</strong></span> <span class='ocrx_word' id='word_1_780' title='bbox 3346 5312 3519 5366; x_wconf 80' lang='lat' dir='ltr'><strong>vitam</strong></span> <span class='ocrx_word' id='word_1_781' title='bbox 3569 5328 3691 5381; x_wconf 64' lang='lat' dir='ltr'><strong>qua</strong></span> 
     </span>
    </p>
   </div>
   <div class='ocr_carea' id='block_1_107' title="bbox 2111 5403 3683 5473">
    <p class='ocr_par' dir='ltr' id='par_1_107' title="bbox 2111 5403 3683 5473">
     <span class='ocr_line' id='line_1_107' title="bbox 2111 5403 3683 5473; baseline -0.003 -12"><span class='ocrx_word' id='word_1_782' title='bbox 2111 5422 2215 5462; x_wconf 89' lang='lat' dir='ltr'><strong>nos</strong></span> <span class='ocrx_word' id='word_1_783' title='bbox 2263 5407 2469 5460; x_wconf 86' lang='lat' dir='ltr'><strong>salvare</strong></span> <span class='ocrx_word' id='word_1_784' title='bbox 2514 5412 2712 5473; x_wconf 80' lang='lat' dir='ltr'><strong>petest,</strong></span> <span class='ocrx_word' id='word_1_785' title='bbox 2752 5403 2918 5456; x_wconf 80' lang='lat' dir='ltr'><strong>etiam</strong></span> <span class='ocrx_word' id='word_1_786' title='bbox 2973 5403 3324 5458; x_wconf 85' lang='lat' dir='ltr'><strong>mediocriter</strong></span> <span class='ocrx_word' id='word_1_787' title='bbox 3361 5404 3683 5473; x_wconf 56' lang='lat' dir='ltr'><strong>sapiam:</strong></span> 
     </span>
    </p>
   </div>
   <div class='ocr_carea' id='block_1_108' title="bbox 2114 5492 3699 5565">
    <p class='ocr_par' dir='ltr' id='par_1_108' title="bbox 2114 5492 3699 5565">
     <span class='ocr_line' id='line_1_108' title="bbox 2114 5492 3699 5565; baseline -0.003 -11"><span class='ocrx_word' id='word_1_788' title='bbox 2114 5492 2788 5554; x_wconf 79' lang='lat' dir='ltr'><strong>sacriﬁeidrum-discussio</strong></span> <span class='ocrx_word' id='word_1_789' title='bbox 2807 5495 3138 5565; x_wconf 61' lang='lat' dir='ltr'><strong>praecedens,</strong></span> <span class='ocrx_word' id='word_1_790' title='bbox 3167 5496 3485 5552; x_wconf 76' lang='lat' dir='ltr'><strong>unctionem</strong></span> <span class='ocrx_word' id='word_1_791' title='bbox 3508 5511 3699 5551; x_wconf 60' lang='lat' dir='ltr'><strong>sarcre.</strong></span> 
     </span>
    </p>
   </div>
   <div class='ocr_carea' id='block_1_109' title="bbox 2114 5584 3689 5656">
    <p class='ocr_par' dir='ltr' id='par_1_109' title="bbox 2114 5584 3689 5656">
     <span class='ocr_line' id='line_1_109' title="bbox 2114 5584 3689 5656; baseline -0.001 -13"><span class='ocrx_word' id='word_1_792' title='bbox 2114 5589 2259 5643; x_wconf 84' lang='lat' dir='ltr'><strong>dotis</strong></span> <span class='ocrx_word' id='word_1_793' title='bbox 2304 5586 2562 5642; x_wconf 83' lang='lat' dir='ltr'><strong>ostendit.</strong></span> <span class='ocrx_word' id='word_1_794' title='bbox 2608 5584 2752 5656; x_wconf 76' lang='lat' dir='ltr'><strong>Ergo</strong></span> <span class='ocrx_word' id='word_1_795' title='bbox 2801 5585 2895 5655; x_wconf 73' lang='lat' dir='ltr'><strong>qui</strong></span> <span class='ocrx_word' id='word_1_796' title='bbox 2953 5585 3119 5655; x_wconf 79' lang='lat' dir='ltr'><strong>hujus</strong></span> <span class='ocrx_word' id='word_1_797' title='bbox 3166 5584 3466 5642; x_wconf 78' lang='lat' dir='ltr'><strong>sanctionis</strong></span> <span class='ocrx_word' id='word_1_798' title='bbox 3516 5584 3689 5642; x_wconf 67' lang='lat' dir='ltr'><strong>nescit</strong></span> 
     </span>
    </p>
   </div>
   <div class='ocr_carea' id='block_1_110' title="bbox 517 5761 1996 5857">
    <p class='ocr_par' dir='ltr' id='par_1_110' title="bbox 517 5761 1996 5840">
     <span class='ocr_line' id='line_1_110' title="bbox 517 5761 1996 5840; baseline 0.009 -21"><span class='ocrx_word' id='word_1_799' title='bbox 517 5761 561 5791; x_wconf 79' lang='lat'><strong>“</strong></span> <span class='ocrx_word' id='word_1_800' title='bbox 589 5763 627 5817; x_wconf 90' lang='lat' dir='ltr'><strong>ll</strong></span> <span class='ocrx_word' id='word_1_801' title='bbox 653 5768 777 5823; x_wconf 85' lang='lat' dir='ltr'><strong>Cor.</strong></span> <span class='ocrx_word' id='word_1_802' title='bbox 817 5783 899 5834; x_wconf 83' lang='lat' dir='ltr'><strong>ut,</strong></span> <span class='ocrx_word' id='word_1_803' title='bbox 927 5772 1009 5824; x_wconf 86' lang='lat' dir='ltr'><strong>i8.</strong></span> <span class='ocrx_word' id='word_1_804' title='bbox 1084 5773 1124 5801; x_wconf 71' lang='grc'>⁸⁷</span> <span class='ocrx_word' id='word_1_805' title='bbox 1159 5774 1287 5829; x_wconf 81' lang='lat' dir='ltr'><strong>Luc.</strong></span> <span class='ocrx_word' id='word_1_806' title='bbox 1323 5792 1451 5840; x_wconf 64' lang='grc' dir='ltr'>χχιι,</span> <span class='ocrx_word' id='word_1_807' title='bbox 1494 5778 1574 5831; x_wconf 77' lang='lat'><strong>15.</strong></span> <span class='ocrx_word' id='word_1_808' title='bbox 1653 5780 1695 5811; x_wconf 71' lang='grc'><strong>⁸⁸</strong></span> <span class='ocrx_word' id='word_1_809' title='bbox 1728 5780 1899 5835; x_wconf 76' lang='lat' dir='ltr'><strong>Exod.</strong></span> <span class='ocrx_word' id='word_1_810' title='bbox 1935 5799 1996 5835; x_wconf 77' lang='lat' dir='ltr'><strong>xv</strong></span> 
     </span>
    </p>
   </div>
   <div class='ocr_carea' id='block_1_111' title="bbox 2101 5761 2995 5857">
    <p class='ocr_par' dir='ltr' id='par_1_111' title="bbox 2101 5776 2995 5839">
     <span class='ocr_line' id='line_1_111' title="bbox 2101 5776 2995 5839; baseline -0.003 -4"><span class='ocrx_word' id='word_1_811' title='bbox 2101 5781 2169 5836; x_wconf 77' lang='lat'><strong>15.</strong></span> <span class='ocrx_word' id='word_1_812' title='bbox 2237 5783 2277 5813; x_wconf 53' lang='grc' dir='ltr'>δέ</span> <span class='ocrx_word' id='word_1_813' title='bbox 2312 5777 2474 5835; x_wconf 73' lang='grc' dir='ltr'><strong>Ηώτ.</strong></span> <span class='ocrx_word' id='word_1_814' title='bbox 2512 5794 2587 5839; x_wconf 86' lang='grc' dir='ltr'>ιιι.</span> <span class='ocrx_word' id='word_1_815' title='bbox 2622 5777 2675 5834; x_wconf 85' lang='grc'><strong>6.</strong></span> <span class='ocrx_word' id='word_1_816' title='bbox 2896 5800 2899 5803; x_wconf 45' lang='grc' dir='ltr'>δ</span> <span class='ocrx_word' id='word_1_817' title='bbox 2972 5776 2995 5807; x_wconf 74' lang='lat'><strong><em>’</em></strong></span> 
     </span>
    </p>
   </div>
  </div>
