3886 6306
136 348 299 418 893

120 558 387 625 'etiam'
435 565 552 622 haec
611 574 710 638 per
748 571 959 643 singula
1011 572 1164 628 sciet.
1221 573 1361 629 illud
1400 584 1578 631 autem
1633 591 1781 629 nunc

143 658 520 713 necessarie
544 661 812 729 addimus,
861 665 1037 719 sancti
1064 662 1301 736 Spiritus
1334 667 1391 722 in
1421 668 1778 725 Pentecosten

143 751 527 816 provenisse
556 750 990 822 descensionem,
1019 772 1143 812 cum
1173 757 1229 812 in
1269 762 1437 826 unum
1471 761 1777 832 congregati

143 848 396 895 essent
469 845 739 914 apostoli,
804 848 988 903 omnia
1049 865 1170 919 quae
1237 853 1539 908 secundum
1602 852 1778 925 legem

63 964 70 980 .
143 929 465 989 Ecclesia:
496 946 736 1006 agerent,
765 938 1072 1009 signiﬁcare
1098 944 1461 999 consideravit
1482 944 1776 1016 legislator,

143 1032 346 1080 recte
400 1029 712 1097 praecedere
764 1032 1064 1087 sacerdotis
1119 1034 1406 1101 sacriﬁcia,
1464 1026 1527 1091 ac
1578 1036 1778 1093 deinde

146 1117 501 1173 subinferri
539 1120 722 1191 populi
760 1123 1059 1194 praecepit:
1089 1134 1304 1196 oportet
1341 1128 1487 1182 enim
1519 1120 1776 1189 Ecclesia:

143 1207 514 1265 doctrinam
541 1228 569 1265 a
595 1206 862 1269 sacriﬁcio
890 1214 1171 1287 Unigeniti'
1194 1217 1472 1287 inchoare,
1508 1224 1575 1274 ut'
1602 1210 1776 1274 intro-

148 1300 475 1355 ducantur
521 1301 802 1370 docentes,
857 1306 987 1376 quid
1034 1309 1191 1363 nobis
1248 1300 1430 1381 passio
1490 1298 1774 1367 Dominica

145 1389 514 1459 profecerit,
559 1402 653 1447 aut
697 1395 1026 1451 contulerit:
1075 1406 1237 1469 atque
1282 1399 1355 1455 ita
1403 1401 1775 1457 subinferatur

150 1494 384 1534 sermo
408 1474 766 1551 pmnitentiae.
793 1501 955 1556 quem
972 1502 1164 1544 omnes
1188 1491 1394 1560 utique,
1417 1500 1476 1547 ut
1493 1492 1768 1558 homines,
1813 1496 1818 1501 ’

151 1572 575 1626 necessarium
630 1574 916 1631 habemus.
970 1576 1128 1634 Unde
1185 1588 1241 1636 et
1285 1580 1555 1638 Dominus
1603 1599 1769 1638 unam

154 1663 506 1718 doctrinam
533 1666 810 1734 praedicat,
846 1668 902 1723 id
946 1670 1030 1724 eSt
1062 1671 1456 1742 paenitentiam,
1488 1681 1797 1745 totumque

153 1755 475 1825 perfectus
487 1758 780 1814 subinferri
795 1762 1254 1829 conversationes,
1271 1773 1433 1834 atque
1449 1764 1768 1836 theologiam

157 1848 293 1903 illis
330 1850 788 1919 permiscendas:
829 1852 1012 1909 subdit
1033 1864 1238 1919 autem,
1271 1864 1467 1927 etquae
1499 1859 1772 1930 corrigen-

145 1940 288 2002 'tes,
351 1940 469 1995 sive
526 1942 677 1998 uncti
728 1943 923 1999 salvari
972 1961 1287 2017 possumus,
1351 1949 1602 2018 quamvis
1659 1956 1781 2005 non'

159 2033 509 2087 sublimiter
575 2044 984 2091 con‘versemur.
1062 2036 1124 2092 In
1191 2038 1277 2094 his
1341 2039 1487 2094 enim
1555 2046 1771 2111 opertet

158 2124 500 2181 Ecclesiam
563 2126 913 2199 congregari,
989 2141 1045 2184 et
1112 2130 1604 2189 manifestationem
1672 2131 1783 2188 D’ei'

162 2220 385 2291 gloriae
409 2221 703 2291 suscipere.
726 2222 853 2287 Haec
875 2225 994 2280 sine
1015 2223 1180 2280 dubio
1202 2225 1394 2282 diebus
1419 2225 1768 2284 Pentecostes

162 2311 438 2364 maxime
463 2311 694 2382 agebant
723 2312 969 2388 discipuli
1002 2314 1238 2381 Domini,
1290 2325 1514 2387 propter
1532 2319 1681 2388 quod
1712 2320 1766 2373 in

162 2416 372 2477 unum
406 2411 536 2457 tunc
576 2403 787 2460 collecti
825 2415 1000 2473 erant,
1049 2406 1193 2476 quod
1244 2407 1556 2465 manifestat
1592 2410 1768 2485 Lucas

162 2492 389 2547 dicens
413 2512 427 2547 :
454 2494 523 2549 Et
550 2495 675 2549 dum
702 2496 1081 2565 complerentur
1096 2498 1211 2553 dies
1228 2495 1577 2567 Pentecostes,
1612 2513 1765 2557 erant

164 2597 374 2636 omnes
389 2582 549 2636 simul
577 2585 898 2638 unanimiter
916 2584 983 2638 7°.
1008 2582 1148 2650 Quid
1170 2594 1353 2641 autem
1383 2593 1538 2641 erant
1555 2586 1764 2642 collecti

164 2690 374 2747 agere,
427 2675 530 2731 nisi
578 2691 644 2730 ea
691 2677 870 2733 modis
909 2677 1186 2744 omnibus,
1239 2694 1361 2748 quae
1403 2679 1545 2733 dicta
1596 2678 1767 2734 sunt?

163 2764 326 2820 Nam
386 2765 489 2820 etsi
532 2765 712 2834 palam
752 2781 861 2820 non
927 2767 1320 2836 praedicabant,
1373 2777 1429 2823 et
1479 2777 1763 2839 propterea

166 2858 338 2913 intus
366 2865 544 2922 erant,
574 2856 1022 2929 insuperioribus
1050 2858 1322 2923 sedentes,
1341 2864 1574 2939 necdum
1599 2861 1763 2915 verba

163 2949 632 3012 disseminantes,
665 2947 781 3004 sive
823 2948 1001 3017 palam
1037 2950 1345 3019 loquentes,
1373 2949 1499 3019 quia
1531 2949 1600 3007 de
1623 2950 1764 3004 ostio

167 3039 526 3096 tabernaculi
547 3034 845 3095 testimonii
868 3055 977 3093 non
1000 3049 1156 3095 erant
1179 3041 1317 3111 jussi
1351 3040 1555 3113 egredi,
1589 3057 1763 3112 usque

1346 366 1426 427 IN
1464 364 1899 430 LEVITICUM.
1933 346 2002 406 —‘-
2031 371 2180 435 LIB.
2212 372 2298 434 II.

140 469 674 542 explanationem,
730 475 861 533 illic'
894 482 1019 534 cuni
1083 478 1384 536 subtilitate
1433 483 1778 552 perquirens.
1810 487 1854 544 Α
1885 466 2047 539 etiam
2075 484 2276 541 Paulus
2301 476 2589 541 intellexit.
2624 485 2770 542 'Dicit
2799 498 2980 543 autem
3012 488 3091 543 sic
3128 503 3142 542 :
3172 486 3295 542 Volo
3316 487 3457 542 viros
3506 494 3513 499 ’
3566 498 3573 505 ’

3351 367 3458 431 894

1883 579 2035 629 o'rare
2063 577 2115 629 in
2142 578 2285 629 omni
2307 577 2438 639 loco,
2466 574 2694 631 levantes
2715 592 2884 647 puras
2904 593 3095 632 manus
3115 575 3181 631 ".
3201 576 3460 633 Tendens

1880 663 1995 718 sive
2017 664 2205 720 levans
2250 680 2378 737 ergo
2432 682 2649 733 manus,
2681 667 2961 722 benedixit
2994 668 3116 722 illos
3153 685 3167 721 :
3196 669 3326 738 quia
3360 681 3462 736 per

1878 752 2202 811 levationem
2224 773 2502 822 manuum,
2526 774 2623 827 per
2648 758 2950 813 orationem
2980 759 3253 822 videlicet,
3274 772 3461 811 sarcr-

1879 846 2032 901 dotes
2058 847 2258 918 potiulo
2287 847 2637 903 benedicunt.
2691 847 2795 904 Sed
2826 849 2974 903 unde
3014 842 3452 903 benedictionem

1876 946 2134 1009 praestent
2162 940 2458 995 ostendunt
2486 940 2794 1010 sequentia.

1948 1026 2222 1085 Vens-.25.
2276 1049 2294 1083 ‹
2329 1031 2568 1103 ingressi
2632 1040 2813 1086 autem
2885 1030 3093 1102 Moyses
3153 1039 3208 1084 et
3269 1029 3451 1082 Aaron

1877 1121 2281 1176 tabernaculum
2356 1121 2693 1185 testimonii,
2759 1129 2824 1191 ρει
2895 1120 3155 1190 deinceps
3223 1119 3448 1190 egressi,

1876 1211 2275 1268 benedixerunt
2306 1213 2527 1283 populo.
2568 1232 2587 1266 ι

1944 1302 2307 1369 Quamobrem
2348 1305 2501 1374 prius
2568 1303 2622 1358 in
2683 1302 3092 1358 tabernaculum
3152 1304 3448 1359 testimonii

1874 1393 2271 1464 ingrediuntur,
2320 1403 2374 1448 et
2420 1404 2607 1465 postea
2660 1393 3095 1462 benedictionem
3138 1394 3442 1464 przestant?

1872 1490 1976 1544 nisi
2002 1498 2060 1544 ut
2086 1506 2195 1544 non
2228 1486 2556 1561 ignoremus,
2583 1490 2706 1559 quia
2737 1491 2804 1545 de
2840 1489 3159 1560 intelligibili
3187 1489 3444 1543 taberna-

1870 1579 2013 1645 culo,
2050 1577 2305 1632 videlicet
2360 1579 2427 1633 de
2468 1579 2627 1643 cmlo,
2670 1576 3104 1634 benedictionem
3159 1578 3447 1647 proferunt

1873 1671 2200 1733 sacerdotes,
2234 1669 2482 1725 dicentes
2513 1669 2655 1725 sicut
2680 1671 2880 1725 Paulus
2905 1685 2919 1722 :
2950 1668 3261 1723 Benedictus
3287 1668 3443 1731 Dens,

1871 1769 1921 1814 et
1963 1759 2126 1814 Pater
2176 1759 2387 1813 Domini
2430 1762 2594 1815 nostri
2638 1760 2763 1814 Jesu
2793 1758 3008 1826 Christi,
3059 1760 3149 1829 qui
3188 1758 3447 1811 benedixit

1876 1869 1966 1906 nos
1995 1854 2049 1906 in
2087 1854 2231 1906 omni
2256 1840 2616 1906 benedictione
2653 1853 2943 1922 spirituali,
2986 1853 3041 1904 in
3069 1850 3353 1905 coelestibus
3391 1850 3447 1902 in

1870 1942 2155 1998 Christo".
2179 1942 2294 1997 Hoc
2321 1943 2464 1997 enim
2497 1941 2655 1997 nobis
2686 1951 2741 1997 et
2772 1942 2889 2014 ipSe
2920 1942 3137 1996 tradens
3162 1940 3440 2000 Dominus,

1870 2036 2108 2105 quinque
2142 2049 2332 2105 panes,
2382 2043 2437 2089 et
2486 2050 2678 2088 rursus
2718 2045 2928 2104 septem
2965 2032 3319 2096 benedicens,
3374 2032 3440 2084 ad

1869 2119 2067 2180 ccelum
2107 2111 2451 2205 respiciebat.
2484 2124 2592 2178 (Zur
2647 2132 2828 2179 autem
2882 2139 2993 2179 non
3050 2125 3199 2178 solus
3235 2123 3440 2189 Aaron,

1869 2216 1962 2270 sed
2009 2222 2071 2271 cl'
2102 2215 2311 2288 Moyses
2354 2214 2713 2286 Synagogam,
2764 2230 2861 2269 seu
2909 2213 3165 2285 populum
3214 2211 3440 2266 benedi-

1844 2304 2036 2362 ‘cunt'?
2065 2308 2168 2363 nisi
2202 2317 2260 2362 ut
2301 2307 2612 2368 discamus,
2654 2306 2778 2378 quia
2825 2322 2935 2361 non
2978 2304 3200 2376 propria
3239 2304 3440 2357 virtute

1865 2401 2173 2455 sacerdotes
2194 2399 2630 2459 benedictionem
2650 2406 2930 2469 praestant,
2955 2397 3049 2451 sed
3070 2397 3193 2464 quia
3213 2387 3438 2462 ﬁguram

1866 2493 2054 2547 ferunt
2098 2490 2329 2557 Christi,
2370 2500 2600 2562 possunt
2640 2498 2864 2561 propter
2916 2503 3040 2543 eum
3086 2486 3178 2556 qui
3225 2486 3277 2539 in
3306 2485 3440 2553 ipsis

1864 2593 1966 2650 est,
1993 2592 2270 2654 praastare'
2293 2578 2693 2639 benedictionis
2734 2580 3151 2652 plenitudinem:
3184 2577 3341 2632 Unde
3381 2584 3438 2629 et

1865 2676 2094 2748 Moyses,
2125 2685 2315 2746 utpote
2371 2676 2456 2730 cui
2485 2676 2661 2745 imago
2715 2682 2801 2728 est
2852 2671 3065 2727 Domini
3113 2670 3315 2724 credita
3371 2667 3438 2721 ad

1861 2765 2292 2821 benedicendum
2337 2775 2487 2820 recte
2520 2762 3025 2835 comprehenditur.
3064 2760 3170 2815 Sed
3223 2767 3278 2813 et
3309 2758 3439 2812 illud

1861 2873 1958 2927 per
2008 2872 2071 2912 ea
2113 2872 2235 2927 quae
2274 2857 2414 2911 dicta
2459 2865 2605 2923 sunt,
2662 2857 2743 2909 lex
2791 2853 3056 2921 signiﬁcat
3102 2869 3115 2905 :
3158 2851 3281 2921 quia
3329 2865 3439 2903 non

1862 2947 2034 3002 solum
2067 2948 2112 3002 is
2136 2947 2230 3017 qui
2254 2947 2620 3000 sacerdotium
2650 2945 2878 3023 sortitus
2911 2952 3014 3007 est,
3046 2942 3138 2997 sed
3169 2950 3222 2996 et
3254 2940 3451 2995 omnis

1853 3041 2041 3112 ‘justus
2082 3040 2361 3097 Christum
2409 3043 2617 3096 habens
2662 3041 2716 3094 in
2763 3039 3076 3109 semetipso,
3124 3047 3178 3090 et
3214 3036 3437 3106 ﬁguram

166 3130 314 3187 dum
371 3128 443 3184 de
510 3129 745 3217 excelso'
796 3125 1155 3209 induerentur
1221 3122 1456 3201 Spiritus
1514 3122 1714 3188 virtute
1742 3154 1755 3190 :
1788 3162 1831 3221 ο
1867 3132 2075 3218 Domini
2118 3130 2200 3187 sui
2246 3147 2344 3207 per
2388 3132 2586 3186 bonam
2642 3131 3133 3193 conversationem,
3178 3120 3441 3196 quemad—
3530 3130 3539 3141 '

169 3231 561 3280 vetumtamen
589 3216 643 3277 in
668 3223 979 3294 semetipsis
1009 3223 1136 3295 quia
1162 3223 1279 3281 haec
1307 3216 1555 3295 agebant,
1587 3228 1773 3282 mani-'

169 3310 392 3368 festum
440 3317 558 3365 est:
585 3319 641 3365 et
673 3325 1009 3381 quaecunque
1052 3311 1248 3365 decent
1291 3310 1613 3378 Ecclesiam,‘
1642 3328 1760 3389 me-

172 3403 348 3458 ditari
381 3417 492 3457 non
508 3402 794 3457 cessabant
815 3410 875 3457 ut
903 3402 1079 3471 ipsum
1100 3400 1353 3457 videlicet
1381 3401 1435 3456 in
1454 3398 1763 3473 semetipsis

173 3493 460 3567 haberent
487 3491 787 3559 Christum,
822 3493 914 3563 qui
965 3502 1050 3549 est
1093 3492 1563 3564 caput'Ecclesiaa.
1606 3494 1761 3552 Unde

172 3590 235 3636 et
257 3580 547 3657 Matthiam
566 3581 630 3635 ad
647 3581 1030 3650 apostolatum,
1047 3596 1170 3636 cum
1187 3582 1547 3638 concionatus
1568 3582 1777 3639 fuisset

173 3670 389 3727 Petrus
419 3679 474 3727 et
514 3674 886 3743 proposuisset
915 3673 1111 3729 divina:
1140 3674 1436 3745 Scriptura:
1463 3675 1761 3747 expositio-

176 3780 340 3829 nem,
392 3772 553 3833 atque
607 3764 933 3832 testimonia,
979 3773 1123 3820 sorte
1175 3776 1588 3837 separaverunt.
1636 3765 1760 3821 Sive

96 3897 110 3909 .
175 3864 373 3911 autent
421 3854 753 3923 concicnari,
798 3856 852 3912 id
887 3864 971 3911 est
1014 3856 1275 3927 populum
1315 3854 1611 3922 exhortari,
1643 3857 1759 3912 siv‘e

86 4016 93 4023 .
143 3985 146 3988 .
176 3945 486 4016 prophetas
503 3944 1119 4014 imerpretari,etcleros
1132 3946 1361 4008 sociare,
1379 3945 1758 4002 ecclesiasticae

177 4037 615 4110 diSpensationis
642 4044 697 4091 et
723 4037 932 4094 ordinis
962 4037 1084 4096 fuit.
1112 4036 1253 4109 Ergo
1276 4037 1622 4093 manifestum
1654 4042 1754 4104 est,

177 4133 316 4201 quia
363 4116 817 4199 quemadmodum
862 4130 919 4183 in
963 4128 1237 4185 Ec‘clesias
1293 4127 1507 4184 collecti
1564 4128 1618 4184 in
1654 4128 1759 4184 illis

179 4222 387 4277 diebus
434 4228 608 4285 erant,
657 4224 802 4290 qttod
857 4229 913 4276 et
960 4221 1232 4293 legislator
1279 4220 1456 4277 modis
1505 4220 1760 4276 omnibus

180 4310 482 4382 significari
536 4312 915 4377 considerans,
974 4319 1377 4383 consequenter
1425 4320 1481 4385 et
1521 4327 1586 4368 ea
1637 4328 1759 4383 quae

180 4402 600 4471 subsequuntur
632 4401 839 4458 addidit
864 4421 878 4457 :

1863 3223 2085 3278 modum
2112 3222 2316 3293 Moyses
2346 3222 2635 3283 exsistens,
2667 3222 2897 3275 idoneus
2918 3228 3003 3274 est
3033 3219 3097 3273 ad
3131 3217 3437 3272 donandum

1844 3294 2317 3366 benedictionem.
2372 3309 2498 3365 llaec
2539 3325 2668 3380 ergo
2710 3307 2993 3377 discipulis
3024 3306 3234 3360 Domini
3272 3320 3439 3377 agen-

1866 3396 2029 3467 tibus,
2092 3389 2314 3471 Spiritus
2366 3401 2606 3466 advenit,
2680 3407 2904 3470 propter
2958 3394 3103 3466 quod
3154 3395 3440 3450 audiamus

1863 3484 2169 3560 sequentia.

1932 3578 2092 3635 Vens.
2135 3581 2226 3635 24.
2297 3600 2316 3634 ι
2347 3580 2722 3651 Apparuitque
2766 3578 2948 3651 “gloria
3013 3573 3227 3631 Domini
3283 3579 3431 3633 omni

1863 3672 2216 3727 multitudini.
2268 3672 2335 3726 Et
2390 3686 2518 3726 ecce
2582 3671 2723 3741 ignis
2793 3658 3045 3741 egressus
3102 3684 3130 3721 a
3188 3666 3437 3727 Domino,

1861 3763 2145 3819 devoravit
2191 3763 2590 3826 holocaustum,
2642 3770 2696 3816 et
2746 3762 2958 3831 adipem
2991 3758 3231 3830 quierat
3275 3772 3441 3826 super

1861 3850 2048 3904 altare.
2104 3849 2257 3916 Quod
2319 3864 2443 3904 cum
2504 3849 2772 3903 vidissent
2824 3848 3025 3912 turbae,
3080 3847 3443 3901 laudaverunt

1862 3939 2151 3994 Dominum
2184 3949 2405 3995 ruentes
2445 3939 2499 3993 in
2535 3938 2702 3993 iacies
2738 3936 2891 3993 suas.
2927 3957 2946 3989 ι

1932 4030 2097 4085 Putas
2124 4042 2195 4086 ne
2242 4030 2419 4101 aliqua
2466 4030 2921 4100 interpretatione
2955 4027 3241 4100 praesentia
3275 4028 3437 4083 verba

1860 4111 2183 4193 legislatOris
2246 4133 2384 4191 opus
2451 4118 2657 4175 habent
2697 4120 2724 4174 ‘l
2779 4120 2899 4192 Ipsa
2967 4122 3204 4190 namque
3257 4118 3441 4174 verbis

1860 4208 2193 4270 concordant
2238 4210 2346 4279 his,
2397 4228 2520 4283 quae
2568 4220 2697 4267 sunt
2732 4211 2801 4268 de
2844 4212 3084 4267 adventu
3112 4204 3354 4284 Spiritus
3384 4211 3439 4265 in

1832 4320 1835 4321 ν
1860 4298 2173 4375 apdStolicis
2198 4304 2410 4359 actibus
2436 4303 2661 4373 scripta.

1931 4392 2190 4468 Apparuit
2218 4396 2376 4462 enim,
2408 4396 2597 4465 inquit,
2622 4392 2810 4467 ‘gloria
2851 4395 3058 4450 Domini
3085 4396 3227 4450 omni
3257 4386 3445 4449 inulti-1

252 4488 418 4545 Vens.
447 4491 536 4549 22.
572 4510 591 4543 ‹
620 4492 689 4547 Et
734 4492 962 4547 tendens
993 4506 1219 4547 manum
1254 4501 1442 4548 contra
1468 4493 1753 4563 populum,
1790 4487 1834 4542 Ι)
1861 4489 2049 4543 tudini.
2070 4486 2386 4554 Quomodo,
2432 4488 2578 4543 dicat
2631 4487 2855 4543 forsitan
2901 4487 3169 4558 quispiam
3192 4485 3218 4540 ?
3241 4486 3441 4555 Utique

177 4582 465 4638 benedixit
510 4583 582 4638 ei.
616 4585 813 4654 Sicque
840 4584 1125 4656 completis
1154 4586 1345 4641 hostiis
1370 4601 1469 4657 pro
1505 4593 1753 4657 peccato,

180 4680 237 4729 et
271 4674 626 4739 holocaustis,
657 4684 713 4730 et
742 4674 998 4746 pacificis,
1033 4676 1330 4732 descendit.
1365 4695 1385 4729 ι

253 4765 499 4831 Intende,
551 4767 676 4837 quia
724 4783 941 4825 omnem
1001 4762 1158 4825 nobis
1210 4770 1491 4831 evidenter
1527 4769 1752 4841 ﬁguram

178 4856 438 4915 Ecclesiae
496 4860 613 4923 vult
674 4876 1000 4930 exponere:
1057 4876 1185 4915 nam
1246 4869 1530 4933 postquam
1591 4864 1751 4931 dixit,

180 4948 461 5008 descendit
484 4961 769 5023 postquam
798 4952 926 5007 fecit
945 4967 1045 5022 pro
1062 4961 1306 5023 peccato,
1331 4963 1385 5006 et
1404 4950 1748 5021 holocaustis,

182 5049 243 5095 et
274 5044 537 5112 paciﬁcis,
579 5044 820 5100 ostendit
844 5045 972 5113 quia
1009 5034 1430 5112 completionem
1457 5045 1756 5100 sacriﬁcio-

186 5143 331 5193 rum,
367 5131 631 5201 intellexit
669 5133 1064 5205 expositionem
1113 5145 1325 5197 eorum,
1372 5139 1428 5186 et
1469 5142 1753 5202 pr0pterea

184 5218 342 5286 dixit,
361 5221 642 5287 descendit,
669 5219 1197 5294 per'descensiouem
1217 5218 1548 5274 doctoraiem
1568 5219 1751 5275 se‘dem

185 5309 498 5382 designans,
547 5313 614 5366 de
658 5328 764 5382 qua
793 5320 913 5383 post
965 5310 1364 5383 expositionem
1415 5309 1751 5377 sacerdotes,

183 5402 383 5472 quibus
455 5401 625 5473 ﬁgura
699 5402 1050 5475 intelligibilis
1111 5386 1319 5463 Aaron.
1363 5403 1569 5457 credita
1630 5410 1751 5468 est,

185 5494 544 5559 descendunt,
594 5502 651 5547 et
693 5510 790 5561 per
833 5495 1134 5550 orationem
1183 5506 1377 5549 manus
1432 5494 1500 5548 ad
1557 5494 1753 5547 omium

186 5582 384 5641 levant.
439 5584 810 5641 Elevationem
880 5587 1026 5641 enim
1083 5572 1383 5647 manuum,
1451 5587 1755 5640 orationem

255 5761 444 5823 “Act.
479 5779 540 5832 tt,
578 5765 629 5819 1.
704 5763 742 5796 ⁷¹
784 5760 964 5817 ΙΤὶω.
997 5780 1055 5829 ιι,
1082 5763 1133 5818 8.
1170 5762 1213 5796 ⁷⁸
1240 5763 1285 5818 ll
1313 5763 1436 5818 Cor.
1461 5779 1498 5826 ι.
1532 5764 1583 5815 5.

1863 4578 2004 4659 talis,
2078 4576 2289 4648 qualem
2360 4578 2616 4634 Ezechiel
2683 4593 2848 4648 super
2900 4578 3197 4633 ‘Cheruhin
3264 4578 3437 4631 visam

1824 4678 1829 4683 '
1859 4670 2167 4741 descripsit,
2194 4678 2289 4725 aut
2313 4672 2529 4740 qualem
2556 4668 2831 4731 Michaeas,
2862 4669 2947 4724 vel
2970 4669 3138 4723 lsaias
3164 4687 3178 4722 :
3203 4684 3437 4737 quorum

1858 4778 2001 4818 unus
2052 4761 2270 4830 quidem
2333 4756 2602 4829 Seraphin
2663 4761 2721 4813 in
2783 4760 3055 4821 circuitu,
3115 4759 3254 4813 alter
3309 4772 3439 4813 vero
3537 4794 3555 4815 ι

1856 4851 2131 4907 caelestem
2161 4847 2461 4903 exercitum
2483 4848 2640 4903 vidit.
2668 4846 2777 4902 Sed
2801 4862 3144 4917 nequaquam
3175 4848 3277 4902 fuit
3306 4863 3433 4914 una,

1820 4954 1823 4961 '
1854 4954 1975 5012 quae
1996 4940 2268 5004 omnibus,
2290 4937 2563 5008 ctuhique
2588 4937 2922 5009 spiritalibus
2955 4940 3206 5008 apparuit
3245 4938 3433 5009 glo'ria,
3466 4942 3467 4945 “

1855 5035 1952 5091 sed
1988 5018 2590 5098 diﬁcrenlesvisiones,
2628 5036 2825 5101 utpote
2855 5028 3445 5099 incomprehensibiles
3488 5032 3499 5039 “

1854 5129 2141 5201 praebebat
2180 5125 2526 5182 videntibus:
2560 5138 2803 5196 praesens
2854 5133 3036 5180 tamen
3087 5118 3280 5178 siniiiis
3318 5129 3437 5178 erat
3498 5132 3503 5136 ‘

1854 5222 1953 5287 illi,
1985 5220 2111 5290 quia
2153 5219 2508 5289 intelligibiiis
2551 5231 2805 5288 egressus
2848 5226 2934 5272 est
2967 5212 3112 5286 ignis
3144 5232 3172 5270 a
3207 5216 3435 5271 Domino

1858 5315 1945 5369 die
1967 5314 2341 5375 Pentecostes,
2376 5320 2600 5383 propter
2632 5310 2776 5380 quod
2801 5310 2909 5365 ait:

1929 5405 2189 5474 Apparuit
2215 5404 2381 5476 gloria
2408 5405 2639 5470 Domini,
2666 5410 2714 5456 et
2736 5414 2968 5473 egressus
2991 5412 3066 5457 est
3095 5403 3226 5474 ignis
3248 5419 3280 5457 a
3301 5402 3432 5458 Deo.
3472 5420 3475 5423 '

1862 5497 2000 5567 Ergo
2063 5497 2117 5551 in
2184 5499 2364 5566 speCie
2391 5496 2531 5567 ignis
2589 5499 2858 5565 apparuit,
2891 5494 3346 5566 quemadmodum
3379 5500 3437 5549 et

1866 5586 2037 5641 Lucas
2068 5589 2289 5657 exponit
2320 5606 2331 5639 :
2380 5587 2443 5641 Et
2477 5589 2648 5658 factus
2679 5598 2750 5641 est
2778 5593 2840 5642 de
2867 5588 2994 5643 crrlo
3029 5604 3188 5643 sonus
3216 5586 3433 5658 spiritus
