3886 6306
371 327 480 400 895

1585 332 1943 394 ussvcuu
1984 327 2455 422 PRESBYTER]

3539 330 3674 395 896

331 513 335 524 ι
369 443 708 508 vehementis,
741 450 791 497 et
815 444 1047 515 implevit
1081 454 1245 499 totam
1272 444 1492 497 deorum
1541 445 1595 498 in
1643 462 1748 515 qua
1800 453 1955 498 erant
1988 455 2032 505 Α
2061 447 2344 513 docentes,
2376 447 2552 518 punit.
2595 443 2660 502 lli
2697 461 2880 503 coram
2932 445 3172 502 Domino
3191 444 3527 508 moriuntur,
3567 445 3670 499 vi-

331 525 334 527 Α
371 539 624 594 sedentes.
649 545 696 588 et
714 537 839 590 visae
859 537 1103 590 suntillis
1128 537 1305 589 divisa:
1337 534 1560 606 linguae,
1592 537 1724 591 sicut
1741 537 1956 608 ignis".

378 625 566 696 Populi
601 627 764 681 etiam
822 629 1000 683 omnis
1053 628 1369 683 memoriam
1448 628 1727 699 legislator
1769 628 1955 682 facit:

376 719 522 785 quod
554 727 610 772 et
635 717 810 774 Lucas
833 721 935 773 hoc
968 721 1129 774 modo
1159 721 1378 787 exponit
1417 737 1428 769 :
1455 717 1519 773 Et
1544 730 1695 773 erant
1727 721 1780 772 in
1802 719 1961 773 Jeru-

375 805 855 861 salem/tabitantes
905 807 1102 870 Judaei,
1159 807 1257 860 viri
1312 805 1568 877 religiosi,
1608 809 1673 860 de
1722 808 1961 860 omnibus

378 897 614 962 gentibus
643 914 759 966 qua:
781 898 872 951 sub
902 898 1026 951 calo
1040 907 1183 951 sunt.
1214 896 1384 950 Facta
1444 911 1621 953 autem
1678 899 1776 952 hac
1817 915 1959 964 voce,

380 991 947 1049 convenitmultitudo.
991 1000 1040 1044 et
1102 999 1273 1044 mente
1333 995 1554 1048 confusa
1605 1001 1681 1045 est
1707 993 1778 1046 ".
1825 991 1961 1057 Quia

379 1079 524 1131 enim
557 1095 664 1132 non
691 1081 863 1133 solum
897 1081 1172 1145 convenit,
1232 1081 1332 1136 sed
1371 1083 1608 1151 expavit,
1644 1092 1699 1137 et
1723 1083 1838 1152 ipse
1859 1083 1964 1137 hoc

378 1167 738 1234 demonstrat,
764 1171 951 1224 dicens
986 1189 998 1223 :
1044 1173 1493 1234 Obstuprscebant
1516 1174 1678 1234 enim,
1702 1183 1748 1226 et
1786 1173 1962 1226 admiv

379 1257 656 1324 rebantur,
690 1261 786 1314 sed
815 1271 869 1315 et
895 1277 1061 1331 super
1092 1261 1286 1316 faciem
1345 1264 1684 1326 ceciderunt,
1708 1263 1808 1318 etsi
1849 1279 1962 1316 non

381 1348 486 1403 hoc
509 1352 863 1416 scnsibiliter,
904 1362 1084 1408 tamen
1117 1355 1536 1426 intelligibiliter
1566 1356 1913 1424 pertulerunt
1945 1375 1958 1410 :

380 1457 490 1495 non
525 1445 669 1498 enim
701 1445 1077 1515 iutelligebant
1128 1442 1278 1516 quod
1308 1450 1509 1503 factum
1535 1457 1674 1514 erat,
1710 1447 1848 1501 alter
1865 1463 1963 1501 au-

381 1540 491 1586 tem
523 1535 588 1588 ad
616 1537 847 1592 alterum
884 1539 1137 1593 dicebat:
1201 1539 1378 1594 Musto
1404 1541 1546 1609 pleni
1574 1548 1692 1593 sunt
1713 1541 1788 1601 lii,
1817 1540 1963 1608 quod

380 1625 658 1692 proprium
683 1635 801 1680 erat
831 1628 884 1681 in
906 1638 1103 1682 terram
1139 1629 1340 1684 faciem
1368 1631 1567 1685 mentis
1602 1638 1961 1700 prosternen-

380 1716 540 1769 tium.
576 1719 713 1784 Quid
746 1729 928 1774 autem
986 1736 1242 1791 egressus
1296 1722 1433 1793 ignis
1472 1720 1634 1776 fecit?
1673 1718 1963 1774 Devoravit

381 1809 564 1862 omnia
599 1826 719 1880 quae
753 1820 910 1866 erant
937 1827 1103 1882 super
1152 1814 1321 1869 altare
1370 1813 1803 1867 holocautamata
1839 1851 1855 1878 ,
1905 1820 1962 1866 et

381 1899 594 1968 adipes,
625 1917 746 1970 quae
777 1918 843 1956 ex
871 1904 1137 1970 paciﬁcis.
1169 1917 1227 1959 et
1279 1921 1374 1973 pro
1403 1913 1626 1975 peccata
1657 1902 1858 1965 oblata,
1881 1902 1962 1955 al-

383 1989 485 2043 tari
506 1993 848 2062 superposita
887 2004 1061 2048 erant.
1112 1997 1302 2052 Tradit
1356 2013 1485 2068 ergo
1543 1995 1703 2056 nobis
1755 2010 1958 2060 sermo,

381 2081 506 2148 quia
543 2097 768 2137 necesse
806 2083 876 2137 sit
907 2085 1167 2152 praedicta
1201 2085 1484 2149 sacriﬁcia,
1519 2094 1576 2146 et
1615 2098 1810 2139 eorum
1863 2099 1961 2138 ex-

381 2173 682 2242 positiones
705 2189 1083 2243 superponere
1115 2177 1442 2249 intelligibili
1498 2176 1656 2230 altari
1705 2175 1956 2244 corporis

379 2263 604 2325 Christi,
634 2273 692 2318 ut
725 2266 792 2319 ad
818 2265 946 2319 illud
984 2267 1210 2322 festinet
1236 2276 1423 2322 nostra
1467 2267 1720 2331 imitatio,
1752 2274 1806 2320 et
1825 2273 1958 2320 tunc

379 2354 713 2410 nutrimenta
750 2357 1111 2428 intelligibilis
1143 2359 1303 2430 ignis,
1348 2359 1401 2414 id
1431 2366 1518 2413 est
1543 2358 1768 2428 spiritus
1799 2357 1955 2422 ﬁunt,

379 2449 449 2503 de
469 2464 578 2519 quo
603 2451 807 2506 dictum
832 2463 915 2507 est
943 2471 957 2507 :
987 2454 1240 2508 Dominus
1272 2454 1412 2509 Deus
1443 2464 1650 2518 noster;
1678 2453 1814 2524 ignis
1833 2468 1960 2505 con-

377 2554 586 2592 sumens
623 2551 698 2594 est
731 2541 796 2595 ⁷⁸.
827 2540 985 2596 Unde
1014 2551 1070 2596 et
1097 2558 1244 2597 nunc
1271 2558 1371 2613 pro
1400 2544 1670 2605 devorare,
1705 2540 1955 2610 Symma-

378 2628 517 2684 chus
545 2646 846 2685 consumere
875 2633 1067 2690 edidit.

1006 2787 1238 2843 CAPUT
1277 2788 1344 2842 Χ.

453 2893 616 2950 Vens.
652 2899 703 2952 i.
739 2919 756 2949 ι
786 2898 1147 2970 Arreptisque
1181 2901 1395 2965 Nadab,
1416 2910 1471 2955 et
1493 2899 1631 2954 Abiu
1661 2898 1751 2952 ﬁlii
1772 2895 1955 2950 Aaron

381 2987 700 3051 thuribulis,
741 3001 1042 3059 posuerunt
1069 2992 1272 3062 ignem,
1302 3000 1357 3046 et
1397 2991 1681 3046 incensum
1723 2987 1960 3052 desuper

2061 542 2224 597 dente
2253 542 2391 612 ipso,
2424 543 2558 599 etin
2589 543 2692 598 hac
2739 556 2835 597 eos
2873 549 3050 595 morte
3090 536 3525 600 condemnante,
3579 555 3664 595 ne

2061 633 2366 690 imitatione
2385 636 2472 691 sui
2522 635 2645 690 aliis
2695 649 2915 689 causam
2984 631 3266 703 praebeant
3321 630 3543 684 mortis.
3593 629 3660 684 In

2061 741 2170 796 quo
2198 735 2255 781 et
2284 726 2446 782 nimis
2467 723 3078 796 admiraturlegislator,
3105 738 3204 777 cur
3225 737 3291 775 ex
3321 736 3390 775 eo
3413 737 3529 790 quo
3553 720 3663 774 de-

2062 819 2296 874 buerant
2325 819 2433 874 vita
2465 819 2593 886 frui,
2631 816 2687 874 id
2733 829 2814 874 est
2838 832 3023 872 coram
3064 813 3315 871 Domino.
3371 813 3666 867 sustinent

2064 920 2316 976 mortem,
2348 927 2512 982 quam
2541 910 2683 966 male
2739 910 3166 978 interpretantes
3197 905 3415 960 divinas
3473 903 3663 973 Scrip-

2065 1012 2235 1066 turas,
2268 1003 2551 1071 patiuntur
2585 1019 2598 1056 :
2635 1002 2690 1056 in
2722 1017 2786 1055 ea
2838 1014 2898 1054 re
2931 1015 2996 1053 ex
3043 1013 3149 1068 qua
3211 1011 3308 1050 eos
3359 995 3663 1064 oportebat

2063 1094 2499 1149 benedictionem
2543 1091 2865 1164 promereri,
2927 1089 3307 1153 maledictioni
3352 1103 3413 1142 se
3473 1087 3660 1154 subii-

2063 1186 2290 1240 cientes.
2318 1182 2454 1239 Vide
2485 1193 2666 1240 tamen
2696 1181 2878 1253 qualia
2907 1179 3172 1236 subdidit.

2133 1275 2299 1330 Vens.
2329 1276 2380 1330 5.
2412 1295 2431 1328 s
2467 1274 2721 1345 Dixitque
2748 1273 2958 1344 Moyses
3014 1271 3080 1326 ad
3112 1269 3294 1323 Aaron
3331 1285 3345 1320 :

2063 1367 2211 1435 quod
2243 1366 2456 1421 locutus
2502 1374 2588 1420 est
2625 1364 2914 1419 Dominus.
2971 1359 3369 1416 Sanctiﬁcabor
3427 1359 3488 1411 in
3575 1359 3667 1409 his

2063 1459 2154 1528 qui
2183 1458 2624 1526 appropinquant
2641 1455 2771 1510 mihi
2791 1465 2845 1509 et
2870 1455 2922 1508 in
2943 1462 3238 1521 conspectu
3261 1449 3442 1505 omnis
3466 1450 3662 1518 populi

2065 1549 2424 1618 gloriﬁcabor.
2459 1545 2616 1612 Quod
2637 1547 2868 1601 audiens
2919 1545 3303 1607 tacuitAaron,
3349 1559 3369 1591 ι
3417 1541 3542 1594 sive
3603 1549 3663 1593 ut

2065 1639 2225 1705 LXX,
2261 1642 2451 1707 edunt,
2482 1659 2500 1692 ‹
2541 1647 2598 1693 et
2633 1648 2997 1708 compunctus
3023 1644 3108 1691 est
3149 1635 3329 1688 Aaron
3371 1652 3393 1684 ι

2133 1731 2202 1785 Et
2265 1731 2354 1784 ubi
2415 1729 2643 1784 omnino
2678 1729 2792 1782 haec
2835 1725 3006 1781 Deum
3051 1724 3252 1779 dixisse
3283 1722 3656 1777 invenimus’

2062 1819 2292 1886 Quando
2315 1820 2563 1875 videlicet
2593 1818 2754 1888 Moysi
2785 1818 2998 1873 dicebat
3027 1836 3039 1871 :
3093 1816 3425 1870 Descendens
3461 1827 3662 1869 conte-

2061 1923 2205 1966 stare
2235 1912 2484 1982 populum
2507 1927 2570 1964 ne
2599 1912 2732 1982 forte
2756 1909 3175 1979 appropinquent
3233 1907 3304 1960 ad
3343 1906 3549 1970 Deum,
3609 1919 3657 1958 ei

2061 2003 2219 2056 cadat
2249 2019 2312 2056 ex
2364 2002 2438 2055 eis
2468 2000 2788 2053 multitudo:
2814 1999 2879 2053 Et
2909 1999 3204 2052 sacerdotes
3233 1999 3324 2066 qui
3355 1999 3632 2067 appropin

2061 2102 2223 2163 quant
2252 2093 2475 2146 Domino
2510 2091 2621 2145 Deo
2655 2090 3068 2159 sanctiﬁcentur,
3089 2105 3150 2142 ne
3175 2091 3309 2158 forte
3340 2089 3564 2141 recedat
3588 2088 3655 2140 ab

2061 2188 2134 2242 eis
2189 2186 2441 2240 Dominus
2466 2185 2532 2237 ⁷⁵.
2588 2183 2716 2238 Ιιπο
2765 2198 2893 2253 ergo
2916 2183 3019 2237 etsi
3062 2181 3244 2236 verbis
3279 2180 3348 2235 ab
3381 2181 3470 2234 bis
3530 2196 3654 2248 qua:

2057 2277 2204 2334 dicta
2255 2286 2403 2340 sunt,
2468 2275 2748 2340 diﬂ'erunt,
2815 2284 3195 2328 verumtamen
3270 2271 3654 2325 intentionem

2060 2368 2239 2436 ipsam
2269 2363 2682 2420 immutabiliter
2718 2363 2940 2417 habent.
2979 2359 3243 2429 Praecepit
3278 2360 3428 2413 enim
3469 2364 3655 2429 popu-

2059 2455 2170 2510 lum
2223 2469 2330 2508 non
2387 2453 2762 2524 approximare
2836 2451 2964 2515 Deo,
3035 2455 3088 2503 et
3136 2463 3494 2518 cognoscere,
3543 2465 3655 2503 non

2057 2547 2516 2620 quemadmodum
2544 2545 2797 2601 invidens
2825 2544 2906 2599 eis
2964 2544 3254 2608 visionem,
3298 2543 3396 2597 sed
3430 2553 3489 2597 ut
3552 2544 3655 2596 im-

2057 2639 2332 2712 perfectis,
2361 2648 2417 2694 et
2447 2638 2626 2693 minus
2659 2647 2821 2692 tanta:
2871 2633 3355 2704 contemplationis
3421 2635 3652 2702 capaci-

2057 2733 2160 2788 bus
2201 2747 2447 2803 parcens.
2492 2729 2816 2785 Sacerdotes
2869 2736 3057 2782 autem
3135 2727 3655 2796 appropinquantes

2057 2822 2387 2879 sanctiﬁcari
2412 2823 2588 2892 jubet,
2637 2829 2695 2874 ut
2730 2818 2880 2890 digni
2923 2818 2991 2872 ad
3051 2817 3348 2871 videndum
3404 2827 3462 2870 et
3518 2833 3650 2870 con-

2059 2915 2432 2985 templandum
2468 2912 2663 2968 ﬁerent
2704 2911 2872 2965 Deum
2906 2909 3070 2979 :quia
3116 2922 3301 2962 veram
3351 2909 3648 2962 scientiam

2057 3023 2088 3061 a
2114 3007 2224 3062 Deo
2244 3021 2404 3060 nemo
2427 3013 2608 3076 potest
2630 3005 2749 3059 sine
2791 3001 3229 3057 sanctiﬁcatione
3291 3001 3647 3069 conquirere.

3397 1266 3522 1321 Hoc
3575 1278 3666 1321 cst

381 3077 680 3133 oﬂ'erentes
709 3095 891 3134 coram
927 3080 1158 3135 Domino
1190 3082 1368 3152 ignem
1405 3082 1669 3146 alienum,
1697 3075 1844 3149 quod
1874 3073 1956 3128 eis

2067 3098 2290 3169 Propter
2313 3073 2459 3166 quod
2500 3095 2750 3150 Paulus:
2809 3092 3027 3158 Pacem,
3097 3090 3295 3161 inquit,
3361 3091 3658 3160 sequimini

382 3177 720 3239 praeceptum
748 3185 858 3223 non
893 3180 1029 3226 erat.
1072 3190 1090 3222 ι
1113 3171 1213 3226 llic
1257 3187 1352 3226 cos
1375 3173 1466 3242 qui
1501 3171 1678 3225 aliena
1735 3168 1956 3224 docent.

381 3259 478 3328 qui
515 3259 569 3313 in
602 3259 782 3329 ipsum
815 3260 1075 3332 Spiritum
1107 3264 1200 3318 Dei
1224 3265 1628 3334 blasphemant,
1660 3260 1753 3333 qui
1779 3257 1956 3329 inspi-

383 3359 558 3404 ratam
637 3351 706 3406 ab
775 3367 859 3420 eo,
905 3353 1238 3424 Scripturam
1301 3356 1368 3410 de
1425 3371 1530 3424 qua
1588 3353 1662 3407 ait
1716 3351 1958 3415 Paulus,

380 3439 566 3498 Omnis
632 3443 911 3514 Scriptura
976 3463 1008 3500 a
1071 3448 1177 3500 Deo
1243 3448 1521 3517 inspirata,
1587 3446 1727 3500 utilis
1783 3453 1860 3499 est
1889 3443 1958 3510 ⁷⁸,

381 3534 541 3590 aliter
605 3537 1070 3608 interpretantur,
1142 3539 1454 3594 necessarie
1516 3538 1583 3593 ab
1633 3535 1957 3607 intelligibili

385 3622 508 3692 igne
571 3625 752 3694 puniri
816 3627 1003 3696 posuit
1061 3645 1073 3681 :
1143 3629 1236 3696 qui
1307 3628 1397 3681 ﬁlii
1476 3629 1681 3693 Aaron,
1739 3635 1800 3681 ut
1857 3627 1957 3682 do-

378 3722 593 3770 ctorum
652 3717 919 3773 habentes
967 3719 1236 3783 habitum,
1297 3726 1351 3774 et
1420 3719 1686 3790 spiritalia
1761 3718 1958 3774 docere

383 3805 690 3876 ﬁngentes,
775 3808 1054 3863 dicuntur.
1133 3809 1287 3864 Unde
1363 3819 1419 3864 et
1497 3810 1693 3878 linguae
1768 3825 1958 3865 eorum

385 3897 830 3968 ignisappellata:
860 3909 1028 3955 sunt:
1076 3902 1386 3959 audivimus
1427 3902 1653 3971 quippe,
1719 3902 1845 3971 quia
1903 3902 1960 3956 in

381 3989 564 4058 specie
595 3991 876 4061 ignearum
907 3993 1212 4064 linguarum
1267 3994 1492 4064 spiritus
1525 3994 1764 4048 advenit.
1811 3992 1960 4064 Thy-

382 4081 585 4136 miama
616 4092 798 4138 autem
830 4085 1142 4148 thuribulis,
1176 4087 1264 4141 vel
1288 4086 1505 4158 ignibus
1533 4085 1842 4158 linguarum
1864 4102 1960 4140 su-

385 4173 799 4244 perimponunt,
838 4177 1026 4246 legalia
1061 4188 1117 4233 et
1161 4179 1552 4248 prophetarum
1581 4179 1857 4250 dogmata,
1890 4177 1961 4233 de

383 4263 585 4332 quibus
618 4265 857 4321 Ecclesia
890 4268 1108 4321 Christo
1138 4267 1189 4320 in
1223 4268 1465 4323 Canticis
1485 4268 1826 4323 canticorum
1875 4267 1961 4324 di-

383 4353 545 4409 cebat
577 4369 590 4406 :
631 4353 772 4409 Odor
795 4365 1176 4423 unguentorum
1198 4367 1407 4410 tuorum
1433 4374 1590 4425 super
1617 4359 1796 4412 omnia
1831 4376 1959 4413 aro-

2059 3208 2176 3246 cum
2205 3189 2463 3254 omnibus,
2485 3197 2534 3241 et
2553 3186 2982 3244 sanctimoniam,
3002 3184 3115 3238 sine
3138 3200 3242 3254 qua
3275 3199 3432 3236 nemo
3451 3182 3653 3235 uidebit

2057 3279 2230 3334 Deum
2245 3279 2315 3332 “.
2343 3277 2710 3346 Conspectum
2729 3274 2869 3344 ejus,
2903 3271 3189 3327 scientiam
3205 3271 3326 3340 ejus
3347 3269 3564 3331 dicens,
3599 3270 3653 3324 id

2058 3369 2268 3437 estejus
2283 3364 2796 3435 contemplationem
2807 3405 2820 3426 ,
2837 3361 2980 3414 unde
2993 3359 3304 3414 sacerdOtcs
3318 3358 3651 3414 sanctiﬁcari

2058 3459 2336 3531 praecepit.
2366 3455 2499 3511 Vide
2513 3454 2785 3526 quomodo
2809 3453 3048 3506 minatur
3066 3451 3120 3504 in
3143 3450 3647 3519 subsequentibus.

2133 3547 2210 3603 Ne
2230 3550 2363 3620 forte
2384 3547 2588 3600 recedat
2618 3545 2683 3598 ab
2719 3545 2792 3597 eis
2843 3543 3120 3596 Dominus.
3157 3538 3215 3594 ld
3238 3548 3323 3594 est
3352 3555 3422 3593 ne
3477 3538 3651 3610 fugiat

2059 3638 2129 3692 ab
2149 3637 2230 3692 eis
2257 3652 2319 3691 ea
2350 3651 2471 3705 quae
2510 3633 2604 3688 Dei
2660 3643 2744 3689 est
2771 3631 3024 3694 scientia,
3050 3630 3284 3701 perditio
3334 3629 3485 3684 enim
3539 3631 3645 3692 eis,

2061 3729 2303 3785 scientiae
2335 3725 2592 3782 discessio
2619 3724 2697 3779 ﬁt.
2719 3725 2825 3779 Sed
2843 3729 3087 3792 nunciea,
3107 3737 3226 3791 qua:
3253 3721 3395 3776 sicut
3417 3737 3484 3775 ex
3515 3737 3648 3790 per-

2060 3835 2194 3876 sona
2212 3819 2306 3874 Dei
2335 3834 2429 3888 per
2447 3817 2668 3888 Moysen
2703 3815 2843 3869 dicta
2862 3825 3010 3875 sunt.
3039 3814 3200 3867 verba
3234 3811 3644 3882 aggrediamur.

2132 3910 2198 3963 Et
2219 3907 2588 3976 sanctiﬁcabor
2629 3906 2683 3959 in
2724 3907 2802 3958 liis
2864 3906 2953 3975 qui
3001 3903 3430 3972 appropinquant
3493 3904 3645 3956 mihi.

2063 3996 2556 4052 Sanctiﬁcationcm
2630 4011 2781 4049 suam
2857 4002 3014 4048 vocat
3065 3991 3419 4063 profanorum
3457 4032 3472 4054 ,
3530 3992 3649 4046 sive

2060 4091 2327 4145 malorum
2349 4087 2816 4150 emundationem,
2847 4085 2968 4156 quia
3001 4100 3202 4154 corpus
3253 4099 3356 4136 nos
3417 4084 3588 4138 habet
3626 4100 3641 4134 :

2061 4181 2303 4252 corporis
2326 4186 2508 4234 autem
2537 4177 2872 4241 emundatio,
2935 4176 3179 4231 sordium
3243 4175 3484 4245 abjcctio
3538 4184 3644 4229 est.

2062 4271 2176 4328 Hoc
2202 4288 2330 4343 ergo
2373 4280 2432 4326 ut
2457 4272 2654 4334 bonus,
2682 4280 2737 4325 et
2768 4270 2890 4340 pius
2937 4269 2991 4322 in
3074 4269 3159 4323 bis
3224 4267 3314 4338 qui
3383 4269 3648 4338 approxi-

2061 4374 2212 4420 niant
2245 4365 2314 4430 ei,
2341 4363 2641 4418 secundum
2710 4359 3117 4416 multitudinem
3173 4358 3428 4413 videlicet
3464 4360 3649 4415 sciet:-

387 4451 535 4494 ma!“
570 4442 636 4539 7:"
681 4441 787 4539 Sed
826 4443 1006 4539 ἱεῖξθῐη
1041 4445 1277 4498 alienum
1308 4447 1566 4510 οπετυηίν
1613 4449 1954 4517 nequeenim
1988 4484 2033 4539 ι)
2063 4459 2172 4522 the,
2222 4457 2305 4513 vel
2334 4454 2633 4511 secundum
2657 4453 2873 4524 aliquod
2933 4452 3180 4505 divinum
3246 4450 3646 4514 ministerium,

384 4533 688 4588 secundum
713 4535 1096 4603 intentionem,
1161 4547 1256 4592 aut
1299 4538 1551 4593 virtutem
1588 4539 1824 4611 Spiritus
1870 4542 1956 4596 in-

387 4632 779 4693 terpretantur.
817 4624 911 4679 llis
927 4628 1205 4698 egreditur
1242 4629 1380 4700 ignis
1409 4647 1440 4685 a
1477 4630 1705 4686 Domino
1727 4647 1838 4688 non
1859 4635 1960 4690 ab-

389 4715 584 4781 solute,
621 4717 794 4785 qualis
825 4717 999 4787 prius.
1030 4719 1132 4774 Per
1165 4721 1314 4776 illum
1342 4723 1488 4777 enim
1543 4723 1810 4779 sacriﬁcia
1878 4724 1964 4780 in-

384 4809 574 4864 cendit
613 4809 896 4875 Dominus,
934 4821 990 4866 ct
1022 4813 1191 4884 gloria
1227 4814 1442 4870 Domini
1499 4817 1680 4873 dictus
1723 4827 1829 4883 est,
1872 4818 1965 4874 hic

387 4908 570 4954 autem
607 4901 743 4972 ignis
777 4905 1005 4972 poenalis
1022 4914 1124 4960 est.
1157 4905 1461 4978 Utrumque
1513 4910 1664 4963 enim
1717 4909 1960 4965 Ecclesia

389 4987 574 5055 habet,
616 4991 764 5047 hunc
795 4994 1012 5063 quidem
1053 4995 1120 5048 ad
1157 4995 1610 5052 illuminationem
1661 4999 1959 5068 iustorum,

386 5083 762 5139 etoblator-utn
788 5086 1178 5154 perfectionem
1215 5105 1227 5139 :
1256 5089 1405 5143 illum
1436 5099 1616 5143 autem
1645 5091 1712 5145 ad
1744 5106 1961 5160 pmnam

390 5170 684 5242 impiorum
720 5191 882 5245 quam
932 5177 1018 5232 bis
1057 5177 1148 5247 qui
1206 5179 1587 5248 blasphemant
1647 5181 1963 5235 sacerdotes

393 5263 664 5331 indicunt,
699 5282 762 5320 ex
788 5269 1292 5324 subministrationc
1341 5271 1594 5336 Spiritus,
1629 5287 1752 5339 qua:
1778 5271 1833 5326 in
1879 5273 1962 5327 eis

397 5357 712 5426 requiescit,
741 5373 865 5413 eum
891 5361 1304 5416 succendentes.
1339 5361 1565 5430 Propter
1585 5363 1728 5431 quod
1750 5373 1805 5418 et
1821 5363 1961 5416 Pau-

339 5483 348 5505 ,ι
396 5443 484 5500 lus
519 5445 945 5517 “.l—lymeueum
970 5449 1436 5512 etAlexandrum,
1474 5461 1533 5505 ut
1585 5452 1690 5505 alia
1753 5452 1964 5508 scilicet

349 5525 368 5588 'i

473 5648 522 5680 "
555 5650 673 5703 Act.
705 5666 764 5711 ll,
794 5649 883 5703 ‘27..

402 5711 445 5742 η
473 5651 893 5742 teat-11:22;
963 5651 1259 5742 “abst-3.
1419 5654 1482 5742 .τῖ
1514 5653 1690 5742 ιιξῑιξ.
1838 5654 1932 5742 ε’-θε

486 5718 658 5781 Exod.
695 5737 800 5784 xu,
835 5723 895 5773 ειι

1002 5721 1049 5752 ⁸⁸
1083 5721 1245 5775 Hebr.
1285 5737 1376 5785 xtl,
1417 5723 1500 5778 H.
1572 5723 1613 5755 ‘"
1655 5723 1793 5779 l‘sal.
1829 5742 1883 5792 ι,
1910 5725 1965 5779 8.

2061 4557 2336 4619 operatur,
2369 4555 2428 4602 ut
2455 4563 2550 4616 per
2581 4547 2729 4616 ipsos
2755 4551 2977 4606 terreat,
3011 4553 3067 4599 et
3098 4543 3152 4596 in
3199 4552 3508 4611 conspectu
3564 4553 3649 4596 to-

2065 4641 2172 4694 tius
2197 4638 2379 4709 p0puli
2416 4637 2768 4708 gloriﬁcetur,
2800 4635 2850 4690 id
2883 4644 2967 4690 est
3013 4633 3269 4688 laudetur
3301 4641 3358 4686 et
3413 4633 3649 4687 manife-

2065 4741 2239 4786 stetur
2265 4748 2279 4786 :
2308 4741 2597 4801 utrumque
2620 4729 2767 4784 enim
2819 4725 3228 4800 gloriﬁcationis
3253 4724 3492 4779 verbum
3534 4741 3651 4778 ma-

2065 4822 2304 4882 nifestat.
2339 4831 2395 4875 et
2432 4836 2554 4891 quae
2572 4835 2639 4874 ex
2667 4819 2773 4873 hoc
2796 4817 2920 4871 laus
2976 4815 3094 4876 Dei,
3157 4824 3215 4869 et
3270 4812 3653 4868 manifestatio

2071 4913 2160 4968 sit.
2193 4912 2354 4967 David
2412 4912 2591 4966 dicit:
2657 4909 2795 4975 Quia
2840 4908 3021 4978 justus
3073 4905 3329 4960 Dominus
3377 4905 3650 4974 justitiam

2071 5005 2275 5068 dilexit,
2306 5006 2607 5076 (equitatem
2636 5002 2766 5058 uidit
2796 5001 2967 5054 vultus
2993 5000 3106 5069 ejus
3133 4998 3204 5051 ⁸⁸.

2141 5094 2203 5148 1η
2235 5094 2312 5146 his
2334 5093 2708 5146 tacuilAaron.
2745 5090 2870 5144 Sive
2906 5098 2964 5142 ut
2983 5087 3144 5153 LXX,
3199 5097 3541 5156 compunctus
3575 5097 3654 5140 est

2072 5187 2270 5241 Aaron.
2314 5184 2547 5238 Ecclesia
2580 5182 2854 5242 videlicet.
2882 5195 2987 5250 qua
3041 5193 3239 5250 corpus
3289 5177 3654 5247 intelligibilis

2070 5278 2247 5329 Aaron
2282 5273 2517 5328 Ecelesia
2559 5281 2663 5335 est,
2689 5271 2834 5326 unde
2865 5249 2980 5340 ipse
3003 5249 3136 5323 dixit
3169 5283 3182 5317 :
3214 5265 3398 5330 Saule,
3456 5265 3647 5329 Saule,

2071 5367 2196 5431 quid
2231 5383 2308 5421 me
2333 5365 2656 5436 persequeris
2675 5363 2746 5418 ⁸³.
2772 5362 2908 5416 Item
2938 5359 3221 5428 discipulis
3241 5359 3307 5412 de
3334 5358 3646 5427 suscipien-

2071 5459 2218 5518 tibus
2247 5473 2340 5511 eos
2365 5457 2500 5511 dixit
2530 5473 2542 5510 :
2573 5453 2674 5520 Qui
2695 5469 2782 5507 uos
2821 5452 3056 5521 suscipit,
3092 5467 3172 5504 me
3194 5450 3414 5517 suscipit
3443 5449 3516 5503 ⁸³.

2036 5655 2151 5709 "ll
2181 5655 2321 5710 Tim.
2357 5671 2434 5718 ut,
2463 5656 2546 5708 lﬁ.
2625 5653 2670 5684 "
2692 5653 2850 5707 Cant.
2879 5669 2951 5708 Iv.
2989 5653 3071 5705 i0.
3175 5653 3217 5680 τ’
3253 5651 3269 5704 l
3305 5649 3446 5705 Tim.
3478 5666 3516 5712 ι,
3549 5648 3632 5702 20.

2035 5727 2080 5759 "
2121 5728 2215 5782 Act
2269 5743 2343 5791 is,
2373 5725 2423 5779 4.
2499 5727 2543 5756 ³³
2571 5723 2815 5786 Marcus,
2841 5722 2927 5776 36.
