3886 6306
241 324 348 390 897

1385 326 1468 388 IN
1513 327 1958 395 I.EVITICUM.
2001 355 2067 371 δ’
2107 335 2254 398 LIB.
2287 337 2368 397 Π.

3277 335 3514 414 ’·898

319 459 337 492 ε
387 438 612 495 Vocavit
679 447 862 496 autem
921 437 1132 512 Moyses
1187 439 1470 496 Mizaelem
1532 453 1589 498 et
1661 444 1832 502 Elisa-
1865 453 1905 507 Α
1937 449 2269 513 moriamini,
2304 459 2360 505 et
2386 466 2552 522 super
2597 466 2817 508 omnem
2864 463 3070 510 coitum
3123 454 3336 513 oriatur
3365 457 3514 516 indi-

238 533 391 602 phan
443 530 582 587 ﬁlios
634 531 820 588 Ozihel
861 533 1038 602 patrui
1079 533 1280 599 Aaron,
1315 543 1372 588 et
1420 535 1497 590 ait
1549 537 1617 591 ad
1679 553 1775 593 eos
1813 557 1826 592 :

242 623 344 686 ite,
398 623 569 678 tollite
591 625 789 680 fratres
820 635 1032 682 vestros
1075 626 1143 682 de
1180 635 1477 698 conspectu
1508 630 1826 695 sanctuarii,

240 725 299 771 et
346 725 627 786 asportate
689 724 844 772 extra
917 728 1118 774 castra.
1181 717 1486 789 Statimque
1545 731 1831 792 pergentes

242 808 486 864 tulerunt
529 824 624 864 eos
659 810 808 864 sicut
845 810 1137 880 iacebant,
1187 811 1415 866 vestitos
1488 811 1647 867 lineis
1682 814 1829 868 tuni-

238 898 343 965 cis,
379 907 435 954 et
481 899 764 969 eiecerunt
793 901 956 968 foras,
989 911 1049 956 ut
1086 902 1189 957 sibi
1217 902 1396 957 fuerat
1419 902 1764 974 imperatum.
1803 923 1822 956 ι

312 991 396 1044 Ab
429 991 517 1046 bis
559 993 650 1061 qui
678 1008 774 1048 eos
800 993 1105 1062 eiecerunt,
1154 1008 1251 1048 eos
1304 993 1398 1063 qui
1430 994 1652 1056 sublati,
1711 997 1828 1051 sive

238 1081 400 1152 eiecti
430 1091 580 1150 sunt,
622 1082 892 1154 intellige.
934 1082 1038 1148 Qui
1071 1090 1254 1137 autem
1283 1083 1524 1145 fuerunt,
1574 1084 1666 1154 qui
1703 1101 1825 1140 sus-

239 1169 532 1225 tulerunt?
589 1169 777 1224 Mizael
811 1179 867 1226 et
925 1169 1244 1242 Elisaphan,
1294 1172 1410 1228 sive
1459 1172 1718 1229 Misaddai
1771 1183 1827 1230 et

133 1291 141 1294 -
237 1259 560 1331 Elisaphan,
593 1277 832 1332 quorum
868 1277 1011 1316 unus
1027 1234 1332 1317 at'trectatio
1350 1262 1472 1326 Dei,
1495 1263 1546 1319 id
1581 1273 1664 1320 est
1695 1264 1824 1320 Mis-

239 1350 400 1404 addai
437 1369 450 1406 :
487 1351 779 1421 Elisaphan
835 1359 1017 1406 autem
1054 1352 1147 1406 Dei
1174 1354 1276 1406 mei
1308 1353 1521 1422 specula
1551 1355 1822 1425 interpre-

243 1447 406 1494 tatur.
427 1439 748 1510 Quicunque
764 1457 892 1513 ergo
925 1442 1026 1496 scit
1058 1450 1350 1498 attrectare
1382 1444 1574 1508 Deum,
1599 1445 1823 1516 insuper

241 1541 422 1586 autem
478 1540 533 1586 et
582 1533 873 1602 SpCt‘tlia"i,
941 1536 998 1588 et
1059 1532 1262 1588 Christi
1335 1535 1557 1605 quidem
1598 1553 1818 1592 carnem

240 1635 632 1682 contrectare:
676 1628 948 1698 speculari
996 1637 1179 1682 autem
1238 1644 1337 1698 per
1371 1630 1571 1684 oculos
1617 1632 1820 1686 mentis

241 1719 775 1783 divinitatem,sicut
800 1719 1040 1773 Thomas
1081 1735 1244 1773 manu
1303 1729 1652 1776 contrectans
1694 1737 1818 1776 car-

242 1829 390 1876 nem,
422 1821 478 1866 et
507 1811 612 1866 ﬁde
635 1812 927 1880 speculan's
950 1812 1314 1878 divinitatem,
1347 1813 1562 1868 dicebat
1593 1829 1606 1865 :
1637 1814 1813 1868 Domi-

242 1921 340 1958 nus
375 1921 520 1958 meus
551 1912 600 1956 et
645 1903 784 1957 Deus
808 1919 954 1957 meus
977 1904 1042 1957 “.
1076 1902 1174 1959 Hic
1192 1904 1372 1974 ignem
1401 1904 1593 1960 alienae
1616 1905 1821 1961 doctri-

240 2011 326 2050 nae
353 1995 588 2060 auferre,
621 2004 678 2049 et
729 1993 929 2064 ejicere
971 1995 1121 2049 illum
1161 2011 1285 2050 cum
1333 1996 1554 2063 tunicis,
1607 2012 1636 2052 a
1686 1997 1824 2052 facie

239 2096 554 2142 sanctorum
590 2094 797 2157 potest,
846 2087 974 2156 quia
1028 2102 1280 2157 personae
1335 2099 1646 2144 sanctorum
1697 2097 1824 2143 sunt

240 2177 550 2232 sacerdotes
571 2193 583 2227 :
601 2176 797 2231 tunicae
814 2185 993 2230 autem
1012 2177 1380 2244 sacerdotum,
1396 2176 1739 2234 conversatio
1769 2189 1825 2233 et

243 2271 376 2334 vita,
417 2286 538 2340 quae
566 2270 619 2323 in
658 2268 947 2325 sacerdotii
971 2269 1274 2324 induuntur
1305 2269 1677 2342 habitu.Ergo
1701 2287 1822 2325 cum

243 2362 575 2427 sacerdotio,
603 2361 746 2431 quod
787 2362 836 2415 ei
867 2370 1014 2416 sorte
1065 2361 1309 2425 obvenit,
1359 2377 1390 2416 a
1440 2362 1692 2434 portione
1739 2379 1823 2418 sa-

243 2455 510 2511 cerdotali
536 2456 900 2526 expelluntur,
930 2471 1040 2510 non
1071 2456 1246 2512 solum
1287 2465 1468 2513 autem
1499 2471 1530 2512 a
1565 2458 1822 2514 sacerdo-

243 2556 384 2614 tum,
413 2547 508 2602 sed
528 2555 581 2602 et
603 2546 806 2617 populi,
836 2546 985 2602 unde
1016 2546 1221 2602 addicit
1249 2565 1262 2601 :

317 2637 488 2691 Extra
549 2636 970 2691 tabernaculum.
1016 2636 1459 2693 Tabernaculum
1507 2638 1652 2694 enim
1704 2636 1818 2702 Dei,

239 2728 501 2784 Ecclesite
528 2729 761 2799 populus
781 2736 865 2784 εει
902 2745 916 2781 :
947 2728 1040 2783 ﬁlii
1064 2737 1244 2783 autem
1277 2729 1455 2800 patrui
1482 2730 1686 2794 Aaron,
1708 2731 1821 2786 sive

241 2820 424 2876 fratris
449 2819 654 2886 Aaron,
690 2819 744 2874 hi
767 2819 858 2890 qui
879 2819 994 2874 haec
1011 2819 1194 2875 facere
1224 2828 1474 2890 possunt,
1512 2820 1816 2876 rationabi-

238 2915 367 2968 liter
398 2912 775 2968 nominantur.
803 2913 859 2968 Si
890 2913 1032 2969 enim
1069 2922 1224 2985 pater
1255 2913 1610 2984 intelligibilis
1636 2915 1821 2969 Aaron

238 3006 408 3061 David
437 3016 539 3072 est,
573 3016 630 3062 et
678 3023 776 3077 per
807 3022 931 3062 eum
979 3022 1142 3062 omne
1177 3023 1374 3078 corpus
1432 3010 1820 3080 prophetarum

239 3099 503 3153 creditur.
528 3098 830 3168 Pr0pheti.e
855 3098 1054 3169 quippe
1066 3113 1189 3153 eum
1223 3099 1571 3156 manifestum
1590 3100 1819 3168 faciunt,
1847 3123 1888 3178 (ι

239 3190 831 3260 atquequodantmodo
892 3191 1272 3261 ignorantibus
1315 3193 1555 3263 pariunt.
1623 3193 1817 3250 Frater

239 3290 418 3336 autem
445 3296 736 3352 germanus
764 3289 839 3346 et,
871 3289 928 3334 ut
954 3279 1027 3334 ita
1050 3280 1280 3347 dicatur,
1321 3282 1490 3356 frater
1513 3285 1816 3354 prophetiae

238 3371 588 3443 Evangelium
620 3381 703 3426 est
731 3390 744 3426 :
777 3371 956 3425 omnia
1024 3371 1166 3424 enim
1233 3388 1353 3442 quae
1397 3373 1454 3428 in
1508 3375 1816 3446 Evangeliis

237 3473 358 3519 acta
398 3475 546 3531 sunt,
571 3479 600 3518 a
624 3463 910 3534 prephetis
941 3463 1200 3532 praedicta
1242 3473 1387 3519 sunt.
1426 3465 1813 3537 Propterquod

236 3551 560 3624 prophetico
582 3569 832 3608 sermone
851 3555 1092 3623 adjuvari
1108 3555 1174 3608 ad
1188 3555 1483 3624 perfectam
1502 3557 1811 3626 scientiam,

236 3647 362 3715 quia
400 3646 566 3700 frater
586 3646 805 3702 fratrem
834 3647 1117 3716 adiuvans,
1151 3647 1291 3702 sicut
1319 3647 1512 3704 civitas
1537 3649 1692 3704 ﬁrma
1710 3652 1816 3706 Pe-

239 3747 359 3791 trus
386 3739 678 3808 praecepit;
723 3738 798 3792 ait
831 3739 978 3792 enim
1012 3753 1028 3794 :
1069 3736 1338 3792 Habemus
1371 3739 1658 3808 ﬁrmiorem
1686 3759 1814 3811 pro-

235 3829 502 3900 plteticum
530 3845 840 3894 sermonem,
865 3829 950 3882 cui
986 3829 1290 3900 benefacitis
1316 3831 1660 3898 intendentes,
1679 3834 1814 3887 sicut

235 3921 463 3975 lucerna:
478 3921 532 3974 in
563 3922 775 3974 obscuro
799 3921 931 3983 loco,
967 3937 1127 3992 usque
1158 3920 1285 3974 dum
1307 3922 1417 3976 dies
1452 3922 1746 3991 illucescat,
1762 3936 1812 3978 et

237 4010 445 4080 Lucifer
467 4012 674 4063 oriatur
704 4010 759 4063 in
791 4008 1031 4064 cordibus
1062 4011 1245 4064 vestris
1266 4011 1344 4077 ⁸⁸;
1392 4009 1443 4066 id
1508 4023 1592 4067 est
1640 4028 1811 4083 usque

233 4101 361 4154 dum
392 4100 446 4153 in
479 4100 634 4154 vobis
665 4098 976 4170 evangelica
1034 4100 1264 4155 scientia
1293 4101 1515 4156 clarcat.
1542 4102 1663 4157 Filii
1699 4103 1812 4158 fra-

234 4191 334 4245 tris
362 4192 532 4260 patris
559 4189 760 4256 Aaron,
794 4191 932 4246 bene
963 4201 1017 4246 et
1046 4191 1212 4246 nimis
1239 4199 1367 4261 apte
1399 4190 1477 4257 hi,
1502 4191 1593 4261 qui
1640 4208 1812 4248 evan-

233 4282 466 4352 gelicam
495 4279 966 4338 conversationem
1036 4282 1366 4348 didicerunt,
1430 4283 1709 4351 dicuntur,
1758 4294 1814 4341 et

235 4372 336 4426 hos
361 4371 452 4440 qui
485 4371 588 4425 alia
623 4373 844 4436 docent,
871 4388 1100 4443 arguere
1161 4381 1216 4428 et
1269 4373 1559 4446 repellere,
1621 4384 1811 4446 utpote

1935 541 2144 612 gnatio.
2195 541 2415 599 Fratres
2461 543 2650 610 vestri,
2708 553 2765 600 et
2789 545 2973 601 omnis
3035 546 3232 604 domus
3275 548 3513 607 ﬁliorum

1935 632 2102 687 Israel
2137 633 2396 705 plangant
2433 635 2767 702 incendium,
2813 637 2960 707 quod
2985 637 3250 694 Dominus
3279 641 3517 696 suscita-

1933 723 2030 778 vit.
2055 723 2164 779 Vos
2189 735 2375 781 autem
2417 743 2529 782 non
2575 728 2896 799 egredimini
2951 729 3100 786 fores
3150 731 3512 800 tabernaculi,

1931 816 2166 884 alioquin
2186 818 2454 887 peribitis,
2483 819 2662 874 oleum
2686 821 2888 890 quippe
2903 831 3108 876 sancta:
3139 823 3515 880 unctionisest

1931 922 2096 976 super
2109 924 2221 964 vos.
2238 909 2340 976 Qui
2357 909 2605 965 iecerunt
2619 912 2965 981 omniaiuxta
2979 913 3484 985 prteceptumMoysi
3495 955 3510 970 .

1999 992 2119 1047 Non
2153 994 2466 1065 ignoramus
2493 997 2622 1066 quid
2656 998 2884 1068 eydares
2913 998 3226 1070 signiﬁcent
3253 1001 3513 1055 sacerdo-

1929 1092 2069 1153 tum,
2104 1087 2315 1142 scilicet
2333 1087 2460 1157 quia
2491 1088 2672 1143 omnis
2701 1088 2808 1143 viri
2857 1098 3024 1160 caput
3053 1089 3328 1157 Christus,
3347 1100 3516 1162 caput

1926 1174 2126 1232 Christi
2171 1187 2378 1246 autem,
2396 1180 2539 1235 Deus
2575 1199 2590 1236 :
2616 1181 2928 1236 necessarie
2951 1182 3166 1253 cydaris
3186 1183 3511 1250 signiﬁcatio

1925 1267 2438 1336 quadammodo'est
2482 1269 2642 1325 simul
2699 1269 2974 1342 Unigeniti
3029 1273 3406 1334 humanitatis.
3455 1280 3514 1328 et

1925 1356 2227 1414 divinitatis
2256 1377 2270 1414 :
2297 1362 2402 1416 hoc
2430 1361 2578 1416 enim
2606 1370 2662 1416 et
2708 1377 2807 1432 per
2825 1362 3037 1434 cydaris
3051 1366 3510 1434 compositionem

1923 1451 2176 1520 superius
2205 1451 2724 1506 demonstravimus.
2745 1455 2887 1523 Ergo
2921 1462 3511 1524 quae-oporteatcusto-

1921 1538 2040 1593 dire
2072 1540 2383 1596 sacerdotes
2411 1550 2466 1596 et
2500 1541 2754 1597 doctores
2783 1543 3044 1613 praecepit
3079 1561 3091 1596 :
3117 1543 3171 1599 id
3205 1553 3384 1607 est,ut
3405 1561 3511 1601 nec

1921 1630 2262 1686 divinitatem
2293 1631 2519 1694 Christi,
2542 1648 2645 1688 nec
2707 1633 3106 1690 humanitatem
3139 1645 3365 1707 negent,
3404 1652 3509 1693 nec

1920 1720 2317 1786 coutradicant,
2343 1721 2469 1790 quia
2498 1723 2640 1776 Deus
2670 1738 2739 1777 ex
2769 1722 2904 1789 Deo,
2935 1731 2990 1780 et
3016 1724 3256 1780 Verbum
3298 1736 3384 1781 est
3437 1743 3509 1785 ex

1923 1811 2101 1865 Patre.
2138 1810 2250 1867 lloc
2279 1824 2359 1868 est
2390 1813 2535 1868 enim
2575 1815 2817 1886 eydarim
2843 1831 2953 1871 non
2993 1815 3212 1873 auferre
3237 1834 3268 1873 e
3303 1820 3507 1889 capite,

1923 1904 2181 1959 videlicet
2201 1906 2559 1981 non_nudare
2610 1907 3184 1980 intelligibilicydare.
3241 1909 3350 1966 Sed
3404 1927 3511 1966 nec

1924 1993 2397 2063 dispensationem
2468 2005 2726 2062 renuant,
2790 2009 2886 2053 aut
2945 2000 3348 2070 blasphement.
3403 2002 3509 2069 Qui

1923 2087 2067 2140 enim
2095 2087 2299 2142 Christi
2324 2089 2785 2160 dispensationem
2810 2091 3212 2161 blasphemant,
3247 2097 3507 2151 sacerdo-

1927 2177 2086 2232 talem
2123 2189 2383 2250 rumpunt
2413 2181 2605 2235 stolam
2637 2198 2652 2235 :
2700 2182 2826 2252 quia
2855 2199 3046 2239 omnes
3075 2185 3293 2254 quidem
3321 2187 3500 2242 homi-

1923 2283 2024 2322 nes
2048 2269 2140 2339 qui
2175 2269 2228 2323 in
2260 2269 2542 2325 Christum
2586 2272 2957 2340 crediderunt,
2993 2274 3166 2328 multo
3186 2277 3357 2346 magis
3404 2293 3506 2333 au-

1925 2370 2032 2416 tem
2073 2363 2385 2416 sacerdotes
2423 2371 2550 2417 sunt
2579 2362 2668 2433 qui
2713 2363 2992 2420 Christum
3035 2365 3376 2422 induerunt:
3427 2370 3504 2424 si-

1922 2453 2141 2522 quidem
2160 2453 2472 2524 quicunque
2499 2455 2554 2508 in
2573 2454 2790 2510 Christo
2822 2456 3078 2526 baptizati
3112 2473 3323 2522 sumus,
3343 2460 3504 2515 Chri-

1924 2553 2066 2597 stum
2100 2544 2396 2610 induimur,
2440 2545 2556 2600 haec
2611 2553 2836 2617 agentes
2866 2547 3200 2615 sacerdotes,
3235 2565 3338 2604 nec
3383 2565 3506 2606 mo-

1923 2636 2150 2700 rientur,
2201 2652 2300 2692 nec
2358 2638 2764 2708 congregationi
2843 2639 3281 2708 superinducunt
3339 2641 3501 2698 iram.

1923 2725 2342 2796 l‘raapositorum
2371 2728 2513 2780 enim
2539 2727 2666 2781 vitia
2715 2726 3100 2782 oﬁ‘endiculum
3130 2736 3260 2782 sunt
3310 2731 3499 2800 subje-

1923 2817 2045 2882 etis,
2066 2827 2120 2872 et
2140 2819 2311 2872 multo
2335 2819 2504 2890 magis
2535 2819 2819 2874 doctorum
2855 2819 3140 2890 discipulis
3178 2837 3370 2876 eorum
3405 2820 3504 2876 ira?

1919 2910 2013 2963 ‘Dci
2045 2909 2182 2963 ﬁunt
2203 2911 2436 2965 occasio.
2468 2909 2698 2980 Pmpter
2741 2911 2887 2982 quod
2939 2920 2995 2965 et
3027 2926 3245 2967 omnem
3275 2914 3500 2969 domum

1923 2999 2109 3068 Israel,
2151 3017 2368 3055 omnem
2417 3002 2667 3056 videlicet
2724 3000 3045 3069 Ecclesiam,
3104 3005 3363 3076 plangere
3412 3006 3501 3059 in-

1921 3087 2171 3140 cendium
2199 3103 2307 3157 quo
2329 3088 2535 3143 incensi
2557 3099 2684 3143 sunt
2715 3105 2744 3143 a
2773 3089 2882 3144 Deo
2903 3091 3018 3144 vult
3045 3109 3059 3143 :
3084 3093 3208 3161 quia
3237 3094 3500 3148 damnum

1923 3178 2178 3232 Ecclesiae
2235 3180 2398 3234 unius
2444 3180 2697 3244 membri,
2758 3189 2813 3234 et
2842 3181 3133 3250 cuiuslibet
3187 3198 3346 3239 casus
3391 3191 3494 3248 est,

1922 3279 2126 3340 quanto
2155 3271 2323 3342 magis
2355 3271 2661 3336 doctorum,
2737 3282 2792 3326 et
2817 3274 3158 3327 sacerdotum
3225 3276 3500 3344 perditio?

1923 3362 1999 3417 Ita
2031 3373 2091 3417 ut
2121 3361 2320 3419 Paulus
2350 3364 2609 3434 decoqui
2640 3363 2940 3420 fornicatus
2969 3365 3165 3430 fuerat,
3199 3367 3497 3424 Corinthiis

1923 3452 2126 3506 scribat
2158 3469 2170 3503 :
2205 3452 2273 3506 Et
2293 3469 2381 3506 vos
2414 3454 2590 3524 inﬂati
2627 3453 2771 3519 estis,
2807 3463 2856 3506 et
2912 3470 3014 3506 non
3063 3455 3234 3525 magis
3296 3456 3495 3512 luctum

1921 3543 2178 3597 habuistis
2212 3544 2277 3596 ⁸⁷.
2306 3543 2360 3597 Si
2409 3553 2590 3596 autem
2641 3559 2752 3596 uno
2799 3559 2863 3598 ex
2911 3544 3114 3613 populo
3169 3545 3492 3612 fornicantc,

1921 3649 2139 3688 omnem
2195 3635 2490 3688 Ecclesiam
2545 3635 2728 3705 lugere
2771 3635 3048 3706 prtecepit,
3095 3636 3266 3690 multo
3323 3639 3496 3709 magis

1920 3729 2138 3799 quando
2163 3729 2497 3796 sacerdotes,
2543 3737 2595 3784 et
2642 3733 2892 3785 doctores
2925 3731 3087 3801 impie
3113 3744 3354 3802 agentes,
3409 3735 3494 3790 vel

1919 3820 2364 3890 blasphemantes
2403 3821 2776 3875 inveniuntur.
2807 3822 2900 3876 His
2941 3824 3014 3879 ita
3042 3841 3100 3878 se
3140 3826 3490 3892 halentibus,

1920 3912 2050 3967 illud
2071 3913 2239 3982 quairi
2263 3922 2497 3983 oportet,
2527 3914 2798 3983 quomodo
2828 3930 2950 3969 cum
2977 3931 3074 3984 per
3094 3918 3492 3985 praecedentem

1920 4002 2282 4065 sanctionem,
2312 4011 2522 4070 septem
2545 4002 2689 4057 solos
2714 4003 2830 4058 dies
2869 4019 2977 4057 non
3007 4005 3186 4076 egredi
3210 4005 3277 4060 de
3311 4009 3494 4062 taber-

1919 4099 2119 4155 naculo
2149 4098 2449 4154 testimonii
2482 4098 2854 4168 praecepisset,
2907 4100 2991 4155 his
3017 4101 3321 4171 completis,
3377 4104 3497 4160 haec

1919 4189 2065 4246 enim
2086 4189 2141 4243 in
2169 4196 2355 4243 octava
2386 4187 2475 4241 die
2498 4196 2754 4258 aguntur,
2801 4202 2990 4242 rursus
3010 4189 3088 4243 eis
3113 4191 3320 4260 Moyses
3350 4207 3494 4261 pra:—

1919 4282 2081 4353 cepit,
2114 4281 2182 4335 de
2219 4279 2358 4335 ostio
2391 4279 2722 4333 tabernaculi
2760 4294 2872 4333 non
2921 4281 3144 4350 egredi?
3196 4281 3312 4336 Non
3363 4299 3497 4355 ergo

1919 4373 2192 4428 contraria
2229 4371 2328 4426 sibi
2381 4372 2575 4437 sancit,
2644 4371 2739 4425 sed
2803 4373 3152 4427 manifesmm
3215 4384 3297 4429 est
3347 4376 3494 4444 quod

231 4461 531 4533 perfectam
551 4463 814 4519 habentes
851 4465 1158 4530 scientiam,
1189 4465 1500 4533 necessario
1529 4475 1658 4521 sunt
1691 4466 1807 4521 dis-
1840 4468 1887 4527 D
1915 4462 2080 4518 alium
2105 4461 2194 4517 hic
2225 4461 2303 4516 eis
2334 4475 2612 4533 egressum
2675 4461 2798 4514 ostii
2834 4461 3166 4515 tabernaculi
3197 4463 3494 4517 testimonii

231 4553 416 4622 positi.
469 4554 547 4608 De
568 4570 676 4624 quo
729 4554 968 4608 Joannes
997 4554 1230 4609 dicebat.
1279 4553 1458 4610 Omnis
1488 4557 1578 4626 qui
1615 4572 1812 4624 prtere-

230 4646 330 4706 dit,
357 4655 404 4699 et
432 4662 537 4699 non
561 4655 734 4700 manet
755 4648 808 4700 in
830 4647 1069 4701 doctrina
1102 4645 1317 4708 Christi,
1361 4647 1528 4701 Deum
1575 4665 1677 4702 non
1712 4649 1812 4702 Ita-

231 4737 334 4790 bet.
373 4735 476 4801 Qui
523 4748 698 4791 manet
733 4739 789 4791 in
818 4739 1077 4804 doctrina,
1101 4737 1183 4791 hic
1205 4747 1252 4792 et
1287 4738 1457 4808 ﬁlium
1508 4749 1557 4793 et
1608 4749 1813 4809 patrem

230 4829 406 4883 liabet.
440 4828 500 4884 Si
523 4831 638 4900 quis
667 4833 803 4886 venit
835 4834 905 4886 ad
954 4848 1060 4898 vos,
1110 4841 1157 4886 et
1195 4832 1330 4885 hanc
1358 4833 1656 4887 doctrinam
1711 4849 1811 4887 non

230 4921 435 4992 a/feret,
465 4923 628 4999 nolite
658 4925 890 4992 recipere
919 4941 1037 4979 eum
1061 4925 1114 4978 in
1161 4926 1396 4990 domum,
1429 4941 1521 4979 nec
1539 4927 1587 4979 ei
1611 4926 1811 4980 dixeri-

229 5011 446 5077 tis,Ave
469 5013 537 5068 ⁸⁸.
574 5011 716 5086 Ergo
768 5014 1048 5084 proprium
1095 5021 1182 5067 est
1227 5025 1440 5084 eorum,
1494 5013 1587 5080 qui
1633 5011 1809 5068 edocti

230 5113 354 5157 sunt
389 5106 758 5177 cvangelicam
790 5106 1119 5167 doctrinam,
1157 5119 1253 5159 eos
1283 5100 1375 5173 qui
1406 5102 1711 5159 adulterina
1757 5115 1814 5161 et

231 5190 411 5243 aliena
451 5193 770 5261 praedicant,
803 5210 831 5248 a
865 5193 1006 5250 facie
1051 5199 1363 5247 sanctorum
1390 5200 1446 5246 et
1477 5191 1810 5248 tabernaculi

229 5283 506 5355 expellere
541 5294 702 5354 atque
733 5287 1024 5358 proiicere.

305 5373 470 5430 Vens.
499 5373 555 5439 6,
584 5373 636 5430 7.
675 5393 696 5428 σ
731 5376 970 5434 Locutus
997 5387 1085 5434 est
1109 5377 1320 5448 Moyses
1349 5375 1414 5432 ad
1454 5375 1634 5431 Aaron
1661 5385 1718 5432 et
1742 5377 1809 5432 ad

228 5471 479 5535 Eleazar,
506 5476 672 5539 atque
695 5469 764 5525 ad
795 5468 1032 5527 Ithamar
1050 5470 1189 5525 ﬁlios
1218 5467 1339 5539 eius
1375 5485 1391 5522 :
1419 5465 1610 5538 Capita
1629 5475 1810 5523 vestra

230 5562 403 5621 nolite
422 5560 635 5618 nudare
658 5567 713 5616 et
747 5557 1066 5627 vestimenta
1093 5561 1262 5617 nolite
1289 5559 1650 5628 scindere,ne
1667 5559 1810 5616 forte

1920 4554 2182 4626 praecepit
2204 4554 2498 4611 custodire.
2522 4551 2656 4607 Nam
2686 4552 2924 4607 addidit:

1997 4644 2060 4699 Ut
2091 4660 2192 4696 non
2218 4643 2542 4697 moriemini.
2574 4643 2732 4712 Atqui
2754 4644 2869 4698 hac
2904 4660 3012 4698 non
3041 4645 3257 4714 scripsit
3285 4647 3336 4700 in
3396 4663 3492 4701 su-

1920 4737 2226 4807 perioribus
2253 4750 2267 4788 :
2298 4736 2436 4806 Ergo
2463 4736 2834 4790 additamenta
2857 4740 3322 4803 comminationis,
3345 4741 3490 4795 aliud

1921 4828 2196 4898 quidpiam
2238 4843 2297 4882 se
2337 4827 2580 4881 sanxisse
2633 4825 3000 4896 signiﬁcavit:
3059 4829 3185 4896 quia
3237 4831 3381 4883 cnim
3433 4842 3492 4885 ut

1921 4918 2100 4988 ignem
2116 4917 2305 4971 aliena:
2328 4914 2590 4971 doctrina:
2618 4915 2914 4970 oﬂ'erentes
2934 4916 3152 4986 quidam
3179 4920 3494 4976 sacerdotes

1911 5008 2212 5082 perierunt.
2243 5007 2382 5064 Aliis
2405 5022 2516 5065 non
2571 5008 2721 5062 exire
2747 5008 2972 5080 ianuam
2997 5008 3261 5075 scientiae,
3295 5010 3489 5067 videli-

1913 5106 2001 5156 cet
2031 5097 2254 5166 Cbristi,
2283 5109 2339 5154 et
2365 5097 2673 5155 traditionis
2709 5099 2850 5170 eius,
2900 5114 3000 5170 per
3028 5113 3091 5153 ea
3143 5115 3267 5170 qua:
3342 5102 3488 5158 dicta
3528 5124 3531 5126 ·

1913 5199 2042 5249 sunt
2067 5192 2345 5262 preat-epit,
2381 5190 2434 5246 id
2457 5199 2541 5245 est
2568 5206 2679 5244 non
2701 5191 3004 5262 transgredi
3037 5206 3156 5246 eam
3191 5208 3352 5261 quam
3373 5193 3490 5264 ipse

1912 5282 2190 5340 mandavit
2256 5282 2718 5354 praedicationem.
2792 5283 2887 5337 sed
2940 5283 3094 5353 sequi
3142 5284 3488 5342 Dominicum

1916 5382 2250 5449 praeceptum
2272 5389 2372 5445 per
2400 5373 2582 5430 omnia
2615 5391 2629 5430 :
2666 5373 2748 5429 sic
2769 5373 2915 5429 enim
2951 5375 3327 5447 unusquisque
3378 5393 3489 5433 non

1914 5468 2196 5525 morietur.
2228 5465 2340 5522 Hoc
2364 5465 2743 5522 sacerdotibus
2772 5469 3054 5538 praecepit,
3073 5469 3272 5539 quibus
3288 5477 3349 5523 ut
3369 5484 3488 5526 ma-

1911 5560 2112 5633 gistris,
2130 5567 2186 5614 et
2206 5558 2648 5629 prmdicatoribus
2696 5559 2844 5616 verbi
2874 5559 3232 5618 ministerium
3252 5575 3318 5616 ex
3346 5560 3494 5620 dono

303 5735 527 5794 σηοω.
565 5749 658 5804 xx,
695 5730 790 5792 28.
869 5731 915 5765 "
943 5731 990 5788 ll
1017 5729 1172 5794 Petr.
1196 5732 1341 5800 1,19.
1417 5730 1465 5763 '°
1490 5729 1706 5787 llJoan.
1739 5730 1792 5798 9,
1830 5735 1913 5790 lO.
1990 5733 2033 5765 ³⁷
2065 5731 2233 5790 Ξεοτ.
2273 5748 2325 5795 v,
2350 5728 2406 5784 2.
