3886 6306
388 348 397 355 -
431 318 544 384 8υ9

1623 303 1983 386 HESYCHII
2031 301 2508 366 PRESBYTER!

3528 289 3545 294 ’
3617 302 3738 370 900

429 430 679 505 spiritus
706 426 975 486 creditum
1025 434 1132 493 est,
1157 425 1227 481 de
1268 437 1383 495 quo
1419 384 1875 492 nunc~legislator
1904 420 2014 476 ait:
2048 430 2093 486 Α
2120 429 2307 476 autem
2331 427 2549 491 oportet
2596 434 2847 490 quaerere
2875 420 3022 491 quod
3082 431 3207 474 cum
3275 431 3339 472 ea
3390 431 3542 505 quae
3591 384 3739 487 legis

386 552 391 561 -
492 523 691 581 ὀιθυηι
715 524 907 594 quippe
938 529 1141 575 sancta
1184 514 1446 572 unctionis
1478 525 1555 570 est
1578 531 1736 584 super
1764 530 1870 568 vos.
1908 513 2021 566 llu-

426 619 522 689 jus
554 625 743 670 autem
775 614 1053 669 unctionis
1085 618 1367 676 virtutem,
1392 609 1651 664 Joannes
1676 607 1834 662 nobis
1852 611 2021 661 evarr-

434 710 631 782 geiista
663 708 1026 769 demonstrat,
1056 704 1247 758 dicens
1278 718 1292 756 :
1325 700 1395 757 Et
1423 717 1512 755 eos
1539 701 1834 754 unctionem
1863 715 2024 768 quam

436 802 713 869 accepistis
744 799 812 852 ab
843 815 922 861 eo,
956 802 1166 849 moneat
1223 794 1281 847 in
1318 793 1479 847 vobis.
1541 793 1608 847 Et
1660 808 1761 845 non
1819 806 2025 844 necesse

433 895 656 956 habetis,
686 902 743 946 ut
783 890 979 958 aliquis
1021 893 1210 943 doceat
1250 903 1368 951 vos,
1408 887 1498 939 sed
1523 882 1658 939 sicut
1688 884 1866 936 unctio
1909 883 2025 951 ejus

384 1006 401 1015 ι
434 987 579 1039 docet
602 1002 692 1039 vos
725 985 789 1036 de
817 981 1080 1044 omnibus,
1135 988 1183 1033 et
1210 992 1389 1033 verum
1425 987 1520 1043 est,
1571 987 1616 1031 et
1646 991 1746 1030 non
1776 984 1849 1028 est
1879 989 2025 1027 men-

433 1078 643 1131 dacium
673 1076 741 1128 ⁸⁸.
774 1075 901 1128 IImc
940 1072 1155 1140 Moyses
1201 1086 1300 1140 per
1329 1069 1584 1139 spiritum
1627 1068 1907 1138 praecepit,
1970 1075 2025 1118 et

431 1170 675 1224 Ecclesia
704 1168 965 1222 custodit.
994 1166 1139 1237 Ergo
1164 1173 1575 1232 consequenter
1600 1161 1879 1232 legislator
1891 1158 2022 1213 sub-

427 1260 566 1318 didit
597 1279 611 1313 :
651 1258 755 1324 Qui
786 1261 1025 1328 fecerunt
1036 1258 1197 1326 juxta
1230 1242 1549 1326 pra’ceptum
1577 1254 1766 1322 Moysi.

503 1352 665 1407 Vens.
698 1352 849 1406 8-H.
882 1368 901 1402 ι
945 1348 1092 1403 Dixit
1159 1363 1376 1417 quoque
1412 1347 1676 1400 Dominus
1702 1343 1772 1398 ad
1803 1345 2021 1397 Aaron:

429 1445 635 1501 Vinum
661 1456 715 1499 et
743 1459 906 1499 omne
935 1443 1078 1513 quod
1145 1440 1418 1496 inebriare
1456 1446 1654 1509 potest,
1680 1453 1789 1492 non
1820 1435 2024 1515 bibe‘tis

433 1549 490 1593 tu
520 1547 575 1592 et
607 1532 699 1591 filii
732 1522 834 1599 tui,
868 1535 1087 1604 quando
1108 1532 1327 1587 intratis
1356 1533 1411 1585 in
1436 1528 1848 1585 tabernaculum
1877 1527 2024 1582 testi-

432 1627 626 1691 monii,
653 1641 722 1679 ne
752 1623 1082 1687 moriamini,
1108 1621 1236 1691 quia
1270 1628 1600 1690 prteeeptnm
1629 1617 2020 1688 sempiternum

406 1718 494 1772 'in
527 1708 923 1788 generationes
942 1721 1278 1777 vestras,el,
1319 1720 1381 1766 ut
1437 1709 1683 1766 habeatis
1735 1707 2019 1763 scientiam

2126 524 2277 582 sunt,
2301 515 2502 571 docere
2541 514 2684 570 ﬁlios
2706 512 2868 571 Israel
2887 514 3203 570 sacerdotes
3229 502 3529 583 praecepit,
3573 511 3740 565 Iocu-

2126 618 2241 663 tum
2264 623 2385 665 esse
2415 609 2586 664 Deum
2610 614 2711 679 per
2750 594 2993 680 Moysen,
3029 618 3139 662 non
3180 621 3281 677 per
3306 605 3585 675 linguam,
3636 603 3739 657 sed

2125 713 2228 770 per
2254 712 2476 753 manum
2503 699 2657 754 dicit.
2689 698 2796 754 Aut
2825 699 3052 754 omnino
3090 692 3415 769 dignitatem
3446 696 3597 766 legis
3641 710 3739 749 os-

2124 792 2357 846 tendere
2390 782 2581 856 voluit,
2611 791 2736 861 quia
2775 776 3030 861 exposuit
3082 791 3305 860 quidem
3358 804 3483 842 eam
3562 786 3734 852 Deus,

2128 885 2355 955 scripsit
2375 896 2557 939 autem
2609 885 2838 957 Moyses,
2875 885 3091 955 excepit
3112 899 3242 939 vero
3276 899 3423 950 eam,
3452 883 3577 936 Deo
3612 899 3734 953 qua:

2127 974 2390 1044 disposita
2409 985 2537 1029 sunt
2563 976 2814 1046 jubente.

2206 1063 2372 1117 Vens.
2394 1062 2581 1119 i245.
2621 1084 2640 1117 ι
2665 1066 3014 1134 Locu’tusque
3047 1072 3132 1118 est
3167 1063 3380 1134 Moyses
3396 1063 3470 1117 ad
3518 1064 3731 1125 Aaron,

2126 1166 2187 1211 et
2218 1155 2284 1210 ad
2314 1140 2563 1237 Eleazar,
2588 1168 2750 1229 atque
2768 1139 3022 1212 Ithamar
3046 1156 3186 1212 ﬁlios
3232 1158 3353 1225 ejus
3380 1156 3479 1225 qui
3516 1156 3734 1229 residui

2132 1261 2292 1306 erant
2328 1269 2343 1306 :
2379 1251 2575 1305 Tollite
2625 1249 2955 1325 sacriﬁcium
2991 1249 3136 1318 quod
3174 1248 3446 1301 remansit
3476 1248 3552 1301 de
3577 1248 3735 1301 obla-

2128 1345 2281 1399 tione
2314 1343 2554 1406 Domini,
2601 1349 2657 1397 et
2685 1341 2955 1396 comedite
3012 1340 3149 1394 illud
3186 1340 3397 1410 absque
3452 1338 3733 1393 fenuento

2121 1437 2274 1508 juxta
2303 1437 2496 1501 altare,
2523 1435 2649 1504 quia
2692 1434 2957 1488 Sanctum
2989 1441 3305 1487 sanctorum
3360 1440 3475 1486 est.
3536 1432 3735 1487 Come-

2130 1528 2271 1584 detis
2302 1536 2487 1581 autem
2517 1526 2574 1580 in
2604 1526 2723 1582 loco
2789 1534 3000 1587 saneto,
3050 1525 3193 1593 quod
3247 1523 3444 1578 datum
3468 1533 3563 1577 est
3615 1524 3731 1590 tibi,

2125 1630 2180 1676 et
2212 1620 2339 1675 ﬁliis
2379 1619 2487 1673 tuis
2521 1619 2589 1674 de
2619 1616 2992 1673 oblationibus
3047 1607 3281 1677 Domini,
3332 1616 3484 1670 sicut
3516 1632 3731 1685 praece-

2125 1716 2281 1779 ptum
2305 1717 2392 1762 est
2418 1706 2577 1762 mihi.
2600 1705 2985 1761 Peetusculum
3010 1720 3231 1775 quoque
3267 1704 3417 1775 quod
3471 1706 3727 1760 oblatum

433 1780 786 1867 discernendi
826 1810 972 1863 inter
998 1814 1247 1860 sanctum
1305 1816 1361 1859 et
1421 1798 1735 1873 profanum,
1769 1806 1826 1855 et
1877 1800 2022 1854 inter
2050 1780 2093 1832 θ
2121 1811 2207 1857 est
2228 1811 2285 1857 et
2312 1815 2525 1854 armum
2547 1799 2639 1870 qui
2670 1809 2956 1870 separatus
2988 1808 3093 1861 est,
3125 1799 3300 1853 edetis
3323 1800 3380 1852 in
3416 1799 3729 1853 tocomun-

430 1903 700 1983 pollutum
735 1908 791 1956 et
812 1902 1096 1965 mundum,
1117 1898 1469 1967 doceatisque
1500 1896 1637 1951 ﬁlios
1653 1895 1821 1950 Israel
1836 1893 2019 1948 omnia

430 1992 674 2063 legitima
708 2007 849 2054 mea,
886 1986 1254 2060 quas’locutus
1291 1996 1376 2042 est
1417 1984 1684 2042 Dominus
1707 1984 1771 2039 ad
1796 1999 1892 2039 eos
1922 1999 2021 2053 per

431 2096 655 2137 manum
684 2080 877 2151 Moysi.
920 2099 939 2131 ι

506 2189 655 2244 Hanc
682 2204 854 2263 usque
886 2203 1037 2243 nunc
1083 2187 1261 2260 legem
1292 2186 1347 2241 in
1390 2183 1655 2240 Ecclesiis
1682 2182 1897 2243 invenis
1924 2199 2022 2238 cu-

433 2282 623 2336 stodiri
658 2270 882 2350 :Neque
905 2282 1056 2353 enim
1088 2279 1407 2341 omnimodo
1451 2279 1731 2333 abstinere
1797 2293 1828 2331 a
1896 2277 2022 2330 vino

429 2371 708 2443 praecepit,
744 2372 839 2425 sed
872 2369 1093 2440 quando
1122 2369 1189 2424 ad
1239 2368 1647 2424 tabernaculum
1701 2364 2019 2430 testimonii,

430 2474 527 2518 aut
560 2464 626 2518 ad
652 2465 821 2518 altare
849 2461 1221 2530 ascendimus,
1258 2460 1311 2514 id
1358 2470 1442 2515 est
1482 2461 1703 2530 quando
1732 2461 2021 2531 quodcun-

435 2568 545 2622 que
580 2553 948 2606 ministerium
1001 2550 1268 2605 doctrinte
1328 2550 1573 2605 caelestis
1629 2550 2015 2621 contingimus.

430 2640 719 2721 Ministerii
739 2644 909 2707 enim,
939 2642 1107 2695 altare
1131 2639 1301 2712 ﬁgura
1337 2652 1424 2695 est
1455 2640 1904 2696 :tabernaculutn
1921 2657 2020 2707 au-

434 2742 546 2790 tem
585 2733 908 2798 testimonii,
971 2733 1276 2789 cmlestium
1318 2749 1503 2788 rerum
1553 2735 2018 2799 contreetationis,

434 2826 582 2882 unde
613 2835 667 2881 et
695 2825 988 2880 Timotheo
1036 2823 1236 2879 Paulus
1299 2825 1592 2880 scribebat.
1626 2824 1753 2879 Vino
1819 2828 2022 2887 modico

433 2930 598 2984 utere,
642 2928 855 2990 propter
882 2918 1209 2972 stomachum
1246 2932 1416 2983 tuum,
1483 2929 1531 2972 et
1579 2921 1874 2991 frequentes
1901 2931 2020 2975 tuas

408 3013 773 3082 inﬁrmitates
809 2999 876 3063 ⁸⁹ζ
904 3009 1008 3075 Qui
1033 3019 1216 3064 autem
1252 3010 1469 3066 modico
1504 3013 1694 3077 utitur,
1734 3013 1825 3067 hic
1874 3020 2016 3068 tem-

2117 1894 2349 1948 dissimo
2373 1901 2431 1968 tu
2460 1900 2518 1945 et
2556 1890 2650 1945 ﬁlii
2682 1891 2781 1955 tui,
2806 1905 2868 1945 ac
2893 1889 3015 1945 tilia:
3031 1899 3139 1944 tute
3168 1901 3366 1945 tecum.
3402 1887 3537 1944 Tibi
3583 1888 3727 1944 enim

2118 2001 2186 2040 ac
2223 1982 2412 2038 liberis
2445 1984 2555 2038 tuis
2582 1983 2820 2053 reposita
2864 1992 2992 2037 sunt
3020 1984 3087 2038 de
3132 1983 3330 2037 hostiis
3376 1983 3725 2037 salutaribus

2120 2076 2359 2132 ﬁliorum
2396 2074 2582 2140 Israel,
2609 2091 2674 2130 eo
2703 2076 2851 2145 quod
2902 2090 3140 2140 armum,
3173 2085 3230 2129 et
3260 2086 3482 2145 pectus,
3510 2086 3573 2129 et
3608 2077 3723 2130 adi-

2121 2187 2241 2242 pes,
2268 2170 2359 2241 qui
2389 2179 2704 2225 cremantur
2733 2169 2788 2222 in
2810 2168 2990 2233 altari,
3017 2167 3212 2222 elevati
3239 2168 3351 2222 sint
3377 2182 3579 2223 coram
3611 2168 3716 2221 Do-

2126 2264 2279 2318 mino
2316 2273 2373 2318 et
2402 2263 2718 2332 pertineant
2750 2261 2817 2315 ad
2845 2270 2919 2323 te,
2946 2268 3002 2313 et
3032 2260 3096 2314 ad
3132 2258 3271 2314 ﬁlios
3302 2252 3431 2315 tuos
3454 2261 3583 2332 lege
3601 2278 3720 2329 per-

2118 2365 2303 2426 petua,
2332 2354 2473 2408 sicut
2495 2353 2756 2423 praecepit
2783 2352 3069 2405 Dominus.
3101 2369 3120 2402 ι
3180 2359 3187 2366 ’

2189 2444 2324 2511 Quia
2346 2444 2721 2515 pectusculum
2757 2440 3141 2515 conﬁdentiam
3200 2440 3593 2507 oﬂerentium,
3669 2453 3719 2495 et

2121 2537 2283 2594 ﬁdem
2331 2536 2636 2608 signiﬁcat:
2692 2546 2748 2590 et
2828 2536 3136 2599 brachium,
3186 2536 3477 2605 promissae
3523 2535 3601 2591 ab
3642 2537 3720 2591 eis

2123 2629 2563 2703 conversationis
2594 2628 2890 2692 actionem,
2952 2636 3008 2681 et
3027 2629 3431 2682 correctionem
3467 2642 3483 2679 :
3516 2627 3657 2682 satis
3686 2642 3715 2681 a

2121 2721 2281 2777 nobis
2300 2722 2353 2775 in
2378 2721 2464 2775 his
2495 2735 2616 2790 qua:
2644 2719 2712 2775 de
2739 2719 3005 2774 sacriﬁcio
3040 2718 3414 2789 paciﬁeorum,
3436 2734 3542 2791 seu
3570 2719 3720 2773 salu-

2122 2813 2220 2868 tari
2242 2829 2346 2891 per
2365 2824 2549 2885 partes
2597 2813 2840 2868 discussa
2897 2819 3045 2876 sunt,
3102 2810 3546 2866 demonstratum
3614 2821 3716 2865 est.

2124 2907 2229 2963 Sed
2252 2906 2606 2977 quamobrem
2638 2907 2818 2959 Aaron
2842 2902 3036 2959 etﬁliis
3065 2905 3203 2973 ejus.
3258 2919 3324 2958 ea
3384 2919 3516 2973 qua:
3566 2903 3715 2958 dicta

2122 3010 2273 3065 sunt,
2303 2994 2606 3068 deputavit,
2636 2996 2748 3051 illic
2775 2996 2921 3052 enim
2944 3003 3000 3050 et
3043 3010 3232 3051 eorum
3291 2995 3717 3050 distinctionem

432 3120 570 3179 pore
599 3101 892 3157 ministerii
920 3102 1176 3170 videlicet
1201 3111 1256 3157 et
1296 3102 1580 3167 doctrinae,
1635 3102 1703 3156 ab
1760 3104 1909 3158 omni
1933 3102 2016 3159 vi-
2041 3110 2087 3170 α
2127 3090 2410 3173 legislalor
2437 3089 2711 3159 exposuit,
2748 3088 2893 3158 ψιοά
2917 3088 2974 3142 bi
2999 3084 3219 3158 quidem
3242 3086 3335 3156 qui
3363 3088 3555 3141 Aaron
3585 3096 3715 3140 sunt

430 3195 678 3251 uolentia
712 3202 766 3248 et
811 3193 1076 3248 ebrietate
1112 3209 1171 3249 se
1201 3192 1460 3247 abstinet.
1515 3191 1777 3248 Similiter
1835 3201 2018 3248 autem

434 3298 498 3343 ut
529 3287 842 3342 sacerdotes
867 3285 921 3340 lii
951 3286 1042 3357 qui
1073 3286 1297 3341 student
1322 3285 1495 3357 legem
1528 3287 1872 3357 custodiunt,
1893 3303 2020 3357 pro-

433 3387 560 3450 pter
590 3377 870 3447 quodnon
903 3376 1079 3431 solum
1119 3376 1321 3440 Aaron,
1366 3376 1463 3433 sed
1492 3383 1549 3430 et
1582 3375 1707 3431 ﬁliis
1733 3376 1875 3447 ejus,
1923 3367 2019 3432 su;

435 3472 684 3526 blimiora
717 3467 1229 3537 videlicetadeptis,
1273 3468 1591 3522 mandatum
1646 3469 1751 3526 hoc
1773 3470 2013 3526 tradidit.

428 3560 643 3618 Similia
676 3569 861 3615 autem
898 3560 984 3615 bis
1015 3569 1067 3614 et
1089 3559 1289 3614 Paulus
1341 3559 1411 3615 ad
1451 3560 1722 3630 Ephesios
1776 3560 2014 3632 scripsit.

436 3652 618 3708 Nolite
643 3653 901 3707 inebriari
928 3652 1072 3713 vino,
1098 3652 1152 3703 in
1179 3668 1282 3721 quo
1310 3660 1406 3717 [est
1444 3652 1616 3706 omnis
1641 3651 1876 3716 luxuria,
1926 3654 2018 3707 sed

430 3732 605 3817 magis
637 3743 934 3815 implemini
959 3741 1165 3811 Spiritu
1205 3752 1389 3797 sancto
1413 3744 1497 3810 ’°;
1532 3743 1784 3798 hebetem
1815 3744 2017 3814 quippe

425 3838 670 3892 ebrietas
719 3844 962 3890 mentem
1027 3834 1227 3899 reddit,
1293 3847 1349 3890 et
1393 3835 1744 3891 sobrietatem
1791 3838 1909 3908 ejus
1959 3837 2014 3892 in

428 3928 679 3984 deterius
706 3929 890 3992 vertit,
926 3936 988 3982 ut
1013 3943 1126 3981 non
1171 3927 1546 3999 intelligantur
1579 3943 1701 3998 qua:
1758 3938 2012 4000 aguntur,

422 4018 558 4091 quae
585 4019 911 4087 testiﬁcatur
943 4018 1128 4093 Isaias,
1155 4018 1347 4073 dicens
1381 4035 1394 4071 :
1424 4018 1509 4077 Vae
1561 4020 1650 4090 qui
1701 4019 2016 4091 consurgitis

442 4127 601 4166 mane
620 4111 691 4164 ad
722 4110 1023 4164 ebrietatem
1061 4109 1386 4176 sectandam,
1413 4119 1461 4163 et
1515 4111 1802 4180 potandum
1857 4127 2016 4181 usque

422 4202 506 4256 ad
567 4218 855 4271 vesperum,
903 4213 959 4255 ut
997 4202 1117 4254 vino
1197 4201 1445 4254 testuetis.
1511 4199 1729 4255 Cithara
1791 4210 1838 4255 et
1875 4200 2011 4271 lyra,

425 4303 485 4347 et
516 4301 850 4362 tympanum,
880 4302 926 4345 et
947 4292 1100 4357 tibia,
1127 4300 1174 4344 et
1214 4292 1392 4344 vinum
1436 4291 1492 4343 in
1523 4292 1769 4346 conviviis
1807 4293 2011 4358 vestris,

425 4392 639 4452 etopus
686 4383 896 4436 Domini
956 4399 1059 4436 non
1116 4384 1392 4450 respicitis,
1445 4398 1536 4436 nec
1560 4399 1717 4452 opera
1760 4400 2013 4441 manuum

2121 3182 2239 3249 ﬁlii,
2270 3183 2400 3252 quid
2427 3190 2610 3237 autem
2638 3182 2759 3251 ipse
2791 3182 2972 3235 Aaron
3003 3180 3169 3235 habet
3191 3179 3557 3249 praecipuum.
3616 3178 3717 3235 Sa—

2121 3264 2388 3329 criﬁcium
2412 3272 2558 3345 enim
2597 3273 2741 3343 quod
2772 3273 3035 3328 remansit
3073 3273 3140 3327 de
3166 3270 3469 3338 oblatione,
3497 3275 3619 3329 sive
3647 3274 3714 3329 ab

2121 3367 2461 3422 holocaustis
2512 3365 2749 3429 Domini,
2802 3366 2905 3420 hoc
2935 3366 3093 3433 dixit,
3160 3367 3305 3436 quod
3341 3377 3608 3436 superest
3643 3367 3713 3423 de

2123 3461 2324 3517 simila.
2350 3461 2554 3530 Aperte
2575 3474 2704 3530 ergo
2743 3459 2938 3528 Aquila
2987 3458 3180 3521 edidit,
3211 3459 3445 3513 dicens:
3500 3458 3710 3513 Donum

2118 3554 2261 3625 quod
2278 3551 2538 3622 reliquum
2558 3561 2629 3604 est
2664 3553 2727 3604 de
2756 3550 3039 3621 frumento.
3093 3552 3268 3621 Hujus
3316 3551 3711 3621 interpretatio

2120 3655 2205 3701 est
2233 3663 2246 3698 :
2273 3645 2436 3713 etiam
2469 3644 2574 3697 hoc
2604 3643 2751 3712 quod
2772 3642 3049 3713 legislator
3093 3630 3358 3707 subdidit,
3391 3642 3473 3697 ait
3501 3644 3655 3697 enim
3689 3659 3705 3694 :

2193 3735 2536 3789 Etcomedite
2555 3733 3018 3805 absqucfermento
3036 3734 3196 3803 juxta
3242 3733 3433 3787 altare.
3486 3732 3703 3804 Ubique

2119 3825 2727 3895 doctrinamtheologiaa
2754 3824 2896 3879 hanc
2935 3822 3207 3894 signiﬁcat
3228 3822 3569 3878 sacriﬁcium
3630 3824 3700 3879 si-

2119 3919 2266 3975 milae
2296 3919 2417 3973 sine
2447 3918 2717 3972 fermento
2737 3926 3166 3986 csse,quantum
3221 3916 3289 3970 ad
3362 3919 3707 3973 exteriorem

2117 4011 2428 4066 doctrinam
2467 4011 2678 4075 volens,
2710 4009 2962 4069 similiter
3005 4010 3170 4065 etiam
3230 4010 3558 4073 ostendens,
3584 4012 3711 4082 quia

2122 4103 2456 4175 participatis
2477 4103 2724 4173 quaedam
2749 4101 2892 4172 apud
2919 4110 3021 4157 nos
3042 4109 3128 4156 est
3157 4101 3427 4172 theologia
3459 4119 3475 4155 :
3506 4103 3564 4157 in
3595 4119 3708 4159 οω-

2121 4196 2188 4251 lis
2216 4198 2421 4266 quippe
2452 4195 2573 4265 ejus
2601 4203 2686 4248 est
2715 4193 3023 4265 plenitudo.
3091 4192 3322 4263 Propter
3386 4195 3544 4263 quod
3608 4195 3709 4250 hoc

2118 4288 2263 4360 quod
2294 4287 2555 4344 remansit
2612 4285 2667 4340 id
2694 4294 2780 4340 est
2808 4286 2915 4359 hoc
2943 4287 3089 4355 quod
3144 4295 3422 4355 superest,
3492 4286 3707 4341 comedi

2120 4380 2398 4449 prmcepit,
2429 4387 2488 4433 ut
2510 4378 2763 4432 ostendat
2790 4374 3065 4432 summum
3115 4377 3259 4447 apud
3280 4392 3409 4430 eum
3436 4393 3586 4443 esse,
3622 4387 3706 4432 at-

427 4468 550 4539 cjus
582 4470 927 4523 consideratis
958 4470 1026 4522 ⁹¹.
1061 4467 1164 4534 Qui
1197 4481 1380 4524 autem
1433 4485 1598 4545 opera
1644 4471 1857 4525 Domini
1903 4489 2010 4527 non
2045 4444 2090 4515 ι)
2117 4489 2223 4543 que
2259 4470 2733 4541 servari.0portet
2752 4478 2934 4525 autem
2963 4486 3084 4539 eam
3136 4444 3346 4524 comedi
3412 4469 3575 4539 juxta
3630 4470 3707 4525 al-

430 4562 642 4628 vident,
676 4560 951 4629 quomodo
972 4556 1220 4615 dividere
1257 4560 1401 4615 inter
1441 4571 1627 4616 sancta
1684 4571 1738 4617 et
1766 4564 2012 4633 profana,

428 4663 529 4709 aut
569 4653 771 4707 munda
807 4661 864 4706 et
901 4652 1202 4717 immunda,
1226 4653 1310 4708 vel
1332 4650 1617 4724 quomodo
1637 4656 2014 4721 exbortari,et

440 4743 757 4800 illuminare
780 4743 1037 4814 p0pulum
1082 4743 1153 4798 de
1194 4741 1489 4816 Scripturis
1548 4748 1811 4816 possunt?
1858 4747 2013 4805 Unde

426 4838 536 4891 hoc
566 4835 881 4891 mandatum
910 4835 1200 4891 sublimius
1229 4836 1519 4913 ostendere
1542 4839 1792 4908 cupiens,
1829 4842 2007 4910 ipsum

428 4929 537 4983 hoc
561 4927 635 4983 ait
659 4929 902 4982 locutum
926 4928 1094 4983 fuisse
1118 4927 1426 4983 Dominum.
1444 4924 1549 4983 Sed
1573 4930 2014 5001 intende,qucm-

426 5021 719 5079 admodum
762 5033 863 5074 nec
925 5019 1028 5072 hoc
1068 5033 1098 5071 a
1149 5020 1490 5081 districtione
1534 5004 1725 5079 eorum
1781 5039 1903 5094 quae
1954 5024 2008 5097 in

429 5106 759 5166 Pentecoste
790 5108 908 5164 acta
942 5119 1090 5174 sunt,
1122 5102 1378 5163 alienum
1412 5098 1500 5165 sit.
1530 5111 1684 5178 Quod
1715 5098 1877 5168 enim'
1922 5115 2010 5187 bit;

428 5205 695 5273 praecepit
719 5219 827 5257 non
869 5202 1007 5265 ﬁeri,
1050 5199 1255 5287 factum
1306 5216 1429 5257 esse
1467 5206 1791 5281 quibusdam
1830 5182 2009 5279 susipi-

432 5294 706 5357 cantibus,
737 5293 953 5361 quando
986 5293 1224 5361 Spiritus
1275 5296 1442 5375 gratia
1473 5296 1711 5375 advenit,
1746 5308 1799 5351 et
1823 5298 2013 5354 dicen-

2118 4576 2250 4628 tare,
2290 4564 2344 4618 id
2367 4574 2451 4618 est
2481 4563 2684 4618 Christi
2708 4577 2931 4632 corpus,
2989 4578 3053 4616 ex
3083 4578 3149 4617 eo
3170 4561 3315 4617 enim
3346 4562 3515 4616 nobis
3546 4563 3702 4618 theo-

2119 4658 2257 4731 logia
2278 4657 2457 4729 omnis
2480 4654 2841 4711 ministratur.

2186 4747 2290 4803 Sed
2319 4749 2455 4819 quod
2482 4748 2737 4801 remansit
2769 4747 2832 4800 de
2852 4746 3030 4800 simila
3060 4746 3239 4800 Aaron
3265 4747 3365 4800 erit
3394 4758 3445 4800 et
3466 4748 3701 4815 ﬁliorum

2118 4839 2251 4909 ejus.
2280 4838 2408 4903 Quae
2433 4855 2552 4918 vero
2583 4838 2645 4892 de
2674 4837 2952 4906 sacriﬁciis
2985 4837 3329 4908 paciﬁcorum
3350 4840 3460 4892 sive
3491 4841 3702 4895 salttu-

2120 4932 2262 5009 ribugt
2296 4940 2417 4985 sunt
2452 4933 2629 4984 Aaron
2653 4939 2701 4984 et
2730 4931 2959 5000 ﬁliorum
2991 4930 3105 5000 ejus
3148 4946 3167 4983 :
3227 4931 3344 4985 sive
3397 4933 3701 4988 secundum

2118 5020 2258 5105 LXX
2285 5033 2331 5078 et
2360 5025 2539 5079 domui
2570 5025 2704 5092 eius,
2747 5023 2915 5077 omnis
2947 5023 3185 5077 uidelicet
3226 5022 3428 5093 populi.
3458 5022 3701 5079 Theolo-

2110 5108 2215 5188 igiae
2237 5116 2438 5186 quippe
2464 5115 2685 5168 studere
2709 5128 2820 5168 non
2844 5114 3088 5167 omnium
3110 5120 3215 5176 est,
3238 5113 3335 5168 sed
3357 5113 3699 5177 subl'umum,

2116 5218 2171 5262 et
2220 5206 2776 5277 appropinquantium
2835 5204 3092 5267 Domino,
3137 5215 3300 5275 atque
3351 5196 3550 5260 eorum
3613 5210 3697 5277 qui

2112 5305 2419 5365 sequuntur
2436 5295 2737 5375 Christum.
2763 5293 3034 5365 Consequi
3066 5302 3246 5375 autem
3298 5309 3420 5363 quae
3471 5295 3545 5360 ad
3600 5311 3695 5366 pa-

431 5380 597 5437 tibus.
631 5378 769 5447 Quia
791 5395 959 5436 musto
986 5368 1376 5453 plcnisunt‘hi,
1409 5372 1600 5465 Petrus
1655 5370 1714 5445 ut
1768 5390 2012 5460 probibi—
2110 5389 2289 5455 ciﬁca,
2327 5404 2421 5444 seu
2460 5372 2695 5465 salutem
2750 5384 3049 5459 pertinent,
3098 5368 3261 5460 totius
3310 5386 3488 5458 plebis
3549 5397 3689 5453 sunt,

432 5478 547 5526 tum
579 5473 821 5541 negavit,
852 5472 1086 5529 dicens:
1137 5477 1253 5531 Non
1272 5479 1406 5531 enim
1454 5478 1588 5531 sicut
1642 5496 1730 5533 vos
1776 5482 2013 5551 suspica-

432 5564 584 5630 miui,
616 5565 670 5617 hi
688 5564 818 5619 ebrii
846 5577 989 5634 sunt,
1019 5586 1131 5622 cum
1154 5571 1220 5623 sit
1286 5573 1413 5623 liora
1459 5569 1562 5622 diei
1598 5571 1751 5624 tertia
1784 5571 1851 5624 ”.
1879 5570 2009 5625 Illud

2112 5497 2232 5559 qua:
2266 5483 2461 5551 domus
2488 5478 2841 5555 intelligibilis
2879 5478 3175 5546 sacerdotis
3212 5478 3553 5546 nominatur.
3602 5477 3688 5534 Est

2111 5580 2292 5625 autem
2322 5569 2585 5634 Ecclesia,
2620 5571 2688 5625 de
2716 5586 2820 5639 qua
2853 5578 2908 5623 et
2932 5567 3133 5624 Paulus
3162 5568 3296 5624 dixit
3323 5589 3336 5624 :
3382 5569 3454 5624 In
3496 5588 3685 5644 magna

504 5737 605 5840 ἐἰ
645 5738 806 5797 toan.
840 5756 905 5811 ιι,
954 5742 1045 5797 ετ.
1121 5741 1165 5775 σε
1197 5741 1381 5816 |_Tim.
1412 5744 1577 5811 κυεῖ».
1651 5745 1696 5777 σο
1729 5726 1929 5815 Ephes.
1965 5762 2017 5814 γ,

2129 5784 2143 5798 .
2222 5748 2261 5777 ⁹¹
2288 5745 2426 5800 I’sal.
2460 5764 2512 5814 γ,
2554 5745 2638 5811 ll,
2669 5743 2755 5801 I2.
2834 5744 2880 5778 θ’
2907 5745 3030 5801 Act.
3056 5743 3229 5815 n,15.
