3886 6306
1843 195 1984 212 νι-υ-ἠ

431 316 540 387 903

1628 303 1989 374 HESYCHII
2031 306 2506 372 PRESBYTER!

3599 287 3716 358 901

433 435 650 507 phemia
696 432 1093 489 abst-ineamus.
1151 427 1528 483 Gloriﬁremns
1577 436 1762 480 autem
1833 425 2008 480 solum
2041 434 2086 490 Α
2117 423 2358 496 Spiritus
2381 419 2576 485 sancti,
2599 431 2748 473 nunc
2775 425 2831 472 et
2853 429 3094 487 semper,
3127 422 3182 469 et
3211 409 3268 468 in
3297 409 3508 469 secula
3528 424 3715 468 sacu-

431 529 710 584 viventem
726 541 920 582 verum
953 527 1146 585 Deum,
1167 534 1228 576 et
1253 536 1452 576 nomen
1479 519 1673 584 Patris,
1707 528 1762 574 et
1784 518 1924 586 Filii,
1958 526 2015 574 et

2119 517 2320 572 lorum.
2352 515 2546 568 Amen.

1169 707 3698 734 *Μ*

1507 881 1942 973 LIBER
2012 880 2689 974 TERTIUS.

1001 1254 1459 1321 PREFATIO.

424 1398 434 1406 .
507 1355 974 1423 Quemadmodum
1005 1355 1151 1410 Deus
1180 1368 1292 1408 non
1334 1351 1538 1407 frustra
1591 1357 1896 1406 creaturam
1923 1361 2022 1402 va-

438 1449 632 1502 rietate
657 1447 966 1516 complevit,
991 1445 1088 1501 sed
1123 1455 1184 1500 ut
1213 1460 1279 1500 ex
1331 1442 1639 1499 differentia
1693 1438 2026 1496 conditionis

438 1553 541 1593 nos
569 1537 910 1607 disciplinam
941 1534 1190 1599 artiﬁcis,
1215 1543 1272 1590 et
1322 1535 1445 1604 quis
1490 1533 1561 1586 sit
1604 1531 2021 1601 conjiceremus.

438 1627 572 1683 Nam
587 1629 678 1697 qui
694 1628 861 1682 caelos
874 1627 1183 1690 intendunt,
1200 1640 1268 1679 ex
1282 1625 1542 1680 varietate
1557 1631 1828 1676 astrorum
1846 1618 2018 1673 maxi-

439 1678 805 1770 mum‘eorum
833 1715 1120 1778 artiﬁcem,
1149 1723 1314 1783 atque
1339 1713 1677 1766 conditorem
1708 1708 2021 1778 intelligunt
2051 1678 2094 1733 Β

441 1807 636 1861 Deum.
671 1807 776 1862 Sed
814 1817 867 1862 et
899 1807 990 1877 qui
1024 1815 1225 1861 terram
1250 1804 1622 1864 considerant.
1654 1817 1724 1857 ex
1749 1799 2022 1856 differenti

439 1899 729 1968 positionis
756 1903 875 1969 ejus
910 1898 1126 1963 habitu,
1158 1897 1212 1952 id
1235 1905 1322 1951 est
1351 1910 1416 1950 ex
1451 1894 1790 1957 animalium,
1814 1891 2023 1963 virgul-

445 2000 739 2058 torumque
762 1989 1122 2050 etseminum,
1145 1987 1402 2057 omnique
1424 1987 1542 2056 ejus
1561 1984 1871 2042 diﬁ'erentia
1895 1998 2021 2037 eum

439 2091 794 2151 cognoscunt.
835 2079 942 2134 Sed
973 2089 1030 2134 et
1058 2079 1114 2132 hi
1143 2079 1236 2149 qui
1294 2077 1362 2133 ad
1393 2078 1715 2132 immensam
1759 2089 2021 2146 aquarum

439 2170 791 2224 diﬁusionem
827 2168 1169 2224 transferunt
1193 2169 1365 2235 visus,
1407 2185 1474 2224 ex
1504 2166 1794 2238 spirituum
1819 2181 1918 2236 per
1945 2165 2027 2220 di-

441 2275 599 2315 versa
632 2262 988 2330 proveniente
1020 2268 1194 2326 motu,
1233 2260 1536 2314 insularum
1578 2272 1816 2328 quoque,
1871 2263 2025 2312 ceto-

441 2368 672 2421 rumque
701 2353 1095 2424 magnitudine,
1120 2362 1177 2407 et
1204 2353 1459 2406 distantia
1489 2353 1741 2421 pisi-ium,
1767 2351 2024 2406 innume-

444 2445 804 2514 rabiliumque
839 2459 1099 2516 generum
1133 2444 1377 2508 natione,
1409 2441 1580 2496 Deum
1619 2457 1740 2496 esse
1760 2441 2023 2496 factorem

444 2537 606 2605 hujus
633 2537 799 2591 etiam
834 2537 1062 2592 visibilis
1095 2535 1343 2590 sentiunt
1383 2545 1648 2588 creaturae
1685 2550 1698 2586 :
1738 2533 1830 2586 Sic
1861 2531 2023 2586 etiam

444 2631 616 2701 legum
645 2639 803 2684 ornat
825 2630 1078 2684 omnibus
1105 2630 1415 2700 praceptis,
1447 2629 1756 2699 producens
1774 2628 2027 2683 videlicet

447 2723 746 2786 hominem,
795 2729 850 2774 et
892 2737 1043 2774 nunc
1103 2721 1158 2774 in
1205 2721 1593 2774 sacriﬁciorum
1637 2719 2024 2785 oblationibus,

446 2827 595 2866 nunc
625 2821 805 2865 autem
840 2812 892 2863 in
919 2811 1162 2864 ciborum
1210 2812 1556 2874 abstinentia,
1592 2828 1738 2865 nunc
1763 2813 1926 2866 etiam
1972 2811 2028 2865 in

446 2903 733 2956 curatione
755 2901 1118 2970 corporalium
1152 2903 1463 2956 morborum
1498 2891 1790 2972 aliquando
1844 2913 2027 2956 autem

2119 1250 2228 1308 hoc
2283 1248 2428 1321 quod
2487 1247 2831 1307 immundum
2886 1254 2993 1312 est,
3050 1254 3253 1318 potest.
3293 1242 3459 1299 Nunc
3507 1251 3712 1308 autem,

2121 1355 2378 1416 tanquam
2400 1343 2603 1398 oblitus
2631 1356 2797 1412 quam
2819 1340 2888 1395 de
2918 1341 2999 1395 eis
3024 1339 3326 1410 protulerat
3353 1335 3712 1400 sententiam,

2120 1438 2366 1508 quaedam
2397 1437 2618 1507 quidem
2668 1431 2988 1488 animalium
3020 1431 3247 1499 munda,
3283 1429 3546 1500 quedam
3581 1428 3712 1482 dixit

2121 1529 2423 1584 immunda.
2460 1526 2600 1598 Ergo
2625 1525 2872 1596 quadam
2911 1533 3076 1578 erunt
3101 1521 3266 1587 bona,
3291 1520 3553 1593 quadam
3609 1533 3712 1574 non

2120 1615 2286 1673 bona.
2319 1618 2423 1673 Sed
2460 1632 2570 1672 non
2602 1616 2807 1681 estita,
2840 1630 2967 1670 nam
2994 1613 3100 1668 etsi
3127 1612 3195 1667 ad
3233 1611 3522 1666 modicum
3552 1608 3712 1666 casti-

2123 1726 2250 1782 gare
2269 1708 2584 1766 Judaeorum
2614 1707 3064 1780 γαστριμαργίαν
3093 1705 3332 1766 volebat,
3366 1711 3560 1757 tamen
3592 1717 3716 1754 vers

2125 1802 2257 1870 legis
2294 1800 2664 1856 consideratio
2701 1797 2989 1853 manifesta
3016 1805 3121 1862 est,
3154 1804 3210 1849 et
3235 1790 3548 1862 spiritualis
3579 1806 3717 1860 pra-

2124 1901 2405 1963 ceptorum
2449 1891 2740 1961 expositio.
2802 1887 3109 1958 Qualcsque
3160 1893 3379 1956 Oportet
3437 1899 3572 1938 esse
3616 1882 3716 1952 legi

2124 1985 2364 2040 studium
2390 1985 2604 2047 dantes,
2631 1983 2849 2039 docenti
2870 1981 3231 2036 intentionem
3282 1977 3574 2049 legislator
3623 1976 3716 2030 ba-

2124 2077 2238 2132 bet.
2263 2076 2316 2132 Si
2350 2077 2492 2130 enim
2517 2093 2620 2130 non
2645 2077 2698 2129 in
2723 2074 2834 2129 solo
2860 2089 2996 2143 pane
3022 2073 3144 2126 vivit
3174 2073 3348 2134 homo,
3373 2070 3468 2124 sed
3496 2070 3555 2122 in
3582 2069 3717 2122 omni

2125 2176 2280 2222 verbo
2309 2170 2449 2240 quod
2471 2169 2704 2238 procedit
2737 2167 2800 2220 de
2827 2182 2918 2220 ore
2943 2165 3039 2220 Dei
3067 2164 3111 2227 ⁸.
3150 2163 3294 2218 sicut
3341 2162 3510 2232 panis
3542 2160 3714 2214 nutri-

2125 2268 2371 2313 mentum
2402 2267 2487 2314 est
2512 2257 2779 2327 corporis,
2811 2257 2892 2312 sic
2945 2265 3000 2310 et
3051 2254 3132 2310 lex
3165 2254 3259 2308 Dei
3309 2253 3714 2309 nutrimentum

2127 2358 2214 2405 est
2241 2350 2456 2412 animae,
2483 2357 2671 2419 utpote
2696 2346 2976 2402 rationalis
3009 2345 3260 2400 rationali
3283 2343 3462 2399 virtus
3500 2357 3560 2398 et
3592 2345 3718 2398 sub-

2127 2442 2399 2498 sistentia.
2432 2439 2499 2495 Et
2530 2442 2674 2496 sicut
2705 2440 2759 2494 in
2795 2439 3176 2510 superioribus
3203 2455 3270 2494 ex
3303 2437 3392 2493 bis
3439 2453 3570 2507 qua:
3625 2436 3718 2489 itu-

2127 2534 2424 2598 molantur,
2453 2532 2647 2604 ﬁgurat
2667 2547 2761 2586 eos
2785 2531 2881 2602 qui
2913 2529 3174 2594 oﬁ‘erunt,
3218 2545 3317 2600 per
3346 2544 3517 2583 ovem
3551 2528 3718 2598 signi-

2130 2626 2300 2680 ﬁcans
2332 2624 2652 2694 simplicem,
2679 2639 2775 2694 per
2796 2623 3028 2679 vitulum
3063 2623 3454 2677 mandatorum
3516 2638 3714 2692 opera-

2131 2727 2330 2781 torem,
2353 2731 2451 2787 per
2485 2715 2702 2771 haedum
2733 2731 2862 2770 vero
2884 2716 3262 2785 ptenitentem,
3285 2715 3366 2769 sic
3377 2714 3556 2769 etiam
3579 2728 3718 2768 nunc

2132 2809 2399 2880 signiﬁcat
2430 2823 2527 2878 per
2556 2807 2833 2874 animalia,
2866 2823 2960 2863 eos
3004 2807 3098 2878 qui
3135 2807 3218 2862 eis
3259 2815 3602 2871 vescuntur;
3649 2807 3722 2860 ait

2130 2917 2277 2956 eltlln
2307 2917 2384 2956 SlC
2405 2918 2418 2953 Ζ

447 3003 507 3048 et
535 2995 586 3046 in
616 2993 938 3062 quibusdam
969 2995 1364 3057 contractibus,
1398 2993 1584 3060 quales
1597 3009 1720 3047 esse
1742 2995 1944 3049 debent
1971 2994 2029 3048 hi
2057 3023 2099 3080 ε
2205 2992 2430 3046 Locutus
2455 3002 2529 3046 est
2564 2992 2816 3047 Dominus
2851 2992 2921 3045 ad
2948 2989 3163 3061 Moysen
3193 3000 3242 3044 et
3266 2990 3448 3045 Aaron
3491 2991 3677 3046 dicens
3703 3006 3725 3047 :

451 3084 542 3154 qui
567 3099 781 3153 semper
805 3085 990 3137 volunt
1016 3100 1138 3139 esse
1192 3101 1315 3139 cum
1374 3085 1505 3148 Deo,
1564 3085 1837 3154 praecepit.
1890 3085 2030 3154 Ergo

449 3173 560 3243 jam
589 3173 653 3227 ad
679 3173 793 3242 ipsa
825 3174 958 3244 legis
989 3175 1154 3228 verba
1181 3174 1490 3229 veniamus.

1065 3324 1293 3380 CAPUT
1337 3324 1429 3379 XI.

523 3457 813 3511 νῖκαί-8.
856 3475 875 3509 ‹
911 3457 1152 3511 Locutus
1183 3467 1268 3512 est
1303 3457 1568 3513 Dominus
1610 3458 1678 3514 ad
1724 3457 1943 3530 Moysen
1980 3468 2038 3514 et

455 3547 633 3604 Aaron
649 3548 839 3602 dicens
863 3566 876 3600 :
904 3549 1073 3603 Dicite
1105 3550 1229 3603 ﬁliis
1258 3550 1423 3604 Israel
1450 3551 1612 3605 :Haac
1641 3560 1768 3606 sunt
1783 3551 2034 3604 animalia

455 3657 572 3709 qua:
608 3641 894 3694 comedere
927 3641 1138 3695 debetis
1157 3641 1222 3694 de
1245 3641 1839 3696 cunctisanimantibus
1857 3651 2034 3696 terrae.

455 3732 630 3787 Omne
681 3733 825 3801 quod
877 3732 1041 3787 habet
1081 3732 1308 3786 divisam
1336 3733 1691 3804 ungulam,et
1718 3733 1958 3787 ruminat
1982 3733 2035 3784 in

458 3825 772 3894 pecoribus.
811 3824 1110 3878 comedetis
1145 3842 1157 3877 ε
1191 3823 1456 3894 quidquid
1483 3832 1665 3878 autem
1698 3823 1958 3888 ruminat,
1985 3831 2040 3878 et

455 3915 624 3970 habet
653 3917 929 3986 ungulam,
956 3917 1052 3971 sed
1075 3933 1184 3970 non
1216 3917 1410 3972 dividit
1439 3931 1583 3980 eam,
1613 3915 1755 3971 sicut
1777 3915 2035 3977 camelus.

459 4017 516 4062 ct
532 4017 748 4072 caetera,
779 4019 890 4063 nan
907 4009 1212 4064 comedetis
1235 4010 1388 4075 illud,
1410 4009 1553 4073 inter
1575 4008 1853 4063 immunda
1873 4023 2038 4077 repu-

459 4100 665 4154 tabitis.
689 4100 1082 4171 Cbirogryllus.
1109 4099 1203 4170 qui
1237 4101 1498 4165 ruminat,
1531 4100 1898 4169 ungulamque
1927 4114 2038 4152 non

457 4191 674 4254 dividit,
707 4191 1020 4247 immundus
1047 4201 1153 4246 est.
1191 4191 1370 4262 Lepus
1401 4208 1637 4261 quoque,
1674 4205 1799 4244 nam
1827 4199 1882 4244 et
1922 4190 2039 4260 ipse

462 4283 719 4344 ruminat,
751 4284 843 4336 sed
869 4283 1124 4352 ungulam
1151 4297 1260 4335 non
1284 4282 1482 4336 dividit
1517 4301 1528 4334 :
1575 4290 1629 4335 et
1666 4296 1759 4335 sus
1786 4280 1878 4350 qui
1911 4295 2036 4335 cum

2133 3081 2305 3136 Dicite
2332 3083 2459 3150 ﬁliis
2503 3083 2719 3137 Israel:
2751 3083 2879 3137 Haec
2921 3092 3042 3137 sunt
3086 3082 3346 3136 animalia
3381 3098 3505 3152 quae
3549 3099 3726 3137 conse-

2133 3176 2265 3238 dere
2283 3176 2475 3228 debetis
2495 3176 2556 3229 de
2571 3177 2766 3230 cunctis
2793 3175 3152 3229 animalibus
3199 3184 3372 3230 terra.
3403 3175 3731 3231 Communis

2133 3276 2218 3321 est
2252 3267 2356 3328 lex,
2386 3268 2701 3322 mandatum
2730 3267 2838 3324 hoc
2861 3268 2928 3323 ad
2954 3283 3146 3324 omnes
3159 3268 3421 3338 pertinet.
3447 3269 3731 3338 totiusque

2135 3360 2322 3430 populi
2359 3369 2443 3415 est
2461 3360 2801 3430 justiﬁcatio.
2818 3360 2990 3432 Loqui
3021 3361 3168 3416 enim
3197 3361 3322 3415 ﬁliis
3347 3361 3548 3425 Israel.
3577 3363 3729 3416 omni

2135 3451 2392 3506 videlicet
2436 3453 2659 3523 populo,
2692 3456 2973 3525 pracepit.
3035 3453 3177 3520 Quid
3213 3463 3402 3509 autem
3459 3455 3732 3524 pracepit

2137 3543 2281 3613 loqui
2303 3545 2326 3598 ?

2209 3635 2332 3690 Haec
2351 3646 2473 3690 sunt
2501 3637 2761 3691 animalia
2781 3653 2902 3707 qua:
2935 3638 3204 3692 comedere
3230 3637 3448 3702 debetis,
3481 3638 3552 3692 de
3599 3654 3728 3691 cnu-

2139 3730 2235 3782 ctis
2264 3730 2627 3784 animantibus
2653 3739 2831 3785 terrae.
2850 3730 3201 3801 Nequaquam
3244 3739 3433 3784 autem
3488 3730 3726 3792 diceret,

2139 3819 2207 3873 de
2264 3821 2638 3876 animantibus
2694 3829 2876 3888 terra,
2930 3822 3041 3876 nisi
3099 3821 3462 3876 intentionem
3495 3821 3728 3876 haberet

2139 3911 2207 3965 ab
2256 3912 2584 3968 animalibus
2622 3913 2938 3969 coelestibus
2982 3913 3349 3984 distinguendi
3389 3931 3405 3968 :
3443 3913 3518 3968 ibi
3583 3915 3726 3968 enim

2139 4002 2314 4056 leonis
2363 4017 2486 4057 esse.
2531 4002 2762 4069 vultum,
2795 4012 2853 4058 et
2890 4004 3067 4067 vituli,
3117 4013 3174 4057 et
3222 4003 3440 4072 aquilae,
3481 4003 3634 4057 sicut
3677 4013 3730 4058 et

2141 4093 2402 4157 hominis,
2439 4095 2568 4149 dum
2608 4095 2859 4150 Ezechiel
2882 4100 2903 4130 ⁸
2934 4095 3188 4149 animalia
3220 4094 3509 4150 Cherubin
3537 4096 3725 4158 tradit,

2140 4185 2379 4241 edocuit.
2410 4184 2551 4256 Ergo
2581 4186 2634 4239 in
2662 4185 2976 4240 cmlestibus
3005 4185 3332 4239 animalibus
3351 4185 3613 4240 custodia
3637 4194 3725 4238 aut

2141 4277 2245 4331 alia
2275 4277 2767 4347 circumspectione
2793 4293 2904 4332 non
2931 4291 3176 4346 egemus.
3217 4284 3279 4330 ut
3323 4291 3725 4348 cognoscamus

461 4375 719 4444 ungulam
749 4374 974 4438 dividat,
1006 4389 1115 4426 non
1141 4373 1377 4427 ruminat
1397 4391 1411 4427 :
1432 4373 1625 4426 horum
1655 4372 1913 4427 carnibus
1926 4385 2037 4426 non
2069 4359 2117 4418 D
2142 4384 2262 4439 qua:
2288 4369 2399 4424 sint
2418 4368 2643 4422 munda.
2674 4365 2871 4423 Omnia
2900 4367 3050 4423 enim
3095 4367 3349 4422 similiter
3399 4368 3614 4422 munda
3673 4377 3725 4422 et

462 4466 784 4527 vescemini.
807 4481 910 4518 nec
933 4465 1196 4518 cadavera
1233 4462 1561 4534 contingetis
1589 4462 1716 4532 quia
1755 4461 2034 4517 immunda

460 4567 594 4614 sunt
619 4558 790 4613 vobis.
829 4576 848 4608 ο

543 4649 666 4704 Haec
729 4649 797 4704 de
826 4648 1024 4719 quibus
1068 4663 1214 4704 nunc
1250 4662 1428 4702 sermo
1459 4655 1564 4713 est,
1607 4646 1675 4701 ad
1703 4645 1820 4716 ipsa
1855 4643 2037 4700 divina

463 4741 676 4811 eloquia
715 4742 1005 4795 maximam
1043 4741 1296 4796 videntur
1343 4739 1547 4794 habere
1575 4737 2040 4800 contrarietatem,

463 4834 556 4905 qui
589 4833 730 4886 enim
767 4833 876 4887 Noe
905 4833 1086 4888 dixit:
1117 4832 1280 4890 Omne
1330 4831 1467 4899 quod
1515 4839 1753 4886 movetur
1802 4837 1850 4884 et
1898 4829 2044 4893 vivit,

462 4929 568 4981 erit
619 4927 758 4980 vobis
793 4928 848 4979 in
885 4926 1055 4980 cibum
1092 4943 1108 4978 :
1142 4935 1190 4978 et
1218 4925 1370 4996 quasi
1401 4923 1544 4978 olera
1593 4922 1818 4977 virentia
1850 4921 2048 4976 tradidi

471 5019 612 5072 vobis
641 5019 817 5071 omnia
851 5019 866 5049 ⁸
897 5033 910 5069 :
945 5017 1222 5086 quomodo
1247 5031 1393 5070 nunc
1444 5015 1691 5087 quadam
1734 5015 1947 5071 comedi
1979 5015 2048 5070 de

471 5110 578 5172 his,
604 5127 724 5179 qua:
751 5111 899 5179 prius
931 5122 1191 5161 concessa
1228 5115 1374 5171 sunt,
1408 5107 1730 5176 prohibuit?
1757 5106 2043 5172 Quomodo

472 5203 660 5264 etiam,
713 5201 932 5270 quando
982 5197 1212 5252 faciebat
1264 5197 1464 5252 bestias
1529 5207 1687 5252 terrae
1743 5196 2042 5252 secundum

460 5285 647 5362 genus
680 5307 860 5354 suum,
895 5300 949 5344 et
981 5305 1199 5360 pecora,
1233 5299 1289 5343 et
1320 5288 1552 5357 reptilia,
1587 5287 1790 5342 dictum
1816 5295 1899 5342 est
1930 5305 1942 5341 :
1976 5285 2047 5340 Et

478 5379 606 5432 vidit
643 5379 778 5433 Deus
809 5380 948 5451 quod
976 5389 1139 5432 essent
1186 5379 1321 5431 bona
1361 5380 1403 5440 ⁸,
1429 5384 1486 5431 et
1516 5392 1705 5431 rursus
1744 5391 1762 5431 :
1813 5375 2049 5447 Viditqus

479 5468 617 5522 Deus
648 5479 835 5522 cuncta
863 5485 978 5540 qua:
1002 5469 1141 5539 fecit,
1168 5478 1217 5522 et
1251 5477 1400 5521 erant
1432 5467 1584 5522 valde
1631 5467 1832 5522 bona"!
1861 5466 2049 5522 Nulla-

481 5569 642 5615 tenus
704 5569 884 5615 autem
947 5575 1067 5616 esse
1116 5561 1320 5615 bonum
1350 5600 1365 5622 ,
1440 5560 1674 5615 maxime
1744 5566 1800 5615 et
1871 5558 2046 5626 valde,

545 5701 559 5730 ⁸
585 5707 716 5761 Cen.
770 5719 842 5764 Ix,
876 5706 930 5757 5.
1009 5707 1028 5735 ⁹
1057 5703 1198 5758 Gen.
1232 5720 1276 5768 ι,⁴
1305 5703 1369 5759 l0
1401 5712 1449 5758 et
1476 5703 1628 5760 alibi.
1703 5705 1724 5738 ³
1753 5699 1888 5760 ibid.
1915 5702 2004 5758 3|.

2141 4471 2326 4516 sancta
2364 4469 2511 4523 sunt,
2549 4459 2688 4514 sicut
2709 4469 2899 4515 sancto
2928 4458 3061 4522 Deo.
3085 4469 3142 4514 et
3169 4475 3264 4515 eos
3290 4459 3385 4529 qui
3412 4459 3469 4513 in
3492 4461 3724 4515 circuitu

2142 4552 2262 4623 ejus
2285 4561 2418 4607 sunt
2449 4551 2755 4607 sanctiﬁcat
2782 4553 3039 4608 astantis.
3070 4551 3254 4607 Terrae
3279 4566 3412 4607 vero
3469 4553 3725 4606 animalia

2143 4663 2256 4702 non
2285 4648 2467 4701 omnia
2493 4654 2621 4700 sunt
2648 4646 2871 4711 munda,
2912 4661 3023 4700 non
3058 4655 3279 4716 propter
3317 4655 3605 4708 naturam,
3636 4645 3722 4700 sed

2143 4747 2370 4810 propter
2415 4746 2664 4793 nostrum
2707 4753 2990 4793 excessum
3013 4746 3064 4793 et
3107 4739 3235 4808 quia
3260 4753 3360 4809 per
3380 4738 3722 4810 iniquitatem

2143 4839 2395 4886 naturam
2426 4828 2864 4902 depravavimus.
2902 4829 3012 4886 Sed
3065 4829 3532 4901 quemadmodum
3569 4845 3726 4886 multo

2145 4924 2333 4980 ditiam
2353 4939 2542 4979 eorum
2560 4939 2973 4996 cognoscamus,
2992 4924 3079 4979 vel
3100 4923 3528 4990 immunditiam,
3545 4939 3618 4981 ex
3650 4925 3730 4978 his

2147 5030 2268 5086 quae
2295 5024 2601 5086 sequuntur
2624 5015 2946 5071 intuendum
2981 5025 3087 5072 est.

2221 5106 2389 5163 Omne
2413 5109 2549 5172 quod
2580 5107 2733 5162 habet
2757 5108 2981 5163 divisam
3008 5108 3283 5181 ungulam,
3313 5118 3362 5164 es
3409 5108 3654 5164 ruminat
3683 5109 3726 5160 is

2151 5199 2448 5269 pecoribus,
2473 5200 2772 5256 comedetis.
2801 5198 3146 5256 Animalibus
3185 5201 3421 5256 maxime
3451 5202 3638 5256 virtus
3676 5199 3723 5253 is

2155 5292 2429 5363 unguibus
2457 5306 2582 5348 esse
2631 5293 2893 5358 creditur,
2937 5307 3069 5364 qua
3119 5294 3289 5349 etiam
3345 5294 3723 5364 cognationes

2155 5379 2357 5436 habent
2385 5396 2509 5436 cum
2542 5380 2817 5438 dentibus.
2854 5380 3124 5452 Unguium
3183 5381 3450 5454 siquidem
3505 5391 3617 5448 est,
3667 5394 3723 5434 es

2156 5470 2474 5540 discerpere
2507 5486 2630 5542 qua:
2679 5479 2804 5542 apta
2833 5473 2951 5527 esui
3003 5487 3102 5544 per
3139 5473 3334 5530 dentes
3364 5471 3528 5537 ﬁunt,
3584 5467 3722 5542 quod

2158 5573 2454 5633 utrumque
2482 5564 2642 5620 nobis
2694 5564 2884 5620 Daniel
2919 5564 3102 5628 tradit,
3135 5563 3357 5636 quando
3410 5563 3554 5622 forte
3597 5577 3720 5634 pro-

2083 5705 2104 5738 δ
2128 5703 2319 5769 blattis.
2372 5723 2446 5772 tv,
2478 5706 2533 5761 4.
2608 5709 2629 5740 ³
2660 5707 2854 5764 Ezeelt.
2878 5722 2916 5773 t,
2951 5706 2972 5760 l
3013 5722 3164 5780 seqq.
