3886 6306
199 261 308 328 905

1344 251 1425 320 IN
1463 258 1985 320 LEVITICUM.-
2017 258 2162 320 LIB.
2204 259 2319 320 III.

3351 265 3455 332 905

200 387 410 442 ponens
438 389 684 445 regnum,
722 373 854 430 dicit
880 393 895 428 ;
939 373 1261 440 Aspiciebam
1292 373 1346 426 iu
1371 371 1566 426 visione
1595 371 1779 434 noctis,
1815 381 1852 433 Α
1886 369 2064 439 erqui
2095 367 2336 439 leporem
2369 369 2680 434 comedunt,
2701 379 2753 426 et
2781 371 2872 442 qui
2901 371 3284 445 υὶιὶιηοειδιι..ιη
3321 395 3332 431 :
3361 391 3456 432 ru-

201 471 254 515 et
277 480 390 517 ecce
427 465 590 518 bestia
633 475 825 536 quarta
873 463 1154 526 terribilis;
1188 475 1346 534 atque
1392 461 1673 527 mirabilis,
1733 473 1780 516 et

203 556 353 626 {ortis
375 555 567 619 nimis;
600 562 779 611 dentes
793 557 988 627 ferreos
1005 557 1224 610 habebat
1255 571 1492 626 magnos,
1514 558 1782 608 comedens

204 663 362 722 atque
389 651 768 716 comminueus,
805 661 854 705 et
904 647 1106 721 reliqua
1145 651 1359 720 pedibus
1413 651 1520 704 suis
1571 646 1780 700 concul-

205 760 331 798 cans
355 745 396 798 ‘.
433 743 790 814 Septuaginta
825 752 1008 798 auttm
1073 742 1368 813 specialius
1407 740 1638 796 dicunt:
1677 739 1782 795 (Ju-

203 851 330 904 gues
354 835 428 888 eis
449 835 594 888 terei.
628 833 762 899 Quia
789 849 918 905 ergo
936 835 1006 888 ita
1029 843 1128 898 cst,
1167 833 1392 902 ﬁgurate
1424 832 1780 896 demonstrat,

203 926 296 996 qui
325 927 434 980 sint
463 926 553 996 qui
591 939 650 980 se
681 925 746 978 ad
785 925 1194 980 meditationem
1228 926 1562 979 devoverant
1627 924 1780 994 legis,

205 1024 388 1070 utrum
429 1013 616 1068 llllll‘ldl
675 1030 742 1067 an
773 1013 1039 1068 immundi
1077 1030 1090 1064 :
1133 1013 1408 1066 ruminare
1456 1011 1604 1064 enim
1667 1025 1781 1072 eos,

205 1116 262 1162 et
289 1105 532 1161 dividere
558 1106 810 1176 ungulam
850 1105 1126 1174 prmcepit.
1175 1103 1265 1156 llla
1317 1113 1498 1157 autem
1530 1101 1783 1156 animalia

204 1198 463 1268 ungulam
511 1197 756 1259 ﬁndunt,
809 1213 1148 1266 quaecunque
1212 1210 1448 1266 unguem
1501 1212 1670 1267 usque
1719 1197 1784 1250 ad

207 1293 381 1364 ipsum
407 1291 715 1345 inferiorem
745 1290 995 1345 dividunt
1019 1290 1239 1359 pellem.
1291 1288 1432 1359 Ergo
1465 1289 1552 1343 ille
1585 1295 1783 1344 mnu-xta

205 1383 462 1437 animalia
493 1381 747 1446 eomedit,
785 1380 877 1449 qui
912 1395 1020 1433 non
1057 1378 1230 1432 solum
1264 1379 1559 1433 meditatur
1587 1379 1783 1450 legem,

206 1477 304 1532 sed
331 1484 384 1530 et
418 1475 674 1536 ruminat,
707 1472 760 1526 id
799 1479 884 1526 est
913 1471 1206 1534 recoufert,
1233 1479 1290 1523 et
1327 1479 1540 1524 eructat
1571 1472 1786 1526 actione

205 1577 372 1636 atque
399 1565 676 1635 operibus.
711 1562 986 1618 Eructatio
1044 1563 1189 1616 enim
1252 1561 1542 1616 verborum
1582 1563 1696 1625 Dei,
1731 1572 1786 1617 et

208 1655 504 1711 ruminatio
563 1653 939 1707 mandatorum
987 1662 1070 1707 est
1115 1660 1168 1707 et
1212 1652 1531 1707 exsecutio:
1569 1661 1788 1722 preptrr

208 1747 352 1816 quod
387 1746 511 1800 audi
545 1743 708 1797 David
740 1745 1011 1798 dicentem
1068 1759 1082 1796 :

209 1839 422 1894 verbum
447 1839 659 1902 bonum,
696 1839 813 1891 dico
851 1852 942 1907 ego
992 1852 1152 1904 opera
1200 1853 1315 1890 mea
1357 1837 1468 1906 regi
1498 1837 1540 1892 ⁷.
1577 1837 1655 1889 Ad
1689 1837 1786 1890 de-

211 1931 609 1986 nuntiationem
641 1945 828 1984 eorum
856 1944 974 1997 quae
1029 1936 1356 1982 consecutus
1412 1936 1496 1982 est
1534 1943 1785 1997 operum,

213 2023 355 2077 hanc
398 2019 792 2075 eruetationem
838 1999 1128 2072 bonorum.
1164 2024 1326 2086 atque
1364 2015 1787 2070 ruminationem

217 2110 590 2180 proculdubio
623 2107 1038 2162 iutellexit.Non
1075 2114 1255 2160 autem
1283 2105 1582 2168 ruminare,
1607 2107 1701 2160 sed
1737 2115 1792 2159 et

213 2204 458 2259 dividere
493 2201 626 2270 legis
650 2199 926 2271 ungulam.
970 2207 1022 2252 et
1053 2198 1386 2268 distinguere
1427 2197 1660 2252 litteram
1721 2197 1791 2249 ah

213 2296 434 2368 spiritu,
477 2301 533 2348 et
569 2293 781 2348 tradere
841 2291 1085 2361 quaedam
1139 2291 1441 2344 secundum
1505 2289 1788 2343 historiam

214 2389 410 2448 solam.
445 2387 690 2455 qumdam
717 2385 1014 2439 secundum
1064 2381 1604 2452 contemplationem,
1641 2396 1790 2450 qua:-

215 2484 340 2535 dam
380 2494 509 2534 vero
549 2477 847 2532 secundum
880 2485 1171 2545 utrumque
1215 2473 1540 2544 intelligere,
1601 2472 1790 2527 distri-

211 2582 360 2628 ctam
389 2571 757 2627 custodientes
794 2569 846 2622 in
879 2570 958 2622 eis
983 2567 1308 2622 divisionem
1337 2581 1475 2636 npus
1501 2565 1787 2621 habemus.

215 2664 320 2731 Qui
349 2663 498 2718 enim
528 2661 650 2716 talis
689 2669 792 2726 est,
827 2661 913 2715 hic
939 2669 1350 2714 consummatus
1390 2667 1553 2727 atque
1609 2657 1818 2728 perte--

213 2765 338 2812 ctus
363 2763 466 2815 est,
503 2763 558 2808 et
585 2761 871 2823 propterea
905 2749 1140 2804 mundus
1179 2757 1328 2804 recte
1375 2748 1596 2804 dicitur.
1659 2749 1792 2817 Qui-

213 2863 432 2918 cunque
465 2856 648 2901 autem
677 2861 842 2898 unum
869 2845 937 2898 de
968 2842 1070 2908 his,
1099 2858 1218 2913 qutc
1247 2843 1390 2897 dicta
1425 2851 1574 2905 sunt,
1609 2843 1793 2898 niinns

216 2943 402 3004 habet,
439 2939 526 2994 hic
554 2935 840 2992 manifeste
862 2933 1174 2988 iaunundus
1197 2941 1300 2995 est,
1331 2935 1471 2988 sicut
1496 2934 1608 3004 ipsa
1634 2935 1791 2989 docet

215 3033 586 3103 legis'littcra,
619 3028 696 3082 ait
727 3029 874 3082 enim
911 3043 925 3082 :

292 3119 415 3175 Non
439 3119 718 3174 comedetis
739 3117 890 3182 illud,
941 3119 1078 3171 inter
1133 3117 1405 3172 immunda
1449 3119 1782 3188 reputabitis.

214 3213 487 3286 Quidquid
512 3214 767 3274 ruminat,
806 3220 854 3266 et
877 3210 1030 3266 habet
1061 3211 1335 3282 ungulam,
1371 3213 1463 3266 sed
1483 3227 1587 3264 non
1608 3211 1793 3265 dividit

215 3322 335 3358 eam
375 3305 506 3358 sicut
551 3303 800 3369 cmnelus,
829 3312 876 3355 et
897 3311 1110 3362 cratera,
1137 3317 1240 3356 non
1257 3302 1556 3367 comedetis,
1582 3309 1631 3356 et
1656 3303 1796 3354 inter

214 3395 490 3450 immunda
532 3395 862 3465 reputabitis.
905 3394 1182 3449 (Iamelum
1235 3395 1522 3450 comedere
1581 3401 1796 3448 tumens

214 3503 316 3558 per
363 3488 674 3558 superbiam
725 3485 946 3542 Judazus
994 3495 1140 3541 recte
1197 3487 1540 3557 intelligitur,
1604 3485 1658 3540 id
1715 3493 1798 3539 est

215 3577 422 3635 Scriba:
481 3589 539 3634 et
592 3577 868 3644 Pharisa-i,
925 3579 992 3633 ad
1045 3594 1183 3648 quos
1231 3577 1448 3634 dicebat
1491 3577 1792 3632 Dominus:

217 3672 506 3741 Liquantcs
589 3671 827 3736 culicem,
911 3669 1172 3724 camelum
1223 3680 1400 3723 autem
1450 3669 1726 3740 glutieutes
1751 3668 1794 3720 '.

217 3761 388 3816 Isaias
417 3761 737 3816 etiamdixit
763 3779 776 3814 ε
813 3759 940 3814 Hcce
969 3761 1108 3814 enim
1151 3759 1284 3814 dixit
1336 3759 1462 3813 mihi
1493 3759 1746 3812 Dominus
1777 3771 1796 3810 :

231 3851 395 3916 Vade,
423 3862 472 3906 et
519 3869 652 3922 pone
679 3854 1076 3924 speculatorem,
1112 3861 1159 3907 et
1203 3854 1544 3923 quodcunque
1587 3852 1795 3917 viderit,

210 3947 514 4003 aranuntiet.
555 3947 622 4001 Et
644 3947 773 4002 vidit
796 3941 1008 4001 currum
1059 3949 1284 4001 dum'um
1333 3948 1585 4017 equitum,
1611 3963 1798 4000 ascen-

213 4056 388 4096 sarem
423 4040 586 4106 asini,
627 4049 677 4093 et
706 4055 1032 4094 ascensorem
1089 4037 1342 4092 cameli”.
1397 4036 1503 4092 Per
1558 4037 1795 4102 asinum,

215 4134 463 4206 gentium
499 4151 513 4188 :
543 4148 640 4202 per
667 4133 956 4203 camelum,
987 4130 1268 4186 Judaicam
1323 4127 1796 4184 conversationem

216 4222 552 4293 signiﬁcans.
597 4219 815 4292 Figurat
864 4221 1028 4276 etiam
1055 4221 1292 4275 litteram
1317 4219 1471 4292 legis,
1499 4235 1800 4291 eorumque

215 4329 382 4386 grave
422 4313 614 4383 jugum
657 4311 914 4378 camelus,
950 4321 1138 4383 utpote
1167 4313 1259 4384 qui
1290 4312 1575 4368 consuevit
1633 4330 1798 4370 onera

1879 461 2096 516 minaut
2129 459 2274 516 enim
2307 471 2362 517 et
2391 463 2513 534 ipsi,
2545 465 2639 520 sed
2673 465 2926 536 ungulam
2957 483 3067 521 nou
3095 467 3366 525 dividunt.
3395 470 3457 526 ln

1883 553 2126 620 populari
2209 562 2390 608 autem
2474 554 2840 622 multitudine,
2900 557 3215 614 Judreorum
3285 557 3458 632 genus

1887 653 2177 714 utrumque
2215 660 2336 702 esse
2367 647 2669 718 accipitur:
2695 649 2891 705 debilia
2918 642 3120 722 quippe
3167 666 3292 709 esse
3339 654 3460 708 ani-

1887 735 2178 790 nralialtmc
2205 737 2481 804 dicuntur,
2509 748 2646 794 teste
2678 739 2845 798 David
2898 751 2948 798 cl
2975 742 3288 813 Salomone,
3307 758 3460 803 utro-

1885 841 2113 895 rumque
2161 829 2478 884 animalium
2525 831 2852 891 debilitates.
2904 835 3196 892 Salomone
3241 839 3460 908 quidem

1884 935 2009 972 cum
2040 919 2115 975 ait
2153 939 2165 974 :
2199 919 2542 991 Lepusrulus,
2578 925 2718 993 plebs
2747 927 3003 993 invalida,
3035 932 3207 998 posuit
3231 933 3288 985 in
3312 941 3462 1000 petra

1886 1011 2054 1066 cubile
2074 1013 2172 1067 sibi
2198 1015 2260 1068 ¹⁶.
2310 1016 2478 1072 David
2511 1034 2640 1073 vero
2691 1037 2703 1072 :
2769 1019 2932 1075 Petra
2977 1024 3238 1094 refugium
3279 1027 3481 1088 crium,

1887 1103 2058 1165 riis“.
2089 1106 2204 1161 sive
2233 1107 2590 1182 chirogryllis,
2623 1126 2857 1181 quorum
2888 1129 3057 1168 unum
3082 1124 3166 1169 est
3219 1117 3377 1171 velox
3408 1125 3464 1171 et

1887 1196 2157 1263 timidum,
2189 1215 2312 1255 cum
2340 1201 2674 1266 inﬁrmitate,
2703 1203 2754 1259 id
2779 1213 2862 1259 est
2883 1206 3071 1274 lepus:
3105 1206 3247 1262 aliud
3279 1217 3464 1264 autem

1887 1287 2064 1344 debile
2093 1292 2334 1361 quidem,
2357 1295 2450 1350 sed
2483 1311 2644 1364 rapax
2675 1305 2730 1351 et
2775 1297 3021 1361 bestiale,
3077 1307 3240 1369 atque
3271 1301 3463 1355 morti-

1889 1377 2062 1435 ferum
2087 1384 2295 1445 dicunt,
2319 1385 2476 1452 idest
2495 1387 2870 1458 chirogryllus,
2902 1391 3046 1458 quod
3069 1393 3218 1446 omni
3245 1393 3464 1463 quidem

1889 1472 2119 1538 plebeio,
2149 1476 2380 1531 maxime
2411 1487 2592 1532 autem
2623 1479 2934 1536 Judaeorum
2968 1482 3114 1538 inest
3151 1485 3370 1554 populo,
3399 1485 3468 1540 de

1888 1563 2084 1630 quibus
2117 1565 2254 1620 dixit
2284 1567 2451 1623 David
2485 1588 2498 1622 :
2561 1569 2764 1626 Veloces
2801 1573 2954 1640 pedes
2985 1591 3163 1630 eorum
3191 1577 3262 1630 ad
3301 1579 3468 1647 effun-

1889 1656 2113 1709 dendum
2161 1661 2556 1730 sanguinem".
2619 1663 2816 1718 Timidi
2872 1674 3054 1721 autem
3107 1677 3367 1736 quantum
3413 1679 3470 1725 et

1147 1739 1422 1796 Eruetavit
1473 1759 1561 1796 cor
1615 1760 1785 1795 meum
1821 1745 1858 1797 Β
1889 1747 2091 1801 inﬁrmi
2134 1749 2226 1803 ﬁlii
2269 1750 2582 1808 Judteorum
2637 1755 2766 1816 sint,
2839 1772 2939 1811 vox
2995 1758 3178 1813 divina
3229 1761 3471 1818 ostendit

1896 1853 2019 1890 cum
2053 1839 2185 1894 dicit
2215 1858 2226 1892 :
2263 1840 2352 1895 Vze
2375 1844 2631 1898 cordibus
2695 1847 2943 1916 trepidis,
2991 1857 3046 1902 et
3097 1851 3349 1906 inanibus
3379 1867 3468 1908 re-

1891 1930 2092 1984 missis.
2127 1931 2395 2014 luiustitia
2447 1943 2630 1990 autem
2654 1947 2876 2006 quanta,
2908 1953 2963 1993 et
2996 1940 3182 1995 feritas
3212 1943 3354 2012 apud
3371 1959 3468 1998 eos

1891 2028 2026 2080 erat.
2062 2021 2190 2074 audi
2225 2021 2414 2076 Isaiam
2434 2023 2706 2080 dicentem
2747 2026 3054 2091 :Quomodo
3081 2031 3223 2100 facta
3255 2043 3332 2086 est
3358 2048 3470 2088 me—

1894 2111 2056 2162 retrix
2087 2111 2268 2166 civitas
2291 2113 2460 2182 ﬁdelis
2481 2115 2642 2184 plena
2677 2117 2910 2186 jndicii?
2945 2119 3158 2189 justitia
3211 2122 3470 2178 habitavit

1893 2199 1945 2252 in
1970 2217 2053 2266 ea,
2087 2217 2222 2256 nunc
2249 2215 2422 2260 autem
2449 2207 2730 2263 homicida:
2762 2209 2826 2261 ¹³.
2853 2210 2982 2265 Post
3013 2213 3112 2267 hos
3148 2229 3302 2268 suem
3337 2215 3473 2270 dicit

1893 2309 2014 2348 esse
2043 2295 2402 2364 immundum,
2435 2299 2560 2370 quia
2588 2300 2784 2356 dividit
2809 2303 3086 2372 ungulam,
3136 2314 3193 2360 et
3218 2319 3326 2360 nou
3374 2322 3471 2360 ru-

1891 2388 2084 2441 minat.
2116 2387 2216 2454 Qui
2241 2405 2369 2462 ergo
2400 2391 2511 2445 sint
2545 2392 2634 2461 qui
2669 2393 3016 2458 gratulentur,
3073 2411 3136 2450 ac
3182 2407 3472 2467 propterea

1893 2479 2180 2534 comedere
2240 2481 2388 2536 illum
2457 2483 2759 2550 dicuntur,
2826 2485 3046 2540 Petrum
3106 2491 3471 2556 espositorem

1893 2579 1947 2624 et
1994 2571 2313 2642 magistrum
2366 2575 2581 2646 suscipe
2623 2593 2638 2630 :
2691 2591 2815 2631 eum
2869 2579 3069 2648 quippe
3124 2579 3216 2649 qui
3306 2580 3472 2636 habet

1893 2664 2182 2720 scientiam
2239 2665 2570 2736 divinorum,
2615 2670 2710 2725 sed
2780 2686 2886 2726 non
2951 2673 3039 2727 illa
3085 2673 3226 2729 bene
3279 2675 3472 2740 utitur,

1893 2753 2307 2825 actionibusque
2340 2755 2653 2828 incongr'uis
2675 2772 2795 2812 eam
2841 2759 3035 2829 polluit
3079 2761 3312 2832 vitae-que
3364 2763 3470 2819 im-

1895 2844 2110 2899 mundze
2141 2847 2495 2916 semetipsum
2527 2849 2714 2903 tradit.
2745 2848 2908 2904 Suem
2939 2852 3102 2910 etiam
3131 2853 3246 2922 ipse
3286 2857 3472 2926 appet.

1894 2932 2024 2987 lavit
2049 2935 2276 2990 dicens:
2315 2935 2508 2991 Melius
2548 2939 2728 3008 fuisse!
2765 2942 2839 2994 eis
2865 2957 2963 2995 non
2989 2958 3292 3013 cognoscere
3329 2947 3472 3000 viam

1816 3074 1858 3127 ϐ
1895 3025 2132 3092 iustititc,
2167 3039 2328 3096 quam
2359 3029 2568 3098 cognita
2597 3046 2678 3094 ea,
2704 3038 2849 3106 retro.
2873 3033 3060 3086 reverti
3091 3050 3124 3086 a
3149 3036 3346 3089 tradito
3372 3037 3472 3090 sibi

1897 3125 2078 3170 sancto
2097 3119 2348 3172 mandato
2371 3134 2389 3172 :
2413 3120 2784 3191 contigitenim
2813 3121 2920 3176 illis
2952 3139 3032 3177 res
3061 3125 3164 3178 veri
3193 3127 3470 3194 proverbii,

1898 3203 2058 3260 Canis
2084 3224 2317 3263 reversus
2345 3210 2417 3264 ad
2433 3212 2684 3264 ventitant
2709 3229 2882 3277 suum,
2915 3222 2962 3266 et
2997 3231 3088 3269 sus
3113 3216 3220 3270 lota
3254 3219 3307 3272 iu
3332 3219 3475 3274 eola-

1900 3299 2051 3349 tabro
2079 3298 2292 3352 caeni“.
2329 3299 2466 3365 Quia
2498 3316 2628 3372 ergo
2661 3303 3003 3358 ostendimus
3058 3320 3184 3360 eum
3233 3308 3323 3376 qui
3369 3309 3473 3380 legi

1899 3404 2117 3458 operam
2156 3391 2247 3446 dat
2277 3392 2554 3446 ruminare
2580 3393 2802 3460 debere,
2833 3395 2878 3449 is
2905 3395 2997 3464 qui
3025 3398 3146 3450 talis
3164 3407 3268 3466 est,
3287 3409 3475 3470 utpote

1899 3479 2170 3535 sordidam
2223 3482 2432 3536 habens
2496 3483 2683 3549 vitam,
2740 3493 2797 3540 et
2859 3501 2969 3540 non
3015 3488 3248 3558 impleas
3277 3491 3472 3561 legem,

1901 3578 2046 3624 recte
2064 3585 2172 3624 non
2200 3569 2477 3625 ruminare
2499 3589 2618 3642 qua:
2646 3573 2779 3644 legis
2809 3583 2956 3638 sunt,
2986 3575 3208 3631 dicitur.
3240 3575 3392 3634 [itide
3419 3589 3478 3634 et

1901 3663 2069 3717 vomit
2099 3672 2286 3734 utpote
2322 3661 2648 3735 indigestam
2697 3667 2876 3720 cibum
2909 3668 3278 3724 meditationis
3319 3670 3473 3742 legis,

1899 3765 1955 3808 et
2013 3756 2238 3810 minime
2281 3757 2348 3811 ad
2397 3757 2654 3812 cll'cclum
2694 3759 3128 3828 pervenientem.
3181 3759 3343 3833 Ergo,
3372 3765 3476 3818 etsi

1901 3848 2158 3918 ungulam
2195 3847 2408 3913 dividit,
2453 3857 2507 3902 et
2535 3849 2771 3903 litteram
2803 3849 3046 3906 dividere
3078 3853 3201 3915 scit,
3231 3869 3260 3907 a
3283 3853 3476 3924 spiritu

1902 3947 2082 3991 tainen
2115 3939 2430 3994 immundus
2459 3950 2562 3993 est.
2593 3940 2698 3994 Sed
2731 3941 2859 4010 quid
2897 3941 2982 3995 liis
3008 3957 3128 4012 qua:
3155 3944 3298 4000 dicta
3349 3956 3478 4001 sunt

1901 4029 2147 4087 addidit?
3274 4087 3279 4092 ,

1975 4126 2175 4180 Horum
2213 4126 2459 4182 carnibus
2490 4141 2593 4180 non
2625 4126 2920 4192 vescemiui,
2948 4146 3038 4184 nec
3067 4131 3328 4186 cadavera
3355 4143 3479 4186 con-

1903 4218 2134 4289 tiugetis,
2171 4219 2296 4290 quia
2343 4219 2619 4274 immunda
2669 4229 2790 4274 sunt
2833 4219 2992 4276 vobis.
3035 4221 3148 4277 Nec
3187 4223 3478 4284 camelum,

1901 4327 2006 4367 nec
2050 4311 2316 4382 leporem,
2363 4328 2464 4368 nec
2510 4312 2920 4386 chirogryllum,
2963 4329 3064 4369 nec
3117 4328 3294 4382 suem,
3333 4314 3481 4370 inter

217 4415 439 4477 portare
476 4424 490 4460 :
554 4405 698 4460 unde
745 4421 940 4460 servus
982 4405 1258 4461 Abraham
1309 4407 1499 4462 decem
1561 4407 1798 4462 camelos
1833 4400 1876 4452 Β
1909 4405 2111 4461 munda
2141 4402 2406 4474 judicavit
2439 4422 2452 4458 :
2487 4421 2583 4474 per
2629 4405 2746 4460 haec
2783 4406 2946 4460 etiam
2987 4415 3183 4462 caetera
3224 4405 3481 4462 animalia

215 4508 500 4569 portantes
527 4498 596 4552 de
628 4497 786 4552 bonis
831 4497 1034 4552 domini
1066 4498 1150 4552 sui
1211 4499 1278 4553 ad
1329 4498 1792 4569 dispensationem

218 4591 481 4646 Rebeccae
509 4589 686 4645 duxit.
720 4587 1049 4660 Figurabant
1081 4597 1263 4643 autem
1319 4589 1372 4644 bl
1427 4590 1614 4646 decem
1660 4606 1799 4662 pra:—

215 4690 374 4750 cepta
407 4681 562 4751 legis,
597 4696 718 4749 qua:
747 4696 855 4735 non
876 4680 1056 4736 omnia
1089 4678 1228 4735 bona
1261 4679 1371 4746 Dei,
1403 4683 1498 4737 sed
1529 4689 1708 4738 tamen
1731 4681 1801 4738 de

215 4771 474 4826 omnibus
507 4771 666 4827 bonis
692 4781 910 4843 gerunt,
943 4782 1166 4843 propter
1197 4773 1300 4828 hoe
1328 4775 1474 4844 quod
1507 4775 1801 4846 participa-

215 4865 324 4919 lem
351 4864 799 4944 justiﬁcationem
827 4865 993 4920 habet
1013 4865 1120 4921 lex.
1157 4866 1299 4936 Ergo
1329 4867 1532 4922 Scriba:
1564 4877 1620 4924 ct
1655 4867 1799 4922 Pha-

165 4945 172 4950 ’
215 4957 360 5012 risaai
395 4958 762 5014 ruminantem
801 4959 1117 5024 comedunt,
1152 4959 1277 5028 quia
1309 4959 1363 5010 in
1396 4959 1582 5028 legalis
1603 4961 1802 5016 litterae

217 5048 520 5118 gloriantur
547 5051 934 5114 meditatione,
957 5063 1014 5106 et
1045 5051 1099 5104 in
1140 5051 1292 5105 cultu
1326 5045 1572 5117 Sabbati,
1607 5053 1801 5122 puriﬁ-

218 5137 583 5208 eationisque,
609 5149 665 5196 et
695 5139 1115 5206 sacriﬁciorum,
1145 5139 1486 5212 aliorumque
1519 5141 1800 5198 similium.

218 5227 493 5300 Ungulam
523 5241 704 5288 autem
742 5250 854 5288 non
878 5234 1129 5290 dividunt
1157 5248 1222 5288 ea
1255 5249 1377 5304 qua:
1416 5234 1486 5289 ab
1518 5234 1598 5290 eis
1617 5249 1804 5290 come-

217 5323 449 5384 duntur,
509 5337 686 5392 neque
727 5325 1048 5381 discernunt
1104 5325 1174 5380 ab
1223 5325 1418 5395 spiritu
1456 5325 1714 5388 litteram,
1743 5335 1800 5380 et

215 5421 511 5484 propterea
538 5427 729 5468 eorum
761 5415 987 5470 scientia
1018 5415 1300 5472 immunda
1335 5424 1440 5470 est.
1466 5412 1626 5471 Tales
1671 5425 1802 5471 sunt

295 5618 318 5650 ⁸
349 5619 483 5673 Dan.
525 5633 620 5682 vu,
643 5617 698 5670 7.
775 5617 796 5648 ⁷
825 5615 971 5669 Ps’al.
1001 5631 1147 5681 xuv,
1170 5617 1227 5672 2.

215 5687 266 5718 “
305 5686 446 5748 Psal.
478 5703 597 5752 xm,
624 5689 680 5741 5.
756 5685 802 5718 ⁸³
829 5691 929 5739 tsa.
967 5703 1004 5746 ι,
1035 5687 1130 5740 2t.

464 5781 736 5843 PATROL.
776 5781 892 5842 Gn.
919 5778 1123 5840 XCIII.

1303 5617 1325 5649 ⁸
1349 5615 1542 5670 Matth.
1571 5617 1838 5682 xxmﬂd.

1207 5687 1251 5718 “
1281 5685 1469 5741 lPetr.
1506 5701 1567 5753 ιι,
1593 5685 1684 5752 ει,
1718 5687 1810 5741 22.

1903 4495 2216 4569 designans,
2238 4513 2360 4567 qua
2382 4497 2470 4552 lex
2493 4511 2558 4552 ex
2583 4496 2668 4552 his
2709 4512 2830 4567 qua:
2853 4496 2996 4552 dicta
3037 4505 3166 4553 sunt
3194 4497 3483 4554 manifesta

1906 4587 2054 4644 fecit.
2091 4589 2220 4643 ldeo
2252 4604 2384 4660 ergo
2422 4588 2542 4644 bzec
2581 4597 2816 4659 quatuor
2852 4603 3084 4644 numero
3115 4589 3314 4660 posuit,
3354 4590 3478 4660 quia

1906 4689 2144 4749 unuor
2188 4687 2318 4736 sunt
2353 4678 2636 4751 generales
2667 4680 2920 4742 virtutes,
2959 4681 3338 4748 praedictorum
3385 4695 3478 4734 au—

1912 4783 2018 4826 tem
2064 4770 2383 4827 animalium
2428 4770 2756 4842 signiﬁcatio
2795 4769 3092 4823 virtutibus
3135 4779 3302 4834 caret,
3344 4784 3479 4838 qua-

1911 4875 2035 4920 tuor
2067 4861 2269 4932 quippe
2300 4859 2593 4916 virtutibus
2631 4867 2715 4916 est
2747 4857 3043 4914 contraria.
3077 4858 3211 4912 Nam
3240 4857 3482 4914 camelus

1903 4953 1959 5010 in
1993 4951 2308 5009 Scribarum
2347 4957 2404 5004 et
2441 4945 2834 5004 Pharisaeorum
2867 4945 3176 5018 superbiam
3205 4955 3478 5017 sumptus,

1903 5045 2188 5117 sapientiae
2237 5043 2550 5100 contrarius
2601 5049 2686 5098 est
2731 5059 2744 5096 :
2785 5039 3078 5098 stultorum
3139 5039 3342 5113 quippe
3397 5054 3483 5099 est

1901 5137 2183 5210 proprium
2207 5138 2512 5208 superbire.
2535 5135 2672 5203 Quia
2699 5145 2882 5192 autem
2906 5141 3136 5206 utroque
3157 5133 3264 5190 hoe
3292 5135 3482 5191 morbo

1904 5227 2111 5286 Scribze
2127 5243 2182 5286 et
2195 5229 2453 5286 Pharisaei
2473 5228 2822 5294 tenebantur,
2845 5225 2969 5284 audi
2991 5228 3058 5282 ad
3081 5243 3176 5284 eos
3191 5227 3482 5284 Dentium

1905 5319 2178 5378 dicentem
2221 5338 2234 5375 :
2271 5321 2434 5376 Stulti
2483 5331 2533 5376 et
2583 5318 2726 5386 creti,
2755 5319 2880 5391 quid
2929 5319 3105 5390 majus
3147 5329 3242 5384 est,
3281 5335 3482 5375 aurum

1909 5425 2001 5470 aut
2051 5413 2302 5484 templum
2339 5415 2476 5484 quod
2514 5411 2810 5481 sanctiﬁcat
2853 5428 3046 5468 aurum
3077 5413 3153 5467 ‘5?
3179 5414 3249 5470 Et
3293 5427 3483 5469 rursus

1914 5616 2063 5670 ’lsa.
2096 5631 2206 5680 xxi,
2229 5615 2284 5670 6.
2361 5617 2405 5646 ‘°
2465 5615 2624 5672 Prov.
2655 5633 2785 5684 xxv,
2837 5618 2928 5675 25.
3008 5617 3482 5685 “Psal.cm,l8.

3086 5777 3161 5839 29

1894 5687 1937 5720 ³⁵
1968 5685 2160 5738 Matth.
2201 5701 2352 5756 nun,
2401 5685 2487 5740 l7.
