3886 6306
438 363 543 429 907

441 473 755 547 superbiam
787 478 979 522 eorum
1011 461 1043 514 h

445 533 643 638 primos
689 559 958 616 accubitus
1002 555 1058 606 in
1102 547 1274 608 caenis,
1310 555 1358 597 et
1402 541 1604 612 primas
1649 537 1924 590 cathedras
1973 533 2027 585 in

449 621 750 728 syttagogis,
791 659 838 701 et
877 639 1225 699 salutationes
1270 634 1325 687 in
1371 634 1503 701 foro,
1545 638 1591 681 et
1623 624 1798 680 vocari
1834 623 1897 675 ab
1934 621 2028 672 ho-

451 714 676 806 una“;
726 742 890 799 Rabbi
928 739 987 790 ιθ.
1044 735 1134 789 Sic
1170 743 1298 800 ergo
1324 725 1477 781 stulti
1520 722 1739 793 quidam
1783 717 1849 773 de
1900 714 2031 806 ipsis

451 805 612 895 erant
664 845 721 890 et
772 827 1013 901 superbi.
1064 823 1247 892 Lepus
1306 827 1366 872 ut
1421 814 1677 878 timidus,
1726 805 2032 864 fortitudini

454 931 757 988 contrarius
796 935 880 980 est
917 940 929 975 :
968 915 1362 987 chirogryllus,
1401 920 1462 965 ut
1512 923 1699 979 rapax,
1737 901 1963 974 jUSlllitC
2016 917 2030 952 :

455 1044 568 1094 sus,
605 1036 666 1080 ut
696 1023 807 1077 vita
841 1016 1058 1074 sordida
1111 1013 1322 1073 vivens,
1363 1015 1419 1060 et
1467 1000 1766 1063 immunda,
1805 997 1874 1050 de
1928 1007 2035 1063 quo

454 1120 658 1174 dictum
704 1122 790 1168 est
829 1127 842 1161 :
882 1109 1036 1163 Sicut
1085 1100 1310 1157 circulus
1336 1112 1527 1151 aureus
1570 1095 1625 1147 in
1658 1090 1873 1144 naribus
1903 1085 2034 1146 suis,

458 1210 536 1263 sic
582 1206 771 1260 mulier
821 1199 1043 1271 pulchra
1096 1204 1143 1248 et
1193 1195 1343 1265 fatua
1379 1190 1442 1253 ιτ,
1485 1183 1717 1241 castitati
1767 1174 2036 1234 contraria

457 1309 559 1356 est.
614 1297 822 1350 llorum
876 1303 977 1342 nec
1017 1298 1212 1339 carnes
1264 1278 1636 1334 comedamus,
1674 1271 1729 1325 id
1782 1277 1887 1330 est,
1937 1279 2041 1317 nec

459 1404 623 1460 quam
669 1384 926 1438 videntur
968 1376 1170 1430 habere
1213 1370 1468 1425 virtutem
1503 1374 1817 1431 sequamur,
1848 1357 1904 1409 in
1940 1356 2039 1424 hy-

461 1458 667 1556 pocrisi
716 1477 862 1533 enim
918 1473 1083 1530 illam.
1120 1478 1176 1523 et
1216 1480 1326 1520 non
1367 1462 1424 1516 in
1464 1458 1694 1513 veritate
1739 1460 2040 1507 sectantur.

464 1541 633 1627 'Multo
666 1567 837 1636 magis
867 1570 1048 1615 autem
1088 1553 1376 1611 morticina
1405 1563 1594 1603 eorum
1630 1541 1897 1613 tangenda
1932 1551 2040 1591 non

465 1648 615 1730 sunt,
632 1675 734 1716 nec
767 1656 921 1713 malis
948 1665 1137 1706 eorum
1167 1639 1679 1703 communicandum
1711 1630 2042 1690 actionibus,

469 1759 584 1826 ipsa
601 1725 760 1808 enim
795 1741 1108 1815 hujusmodi
1154 1734 1345 1807 procul
1386 1731 1553 1787 dubio
1596 1725 1884 1782 morticina
1917 1729 2044 1775 sunt

469 1847 595 1902 viri.

543 1940 704 1996 Vsus.
738 1931 893 1991 9-12.
932 1950 949 1981 ‹
986 1926 1107 1981 [hcc
1139 1930 1267 1978 sunt
1296 1933 1418 1990 qua:
1448 1915 1742 1987 gignuntur
1773 1909 1826 1963 in
1869 1905 2043 1974 aquis,

470 2044 525 2090 et
561 2028 702 2088 vesci
738 2026 945 2081 licitum
978 2028 1079 2075 est.
1122 2016 1295 2071 Omne
1332 2009 1477 2080 quod
1510 2006 1676 2061 habet
1704 1999 1967 2072 pinnulas
1997 2004 2051 2048 et

471 2134 725 2194 squamas
760 2158 775 2184 ,
831 2123 941 2169 tam
994 2111 1049 2163 in
1104 2105 1262 2170 mari,
1312 2116 1474 2171 quam
1532 2097 1587 2151 in
1636 2091 1951 2181 ﬂuminibus
1996 2096 2050 2140 et

473 2183 680 2284 stagnis
713 2250 727 2273 ,
762 2183 1072 2262 comedetis
1106 2218 1118 2252 :
1158 2194 1425 2268 quidquid
1477 2199 1661 2245 autem
1713 2183 1968 2257 pinnulas
1999 2188 2052 2233 et

474 2278 728 2375 squ-amas
762 2314 870 2351 non
908 2295 1092 2358 habet,
1120 2302 1309 2344 eorum
1340 2299 1460 2355 qua:
1492 2283 1547 2335 in
1581 2278 1736 2349 aquis
1767 2280 2055 2330 moventur

474 2410 532 2455 et
565 2399 774 2458 vivunt,
810 2387 1175 2448 abominabile
1215 2384 1371 2438 vobis
1409 2389 1463 2435 et
1504 2372 1900 2432 exsecrandum
1930 2368 2052 2421 erit.

477 2493 684 2549 Carnes
712 2500 903 2543 eorum
945 2496 1053 2536 non
1086 2474 1404 2536 comedetis,
1436 2480 1492 2525 et
1532 2466 1818 2522 morticina
1859 2460 2056 2517 vitabi-

482 2585 571 2638 tis.
601 2580 811 2634 Cuncta
840 2588 963 2644 quae
1009 2585 1117 2624 non
1165 2566 1368 2621 habent
1406 2561 1662 2633 pinnulas
1711 2566 1766 2611 et
1803 2567 2057 2624 squamas

480 2673 534 2725 in
568 2671 725 2740 aquis
757 2666 960 2737 polluta
989 2645 1168 2715 erunt.
1205 2676 1224 2708 ι

554 2738 633 2815 Es
660 2774 726 2815 eo
758 2755 902 2826 quod
937 2768 1047 2807 non
1076 2758 1263 2818 aperte
1307 2744 1492 2799 divina
1535 2738 1816 2808 Scriptura
1859 2747 2057 2804 genera

483 2853 717 2924 piscium
761 2842 1033 2916 exposuit,
1071 2856 1100 2894 a
1142 2838 1342 2908 quibus
1383 2831 1648 2888 abstineri
1696 2828 1828 2891 vult,
1865 2839 2060 2893 snper-

483 2944 649 2999 ﬁuum
684 2948 769 2994 est
798 2939 914 2991 haec
950 2935 1003 2987 in
1033 2929 1289 3002 praesenti
1321 2940 1587 2995 qumrere,
1619 2935 1885 2990 nusquam
1915 2918 2060 2971 enim

486 3033 717 3103 piscium
768 3029 823 3083 in
869 3042 933 3080 ea
986 3022 1332 3078 inveniemus
1374 3016 1657 3071 vocabula.
1702 3009 2060 3077 Semetipsam

484 3096 650 3180 etiam
678 3134 806 3189 ergo
841 3119 896 3172 in
928 3118 1033 3170 hoc
1061 3113 1305 3167 imitatur
1333 3108 1474 3161 loco.
1504 3106 1894 3160 Verumtamen
1932 3096 2069 3151 illud

487 3229 636 3271 nunc
668 3211 843 3267 notari
881 3212 1116 3278 oportet,
1148 3201 1273 3272 quia
1312 3195 1773 3269 quemadmodum
1806 3192 1860 3245 in
1894 3204 2063 3259 spon-

406 3332 423 3341 -
489 3305 663 3363 taneis
691 3300 995 3364 sacriﬁciis,
1029 3311 1151 3366 quae
1184 3302 1239 3347 et
1268 3293 1407 3345 dona
1446 3287 1718 3359 legislator
1752 3279 2061 3352 appellavit,

482 3393 783 3467 aliquando
824 3389 1043 3460 quidem
1091 3391 1408 3456 operatores
1450 3379 1605 3450 legis,
1637 3373 1931 3445 aliquando
1970 3386 2067 3424 au-

490 3502 597 3545 tem
630 3483 926 3555 simplices.
958 3479 1250 3548 aliquando
1292 3487 1424 3529 vero
1470 3467 1931 3537 contemplatores
1968 3476 2067 3532 per

488 3551 826 3636 oblationem
868 3567 1195 3642 signiﬁcavit
1240 3564 1451 3626 modos,
1491 3558 1782 3631 aliquando
1832 3570 1927 3610 eos
1973 3551 2065 3622 qui

488 3671 770 3727 salvantur
810 3680 873 3720 ex
924 3659 1202 3734 gentibus,
1244 3655 1442 3725 quibus
1490 3661 1547 3706 et
1595 3646 1858 3706 sacriﬁcia
1887 3646 1954 3699 de
1988 3642 2067 3696 si-

488 3762 641 3825 mila,
690 3766 753 3813 ut
798 3750 1159 3824 simplicibus,
1196 3743 1498 3815 deputavit,
1528 3740 1671 3810 quod
1719 3735 1959 3793 ostendit
2000 3748 2069 3787 ex

491 3868 558 3907 eo
600 3847 747 3919 quod
788 3845 943 3910 dicit,
975 3840 1033 3896 Si
1079 3840 1260 3893 anima
1304 3834 1549 3890 obtulerit
1590 3832 1784 3884 donum
1823 3824 2066 3885 Domino,

489 3957 604 3996 non
619 3916 861 4000 addens,
883 3933 939 3989 Si
974 3932 1157 3985 anima
1188 3930 1252 3983 de
1277 3925 1469 3997 populo
1504 3933 1677 3986 terrm,
1718 3916 2071 3989 quemadmo-

492 4037 622 4090 dum
649 4032 704 4085 in
734 4030 964 4083 aliorum
991 4023 1381 4081 sacriﬁciorum
1399 4013 1873 4073 enuntiationibus
1899 4007 2067 4071 solet;

492 4120 637 4174 sicut
666 4131 796 4187 ergo
825 4115 879 4168 in
912 4112 1041 4176 illis,
1073 4111 1151 4166 sic
1180 4119 1235 4164 et
1265 4108 1353 4162 hic
1382 4121 1480 4175 per
1515 4103 1762 4158 ciborum
1791 4097 2071 4152 abstinen-

495 4196 649 4273 tiam,
697 4206 885 4278 quales
933 4203 1138 4258 debent
1190 4214 1310 4255 esse
1357 4198 1447 4267 qui
1490 4197 1664 4267 legem
1714 4191 2065 4251 meditantur,

495 4301 789 4357 ostendere
841 4294 1091 4364 cupiens;
1167 4306 1265 4360 per
1324 4288 1603 4342 ruminare
1659 4282 1961 4353 siquidem,
2017 4284 2072 4331 et

493 4391 751 4464 ungulam
795 4386 1072 4448 dividere,
1112 4381 1361 4437 Judaeum
1420 4375 1776 4449 signiﬁcavit,
1828 4374 1921 4442 qui
1976 4370 2073 4425 (1ο-

1647 323 2012 391 HESYCHII
2060 316 2536 382 PRESBYTERI
3132 366 3143 390 ε

1049 473 1113 513 oe
1143 452 1306 509 modo
1339 447 1579 503 retundit
1618 466 1628 500 :
1665 445 1858 496 Amant
1890 441 2025 496 enim
2059 443 2100 498 Λ
2135 437 2224 489 lite
2274 434 2500 504 gaudere
2549 430 2671 499 quia
2718 428 2977 483 da’monia
3027 427 3165 479 rubis
3216 422 3603 493 subjiciuntur,
3647 426 3751 478 sed

2090 3116 2133 3175 Ο
2166 3093 2390 3154 propter
2443 3079 2807 3152 ignorantiam
2860 3093 2876 3130 :

3616 308 3738 369 963

2134 529 2358 597 gaudete
2385 536 2431 577 et
2459 522 2737 585 exsultate,
2767 521 2894 585 quia
2926 520 3139 571 nomina
3167 526 3341 570 vestra
3374 515 3585 583 scripta
3614 530 3747 570 sunt

2133 620 2187 669 iu
2227 616 2366 670 uelis
2398 616 2465 666 ιθ.
2498 612 2739 666 Probant
2783 619 2967 664 autem
3020 611 3133 663 hmc
3180 609 3347 662 etiam
3390 606 3568 675 hujus
3609 622 3750 659 san-

2135 709 2334 763 ctionis
2364 707 2552 769 verba,
2585 707 2740 758 aiunt
2769 703 2916 756 enim
2959 720 2972 754 :
3136 687 3139 689 l

2211 801 2336 853 Ilwc
2365 808 2486 853 sunt
2512 814 2630 869 qua:
2655 797 2942 867 gignuntur
2976 795 3032 847 in
3065 794 3239 862 aquis,
3268 801 3319 845 et
3346 791 3494 845 vesci
3531 790 3744 843 licitum

2137 901 2233 945 est.
2264 889 2652 960 lntelliguntur
2686 903 2781 957 per
2826 885 2943 939 haec
2993 882 3044 937 hi
3086 882 3183 952 qui
3217 898 3287 936 ex
3322 882 3602 951 gentibus
3639 882 3751 934 sal-

2138 982 2246 1037 vati
2279 989 2428 1047 sunt,
2464 990 2651 1050 utpote
2693 975 3165 1048 regenerationem
3196 974 3472 1027 habentes
3512 972 3575 1025 in
3605 988 3750 1040 aqua

2138 1074 2502 1145 baptismatis,
2526 1074 2593 1127 de
2615 1071 2813 1142 quibus
2839 1080 2895 1123 et
2917 1069 3082 1124 Isaias
3110 1067 3329 1121 dicebat
3353 1080 3370 1118 :
3399 1065 3547 1119 Ecce
3571 1079 3750 1136 gentes

2140 1168 2294 1237 quasi
2343 1165 2518 1220 situla:
2567 1163 2742 1217 stulta:
2772 1164 2839 1214 ".
2901 1160 3050 1222 Sive,
3083 1168 3143 1212 ut
3174 1155 3337 1218 LXX,
3388 1154 3553 1208 Sicut
3592 1171 3747 1224 aqua

2143 1257 2345 1321 multra,
2384 1266 2574 1326 gentes
2618 1254 2821 1307 multae.
2857 1250 3011 1306 [inde
3041 1258 3097 1304 et
3122 1248 3202 1303 eis
3226 1246 3591 1302 conveniunt
3627 1262 3750 1314 qua:

2142 1357 2466 1417 sequuntur.

2214 1440 2378 1494 Omne
2429 1447 2565 1509 quod
2613 1439 2767 1491 habet
2821 1434 3070 1504 pinnulas
3122 1443 3169 1486 et
3214 1447 3497 1501 squamas,
3543 1438 3657 1481 tam
3705 1430 3753 1479 in

2145 1532 2305 1594 mari,
2331 1547 2489 1600 quam
2526 1531 2579 1581 in
2624 1528 2927 1596 [luminibus
2958 1535 3004 1578 et
3040 1524 3260 1592 stagnis,
3297 1522 3625 1575 comedetis.
3656 1518 3754 1571 Ea-

2148 1625 2269 1677 dem
2304 1624 2467 1675 etiam
2519 1621 2603 1673 his
2644 1620 2735 1688 qui
2785 1635 2850 1671 ex
2905 1617 3161 1687 gentibus
3202 1622 3351 1674 sunt,
3397 1612 3471 1665 de
3517 1612 3757 1664 medita-

2152 1719 2299 1772 tione
2354 1716 2488 1786 legis
2539 1714 2660 1768 aliis
2711 1712 2969 1782 praecepit
3020 1710 3224 1765 verbis.
3277 1706 3412 1760 Vult
3458 1705 3623 1760 enim
3668 1720 3756 1756 eo;

2080 1786 2117 1837 Β
2152 1809 2352 1860 habere
2411 1807 2464 1857 in
2516 1802 2872 1857 meditatione
2928 1800 3061 1870 legis
3116 1786 3412 1868 pinnulas,
3470 1795 3758 1861 vitamque

2151 1896 2439 1951 sublimem
2486 1902 2649 1962 atque.
2695 1891 2996 1955 emlestem,
3029 1888 3123 1941 sed
3167 1885 3589 1956 expositionem
3632 1883 3757 1952 tegis

2153 1986 2279 2039 huic
2313 1983 2569 2048 similem,
2597 1976 2822 2052 propter
2858 1978 3003 2049 quod
3037 1993 3146 2031 non
3193 1975 3491 2045 pin'nulam
3529 1973 3755 2029 habere.

2157 2079 2248 2132 sed
2296 2076 2553 2146 pinnulas
2597 2090 2693 2128 eos
2737 2074 2870 2127 vult.
2909 2071 3045 2138 Quia
3081 2080 3263 2124 autem
3307 2066 3637 2137 ignorantia
3674 2064 3753 2117 di-

2155 2168 2293 2222 vina:
2328 2167 2624 2236 Scriptum
2654 2173 2844 2235 gentes
2870 2163 3202 2224 obtinuerat,
3227 2174 3340 2213 non
3371 2157 3536 2211 enim
3576 2171 3756 2210 susce-

2155 2271 2351 2331 perant
2379 2261 2575 2331 legem,
2606 2273 2785 2327 neque
2811 2255 3133 2326 prophetas,
3159 2268 3263 2306 nec
3295 2251 3405 2305 alia
3437 2250 3498 2303 in
3528 2251 3622 2303 eis
3652 2258 3756 2300 erat

2155 2354 2384 2409 scientia
2419 2352 2605 2406 divina
2650 2349 2924 2410 subtilior,
2961 2361 3031 2400 ne
3070 2360 3201 2415 ergo
3244 2344 3351 2397 hoc
3396 2341 3611 2395 morbo
3644 2354 3759 2409 per-

2157 2442 2398 2498 manenti
2444 2451 2497 2495 et
2545 2449 2814 2511 perpetuo
2853 2437 3184 2498 laborarent,
3221 2448 3489 2501 squamas
3519 2447 3628 2485 eos
3662 2432 3759 2484 ha-

2158 2536 2290 2589 bere
2347 2532 2495 2597 vult,
2547 2546 2669 2600 quae
2734 2529 2892 2582 facile
2947 2525 3316 2580 auferrentur.
3371 2521 3519 2587 Quia
3584 2532 3757 2574 autem

2092 2690 2113 2705 .
2158 2640 2399 2695 squamae
2433 2620 2813 2691 temporalem,
2848 2628 2903 2672 et
2936 2633 3043 2687 qua
3090 2615 3248 2669 facile
3285 2623 3578 2675 carcatur,
3615 2613 3757 2681 igno-

2159 2721 2390 2774 rantiam
2432 2716 2759 2786 signiﬁcant,
2802 2713 3184 2767 demonstrant
3226 2724 3288 2762 ea
3329 2723 3457 2776 qua:
3491 2706 3565 2760 de
3598 2703 3761 2757 Paulo

2160 2810 2433 2878 descripta
2466 2815 2612 2869 sunt,
2651 2806 2707 2859 in
2740 2804 3111 2874 apostolorum
3142 2800 3409 2863 Actibus;
3448 2813 3583 2851 eum
3620 2797 3759 2849 enim

2162 2901 2279 2954 zelo
2327 2898 2547 2969 judaico
2595 2896 2896 2951 Eeclesiam
2955 2899 3400 2963 persequeretur,
3456 2888 3763 2960 ignoraret-

2163 3007 2267 3060 que
2318 3005 2443 3043 eum
2482 3003 2646 3057 quem
2701 2985 3154 3057 persequebatur,
3198 2981 3357 3035 facile
3405 2980 3599 3033 caruit
3652 2978 3761 3031 zelo

2929 3090 3217 3148 posmuam
3275 3072 3543 3141 cognovit
3604 3086 3759 3139 quem

2167 3181 2609 3243 persequeretur,
2657 3177 2883 3224 vocatus
2933 3183 2963 3221 a
3007 3165 3248 3226 Christo,
3285 3173 3341 3216 et
3380 3171 3682 3232 postquam
3713 3160 3759 3212 ei

2168 3265 2234 3320 ab
2267 3263 2475 3320 Anania
2508 3261 2942 3332 evangelizatum
2973 3267 3077 3323 est,
3102 3257 3396 3310 ceciderunt
3426 3268 3676 3322 squamae
3700 3252 3761 3302 ab

2168 3358 2330 3412 oculis
2357 3358 2492 3426 ejus,
2518 3365 2566 3409 et
2604 3371 2726 3408 mox
2750 3353 2877 3407 vidit
2902 3353 2968 3406 “.
2994 3352 3134 3420 Ergo
3161 3349 3214 3402 in
3244 3346 3470 3402 modum
3503 3361 3760 3415 squama-

2167 3463 2288 3501 rum
2333 3444 2754 3516 superjacebant
2793 3444 3061 3496 instantes
3104 3439 3155 3494 ei
3211 3437 3545 3507 temporales
3610 3435 3759 3506 igno—

2170 3537 2380 3592 rantiae.
2434 3534 2589 3591 Unde
2640 3533 2806 3588 nimis
2853 3538 3256 3600 consequenter
3299 3526 3585 3597 legislator
3634 3525 3759 3580 sub-

2170 3629 2334 3683 didit:

2243 3720 2508 3791 Quidquid
2541 3727 2721 3772 autem
2759 3714 3010 3786 pinnulas
3055 3721 3146 3766 aut
3188 3725 3441 3775 squamas
3478 3725 3583 3763 non
3614 3709 3757 3761 habet

2172 3830 2351 3869 eorum
2381 3826 2497 3882 qua:
2523 3811 2579 3863 in
2604 3809 2757 3879 aquis
2791 3816 3063 3861 moventur
3092 3814 3139 3857 et
3175 3804 3376 3865 vivunt,
3406 3801 3754 3854 abominabilt

2171 3904 2311 3959 vobis
2330 3912 2378 3956 et
2397 3901 2776 3956 exsecrandum
2798 3899 2918 3952 erit.
2940 3896 3081 3950 Sunt
3101 3893 3247 3948 enim
3264 3892 3518 3962 quaedam
3536 3892 3757 3961 piscium

2173 4007 2392 4065 genera,
2421 3998 2615 4044 testam
2641 4004 2741 4059 pro
2768 3986 2909 4057 pelle
2938 3986 3198 4040 habentia
3230 4001 3242 4035 :
3272 3997 3515 4051 quorum
3543 3996 3755 4050 squama

2173 4084 2373 4139 auferri
2422 4098 2532 4137 non
2584 4089 2786 4151 potest.
2840 4078 3000 4133 Tales
3041 4083 3174 4129 sunt
3220 4074 3312 4144 qui
3360 4088 3470 4126 nec
3515 4088 3759 4142 squamas

2175 4174 2498 4245 ignorantiae
2527 4172 2694 4227 verbo
2723 4170 2818 4225 Dei
2851 4170 3148 4238 deponere,
3184 4180 3285 4219 nec
3315 4165 3563 4219 cultrum
3606 4164 3759 4234 spiri-

2176 4279 2264 4324 tus
2298 4267 2578 4335 suscipere
2614 4265 2922 4335 patiuntur.
2968 4260 3031 4314 lli
3065 4258 3167 4314 etsi
3208 4258 3263 4312 in
3297 4260 3436 4312 mari
3479 4258 3757 4311 invenian-

2178 4372 2267 4416 tur
2320 4358 2699 4430 baptismatis,
2753 4356 2856 4410 etsi
2910 4355 2965 4408 in
3016 4351 3333 4407 ﬂuminibus
3391 4351 3753 4419 poenitentia},

498 4446 605 4539 betv
634 4482 769 4551 legis
820 4476 1048 4546 implere
1099 4472 1353 4527 mandata
1407 4446 1558 4526 etab
1592 4466 1788 4537 spiritu
1833 4464 2068 4517 litteram
2106 4446 2146 4499 υ
2179 4450 2574 4507 abominabiles
2630 4455 2761 4502 sunt
2809 4446 2861 4500 in
2905 4446 3159 4499 omnibus
3207 4458 3329 4512 quas
3374 4451 3673 4496 moventur
3712 4454 3760 4493 et

498 4575 762 4637 dividere,
791 4581 846 4627 et
887 4571 1059 4640 legem
1098 4564 1415 4637 spiritaliter
1463 4561 1787 4630 intelligere,
1821 4574 1915 4628 per
1956 4558 2074 4611 ha-e

496 4672 680 4719 autem
715 4675 837 4731 quae
884 4671 1031 4711 nunc
1071 4656 1215 4710 dicta
1260 4662 1407 4717 sunt,
1442 4649 1683 4705 ostendit
1716 4648 1784 4702 de
1823 4644 2076 4718 gentibus

499 4773 557 4811 se
590 4753 759 4825 loqui.
794 4751 951 4807 Unde
985 4748 1259 4814 existimo,
1296 4761 1404 4800 non
1445 4741 1723 4812 expressis
1764 4738 2077 4794 nominibus

494 4844 730 4917 piscium
776 4839 1093 4895 memoriam
1130 4836 1347 4900 factam,
1380 4832 1509 4904 quia
1548 4845 1651 4885 nec
1686 4828 1907 4884 nomina
1951 4840 2078 4880 suo-

496 4951 619 4991 rum
666 4933 829 4989 scribi
873 4946 1038 5002 super
1092 4939 1295 4985 terram
1343 4926 1496 4997 cupit
1544 4923 1808 4987 Ecclesia,
1840 4918 1995 5002 unde
2022 4927 2080 4973 et

498 5030 588 5083 illa
627 5024 796 5082 David
837 4996 960 5078 ait
998 5021 1308 5075 Scribantur
1354 4996 1465 5073 licet:
1508 5018 1565 5069 in
1611 4996 1945 5085 generatione
1990 5009 2078 5062 al-

499 5132 610 5173 tera
642 5118 709 5183 ’3,
736 5114 992 5172 videlicet
1024 5110 1206 5165 futura
1241 5110 1296 5162 in
1322 5103 1492 5172 oculis,
1534 5105 1608 5159 ibi
1652 5105 1802 5158 enim
1842 5102 2075 5156 ﬁliorum

498 5209 618 5278 ejus
671 5205 871 5274 scripta
929 5207 1058 5256 sunt
1110 5197 1356 5261 nomina,
1390 5196 1457 5250 de
1501 5210 1607 5263 qua
1645 5191 1847 5246 Paulus
1891 5188 2070 5244 dicit:

499 5298 795 5353 .lccessistis
827 5295 897 5349 ad
923 5301 1148 5347 montem
1174 5288 1322 5355 Sion,
1351 5297 1397 5341 et
1428 5289 1498 5341 ad
1529 5287 1792 5339 civitatem
1828 5282 1920 5336 Dei
1952 5282 2073 5343 vivi,

499 5388 792 5444 Jerusalem
820 5385 1092 5446 crelestem,
1126 5388 1173 5435 et
1207 5378 1489 5433 multorum
1521 5375 1746 5428 millium
1773 5371 2079 5442 angelorum

504 5479 810 5550 frequentia:
856 5487 903 5531 et
941 5475 1188 5531 Ecclesia:
1229 5471 1635 5541 primitivorum,
1675 5466 1764 5536 qui
1803 5463 2081 5531 conscripti

499 5553 622 5624 sunt
652 5570 708 5622 in
740 5567 880 5621 caelis
907 5565 972 5618 ⁸³.
1010 5565 1076 5618 Et
1107 5562 1371 5618 Dominus
1404 5558 1472 5613 ad
1506 5555 1783 5627 apostolos
1827 5552 1903 5607 ait
1931 5570 1944 5605 :
1974 5552 2083 5605 No-

577 5703 620 5736 "
654 5703 844 5758 Matth.
871 5718 1024 5770 χχιιι,
1058 5702 1112 5757 6.
1190 5701 1231 5733 ‘7
1268 5699 1429 5755 Prov.
1460 5714 1536 5762 XI,
1559 5695 1653 5750 ‘22.

510 5768 553 5799 "
582 5777 699 5831 Act.
734 5790 805 5842 ix,
854 5775 937 5827 18.

1730 5695 1772 5728 ³⁸
1804 5693 1948 5749 Psal.
1980 5709 2053 5759 et,
2085 5695 2169 5748 19.

2179 4545 2369 4597 vivunt
2413 4543 2469 4596 in
2512 4540 2688 4610 aquis.
2741 4539 2806 4592 Et
2845 4553 2970 4591 eum
3008 4535 3180 4590 vitam
3220 4533 3401 4589 sortiti
3444 4534 3561 4586 sint
3591 4533 3647 4586 in
3674 4533 3759 4586 ba-

2177 4636 2465 4707 ptismate,
2510 4631 2855 4688 vocationem
2933 4638 3120 4682 tamen
3182 4626 3755 4696 regenerationemque

2181 4732 2548 4798 corruperunt
2590 4741 2601 4777 :
2658 4723 2787 4777 dum
2824 4720 3083 4788 pinnulas
3116 4726 3173 4772 et
3213 4732 3473 4786 squamas
3523 4733 3633 4770 non
3673 4718 3753 4769 hac

2178 4819 2332 4882 bent,
2384 4815 2671 4870 sublimem
2733 4811 2987 4867 videlicet
3044 4809 3254 4882 vitam,
3287 4808 3753 4877 cognitionemque

2177 4909 2515 4969 divinorum,
2557 4919 2678 4973 qua:
2728 4902 2970 4958 caelestis
3020 4909 3123 4965 est,
3163 4880 3258 4954 sed
3308 4914 3403 4953 cor
3450 4913 3661 4953 eme-um
3712 4900 3751 4951 in

2181 4998 2489 5071 ignorantia
2531 4995 2779 5053 detinent
2810 5013 2821 5047 :
2850 5001 2907 5048 et
2944 5000 3234 5063 propterea
3268 4991 3324 5045 in
3356 4991 3446 5044 his
3472 4992 3571 5060 qui
3608 5007 3754 5060 squa—

2181 5108 2299 5148 mas
2350 5092 2574 5155 habent,
2627 5103 2738 5143 non
2781 5094 3241 5141 annumerantur.
3284 5082 3517 5139 Intende
3566 5094 3752 5141 autem.
3840 5090 3841 5101 ‘

2182 5189 2384 5253 quanta
2432 5178 2734 5235 subtilitate
2784 5191 3125 5240 sermonum,
3158 5185 3219 5229 ut
3249 5174 3509 5229 videlicet
3539 5178 3753 5229 maxum

2183 5289 2282 5343 per
2330 5286 2425 5327 eos
2474 5268 2732 5341 mySteria
2784 5274 2840 5321 et
2892 5265 3233 5320 admirabilia
3287 5265 3632 5335 signiﬁcans.
3691 5269 3753 5319 te.

2187 5366 2410 5437 gislator
2454 5363 2660 5429 utitur;
2692 5358 2935 5430 pinnulis
2979 5358 3122 5412 enim
3168 5372 3425 5427 squnmas
3463 5358 3750 5429 conjnmiL

2188 5457 2313 5528 quia
2343 5451 2800 5524 quemadmodum
2832 5449 3096 5520 piscibus,
3120 5448 3320 5517 quibus
3350 5458 3483 5501 sunt
3512 5464 3753 5518 sqmmr,

2192 5550 2278 5602 his
2325 5554 2459 5601 sunt
2501 5542 2821 5599 omnimodo
2858 5550 2913 5596 et
2960 5540 3223 5609 pinnulae,
3264 5541 3345 5595 sic
3378 5541 3587 5610 quibus
3621 5541 3755 5610 igno-

2822 5688 2867 5719 ²⁰
2903 5686 3038 5740 Luc.
3068 5701 3121 5746 ιι,
3161 5684 3252 5738 9.0.

2251 5695 2292 5726 ¹⁹
2326 5690 2496 5747 Hebr.
2522 5705 2618 5755 xu,
2650 5688 2742 5743 22.
2822 5688 2867 5719 ²⁰
2903 5686 3038 5740 Luc.
3068 5701 3121 5746 ιι,
3161 5684 3252 5738 9.0.
3335 5683 3383 5715 ²¹
3421 5684 3523 5739 lsa.
3560 5699 3642 5749 ιι..
3674 5681 3751 5735 l5.
