3886 6306
232 317 341 378 909

1370 314 1450 373 ΙΝ
1488 312 1927 375 LEVJTICUM.
1960 338 2029 347 —
2064 313 2207 372 LIB.
2244 313 2338 372 III

3393 313 3500 380 910

228 428 409 485 rantia
446 427 763 498 temporalis
802 434 907 487 est,
943 434 1000 480 tt
1040 440 1146 495 qua
1177 432 1463 494 propterea
1493 424 1601 479 cito
1633 424 1808 480 careri
1842 434 1883 484 Α
1914 426 2135 477 veritate
2183 424 2379 491 privati
2423 433 2565 488 sunt,
2613 427 3030 482 existimantium
3083 441 3340 499 quantum
3391 445 3499 485 esse

229 520 407 592 possit
439 561 454 586 ,
498 522 583 576 liis
631 530 688 575 et
736 519 975 591 cognitio
1027 519 1274 574 subiimis
1312 527 1370 573 et
1421 518 1530 573 vita
1576 519 1817 574 ctelestis

229 610 507 681 adjicitur.
544 611 746 666 llorum
777 627 908 681 ergo
941 610 1032 680 qui
1070 627 1179 665 non
1216 620 1347 664 sunt
1379 611 1534 676 tales,
1566 627 1670 665 nec
1698 627 1817 664 car-

228 719 334 759 nes
394 704 721 766 comedere,
778 703 875 759 sed
932 718 1035 757 nec
1085 702 1372 757 morticina
1415 709 1668 773 tangere,
1720 719 1821 757 nec

231 793 472 862 aliquam
528 792 973 849 communionem
1027 793 1253 847 otnnino
1305 809 1428 849 cum
1470 795 1564 847 eis
1618 794 1821 847 habere

230 892 476 953 Oportet,
513 885 659 955 quod
713 894 945 940 testatur
986 884 1208 950 Paulus,
1246 885 1479 941 dicens:
1518 884 1579 939 Si
1629 887 1699 949 is,
1733 887 1822 956 qui

235 981 410 1051 frater
455 982 781 1046 nominatur,
826 990 901 1035 est
952 982 1261 1051 fornicator,
1314 990 1408 1034 aut
1462 998 1678 1045 auarus,
1729 989 1822 1034 aut

235 1069 397 1124 idolis
441 1070 692 1136 seruiens,
743 1080 835 1124 aut
885 1070 1206 1135 maledicus,
1259 1081 1353 1124 aut
1404 1071 1670 1136 ebriosus,
1730 1080 1823 1127 aut

237 1177 435 1231 rapax,
464 1178 585 1214 cum
610 1160 910 1230 hujusmodi
938 1177 1029 1214 nec
1057 1160 1228 1214 cibum
1251 1178 1455 1216 sumere
1476 1163 1542 1215 “.
1574 1161 1820 1225 Adulter,

237 1261 338 1306 aut
369 1267 584 1318 avarus,
613 1262 707 1305 aut
738 1252 1010 1316 ebriosus,
1049 1260 1143 1306 aut
1171 1253 1467 1317 detractor,
1509 1269 1619 1306 non
1663 1253 1827 1308 habet

236 1342 536 1413 pinnulas,
584 1352 646 1397 ut
680 1343 848 1398 vitam
897 1343 1155 1398 videlicet
1201 1344 1410 1399 habens
1462 1344 1733 1400 sordidam
1772 1353 1828 1398 et

238 1432 603 1489 immundam.
661 1434 932 1488 idolorum
983 1443 1166 1488 autem
1231 1435 1409 1489 cultor
1487 1435 1543 1488 in
1598 1435 1683 1489 his
1733 1435 1826 1505 qui

239 1541 502 1595 squamas
539 1526 765 1591 habent,
800 1542 911 1581 non
960 1536 1330 1597 computatur,
1364 1527 1556 1582 duram
1600 1528 1824 1598 quippe,

236 1617 382 1671 etin
417 1632 625 1671 morem
657 1626 844 1683 testte,
888 1625 1053 1687 atque
1098 1618 1458 1673 insanabilem
1504 1618 1709 1674 habere
1748 1618 1829 1673 vi-

241 1709 406 1763 detur
457 1708 769 1763 divinorum
821 1709 1216 1778 ignorantiam,
1264 1710 1400 1764 alias
1445 1724 1825 1779 nequaquam,

243 1805 533 1867 postquam
605 1796 1116 1869 Deo‘conjunctus
1183 1807 1302 1865 est,
1365 1800 1505 1855 ultra
1570 1801 1829 1856 servisset
1863 1779 1901 1833 Β

244 1887 429 1940 idolis.

325 1977 485 2032 Vens.
524 1978 709 2034 {3-19.
746 1998 765 2032 ι
812 1979 940 2035 llaec
986 1988 1116 2035 sunt
1159 1998 1281 2051 qua:
1317 1983 1386 2036 dc
1419 1984 1613 2039 avibus
1647 2000 1829 2040 come—

242 2071 379 2126 dere
420 2087 529 2125 non
562 2072 794 2134 debetis,
824 2082 878 2128 et
911 2073 1125 2128 vitanda
1157 2084 1285 2129 sunt
1326 2077 1479 2129 vobis
1509 2095 1522 2129 ε
1565 2080 1823 2146 aquilam,

248 2169 305 2213 et
332 2162 615 2231 grypliem,
646 2171 700 2215 et
729 2161 1004 2216 balitetum
1033 2201 1047 2225 ,
1080 2173 1135 2215 et.
1165 2162 1386 2216 milvnm
1440 2178 1506 2218 ac
1537 2165 1828 2230 vulturem,

244 2252 405 2319 juxta
441 2266 614 2321 genus
651 2266 814 2305 suum
843 2268 857 2303 ς
888 2261 944 2304 et
971 2266 1133 2304 omne
1170 2251 1378 2305 corvini
1425 2253 1640 2322 generis
1672 2254 1723 2307 in
1756 2255 1830 2308 si-

250 2340 617 2394 militudinem
662 2356 812 2394 suam
860 2357 873 2392 :
917 2340 1302 2405 strutliionem,
1346 2350 1623 2407 noctuam,
1659 2351 1713 2396 et
1754 2343 1832 2396 la-

250 2448 396 2497 rum,
430 2442 485 2485 et
530 2432 842 2503 accipitrem
891 2432 1044 2503 juxta
1088 2448 1259 2503 genus
1309 2448 1493 2496 suum,
1533 2433 1831 2497 bubonem,

246 2534 308 2578 et
356 2526 682 2594 mergulum,
714 2534 769 2579 et
801 2524 936 2590 ibin,
972 2539 1224 2595 cycnum,
1260 2534 1316 2580 et
1351 2526 1747 2590 onocrotalum,
1779 2536 1835 2580 et

248 2616 701 2686 porpbyrionem,
755 2617 1132 2683 berodionem,
1178 2627 1235 2673 et
1286 2619 1637 2673 cliaradrium
1680 2620 1833 2689 juxta

249 2719 426 2774 genus
462 2719 644 2769 suum,
679 2720 919 2774 upupam
942 2718 1186 2775 quoque,
1221 2714 1277 2759 et
1306 2706 1768 2776 vespertilionem.
1811 2726 1827 2756 ι

324 2794 433 2849 Nec
475 2811 666 2849 eorum
702 2797 794 2866 qui
827 2797 899 2855 ad
935 2798 1455 2869 contemplationem
1504 2808 1722 2862 vacant,
1757 2799 1836 2852 vi-

251 2896 363 2942 tam
414 2888 469 2940 in
518 2888 624 2942 boc
681 2888 957 2959 legislator
1009 2889 1374 2945 indiscussam
1435 2890 1687 2961 reliquit,
1740 2891 1837 2945 sed

249 2978 713 3047 quemadmodum
774 2978 828 3032 in
894 2978 1171 3034 oblatione
1257 2978 1647 3035 sacriﬁciorum
1715 2995 1837 3049 pro-

253 3070 436 3140 prium
460 3070 542 3124 eis
569 3071 704 3141 legis
732 3070 1033 3140 capitulum
1059 3071 1362 3142 deputavit,
1389 3074 1462 3126 ita
1483 3081 1539 3126 et
1568 3071 1624 3126 in
1654 3071 1837 3141 inqui-

248 3162 453 3217 sitione
514 3163 759 3218 ciborum
823 3164 962 3217 ﬁnes
1013 3163 1092 3218 eis
1136 3163 1388 3233 proprios
1442 3163 1651 3229 dedit,
1700 3178 1838 3232 quos

251 3252 587 3322 producens,
632 3261 691 3306 et
744 3252 1106 3307 terribiliores
1155 3252 1383 3319 faciens,
1427 3268 1539 3311 non
1583 3252 1727 3308 sicut
1771 3250 1838 3308 de

252 3343 544 3413 pecoribus
572 3353 627 3398 et
666 3345 732 3398 de
767 3345 1031 3414 piscibus,
1072 3345 1236 3399 etiam
1285 3346 1353 3400 de
1397 3345 1483 3399 bis
1523 3346 1717 3401 sancit.
1763 3347 1838 3400 lbi

250 3436 402 3489 enim
436 3435 514 3490 ait
548 3455 560 3489 :
593 3435 716 3489 Htec
745 3446 866 3490 sunt
923 3438 1185 3490 animalia
1225 3454 1343 3507 qua:
1382 3438 1649 3492 comedere
1688 3438 1840 3493 debe-

252 3529 323 3581 tis
359 3529 421 3582 de
464 3530 663 3585 cunctis
708 3529 1070 3583 animantibus
1115 3538 1290 3584 terrm.
1329 3528 1393 3584 Et
1436 3546 1627 3585 rursus
1661 3550 1673 3584 :
1714 3530 1842 3585 lltcc

251 3628 379 3671 sunt
426 3636 544 3689 qua:
591 3620 879 3688 gignuntur
928 3618 983 3670 in
1032 3619 1203 3688 aquis,
1231 3627 1279 3672 et
1313 3619 1447 3672 uesci
1484 3618 1687 3672 licitum
1742 3628 1837 3673 est.

258 3710 359 3764 llic
392 3720 575 3764 autem
612 3728 625 3763 :
664 3709 791 3764 Ilwc
817 3720 938 3764 sunt
985 3727 1101 3780 quae
1134 3711 1199 3764 de
1226 3712 1412 3766 avibus
1439 3713 1708 3766 comedere
1738 3728 1842 3765 non

252 3802 475 3862 debetis.
526 3813 573 3856 et
622 3804 839 3857 uitanda
878 3816 997 3857 sunt
1050 3804 1211 3858 vobis.
1252 3802 1390 3858 Vere
1435 3804 1842 3859 abominatione

255 3893 483 3964 dignum
534 3902 637 3958 est,
691 3903 746 3948 et
792 3894 948 3949 valde
1003 3894 1147 3948 inter
1206 3895 1394 3949 illicita
1461 3905 1625 3965 atque
1680 3896 1842 3951 nimis

252 3984 509 4039 evitanda
540 3986 1067 4051 connumerandum,
1087 3985 1532 4054 contemplationi
1559 3994 1839 4041 vacantem

253 4077 571 4146 quempiam
627 4086 823 4146 sponte
872 4078 1005 4134 tales
1038 4078 1262 4153 habere
1317 4076 1556 4132 maculas
1590 4117 1607 4142 ,
1656 4078 1842 4147 quales

254 4186 356 4240 per
425 4170 798 4225 dinumeratas
866 4185 994 4226 aves
1064 4169 1341 4241 legislator
1406 4168 1709 4239 signiﬁcat;
1767 4168 1843 4222 ait

253 4277 406 4316 enim
453 4279 469 4315 ζ

329 4375 599 4447 Aquilam,
633 4386 681 4430 et
724 4377 995 4448 gryphem,
1023 4386 1071 4431 et
1128 4378 1407 4441 aliculam,
1449 4385 1496 4430 et
1524 4376 1738 4430 militum
1781 4392 1843 4430 ac

1921 515 2169 582 pietatem
2210 516 2290 568 “..
2321 515 2429 570 llos
2471 531 2599 588 ergo
2640 517 2950 588 signiﬁcant
2987 535 3049 573 ea
3081 536 3202 590 qua:
3231 538 3379 578 nunc
3415 524 3500 577 di-

1922 615 2203 660 numerata
2245 618 2377 660 sunt
2411 607 2689 673 animalia,
2732 610 2933 663 victum
2962 627 3026 665 ex
3057 612 3243 681 rapina
3272 615 3499 684 conqui-

1923 700 2115 757 rentia.
2154 700 2409 765 Quaedam
2443 711 2623 756 autem
2655 719 2720 755 ex
2757 702 2860 765 bis,
2890 703 3024 757 alias
3056 719 3186 759 aves
3216 705 3501 766 invadunt.

1923 798 1978 843 et
2008 806 2074 843 cx
2119 792 2505 847 venationibus
2538 810 2730 847 earum
2769 795 3123 862 nutriuntur;
3160 797 3263 851 alia
3292 814 3421 854 vero
3449 798 3506 853 in

1924 882 2114 936 domus
2168 883 2557 954 ingredientia,
2604 885 2869 955 diripiunt
2919 903 3040 957 quae
3091 890 3395 959 repererint
3438 907 3507 944 ne

1925 974 2144 1042 quidem
2182 977 2487 1045 gerentium
2524 977 2769 1031 obsoniis
2805 980 3107 1048 parcentia,
3143 981 3341 1049 quibus
3381 992 3513 1036 sunt

1926 1064 2131 1119 similes
2163 1066 2386 1134 quidam
2437 1065 2529 1135 qui
2579 1075 2869 1135 penetrant
2912 1068 3126 1134 domos,
3166 1078 3222 1123 et
3269 1069 3511 1139 captivas

1927 1157 2135 1213 ducunt
2173 1161 2523 1216 mulierculas
2556 1170 2811 1216 oneratas
2842 1163 3101 1231 peccatis,
3140 1178 3278 1235 quos
3314 1162 3511 1219 Paulus

1926 1255 2124 1323 arguit.
2161 1254 2359 1309 Vultur
2390 1256 2521 1310 rixis
2554 1265 2609 1310 ct
2639 1256 2795 1311 bellis
2834 1258 3054 1327 gaudet,
3093 1266 3317 1328 propter
3347 1257 3512 1312 cada-

1928 1360 2054 1399 vera
2089 1346 2420 1414 praeliornm,
2453 1348 2504 1401 in
2531 1356 2739 1402 tantum
2771 1358 2830 1402 ut
2862 1349 3024 1403 etiam
3073 1357 3331 1419 sequatur
3356 1365 3515 1405 exer-

1926 1434 2120 1489 citum.
2152 1435 2275 1511 Non
2302 1451 2436 1508 ergo
2467 1446 2685 1506 oportet
2716 1437 2947 1491 aliorum
2977 1436 3195 1492 casibus
3227 1438 3376 1508 pasci
3429 1447 3517 1493 at-

1928 1540 2037 1594 que
2082 1526 2279 1580 nutriri
2329 1538 2454 1581 cum
2500 1527 2593 1597 qui
2640 1524 3085 1597 contemplationi
3131 1527 3225 1582 dat
3269 1544 3512 1598 operam.

1928 1616 2148 1671 Corvini
2195 1634 2328 1674 vero
2362 1620 2580 1689 generis
2614 1620 2870 1675 animalia
2908 1629 3041 1676 sunt
3081 1619 3390 1677 aﬂectibnis
3418 1637 3515 1677 ex-

1931 1708 2125 1776 pertia,
2158 1712 2303 1779 quod
2345 1712 2697 1767 manifestum
2726 1721 2811 1766 est
2834 1728 2904 1767 ex
2937 1726 3026 1778 eo,
3052 1711 3197 1781 quod
3226 1712 3461 1769 emissus
3485 1728 3515 1766 a

1930 1799 2064 1864 Noe,
2092 1817 2157 1854 ex
2197 1803 2368 1871 prima
2409 1818 2534 1857 eum
2573 1818 2770 1857 corvus
2810 1803 3122 1859 avolatione
3149 1813 3519 1875 transgressus

1929 1901 2032 1955 est,
2060 1894 2145 1946 cui
2181 1893 2376 1947 similis
2433 1891 2605 1948 Judas
2651 1895 2793 1950 circa
2844 1910 3004 1950 suum
3053 1897 3371 1967 magistrum
3417 1895 3519 1950 fuit

1929 1992 1984 2035 et
2030 1982 2338 2037 Dominum.
2393 1983 2642 2038 Strutltio
2695 1984 2813 2039 avis
2858 1984 3078 2054 quidem
3135 1994 3238 2051 est,
3282 1984 3379 2040 sed
3419 2001 3518 2042 vo-

1930 2074 2042 2127 lare
2079 2089 2188 2127 non
2222 2083 2419 2143 potest,
2453 2084 2731 2144 totamque
2758 2076 2923 2130 vitam
2952 2091 3106 2132 suam
3136 2076 3283 2130 circa
3314 2084 3515 2131 terram

1930 2175 2184 2235 occupat,
2237 2167 2428 2235 quales
2475 2178 2605 2222 sunt
2656 2167 2878 2237 quidam
2932 2167 3044 2222 Deo
3097 2167 3413 2234 militantes,
3463 2178 3518 2223 et

1932 2257 2115 2312 saeculi
2151 2272 2210 2311 se
2243 2259 2478 2328 negotiis
2520 2258 2885 2327 implicantcs.
2934 2258 3198 2314 Noctuam
3233 2274 3386 2322 vero,
3418 2274 3518 2329 pro

1932 2365 2038 2417 qua
2070 2349 2425 2421 Septuaginta
2457 2350 2674 2419 γλαῦκα
2700 2352 2975 2420 dixerunt,
2999 2352 3142 2406 hanc
3166 2358 3424 2407 asserunt
3461 2351 3515 2405 in

1933 2450 2094 2495 nocte
2119 2443 2262 2497 acuti
2287 2444 2609 2508 essevisus,
2633 2443 2745 2497 sole
2780 2452 2959 2498 autem
2994 2453 3312 2514 apparente,
3334 2443 3517 2507 minus

1938 2532 2173 2586 utilitate
2199 2535 2481 2588 oculorum
2513 2532 2642 2588 frui.
2667 2531 2826 2588 Tales
2851 2534 3094 2603 suntqui
3122 2534 3257 2605 legis
3280 2534 3518 2605 glorian-

1941 2633 2028 2679 tur
2070 2626 2533 2694 contemplatione
2568 2634 2624 2680 ct
2661 2627 2911 2692 scientia,
2973 2626 3147 2679 lucem
3194 2624 3520 2695 evangelicae

1940 2719 2371 2773 conversationis
2414 2734 2609 2788 capere
2660 2734 2770 2773 non
2815 2718 3080 2772 valentes.
3117 2717 3289 2771 Larus
3320 2717 3519 2771 animal

1938 2817 2024 2863 cst
2069 2808 2122 2862 in
2179 2817 2413 2879 utroque
2464 2809 2678 2874 vivens,
2710 2810 2764 2863 id
2813 2818 2899 2864 est
2948 2824 3087 2879 aqua
3135 2817 3190 2864 et
3233 2820 3398 2875 terra,
3428 2808 3523 2878 qui

1938 2902 2081 2955 sicut
2122 2901 2241 2955 avis
2284 2902 2505 2970 quidem
2553 2902 2716 2967 volat,
2752 2910 2812 2955 ut
2851 2902 3088 2971 aquatile
3129 2908 3313 2955 autem
3347 2909 3518 2955 natat.

1938 2992 2038 3047 Cui
2068 3009 2176 3047 non
2212 2994 2352 3051 male
2386 3002 2772 3064 comparantur
2815 2994 2892 3059 bi,
2921 2994 3013 3063 qui
3059 2992 3221 3048 simul
3263 2992 3522 3047 eieumci-

1884 3085 2149 3165 Isionem
2217 3094 2549 3141 venerantur
2596 3095 2651 3165 et
2700 3086 2990 3156 baptisma,
3027 3086 3096 3141 ad
3144 3101 3282 3157 quos
3324 3084 3524 3140 Paulus

1941 3178 2118 3233 dicit:
2161 3177 2217 3232 Si
2266 3179 2733 3245 circumcidemini,
2764 3177 3001 3235 Christus
3048 3178 3191 3233 vobis
3234 3178 3369 3233 nihil
3401 3194 3526 3248 pro-

1941 3272 2052 3323 dest
2083 3271 2149 3323 ’³.
2177 3270 2453 3340 Accipiter
2482 3270 2623 3331 inter
2652 3284 2877 3339 rapaces
2917 3285 3046 3325 aves
3084 3278 3188 3336 est,
3219 3270 3384 3325 habet
3422 3285 3524 3325 au-

1944 3373 2053 3417 tem
2092 3363 2347 3432 quiddam
2379 3361 2548 3423 aliud.
2584 3370 2815 3431 propter
2845 3362 2990 3431 quod
3022 3378 3055 3416 a
3089 3362 3396 3432 legislatore
3422 3379 3525 3434 po-

1943 3452 2079 3508 situs
2105 3463 2208 3518 est,
2245 3454 2594 3509 mansuescit.
2622 3453 2845 3523 quippe,
2874 3454 2935 3507 et
2966 3462 3290 3522 cooperator
3322 3454 3390 3508 ad
3435 3470 3525 3510 ra-

1942 3546 2255 3615 pacitatem.
2290 3546 2462 3611 Quem
2496 3546 2780 3617 imitantur
2806 3544 2860 3599 bi
2888 3543 2980 3613 qui
3004 3543 3273 3599 mansueti
3302 3544 3523 3614 quidem

1944 3638 2200 3690 videntur
2231 3652 2370 3700 esse,
2403 3645 2458 3690 ct
2489 3652 2651 3690 sensu
2700 3635 2998 3705 tranquilli,
3032 3643 3160 3689 sunt
3186 3644 3369 3690 autem
3399 3651 3523 3694 cum

1944 3729 2282 3799 potentibus,
2315 3738 2372 3781 et
2402 3727 2602 3794 avaris,
2631 3736 2798 3797 atque
2856 3726 3163 3798 rapacibus.
3205 3727 3526 3798 Nycticorax

1942 3820 2140 3874 animal
2173 3829 2277 3882 est,
2313 3819 2456 3888 quod
2493 3819 2548 3873 in
2579 3828 2742 3873 nocte
2775 3818 3154 3874 tantummodo
3190 3818 3334 3889 repit
3363 3827 3527 3888 atque

1943 3918 2253 3981 operatur:
2299 3910 2440 3965 sicut
2487 3918 2618 3964 sunt
2665 3917 2886 3982 gentes,
2935 3909 3301 3979 intelligibiles
3350 3914 3527 3965 noctis

1941 4004 2220 4074 operibus.
2254 4018 2376 4073 quae
2420 4012 2549 4058 sunt
2592 4002 2905 4068 fornicatio,
2943 4001 3310 4068 immunditia,
3348 4001 3527 4073 impu-

1941 4095 2150 4159 dicitia,
2180 4093 2450 4149 idolorum
2479 4094 2679 4155 cultus,
2708 4101 2764 4148 et
2793 4092 2881 4148 bis
2914 4091 3137 4147 similia.
3175 4092 3282 4147 Ibis
3313 4101 3372 4148 et
3399 4107 3528 4162 por-

1943 4189 2176 4260 pbyrion
2229 4198 2286 4243 et
2320 4203 2483 4259 quem
2523 4185 2879 4257 Septuaginta
2911 4184 3197 4240 nominant
3224 4184 3524 4255 pelicanus,

1942 4291 1999 4337 et
2042 4296 2266 4353 cycnus,
2319 4289 2376 4335 et
2426 4279 2707 4343 lieroditts,
2755 4285 2812 4332 et
2857 4276 3171 4341 cliaradius,
3206 4276 3353 4347 longi
3403 4291 3527 4332 esse

1943 4373 2093 4438 colli,
2124 4374 2452 4441 trabereque
2494 4369 2676 4425 cibum
2718 4383 2785 4424 ex
2820 4366 3108 4424 altitudine
3163 4376 3325 4422 teme
3362 4375 3528 4436 atque

252 4465 517 4520 vulturem
563 4466 723 4534 juxta
774 4483 936 4536 genus
994 4482 1168 4521 suum.
1233 4468 1495 4535 Rapaces,
1541 4474 1596 4519 et
1651 4465 1831 4520 cibum
1867 4473 1911 4528 ι)
1939 4480 2204 4537 aquarum
2249 4464 2553 4519 dicuntur:
2591 4476 2710 4529 quae
2743 4459 2999 4515 animalia
3043 4458 3246 4513 imitari
3286 4467 3524 4529 oportet,

255 4562 496 4616 alienum
564 4560 705 4615 male
774 4568 1082 4629 sectantes,
1150 4561 1559 4630 qumstibusque
1619 4560 1836 4629 injustis

256 4652 583 4724 gaudentes.
617 4668 713 4720 per
741 4651 996 4721 praedicta
1031 4650 1317 4720 signiﬁcat.
1349 4649 1484 4716 Quia
1524 4649 1673 4704 enim
1712 4649 1837 4719 qui-

258 4744 383 4796 dam
422 4741 775 4796 inveniuntur
805 4742 860 4795 in
893 4741 1170 4804 Ecclesiis,
1200 4741 1344 4796 inter
1372 4756 1469 4795 eos
1504 4740 1598 4810 qui
1642 4748 1838 4807 putan-

258 4842 349 4888 tur
394 4833 840 4901 contemplationi
890 4847 1113 4901 operam
1160 4832 1312 4893 dare,
1348 4830 1442 4900 qui
1487 4846 1596 4885 non
1643 4846 1838 4899 quem-

252 4926 550 4980 admodum
596 4925 819 4991 debcnt,
860 4926 927 4980 ad
974 4926 1079 4981 hoc
1115 4937 1330 4986 vacant,
1375 4923 1470 4978 sed
1518 4923 1719 4979 frustra
1755 4922 1840 4979 iu-

253 5018 475 5082 ilantur,
515 5019 644 5074 audi
675 5014 902 5073 Paulum
932 5019 1207 5073 dicentem
1244 5035 1260 5070 :
1289 5014 1346 5072 Si
1366 5015 1503 5085 quis
1520 5012 1636 5068 diu
1670 5016 1841 5075 docet,

255 5119 305 5164 et
353 5127 453 5163 non
507 5112 791 5182 acquiescit
837 5110 985 5165 sanis
1038 5107 1362 5162 sermonibus
1411 5105 1625 5159 Domini
1679 5106 1843 5158 nostri

255 5200 383 5252 Iesu
412 5197 628 5260 Christi,
653 5210 701 5254 et
732 5201 779 5255 ei
808 5201 899 5271 qui
932 5198 1219 5255 secundum
1256 5199 1507 5267 pietatem
1540 5205 1615 5250 est
1645 5197 1842 5250 doctri-

259 5307 361 5355 ηαξ,
404 5290 653 5360 superbus
692 5301 792 5357 est,
835 5293 966 5347 nihil
1019 5292 1205 5357 sciens,
1253 5290 1344 5347 sed
1396 5290 1652 5361 languens
1700 5288 1840 5342 circa

258 5383 572 5452 qua'stiones
620 5393 668 5436 et
710 5400 914 5454 pugnas
954 5385 1249 5446 verborum,
1280 5400 1345 5438 ea:
1376 5383 1563 5454 quibus
1602 5382 1844 5437 oriuntur

256 5474 497 5540 invidiw,
529 5475 900 5536 contentiones,
930 5476 1283 5546 blasphemia,
1309 5475 1631 5544 suspiciones
1662 5471 1840 5535 maliv,

257 5565 679 5635 conﬂictationes
704 5564 974 5618 hominum
998 5577 1168 5620 mente
1193 5577 1582 5635 corruptorum,
1610 5572 1658 5617 et
1685 5562 1775 5632 qui
1808 5578 1844 5613 a

321 5719 368 5751 ’³
419 5741 435 5795 1
477 5741 606 5797 Cor.
660 5758 715 5804 ν,
750 5737 838 5792 Η.
915 5739 960 5771 ³³⁵
988 5738 1007 5792 1
1035 5739 1175 5796 Tim.
1209 5757 1282 5806 vt,
1313 5742 1368 5807 5,
1403 5741 1456 5795 4.
1535 5740 1579 5771 ’³
1611 5737 1786 5795 Galat.
1828 5753 1880 5801 ν,
1914 5734 1970 5790 ‘2.

1943 4574 2047 4614 nec
2069 4558 2137 4612 de
2163 4556 2512 4611 inferioribus
2528 4554 2764 4611 evellere
2778 4552 2982 4617 cibum,
2997 4551 3091 4606 sed
3110 4551 3178 4605 de
3192 4551 3525 4607 cmlestibus.

1944 4649 2041 4705 llle
2066 4648 2338 4718 siquidem
2365 4644 2814 4714 contemplationi
2839 4654 3013 4707 vacat,
3037 4641 3129 4712 qui
3155 4643 3221 4697 ad
3246 4642 3527 4712 superiora

1947 4750 2134 4796 mente
2166 4738 2469 4801 contendit,
2504 4746 2562 4790 et
2601 4750 2711 4789 non
2762 4734 2935 4788 solum
2977 4733 3393 4800 intelligibilem,
3430 4733 3530 4788 sed

1951 4836 2007 4881 et
2037 4825 2351 4881 sensibilem
2381 4822 2563 4875 cibum
2598 4838 2626 4872 a
2663 4820 2773 4872 Deo
2796 4823 3109 4885 exspectant:
3145 4816 3288 4870 unde
3313 4818 3393 4872 ait
3424 4815 3528 4870 Do—

1952 4918 2134 4971 minus
2159 4934 2173 4969 :
2200 4913 2376 4967 Nolite
2403 4910 2612 4964 solliciti
2640 4924 2747 4963 esse
2773 4907 2967 4961 anima:
2994 4916 3200 4972 vestrm,
3226 4908 3352 4978 quid
3376 4924 3530 4963 man-

1950 5006 2171 5067 ducetis,
2185 4998 2348 5073 neque
2376 4998 2603 5069 corpori,
2621 4998 2747 5067 quid
2772 4998 3072 5052 induamini
3099 5014 3117 5051 :
3138 4997 3236 5054 scit
3259 4998 3398 5052 enim
3420 4998 3530 5054 Pa-

1950 5108 2030 5154 ter
2072 5107 2237 5151 vester
2269 5092 2504 5157 caelestis,
2541 5091 2667 5161 quia
2716 5089 2957 5144 omnibus
3001 5089 3082 5142 his
3126 5102 3328 5142 necesse
3369 5089 3530 5143 liabe-

1949 5193 2017 5246 tis
2039 5191 2106 5243 ’⁸.
2141 5188 2332 5259 Upupa
2361 5184 2591 5255 lugubre
2617 5182 2817 5239 animal
2843 5195 3140 5251 amansque
3167 5182 3374 5235 luctum
3405 5188 3487 5234 est
3513 5200 3525 5234 :

1950 5281 2133 5338 saeculi
2181 5287 2366 5334 autem
2421 5275 2640 5330 tristitia
2692 5283 2923 5329 mortem
2972 5280 3248 5343 operatur.
3300 5270 3531 5341 Pr0pter

1949 5373 2096 5444 quod
2138 5378 2359 5441 oportet
2395 5383 2522 5423 cum
2567 5366 2657 5437 qui
2701 5365 2875 5436 diligit
2925 5363 3094 5419 Deum
3147 5378 3366 5434 semper
3397 5379 3533 5435 gau-

1951 5466 2101 5528 dere,
2135 5463 2252 5518 sine
2296 5460 2706 5515 intermissione
2742 5472 2920 5523 orare,
2955 5456 3012 5512 in
3045 5456 3301 5524 omnibus
3329 5455 3531 5527 gratias

1952 5572 2115 5629 agere
2145 5576 2157 5608 :
2192 5554 2317 5623 quia
2357 5553 2614 5623 gaudium
2666 5550 2876 5604 fructus
2903 5556 2989 5604 est
3022 5547 3267 5617 spiritus.
3296 5546 3532 5616 Vesper-

2060 5733 2106 5764 "
2137 5730 2327 5815 Matth.
2358 5745 2432 5793 vi,
2463 5727 2554 5796 3|,
2585 5728 2676 5781 59..
