3886 6306
425 334 523 406 91}

1615 319 1946 387 HESYCHJ
1954 320 1981 381 Ι
2017 314 2489 379 PRESBYTERI

3604 316 3715 380 912

429 463 645 516 titiones
676 458 819 511 circa
853 462 1051 508 terram
1085 444 1285 507 volant,
1309 441 1381 494 ita
1415 448 1473 492 ut
1495 436 1691 507 pennis
1723 448 1825 504 pro
1856 429 2010 501 pedi-
2043 444 2084 498 Α
2113 427 2208 481 sed
2240 433 2443 480 tamen.
2470 425 2596 493 Quia
2624 438 2734 478 non
2768 424 3067 479 secundum
3100 425 3418 491 veritatem,
3446 428 3717 483 socialem

427 554 529 607 bus
557 558 782 606 utantur
809 541 1028 615 quando
1060 534 1338 590 ambulant
1378 549 1390 584 :
1429 528 1575 598 quod
1616 525 1896 596 indignum
1930 529 2012 573 est

428 646 481 700 in
531 645 612 698 eis
660 640 753 711 qui
792 626 1239 701 contemplationi
1292 624 1423 678 dant
1473 632 1696 690 operam
1730 625 2014 711 quorum

429 736 577 788 cnim
614 706 696 785 est
744 728 956 784 volatus
997 722 1140 776 circa
1192 712 1414 778 terram,
1445 711 1641 765 horum
1676 706 1841 761 etiam
1880 716 2014 755 con-

430 825 713 896 templatio
743 818 934 891 procul
965 813 1131 870 dubio
1172 810 1227 863 in
1268 804 1503 861 terrenis
1531 806 1850 896 occupatur.
1883 794 2012 896 .Non

430 886 560 987 ergo
599 886 912 968 incredulus
958 908 1034 960 sis
1082 918 1187 957 nec
1229 898 1467 961 dubites,
1500 891 1647 987 quod
1680 892 1796 987 haec
1825 886 2011 985 etiam,

430 981 551 1074 quae
596 1016 743 1056 nunc
775 1000 1122 1055 dinumerata
1152 1000 1299 1051 sunt,
1340 984 1614 1047 animalia,
1645 981 1715 1035 ad
1742 981 2015 1074 ostensio-

430 1069 554 1151 nent
586 1095 923 1164 ﬁguramque
951 1102 1164 1149 eorum,
1196 1098 1225 1135 a
1253 1081 1451 1152 quibus
1491 1076 1769 1131 abstinere
1811 1069 2015 1164 debent

428 1161 881 1256 contemplationi
918 1186 1194 1241 vacantes,
1231 1172 1413 1243 posuit
1449 1168 1742 1240 legislator.
1791 1161 1896 1217 Sed
1931 1162 2014 1256 ius

428 1284 585 1352 quies
615 1300 628 1335 :
653 1253 952 1346 Quomodo
986 1274 1180 1327 horum
1213 1264 1527 1320 animalium
1560 1275 1669 1313 non
1700 1257 1875 1318 cibus,

427 1349 665 1429 inritatio
712 1368 1035 1440 prohibetur
1061 1403 1075 1427 ,
1124 1375 1247 1415 cum
1290 1356 1543 1427 pelicano
1587 1349 2013 1440 etnyetieoraei

428 1465 601 1519 David
649 1436 918 1532 propheta
967 1452 1321 1520 semetipsum
1367 1438 1736 1535 comparavit,
1779 1436 2010 1535 dicens':

434 1531 843 1624 Similisfactus
875 1548 1115 1619 pelicano
1150 1558 1288 1605 sum,
1321 1540 1491 1610 {actus
1531 1549 1646 1585 sum
1685 1531 1819 1582 sicut
1849 1531 2015 1596 ngcti-

432 1663 594 1702 coraa:
633 1619 689 1698 in
728 1639 993 1696 domicilio
1019 1638 1101 1691 ‘7?
1149 1634 1252 1689 Per
1297 1630 1528 1701 aquilam
1582 1633 1761 1678 autem
1807 1619 2016 1688 Moyses

434 1741 615 1808 ipsum
664 1732 934 1804 signiﬁcat
979 1729 1174 1790 Deum,
1206 1724 1479 1778 dicentem
1524 1717 1589 1769 ad
1634 1711 1852 1808 Israel-:-
1874 1708 2015 1808 Quo-

2115 520 2521 590 amplectuntur
2555 518 2750 583 vitam,
2789 518 3092 572 abutuntur
3115 527 3297 572 autem
3331 523 3718 591 eompastione

2117 607 2522 672 pmdicationis
2553 622 2655 676 pro
2703 608 2817 661 suis
2847 608 3239 678 voluptatibus,
3272 610 3542 666 immundi
3585 623 3720 668 sunt

2115 706 2278 766 atque
2324 695 2742 761 abominabiles,
2795 705 2984 765 utpote
3032 698 3127 766 qui
3177 698 3230 750 iu
3279 698 3370 752 tali
3411 714 3719 755 conversa—

2117 788 2284 853 tione,
2328 797 2384 841 et
2427 787 2480 840 in
2526 788 2616 841 tali
2658 787 2908 852 scientia,
2936 797 3149 867 turpem
3188 792 3484 859 quamdam
3530 792 3715 864 ingre-

2113 878 2343 933 diuntur
2388 888 2445 932 et
2486 877 2824 932 immundam
2876 877 3066 933 vitam.
3106 878 3318 943 Quibus
3360 890 3552 934 autem
3586 891 3713 937 sunt

2114 988 2277 1029 crura
2320 971 2642 1033 excelsiora,
2677 979 2737 1025 ut
2777 985 2876 1040 per
2912 986 2976 1025 ea
3014 972 3270 1026 essiliant
3306 986 3337 1025 a
3372 980 3546 1033 terra.
3572 974 3717 1029 inter

2116 1065 2319 1119 munda
2343 1070 2630 1133 propterea
2650 1063 3106 1132 ponuntur,quia,
3127 1078 3256 1117 eum
3286 1064 3399 1118 sint
3431 1066 3489 1117 in
3520 1080 3715 1130 carne,

2116 1173 2229 1212 non
2265 1158 2567 1212 secundum
2596 1170 2819 1209 carnem
2865 1155 3117 1218 militant,
3149 1156 3243 1210 sed
3276 1171 3305 1208 a
3336 1156 3581 1210 sordidis
3620 1172 3717 1211 ex-

2118 1248 2309 1302 siliunt
2350 1246 2683 1311 actionibus,
2739 1255 2795 1299 et
2847 1246 3201 1300 saecularibus
3269 1246 3614 1309 hominibus,
3660 1260 3715 1301 ut

2118 1340 2354 1396 doceant
2380 1354 2477 1393 eos
2507 1347 2671 1408 atque
2706 1339 2997 1403 instruant,
3045 1339 3456 1408 permiscentur
3488 1358 3502 1393 :
3536 1344 3612 1393 ita
3662 1352 3715 1394 ut

2121 1443 2177 1487 et
2206 1447 2330 1486 cum
2361 1431 2625 1484 adulteris
2662 1430 2974 1499 aliquando,
3011 1440 3068 1484 et
3099 1447 3222 1485 eum
3262 1432 3583 1501 publicanis
3620 1433 3715 1485 ha-

2117 1526 2315 1589 bilent,
2340 1535 2393 1578 et
2418 1535 2596 1579 tamen
2630 1524 2927 1578 immundis
2954 1538 3144 1578 eorum
3172 1539 3281 1578 non
3308 1526 3713 1581 commiscen-

2117 1628 2205 1670 tur
2235 1616 2543 1670 actionibus
2582 1634 2592 1667 :
2633 1616 2879 1670 resiliunt
2922 1616 3068 1670 enim
3101 1617 3168 1670 ab
3205 1618 3305 1680 eis,
3361 1626 3418 1670 et
3465 1618 3712 1679 avolant,

2117 1716 2172 1761 et
2201 1722 2326 1759 tum
2361 1706 2675 1760 societatem
2721 1707 2931 1775 peccati
2962 1707 3206 1776 iptwrum
3252 1708 3560 1778 refugiant,
3587 1724 3715 1778 pec-

434 1799 586 1885 ruoa‘o
625 1799 943 1899 poriarerim
979 1836 1067 1873 ros
1099 1832 1256 1885 super
1293 1812 1411 1865 alus
1441 1807 1747 1880 aquilarum
1776 1802 1853 1853 ’3?
1881 1800 2014 1852 Nam
2053 1808 2090 1859 lt
2118 1801 2396 1856 catorihus
2434 1805 2636 1864 tamen,
2666 1807 2727 1852 ut
2757 1812 2855 1852 eos
2888 1813 2918 1851 a
2955 1808 3302 1867 peccatorum
3343 1800 3614 1853 sordibus
3653 1799 3713 1851 li-

431 1935 485 1977 et
535 1894 817 1990 propheta:
875 1913 1090 1967 leonem
1131 1906 1409 1961 Christum
1463 1897 1757 1990 appellant,
1798 1894 2011 1990 leonem

432 1985 613 2067 autem
638 1985 911 2063 diverso
945 2016 1067 2055 esse
1107 1998 1300 2052 I‘etrus
1339 1992 1612 2048 diabolum
1645 1987 1773 2042 dicit
1797 1985 1877 2049 ¹⁹;
1909 1997 2013 2035 nec

434 2116 612 2160 tamen
647 2100 948 2153 secundum
979 2094 1083 2146 hoc
1113 2090 1197 2143 leo
1246 2086 1516 2145 Christus,
1542 2078 1842 2134 secundum
1869 2072 2012 2142 quod

431 2190 677 2247 diabolus
711 2187 928 2242 dicitur.
963 2179 1121 2236 Absit
1163 2194 1192 2231 a
1258 2175 1436 2235 nobis,
1475 2172 1618 2225 absit
1670 2168 1773 2221 ista
1820 2164 2014 2233 impic-

435 2297 517 2340 tas
550 2303 563 2337 :
597 2282 691 2336 sed
724 2278 848 2348 quia
893 2274 1055 2330 simul
1096 2271 1327 2341 regium,
1365 2279 1580 2320 necnon
1630 2276 1814 2331 rapax,
1854 2267 2014 2325 atque

434 2378 642 2433 immite
669 2382 750 2427 est
778 2368 1001 2432 animal,
1034 2377 1267 2433 cumque
1299 2358 1619 2429 dignitatem
1666 2351 2012 2411 laudabilem,

433 2463 847 2535 vituperabilem
889 2467 1072 2511 tamen
1110 2452 1484 2522 operationem
1508 2455 1687 2517 gerat,
1721 2441 1865 2513 quod
1895 2439 2017 2535 qui-

434 2531 566 2611 dem
601 2551 869 2608 laudabile
915 2549 1100 2611 habet,
1131 2546 1234 2598 hoc
1272 2543 1327 2596 in
1362 2540 1562 2595 Christi
1614 2550 1779 2606 regno
1816 2531 2017 2601 accipi-

436 2659 545 2713 tur,
582 2646 726 2718 quod
758 2652 940 2697 autem
966 2635 1349 2706 vituperabile,
1383 2633 1435 2686 in
1468 2628 1704 2692 diabolo,
1737 2626 1789 2679 id
1819 2632 1903 2679 cst
1931 2640 2019 2718 ra-

438 2716 667 2812 pacitas,
698 2732 1165 2790 immansuetudo.
1213 2726 1367 2793 Quod
1413 2734 1469 2778 et
1521 2725 1574 2777 in
1624 2719 1801 2790 aquila
1842 2716 2019 2772 consi-

438 2836 719 2893 derantes,
753 2828 873 2882 sine
905 2824 1083 2893 aliqua
1124 2821 1402 2875 dubietate
1437 2815 1763 2886 reperimus,
1798 2818 2021 2881 propter

438 2924 785 2983 altitudinem
837 2916 986 2970 enim
1044 2912 1256 2966 volatus
1307 2908 1462 2977 ejus,
1518 2906 1741 2976 ligurum
1793 2901 1913 2970 ejus
1964 2898 2018 2951 in

443 3020 611 3072 Deum
664 3010 898 3081 sumpsit
940 3004 1180 3075 Moyses;
1221 2999 1347 3070 quia
1409 3011 1537 3051 vero
1588 3008 1775 3064 rapax,
1822 3007 1851 3044 a
1899 2989 2020 3044 cibo

436 3112 559 3181 ejus
585 3100 970 3160 abstinendum
1005 3095 1162 3150 dixit.
1195 3090 1465 3159 Propheta
1496 3095 1677 3141 autem
1719 3083 1906 3181 Dav-id,
1940 3083 2023 3181 ill-.-

2116 1891 2312 1945 berent
2376 1898 2538 1957 atque
2606 1895 2904 1953 revocent,
2961 1886 3286 1957 plerumque
3339 1888 3710 1941 eobabitant:

2116 1984 2257 2038 sicut
2302 1982 2602 2044 Dominus,
2654 1982 2747 2050 qui
2785 1990 3059 2047 peccatum
3091 1995 3193 2033 non
3230 1981 3375 2051 fecit,
3410 1996 3509 2033 nec
3544 1982 3600 2032 in
3630 1996 3715 2033 ore

2116 2075 2230 2143 cjus
2259 2073 2410 2127 dolus
2438 2073 2538 2142 fuit
2571 2072 2635 2135 ³³,
2679 2087 2802 2124 cum
2848 2072 3231 2141 peccatoribus
3273 2073 3604 2127 comedebat
3665 2083 3713 2127 et

2118 2166 2355 2227 bibebat,
2386 2164 2631 2218 doctrina
2664 2178 2760 2217 eos
2800 2162 3254 2233 institutioneque
3296 2165 3637 2234 justiticans,
3665 2177 3713 2220 et

2117 2259 2181 2311 ad
2224 2258 2306 2311 sui
2342 2271 2644 2327 provocans
2677 2255 3106 2320 aemulationem,
3157 2257 3296 2309 nihil
3349 2273 3554 2312 eorum
3602 2259 3714 2328 ipse

2121 2349 2359 2413 imitans,
2392 2363 2493 2402 nec
2522 2348 2591 2403 ab
2618 2348 2698 2400 eis
2730 2347 3065 2416 inquinatus.
3104 2346 3336 2417 Propter
3372 2351 3524 2419 quod
3566 2351 3715 2403 disc-

2121 2448 2248 2492 ruut
2275 2438 2497 2493 Cantica
2528 2438 2867 2492 canticorum
2900 2457 2911 2490 :
2944 2437 3076 2491 Ecce
3118 2438 3214 2491 istc
3243 2440 3385 2491 venit
3415 2439 3625 2492 saliens
3665 2442 3716 2491 in

2122 2532 2401 2593 montibus,
2444 2531 2703 2583 transiens
2761 2545 2922 2599 super
2976 2529 3132 2583 colles
3175 2530 3241 2583 “.
3294 2531 3531 2599 Oportet
3589 2546 3717 2601 ergo

2122 2639 2223 2677 nos
2269 2623 2470 2677 habere
2517 2637 2678 2676 crura
2724 2621 3043 2676 sublimiora
3089 2622 3344 2692 pedibus,
3378 2638 3494 2676 non
3535 2624 3713 2693 qualia

2122 2716 2435 2769 Judaeorum
2473 2713 2639 2785 pedes
2675 2713 2895 2778 habent,
2929 2712 3021 2783 qui
3061 2712 3117 2766 in
3151 2713 3440 2781 utriusque
3472 2714 3715 2784 vestigiis

2123 2811 2260 2873 suis,
2295 2808 2348 2863 in
2384 2808 2502 2878 lege
2532 2807 2787 2862 videlicet
2814 2814 2871 2860 et
2899 2804 3203 2876 prophetis,
3239 2805 3594 2872 claudieant;
3622 2808 3716 2859 sed

2123 2900 2300 2968 qualia
2335 2898 2539 2953 habent
2577 2912 2664 2965 ea,
2704 2912 2826 2967 qua:
2858 2897 3117 2951 dicuntur
3150 2894 3472 2962 Cherubim,
3505 2900 3578 2951 de
3600 2898 3717 2966 qui.

2127 2995 2227 3047 bus
2253 2992 2459 3047 dictum
2488 2999 2573 3045 est
2599 3008 2612 3044 :
2642 2988 2711 3043 Et
2737 3006 2893 3044 crura
2926 3006 3104 3043 eorum
3135 3005 3291 3043 crura
3320 3002 3484 3065 recta,
3514 3001 3565 3043 ct
3592 3007 3721 3060 pcn—

2128 3085 2240 3136 uati
2281 3084 2436 3153 pedes
2476 3098 2678 3150 eorum,
2722 3090 2871 3136 recte
2905 3090 2961 3135 et
2985 3081 3440 3136 indcelinabiliter
3466 3082 3522 3135 in
3552 3099 3718 3137 evan-

441 3162 573 3269 ;cns
614 3191 890 3246 hominem
940 3188 991 3239 in
1028 3192 1251 3253 peccato
1286 3177 1664 3239 constitutum,
1696 3170 2019 3244 nyeticoraei
2049 3162 2090 3219 C
2127 3175 2312 3246 geticis
2366 3174 2597 3245 pedibus
2647 3192 2658 3227 ;
2704 3174 2772 3228 dc
2819 3173 3016 3243 quibus
3061 3174 3263 3228 dictum
3305 3183 3388 3228 cst
3426 3193 3439 3229 ε
3475 3173 3720 3230 Catum;

443 3259 615 3347 hunc,
653 3282 796 3336 sicut
832 3277 885 3330 in
923 3283 1085 3328 nocte
1117 3270 1412 3333 viventem,
1450 3263 1785 3334 comparavit
1816 3261 1884 3313 ⁸ο.
1919 3259 2021 3313 Per

440 3376 751 3447 pelieanurn
804 3374 1012 3431 autem,
1052 3368 1241 3431 utpote
1281 3373 1379 3428 per
1419 3354 1619 3409 animal
1660 3366 1850 3407 amans
1893 3349 2020 3447 soli-

443 3442 711 3524 tudinem,
749 3456 1000 3530 ﬁguravit
1032 3468 1179 3515 eum,
1209 3450 1303 3520 qui
1349 3447 1529 3502 forsan
1577 3444 1768 3499 amicis
1810 3442 2021 3499 desola-

436 3570 532 3613 tus
562 3564 666 3617 est,
692 3560 786 3607 aut
808 3546 1075 3620 cognatis,
1106 3543 1446 3611 aliorumque
1473 3538 1730 3593 similium
1761 3536 2019 3591 societate

432 3649 757 3704 destitutus.

513 3740 676 3794 Vsus.
706 3734 897 3791 20-22.
933 3754 951 3786 ε
986 3732 1158 3787 Omne
1201 3728 1269 3782 de
1302 3725 1633 3784 volucribus,
1664 3722 1808 3793 quod
1842 3718 2020 3791 gradi-

431 3846 530 3887 tur
574 3844 742 3901 super
789 3835 1022 3898 quatuor
1060 3823 1246 3894 pedes,
1289 3818 1655 3874 abominabile
1693 3815 1797 3869 erit
1840 3810 2017 3866 vobis.

440 3923 716 3993 Quidquid
759 3931 941 3976 autem
977 3916 1217 3971 ambulat
1240 3913 1459 3984 quidem
1495 3923 1659 3979 super
1690 3907 1857 3978 pedes
1885 3918 2021 3974 qua-

434 4030 584 4081 tuor,
620 4014 713 4069 sed
750 4013 917 4067 habet
955 4010 1181 4081 largiora
1219 4015 1365 4060 retro
1402 4018 1581 4066 crura,
1617 4014 1713 4071 per
1740 4013 1862 4069 quae
1899 3995 2023 4051 salit

440 4123 608 4174 super
644 4117 865 4169 tenam,
889 4102 1179 4157 contedere
1210 4096 1440 4162 debetis,
1483 4103 1543 4148 ut
1574 4101 1658 4146 est
1690 4090 1933 4146 bruchus
1965 4087 2020 4141 in

440 4211 640 4268 genere
670 4211 788 4258 suo,
822 4202 1052 4256 attaeus,
1075 4198 1238 4258 atque
1269 4184 1667 4257 ophiomachus
1695 4196 1759 4235 ac
1789 4180 2018 4244 locusta,

441 4289 649 4360 singula
674 4289 825 4356 juxta
858 4297 1030 4354 genus
1060 4294 1241 4334 suum.
1285 4297 1302 4328 ι

511 4384 595 4435 Ab
646 4378 794 4434 omni
844 4375 1075 4430 mundos
1120 4386 1240 4424 esse
1298 4378 1552 4439 peccato,
1599 4376 1763 4434 atque
1807 4364 2022 4418 actione

2125 3268 2352 3336 pcdcsin
2390 3266 2781 3336 pra‘paratione
2807 3264 3084 3335 Evangelii
3115 3258 3340 3334 pacis”.
3374 3266 3496 3324 Hic.
3525 3283 3720 3336 quam-

2124 3360 2207 3413 vis
2238 3374 2406 3428 super
2444 3367 2643 3412 terram
2680 3357 2943 3424 ambulet,
2996 3357 3246 3427 quamvis
3287 3371 3414 3410 cum
3458 3366 3717 3427 peceato-

2125 3451 2277 3505 rihus
2309 3449 2739 3519 dispensationis
2791 3449 3073 3519 cujusdam
3105 3449 3272 3519 gratia
3305 3450 3717 3520 juvaminisque

2123 3550 2502 3607 conversetur,
2533 3540 2664 3595 illud
2697 3541 2930 3611 implens
2958 3541 3319 3611 apostolicum
3353 3558 3366 3592 :
3397 3540 3459 3595 Si
3483 3543 3606 3611 quis
3631 3558 3716 3595 ros

2121 3643 2272 3688 rocat
2316 3632 2609 3703 inﬁdelium
2647 3633 2715 3686 ad
2754 3649 2977 3697 comam,
3001 3642 3049 3686 ct
3081 3632 3239 3686 vultis
3270 3633 3367 3698 ire,
3395 3648 3555 3686 omne
3581 3637 3717 3703 quod

2123 3728 2261 3781 vobis
2296 3728 2593 3797 appositum
2634 3727 2812 3798 fuerit,
2850 3726 3124 3789 comedite,
3159 3726 3290 3778 nihil
3325 3726 3716 3796 interrogantes

2123 3828 2338 3889 propter
2359 3819 2735 3873 conscientiam
2760 3818 2845 3869 ’σε
2885 3826 3065 3872 tamen
3100 3818 3322 3872 volatile
3352 3828 3643 3887 permanet
3665 3830 3716 3872 et

2123 3911 2360 3965 mundus
2392 3919 2497 3972 est,
2537 3910 2716 3965 sciens
2744 3925 2773 3963 a
2806 3921 2947 3964 terra
2996 3909 3437 3980 emicareatque
3470 3912 3712 3974 exsilire,

2123 4014 2179 4057 et
2204 4016 2315 4057 non
2346 4002 2630 4057 adhaerere
2669 4002 3023 4057 saacularibus
3056 4001 3386 4056 actionibus.
3426 3998 3586 4057 Bene
3623 4019 3709 4057 au-

2125 4104 2233 4149 tem
2270 4094 2461 4148 talium
2507 4093 2824 4148 animalium
2865 4094 3029 4147 etiam
3071 4094 3334 4149 vocabula
3373 4096 3608 4163 protulit
3642 4095 3713 4149 le-

2124 4186 2367 4256 gislator,
2425 4185 2732 4250 bruchum,
2785 4183 3155 4249 etlocustam,
3221 4193 3498 4249 attacum,
3554 4196 3713 4256 atque

2125 4277 2550 4347 ophiomaehum
2595 4276 2907 4331 nominans.
2949 4275 3119 4346 Cujus
3160 4285 3343 4331 autem
3376 4280 3711 4348 operations

2126 4369 2257 4432 sint,
2289 4368 2404 4422 sive
2450 4366 2688 4431 virtutis,
2715 4365 2928 4421 Nahum
2958 4366 3225 4436 propheta
3269 4368 3401 4421 satis
3434 4370 3708 4439 explanat,

443 4472 681 4535 sordida,
715 4484 810 4524 eos
837 4469 929 4536 qui
963 4461 1439 4531 eontemplativam
1475 4460 1636 4514 vitam
1673 4458 2015 4529 pollicentur,
2054 4504 2096 4558 ῃ
2126 4460 2201 4514 ait
2237 4459 2381 4512 enim
2416 4478 2429 4512 :
2472 4456 2710 4511 Bruclms
2737 4474 2999 4528 expansa:
3027 4468 3122 4521 est,
3158 4469 3206 4512 ει
3235 4461 3466 4513 armavi;
3498 4477 3516 4514 _-
3542 4473 3713 4515 (καθ.

442 4570 681 4634 oportet.
724 4559 1014 4628 Propterea
1067 4553 1378 4624 quicunque
1434 4548 1650 4621 quidem
1710 4547 2019 4602 volatilibus

433 4651 652 4707 similes
683 4656 832 4713 sunt,
860 4659 1223 4716 supernorum
1253 4641 1507 4697 videlicet
1531 4639 1743 4709 assequi
1773 4646 2020 4692 contem-

430 4741 738 4813 plationem
778 4737 1180 4808 promittentes,
1227 4747 1349 4803 quae
1397 4731 1548 4786 ducit
1591 4730 1656 4784 ad
1700 4729 1888 4792 caelos,
1925 4728 2021 4783 sed

441 4834 729 4906 reptilibus
756 4836 1169 4899 comparantur,
1213 4826 1341 4897 quia
1386 4825 1753 4895 tlcpascuntur
1798 4831 2019 4880 terram,

430 4937 498 4984 [et
527 4924 986 4997 concupiscentiis
1017 4936 1239 4991 operam
1274 4922 1427 4983 dant,
1458 4918 1671 4972 etiamsi
1706 4916 1757 4969 in
1788 4921 2024 4984 quatuor

444 5021 726 5076 ambulant
757 5018 946 5089 pedes,
982 5017 1031 5069 id
1067 5024 1172 5078 est,
1207 5013 1313 5069 etsi
1351 5012 1721 5081 evangelicam
1763 5006 2025 5062 simulant

444 5113 913 5185 praedicationem,
948 5122 1069 5177 qua:
1104 5105 1240 5159 dixit
1271 5123 1281 5156 :
1316 5104 1433 5157 Non
1463 5102 1578 5155 ι’ρηὶ
1618 5116 1804 5155 vocare
1824 5100 2019 5167 justas,

442 5208 534 5263 sed
561 5214 856 5276 peccatores
891 5202 962 5255 ad
1003 5197 1366 5269 prmiteutiam
1399 5195 1464 5258 ³¹,
1510 5203 1565 5247 et
1610 5212 1620 5245 :
1675 5191 1793 5244 Non
1833 5191 2022 5242 habent

444 5313 646 5351 necesse
684 5295 802 5350 sani
833 5292 1065 5356 medico,
1103 5289 1192 5344 sed
1232 5288 1322 5357 qui
1366 5285 1501 5337 male
1532 5285 1722 5337 habent
1752 5284 1818 5346 ³²,
1852 5298 1880 5335 a
1914 5297 2022 5352 quo

430 5389 581 5443 ‘latro
622 5387 861 5443 salvatus
887 5392 989 5447 est,
1021 5390 1075 5436 et
1110 5381 1354 5436 adultera
1388 5376 1676 5445 justiticata
1710 5386 1815 5437 est,
1844 5383 1899 5428 et
1929 5374 2019 5443 qui

428 5481 567 5551 plus
604 5478 896 5541 debebant,
925 5475 1047 5545 plus
1068 5474 1293 5543 diligere
1323 5471 1691 5540 ignes-centeni
1726 5469 2017 5535 dicuntur;

540 5656 754 5711 "Psal.
808 5672 878 5719 Cl,
937 5655 985 5709 7.
1091 5656 1138 5686 "
1200 5652 1373 5705 Exod.
1408 5666 1516 5711 vix,
1560 5654 1612 5707 ὁ.

451 5729 536 5783 η.
644 5728 689 5759 ³⁵
724 5727 824 5779 lsa.
859 5739 973 5785 Llll,
1010 5724 1071 5783 9:
1133 5722 1149 5774 I
1188 5721 1331 5774 l’etr.
1364 5737 1421 5785 tt,
1454 5723 1544 5776 2‘2.

439 5811 528 5864 stt,
562 5796 643 5853 16.
738 5797 801 5828 ³⁷·
831 5796 1019 5848 Matth.
1061 5808 1213 5861 xxiv,
1244 5791 1327 5846 12.

1715 5650 1761 5680 ²⁹
1794 5647 1811 5699 i
1844 5647 1987 5701 Pt‘tr.
2020 5668 2073 5715 ν,
2107 5652 2159 5706 8.

1655 5721 1697 5752 ³³
1729 5718 1886 5773 Cum.
1943 5734 2002 5785 It,
2034 5724 2086 5775 8.

2122 4552 2211 4605 des
2246 4552 2323 4604 tui
2350 4550 2503 4621 quasi
2544 4550 2759 4605 locustre
2798 4550 3146 4614 locustarum,
3193 4567 3310 4622 qua:
3348 4554 3623 4623 cru/idum
3664 4557 3714 4608 is

2123 4643 2351 4712 scpibus,
2399 4641 2456 4694 iu
2500 4641 2586 4694 die
2636 4640 2850 4712 frigoris
2880 4642 2945 4694 ³⁷.
2996 4640 3094 4695 Vel
3136 4644 3279 4697 sicut
3316 4644 3709 4716 Septuaginta.

2126 4732 2358 4786 Emicuit
2390 4732 2525 4785 sicut
2555 4740 2765 4785 attacus
2822 4732 3124 4786 commistus
3178 4734 3295 4795 tibi,
3332 4735 3472 4787 sicut
3514 4735 3709 4789 locusta

2122 4839 2241 4894 qua:
2294 4822 2615 4876 transcendit
2662 4823 2969 4888 materiam,
3002 4824 3058 4877 in
3099 4825 3186 4878 die
3225 4825 3459 4895 frigoris.
3488 4827 3568 4881 Ex
3600 4829 3713 4897 qui-

2128 4917 2230 4972 bus
2260 4917 2441 4971 cernis
2474 4916 2623 4985 quia,
2669 4916 2769 4969 etsi
2816 4916 3201 4985 peccatoribus
3234 4918 3711 4983 commisceamur,

2123 5008 2223 5061 ιιιδί
2274 5006 2326 5061 ἰη
2375 5009 2464 5062 die
2508 5007 2633 5080 gelu
2675 5007 2789 5063 sive
2838 5008 3088 5079 pruinaz,
3132 5010 3187 5065 id
3239 5020 3325 5066 est
3368 5013 3714 5068 abundantia:

2122 5101 2364 5168 peccati,
2407 5100 2541 5155 Cum
2573 5102 2707 5154 enim
2737 5141 2753 5166 ,
2792 5100 3006 5170 inquit,
3037 5103 3388 5159 abundaverit
3414 5115 3713 5175 peccatum.

2121 5196 2412 5266 refrigescit
2443 5197 2678 5249 charitas
2715 5198 2998 5250 multorum
3025 5198 3111 5261 ³⁷⁸,
3148 5199 3521 5256 transiliamus
3545 5213 3714 5257 mani-

2122 5287 2577 5358 riam,spinosam
2637 5288 2889 5344 videlicet
2940 5299 3289 5359 peccatorum
3339 5294 3712 5349 exacerbatur-

2130 5393 2276 5443 nem,
2311 5393 2420 5431 non
2457 5378 2663 5432 similes
2695 5380 2874 5433 eﬂ'ecti
2926 5381 3023 5445 eis,
3067 5382 3164 5436 sed
3219 5383 3581 5452 subjicientes
3621 5399 3709 5438 ωε

2128 5472 2307 5535 nobis,
2351 5479 2411 5526 ut
2454 5472 2585 5525 ﬁant
2630 5472 2893 5528 doctrinae
2925 5474 3268 5539 obedientes,
3306 5486 3500 5546 aperte
3536 5477 3711 5533 salva-

2266 5653 2308 5683 ”
2340 5652 2478 5705 Psal.
2517 5669 2589 5715 et,
2623 5656 2672 5707 7.
2780 5654 2822 5687 ³³
2894 5655 3027 5710 Lac.
3070 5674 3122 5721 v,
3152 5658 3239 5713 52.

2196 5724 2240 5754 "
2271 5723 2468 5793 iCpltt‘s.
2502 5740 2574 5787 γι,
2616 5725 2696 5778 I3.
2810 5726 2901 5779 "i
2936 5726 3060 5780 Cor.
3109 5744 3162 5793 Χ,
3210 5728 3299 5784 95.

3330 5660 3379 5692 "
3407 5658 3598 5714 Matth.
3634 5677 3678 5713 tv

3409 5732 3453 5763 ⁸⁷
3498 5730 3651 5787 Nam
3674 5722 3716 5783 ιε’
