3886 6306
288 323 395 391 913

1434 320 1518 383 IN
1550 320 1987 383 LEVITICUM.
2016 346 2083 358 --
2118 324 2265 385 LIB.
2314 325 2430 385 III.
2504 340 2507 347 ‘

3459 323 3560 393 911

287 451 436 499 mus,
472 442 527 489 et
565 433 915 497 salvabimur,
949 432 1094 487 unde
1133 430 1207 484 ait
1243 428 1441 484 Paulus
1474 445 1487 484 :
1523 427 1720 483 Factus
1758 445 1873 483 sum
1906 436 1947 489 Α
1981 428 2036 483 Si
2071 431 2217 486 enim
2253 434 2485 489 aliorum
2518 435 2813 508 participes
2839 435 3137 493 efﬁciamur
3186 448 3560 509 peccatorum.

285 525 492 581 Iudicis
518 524 651 577 sicut
676 522 912 586 Indicus,
942 523 1022 576 his
1051 524 1141 593 qui
1171 523 1263 575 sub
1298 525 1409 591 lege
1435 532 1577 589 sunt,
1603 524 1756 593 quasi
1781 524 1873 575 sub

290 618 403 685 lege
439 631 637 681 essent,
678 631 792 668 cum
833 615 943 683 ipse
986 615 1081 668 sub
1119 614 1228 685 lege
1266 630 1368 667 non
1414 630 1576 669 essent
1612 630 1631 667 :
1666 615 1746 667 his
1784 614 1873 683 qui

286 710 401 761 sine
424 706 535 776 lege
572 715 713 772 sunt,
754 705 908 776 quasi
946 707 1058 759 sine
1096 705 1205 775 lege
1252 721 1433 771 essem,
1472 721 1591 759 cum
1626 706 1735 773 ipse
1764 705 1874 757 sine

286 798 402 863 leqe
439 797 534 850 Dei
566 813 668 849 non
704 813 887 861 essem,
918 797 1009 850 sed
1041 797 1136 849 sub
1165 798 1271 867 lege
1304 811 1465 851 essent
1496 794 1716 849 Christi.
1749 794 1874 851 0m-

288 891 441 943 nibus
482 890 660 942 omnia
702 891 874 960 factus
922 906 1058 954 sum,
1095 897 1153 942 ut
1189 904 1365 943 omnes
1404 887 1764 958 lucrifacerem
1804 887 1871 939 ⁸⁸.

289 982 401 1035 Sed
446 990 628 1035 tamen
679 981 734 1035 in
786 996 993 1035 morem
1042 981 1255 1047 bruclii,
1293 980 1555 1050 impetum
1599 980 1779 1035 facere
1820 988 1875 1034 et

287 1073 511 1126 evolare
543 1087 769 1126 necesse
803 1072 1086 1139 habemus,
1116 1081 1178 1126 ιιι
1208 1073 1351 1127 sicut
1380 1072 1609 1138 locusta,
1646 1072 1760 1126 sive
1790 1081 1874 1126 at-

302 1172 460 1217 tacus
521 1177 677 1227 esse,
727 1162 819 1230 qui
872 1176 971 1232 pro
1011 1162 1322 1230 huiusmodi
1373 1171 1610 1217 attacum
1661 1161 1869 1228 dicunt,

288 1255 514 1309 exsilire
554 1255 828 1325 possimus
881 1263 937 1309 ct
977 1256 1235 1309 emicare.
1282 1254 1373 1311 Sic
1406 1256 1552 1309 enim
1589 1265 1712 1323 apte
1745 1271 1874 1309 con-

290 1348 497 1413 veniet,
522 1348 739 1415 quodin
764 1348 956 1401 eodem
992 1348 1258 1417 propheta
1290 1348 1534 1418 sequitur
1564 1366 1577 1401 :
1609 1348 1703 1404 Sol
1729 1359 1872 1404 ortus

290 1440 587 1494 etelecatus
617 1449 710 1503 est,
744 1449 793 1493 et
823 1457 924 1494 non
956 1448 1031 1493 est
1057 1441 1294 1495 inventus
1320 1440 1461 1495 locus
1490 1441 1603 1510 ejus
1634 1442 1707 1503 ³⁹;
1739 1457 1875 1510 quo-

286 1535 463 1599 niam,
495 1542 617 1586 orto
651 1533 878 1602 iustitia:
915 1531 1060 1598 Sole,
1098 1533 1188 1603 qui
1232 1532 1502 1587 illuminat
1532 1534 1873 1599 abscondita,

285 1625 531 1679 emit-ant
583 1634 747 1693 atque
783 1625 1039 1679 exsiliunt
1087 1625 1139 1677 hi
1202 1625 1293 1694 qui
1331 1640 1453 1678 cum
1498 1626 1874 1693 peccatoribus

287 1726 706 1782 conversantur,
736 1717 802 1771 ad
846 1717 1096 1771 solatium
1130 1717 1378 1786 justitiua,
1412 1724 1466 1770 et
1500 1732 1602 1772 non
1646 1718 1755 1785 jam
1795 1717 1873 1770 lo-

1980 525 2247 581 immundi
2291 540 2465 597 usque
2498 528 2564 583 ad
2588 544 2873 599 vesperam
2921 545 3329 602 permanemus,
3372 531 3424 587 id
3453 540 3561 591 est.

1977 632 2149 686 usque
2175 618 2303 672 dum
2337 634 2560 691 agamus
2591 620 2990 690 paenitentiam.
3018 621 3170 677 Hanc
3189 622 3336 677 enim
3364 637 3557 691 vespe~

1977 725 2094 763 ram
2125 709 2293 765 David
2308 711 2419 765 ait:
2455 710 2538 765 Ad
2575 729 2841 781 vesperam
2895 714 3255 768 demorabitur
3272 714 3446 785 ﬂetus,
3508 723 3557 767 et

1976 806 2047 856 ad
2066 805 2389 858 matutinum
2443 805 2630 859 latitia
2656 805 2718 859 ".
2771 805 3065 876 Propterea
3122 807 3289 861 lavari
3342 822 3561 877 quoque

1976 893 2301 948 vestimenta
2339 894 2617 965 legislator
2646 898 2921 966 princepit,
2948 908 3136 968 aperte
3154 900 3554 966 demonstrans,

1975 985 2120 1055 quod
2150 985 2418 1041 immundi
2451 1002 2661 1053 sumus,
2687 1003 2860 1057 usque
2892 989 3024 1044 dum
3076 989 3561 1044 actionesnostras

1977 1078 2229 1149 lacrymis
2249 1078 2541 1134 diluamus.

2051 1170 2211 1226 Vens.
2242 1170 2333 1237 27,
2362 1170 2452 1227 28.
2496 1191 2514 1222 ι
2554 1171 2710 1238 Quod
2742 1172 2986 1228 ambulat
3016 1187 3179 1243 super
3215 1186 3431 1238 manus,
3490 1186 3555 1226 ex

1977 1263 2190 1317 cunctis
2219 1262 2591 1319 animantibus
2613 1266 2703 1334 qui
2735 1265 3001 1320 incedunt
3030 1266 3427 1335 quadrupedis,
3451 1265 3557 1317 im-

1978 1357 2239 1410 mundum
2266 1357 2388 1411 erit.
2415 1356 2515 1423 Qui
2548 1359 2784 1427 tetigerit
2811 1358 3098 1411 morticina
3121 1370 3330 1418 eorum,
3359 1354 3556 1425 pollui-

1980 1458 2066 1501 tur
2088 1463 2258 1517 usque
2286 1448 2351 1503 ad
2376 1464 2684 1518 vesperum.
2727 1451 2790 1503 Et
2836 1449 2927 1518 qui
2967 1447 3268 1518 portaverit
3300 1448 3555 1515 hujusce-

1979 1539 2122 1594 modi
2152 1540 2438 1605 cadavera,
2486 1540 2688 1595 lavabit
2721 1541 3045 1596 vestimenta
3078 1555 3195 1602 sua,
3226 1547 3282 1593 et
3316 1537 3557 1592 immun-

1977 1634 2079 1687 dus
2111 1633 2409 1702 eritusque
2439 1632 2504 1687 ad
2540 1647 2843 1703 vesperam,
2890 1633 3017 1701 quia
3069 1630 3253 1686 omnia
3296 1631 3411 1685 haec
3458 1630 3556 1683 im-

1981 1724 2183 1778 munda
2209 1731 2338 1778 sunt
2361 1723 2533 1778 vobis.
2571 1743 2591 1776 ι

290 1827 391 1865 cus
431 1811 645 1865 illorum
696 1810 786 1864 ille
836 1826 957 1865 esse
1013 1809 1380 1875 cognoscitur,
1423 1811 1579 1877 cujus
1632 1807 1869 1863 habitum
1909 1786 1946 1839 Β
2046 1813 2264 1868 Nullum
2285 1813 2367 1868 lex
2401 1813 2563 1869 tacito
2594 1815 2839 1884 prmterit
2896 1822 3203 1884 peccatum,
3260 1811 3356 1867 sed
3405 1826 3555 1882 qum-

288 1904 503 1975 pridem
541 1905 1009 1969 demonstrabant,
1042 1919 1167 1957 cum
1214 1902 1616 1972 quodammodo
1648 1909 1871 1955 uteren—

291 2008 400 2065 tur,
434 2011 571 2067 quos
627 2005 683 2051 et
715 2004 835 2050 erat
869 2010 1092 2050 necesse
1131 1993 1346 2048 salvari.
1382 1992 1738 2063 Ophiomaehi
1775 2006 1872 2045 au-

292 2098 400 2140 tem
447 2088 515 2141 ab
560 2085 924 2156 appellatione
971 2084 1351 2139 manifestatur
1391 2091 1446 2136 et
1483 2082 1675 2148 virtus,
1709 2096 1870 2150 quem

289 2180 494 2235 imitari
555 2180 758 2234 bonum
820 2187 923 2242 est,
965 2185 1020 2232 et
1084 2175 1514 2248 intelligibilibus
1570 2190 1871 2246 repugnare

291 2273 642 2341 serpentibus
689 2290 703 2325 :
753 2271 1165 2326 reminiscentes
1236 2271 1401 2340 quod,
1463 2286 1561 2323 non
1607 2271 1674 2323 sit
1729 2269 1872 2322 nobis

291 2362 598 2417 colluctatio
642 2364 891 2418 adversus
934 2379 1146 2418 carnem
1193 2373 1240 2417 et
1286 2363 1615 2433 sanguinem,
1657 2363 1748 2415 sed
1776 2362 1873 2415 ad-

289 2473 474 2511 versus
499 2456 778 2525 principes,
810 2465 858 2509 et
888 2464 1188 2524 potestates,
1217 2458 1466 2509 adversus
1498 2455 1676 2508 mundi
1706 2464 1873 2508 recto-

290 2564 375 2600 res
424 2545 758 2600 tenebrarum
803 2547 1015 2609 harum,
1059 2556 1243 2599 contra
1286 2544 1589 2613 spiritualia
1626 2546 1874 2614 nequitia:

288 2642 346 2693 in
369 2640 658 2695 cmlestibus
686 2639 754 2693 “.
785 2638 849 2692 Ili
877 2645 1004 2694 sunt
1027 2640 1227 2710 quippe
1254 2638 1619 2709 intelligibiles
1650 2655 1872 2710 serpen-

287 2742 390 2798 tes,
407 2741 465 2788 et
495 2734 744 2787 venenati
775 2733 1064 2787 dracones.

362 2824 520 2879 Vsus.
554 2824 746 2879 23-?6.
778 2842 795 2873 ι
833 2822 1106 2892 Quidquid
1145 2837 1209 2876 ev
1267 2821 1581 2877 volucribus
1635 2832 1872 2892 quatuor

285 2924 500 2970 tantum
536 2914 702 2968 habet
752 2913 943 2983 pedes,
990 2913 1328 2968 exsecrabile
1385 2912 1493 2967 erit
1548 2912 1754 2968 vobis:
1816 2921 1871 2968 ct

287 3007 603 3077 quicunque
620 3006 908 3063 morticina
954 3021 1146 3086 eorum
1192 3004 1454 3078 tetigerit,
1485 3006 1778 3077 polluetur,
1815 3015 1871 3060 et

1975 1921 2190 1975 cunque
2219 1905 2464 1960 actiones
2496 1921 2592 1975 per
2618 1906 2992 1977 evangelicum
3013 1912 3401 1960 testamentum
3425 1919 3553 1973 pro-

1977 1996 2160 2050 hibita
2186 2004 2335 2060 sunt,
2363 1996 2497 2050 texit
2532 1996 2628 2050 bas
2652 1996 2804 2066 prius
2836 1995 3234 2067 :enigmatibus,
3259 2003 3318 2049 ut
3345 1994 3523 2047 utrius
3545 2025 3553 2031 -

1972 2106 2080 2159 que
2122 2090 2422 2145 sanctionis
2476 2091 2890 2145 consonantiam
2962 2089 3188 2153 dicens,
3239 2085 3555 2144 conﬁtearis

1978 2181 2167 2242 Deum,
2205 2182 2297 2250 qui
2342 2180 2395 2234 in
2449 2181 2530 2234 eis
2558 2180 2769 2234 locutus
2817 2189 2923 2245 est,
2977 2179 3285 2247 timensque
3328 2175 3553 2231 recedas

1974 2276 2041 2328 ab
2063 2272 2319 2329 omnibus
2371 2289 2493 2344 quae
2541 2272 2963 2343 prohibuerunt.
3030 2271 3089 2325 In
3133 2278 3369 2341 quatuor
3418 2284 3552 2336 ergo

1978 2366 2195 2430 incedit,
2229 2367 2318 2436 qui
2349 2366 2416 2421 ad
2444 2365 2809 2436 cvangelicam
2845 2364 3317 2419 conversationem
3337 2362 3548 2434 migrat.

1975 2460 2223 2516 Ambulat
2261 2468 2443 2514 autem
2470 2458 2524 2513 in
2554 2458 2823 2524 manibus,
2850 2457 2941 2528 qui
2959 2466 3201 2526 quaestus
3220 2470 3339 2509 eam
3363 2469 3549 2518 causa,

1976 2553 2220 2622 lncrique
2244 2551 2418 2621 turpis
2438 2550 2778 2620 adipiscitur,
2836 2549 3089 2604 manibus
3110 2548 3220 2603 cito
3242 2548 3549 2617 imponens,

1976 2649 2036 2692 ut
2065 2654 2128 2693 ex
2159 2654 2222 2693 ea
2253 2638 2530 2709 quidpiam
2586 2637 2784 2708 capiat.
2842 2636 3143 2692 Commode
3180 2636 3268 2690 hic
3297 2635 3554 2689 omnibus

1976 2741 2125 2786 recte
2154 2738 2581 2786 connumeratur
2627 2740 2789 2800 atque
2816 2738 3165 2799 comparatur
3194 2727 3404 2782 bestiis.
3426 2724 3553 2781 Sive

1975 2825 2123 2879 cnim
2152 2823 2462 2877 adulterum
2496 2821 2669 2888 dicas,
2698 2821 2813 2875 sive
2844 2834 3091 2882 avarum,
3146 2818 3269 2873 sive
3323 2815 3557 2872 homici-

1975 2919 2122 2984 dam,
2164 2917 2282 2971 sive
2307 2917 2695 2981 detractorem,
2727 2913 2844 2969 sive
2894 2911 3301 2980 blasphemum,
3354 2908 3407 2963 in
3465 2907 3555 2963 bis

1976 3011 2232 3071 omnibus
2257 3018 2361 3074 est,
2405 3017 2592 3079 utpote
2664 3006 2907 3061 omnium
2964 3002 3205 3074 peccatis
3246 3000 3552 3057 communi-

250 3096 396 3155 ’erit
430 3099 747 3155 immundus
785 3114 958 3170 usque
989 3100 1056 3155 ad
1081 3115 1392 3170 vesperum.
1427 3100 1496 3154 Et
1548 3099 1592 3154 si
1643 3114 1870 3155 necesse
1900 3123 1942 3180 ε
1976 3117 2126 3168 cans,
2168 3115 2268 3176 per
2320 3099 2581 3170 injustam
2639 3113 2837 3152 manus
2896 3093 3322 3166 impositionem.
3381 3090 3557 3161 ιιιιμις

282 3192 474 3257 fuerit,
509 3204 567 3247 ut
598 3200 779 3261 portet
804 3192 1082 3262 quidpiam
1116 3192 1313 3247 horum
1339 3200 1636 3257 mortuum,
1671 3192 1873 3246 lavaliit

282 3284 615 3338 vestimenta
645 3298 765 3343 sua,
799 3291 856 3338 et
879 3282 1196 3337 immundus
1227 3281 1331 3336 erit
1386 3296 1560 3352 usque
1603 3282 1671 3336 ad
1734 3282 1868 3337 solis

284 3388 566 3429 occasum.
590 3371 765 3427 Omne
800 3373 1003 3428 animal
1028 3373 1173 3444 quod
1221 3374 1387 3427 habet
1439 3372 1659 3443 quidem
1694 3389 1870 3443 ungu-

281 3462 413 3527 lam,
447 3462 542 3517 sed
572 3477 681 3515 non
705 3461 901 3515 dividit
925 3476 1067 3526 eam,
1095 3476 1201 3515 nec
1227 3462 1487 3521 ruminat,
1522 3461 1869 3516 immundum

279 3557 409 3619 erit,
444 3569 499 3611 et
527 3555 790 3625 quidquid
837 3555 1080 3626 tetigerit
1128 3554 1282 3619 illud,
1324 3554 1810 3609 contaminabitur.
1848 3575 1864 3605 ι

358 3648 513 3713 Quod
542 3648 794 3718 reptibile
832 3647 1134 3703 volatilium
1160 3664 1280 3718 quae
1329 3648 1383 3702 in
1416 3657 1651 3719 quatuor
1674 3649 1871 3703 ambu-

281 3743 402 3796 lant
427 3742 615 3812 pedes,
649 3757 743 3797 eos
780 3742 872 3812 qui
941 3742 1243 3797 abutuntur
1290 3743 1602 3816 evangelica
1637 3743 1767 3806 vita,
1818 3754 1872 3797 et

283 3835 453 3887 vitam
480 3842 756 3889 sectantur
790 3833 1016 3889 solidam
1038 3843 1093 3889 et
1121 3834 1481 3900 immundam,
1519 3835 1827 3906 signiﬁcent
1852 3853 1865 3901 ;

283 3923 533 3979 (lividere
563 3933 745 3977 autem
802 3923 1081 3994 ungulam,
1145 3925 1286 3978 sicut
1357 3923 1445 3977 hic
1507 3920 1865 3992 Septuaginta

281 4016 496 4078 dicunt,
524 4015 617 4069 sed
645 4032 752 4069 non
786 4016 1084 4080 ruminare,
1111 4014 1161 4068 id
1185 4026 1270 4069 est
1290 4015 1484 4089 legem,
1511 4015 1869 4084 quemadmo-

282 4099 692 4173 dum'oiiortet.
759 4105 1032 4172 meditari,
1089 4114 1145 4160 et
1201 4104 1440 4159 litteram
1503 4104 1751 4158 dividere
1802 4106 1869 4159 ab

282 4195 505 4265 Spiritu,
529 4196 620 4251 sed
653 4212 762 4249 non
794 4213 855 4251 ea
897 4213 1018 4268 qua:
1059 4198 1115 4252 in
1155 4213 1217 4253 ea
1242 4197 1445 4268 scripta
1477 4203 1606 4250 sunt
1628 4197 1866 4266 operari,

284 4306 470 4361 neque
516 4292 589 4346 ita
648 4293 1064 4357 conversari,in
1112 4294 1445 4363 praecedenti
1501 4293 1866 4348 ostendimus.

282 4382 440 4440 Unde
466 4386 774 4440 necessarie
802 4400 993 4439 eorum
1055 4386 1366 4452 morticina,
1402 4386 1455 4441 id
1486 4395 1568 4441 est
1598 4385 1863 4449 actiones,

1976 3193 2262 3247 morticina
2286 3200 2415 3247 sunt
2449 3190 2501 3244 hi
2547 3190 2749 3260 quibus
2816 3187 3070 3243 manibus
3139 3184 3418 3256 imposuit,
3497 3183 3550 3237 in

1976 3286 2113 3356 ipsis
2139 3284 2287 3340 enim
2320 3283 2522 3354 patitur
2556 3281 2764 3353 peccati
2799 3291 3053 3334 mortem.
3084 3277 3186 3344 Qui
3219 3291 3349 3348 ergo
3385 3276 3557 3345 tangit

1973 3392 2059 3441 ea,
2080 3383 2135 3432 et
2159 3376 2249 3446 qui
2282 3374 2541 3431 levaverit
2571 3389 2635 3428 ex
2662 3372 2762 3437 eis,
2818 3381 2967 3425 recte
2990 3369 3277 3439 polluitur;
3315 3368 3405 3438 qui
3436 3368 3555 3437 qui-

1974 3472 2097 3524 dem
2133 3469 2302 3539 tangit
2324 3481 2409 3534 ea,
2443 3466 2497 3521 id
2529 3474 2634 3530 est,
2674 3465 2765 3534 qui
2798 3468 3178 3524 conversatur,
3204 3460 3371 3523 dicit;
3425 3461 3553 3527 quia

1972 3560 2290 3615 nullatenus
2378 3565 2757 3627 competenter
2810 3552 3135 3623 dignitatem
3177 3549 3548 3618 arripuerunt,

1974 3660 2135 3715 quam
2161 3652 2537 3714 cauponantes
2566 3643 2696 3697 olim
2731 3640 3070 3700 omnimodo,
3100 3652 3198 3709 per
3230 3639 3370 3692 hanc
3388 3638 3553 3707 justi-

1976 3737 2117 3792 ﬁcati
2137 3744 2295 3801 sunt,
2322 3736 2367 3789 si
2402 3743 2525 3803 post
2542 3736 2659 3791 luce
2684 3735 2738 3789 in
2766 3733 3006 3802 antiquis
3043 3731 3423 3801 iniquitatibus
3442 3746 3552 3785 non

1975 3831 2350 3893 permaneant.
2378 3820 2485 3875 Sed
2504 3831 2558 3877 et
2572 3822 2662 3892 qui
2695 3822 2994 3893 portaverit
3018 3837 3085 3876 ex
3114 3821 3218 3886 his,
3244 3819 3409 3875 veluti
3430 3835 3556 3889 por-

1973 3928 2097 3973 tans
2131 3917 2326 3971 falsum
2366 3914 3135 3985 testimonium,perhibendo
3192 3923 3249 3969 et
3303 3914 3552 3970 docendo

1973 4010 2220 4080 dignum,
2252 4010 2347 4079 qui
2384 4009 2643 4079 indignus
2664 4018 2768 4065 est.

2045 4104 2356 4160 Immundas
2385 4103 2485 4157 erit
2500 4118 2662 4173 usque
2685 4102 3065 4170 ad'vespermu.
3089 4099 3263 4166 Quam
3300 4099 3552 4169 superius

1973 4197 2211 4251 diximus
2261 4193 2664 4267 paenitentiam.
2716 4193 2933 4250 Lavans
2988 4203 3172 4248 autem
3226 4192 3552 4248 vestimenta

1974 4286 2348 4342 mandabitur.

2041 4378 2205 4435 Vens.
2236 4376 2427 4433 29—1“.
2461 4395 2480 4427 ‹
2514 4376 2630 4433 lloc
2661 4391 2878 4448 quoque
2905 4376 3048 4430 inter
3072 4373 3274 4444 polluta
3337 4380 3558 4441 reputa-

284 4482 338 4533 in
377 4479 577 4549 quibus
598 4479 808 4550 peccati
838 4489 1012 4535 morte
1042 4481 1333 4545 intereunt,
1363 4480 1551 4553 fugere
1580 4480 1863 4550 praecepit,
1898 4458 1943 4511 Ῑ)
1974 4473 2139 4536 bitur,
2169 4472 2238 4527 de
2272 4473 2357 4527 his
2394 4487 2515 4542 quae
2569 4477 2862 4525 moventur
2897 4466 2951 4521 in
2986 4476 3151 4529 terra,
3187 4463 3445 4525 mustela,
3499 4470 3557 4516 et

279 4578 339 4623 et
369 4571 519 4624 nullo
553 4570 715 4626 modo
741 4570 1055 4641 participari
1097 4571 1322 4636 talibus,
1375 4588 1477 4626 nec
1541 4572 1864 4644 contingere

279 4676 367 4714 ca.
412 4660 527 4713 Non
564 4660 738 4714 solum
761 4668 947 4716 autem
998 4669 1306 4730 tangentes.
1342 4662 1435 4717 sed
1474 4671 1528 4716 ct
1552 4669 1860 4731 portantes,

281 4760 380 4806 aut
407 4753 737 4822 accipientes
780 4753 1056 4823 quidpiam
1082 4760 1147 4808 ex
1204 4753 1283 4809 eis
1315 4754 1654 4824 polluuntur.
1682 4754 1869 4811 Portat

281 4850 464 4893 autem
488 4849 731 4911 peccata,
760 4842 851 4913 qui
874 4842 1007 4897 dicit
1047 4842 1247 4899 malum
1281 4842 1506 4907 bonum,
1531 4852 1587 4897 et
1618 4859 1863 4898 amarum

278 4933 461 4995 dulce,
493 4942 548 4988 et
575 4933 831 4989 tenebras
860 4934 1060 4998 lucem,
1105 4933 1249 5003 quod
1285 4932 1433 4987 Isaite
1466 4935 1747 5003 prophetae
1775 4951 1866 4988 re-

282 5027 645 5093 prehenditur
670 5042 804 5081 voce
845 5027 911 5091 “,
948 5026 1073 5096 quia
1126 5042 1224 5094 per
1256 5025 1363 5079 hoc
1393 5016 1655 5078 exercens
1701 5025 1865 5080 alium

282 5116 350 5167 ad
387 5116 755 5185 iniquitatem.
789 5116 1103 5174 etim-itaus
1131 5118 1197 5170 ad
1250 5116 1452 5170 malum
1487 5131 1516 5169 a
1549 5133 1657 5186 quo
1688 5119 1870 5188 prohi-

283 5204 416 5257 bere
432 5203 716 5271 debuerat,
752 5223 918 5276 super
944 5206 1301 5275 semetipsum
1341 5207 1745 5276 quodammodo
1775 5221 1868 5260 sn-

282 5295 446 5365 scipit
472 5295 684 5365 jugum.
718 5297 835 5352 Non
872 5307 1054 5353 autem
1117 5306 1334 5369 oportet
1385 5298 1697 5368 quempiam
1737 5315 1866 5368 pec-

282 5396 469 5441 catum
510 5387 738 5441 alterius
777 5389 832 5442 in
875 5389 1227 5459 semetipsum
1275 5390 1572 5445 transferre
1607 5407 1619 5442 :
1654 5390 1725 5445 ob
1768 5392 1870 5445 hoc

279 5480 432 5534 enim
465 5486 522 5532 et
551 5476 721 5533 David
756 5478 835 5532 ait
867 5494 881 5529 :
930 5480 995 5534 Et
1027 5483 1091 5536 ab
1122 5482 1311 5536 alienis
1340 5497 1495 5551 parci:
1517 5497 1661 5535 servo
1683 5490 1771 5534 tuo
1802 5483 1869 5536 δ’.

353 5679 397 5710 ³³
424 5678 441 5734 l
466 5678 593 5733 Cor.
629 5694 703 5741 Ix,
730 5677 937 5742 20,2L.
1007 5680 1288 5747 “Nullum
1316 5699 1400 5747 ut,
1436 5684 1516 5740 l7.

282 5765 431 5816 χχιχ,
470 5750 519 5806 6.
601 5752 643 5782 ⁸⁸
670 5751 830 5805 Prov.
866 5762 991 5813 xxx,
1029 5744 1117 5805 εἶά.

1598 5684 1639 5715 ⁴⁰
1672 5682 1870 5754 Epltcs.
1906 5698 1981 5745 vt,
2017 5678 2096 5733 l2.

1972 4581 2117 4629 mus,
2158 4571 2215 4620 et
2278 4564 2608 4625 crocodilus,
2677 4562 2890 4632 singula
2941 4560 3093 4629 juxta
3140 4573 3314 4629 genus
3370 4571 3554 4620 suum,

1976 4656 2193 4727 μυγάλη
2226 4651 2936 4717 etchammleon,etstellio,
2966 4664 3029 4703 ac
3057 4649 3281 4710 lacerta,
3304 4656 3357 4702 et
3392 4646 3535 4715 talpa

1976 4749 2159 4802 onmia
2200 4745 2640 4812 ltarc,immuuda
2671 4751 2819 4797 sunt.
2864 4742 2966 4806 Qui
3003 4741 3240 4810 tetigerit
3266 4738 3559 4793 morticina

1976 4854 2190 4900 norunt,
2217 4837 2532 4891 immundus
2558 4835 2664 4888 erit
2688 4846 2861 4901 usque
2892 4833 2958 4885 ad
2999 4846 3314 4899 vesperum.
3354 4849 3373 4880 ι

2052 4930 2160 4984 Nec
2199 4942 2346 4981 nunc
2417 4926 2511 4980 Dei
2573 4932 2880 4979 creaturam
2935 4922 3213 4992 legislator
3265 4936 3555 4989 accusans,

1980 5020 2257 5078 immunda
2293 5017 2483 5072 haberi
2515 5017 2631 5071 lucc
2664 5013 2928 5085 prmepit
2959 5010 3238 5077 animalia;
3269 5025 3395 5065 nam
3419 5024 3561 5082 quo-

1979 5112 2142 5167 modo
2174 5127 2236 5165 ca
2277 5111 2383 5163 alio
2414 5108 2616 5163 divinae
2641 5106 2940 5175 Scriptura:
2984 5102 3103 5158 loco
3143 5101 3386 5171 reperies
3436 5118 3556 5157 esse

1978 5207 2191 5261 laudata
2221 5204 2244 5257 ?
2282 5202 2539 5256 Salomon
2566 5198 2766 5269 quippe
2798 5199 2851 5251 in
2879 5195 3191 5250 Proverbiis
3217 5193 3385 5249 dicit:
3411 5191 3560 5258 Qna~

1982 5313 2099 5353 tuor
2152 5306 2272 5351 sunt
2319 5295 2540 5349 miniata
2599 5302 2775 5352 terrae,
2810 5300 2859 5343 et
2914 5290 3023 5342 lucc
3057 5298 3179 5345 sunt
3231 5288 3559 5357 sapientiora

1980 5384 2559 5458 sapientibus“.lntcr
2585 5399 2706 5452 qua:
2763 5382 3029 5452 leporem,
3083 5381 3198 5433 sive
3256 5378 3557 5437 secundum

1983 5481 2361 5550 Septuaginta,
2430 5477 2747 5530 erinaccum
2771 5482 2822 5528 et
2854 5473 3161 5528 stellioncm
3186 5468 3553 5547 computavit:

2174 5681 2213 5707 ”
2247 5677 2349 5731 isa.
2388 5694 2437 5743 v,
2460 5690 2647 5744 tscqq.
2730 5674 2771 5703 δ’
2798 5670 2942 5727 Psal.
2970 5685 3129 5738 ιιι-ιιι,
3160 5669 3248 5730 ιι
3343 5669 3388 5704 ⁸⁸
3411 5665 3552 5728 ΡΝ.
