3886 6306
418 365 527 435 915

1602 375 1896 437 HESYCH
1910 375 1962 435 II
2007 374 2480 437 PRESBYTERI

3587 359 3713 426 936

420 500 656 557 quorum
680 502 848 542 unum
877 487 1135 559 superius
1171 503 1293 544 cum
1359 488 1568 543 camelo
1594 497 1652 545 et
1681 489 1887 559 lepore,
1937 498 1994 544 ut
2026 494 2068 553 Α
2096 498 2373 546 caecantur
2400 490 2566 545 oculi.
2619 489 2757 557 Quia
2789 503 2920 561 ergo
2962 486 3019 543 in
3051 485 3138 542 bis
3151 486 3351 541 animae
3414 480 3709 554 contingit

422 578 791 644 immundum,
822 579 907 635 lex
941 581 1237 636 accusavit.
1294 578 1573 636 Stellionis
1624 590 1807 637 autem
1851 598 1997 637 nunc

422 672 761 727 mentionem
782 671 935 729 fecit.
970 673 1089 729 Non
1106 688 1235 745 ergo
1266 684 1457 729 natura
1500 691 1691 730 eorum
1720 675 1996 730 immunda

422 775 526 829 est,
577 767 671 820 sed
700 782 802 821 nec
826 768 1005 822 omnis
1043 769 1225 835 actio;
1254 786 1378 824 nam
1413 772 1689 841 quomodo
1745 781 1999 841 poterant

425 854 525 909 ista
556 855 803 910 laudari?
830 855 939 912 Sed
976 859 1225 928 quazdam
1250 860 1393 914 circa
1431 862 1549 931 ipsa
1585 870 1716 916 sunt
1750 861 1999 915 actiones

424 954 565 1012 apta:
606 945 1076 1003 irrationabilibus
1123 949 1455 1005 animalibus
1499 959 1554 1004 et
1609 965 1732 1019 qua:
1789 950 1997 1006 nullum

421 1032 688 1099 judicium
733 1033 978 1106 exigunt,
1025 1052 1147 1106 qua:
1213 1054 1315 1093 nec
1342 1040 1500 1095 nobis
1521 1050 1662 1111 aptae
1696 1049 1847 1107 sunt,
1899 1057 2000 1094 nec

426 1121 643 1191 proprie
672 1133 874 1180 nostra:
897 1136 1061 1182 sunt:
1090 1138 1255 1198 atque
1286 1140 1573 1201 propterea
1604 1133 1867 1203 quandoa
1899 1149 2001 1186 no—

428 1213 509 1266 bis
527 1214 940 1287 continguntur,
960 1218 1271 1276 immundos
1295 1238 1397 1278 nos
1425 1223 1653 1279 faciunt.
1679 1225 1782 1279 Per
1801 1235 2000 1280 terram

430 1319 558 1360 vero
593 1321 804 1376 repere,
831 1322 944 1360 non
968 1316 1053 1363 est
1109 1310 1415 1376 hominum,
1448 1313 1652 1383 quibus
1682 1329 2001 1369 concessum

428 1406 511 1450 est
545 1407 600 1452 ut
630 1399 765 1453 recti
807 1399 1089 1466 incedant,
1139 1403 1446 1474 cmlumque
1479 1406 1813 1476 respiciant:
1854 1406 1999 1476 quia,

431 1504 597 1558 super
629 1498 828 1543 terram
863 1506 1052 1562 repere
1076 1534 1090 1559 ,
1125 1501 1207 1548 est
1244 1496 1459 1551 sordida
1490 1511 1653 1567 opera
1683 1504 2005 1566 terrenaque

431 1597 644 1651 gerere.
675 1581 807 1648 Quae
829 1598 927 1653 per
954 1581 1318 1641 differentiam
1342 1588 1678 1653 animalium,
1709 1606 1832 1659 quae
1860 1607 2005 1645 nunc

431 1674 772 1729 dinumerata
793 1684 919 1729 sunt
940 1676 1213 1747 legislator
1232 1678 1587 1750 signiﬁcavit;
1611 1682 1687 1735 ait
1715 1683 1859 1737 enim
1890 1685 1967 1737 sic
1990 1702 2001 1735 :

504 1765 617 1818 ΙΙοσ
650 1782 855 1836 quoque
881 1768 1017 1822 inter
1045 1770 1252 1838 polluta
1284 1772 1638 1841 reputabitur,
1666 1774 1730 1827 de
1763 1774 1840 1828 Itis
1892 1790 2006 1844 qua:

428 1867 704 1910 moventur
734 1858 975 1912 interra.
1009 1859 1126 1915 Non
1179 1862 1305 1931 quia
1364 1865 1545 1933 aliqua
1570 1866 1815 1935 repentia
1873 1879 2003 1921 sunt

426 1946 650 2009 munda,
684 1963 846 2003 omne
886 1949 1031 2004 enim
1064 1966 1204 2021 opus
1227 1953 1370 2022 quod
1397 1970 1497 2024 per
1540 1964 1738 2009 terram
1782 1957 1922 2025 repit
1951 1968 2005 2012 et

430 2037 687 2101 trahitur,
717 2038 838 2093 sine
871 2040 1038 2097 dubio
1071 2042 1413 2100 immundum
1443 2055 1551 2101 est.
1581 2047 1813 2117 Propter
1857 2053 2003 2119 quod

427 2125 627 2182 Paulus
656 2129 781 2182 talia
811 2130 877 2184 de
906 2131 991 2185 his
1031 2134 1124 2203 qui
1152 2145 1325 2206 agunt
1348 2152 1433 2200 ea,
1467 2138 1686 2193 dicebat
1715 2158 1728 2193 :
1758 2139 1993 2204 Quorum

426 2216 569 2270 Deus
602 2227 782 2272 venter
825 2230 920 2285 est,
951 2232 999 2275 et
1038 2224 1210 2293 gloria
1243 2226 1297 2279 in
1328 2228 1630 2297 confusione
1658 2245 1859 2297 eorum,
1915 2233 2005 2300 qui

428 2318 638 2363 terrena
666 2302 895 2381 sapiunt
919 2314 985 2367 ⁸⁸.
1045 2315 1126 2369 Ad
1196 2318 1358 2387 hujus
1384 2329 1566 2374 autem
1627 2314 2003 2392 probationem

428 2401 593 2469 paulo
614 2410 738 2472 post
776 2404 1024 2461 invenies
1042 2406 1406 2477 legislatorem
1441 2410 1718 2467 dicentem
1753 2432 1764 2466 :

500 2490 663 2548 Omne
680 2497 818 2565 quod
836 2506 1008 2567 reptat
1051 2502 1208 2568 super
1257 2510 1474 2567 terram,
1503 2504 1857 2561 abominabile
1883 2510 2003 2573 erit,

429 2603 523 2639 nec
543 2588 842 2643 adsumitur
867 2592 922 2643 in
943 2590 1138 2647 cibum.
1162 2591 1301 2664 Ergo
1319 2609 1519 2666 genera
1551 2612 1699 2653 nunc
1728 2600 2004 2669 reptilium

430 2677 822 2747 dinumeravit,
847 2697 957 2736 non
986 2682 1132 2753 quod
1167 2684 1272 2739 alia
1330 2686 1444 2740 sint
1464 2688 1686 2755 munda,
1750 2690 1855 2745 alia
1899 2693 2006 2746 im-

427 2769 655 2836 munda,
692 2771 795 2849 sed
829 2780 887 2826 ut
902 2789 999 2843 per
1016 2775 1131 2829 hac
1154 2788 1557 2847 consequenter
1581 2780 1796 2849 reptilia
1819 2783 2005 2852 respui

430 2857 729 2923 discamus,
760 2876 828 2915 ex
869 2861 1063 2918 borum
1097 2866 1204 2920 vita
1228 2882 1393 2922 omne
1446 2884 1621 2939 genus
1646 2871 2007 2941 conjicientes

430 2952 728 3022 reptilium.
776 2953 1003 3010 Mustela
1029 2959 1175 3012 enim
1227 2960 1429 3016 animal
1481 2972 1566 3018 est
1622 2964 1892 3031 dolosum,
1954 2958 2009 3020 et

432 3043 588 3097 valde
619 3043 780 3100 furtis
815 3061 1034 3103 vacans.
1067 3048 1187 3104 Mus
1234 3060 1463 3121 propter
1490 3054 1696 3109 ventris
1716 3055 2008 3125 ingluviem

2099 598 2267 649 mors,
2296 582 2585 640 morticina
2611 591 2759 638 recte
2785 580 3140 637 nominantur
3164 598 3181 632 -.
3208 587 3264 634 et
3289 593 3386 648 qm
3402 591 3471 632 ea
3491 577 3700 648 tangit,

2100 677 2154 730 id
2221 686 2325 741 est,
2379 678 2472 747 qui
2532 677 2588 732 in
2611 677 2694 733 eis
2724 676 3007 747 polluitur,
3038 674 3180 731 sicut
3213 682 3271 727 et
3288 672 3500 727 Paulus
3563 672 3649 726 ait
3685 689 3701 723 :

2101 766 2303 820 Bonum
2341 778 2416 822 est
2462 769 2663 823 homini
2687 768 2959 822 mulierem
2989 782 3095 820 non
3135 775 3359 834 tangere
3397 765 3467 829 “,
3501 762 3703 833 prout!

2100 856 2267 912 dubio
2304 857 2621 914 immundus
2652 867 2761 913 est.
2784 857 2933 912 Nihil
2961 857 3112 913 enim
3152 855 3233 910 sic
3255 854 3547 909 hominem
3578 852 3704 922 pol-

2103 947 2222 1011 luit,
2267 958 2325 1003 ut
2356 958 2662 1017 peccatum.
2708 948 2894 1019 Usque
2923 947 3059 1003 dum
3118 960 3352 1016 vespera
3408 944 3698 1005 veniente,

2102 1040 2169 1093 de
2209 1056 2313 1109 qua
2342 1039 2507 1095 David
2529 1042 2744 1097 dicebat
2778 1059 2792 1094 :
2849 1040 2931 1094 Ad
2994 1055 3270 1110 vesperum
3321 1037 3703 1091 demorabitur

2101 1136 2257 1202 ﬂetus
2280 1133 2361 1198 Ι’⁷;
2415 1135 2494 1188 ait
2556 1145 2738 1189 autem
2810 1134 2876 1189 de
2941 1132 3265 1203 pomitentia
3304 1128 3649 1201 iutelligibili
3680 1148 3699 1181 ;

2106 1226 2483 1295 puriﬁcatione
2511 1227 2803 1283 diluamus.

2178 1315 2337 1370 Vens.
2367 1316 2457 1378 3‘2,
2492 1318 2579 1371 35.
2610 1336 2628 1369 t
2650 1317 2711 1370 Et
2745 1333 2911 1387 super
2938 1317 3083 1387 quod
3112 1313 3702 1384 eecideritquidquam

2106 1408 2175 1462 de
2209 1407 2511 1462 morticinis
2540 1423 2754 1472 eorum,
2774 1408 3059 1478 polluitur,
3098 1416 3208 1462 tam
3248 1420 3344 1460 vas
3367 1405 3623 1475 ligneum
3650 1412 3705 1455 et

2108 1499 2518 1563 vestimentum,
2550 1514 2713 1566 quam
2746 1497 2911 1568 pellis.
2948 1506 3004 1552 et
3033 1497 3275 1551 cilicium
3318 1513 3331 1549 :
3370 1504 3430 1549 et
3465 1494 3527 1546 in
3565 1510 3706 1562 quo-

2107 1604 2326 1660 cunque
2374 1590 2433 1643 ﬁt
2464 1604 2622 1659 opus,
2666 1591 2946 1658 tingentur
3007 1603 3151 1658 aqua
3188 1598 3246 1641 et
3278 1587 3497 1656 polluta
3536 1592 3703 1638 erunt

2110 1698 2280 1751 usque
2303 1682 2371 1736 ad
2410 1697 2717 1750 vesperam,
2745 1690 2802 1735 et
2864 1681 2943 1736 sic
2967 1690 3160 1751 postea
3236 1679 3703 1732 mundabuntur.

2111 1772 2218 1829 Vas
2245 1784 2426 1828 autem
2463 1773 2648 1837 ﬁctile,
2681 1773 2735 1827 in
2773 1773 2916 1842 quod
2964 1773 3161 1827 horum
3191 1771 3502 1841 quidquam
3563 1769 3715 1822 intro

2111 1865 2389 1927 ceciderit,
2422 1865 2721 1935 polluetur,
2784 1873 2838 1918 et
2870 1863 3078 1918 idcirco
3126 1861 3504 1931 frangendum
3534 1869 3643 1913 est.
3685 1877 3706 1909 ι

2179 1956 2501 2011 Admirabili
2543 1956 2814 2012 divisione
2826 1955 2995 2010 etiam
3029 1970 3177 2009 nunc
3195 1953 3372 2007 utitur
3395 1950 3709 2021 legislator;

2119 2046 2247 2115 quia
2314 2047 2462 2100 enim
2518 2046 2815 2115 aliquando
2872 2059 2938 2097 ex
2986 2042 3339 2114 negligentia,
3396 2039 3709 2109 aliquando

2110 2152 2399 2207 peccamus
2429 2152 2497 2191 ex
2523 2150 2690 2206 opere
2744 2135 3119 2205 malorumque
3162 2134 3372 2198 studio,
3428 2134 3588 2187 sicut
3634 2132 3705 2185 illi

2108 2230 2175 2281 de
2210 2228 2409 2297 quibus
2437 2226 2694 2281 Salomon
2728 2226 2782 2279 in
2821 2223 3128 2280 Proverbiis
3149 2225 3366 2280 dicebat
3403 2238 3423 2276 :
3453 2222 3568 2279 Cui
3601 2226 3708 2279 ea»?

2107 2320 2271 2389 Cujus
2300 2321 2441 2389 patri
2478 2320 2594 2373 re?
2634 2319 2716 2371 cui
2750 2319 2884 2371 ine?
2916 2318 3000 2372 cui
3036 2319 3213 2371 rixaz?
3243 2318 3329 2371 cui
3361 2319 3484 2371 sine
3539 2334 3705 2371 causa

2110 2412 2467 2465 rulnera?cui
2491 2410 2707 2479 suﬂ‘usio
2752 2410 3076 2465 oculorum?
3104 2410 3300 2464 Nonne
3338 2410 3423 2463 liis
3463 2413 3562 2477 qui
3594 2421 3705 2463 stu-

2109 2505 2229 2555 dent
2258 2503 2374 2555 vino
2414 2511 2460 2556 et
2479 2512 2666 2556 vacant
2702 2502 2959 2555 calicibus
2988 2502 3267 2570 epotandis
3286 2501 3377 2555 ‘3?’
3404 2500 3589 2555 Recte
3609 2501 3709 2556 bos

2115 2595 2260 2648 inter
2286 2610 2379 2648 eos
2417 2594 2511 2662 qui
2547 2603 2774 2664 tangunt
2798 2593 3341 2663 morticina,-posuit.
3385 2591 3495 2657 Qui
3573 2609 3707 2647 vero

2113 2703 2212 2756 per
2244 2686 2587 2739 evenientem
2620 2686 2814 2740 animae
2860 2686 3271 2757 negligentiam,
3304 2694 3361 2738 et
3396 2685 3471 2739 ob
3508 2697 3701 2754 stupo-

2114 2796 2226 2832 rem
2266 2778 2648 2848 defcctumque
2671 2778 2933 2831 virtutum
2966 2778 3311 2847 delinquunt,
3334 2778 3703 2846 quemadmoo

2114 2871 2245 2924 dum
2324 2869 2490 2923 David
2556 2884 2785 2939 surgens
2845 2870 3067 2922 meridie
3105 2869 3174 2922 de
3237 2877 3415 2935 strato
3452 2883 3589 2931 suo,
3650 2878 3703 2920 et

2113 2958 2399 3011 ambulans
2436 2957 2490 3009 in
2537 2956 2757 3021 solario,
2798 2965 2855 3011 et
2892 2956 3032 3010 Uria:
3070 2972 3295 3011 uxorem
3325 2957 3609 3011 lavantem
3646 2974 3702 3011 se

2116 3050 2324 3110 videns,
2362 3058 2610 3117 captusa
2642 3049 2871 3103 muliere
2932 3058 3036 3115 est,
3077 3064 3200 3118 qua:
3256 3050 3426 3104 nimis
3472 3050 3703 3119 pulchra

430 3135 603 3189 multa
632 3135 873 3205 quotidie
904 3138 1145 3208 pericula
1206 3140 1464 3196 sustinet.
1517 3142 1836 3199 Crocodilus
1888 3145 2006 3199 duri
2038 3175 2079 3231 ε
2115 3151 2249 3206 erat,
2279 3140 2717 3209 quiadulterium
2750 3140 2911 3194 simul
2947 3140 3432 3210 .homieidiumque
3468 3143 3703 3195 commi-

440 3226 601 3292 corii,
635 3235 690 3283 et
708 3228 1013 3285 malitiosus
1062 3240 1164 3298 est,
1206 3232 1429 3304 lutoque
1476 3235 1736 3305 pascitur.
1778 3237 2008 3307 Μυγάλη

430 3317 632 3373 animal
658 3328 744 3375 est
769 3322 1155 3391 compositum,
1186 3339 1295 3379 non
1344 3336 1560 3394 natura,
1590 3328 1687 3383 sed
1724 3330 1851 3383 vita:
1876 3343 2010 3383 con-

432 3409 639 3466 ditione
662 3412 728 3467 ad
756 3413 1113 3471 deridendum
1132 3420 1342 3487 aptum,
1370 3419 1419 3474 id
1446 3428 1551 3482 est,
1581 3420 1809 3476 utdolos
1827 3420 2007 3486 iaciat,

437 3511 493 3556 ct
525 3503 718 3573 rapiat,
743 3512 1104 3577 ventremque
1131 3508 1341 3578 repleat
1365 3502 1381 3563 ε’
1425 3520 1647 3581 propter
1672 3513 1818 3583 quod
1858 3528 2011 3568 conn-

434 3595 669 3663 positum
718 3611 919 3653 nomen
956 3601 1172 3669 accepit
1242 3614 1311 3657 ex
1375 3611 1605 3672 utroque
1641 3604 1885 3669 animali,
1946 3621 2010 3658 ex

432 3699 542 3753 quo
574 3685 693 3741 haec
723 3686 890 3742 habet
921 3688 1073 3745 vitia.
1102 3689 1434 3747 Chan‘ieleon
1482 3692 1538 3746 in
1582 3692 1726 3747 malo
1783 3694 2012 3747 misere—

433 3778 559 3843 scit,
587 3786 643 3832 et
663 3794 776 3848 pra:
803 3777 1121 3837 inﬁrmitate
1156 3790 1504 3838 mansuetum
1554 3799 1675 3839 esse
1716 3800 1776 3839 se
1834 3784 2007 3855 ﬁngit,

432 3884 555 3922 cum
592 3868 667 3923 sit
699 3867 1123 3926 immansuetum
1151 3873 1372 3929 animal.
1392 3873 1601 3940 Stellio,
1634 3873 1685 3930 id
1704 3884 1807 3939 est,
1835 3876 2010 3929 ἀσκα-

432 3955 702 4028 λαϐώτης,
729 3957 893 4013 nimis
929 3960 1150 4029 quidem
1201 3962 1482 4031 parvulus,
1524 3963 1612 4017 vel
1648 3964 2010 4028 miserrimus,

434 4066 744 4108 venenosus
797 4061 978 4109 tamen
1006 4063 1109 4109 est.
1153 4053 1375 4108 Lacerta
1408 4052 1463 4107 in
1490 4054 1757 4122 sepulcris
1780 4054 2007 4109 habitat.

435 4141 603 4213 Talpa
638 4159 844 4200 meum
876 4154 961 4200 est
989 4145 1192 4200 animal
1223 4145 1368 4214 quod
1397 4145 1466 4201 de
1495 4155 1638 4200 terra
1663 4155 1958 4216 generatur
1994 4165 2004 4200 :

435 4233 627 4287 dicunt
662 4234 807 4290 enim
843 4249 963 4289 eam
1008 4234 1076 4289 de
1109 4244 1249 4288 terra
1296 4234 1456 4288 simul
1501 4242 1557 4286 et
1589 4232 1769 4302 pluvia
1838 4234 2011 4288 creari

434 4332 692 4393 corrupto
742 4324 877 4389 luto,
924 4339 1049 4378 cum
1098 4324 1252 4393 prius
1314 4324 1553 4392 pluviam
1602 4323 1854 4393 suscipit.
1885 4323 2013 4379 Hu‘c

433 4431 565 4485 ergo
596 4415 875 4470 immunda
909 4425 1036 4470 sunt
1064 4415 1131 4469 de
1169 4413 1425 4467 omnibus
1474 4430 1597 4482 quae
1631 4425 1828 4483 repunt
1849 4432 2012 4485 super

2114 3233 2205 3295 sit,
2241 3233 2295 3286 in
2330 3232 2429 3287 hos
2457 3233 2653 3287 cadere
2682 3232 2970 3286 morticina
3010 3232 3289 3287 dicuntur.
3328 3230 3524 3302 Neque
3556 3234 3705 3287 enim

2115 3325 2214 3396 ipsi
2257 3326 2325 3379 ad
2354 3334 2637 3395 peccatum
2664 3324 3085 3390 festinaverunt,
3114 3325 3211 3379 sed
3260 3324 3597 3380 inciderunt
3650 3326 3705 3379 in

2114 3416 2216 3481 eis,
2245 3424 2301 3469 et
2329 3405 2730 3486 quodammodo
2802 3428 2970 3483 super
3030 3429 3089 3468 se
3145 3414 3351 3468 cadens
3407 3426 3705 3484 peccatum

2114 3506 2440 3577 suscipiunt.
2467 3505 2603 3575 Quia
2635 3514 2816 3559 autem
2852 3505 3079 3560 omnino
3098 3514 3487 3575 susceperunt,
3517 3516 3699 3562 etnon

2114 3600 2453 3663 restiterunt,
2483 3607 2770 3668 prepterea
2802 3607 2950 3653 recte
2984 3597 3253 3653 immundi
3279 3609 3434 3661 sunt,
3476 3610 3587 3654 tam
3609 3617 3700 3655 vas

2116 3692 2364 3761 ligneum
2405 3701 2460 3744 ct
2494 3690 2903 3753 vestimentum,
2947 3706 3110 3759 quam
3136 3690 3295 3760 pellis
3327 3702 3380 3745 et
3412 3692 3692 3747 cilicium:

2115 3781 2166 3834 id
2202 3789 2305 3843 est,
2333 3779 2447 3833 sive
2473 3794 2625 3832 oram
2685 3779 2864 3832 levem
2904 3780 3195 3848 quamdam
3257 3787 3312 3833 et
3354 3781 3692 3835 mediocrem

2115 3870 2332 3934 habeat,
2365 3867 2488 3921 talia
2518 3875 2651 3921 sunt
2680 3866 2826 3921 enim
2855 3882 2981 3921 vasa
3005 3866 3203 3936 lignea,
3239 3877 3332 3920 aut
3364 3869 3437 3922 ad
3483 3870 3698 3939 tingen-

2113 3961 2240 4014 dum
2306 3956 2687 4020 suﬁicientem,
2757 3957 2901 4010 sicut
2941 3965 3027 4011 est
3086 3955 3510 4023 vestimentum,
3584 3960 3695 4011 sive

2113 4049 2408 4120 patientem
2427 4088 2440 4111 ,
2466 4063 2629 4117 quam
2665 4046 2822 4116 pellis
2850 4046 3145 4117 signiﬁcat,
3164 4046 3280 4101 sive
3302 4063 3425 4102 eam
3467 4064 3595 4118 qua:
3618 4058 3694 4103 est

2113 4139 2455 4212 patientium,
2496 4139 2635 4193 hanc
2667 4138 2814 4193 enim
2843 4136 3103 4202 cilicium,
3133 4138 3684 4208 sivesaccussigniﬁ-

2113 4242 2221 4287 cat.
2259 4229 2496 4287 Omnino
2522 4237 2706 4283 autem
2737 4245 2831 4285 vas
2865 4238 2971 4295 est,
3013 4231 3068 4284 in
3099 4244 3210 4301 quo
3239 4246 3379 4300 opus
3402 4232 3582 4300 possit
3612 4233 3690 4301 agi

2128 4322 2373 4387 virtutis;
2416 4322 2493 4375 sic
2527 4320 2671 4375 enim
2692 4320 2949 4391 intelligis
2996 4321 3050 4374 in
3084 4336 3414 4391 quocunque
3441 4322 3502 4377 ﬁt
3533 4339 3685 4392 opus.

2186 4412 2399 4467 Polluta
2425 4420 2575 4464 erunt
2606 4428 2765 4480 usque
2803 4413 2876 4467 ad
2905 4428 3193 4479 vesperam.
3244 4411 3299 4468 ld
3357 4428 3465 4480 est,
3528 4433 3691 4485 usque

436 4516 661 4572 terram,
683 4520 795 4561 non
818 4505 945 4575 quia
984 4506 1086 4560 alia
1133 4520 1242 4558 non
1278 4514 1425 4559 sunt.
1460 4505 1692 4574 Propter
1727 4508 1869 4575 quod
1899 4509 2013 4576 pol-
2044 4502 2088 4561 ι)
2119 4510 2332 4571 tempus
2351 4500 2705 4570 pmnitentiaz.
2754 4500 3018 4572 Tingetur
3091 4512 3275 4558 autem
3302 4518 3447 4572 aqua
3470 4506 3687 4566 lavacri,

435 4598 700 4654 lutionem
731 4598 990 4668 majorem
1024 4598 1248 4663 habent,
1298 4597 1414 4651 sive
1445 4596 1727 4651 malitiam.

505 4688 687 4744 Omnis
727 4690 819 4761 qui
876 4690 1104 4761 tetigerit
1144 4690 1425 4743 morticina
1467 4704 1667 4754 eorum,
1709 4689 2012 4744 immundus

436 4783 535 4836 erit
565 4798 727 4853 usque
748 4784 819 4837 ad
840 4798 1128 4851 vesperam.
1174 4782 1320 4837 Bene
1358 4798 1489 4853 ergo
1526 4782 1719 4851 probat
1750 4782 2012 4837 intentio-

438 4888 563 4927 nem
594 4872 921 4944 legislatoris
973 4874 1089 4943 ipsa
1126 4874 1321 4928 littera.
1393 4872 1447 4926 Si
1517 4871 1663 4925 enim
1729 4872 2009 4926 immunda

438 4971 634 5015 natura
661 4971 845 5015 essent
896 4977 959 5015 ea
1008 4977 1129 5030 qua:
1162 4978 1306 5014 nunc
1338 4960 1481 5015 dicta
1540 4970 1670 5015 sunt
1730 4961 2009 5024 animiin,

438 5057 714 5118 oporteret
742 5049 1083 5105 immundum
1113 5062 1233 5102 esse
1271 5057 1327 5102 et
1369 5049 1463 5116 qui
1506 5063 1568 5102 ea
1612 5050 1847 5102 viventia
1896 5059 2012 5101 tan-

437 5150 625 5211 geret.
666 5155 814 5194 nunc
861 5146 1044 5195 autem
1071 5136 1160 5206 qui
1203 5137 1440 5206 tetigerit
1508 5137 1793 5190 morticina
1825 5152 2013 5192 eorum

439 5230 558 5299 ipse
593 5229 741 5283 solus
768 5228 1084 5283 immundus
1100 5236 1204 5281 est.
1251 5225 1542 5280 Morticina
1574 5235 1758 5279 autem
1799 5240 2012 5288 eorum,

441 5329 571 5376 sunt
637 5321 906 5391 prardietae
966 5320 1234 5385 actiones,
1289 5317 1344 5371 id
1407 5328 1491 5373 est
1547 5318 1725 5382 dolus,
1783 5318 2010 5387 furtum,

445 5411 760 5481 duplicitas,
789 5412 905 5467 sive
952 5411 1149 5473 ironia,
1215 5420 1271 5464 et
1336 5411 1480 5464 circa
1529 5410 1633 5464 alia
1698 5413 2008 5481 occupatio,

446 5514 658 5555 necnon
703 5499 848 5556 circa
889 5508 1103 5555 terrena
1156 5500 1434 5555 festinatio
1480 5517 1492 5552 :
1552 5514 1616 5553 ex
1652 5516 1756 5568 qua
1813 5503 2015 5557 mentis

504 5701 550 5730 ’⁵³
616 5707 852 5777 Philipp.
911 5728 1010 5775 III,
1069 5714 1152 5767 l9.

453 5789 590 5846 tvm,
626 5780 714 5837 18.

1286 5711 1385 5765 “l
1441 5713 1566 5767 Cor.
1625 5728 1744 5775 vn,
1804 5710 1853 5765 l.

1982 5711 2023 5741 ⁸⁷
2076 5708 2215 5764 Psal.
2282 5725 2454 5774 XXIX,
2512 5708 2564 5761 6.

2118 4594 2201 4647 vel
2238 4594 2615 4662 lacrymarum,
2656 4600 2711 4646 et
2761 4593 3135 4648 mundabitur.
3169 4592 3277 4648 Vas
3303 4605 3493 4649 autem
3510 4596 3684 4661 ﬁctile,

2113 4686 2205 4757 qui
2243 4693 2385 4740 totus
2422 4694 2670 4738 terrenus
2693 4693 2795 4747 est,
2838 4684 2893 4738 id
2921 4692 3022 4749 est,
3059 4685 3172 4740 luto
3203 4687 3389 4742 sasculi
3428 4703 3685 4757 consper-

2115 4791 2230 4831 sus.
2293 4774 2351 4828 ln
2393 4774 2497 4829 hoc
2541 4774 2589 4828 si
2665 4772 2921 4828 inciderit
2984 4776 3355 4840 morticinum,
3409 4789 3682 4847 peccatum

2114 4866 2258 4939 quod
2281 4867 2347 4921 ad
2379 4877 2607 4921 mortem
2668 4873 2771 4929 est,
2831 4866 3173 4937 interiusque
3239 4884 3364 4924 eum
3416 4879 3683 4940 penetret,

2118 4958 2536 5028 domineturque
2571 4957 2641 5021 ei,
2674 4956 2818 5011 sicut
2880 4958 3051 5014 David
3082 4959 3298 5015 dicebat
3329 4981 3343 5016 :
3411 4960 3480 5015 Et
3522 4963 3687 5015 induit

2117 5067 2171 5103 se
2203 5048 2620 5102 maledictionem
2651 5047 2785 5101 sicut
2812 5051 3199 5119 vestimentum,
3233 5062 3282 5105 et
3306 5054 3526 5107 intravit
3560 5055 3690 5107 sicut

2120 5157 2260 5210 aqua
2296 5142 2351 5192 in
2377 5141 2637 5194 interiora
2677 5141 2791 5210 ejus
2814 5141 2880 5209 ‘9,
2938 5142 3029 5211 qui
3088 5159 3200 5197 non
3259 5142 3433 5198 solum
3490 5146 3691 5216 ingredi

2120 5232 2581 5295 maledictionem,
2612 5233 2706 5287 sed
2735 5242 2791 5287 et
2842 5234 3112 5289 dominari
3159 5236 3213 5289 in
3249 5251 3332 5304 eo,
3372 5237 3426 5291 in
3451 5254 3565 5307 quo
3616 5241 3689 5292 in-

2120 5340 2303 5396 gressa
2332 5333 2434 5389 est,
2474 5324 2643 5379 dicit:
2680 5326 2988 5379 necessarie
3015 5325 3149 5380 illud
3174 5330 3384 5381 conteri
3410 5332 3686 5400 praecepit.

2121 5415 2309 5483 Neque
2328 5412 2472 5469 enim
2507 5413 2626 5483 ejus
2649 5411 2994 5466 immunditia
3040 5412 3186 5467 sicut
3235 5413 3494 5477 aliorum,
3542 5414 3686 5469 facile

2122 5501 2339 5572 purgari
2366 5509 2566 5569 potest,
2586 5499 2772 5555 labore
2800 5499 3003 5568 quippe
3034 5501 3228 5563 multo,
3260 5509 3315 5555 et
3339 5501 3679 5563 contritione,

2703 5702 2749 5733 "
2777 5702 2937 5758 Prov.
2990 5718 3162 5771 xsnt.
3234 5704 3324 5759 29.
3487 5702 3679 5759 "Psal.
