3886 6306
222 306 356 369 917

1384 306 1467 366 IN
1499 304 1937 365 LEVITICUM.
1976 327 2044 339 -
2078 303 2224 364 LIB.
2258 304 2374 363 III.

3426 309 3523 372 928

220 431 296 475 et
340 418 751 489 quodammodo
807 418 1193 472 reformatione
1231 418 1478 472 contrita:
1512 423 1677 486 atque
1730 416 1826 469 hue
1868 419 1910 471 Α
1941 410 2459 479 Contemplationem
2516 411 2777 482 spirituS,
2819 414 2963 483 (ιιιοά
3013 418 3430 486 cognoscimus,
3486 420 3529 472 si

219 512 475 566 miliatm
528 511 729 565 mentis
769 520 909 579 eget,
935 511 1076 565 sicut
1135 510 1211 564 ait
1252 510 1437 572 David,
1499 511 1543 563 si
1585 508 1837 562 mundari

224 603 391 657 vult.
436 601 593 656 Unde
624 611 679 655 et
716 602 911 656 beatus
942 600 1143 655 Paulus
1170 602 1217 633 ⁵⁸
1257 616 1381 654 eum
1407 600 1501 669 qui
1530 615 1654 654 cum
1672 614 1840 653 uxore

232 692 425 762 patris
456 692 757 746 fornicatus
780 701 880 754 est,
903 692 954 744 in
980 700 1187 745 tantum
1214 691 1489 749 contrivit.
1515 699 1575 743 ut
1622 691 1839 744 Satanae

238 800 384 837 eum
426 782 661 836 traderet
694 782 747 836 in
780 782 1004 836 interitu
1050 783 1252 843 carnis,
1300 791 1597 856 quatenus.
1631 782 1684 835 in
1745 781 1837 835 tali
1874 782 1877 785 ’

234 872 589 927 contritione
622 873 857 925 salvaret
885 873 1164 941 spiritum.

322 961 492 1015 Vens.
536 961 625 1015 ⁸54.
660 980 678 1012 ι
717 960 906 1017 Omnis
930 963 1085 1018 cibus
1111 978 1272 1032 quem
1303 963 1613 1027 comeditis,
1651 964 1695 1017 si
1719 963 1838 1018 fusa

241 1054 426 1109 fuerit
453 1069 619 1123 super
641 1069 765 1108 eum
798 1070 959 1123 aqua,
990 1054 1302 1109 immundus
1322 1056 1429 1109 erit
1454 1074 1467 1110 :
1500 1065 1556 1110 et
1586 1070 1747 1110 omne
1774 1056 1836 1109 li-

238 1163 432 1216 quens
443 1148 587 1217 quod
606 1148 806 1202 bibitur
820 1149 887 1202 de
901 1148 1155 1203 universo
1169 1149 1660 1211 vase,imtnundum
1677 1149 1797 1203 erit.
1814 1168 1832 1200 ι

326 1238 522 1292 Cibum
551 1253 672 1292 esse
700 1247 753 1291 et
780 1249 966 1306 potum
1001 1239 1055 1291 in
1124 1239 1269 1292 omni
1305 1254 1433 1293 vase
1472 1239 1642 1293 bonas
1670 1240 1839 1294 aetio-

250 1343 365 1382 nes
394 1327 763 1396 intelligimus.
793 1327 1088 1396 Pr0pterea
1116 1329 1263 1382 enim
1302 1329 1464 1382 dixit:
1487 1330 1653 1383 Cibus
1673 1346 1834 1398 quem

252 1419 572 1481 comeditis,
603 1419 887 1487 etliquens
911 1420 1055 1488 quod
1090 1420 1317 1481 bibitur,
1386 1421 1510 1489 quia
1569 1420 1836 1475 malarum

250 1512 536 1565 actionum
566 1522 620 1565 et
642 1512 794 1566 cibus
811 1521 864 1565 et
894 1521 1054 1582 potus
1085 1511 1420 1581 prohibetur,
1448 1514 1497 1567 id
1525 1521 1629 1579 est,
1649 1529 1839 1569 eorum

250 1601 703 1655 communicatio.
727 1601 784 1655 Si
815 1616 943 1671 ergo
964 1600 1014 1653 in
1034 1601 1209 1669 aliqua
1241 1602 1506 1654 bonarum
1539 1603 1834 1670 actionum,

242 1708 375 1760 quae
407 1692 460 1744 in
495 1692 643 1744 omni
668 1706 794 1745 vase
822 1698 969 1753 sunt,
1005 1692 1055 1743 id
1087 1701 1188 1754 est,
1220 1692 1273 1745 in
1296 1694 1447 1746 onmi
1478 1693 1698 1747 homine
1724 1695 1838 1749 sive

1948 503 2240 557 verborum
2319 503 2825 573 interpretationem
2903 507 3205 561 secundum
3271 509 3529 564 virtutem

1946 608 2100 646 suam
2128 594 2353 648 scrutati
2377 593 2667 649 fuerimus.
2700 595 2841 662 Quid
2868 597 3015 652 enim
3041 598 3241 653 clibani
3269 600 3354 655 vel
3390 600 3531 657 forte

1949 681 2317 751 cbytropodes
2370 692 2663 747 norentur,
2722 684 3013 739 morticine
3067 684 3120 739 in
3161 686 3243 741 eis
3302 689 3530 742 cadente

1946 773 2136 827 mure?
2176 773 2232 827 Si
2271 783 2454 828 autem
2488 775 2689 830 clibani
2750 785 2804 831 et
2842 778 3207 848 chytropodes
3236 787 3526 845 uocentur,

1946 866 2217 935 quomodo
2256 883 2366 921 non
2397 868 2569 938 magis
2618 884 2881 938 aquarum
2909 871 3282 937 collectiones,
3319 872 3372 926 in
3404 873 3529 940 qui-

1947 957 2049 1011 bus
2081 957 2353 1027 contingit
2383 959 2638 1012 animalia
2675 960 2789 1013 haec
2844 960 3144 1015 incidentia
3186 956 3529 1032 computres-

1945 1049 2108 1101 cere?
2138 1047 2245 1102 Sed
2276 1048 2403 1117 quid
2433 1059 2592 1117 putas
2623 1049 2817 1103 chani
2864 1051 2947 1105 vel
2970 1052 3333 1121 chytropodes
3357 1052 3527 1121 signi-

1946 1134 2145 1191 ﬁcant?
2192 1136 2476 1206 Magistros
2519 1137 2793 1203 videlicet,
2844 1139 2898 1191 in
2950 1140 3149 1208 quibus
3198 1139 3303 1194 cibi
3359 1154 3526 1193 saeue

1946 1226 2207 1282 doctrinae
2234 1238 2565 1297 coquuntur,
2598 1230 2934 1299 Operationis
2966 1231 3199 1301 Spiritus
3239 1233 3363 1303 igne
3397 1248 3528 1302 sup-

1938 1320 2141 1388 posito.
2171 1320 2290 1374 Non
2324 1329 2409 1375 est
2461 1330 2643 1376 autem
2701 1322 2924 1385 mirum,
2981 1325 3223 1380 elibanos
3275 1342 3369 1381 eos
3428 1343 3525 1396 per

1948 1413 2319 1479 metaphoram
2367 1420 2421 1464 et
2447 1412 2810 1482 chytropodas
2834 1415 3117 1483 appellari,
3144 1418 3267 1485 quia
3293 1418 3346 1471 in
3383 1420 3524 1473 mul-

1949 1502 2019 1555 tis
2056 1502 2262 1556 scimus
2298 1503 2533 1557 divinam
2567 1505 2907 1575 Scripturam
2933 1506 3130 1562 talibus
3167 1524 3319 1563 usam
3349 1514 3525 1565 nomio

1947 1595 2129 1649 nibus.
2176 1595 2308 1649 Nam
2361 1597 2525 1651 David
2578 1595 2755 1661 Moab,
2801 1597 2855 1652 id
2903 1608 2987 1655 est
3028 1609 3237 1669 gentes,
3293 1602 3526 1658 lebetem

1947 1688 2262 1757 appellavit,
2300 1689 2376 1744 ait
2402 1690 2584 1743 enim:
2617 1692 2772 1745 Moab
2806 1691 2914 1745 olla
2960 1694 3070 1761 spei
3101 1696 3288 1747 mete"
3311 1736 3324 1758 ,
3358 1711 3524 1766 proc-

248 1785 522 1855 prineipe,
554 1784 669 1839 sive
701 1785 934 1854 plebeio,
972 1785 1087 1837 sive
1109 1785 1374 1853 sapiente,
1402 1786 1515 1841 sive
1556 1786 1822 1856 imperito,
1869 1771 1913 1827 Β
1947 1788 2027 1834 ter
2058 1780 2400 1849 baptismatis
2422 1797 2609 1851 aquas,
2645 1798 2766 1852 quae
2801 1784 2855 1836 in
2910 1785 2991 1839 eis
3022 1785 3296 1839 calcfiunt.
3334 1787 3440 1842 Sed
3471 1798 3526 1843 et

248 1893 419 1931 unitum
447 1877 729 1946 quodlibet
755 1891 944 1931 eorum
974 1892 1094 1945 quae
1156 1877 1300 1930 dicta
1362 1888 1511 1943 sunt,
1573 1878 1829 1933 inciderit

248 1967 686 2033 tuorticinorum,
738 1968 1046 2022 necessario
1073 1967 1388 2023 immundus
1412 1970 1538 2023 erit.
1565 1970 1694 2025 Nam
1725 1974 1825 2026 etsi

244 2075 361 2112 non
421 2060 488 2113 ab
527 2059 684 2113 initio
735 2059 873 2112 mala
933 2059 1166 2127 quadam
1218 2061 1521 2116 intentione
1555 2063 1826 2117 actionem

248 2152 448 2205 bonam
476 2150 724 2220 coeperit,
744 2150 884 2205 sicut
913 2150 966 2203 hi
997 2150 1208 2204 faciunt
1247 2152 1361 2221 qui,
1408 2162 1632 2222 propter
1659 2171 1826 2224 nego-

248 2242 533 2295 tiationem
592 2243 675 2295 vel
736 2242 971 2304 lucrum,
1028 2243 1289 2312 pietatem
1356 2245 1585 2314 lingunt,
1643 2258 1826 2314 postea

251 2340 438 2386 autem
465 2331 717 2387 inciderit
763 2332 962 2388 actioni
1005 2333 1124 2401 ejus
1193 2333 1469 2403 superbia.
1533 2335 1689 2389 dolus
1734 2345 1828 2391 aut

256 2422 582 2491 hypocrisis,
620 2422 702 2476 vel
726 2424 902 2476 simile
952 2422 1254 2492 quidpiam,
1280 2424 1423 2492 quod
1458 2424 1825 2492 morticinum,

252 2523 446 2581 utpote
494 2523 720 2567 mortem
751 2513 1150 2583 quodammodo
1199 2514 1539 2584 participanti
1568 2516 1826 2583 inferens,

251 2604 473 2670 dicitur,
539 2605 641 2659 erit
693 2615 750 2659 et
808 2606 896 2661 hic
942 2604 1275 2671 immundus,
1335 2606 1530 2661 bonam
1560 2608 1828 2677 siquidem

253 2695 523 2749 actionem
549 2697 687 2750 mala
719 2697 1139 2766 subingrcdiens
1179 2697 1412 2751 intentio
1440 2699 1652 2767 polluit.
1689 2697 1829 2765 Quid

250 2794 432 2839 autem
468 2785 677 2839 addidit
705 2785 830 2855 legi,
871 2800 990 2854 quae
1021 2794 1104 2839 est
1128 2785 1195 2839 de
1222 2784 1387 2839 cibo?

326 2879 383 2934 Si
432 2881 552 2950 fusa
611 2880 768 2949 fuerit
798 2895 957 2948 super
1001 2895 1119 2932 eum
1172 2895 1334 2949 aqua.
1365 2877 1637 2938 Ostendit.
1702 2880 1828 2948 quia

260 2984 370 3033 eas,
404 2984 525 3039 qum
557 2978 686 3024 sunt
716 2979 841 3039 post
870 2969 1158 3038 baptisma,
1190 2970 1434 3024 actiones
1468 2971 1736 3039 quaesivit,
1777 2979 1832 3024 et

256 3077 434 3117 sermo
470 3062 518 3116 ei
572 3063 640 3116 de
689 3061 833 3115 fideli
872 3070 926 3115 et
984 3062 1257 3131 baptiZato
1309 3071 1436 3123 est,
1496 3063 1564 3116 de
1628 3062 1830 3117 infideli

256 3168 437 3211 autem
475 3157 748 3210 actionem
792 3156 940 3210 illam
968 3156 1304 3209 mentionem
1348 3154 1501 3209 facit.
1520 3156 1674 3220 Quod
1711 3171 1835 3225 pro-

254 3248 348 3303 bat
368 3248 560 3303 beatus
600 3248 800 3302 Paulus
827 3247 1049 3301 dicens:
1086 3245 1282 3315 Scripsi
1313 3245 1456 3299 vobis
1486 3246 1542 3298 in
1571 3242 1835 3314 Epistola,

259 3355 361 3392 non
409 3340 732 3393 commisceri
777 3340 1106 3409 fornicariis,
1168 3355 1270 3391 non
1314 3340 1491 3407 utique
1538 3337 1837 3406 fornicariis

260 3432 416 3500 hujus
452 3432 657 3495 mundi,
689 3441 782 3484 aut
825 3433 1027 3486 avaris.
1077 3439 1173 3483 aut
1216 3429 1516 3497 rapacibus,
1555 3437 1649 3481 aut
1684 3427 1837 3481 idolis

258 3524 618 3590 servientibus,
650 3524 851 3589 alioqui
878 3522 1171 3576 debueratis
1204 3522 1267 3575 de
1302 3525 1397 3574 hoc
1428 3521 1621 3574 mundo
1650 3521 1835 3574 exisse.

261 3612 414 3667 Nunc
435 3623 611 3667 autem
650 3614 835 3683 scripsi
876 3612 1035 3675 vobis,
1066 3612 1111 3665 si
1138 3612 1181 3665 is
1203 3611 1293 3681 qui
1315 3612 1483 3682 frater
1511 3610 1836 3672 nominatur,

262 3718 336 3760 est
356 3707 660 3776 fornicator,
689 3716 783 3758 aut
804 3706 1127 3768 immundus,
1168 3713 1263 3757 aut
1292 3719 1506 3767 avarus,
1559 3711 1650 3757 aut
1686 3702 1839 3757 idolis

250 3798 510 3857 serviens.
539 3807 631 3851 aut
650 3797 958 3877 maledicus,
991 3806 1081 3851 aut
1112 3795 1362 3860 ebriosus,
1394 3804 1691 3863 autrapax,
1721 3812 1838 3848 cum

262 3891 622 3959 hujuscemodi
658 3908 749 3944 nec
763 3891 931 3945 cibum
958 3907 1185 3944 sumere.
1211 3889 1349 3952 Quid
1372 3890 1509 3943 enim
1532 3889 1657 3942 mihi
1671 3888 1732 3941 de
1758 3890 1837 3940 his

263 3983 349 4050 qui
374 3983 502 4052 [oris
518 3992 659 4044 sunt,
676 3983 924 4052 judicare
944 3985 987 4015 ⁸³
1012 3982 1034 4035 ?
1056 3981 1113 4035 In
1142 3990 1352 4035 tantum
1392 3980 1575 4034 nullus
1593 3980 1639 4034 ei
1658 3995 1839 4034 sermo

264 4074 439 4126 estde
464 4072 701 4138 actione,
745 4073 863 4128 sive
895 4072 1313 4129 conversatione
1346 4085 1534 4125 eorum
1567 4069 1659 4139 qui
1706 4069 1838 4124 foris

266 4173 413 4218 sunt.
1746 4164 1756 4172 ’

334 4253 501 4308 Vens.
538 4254 627 4317 55,
658 4252 747 4308 56.
797 4273 816 4305 ι
845 4253 909 4308 Et
924 4254 1188 4325 quidquid
1206 4253 1275 4309 de
1316 4253 1622 4309 morticinis
1646 4254 1837 4309 istius-

270 4346 407 4401 modi
464 4345 724 4400 ceciderit
794 4359 961 4415 super
987 4346 1140 4411 illud,
1176 4345 1521 4400 immundum
1550 4348 1676 4400 erit.
1709 4345 1836 4401 Sive

1936 1871 2184 1925 Ezechiel
2202 1872 2431 1926 lebetem
2448 1872 2750 1928 Jerusalem
2771 1876 3026 1945 appellat,
3041 1876 3135 1930 sed
3165 1876 3384 1946 plenum
3401 1893 3524 1931 car-

1934 1961 2098 2015 nibus
2110 1962 2303 2027 ",sive
2323 1971 2380 2017 ut
2401 1963 2775 2035 Septuaginta,
2798 1981 2991 2020 veneno
3014 1983 3030 2019 :
3061 1967 3203 2021 viros
3222 1967 3274 2021 in
3296 1982 3359 2022 ea
3384 1970 3523 2023 male

1933 2056 2193 2110 docentes
2249 2065 2304 2111 et
2358 2058 2606 2113 viventes
2651 2058 2982 2130 significans.
3025 2060 3334 2117 Secundum
3379 2065 3521 2121 hanc

1932 2160 2060 2215 ergo
2082 2146 2363 2207 rationem,
2381 2148 2576 2202 clibani
2594 2158 2650 2203 et
2671 2148 3051 2220 chytropodes,
3069 2152 3265 2220 quibus
3283 2167 3522 2224 coquan-

1936 2249 2021 2292 tur
2047 2239 2173 2302 cibi,
2207 2240 2459 2295 videlicet
2488 2243 2667 2311 populi
2699 2243 2979 2308 doctrinae,
3012 2245 3117 2300 dici
3146 2257 3394 2315 possunt.
3426 2249 3521 2305 liis

1934 2344 2061 2398 ergo
2091 2329 2136 2382 si
2176 2330 2427 2385 inciderit
2453 2333 2818 2397 morticinum,
2859 2335 2912 2389 id
2934 2342 3038 2399 est,
3073 2335 3117 2390 si
3149 2339 3351 2406 peccati
3373 2353 3521 2393 mor-

1935 2421 2187 2475 tilicantis
2236 2423 2377 2476 actio
2403 2424 2810 2492 supervenerit,
2861 2426 3125 2481 immundi
3174 2427 3309 2483 fiunt
3337 2430 3518 2485 etde-

1934 2521 2220 2566 struuntur
2240 2530 2252 2566 :
2270 2513 2405 2577 Quia
2432 2517 2523 2585 qui
2545 2517 2726 2570 docent
2753 2533 2854 2570 non
2878 2518 3050 2588 furari
3070 2520 3339 2590 furantur,
3353 2530 3402 2575 et
3426 2524 3516 2592 qui

1932 2604 2220 2670 prwdicant
2276 2620 2377 2657 non
2441 2606 2690 2659 ntmchari
2755 2608 3080 2662 mter/tantur
3113 2609 3208 2675 “;
3265 2611 3515 2667 doctrina

1937 2692 2207 2760 siquidem
2257 2693 2399 2747 bona
2428 2703 2532 2759 est,
2582 2707 2693 2747 non
2731 2705 2815 2748 est
2865 2695 3168 2751 immunda.
3197 2696 3308 2751 Nec
3333 2696 3517 2753 divina

1937 2794 2159 2852 propter
2192 2784 2295 2838 hoc
2323 2785 2702 2839 abominamur
2735 2786 2974 2855 eloquia,
3003 2788 3148 2856 quod
3179 2804 3244 2841 ex
3278 2790 3360 2843 eis
3390 2790 3515 2860 qui-

1942 2875 2064 2928 dam
2095 2875 2279 2930 forsan
2330 2876 2595 2931 immundi
2643 2878 3033 2947 praedicatores
3061 2879 3240 2935 eﬂ‘ecti
3286 2892 3433 2947 sunt,
3461 2893 3518 2938 et

1938 2975 2227 3035 propterea
2272 2967 2472 3029 fontes,
2516 2967 2769 3023 videlicet
2816 2970 3092 3038 opulentis
3132 2972 3421 3028 doctrinae:
3461 2983 3517 3030 et

1940 3058 2208 3114 cisternas
2255 3060 2369 3115 sive
2426 3060 2596 3126 lacus,
2631 3060 2843 3131 linguas
2882 3063 3168 3132 loquentes
3197 3066 3513 3131 mediocria,

1940 3162 1997 3206 et
2032 3153 2333 3208 doctrinam
2365 3162 2665 3208 mutuatam
2703 3154 2988 3212 habentes.
3022 3157 3129 3213 Sed
3151 3169 3205 3213 et
3239 3160 3516 3216 collectio-

1942 3256 2041 3295 nes
2070 3257 2355 3312 aquarum,
2400 3258 2497 3297 eos
2522 3243 2616 3312 qui
2666 3244 2906 3314 undique
2956 3245 3266 3316 hujusmodi
3325 3251 3518 3309 verbo-

1942 3347 2063 3386 rum
2091 3332 2423 3388 affluentiam
2451 3345 2804 3405 congregant,
2834 3352 2956 3392 esse
2977 3340 3212 3395 mundas
3243 3341 3518 3412 legislator

1942 3423 2094 3478 dixit.
2125 3424 2230 3479 Sed
2265 3441 2426 3494 quam
2467 3428 2913 3497 consequentiam
2966 3430 3178 3495 habuit,
3205 3441 3267 3488 ut
3302 3434 3370 3495 de
3420 3435 3513 3489 cli-

1932 3516 2098 3571 banis
2124 3526 2179 3571 et
2202 3518 2549 3589 cbytropodis
2574 3520 2826 3589 loquens,
2867 3521 3232 3578 subinferret:

2013 3605 2260 3675 Exceptis
2305 3608 2536 3678 fontibus
2577 3604 2882 3680 aquarum?
2929 3609 3031 3666 Sed
3056 3612 3179 3681 quia
3228 3630 3325 3684 per
3372 3615 3516 3671 illam

1942 3696 2233 3767 magistros
2258 3697 2606 3769 significavit,
2621 3702 2931 3756 necessarie
2950 3702 3128 3758 fontes
3152 3715 3208 3760 et
3226 3705 3515 3771 cisternas,

1940 3799 1997 3844 et
2024 3789 2371 3845 collectiones
2399 3805 2663 3860 aquarum
2696 3793 2956 3859 subdidit,
2978 3808 3119 3863 quae,
3153 3796 3297 3853 sicut
3332 3807 3518 3853 osten-

1944 3895 2063 3935 sum
2092 3890 2196 3948 est,
2223 3882 2278 3935 in
2308 3883 2556 3937 doctrina
2605 3883 2974 3953 accipiuntur.
3008 3886 3236 3956 Propter
3266 3890 3409 3957 quod
3448 3890 3516 3944 ad

1942 3970 2338 4024 Samaritanam
2394 3969 2657 4025 Dominus
2687 3972 2940 4027 dicebat:
2991 3973 3298 4045 Quicunque
3333 3976 3515 4030 biberit

1944 4061 2006 4113 de
2034 4078 2177 4131 aqua
2235 4078 2396 4132 quam
2433 4078 2525 4130 ego
2562 4063 2698 4116 dabo
2731 4064 2798 4128 ei,
2856 4080 2962 4119 non
2994 4066 3135 4119 sitiet
3167 4067 3379 4130 iterum,
3426 4069 3517 4123 sed

1941 4153 2030 4221 ﬁet
2064 4154 2120 4207 in
2147 4170 2207 4209 eo
2255 4155 2370 4225 fons
2401 4171 2554 4223 aqua:
2586 4155 2828 4211 salientis
2879 4157 2935 4210 in
2965 4159 3127 4212 vitam
3159 4170 3411 4214 (sternam
3428 4159 3473 4192 ⁵³
3502 4201 3513 4214 .

1944 4245 2089 4300 Bene
2127 4253 2311 4300 autem
2346 4245 2431 4301 lex
2466 4246 2737 4301 subdidit:

2011 4336 2112 4403 Qui
2130 4339 2402 4393 morticina
2420 4355 2597 4393 eorum
2614 4337 3268 4410 tetigeritupollucturﬂbi
3291 4338 3523 4410 Septua-

269 4437 485 4501 clibani,
522 4436 641 4491 sive
671 4437 1037 4506 chytropodes
1088 4437 1439 4493 destruentur
1466 4447 1524 4492 et
1572 4437 1835 4493 immundi
1873 4462 1915 4515 ι)
1944 4430 2091 4500 δίειμι
2149 4429 2350 4484 edunt:
2382 4429 2487 4496 Qui
2519 4431 3520 4500 "0701915907"omnemimmundilia'"

269 4533 447 4577 erunt.
489 4523 690 4579 Fontes
709 4541 863 4589 vero,
898 4534 954 4580 et
988 4526 1259 4588 cisternae,
1287 4535 1341 4581 et
1370 4529 1550 4581 omnis
1573 4542 1838 4597 aquarum

269 4616 635 4685 congregatio,
702 4617 908 4672 munda
962 4617 1085 4673 erit.
1140 4615 1244 4683 Qui
1304 4618 1595 4674 morticina
1648 4634 1839 4675 eorum

276 4710 525 4776 tetigerit,
552 4710 842 4779 polluetur.
870 4728 889 4761 ι

341 4800 608 4853 Exlranea
629 4800 1032 4870 quodannnodo
1058 4815 1180 4855 esse
1215 4816 1302 4865 ea,
1338 4802 1406 4856 de
1448 4803 1648 4872 quibus
1695 4819 1842 4858 nunc

274 4903 465 4949 tractat
490 4894 782 4965 lcgislator,
805 4903 1115 4962 apparent:
1164 4894 1322 4962 cujus
1348 4895 1492 4948 enim
1533 4896 1609 4949 rei
1668 4896 1839 4968 gratia

272 4986 513 5040 clibanos
552 4994 606 5040 et
635 4984 999 5055 chytropodas
1034 4985 1087 5036 in
1114 4991 1324 5037 tantum
1356 4983 1435 5039 ait
1460 5000 1593 5045 esse
1614 4986 1846 5040 immun-

277 5079 372 5129 dos
422 5086 481 5130 ut
534 5093 728 5139 eorum
774 5075 1192 5131 mundationem
1243 5074 1598 5145 praeiperet;
1669 5077 1847 5131 fontes

279 5177 405 5214 vero
434 5172 489 5216 et
517 5165 806 5229 cisternas,
833 5163 1075 5232 aliasque
1115 5163 1565 5233 congregationes
1584 5182 1843 5233 aquarum

279 5268 394 5305 esse
431 5254 663 5306 mundas
709 5253 965 5322 scripsit?
1015 5252 1097 5305 An
1143 5251 1327 5306 forsan
1377 5254 1501 5322 quia
1566 5255 1681 5309 hate
1734 5271 1845 5309 non

279 5338 453 5391 solent
487 5337 696 5405 pollui?
731 5338 786 5391 Si
810 5339 955 5392 enim
991 5355 1255 5408 aquarum
1294 5341 1645 5397 collectiones
1668 5344 1845 5412 pollu-

282 5430 454 5483 tiones
504 5436 718 5482 nostras
759 5430 991 5497 diluunt,
1045 5434 1323 5502 quomodo
1374 5433 1539 5501 pollui
1583 5437 1847 5503 possunt?

280 5518 511 5574 Omnino
561 5534 693 5589 ergo
748 5518 993 5574 invenies
1043 5524 1408 5578 coltzerentem
1464 5524 1599 5595 legis
1651 5527 1847 5581 litterae

1950 4523 2142 4576 animi:
2204 4523 2596 4576 morticinorum
2637 4524 2872 4593 ipsorum
2903 4565 2921 4591 ,
2953 4524 3253 4578 immundus
3298 4527 3418 4580 erit.
3457 4527 3522 4579 Et

1945 4614 2184 4667 animam
2230 4612 2579 4676 addiderunt,
2614 4629 2685 4668 ne
2713 4614 2854 4670 forte
2876 4615 3081 4685 putetis
3108 4615 3175 4671 de
3205 4617 3522 4688 repentibus

1949 4704 2298 4760 sensibilibus
2318 4713 2411 4760 aut
2439 4706 2768 4761 bestiis-dici
2810 4726 2823 4761 :
2858 4723 2983 4761 nam
3017 4723 3205 4763 eorum
3230 4710 3322 4778 qui
3353 4712 3517 4780 tangit

1952 4796 2257 4859 morticina,
2298 4811 2406 4850 non
2467 4798 2683 4857 animae,
2707 4799 2801 4851 sed
2832 4799 3078 4867 corporis
3120 4799 3519 4854 immunditiam

1953 4884 2144 4954 tangit.
2200 4884 2342 4953 Ergo
2393 4883 2461 4937 de
2502 4883 2815 4938 doctoribus
2846 4884 3255 4955 intelligendum
3298 4888 3521 4957 cst.qui
3590 4958 3595 4959 γ

1948 4979 2212 5035 inmundi
2264 4978 2388 5032 facti
2447 4991 2576 5033 sunt
2645 4977 2924 5036 immunda
2980 4980 3212 5051 quadam
3276 4992 3332 5035 et
3380 4983 3518 5036 mala

1948 5070 2182 5124 actione.
2244 5068 2449 5125 Horum
2507 5070 2652 5125 enini
2706 5070 2988 5142 doctrinis,
3049 5072 3267 5142 quando
3317 5073 3520 5133 fuerint

1949 5162 2247 5215 secundum
2288 5161 2460 5237 legem
2512 5161 2629 5224 Dei,
2672 5163 2983 5229 intendere,
3034 5163 3291 5234 operibus
3331 5180 3518 5220 eorum

1949 5260 2133 5305 autem
2161 5253 2309 5305 nullo
2343 5253 2503 5307 modo
2531 5254 2954 5321 communicare,
3000 5269 3104 5310 nec
3151 5264 3384 5311 tractare
3431 5273 3515 5315 ea.

1951 5344 2036 5398 vel
2085 5343 2308 5397 omnino
2372 5344 2685 5414 contingere
2741 5345 3039 5413 debemus,
3108 5346 3519 5402 reminiscentes

1954 5435 2244 5489 verborum
2274 5434 2389 5498 Dei,
2425 5451 2544 5503 quae
2573 5436 2639 5490 ad
2666 5437 3136 5495 continuationem
3166 5439 3515 5508 praesentium

1955 5529 2087 5583 dixit
2114 5532 2177 5583 ad
2205 5531 2485 5599 populum,
2519 5531 2630 5585 sive
2663 5530 2988 5599 discipulos:
3022 5530 3190 5599 Super
3211 5529 3517 5585 cathedram

333 5719 375 5750 ⁵⁰
417 5726 639 5791 ICor.v,
670 5725 786 5778 1-5.
850 5726 890 5756 ⁸¹
928 5728 1059 5783 ibid.
1095 5729 1249 5783 949..
1327 5732 1369 5762 ⁸¹
1407 5729 1673 5798 Psalux,
1704 5730 1787 5785 10.

1945 5725 2303 5792 Ezeeh.xr,7.
2380 5724 2796 5792 Ι⁵⁴ιιὶυιιι.ιι,2ι.
2874 5724 3408 5793 "Jean.tv,l5,l4.
